  <div class='ocr_page' id='page_1' title='image "/cluster/home/n/w/nwhite01/storage/ocr_20150623/140/mdp.39015022213980/665.png"; bbox 0 0 4064 6308; ppageno 0'>
   <div class='ocr_carea' id='block_1_1' title="bbox 633 210 769 270">
    <p class='ocr_par' dir='ltr' id='par_1_1' title="bbox 633 210 769 270">
     <span class='ocr_line' id='line_1_1' title="bbox 633 210 769 270; baseline -0.015 0"><span class='ocrx_word' id='word_1_1' title='bbox 633 210 769 270; x_wconf 72' lang='grc'><strong>4311</strong></span> 
     </span>
    </p>
   </div>
   <div class='ocr_carea' id='block_1_2' title="bbox 2245 212 3917 278">
    <p class='ocr_par' dir='ltr' id='par_1_2' title="bbox 2245 212 3917 278">
     <span class='ocr_line' id='line_1_2' title="bbox 2245 212 3917 278; baseline 0.005 -10"><span class='ocrx_word' id='word_1_2' title='bbox 2245 212 2601 270; x_wconf 81' lang='lat' dir='ltr'><strong>ADDENDA.</strong></span> <span class='ocrx_word' id='word_1_3' title='bbox 3828 224 3917 278; x_wconf 71' lang='lat'><strong>1312</strong></span> 
     </span>
    </p>
   </div>
   <div class='ocr_carea' id='block_1_3' title="bbox 633 333 3918 415">
    <p class='ocr_par' dir='ltr' id='par_1_3' title="bbox 633 333 3918 415">
     <span class='ocr_line' id='line_1_3' title="bbox 633 333 3918 415; baseline 0.002 -24"><span class='ocrx_word' id='word_1_4' title='bbox 633 357 752 400; x_wconf 93' lang='grc' dir='ltr'>σαις</span> <span class='ocrx_word' id='word_1_5' title='bbox 785 340 900 398; x_wconf 83' lang='grc' dir='ltr'>ταῖς</span> <span class='ocrx_word' id='word_1_6' title='bbox 941 333 1222 408; x_wconf 74' lang='grc' dir='ltr'><strong>συζυγίαις</strong></span> <span class='ocrx_word' id='word_1_7' title='bbox 1269 335 1382 389; x_wconf 80' lang='grc' dir='ltr'>ἐστὶ</span> <span class='ocrx_word' id='word_1_8' title='bbox 1419 339 1508 389; x_wconf 81' lang='grc' dir='ltr'><strong>καὶ</strong></span> <span class='ocrx_word' id='word_1_9' title='bbox 1557 342 1662 398; x_wconf 89' lang='grc' dir='ltr'>τοῖς</span> <span class='ocrx_word' id='word_1_10' title='bbox 1725 336 1776 400; x_wconf 78' lang='grc' dir='ltr'>ἐξ</span> <span class='ocrx_word' id='word_1_11' title='bbox 1841 335 2009 389; x_wconf 73' lang='grc' dir='ltr'>αὐτῶν</span> <span class='ocrx_word' id='word_1_12' title='bbox 2075 337 2280 410; x_wconf 87' lang='grc' dir='ltr'>κραθη-</span> <span class='ocrx_word' id='word_1_13' title='bbox 2314 338 2361 393; x_wconf 81' lang='grc' dir='ltr'><strong>Α</strong></span> <span class='ocrx_word' id='word_1_14' title='bbox 2394 356 2461 389; x_wconf 90' lang='grc' dir='ltr'><strong>τα</strong></span> <span class='ocrx_word' id='word_1_15' title='bbox 2490 333 2549 390; x_wconf 67' lang='grc' dir='ltr'>δὲ</span> <span class='ocrx_word' id='word_1_16' title='bbox 2573 338 2651 390; x_wconf 86' lang='grc' dir='ltr'>ὄτι</span> <span class='ocrx_word' id='word_1_17' title='bbox 2689 337 2784 389; x_wconf 79' lang='grc' dir='ltr'><strong>κᾶν</strong></span> <span class='ocrx_word' id='word_1_18' title='bbox 2813 337 2986 390; x_wconf 83' lang='grc' dir='ltr'>ἄνεσιν</span> <span class='ocrx_word' id='word_1_19' title='bbox 3027 337 3122 389; x_wconf 81' lang='grc' dir='ltr'>κᾶν</span> <span class='ocrx_word' id='word_1_20' title='bbox 3175 335 3410 392; x_wconf 78' lang='grc' dir='ltr'><strong>ἐπίτασιν</strong></span> <span class='ocrx_word' id='word_1_21' title='bbox 3450 341 3506 393; x_wconf 89' lang='grc' dir='ltr'>τὸ</span> <span class='ocrx_word' id='word_1_22' title='bbox 3549 360 3582 394; x_wconf 87' lang='grc' dir='ltr'><strong>α</strong></span> <span class='ocrx_word' id='word_1_23' title='bbox 3623 348 3702 402; x_wconf 84' lang='grc' dir='ltr'>τῆς</span> <span class='ocrx_word' id='word_1_24' title='bbox 3738 341 3766 415; x_wconf 86' lang='grc' dir='ltr'>β</span> <span class='ocrx_word' id='word_1_25' title='bbox 3808 346 3918 406; x_wconf 64' lang='grc' dir='ltr'>συζυ-</span> 
     </span>
    </p>
   </div>
   <div class='ocr_carea' id='block_1_4' title="bbox 634 424 2278 500">
    <p class='ocr_par' dir='ltr' id='par_1_4' title="bbox 634 424 2278 500">
     <span class='ocr_line' id='line_1_4' title="bbox 634 424 2278 500; baseline -0.001 -21"><span class='ocrx_word' id='word_1_26' title='bbox 634 429 868 499; x_wconf 85' lang='grc' dir='ltr'>σομένοις</span> <span class='ocrx_word' id='word_1_27' title='bbox 921 424 1153 498; x_wconf 76' lang='grc' dir='ltr'><strong>ἀτόμοις.</strong></span> <span class='ocrx_word' id='word_1_28' title='bbox 1229 425 1358 479; x_wconf 75' lang='grc' dir='ltr'>Οὖτε</span> <span class='ocrx_word' id='word_1_29' title='bbox 1418 433 1544 497; x_wconf 81' lang='grc' dir='ltr'>γοῦν</span> <span class='ocrx_word' id='word_1_30' title='bbox 1612 428 1822 500; x_wconf 72' lang='grc' dir='ltr'>εὑρήσει</span> <span class='ocrx_word' id='word_1_31' title='bbox 1887 426 2018 485; x_wconf 82' lang='grc' dir='ltr'>πλὴν</span> <span class='ocrx_word' id='word_1_32' title='bbox 2084 429 2278 479; x_wconf 81' lang='grc' dir='ltr'>τούτων</span> 
     </span>
    </p>
   </div>
   <div class='ocr_carea' id='block_1_5' title="bbox 630 515 2280 589">
    <p class='ocr_par' dir='ltr' id='par_1_5' title="bbox 630 515 2280 589">
     <span class='ocr_line' id='line_1_5' title="bbox 630 515 2280 589; baseline -0.001 -19"><span class='ocrx_word' id='word_1_33' title='bbox 630 537 710 579; x_wconf 90' lang='grc' dir='ltr'><strong>τις</strong></span> <span class='ocrx_word' id='word_1_34' title='bbox 741 516 784 569; x_wconf 80' lang='grc' dir='ltr'><strong>εἰ</strong></span> <span class='ocrx_word' id='word_1_35' title='bbox 813 520 884 588; x_wconf 83' lang='grc' dir='ltr'>μὴ</span> <span class='ocrx_word' id='word_1_36' title='bbox 919 515 1189 588; x_wconf 77' lang='grc' dir='ltr'><strong>σοφίζεται</strong></span> <span class='ocrx_word' id='word_1_37' title='bbox 1224 515 1236 570; x_wconf 74' lang='grc' dir='ltr'><strong>ι</strong></span> <span class='ocrx_word' id='word_1_38' title='bbox 1271 515 1386 568; x_wconf 76' lang='grc' dir='ltr'>οὒτε</span> <span class='ocrx_word' id='word_1_39' title='bbox 1441 520 1544 589; x_wconf 70' lang='grc' dir='ltr'>μὴν</span> <span class='ocrx_word' id='word_1_40' title='bbox 1602 516 1824 582; x_wconf 78' lang='grc' dir='ltr'>ἐλάσσω,</span> <span class='ocrx_word' id='word_1_41' title='bbox 1860 517 1902 570; x_wconf 87' lang='grc' dir='ltr'>εἰ</span> <span class='ocrx_word' id='word_1_42' title='bbox 1954 520 2024 589; x_wconf 83' lang='grc' dir='ltr'>μὴ</span> <span class='ocrx_word' id='word_1_43' title='bbox 2075 515 2280 570; x_wconf 87' lang='grc' dir='ltr'>κεκολο-</span> 
     </span>
    </p>
   </div>
   <div class='ocr_carea' id='block_1_6' title="bbox 633 602 2278 679">
    <p class='ocr_par' dir='ltr' id='par_1_6' title="bbox 633 602 2278 679">
     <span class='ocr_line' id='line_1_6' title="bbox 633 602 2278 679; baseline 0.001 -22"><span class='ocrx_word' id='word_1_44' title='bbox 633 606 862 679; x_wconf 78' lang='grc' dir='ltr'>ϐωμένην</span> <span class='ocrx_word' id='word_1_45' title='bbox 897 610 1144 662; x_wconf 86' lang='grc' dir='ltr'>κέκτηται</span> <span class='ocrx_word' id='word_1_46' title='bbox 1177 610 1270 664; x_wconf 77' lang='grc' dir='ltr'>τὴν</span> <span class='ocrx_word' id='word_1_47' title='bbox 1309 602 1563 677; x_wconf 82' lang='grc' dir='ltr'>διὰνοιαν,</span> <span class='ocrx_word' id='word_1_48' title='bbox 1606 613 1778 660; x_wconf 84' lang='grc' dir='ltr'>πᾶσαι</span> <span class='ocrx_word' id='word_1_49' title='bbox 1843 603 1903 660; x_wconf 82' lang='grc' dir='ltr'><strong>δέ</strong></span> <span class='ocrx_word' id='word_1_50' title='bbox 1969 606 2099 660; x_wconf 81' lang='grc' dir='ltr'>εἰσιν</span> <span class='ocrx_word' id='word_1_51' title='bbox 2179 603 2278 658; x_wconf 78' lang='grc' dir='ltr'><strong>αὖ·</strong></span> 
     </span>
    </p>
   </div>
   <div class='ocr_carea' id='block_1_7' title="bbox 632 693 2278 769">
    <p class='ocr_par' dir='ltr' id='par_1_7' title="bbox 632 693 2278 769">
     <span class='ocr_line' id='line_1_7' title="bbox 632 693 2278 769; baseline -0.001 -20"><span class='ocrx_word' id='word_1_52' title='bbox 632 716 740 764; x_wconf 88' lang='grc' dir='ltr'>ται,</span> <span class='ocrx_word' id='word_1_53' title='bbox 780 699 868 747; x_wconf 86' lang='grc' dir='ltr'>καὶ</span> <span class='ocrx_word' id='word_1_54' title='bbox 905 698 1189 769; x_wconf 82' lang='grc' dir='ltr'><strong>περαιτέρω</strong></span> <span class='ocrx_word' id='word_1_55' title='bbox 1247 693 1524 767; x_wconf 79' lang='grc' dir='ltr'>βεϐηκέναι</span> <span class='ocrx_word' id='word_1_56' title='bbox 1590 697 1648 749; x_wconf 70' lang='grc' dir='ltr'>οὐ</span> <span class='ocrx_word' id='word_1_57' title='bbox 1717 693 1960 752; x_wconf 77' lang='grc' dir='ltr'>δύναται.</span> <span class='ocrx_word' id='word_1_58' title='bbox 2026 696 2084 748; x_wconf 81' lang='grc' dir='ltr'>Ἣ</span> <span class='ocrx_word' id='word_1_59' title='bbox 2153 705 2278 768; x_wconf 74' lang='grc' dir='ltr'>γοῦν</span> 
     </span>
    </p>
   </div>
   <div class='ocr_carea' id='block_1_8' title="bbox 631 782 2276 858">
    <p class='ocr_par' dir='ltr' id='par_1_8' title="bbox 631 782 2276 858">
     <span class='ocr_line' id='line_1_8' title="bbox 631 782 2276 858; baseline 0 -20"><span class='ocrx_word' id='word_1_60' title='bbox 631 804 664 838; x_wconf 89' lang='grc' dir='ltr'><strong>α</strong></span> <span class='ocrx_word' id='word_1_61' title='bbox 704 782 740 856; x_wconf 83' lang='grc' dir='ltr'><strong><em>β</em></strong></span> <span class='ocrx_word' id='word_1_62' title='bbox 779 805 812 856; x_wconf 84' lang='grc' dir='ltr'><strong>γ</strong></span> <span class='ocrx_word' id='word_1_63' title='bbox 853 802 874 836; x_wconf 85' lang='grc' dir='ltr'><strong>ε</strong></span> <span class='ocrx_word' id='word_1_64' title='bbox 913 783 944 844; x_wconf 88' lang='grc' dir='ltr'><strong>ζ</strong></span> <span class='ocrx_word' id='word_1_65' title='bbox 983 803 1013 841; x_wconf 92' lang='grc' dir='ltr'><strong>η</strong></span> <span class='ocrx_word' id='word_1_66' title='bbox 1056 786 1083 836; x_wconf 89' lang='grc' dir='ltr'><strong>θ</strong></span> <span class='ocrx_word' id='word_1_67' title='bbox 1139 786 1410 858; x_wconf 86' lang='grc' dir='ltr'>κεράννυσι</span> <span class='ocrx_word' id='word_1_68' title='bbox 1463 788 1550 837; x_wconf 84' lang='grc' dir='ltr'>τὸν</span> <span class='ocrx_word' id='word_1_69' title='bbox 1607 784 1821 856; x_wconf 82' lang='grc' dir='ltr'>ἁπλοῦν,</span> <span class='ocrx_word' id='word_1_70' title='bbox 1881 783 2057 844; x_wconf 79' lang='grc' dir='ltr'>ἐπειδὴ</span> <span class='ocrx_word' id='word_1_71' title='bbox 2117 785 2276 844; x_wconf 75' lang='grc' dir='ltr'>ἁπλῆο</span> 
     </span>
    </p>
   </div>
   <div class='ocr_carea' id='block_1_9' title="bbox 630 867 2279 945">
    <p class='ocr_par' dir='ltr' id='par_1_9' title="bbox 630 867 2279 945">
     <span class='ocr_line' id='line_1_9' title="bbox 630 867 2279 945; baseline 0.002 -20"><span class='ocrx_word' id='word_1_72' title='bbox 630 871 796 930; x_wconf 82' lang='grc' dir='ltr'>ἁπλῆν</span> <span class='ocrx_word' id='word_1_73' title='bbox 837 867 896 924; x_wconf 71' lang='grc' dir='ltr'>δὲ</span> <span class='ocrx_word' id='word_1_74' title='bbox 932 876 1023 924; x_wconf 83' lang='grc' dir='ltr'><strong>καὶ</strong></span> <span class='ocrx_word' id='word_1_75' title='bbox 1061 871 1252 925; x_wconf 82' lang='grc' dir='ltr'>ἁπλοῦν</span> <span class='ocrx_word' id='word_1_76' title='bbox 1319 872 1555 926; x_wconf 83' lang='grc' dir='ltr'><strong>ἐνταυθοῖ</strong></span> <span class='ocrx_word' id='word_1_77' title='bbox 1613 874 1744 945; x_wconf 83' lang='grc' dir='ltr'>λέγω</span> <span class='ocrx_word' id='word_1_78' title='bbox 1808 878 1896 927; x_wconf 86' lang='grc' dir='ltr'>τὸν</span> <span class='ocrx_word' id='word_1_79' title='bbox 1963 873 2152 934; x_wconf 64' lang='grc' dir='ltr'>ἐντελῖν</span> <span class='ocrx_word' id='word_1_80' title='bbox 2225 877 2279 928; x_wconf 87' lang='grc' dir='ltr'>αἱ</span> 
     </span>
    </p>
   </div>
   <div class='ocr_carea' id='block_1_10' title="bbox 632 959 2278 1037">
    <p class='ocr_par' dir='ltr' id='par_1_10' title="bbox 632 959 2278 1037">
     <span class='ocr_line' id='line_1_10' title="bbox 632 959 2278 1037; baseline 0.001 -23"><span class='ocrx_word' id='word_1_81' title='bbox 632 959 683 1014; x_wconf 85' lang='grc' dir='ltr'>δ’</span> <span class='ocrx_word' id='word_1_82' title='bbox 722 959 894 1031; x_wconf 88' lang='grc' dir='ltr'>ἄλλαι,</span> <span class='ocrx_word' id='word_1_83' title='bbox 937 960 1129 1020; x_wconf 78' lang='grc' dir='ltr'><strong>ἑκάστη</strong></span> <span class='ocrx_word' id='word_1_84' title='bbox 1173 965 1302 1037; x_wconf 88' lang='grc' dir='ltr'>πρὸς</span> <span class='ocrx_word' id='word_1_85' title='bbox 1338 965 1396 1014; x_wconf 85' lang='grc' dir='ltr'>τὸ</span> <span class='ocrx_word' id='word_1_86' title='bbox 1436 960 1574 1016; x_wconf 84' lang='grc' dir='ltr'>ἴδιον</span> <span class='ocrx_word' id='word_1_87' title='bbox 1639 960 1858 1037; x_wconf 83' lang='grc' dir='ltr'>ἰδίωμα.</span> <span class='ocrx_word' id='word_1_88' title='bbox 1921 966 2117 1026; x_wconf 80' lang='grc' dir='ltr'><strong>Πάντες</strong></span> <span class='ocrx_word' id='word_1_89' title='bbox 2154 971 2278 1037; x_wconf 87' lang='grc' dir='ltr'>γοῦν</span> 
     </span>
    </p>
   </div>
   <div class='ocr_carea' id='block_1_11' title="bbox 631 1050 2278 1127">
    <p class='ocr_par' dir='ltr' id='par_1_11' title="bbox 631 1050 2278 1127">
     <span class='ocr_line' id='line_1_11' title="bbox 631 1050 2278 1127; baseline 0.001 -23"><span class='ocrx_word' id='word_1_90' title='bbox 631 1050 762 1104; x_wconf 83' lang='grc' dir='ltr'>εἰσιν</span> <span class='ocrx_word' id='word_1_91' title='bbox 801 1052 1083 1125; x_wconf 84' lang='grc' dir='ltr'>ἄνθρωποι,</span> <span class='ocrx_word' id='word_1_92' title='bbox 1134 1051 1462 1110; x_wconf 80' lang='grc' dir='ltr'>ἐννενήκοντα</span> <span class='ocrx_word' id='word_1_93' title='bbox 1523 1055 1654 1127; x_wconf 86' lang='grc' dir='ltr'>πρὸς</span> <span class='ocrx_word' id='word_1_94' title='bbox 1716 1061 1824 1115; x_wconf 88' lang='grc' dir='ltr'>τοῖς</span> <span class='ocrx_word' id='word_1_95' title='bbox 1897 1050 2048 1120; x_wconf 84' lang='grc' dir='ltr'>δυσὶ,</span> <span class='ocrx_word' id='word_1_96' title='bbox 2100 1057 2188 1106; x_wconf 83' lang='grc' dir='ltr'>καὶ</span> <span class='ocrx_word' id='word_1_97' title='bbox 2253 1055 2278 1106; x_wconf 97' lang='lat'><strong>6</strong></span> 
     </span>
    </p>
   </div>
   <div class='ocr_carea' id='block_1_12' title="bbox 631 1140 2278 1219">
    <p class='ocr_par' dir='ltr' id='par_1_12' title="bbox 631 1140 2278 1219">
     <span class='ocr_line' id='line_1_12' title="bbox 631 1140 2278 1219; baseline 0.001 -25"><span class='ocrx_word' id='word_1_98' title='bbox 631 1140 840 1212; x_wconf 75' lang='grc' dir='ltr'>ἁπλοῦς,</span> <span class='ocrx_word' id='word_1_99' title='bbox 894 1145 1057 1194; x_wconf 82' lang='grc' dir='ltr'>εῗτουν</span> <span class='ocrx_word' id='word_1_100' title='bbox 1139 1143 1165 1195; x_wconf 92' lang='lat'><strong>6</strong></span> <span class='ocrx_word' id='word_1_101' title='bbox 1232 1140 1447 1203; x_wconf 78' lang='grc' dir='ltr'>ἐντελὴς.</span> <span class='ocrx_word' id='word_1_102' title='bbox 1518 1147 1608 1196; x_wconf 79' lang='grc' dir='ltr'>καὶ</span> <span class='ocrx_word' id='word_1_103' title='bbox 1673 1145 1720 1196; x_wconf 85' lang='grc' dir='ltr'>οἱ</span> <span class='ocrx_word' id='word_1_104' title='bbox 1784 1152 1880 1205; x_wconf 83' lang='grc' dir='ltr'>τῆς</span> <span class='ocrx_word' id='word_1_105' title='bbox 1968 1143 2278 1219; x_wconf 77' lang='grc' dir='ltr'>ἀντιρῥόπου</span> 
     </span>
    </p>
   </div>
   <div class='ocr_carea' id='block_1_13' title="bbox 633 1227 2280 1307">
    <p class='ocr_par' dir='ltr' id='par_1_13' title="bbox 633 1227 2280 1307">
     <span class='ocr_line' id='line_1_13' title="bbox 633 1227 2280 1307; baseline 0.001 -23"><span class='ocrx_word' id='word_1_106' title='bbox 633 1230 780 1285; x_wconf 74' lang='grc' dir='ltr'>ἑπτά.</span> <span class='ocrx_word' id='word_1_107' title='bbox 820 1232 1006 1291; x_wconf 78' lang='grc' dir='ltr'>Πάντες</span> <span class='ocrx_word' id='word_1_108' title='bbox 1057 1227 1116 1283; x_wconf 84' lang='grc' dir='ltr'><strong>δέ</strong></span> <span class='ocrx_word' id='word_1_109' title='bbox 1167 1236 1227 1302; x_wconf 89' lang='grc' dir='ltr'><strong>γέ</strong></span> <span class='ocrx_word' id='word_1_110' title='bbox 1283 1236 1373 1285; x_wconf 89' lang='grc' dir='ltr'>καὶ</span> <span class='ocrx_word' id='word_1_111' title='bbox 1427 1233 1452 1284; x_wconf 92' lang='lat'><strong>6</strong></span> <span class='ocrx_word' id='word_1_112' title='bbox 1499 1231 1692 1295; x_wconf 83' lang='grc' dir='ltr'>ἁπλοῦς</span> <span class='ocrx_word' id='word_1_113' title='bbox 1746 1234 1971 1307; x_wconf 84' lang='grc' dir='ltr'>ἄπειροι,</span> <span class='ocrx_word' id='word_1_114' title='bbox 2028 1233 2086 1286; x_wconf 76' lang='grc' dir='ltr'>οὐ</span> <span class='ocrx_word' id='word_1_115' title='bbox 2145 1235 2280 1287; x_wconf 85' lang='grc' dir='ltr'><strong>κατά</strong></span> 
     </span>
    </p>
   </div>
   <div class='ocr_carea' id='block_1_14' title="bbox 629 1318 2280 1390">
    <p class='ocr_par' dir='ltr' id='par_1_14' title="bbox 629 1318 2280 1390">
     <span class='ocr_line' id='line_1_14' title="bbox 629 1318 2280 1390; baseline 0.002 -19"><span class='ocrx_word' id='word_1_116' title='bbox 629 1323 685 1372; x_wconf 84' lang='grc' dir='ltr'>τὸ</span> <span class='ocrx_word' id='word_1_117' title='bbox 747 1318 868 1372; x_wconf 86' lang='grc' dir='ltr'>ἄλλο</span> <span class='ocrx_word' id='word_1_118' title='bbox 906 1322 992 1371; x_wconf 78' lang='grc' dir='ltr'>καὶ</span> <span class='ocrx_word' id='word_1_119' title='bbox 1031 1319 1173 1390; x_wconf 84' lang='grc' dir='ltr'>ἄλλο,</span> <span class='ocrx_word' id='word_1_120' title='bbox 1215 1320 1343 1372; x_wconf 80' lang='grc' dir='ltr'>ἄλλα</span> <span class='ocrx_word' id='word_1_121' title='bbox 1399 1323 1532 1374; x_wconf 81' lang='grc' dir='ltr'>κατὰ</span> <span class='ocrx_word' id='word_1_122' title='bbox 1587 1325 1644 1374; x_wconf 82' lang='grc' dir='ltr'>τὸ</span> <span class='ocrx_word' id='word_1_123' title='bbox 1702 1321 1850 1382; x_wconf 83' lang='grc' dir='ltr'>ἄλλος</span> <span class='ocrx_word' id='word_1_124' title='bbox 1913 1341 1965 1374; x_wconf 83' lang='grc' dir='ltr'><strong>τε</strong></span> <span class='ocrx_word' id='word_1_125' title='bbox 2030 1327 2119 1375; x_wconf 84' lang='grc' dir='ltr'>καὶ</span> <span class='ocrx_word' id='word_1_126' title='bbox 2185 1321 2280 1374; x_wconf 78' lang='grc' dir='ltr'><strong>ἁλ-</strong></span> 
     </span>
    </p>
   </div>
   <div class='ocr_carea' id='block_1_15' title="bbox 630 1405 2280 1480">
    <p class='ocr_par' dir='ltr' id='par_1_15' title="bbox 630 1405 2280 1480">
     <span class='ocr_line' id='line_1_15' title="bbox 630 1405 2280 1480; baseline 0.001 -20"><span class='ocrx_word' id='word_1_127' title='bbox 630 1407 824 1468; x_wconf 91' lang='grc' dir='ltr'>λοσῖος·</span> <span class='ocrx_word' id='word_1_128' title='bbox 867 1411 926 1460; x_wconf 88' lang='grc' dir='ltr'>τὸ</span> <span class='ocrx_word' id='word_1_129' title='bbox 965 1407 1087 1460; x_wconf 83' lang='grc' dir='ltr'>ἄλλο</span> <span class='ocrx_word' id='word_1_130' title='bbox 1125 1409 1224 1480; x_wconf 88' lang='grc' dir='ltr'><strong>γὰρ</strong></span> <span class='ocrx_word' id='word_1_131' title='bbox 1269 1405 1423 1466; x_wconf 85' lang='grc' dir='ltr'>δηλοῖ</span> <span class='ocrx_word' id='word_1_132' title='bbox 1485 1413 1580 1468; x_wconf 82' lang='grc' dir='ltr'>τὴν</span> <span class='ocrx_word' id='word_1_133' title='bbox 1642 1409 1844 1476; x_wconf 75' lang='grc' dir='ltr'>οὐσίαν,</span> <span class='ocrx_word' id='word_1_134' title='bbox 1907 1413 1966 1462; x_wconf 89' lang='grc' dir='ltr'>τὸ</span> <span class='ocrx_word' id='word_1_135' title='bbox 2033 1409 2185 1472; x_wconf 85' lang='grc' dir='ltr'>ἄλλος</span> <span class='ocrx_word' id='word_1_136' title='bbox 2221 1413 2280 1462; x_wconf 88' lang='grc' dir='ltr'>τὸ</span> 
     </span>
    </p>
   </div>
   <div class='ocr_carea' id='block_1_16' title="bbox 631 1493 2278 1568">
    <p class='ocr_par' dir='ltr' id='par_1_16' title="bbox 631 1493 2278 1568">
     <span class='ocr_line' id='line_1_16' title="bbox 631 1493 2278 1568; baseline 0.002 -19"><span class='ocrx_word' id='word_1_137' title='bbox 631 1499 845 1568; x_wconf 81' lang='grc' dir='ltr'>ἄτομον,</span> <span class='ocrx_word' id='word_1_138' title='bbox 880 1499 939 1548; x_wconf 87' lang='grc' dir='ltr'>τὸ</span> <span class='ocrx_word' id='word_1_139' title='bbox 967 1493 1026 1550; x_wconf 68' lang='grc' dir='ltr'>δὲ</span> <span class='ocrx_word' id='word_1_140' title='bbox 1050 1517 1108 1568; x_wconf 87' lang='grc' dir='ltr'><strong>γε</strong></span> <span class='ocrx_word' id='word_1_141' title='bbox 1136 1496 1333 1550; x_wconf 78' lang='grc' dir='ltr'>ἀλλοῖον</span> <span class='ocrx_word' id='word_1_142' title='bbox 1385 1503 1478 1557; x_wconf 80' lang='grc' dir='ltr'>τὴν</span> <span class='ocrx_word' id='word_1_143' title='bbox 1533 1498 1769 1552; x_wconf 84' lang='grc' dir='ltr'>ἐπίτασίν</span> <span class='ocrx_word' id='word_1_144' title='bbox 1823 1519 1877 1552; x_wconf 88' lang='grc' dir='ltr'><strong>τε</strong></span> <span class='ocrx_word' id='word_1_145' title='bbox 1929 1503 2018 1552; x_wconf 88' lang='grc' dir='ltr'>καὶ</span> <span class='ocrx_word' id='word_1_146' title='bbox 2083 1501 2278 1554; x_wconf 82' lang='grc' dir='ltr'>ἄνεσιν.</span> 
     </span>
    </p>
   </div>
   <div class='ocr_carea' id='block_1_17' title="bbox 631 1585 2282 1661">
    <p class='ocr_par' dir='ltr' id='par_1_17' title="bbox 631 1585 2282 1661">
     <span class='ocr_line' id='line_1_17' title="bbox 631 1585 2282 1661; baseline 0.002 -22"><span class='ocrx_word' id='word_1_147' title='bbox 631 1585 855 1640; x_wconf 81' lang='grc' dir='ltr'>Ἀλλοῖοι</span> <span class='ocrx_word' id='word_1_148' title='bbox 893 1593 1017 1656; x_wconf 79' lang='grc' dir='ltr'>γοῦν</span> <span class='ocrx_word' id='word_1_149' title='bbox 1073 1588 1260 1648; x_wconf 87' lang='grc' dir='ltr'>πάντες</span> <span class='ocrx_word' id='word_1_150' title='bbox 1315 1589 1363 1640; x_wconf 81' lang='grc' dir='ltr'>οἱ</span> <span class='ocrx_word' id='word_1_151' title='bbox 1411 1589 1695 1661; x_wconf 82' lang='grc' dir='ltr'><strong>καθαρμοὶ,</strong></span> <span class='ocrx_word' id='word_1_152' title='bbox 1755 1592 1874 1640; x_wconf 87' lang='grc' dir='ltr'>ὅσοι</span> <span class='ocrx_word' id='word_1_153' title='bbox 1927 1589 2040 1641; x_wconf 83' lang='grc' dir='ltr'>κατ’</span> <span class='ocrx_word' id='word_1_154' title='bbox 2095 1587 2282 1642; x_wconf 82' lang='grc' dir='ltr'>ἐπίτα-</span> 
     </span>
    </p>
   </div>
   <div class='ocr_carea' id='block_1_18' title="bbox 2389 425 3918 502">
    <p class='ocr_par' dir='ltr' id='par_1_18' title="bbox 2389 425 3918 502">
     <span class='ocr_line' id='line_1_18' title="bbox 2389 425 3918 502; baseline 0.003 -23"><span class='ocrx_word' id='word_1_155' title='bbox 2389 431 2506 498; x_wconf 87' lang='grc' dir='ltr'>γίας</span> <span class='ocrx_word' id='word_1_156' title='bbox 2534 429 2665 500; x_wconf 83' lang='grc' dir='ltr'>πρὸς</span> <span class='ocrx_word' id='word_1_157' title='bbox 2695 425 2816 478; x_wconf 82' lang='grc' dir='ltr'>ἄλλο</span> <span class='ocrx_word' id='word_1_158' title='bbox 2843 435 2956 486; x_wconf 80' lang='grc' dir='ltr'>ατῆ</span> <span class='ocrx_word' id='word_1_159' title='bbox 2969 447 2990 488; x_wconf 90' lang='grc' dir='ltr'><strong>ς</strong></span> <span class='ocrx_word' id='word_1_160' title='bbox 3020 427 3182 490; x_wconf 75' lang='grc' dir='ltr'>αὐτῆς</span> <span class='ocrx_word' id='word_1_161' title='bbox 3236 430 3349 499; x_wconf 82' lang='grc' dir='ltr'>ἔχει</span> <span class='ocrx_word' id='word_1_162' title='bbox 3407 428 3497 481; x_wconf 72' lang='grc' dir='ltr'>οὐκ</span> <span class='ocrx_word' id='word_1_163' title='bbox 3548 427 3604 481; x_wconf 78' lang='grc' dir='ltr'><strong>ἃν</strong></span> <span class='ocrx_word' id='word_1_164' title='bbox 3648 435 3707 502; x_wconf 81' lang='grc' dir='ltr'>μή</span> <span class='ocrx_word' id='word_1_165' title='bbox 3751 439 3820 494; x_wconf 80' lang='grc' dir='ltr'>τῆς</span> <span class='ocrx_word' id='word_1_166' title='bbox 3857 435 3918 484; x_wconf 65' lang='grc' dir='ltr'><strong>αὶ-</strong></span> 
     </span>
    </p>
   </div>
   <div class='ocr_carea' id='block_1_19' title="bbox 2388 513 3915 588">
    <p class='ocr_par' dir='ltr' id='par_1_19' title="bbox 2388 513 3915 588">
     <span class='ocr_line' id='line_1_19' title="bbox 2388 513 3915 588; baseline 0.003 -19"><span class='ocrx_word' id='word_1_167' title='bbox 2388 525 2484 579; x_wconf 81' lang='grc' dir='ltr'>τῆς</span> <span class='ocrx_word' id='word_1_168' title='bbox 2512 515 2548 588; x_wconf 82' lang='grc' dir='ltr'><em>β</em></span> <span class='ocrx_word' id='word_1_169' title='bbox 2599 513 2728 568; x_wconf 86' lang='grc' dir='ltr'>εἶναι</span> <span class='ocrx_word' id='word_1_170' title='bbox 2783 519 2840 568; x_wconf 90' lang='grc' dir='ltr'>τὸ</span> <span class='ocrx_word' id='word_1_171' title='bbox 2889 536 2923 568; x_wconf 90' lang='grc' dir='ltr'><strong>α</strong></span> <span class='ocrx_word' id='word_1_172' title='bbox 2977 520 3168 588; x_wconf 74' lang='grc' dir='ltr'>πέφυκε</span> <span class='ocrx_word' id='word_1_173' title='bbox 3226 513 3317 569; x_wconf 80' lang='grc' dir='ltr'>διὰ</span> <span class='ocrx_word' id='word_1_174' title='bbox 3364 522 3451 576; x_wconf 80' lang='grc' dir='ltr'>τὴν</span> <span class='ocrx_word' id='word_1_175' title='bbox 3507 517 3718 572; x_wconf 80' lang='grc' dir='ltr'>ἐπίτασιν</span> <span class='ocrx_word' id='word_1_176' title='bbox 3760 527 3915 580; x_wconf 53' lang='lat' dir='ltr'><strong>miti-1</strong></span> 
     </span>
    </p>
   </div>
   <div class='ocr_carea' id='block_1_20' title="bbox 2388 602 3912 679">
    <p class='ocr_par' dir='ltr' id='par_1_20' title="bbox 2388 602 3912 679">
     <span class='ocr_line' id='line_1_20' title="bbox 2388 602 3912 679; baseline 0.003 -21"><span class='ocrx_word' id='word_1_177' title='bbox 2388 607 2582 662; x_wconf 82' lang='grc' dir='ltr'>ἄνεσιν.</span> <span class='ocrx_word' id='word_1_178' title='bbox 2612 609 2832 679; x_wconf 80' lang='grc' dir='ltr'>Πότερον</span> <span class='ocrx_word' id='word_1_179' title='bbox 2870 602 2963 658; x_wconf 75' lang='grc' dir='ltr'>διὰ</span> <span class='ocrx_word' id='word_1_180' title='bbox 2995 613 3162 659; x_wconf 77' lang='grc' dir='ltr'>ταῦτα</span> <span class='ocrx_word' id='word_1_181' title='bbox 3187 605 3233 658; x_wconf 78' lang='grc' dir='ltr'><strong>ἐν</strong></span> <span class='ocrx_word' id='word_1_182' title='bbox 3282 609 3397 668; x_wconf 83' lang='grc' dir='ltr'>ταῖς</span> <span class='ocrx_word' id='word_1_183' title='bbox 3445 608 3705 679; x_wconf 75' lang='grc' dir='ltr'>συζυγίαις</span> <span class='ocrx_word' id='word_1_184' title='bbox 3748 606 3799 667; x_wconf 79' lang='grc' dir='ltr'>δὴ</span> <span class='ocrx_word' id='word_1_185' title='bbox 3833 616 3912 662; x_wconf 62' lang='grc' dir='ltr'>ταὶ·</span> 
     </span>
    </p>
   </div>
   <div class='ocr_carea' id='block_1_21' title="bbox 2387 697 3912 770">
    <p class='ocr_par' dir='ltr' id='par_1_21' title="bbox 2387 697 3912 770">
     <span class='ocr_line' id='line_1_21' title="bbox 2387 697 3912 770; baseline 0.001 -22"><span class='ocrx_word' id='word_1_186' title='bbox 2387 715 2500 756; x_wconf 89' lang='grc' dir='ltr'>ταις</span> <span class='ocrx_word' id='word_1_187' title='bbox 2562 701 2663 747; x_wconf 81' lang='grc' dir='ltr'>πᾶν</span> <span class='ocrx_word' id='word_1_188' title='bbox 2712 697 2903 768; x_wconf 80' lang='grc' dir='ltr'>ἄτομον</span> <span class='ocrx_word' id='word_1_189' title='bbox 2959 697 3352 770; x_wconf 71' lang='grc' dir='ltr'>περιγράφεται,</span> <span class='ocrx_word' id='word_1_190' title='bbox 3408 701 3495 748; x_wconf 86' lang='grc' dir='ltr'>καὶ</span> <span class='ocrx_word' id='word_1_191' title='bbox 3566 699 3728 760; x_wconf 86' lang='grc' dir='ltr'>πάντες</span> <span class='ocrx_word' id='word_1_192' title='bbox 3790 700 3912 769; x_wconf 65' lang='grc' dir='ltr'>ἅνθρω-</span> 
     </span>
    </p>
   </div>
   <div class='ocr_carea' id='block_1_22' title="bbox 2387 783 3911 860">
    <p class='ocr_par' dir='ltr' id='par_1_22' title="bbox 2387 783 3911 860">
     <span class='ocr_line' id='line_1_22' title="bbox 2387 783 3911 860; baseline -0.001 -21"><span class='ocrx_word' id='word_1_193' title='bbox 2387 805 2478 839; x_wconf 85' lang='grc' dir='ltr'><strong>ποι</strong></span> <span class='ocrx_word' id='word_1_194' title='bbox 2530 784 2856 844; x_wconf 81' lang='grc' dir='ltr'>ἐννενήκοντα</span> <span class='ocrx_word' id='word_1_195' title='bbox 2908 788 3035 860; x_wconf 81' lang='grc' dir='ltr'>πρὸς</span> <span class='ocrx_word' id='word_1_196' title='bbox 3084 789 3195 847; x_wconf 87' lang='grc' dir='ltr'><strong>τὸίς</strong></span> <span class='ocrx_word' id='word_1_197' title='bbox 3253 783 3405 838; x_wconf 83' lang='grc' dir='ltr'>δυσίν</span> <span class='ocrx_word' id='word_1_198' title='bbox 3452 785 3571 855; x_wconf 82' lang='grc' dir='ltr'>εἰσι,</span> <span class='ocrx_word' id='word_1_199' title='bbox 3613 792 3692 838; x_wconf 83' lang='grc' dir='ltr'>καὶ</span> <span class='ocrx_word' id='word_1_200' title='bbox 3732 789 3752 839; x_wconf 87' lang='lat'><strong>6</strong></span> <span class='ocrx_word' id='word_1_201' title='bbox 3793 788 3911 849; x_wconf 64' lang='grc' dir='ltr'>ἁπλοῦς</span> 
     </span>
    </p>
   </div>
   <div class='ocr_carea' id='block_1_23' title="bbox 2388 873 3911 950">
    <p class='ocr_par' dir='ltr' id='par_1_23' title="bbox 2388 873 3911 950">
     <span class='ocr_line' id='line_1_23' title="bbox 2388 873 3911 950; baseline -0.002 -22"><span class='ocrx_word' id='word_1_202' title='bbox 2388 880 2480 928; x_wconf 82' lang='grc' dir='ltr'>καὶ</span> <span class='ocrx_word' id='word_1_203' title='bbox 2523 878 2572 928; x_wconf 84' lang='grc' dir='ltr'>οἰ</span> <span class='ocrx_word' id='word_1_204' title='bbox 2626 882 2721 936; x_wconf 79' lang='grc' dir='ltr'>τῆς</span> <span class='ocrx_word' id='word_1_205' title='bbox 2773 873 3081 950; x_wconf 78' lang='grc' dir='ltr'>ἆντιῤῥόπου</span> <span class='ocrx_word' id='word_1_206' title='bbox 3139 875 3282 942; x_wconf 79' lang='grc' dir='ltr'>ἑπτὰ,</span> <span class='ocrx_word' id='word_1_207' title='bbox 3343 874 3436 927; x_wconf 76' lang='grc' dir='ltr'><strong>κᾶν</strong></span> <span class='ocrx_word' id='word_1_208' title='bbox 3474 874 3693 928; x_wconf 80' lang='grc' dir='ltr'>ἐπίτασιν</span> <span class='ocrx_word' id='word_1_209' title='bbox 3734 882 3758 934; x_wconf 80' lang='grc' dir='ltr'><strong>ἧ</strong></span> <span class='ocrx_word' id='word_1_210' title='bbox 3807 880 3911 928; x_wconf 61' lang='lat' dir='ltr'><strong>iam</strong></span> 
     </span>
    </p>
   </div>
   <div class='ocr_carea' id='block_1_24' title="bbox 2389 961 3913 1037">
    <p class='ocr_par' dir='ltr' id='par_1_24' title="bbox 2389 961 3913 1037">
     <span class='ocr_line' id='line_1_24' title="bbox 2389 961 3913 1037; baseline -0.001 -19"><span class='ocrx_word' id='word_1_211' title='bbox 2389 973 2506 1028; x_wconf 84' lang='grc' dir='ltr'>ταῖς</span> <span class='ocrx_word' id='word_1_212' title='bbox 2527 965 2738 1026; x_wconf 75' lang='grc' dir='ltr'>οἰκείαις</span> <span class='ocrx_word' id='word_1_213' title='bbox 2767 961 3122 1036; x_wconf 77' lang='grc' dir='ltr'>ἐπιδέχωνται</span> <span class='ocrx_word' id='word_1_214' title='bbox 3177 964 3476 1035; x_wconf 81' lang='grc' dir='ltr'>συζυγίαιν,</span> <span class='ocrx_word' id='word_1_215' title='bbox 3536 966 3692 1037; x_wconf 81' lang='grc' dir='ltr'>ἄτομα</span> <span class='ocrx_word' id='word_1_216' title='bbox 3739 962 3782 1018; x_wconf 72' lang='grc' dir='ltr'>δὲ</span> <span class='ocrx_word' id='word_1_217' title='bbox 3818 967 3913 1027; x_wconf 63' lang='grc' dir='ltr'>αἰτῇς</span> 
     </span>
    </p>
   </div>
   <div class='ocr_carea' id='block_1_25' title="bbox 2391 1052 3912 1128">
    <p class='ocr_par' dir='ltr' id='par_1_25' title="bbox 2391 1052 3912 1128">
     <span class='ocr_line' id='line_1_25' title="bbox 2391 1052 3912 1128; baseline -0.001 -22"><span class='ocrx_word' id='word_1_218' title='bbox 2391 1055 2598 1128; x_wconf 88' lang='grc' dir='ltr'>ἄπειρα,</span> <span class='ocrx_word' id='word_1_219' title='bbox 2631 1054 2738 1126; x_wconf 75' lang='grc' dir='ltr'>οὐχ</span> <span class='ocrx_word' id='word_1_220' title='bbox 2771 1057 2836 1114; x_wconf 83' lang='grc' dir='ltr'>ὡς</span> <span class='ocrx_word' id='word_1_221' title='bbox 2873 1053 3018 1116; x_wconf 86' lang='grc' dir='ltr'>ἐκτὸς</span> <span class='ocrx_word' id='word_1_222' title='bbox 3071 1057 3193 1105; x_wconf 80' lang='grc' dir='ltr'>ὄντα</span> <span class='ocrx_word' id='word_1_223' title='bbox 3255 1061 3354 1106; x_wconf 87' lang='grc' dir='ltr'>τῶν</span> <span class='ocrx_word' id='word_1_224' title='bbox 3410 1053 3678 1124; x_wconf 80' lang='grc' dir='ltr'>συζυγιῶν,</span> <span class='ocrx_word' id='word_1_225' title='bbox 3730 1053 3822 1105; x_wconf 79' lang='grc' dir='ltr'><strong>ἀλλὰ</strong></span> <span class='ocrx_word' id='word_1_226' title='bbox 3861 1052 3912 1106; x_wconf 63' lang='grc' dir='ltr'>διὰ</span> 
     </span>
    </p>
   </div>
   <div class='ocr_carea' id='block_1_26' title="bbox 2388 1141 3911 1205">
    <p class='ocr_par' dir='ltr' id='par_1_26' title="bbox 2388 1141 3911 1205">
     <span class='ocr_line' id='line_1_26' title="bbox 2388 1141 3911 1205; baseline -0.001 -8"><span class='ocrx_word' id='word_1_227' title='bbox 2388 1149 2482 1203; x_wconf 80' lang='grc' dir='ltr'>τὴν</span> <span class='ocrx_word' id='word_1_228' title='bbox 2523 1141 2667 1197; x_wconf 82' lang='grc' dir='ltr'>ἔνδον</span> <span class='ocrx_word' id='word_1_229' title='bbox 2699 1143 2748 1196; x_wconf 86' lang='grc' dir='ltr'><strong>ἐν</strong></span> <span class='ocrx_word' id='word_1_230' title='bbox 2801 1142 3011 1205; x_wconf 84' lang='grc' dir='ltr'>ἐκείνοις</span> <span class='ocrx_word' id='word_1_231' title='bbox 3062 1143 3228 1195; x_wconf 73' lang='grc' dir='ltr'>αὐτῶν</span> <span class='ocrx_word' id='word_1_232' title='bbox 3289 1141 3523 1196; x_wconf 83' lang='grc' dir='ltr'>ἐπίτασίν</span> <span class='ocrx_word' id='word_1_233' title='bbox 3572 1163 3622 1195; x_wconf 87' lang='grc' dir='ltr'><strong>τε</strong></span> <span class='ocrx_word' id='word_1_234' title='bbox 3678 1149 3751 1195; x_wconf 80' lang='grc' dir='ltr'><strong>καὶ</strong></span> <span class='ocrx_word' id='word_1_235' title='bbox 3794 1145 3911 1200; x_wconf 63' lang='grc' dir='ltr'>ἄνισα,</span> 
     </span>
    </p>
   </div>
   <div class='ocr_carea' id='block_1_27' title="bbox 2388 1228 3914 1306">
    <p class='ocr_par' dir='ltr' id='par_1_27' title="bbox 2388 1228 3914 1306">
     <span class='ocr_line' id='line_1_27' title="bbox 2388 1228 3914 1306; baseline -0.003 -19"><span class='ocrx_word' id='word_1_236' title='bbox 2388 1228 2446 1287; x_wconf 70' lang='grc' dir='ltr'><strong>Ὀ</strong></span> <span class='ocrx_word' id='word_1_237' title='bbox 2499 1237 2588 1306; x_wconf 73' lang='grc' dir='ltr'>μὶν</span> <span class='ocrx_word' id='word_1_238' title='bbox 2655 1230 2742 1285; x_wconf 82' lang='grc' dir='ltr'>οὖν</span> <span class='ocrx_word' id='word_1_239' title='bbox 2808 1234 3053 1306; x_wconf 84' lang='grc' dir='ltr'>ἡμέτερος</span> <span class='ocrx_word' id='word_1_240' title='bbox 3115 1231 3354 1284; x_wconf 79' lang='grc' dir='ltr'>ἐνταυθοῖ</span> <span class='ocrx_word' id='word_1_241' title='bbox 3392 1231 3543 1304; x_wconf 87' lang='grc' dir='ltr'>λογος</span> <span class='ocrx_word' id='word_1_242' title='bbox 3595 1236 3676 1290; x_wconf 81' lang='grc' dir='ltr'>τὴν</span> <span class='ocrx_word' id='word_1_243' title='bbox 3720 1241 3795 1284; x_wconf 83' lang='grc' dir='ltr'>τῶν</span> <span class='ocrx_word' id='word_1_244' title='bbox 3840 1233 3914 1284; x_wconf 64' lang='grc' dir='ltr'>ἑπτὰ</span> 
     </span>
    </p>
   </div>
   <div class='ocr_carea' id='block_1_28' title="bbox 2390 1318 3916 1396">
    <p class='ocr_par' dir='ltr' id='par_1_28' title="bbox 2390 1318 3916 1396">
     <span class='ocr_line' id='line_1_28' title="bbox 2390 1318 3916 1396; baseline -0.003 -19"><span class='ocrx_word' id='word_1_245' title='bbox 2390 1330 2482 1377; x_wconf 80' lang='grc' dir='ltr'>τοῦ</span> <span class='ocrx_word' id='word_1_246' title='bbox 2520 1324 2732 1394; x_wconf 76' lang='grc' dir='ltr'>λογικοῦ</span> <span class='ocrx_word' id='word_1_247' title='bbox 2802 1326 2934 1386; x_wconf 84' lang='grc' dir='ltr'>ζώου</span> <span class='ocrx_word' id='word_1_248' title='bbox 3008 1329 3172 1396; x_wconf 73' lang='grc' dir='ltr'>μερῶν</span> <span class='ocrx_word' id='word_1_249' title='bbox 3236 1327 3504 1374; x_wconf 82' lang='grc' dir='ltr'>κοινωνίαν</span> <span class='ocrx_word' id='word_1_250' title='bbox 3561 1319 3808 1375; x_wconf 78' lang='grc' dir='ltr'>ἐσπούδασε</span> <span class='ocrx_word' id='word_1_251' title='bbox 3852 1318 3916 1372; x_wconf 79' lang='grc' dir='ltr'>δεῖ·</span> 
     </span>
    </p>
   </div>
   <div class='ocr_carea' id='block_1_29' title="bbox 2392 1410 3917 1486">
    <p class='ocr_par' dir='ltr' id='par_1_29' title="bbox 2392 1410 3917 1486">
     <span class='ocr_line' id='line_1_29' title="bbox 2392 1410 3917 1486; baseline -0.003 -21"><span class='ocrx_word' id='word_1_252' title='bbox 2392 1412 2498 1481; x_wconf 86' lang='grc' dir='ltr'>ξαι,</span> <span class='ocrx_word' id='word_1_253' title='bbox 2557 1416 2648 1464; x_wconf 82' lang='grc' dir='ltr'>καὶ</span> <span class='ocrx_word' id='word_1_254' title='bbox 2694 1418 2846 1464; x_wconf 80' lang='grc' dir='ltr'>τοῦτο</span> <span class='ocrx_word' id='word_1_255' title='bbox 2907 1413 3039 1464; x_wconf 82' lang='grc' dir='ltr'>κατὰ</span> <span class='ocrx_word' id='word_1_256' title='bbox 3083 1413 3142 1463; x_wconf 87' lang='grc' dir='ltr'>τὸ</span> <span class='ocrx_word' id='word_1_257' title='bbox 3198 1410 3450 1486; x_wconf 81' lang='grc' dir='ltr'>παρέλκον</span> <span class='ocrx_word' id='word_1_258' title='bbox 3517 1410 3604 1462; x_wconf 75' lang='grc' dir='ltr'><strong>κᾶν</strong></span> <span class='ocrx_word' id='word_1_259' title='bbox 3658 1417 3752 1471; x_wconf 86' lang='grc' dir='ltr'>ταῖς</span> <span class='ocrx_word' id='word_1_260' title='bbox 3810 1429 3917 1461; x_wconf 62' lang='lat' dir='ltr'><strong>mw</strong></span> 
     </span>
    </p>
   </div>
   <div class='ocr_carea' id='block_1_30' title="bbox 2389 1497 3915 1575">
    <p class='ocr_par' dir='ltr' id='par_1_30' title="bbox 2389 1497 3915 1575">
     <span class='ocr_line' id='line_1_30' title="bbox 2389 1497 3915 1575; baseline -0.005 -19"><span class='ocrx_word' id='word_1_261' title='bbox 2389 1508 2520 1563; x_wconf 87' lang='grc' dir='ltr'>νίαις</span> <span class='ocrx_word' id='word_1_262' title='bbox 2551 1501 2916 1575; x_wconf 78' lang='grc' dir='ltr'>συμϐάλλεται.</span> <span class='ocrx_word' id='word_1_263' title='bbox 2983 1499 3096 1554; x_wconf 81' lang='grc' dir='ltr'>Ἵνα</span> <span class='ocrx_word' id='word_1_264' title='bbox 3150 1497 3210 1553; x_wconf 73' lang='grc' dir='ltr'>δὲ</span> <span class='ocrx_word' id='word_1_265' title='bbox 3255 1504 3345 1552; x_wconf 79' lang='grc' dir='ltr'>καὶ</span> <span class='ocrx_word' id='word_1_266' title='bbox 3398 1503 3524 1574; x_wconf 85' lang='grc' dir='ltr'>πρὸς</span> <span class='ocrx_word' id='word_1_267' title='bbox 3578 1500 3602 1552; x_wconf 89' lang='lat'><strong>6</strong></span> <span class='ocrx_word' id='word_1_268' title='bbox 3653 1503 3805 1572; x_wconf 68' lang='grc' dir='ltr'>πέφυκε</span> <span class='ocrx_word' id='word_1_269' title='bbox 3845 1503 3915 1568; x_wconf 60' lang='grc' dir='ltr'>μίαν</span> 
     </span>
    </p>
   </div>
   <div class='ocr_carea' id='block_1_31' title="bbox 2391 1585 3915 1662">
    <p class='ocr_par' dir='ltr' id='par_1_31' title="bbox 2391 1585 3915 1662">
     <span class='ocr_line' id='line_1_31' title="bbox 2391 1585 3915 1662; baseline -0.005 -17"><span class='ocrx_word' id='word_1_270' title='bbox 2391 1592 2615 1649; x_wconf 83' lang='grc' dir='ltr'>ἑκάστην</span> <span class='ocrx_word' id='word_1_271' title='bbox 2683 1590 2941 1660; x_wconf 81' lang='grc' dir='ltr'>συζυγίαν</span> <span class='ocrx_word' id='word_1_272' title='bbox 2988 1594 3152 1642; x_wconf 80' lang='grc' dir='ltr'>ποιεῖν</span> <span class='ocrx_word' id='word_1_273' title='bbox 3212 1588 3237 1640; x_wconf 89' lang='lat'><strong>6</strong></span> <span class='ocrx_word' id='word_1_274' title='bbox 3291 1596 3433 1642; x_wconf 86' lang='grc' dir='ltr'>ποιεῖ</span> <span class='ocrx_word' id='word_1_275' title='bbox 3507 1591 3682 1662; x_wconf 78' lang='grc' dir='ltr'>ἄτομον</span> <span class='ocrx_word' id='word_1_276' title='bbox 3745 1585 3915 1657; x_wconf 58' lang='grc' dir='ltr'>δείξωμεν,</span> 
     </span>
    </p>
   </div>
   <div class='ocr_carea' id='block_1_32' title="bbox 635 1674 3918 1752">
    <p class='ocr_par' dir='ltr' id='par_1_32' title="bbox 635 1674 3918 1752">
     <span class='ocr_line' id='line_1_32' title="bbox 635 1674 3918 1752; baseline -0.001 -25"><span class='ocrx_word' id='word_1_277' title='bbox 635 1679 715 1727; x_wconf 88' lang='grc' dir='ltr'><strong>σίν</strong></span> <span class='ocrx_word' id='word_1_278' title='bbox 751 1693 803 1727; x_wconf 87' lang='grc' dir='ltr'><strong>τε</strong></span> <span class='ocrx_word' id='word_1_279' title='bbox 841 1679 930 1727; x_wconf 84' lang='grc' dir='ltr'>καὶ</span> <span class='ocrx_word' id='word_1_280' title='bbox 969 1675 1142 1727; x_wconf 83' lang='grc' dir='ltr'>ἄνεσιν</span> <span class='ocrx_word' id='word_1_281' title='bbox 1182 1675 1230 1726; x_wconf 82' lang='grc' dir='ltr'><strong>ἐν</strong></span> <span class='ocrx_word' id='word_1_282' title='bbox 1269 1684 1341 1746; x_wconf 88' lang='grc' dir='ltr'>τῷ</span> <span class='ocrx_word' id='word_1_283' title='bbox 1379 1677 1479 1728; x_wconf 82' lang='grc' dir='ltr'>τὼν</span> <span class='ocrx_word' id='word_1_284' title='bbox 1519 1676 1647 1729; x_wconf 81' lang='grc' dir='ltr'>ἑπτά</span> <span class='ocrx_word' id='word_1_285' title='bbox 1709 1680 1951 1730; x_wconf 80' lang='grc' dir='ltr'>ἵστανται</span> <span class='ocrx_word' id='word_1_286' title='bbox 2017 1679 2139 1752; x_wconf 83' lang='grc' dir='ltr'>ὅρῳ,</span> <span class='ocrx_word' id='word_1_287' title='bbox 2180 1687 2279 1731; x_wconf 84' lang='grc' dir='ltr'>τῶν</span> <span class='ocrx_word' id='word_1_288' title='bbox 2314 1681 2359 1735; x_wconf 93' lang='grc' dir='ltr'>Β</span> <span class='ocrx_word' id='word_1_289' title='bbox 2390 1681 2484 1735; x_wconf 71' lang='grc' dir='ltr'>οὐκ</span> <span class='ocrx_word' id='word_1_290' title='bbox 2543 1679 2849 1750; x_wconf 78' lang='grc' dir='ltr'>ὀκνησομεν,</span> <span class='ocrx_word' id='word_1_291' title='bbox 2915 1675 3010 1730; x_wconf 81' lang='grc' dir='ltr'>κᾶν</span> <span class='ocrx_word' id='word_1_292' title='bbox 3162 1681 3427 1750; x_wconf 74' lang='grc' dir='ltr'>φορτικὸν,</span> <span class='ocrx_word' id='word_1_293' title='bbox 3476 1681 3562 1729; x_wconf 83' lang='grc' dir='ltr'>καὶ</span> <span class='ocrx_word' id='word_1_294' title='bbox 3617 1680 3668 1730; x_wconf 77' lang='grc' dir='ltr'>τὸ</span> <span class='ocrx_word' id='word_1_295' title='bbox 3714 1679 3783 1749; x_wconf 74' lang='grc' dir='ltr'>μὲν</span> <span class='ocrx_word' id='word_1_296' title='bbox 3843 1675 3918 1733; x_wconf 69' lang='grc' dir='ltr'>ὲοτις</span> 
     </span>
    </p>
   </div>
   <div class='ocr_carea' id='block_1_33' title="bbox 633 1759 2282 1839">
    <p class='ocr_par' dir='ltr' id='par_1_33' title="bbox 633 1759 2282 1839">
     <span class='ocr_line' id='line_1_33' title="bbox 633 1759 2282 1839; baseline 0.004 -25"><span class='ocrx_word' id='word_1_297' title='bbox 633 1783 666 1815; x_wconf 88' lang='grc' dir='ltr'><strong>α</strong></span> <span class='ocrx_word' id='word_1_298' title='bbox 707 1761 742 1835; x_wconf 83' lang='grc' dir='ltr'><em>β</em></span> <span class='ocrx_word' id='word_1_299' title='bbox 779 1783 813 1834; x_wconf 88' lang='grc' dir='ltr'><strong>γ</strong></span> <span class='ocrx_word' id='word_1_300' title='bbox 855 1759 1062 1822; x_wconf 81' lang='grc' dir='ltr'>δηλαδὴ</span> <span class='ocrx_word' id='word_1_301' title='bbox 1093 1783 1114 1816; x_wconf 85' lang='grc' dir='ltr'><strong>ε</strong></span> <span class='ocrx_word' id='word_1_302' title='bbox 1153 1764 1185 1824; x_wconf 93' lang='grc' dir='ltr'><strong>ζ</strong></span> <span class='ocrx_word' id='word_1_303' title='bbox 1223 1784 1252 1822; x_wconf 90' lang='grc' dir='ltr'><strong>η</strong></span> <span class='ocrx_word' id='word_1_304' title='bbox 1298 1767 1342 1820; x_wconf 92' lang='grc' dir='ltr'><strong>θ,</strong></span> <span class='ocrx_word' id='word_1_305' title='bbox 1386 1763 1646 1819; x_wconf 69' lang='grc' dir='ltr'>Ἀλλοιδὲ</span> <span class='ocrx_word' id='word_1_306' title='bbox 1673 1785 1730 1837; x_wconf 80' lang='grc' dir='ltr'><strong>γε</strong></span> <span class='ocrx_word' id='word_1_307' title='bbox 1768 1770 1882 1819; x_wconf 82' lang='grc' dir='ltr'>ὅσοι</span> <span class='ocrx_word' id='word_1_308' title='bbox 1935 1765 2049 1828; x_wconf 84' lang='grc' dir='ltr'>ταῖς</span> <span class='ocrx_word' id='word_1_309' title='bbox 2102 1765 2156 1819; x_wconf 78' lang='grc' dir='ltr'><strong>ἐκ</strong></span> <span class='ocrx_word' id='word_1_310' title='bbox 2195 1786 2282 1839; x_wconf 81' lang='grc' dir='ltr'>με·</span> 
     </span>
    </p>
   </div>
   <div class='ocr_carea' id='block_1_34' title="bbox 633 1851 2274 1928">
    <p class='ocr_par' dir='ltr' id='par_1_34' title="bbox 633 1851 2274 1928">
     <span class='ocr_line' id='line_1_34' title="bbox 633 1851 2274 1928; baseline 0.002 -24"><span class='ocrx_word' id='word_1_311' title='bbox 633 1854 887 1905; x_wconf 83' lang='grc' dir='ltr'>ταθέσεων</span> <span class='ocrx_word' id='word_1_312' title='bbox 939 1856 1030 1904; x_wconf 84' lang='grc' dir='ltr'>καὶ</span> <span class='ocrx_word' id='word_1_313' title='bbox 1105 1851 1388 1926; x_wconf 80' lang='grc' dir='ltr'>ἐναλλαγῶν</span> <span class='ocrx_word' id='word_1_314' title='bbox 1472 1863 1570 1907; x_wconf 88' lang='grc' dir='ltr'>τῶν</span> <span class='ocrx_word' id='word_1_315' title='bbox 1651 1856 1916 1928; x_wconf 83' lang='grc' dir='ltr'>συζυγιὼν</span> <span class='ocrx_word' id='word_1_316' title='bbox 1989 1860 2274 1928; x_wconf 85' lang='grc' dir='ltr'>γίγνονται·</span> 
     </span>
    </p>
   </div>
   <div class='ocr_carea' id='block_1_35' title="bbox 634 1939 2276 2019">
    <p class='ocr_par' dir='ltr' id='par_1_35' title="bbox 634 1939 2276 2019">
     <span class='ocr_line' id='line_1_35' title="bbox 634 1939 2276 2019; baseline 0.002 -25"><span class='ocrx_word' id='word_1_317' title='bbox 634 1939 827 1994; x_wconf 78' lang='grc' dir='ltr'>ἀλλοῖοι</span> <span class='ocrx_word' id='word_1_318' title='bbox 853 1939 913 1995; x_wconf 59' lang='grc' dir='ltr'>δᾶ</span> <span class='ocrx_word' id='word_1_319' title='bbox 964 1943 1079 1998; x_wconf 86' lang='grc' dir='ltr'>ὅσοι</span> <span class='ocrx_word' id='word_1_320' title='bbox 1134 1963 1232 2016; x_wconf 85' lang='grc' dir='ltr'><strong>μιᾳ</strong></span> <span class='ocrx_word' id='word_1_321' title='bbox 1296 1943 1485 2017; x_wconf 80' lang='grc' dir='ltr'>ἑκάστῃ</span> <span class='ocrx_word' id='word_1_322' title='bbox 1545 1945 1774 2018; x_wconf 78' lang='grc' dir='ltr'>συζυγίᾳ</span> <span class='ocrx_word' id='word_1_323' title='bbox 1827 1944 1960 2008; x_wconf 83' lang='grc' dir='ltr'>ἐντός</span> <span class='ocrx_word' id='word_1_324' title='bbox 2007 1953 2107 1998; x_wconf 82' lang='grc' dir='ltr'>τῶν</span> <span class='ocrx_word' id='word_1_325' title='bbox 2147 1947 2276 2019; x_wconf 86' lang='grc' dir='ltr'>ὅρων</span> 
     </span>
    </p>
   </div>
   <div class='ocr_carea' id='block_1_36' title="bbox 634 2029 2281 2106">
    <p class='ocr_par' dir='ltr' id='par_1_36' title="bbox 634 2029 2281 2106">
     <span class='ocr_line' id='line_1_36' title="bbox 634 2029 2281 2106; baseline 0.002 -23"><span class='ocrx_word' id='word_1_326' title='bbox 634 2029 796 2092; x_wconf 82' lang='grc' dir='ltr'>αὐτῆς</span> <span class='ocrx_word' id='word_1_327' title='bbox 829 2033 1093 2104; x_wconf 74' lang='grc' dir='ltr'>ἱστάμενοι</span> <span class='ocrx_word' id='word_1_328' title='bbox 1131 2033 1242 2085; x_wconf 86' lang='grc' dir='ltr'>κατ’</span> <span class='ocrx_word' id='word_1_329' title='bbox 1295 2031 1534 2086; x_wconf 86' lang='grc' dir='ltr'>ἐπίτασίν</span> <span class='ocrx_word' id='word_1_330' title='bbox 1586 2034 1688 2087; x_wconf 82' lang='grc' dir='ltr'>εἱσι</span> <span class='ocrx_word' id='word_1_331' title='bbox 1741 2038 1831 2086; x_wconf 87' lang='grc' dir='ltr'>καὶ</span> <span class='ocrx_word' id='word_1_332' title='bbox 1884 2036 2077 2089; x_wconf 82' lang='grc' dir='ltr'>ἄνεσιν.</span> <span class='ocrx_word' id='word_1_333' title='bbox 2127 2033 2281 2106; x_wconf 82' lang='grc' dir='ltr'>Ἔχει</span> 
     </span>
    </p>
   </div>
   <div class='ocr_carea' id='block_1_37' title="bbox 636 2117 2280 2198">
    <p class='ocr_par' dir='ltr' id='par_1_37' title="bbox 636 2117 2280 2198">
     <span class='ocr_line' id='line_1_37' title="bbox 636 2117 2280 2198; baseline 0.002 -26"><span class='ocrx_word' id='word_1_334' title='bbox 636 2117 695 2172; x_wconf 74' lang='grc' dir='ltr'>δὲ</span> <span class='ocrx_word' id='word_1_335' title='bbox 724 2119 918 2184; x_wconf 86' lang='grc' dir='ltr'>πλάτος</span> <span class='ocrx_word' id='word_1_336' title='bbox 964 2122 1089 2174; x_wconf 75' lang='grc' dir='ltr'><strong>αὐτό</strong></span> <span class='ocrx_word' id='word_1_337' title='bbox 1118 2127 1207 2174; x_wconf 84' lang='grc' dir='ltr'>καὶ</span> <span class='ocrx_word' id='word_1_338' title='bbox 1268 2127 1564 2182; x_wconf 81' lang='grc' dir='ltr'>στενότητα.</span> <span class='ocrx_word' id='word_1_339' title='bbox 1598 2123 1801 2178; x_wconf 83' lang='grc' dir='ltr'>Μᾶλλον</span> <span class='ocrx_word' id='word_1_340' title='bbox 1847 2127 1948 2198; x_wconf 84' lang='grc' dir='ltr'><strong>γὰρ</strong></span> <span class='ocrx_word' id='word_1_341' title='bbox 1995 2130 2086 2177; x_wconf 82' lang='grc' dir='ltr'>καὶ</span> <span class='ocrx_word' id='word_1_342' title='bbox 2131 2126 2280 2183; x_wconf 75' lang='grc' dir='ltr'>ἧττον</span> 
     </span>
    </p>
   </div>
   <div class='ocr_carea' id='block_1_38' title="bbox 635 2206 2282 2286">
    <p class='ocr_par' dir='ltr' id='par_1_38' title="bbox 635 2206 2282 2286">
     <span class='ocr_line' id='line_1_38' title="bbox 635 2206 2282 2286; baseline 0.003 -24"><span class='ocrx_word' id='word_1_343' title='bbox 635 2210 693 2262; x_wconf 76' lang='grc' dir='ltr'>οὐ</span> <span class='ocrx_word' id='word_1_344' title='bbox 722 2206 978 2285; x_wconf 83' lang='grc' dir='ltr'>διακρίνει</span> <span class='ocrx_word' id='word_1_345' title='bbox 1006 2230 1087 2272; x_wconf 91' lang='grc' dir='ltr'><strong>τις</strong></span> <span class='ocrx_word' id='word_1_346' title='bbox 1115 2213 1351 2284; x_wconf 70' lang='grc' dir='ltr'>θυμικὸν,</span> <span class='ocrx_word' id='word_1_347' title='bbox 1401 2212 1509 2266; x_wconf 74' lang='grc' dir='ltr'>οὒτ’</span> <span class='ocrx_word' id='word_1_348' title='bbox 1569 2213 1626 2265; x_wconf 81' lang='grc' dir='ltr'>οὗ</span> <span class='ocrx_word' id='word_1_349' title='bbox 1675 2213 2073 2286; x_wconf 81' lang='grc' dir='ltr'>ἐπιθυμητικὸν,</span> <span class='ocrx_word' id='word_1_350' title='bbox 2130 2221 2282 2267; x_wconf 82' lang='grc' dir='ltr'>τοῦτο</span> 
     </span>
    </p>
   </div>
   <div class='ocr_carea' id='block_1_39' title="bbox 634 2297 2284 2374">
    <p class='ocr_par' dir='ltr' id='par_1_39' title="bbox 634 2297 2284 2374">
     <span class='ocr_line' id='line_1_39' title="bbox 634 2297 2284 2374; baseline 0.003 -23"><span class='ocrx_word' id='word_1_351' title='bbox 634 2298 829 2360; x_wconf 88' lang='grc' dir='ltr'>πλάτος</span> <span class='ocrx_word' id='word_1_352' title='bbox 857 2297 1036 2358; x_wconf 80' lang='grc' dir='ltr'>ἐπειδὴ</span> <span class='ocrx_word' id='word_1_353' title='bbox 1070 2300 1128 2353; x_wconf 69' lang='grc' dir='ltr'>οὐ</span> <span class='ocrx_word' id='word_1_354' title='bbox 1154 2297 1456 2374; x_wconf 70' lang='grc' dir='ltr'>διώρισται,</span> <span class='ocrx_word' id='word_1_355' title='bbox 1484 2301 1588 2374; x_wconf 73' lang='grc' dir='ltr'><strong>οὐχ</strong></span> <span class='ocrx_word' id='word_1_356' title='bbox 1627 2304 1695 2364; x_wconf 85' lang='grc' dir='ltr'>ὡς</span> <span class='ocrx_word' id='word_1_357' title='bbox 1752 2303 1833 2355; x_wconf 88' lang='grc' dir='ltr'>ὃτι</span> <span class='ocrx_word' id='word_1_358' title='bbox 1885 2298 1944 2356; x_wconf 71' lang='grc' dir='ltr'><strong>δε</strong></span> <span class='ocrx_word' id='word_1_359' title='bbox 2002 2308 2100 2355; x_wconf 85' lang='grc' dir='ltr'>πᾶν</span> <span class='ocrx_word' id='word_1_360' title='bbox 2153 2302 2284 2356; x_wconf 82' lang='grc' dir='ltr'>πλά-</span> 
     </span>
    </p>
   </div>
   <div class='ocr_carea' id='block_1_40' title="bbox 635 2385 2283 2464">
    <p class='ocr_par' dir='ltr' id='par_1_40' title="bbox 635 2385 2283 2464">
     <span class='ocr_line' id='line_1_40' title="bbox 635 2385 2283 2464; baseline 0.002 -24"><span class='ocrx_word' id='word_1_361' title='bbox 635 2406 722 2447; x_wconf 88' lang='grc' dir='ltr'><strong>τος</strong></span> <span class='ocrx_word' id='word_1_362' title='bbox 774 2386 914 2440; x_wconf 81' lang='grc' dir='ltr'>ἐστὶν</span> <span class='ocrx_word' id='word_1_363' title='bbox 965 2385 1291 2463; x_wconf 80' lang='grc' dir='ltr'>ἀδιὸριστον,</span> <span class='ocrx_word' id='word_1_364' title='bbox 1343 2389 1453 2441; x_wconf 82' lang='grc' dir='ltr'>ἀλλ’</span> <span class='ocrx_word' id='word_1_365' title='bbox 1510 2391 1591 2443; x_wconf 87' lang='grc' dir='ltr'>ὅτι</span> <span class='ocrx_word' id='word_1_366' title='bbox 1657 2386 1962 2463; x_wconf 81' lang='grc' dir='ltr'>ἀδιόριστον</span> <span class='ocrx_word' id='word_1_367' title='bbox 2024 2393 2146 2444; x_wconf 79' lang='grc' dir='ltr'>ποτὲ</span> <span class='ocrx_word' id='word_1_368' title='bbox 2194 2394 2283 2464; x_wconf 71' lang='grc' dir='ltr'>μὶν</span> 
     </span>
    </p>
   </div>
   <div class='ocr_carea' id='block_1_41' title="bbox 637 2475 2284 2548">
    <p class='ocr_par' dir='ltr' id='par_1_41' title="bbox 637 2475 2284 2548">
     <span class='ocr_line' id='line_1_41' title="bbox 637 2475 2284 2548; baseline 0.004 -20"><span class='ocrx_word' id='word_1_369' title='bbox 637 2476 750 2548; x_wconf 81' lang='grc' dir='ltr'>ἔχει</span> <span class='ocrx_word' id='word_1_370' title='bbox 779 2481 868 2530; x_wconf 88' lang='grc' dir='ltr'>καὶ</span> <span class='ocrx_word' id='word_1_371' title='bbox 892 2475 1102 2546; x_wconf 86' lang='grc' dir='ltr'>πλάτος,</span> <span class='ocrx_word' id='word_1_372' title='bbox 1128 2480 1252 2533; x_wconf 71' lang='grc' dir='ltr'>ποτε</span> <span class='ocrx_word' id='word_1_373' title='bbox 1313 2475 1373 2532; x_wconf 68' lang='grc' dir='ltr'>δὲ</span> <span class='ocrx_word' id='word_1_374' title='bbox 1427 2483 1516 2532; x_wconf 81' lang='grc' dir='ltr'>καὶ</span> <span class='ocrx_word' id='word_1_375' title='bbox 1579 2478 1772 2542; x_wconf 86' lang='grc' dir='ltr'>πλάτος</span> <span class='ocrx_word' id='word_1_376' title='bbox 1838 2479 1998 2548; x_wconf 76' lang='grc' dir='ltr'>ἐστὶν,</span> <span class='ocrx_word' id='word_1_377' title='bbox 2042 2485 2284 2541; x_wconf 83' lang='grc' dir='ltr'>στενότη-</span> 
     </span>
    </p>
   </div>
   <div class='ocr_carea' id='block_1_42' title="bbox 2388 1762 3918 1838">
    <p class='ocr_par' dir='ltr' id='par_1_42' title="bbox 2388 1762 3918 1838">
     <span class='ocr_line' id='line_1_42' title="bbox 2388 1762 3918 1838; baseline -0.007 -16"><span class='ocrx_word' id='word_1_378' title='bbox 2388 1778 2488 1823; x_wconf 85' lang='grc' dir='ltr'>τῶν</span> <span class='ocrx_word' id='word_1_379' title='bbox 2535 1771 2797 1838; x_wconf 84' lang='grc' dir='ltr'>συζυγιῶν</span> <span class='ocrx_word' id='word_1_380' title='bbox 2853 1770 2883 1825; x_wconf 74' lang='grc' dir='ltr'><strong>ἦ</strong></span> <span class='ocrx_word' id='word_1_381' title='bbox 2934 1771 3025 1817; x_wconf 84' lang='grc' dir='ltr'>καὶ</span> <span class='ocrx_word' id='word_1_382' title='bbox 3073 1764 3234 1826; x_wconf 87' lang='grc' dir='ltr'>ἄλλως</span> <span class='ocrx_word' id='word_1_383' title='bbox 3288 1773 3390 1817; x_wconf 86' lang='grc' dir='ltr'>τῶν</span> <span class='ocrx_word' id='word_1_384' title='bbox 3457 1769 3727 1833; x_wconf 76' lang='grc' dir='ltr'>ἓπιστὴμην</span> <span class='ocrx_word' id='word_1_385' title='bbox 3784 1762 3918 1815; x_wconf 70' lang='grc' dir='ltr'>ἐπιστε-</span> 
     </span>
    </p>
   </div>
   <div class='ocr_carea' id='block_1_43' title="bbox 2387 1853 3919 1932">
    <p class='ocr_par' dir='ltr' id='par_1_43' title="bbox 2387 1853 3919 1932">
     <span class='ocr_line' id='line_1_43' title="bbox 2387 1853 3919 1932; baseline -0.005 -23"><span class='ocrx_word' id='word_1_386' title='bbox 2387 1861 2547 1932; x_wconf 81' lang='grc' dir='ltr'>μένων</span> <span class='ocrx_word' id='word_1_387' title='bbox 2597 1855 2943 1928; x_wconf 78' lang='grc' dir='ltr'>φυσιολογεῖν,</span> <span class='ocrx_word' id='word_1_388' title='bbox 3014 1854 3119 1927; x_wconf 73' lang='grc' dir='ltr'><strong>οὑχ</strong></span> <span class='ocrx_word' id='word_1_389' title='bbox 3170 1858 3240 1918; x_wconf 82' lang='grc' dir='ltr'>ὡς</span> <span class='ocrx_word' id='word_1_390' title='bbox 3292 1857 3460 1928; x_wconf 79' lang='grc' dir='ltr'>ἡμεῖς,</span> <span class='ocrx_word' id='word_1_391' title='bbox 3533 1853 3635 1907; x_wconf 83' lang='grc' dir='ltr'>ἀλλ’</span> <span class='ocrx_word' id='word_1_392' title='bbox 3697 1854 3752 1914; x_wconf 85' lang='grc' dir='ltr'>ὡς</span> 
     </span>
    </p>
   </div>
   <div class='ocr_carea' id='block_1_44' title="bbox 2386 1936 3920 2018">
    <p class='ocr_par' dir='ltr' id='par_1_44' title="bbox 2386 1936 3920 2018">
     <span class='ocr_line' id='line_1_44' title="bbox 2386 1936 3920 2018; baseline -0.006 -18"><span class='ocrx_word' id='word_1_393' title='bbox 2386 1951 2475 2000; x_wconf 86' lang='grc' dir='ltr'>καὶ</span> <span class='ocrx_word' id='word_1_394' title='bbox 2531 1945 2762 2018; x_wconf 87' lang='grc' dir='ltr'>μάλιστα</span> <span class='ocrx_word' id='word_1_395' title='bbox 2808 1947 3109 2018; x_wconf 76' lang='grc' dir='ltr'>κρειττόνως</span> <span class='ocrx_word' id='word_1_396' title='bbox 3167 1947 3216 1997; x_wconf 78' lang='grc' dir='ltr'>οἱ</span> <span class='ocrx_word' id='word_1_397' title='bbox 3267 1945 3488 2006; x_wconf 84' lang='grc' dir='ltr'>πλείους.</span> <span class='ocrx_word' id='word_1_398' title='bbox 3566 1944 3785 2014; x_wconf 78' lang='grc' dir='ltr'>Συζυγίας</span> <span class='ocrx_word' id='word_1_399' title='bbox 3821 1936 3860 1991; x_wconf 60' lang='grc' dir='ltr'><strong><em>ἂ</em></strong></span> <span class='ocrx_word' id='word_1_400' title='bbox 3889 1956 3920 2007; x_wconf 75' lang='grc' dir='ltr'>γῖ</span> 
     </span>
    </p>
   </div>
   <div class='ocr_carea' id='block_1_45' title="bbox 2387 2027 3916 2109">
    <p class='ocr_par' dir='ltr' id='par_1_45' title="bbox 2387 2027 3916 2109">
     <span class='ocr_line' id='line_1_45' title="bbox 2387 2027 3916 2109; baseline -0.008 -20"><span class='ocrx_word' id='word_1_401' title='bbox 2387 2035 2564 2090; x_wconf 72' lang='grc' dir='ltr'>οὔποτ’</span> <span class='ocrx_word' id='word_1_402' title='bbox 2621 2034 2680 2086; x_wconf 81' lang='grc' dir='ltr'>ἂν</span> <span class='ocrx_word' id='word_1_403' title='bbox 2739 2033 2909 2108; x_wconf 83' lang='grc' dir='ltr'>ἑτέρας</span> <span class='ocrx_word' id='word_1_404' title='bbox 2967 2036 3162 2087; x_wconf 78' lang='grc' dir='ltr'>τούτων</span> <span class='ocrx_word' id='word_1_405' title='bbox 3213 2053 3294 2097; x_wconf 91' lang='grc' dir='ltr'><strong>τις</strong></span> <span class='ocrx_word' id='word_1_406' title='bbox 3379 2036 3524 2109; x_wconf 72' lang='grc' dir='ltr'>εὑρη,</span> <span class='ocrx_word' id='word_1_407' title='bbox 3597 2033 3699 2085; x_wconf 73' lang='grc' dir='ltr'>οὗτε</span> <span class='ocrx_word' id='word_1_408' title='bbox 3757 2027 3916 2096; x_wconf 55' lang='grc' dir='ltr'>ἔναλλσγξ</span> 
     </span>
    </p>
   </div>
   <div class='ocr_carea' id='block_1_46' title="bbox 2389 2117 3919 2196">
    <p class='ocr_par' dir='ltr' id='par_1_46' title="bbox 2389 2117 3919 2196">
     <span class='ocr_line' id='line_1_46' title="bbox 2389 2117 3919 2196; baseline -0.007 -18"><span class='ocrx_word' id='word_1_409' title='bbox 2389 2123 2764 2195; x_wconf 77' lang='grc' dir='ltr'>ἐνηλλάγησαν,</span> <span class='ocrx_word' id='word_1_410' title='bbox 2828 2125 2908 2174; x_wconf 86' lang='grc' dir='ltr'>ὅτι</span> <span class='ocrx_word' id='word_1_411' title='bbox 2967 2121 3083 2174; x_wconf 74' lang='grc' dir='ltr'>οὒτε</span> <span class='ocrx_word' id='word_1_412' title='bbox 3129 2126 3230 2194; x_wconf 76' lang='grc' dir='ltr'>μὴν</span> <span class='ocrx_word' id='word_1_413' title='bbox 3293 2125 3584 2196; x_wconf 70' lang='grc' dir='ltr'>μεταθέσει,</span> <span class='ocrx_word' id='word_1_414' title='bbox 3639 2123 3709 2173; x_wconf 86' lang='grc' dir='ltr'>ὃτι</span> <span class='ocrx_word' id='word_1_415' title='bbox 3752 2117 3919 2192; x_wconf 56' lang='lat'><strong>51:21:91.-</strong></span> 
     </span>
    </p>
   </div>
   <div class='ocr_carea' id='block_1_47' title="bbox 2393 2204 3917 2288">
    <p class='ocr_par' dir='ltr' id='par_1_47' title="bbox 2393 2204 3917 2288">
     <span class='ocr_line' id='line_1_47' title="bbox 2393 2204 3917 2288; baseline 0.001 -24"><span class='ocrx_word' id='word_1_416' title='bbox 2393 2233 2487 2267; x_wconf 88' lang='grc' dir='ltr'><strong>σαν</strong></span> <span class='ocrx_word' id='word_1_417' title='bbox 2539 2214 2751 2288; x_wconf 76' lang='grc' dir='ltr'>ἄρισταο</span> <span class='ocrx_word' id='word_1_418' title='bbox 2807 2211 2914 2264; x_wconf 80' lang='grc' dir='ltr'>ἀλλ¹</span> <span class='ocrx_word' id='word_1_419' title='bbox 2963 2213 3116 2284; x_wconf 79' lang='grc' dir='ltr'>ἡμεῖς</span> <span class='ocrx_word' id='word_1_420' title='bbox 3166 2215 3270 2284; x_wconf 77' lang='grc' dir='ltr'>μὴν</span> <span class='ocrx_word' id='word_1_421' title='bbox 3322 2209 3660 2284; x_wconf 77' lang='grc' dir='ltr'>ἐνδεχομένως</span> <span class='ocrx_word' id='word_1_422' title='bbox 3715 2213 3810 2281; x_wconf 78' lang='grc' dir='ltr'>μιᾶς</span> <span class='ocrx_word' id='word_1_423' title='bbox 3857 2204 3917 2255; x_wconf 57' lang='lat' dir='ltr'><strong>ili“</strong></span> 
     </span>
    </p>
   </div>
   <div class='ocr_carea' id='block_1_48' title="bbox 2393 2291 3918 2374">
    <p class='ocr_par' dir='ltr' id='par_1_48' title="bbox 2393 2291 3918 2374">
     <span class='ocr_line' id='line_1_48' title="bbox 2393 2291 3918 2374; baseline -0.005 -20"><span class='ocrx_word' id='word_1_424' title='bbox 2393 2321 2522 2364; x_wconf 82' lang='grc' dir='ltr'>στης</span> <span class='ocrx_word' id='word_1_425' title='bbox 2587 2302 2778 2374; x_wconf 82' lang='grc' dir='ltr'>ἄτομον</span> <span class='ocrx_word' id='word_1_426' title='bbox 2857 2299 3215 2372; x_wconf 84' lang='grc' dir='ltr'>ἐπεξέλθωμεν,</span> <span class='ocrx_word' id='word_1_427' title='bbox 3309 2301 3714 2373; x_wconf 75' lang='grc' dir='ltr'>φυσιολογοῦντες</span> <span class='ocrx_word' id='word_1_428' title='bbox 3790 2291 3918 2362; x_wconf 73' lang='grc' dir='ltr'>ἐνδεχο-</span> 
     </span>
    </p>
   </div>
   <div class='ocr_carea' id='block_1_49' title="bbox 2391 2380 3917 2466">
    <p class='ocr_par' dir='ltr' id='par_1_49' title="bbox 2391 2380 3917 2466">
     <span class='ocr_line' id='line_1_49' title="bbox 2391 2380 3917 2466; baseline -0.004 -24"><span class='ocrx_word' id='word_1_429' title='bbox 2391 2396 2554 2466; x_wconf 81' lang='grc' dir='ltr'>μένως</span> <span class='ocrx_word' id='word_1_430' title='bbox 2583 2395 2701 2465; x_wconf 82' lang='grc' dir='ltr'>περὶ</span> <span class='ocrx_word' id='word_1_431' title='bbox 2728 2389 2911 2458; x_wconf 74' lang='grc' dir='ltr'>αὑτοῦ,</span> <span class='ocrx_word' id='word_1_432' title='bbox 2946 2394 3036 2442; x_wconf 85' lang='grc' dir='ltr'>καὶ</span> <span class='ocrx_word' id='word_1_433' title='bbox 3085 2387 3190 2442; x_wconf 82' lang='grc' dir='ltr'>οἷον</span> <span class='ocrx_word' id='word_1_434' title='bbox 3246 2386 3679 2464; x_wconf 82' lang='grc' dir='ltr'>προοδευσὼμεθα</span> <span class='ocrx_word' id='word_1_435' title='bbox 3730 2393 3806 2437; x_wconf 84' lang='grc' dir='ltr'>τῶν</span> 
     </span>
    </p>
   </div>
   <div class='ocr_carea' id='block_1_50' title="bbox 2391 2469 3916 2554">
    <p class='ocr_par' dir='ltr' id='par_1_50' title="bbox 2391 2469 3916 2554">
     <span class='ocr_line' id='line_1_50' title="bbox 2391 2469 3916 2554; baseline -0.007 -20"><span class='ocrx_word' id='word_1_436' title='bbox 2391 2481 2614 2554; x_wconf 85' lang='grc' dir='ltr'>λὸμένων</span> <span class='ocrx_word' id='word_1_437' title='bbox 2643 2480 2981 2552; x_wconf 79' lang='grc' dir='ltr'>εἰσέρχεσθαι</span> <span class='ocrx_word' id='word_1_438' title='bbox 3011 2478 3060 2531; x_wconf 86' lang='grc' dir='ltr'><strong>ἐν</strong></span> <span class='ocrx_word' id='word_1_439' title='bbox 3093 2478 3254 2552; x_wconf 79' lang='grc' dir='ltr'>αὐτῷ,</span> <span class='ocrx_word' id='word_1_440' title='bbox 3304 2477 3402 2531; x_wconf 76' lang='grc' dir='ltr'>κᾶν</span> <span class='ocrx_word' id='word_1_441' title='bbox 3459 2474 3770 2550; x_wconf 78' lang='grc' dir='ltr'>ἐνδεχομένως</span> <span class='ocrx_word' id='word_1_442' title='bbox 3806 2469 3847 2525; x_wconf 80' lang='grc' dir='ltr'>δέ</span> <span class='ocrx_word' id='word_1_443' title='bbox 3876 2487 3916 2538; x_wconf 68' lang='grc' dir='ltr'><strong>γε.</strong></span> 
     </span>
    </p>
   </div>
   <div class='ocr_carea' id='block_1_51' title="bbox 637 2645 3919 2732">
    <p class='ocr_par' dir='ltr' id='par_1_51' title="bbox 637 2645 3919 2732">
     <span class='ocr_line' id='line_1_51' title="bbox 637 2645 3919 2732; baseline -0.001 -23"><span class='ocrx_word' id='word_1_444' title='bbox 637 2652 1002 2724; x_wconf 86' lang='lat' dir='ltr'><strong>gationibus,</strong></span> <span class='ocrx_word' id='word_1_445' title='bbox 1031 2657 1086 2711; x_wconf 89' lang='lat' dir='ltr'><strong>et</strong></span> <span class='ocrx_word' id='word_1_446' title='bbox 1113 2655 1173 2712; x_wconf 93' lang='lat' dir='ltr'>in</span> <span class='ocrx_word' id='word_1_447' title='bbox 1201 2655 1524 2713; x_wconf 84' lang='lat' dir='ltr'><strong>individuis</strong></span> <span class='ocrx_word' id='word_1_448' title='bbox 1550 2673 1685 2731; x_wconf 69' lang='lat' dir='ltr'><strong>quae</strong></span> <span class='ocrx_word' id='word_1_449' title='bbox 1717 2673 1788 2714; x_wconf 85' lang='lat' dir='ltr'><strong>ex</strong></span> <span class='ocrx_word' id='word_1_450' title='bbox 1817 2657 1928 2714; x_wconf 88' lang='lat' dir='ltr'>illis</span> <span class='ocrx_word' id='word_1_451' title='bbox 1951 2663 2288 2732; x_wconf 89' lang='lat' dir='ltr'><strong>temperan-</strong></span> <span class='ocrx_word' id='word_1_452' title='bbox 2318 2661 2358 2716; x_wconf 89' lang='lat' dir='ltr'>C</span> <span class='ocrx_word' id='word_1_453' title='bbox 2396 2659 2732 2716; x_wconf 89' lang='lat' dir='ltr'><strong>coarctatur</strong></span> <span class='ocrx_word' id='word_1_454' title='bbox 2771 2655 2970 2726; x_wconf 89' lang='lat' dir='ltr'><strong>etiam,</strong></span> <span class='ocrx_word' id='word_1_455' title='bbox 3004 2656 3150 2729; x_wconf 83' lang='lat' dir='ltr'><strong>quia</strong></span> <span class='ocrx_word' id='word_1_456' title='bbox 3196 2671 3234 2714; x_wconf 87' lang='grc' dir='ltr'><strong>α</strong></span> <span class='ocrx_word' id='word_1_457' title='bbox 3287 2655 3567 2713; x_wconf 63' lang='lat' dir='ltr'><strong>secundae</strong></span> <span class='ocrx_word' id='word_1_458' title='bbox 3607 2645 3919 2726; x_wconf 78' lang='lat' dir='ltr'><strong>conjugationis</strong></span> 
     </span>
    </p>
   </div>
   <div class='ocr_carea' id='block_1_52' title="bbox 639 2744 2288 2820">
    <p class='ocr_par' dir='ltr' id='par_1_52' title="bbox 639 2744 2288 2820">
     <span class='ocr_line' id='line_1_52' title="bbox 639 2744 2288 2820; baseline 0.004 -23"><span class='ocrx_word' id='word_1_459' title='bbox 639 2745 751 2798; x_wconf 89' lang='lat' dir='ltr'><strong>tur.</strong></span> <span class='ocrx_word' id='word_1_460' title='bbox 782 2745 982 2817; x_wconf 88' lang='lat' dir='ltr'><strong>Neque</strong></span> <span class='ocrx_word' id='word_1_461' title='bbox 1012 2745 1192 2814; x_wconf 81' lang='lat' dir='ltr'><strong>igitur</strong></span> <span class='ocrx_word' id='word_1_462' title='bbox 1220 2744 1422 2818; x_wconf 82' lang='lat' dir='ltr'><strong>plures</strong></span> <span class='ocrx_word' id='word_1_463' title='bbox 1454 2746 1780 2820; x_wconf 86' lang='lat' dir='ltr'><strong>quisquam</strong></span> <span class='ocrx_word' id='word_1_464' title='bbox 1801 2749 2054 2820; x_wconf 85' lang='lat' dir='ltr'><strong>reperiet</strong></span> <span class='ocrx_word' id='word_1_465' title='bbox 2079 2749 2288 2818; x_wconf 85' lang='lat' dir='ltr'><strong>conju-</strong></span> 
     </span>
    </p>
   </div>
   <div class='ocr_carea' id='block_1_53' title="bbox 638 2830 2286 2911">
    <p class='ocr_par' dir='ltr' id='par_1_53' title="bbox 638 2830 2286 2911">
     <span class='ocr_line' id='line_1_53' title="bbox 638 2830 2286 2911; baseline 0.005 -26"><span class='ocrx_word' id='word_1_466' title='bbox 638 2830 932 2900; x_wconf 87' lang='lat' dir='ltr'><strong>gationes,</strong></span> <span class='ocrx_word' id='word_1_467' title='bbox 958 2832 1072 2889; x_wconf 91' lang='lat' dir='ltr'>nisi</span> <span class='ocrx_word' id='word_1_468' title='bbox 1097 2834 1361 2907; x_wconf 86' lang='lat' dir='ltr'><strong>captiose</strong></span> <span class='ocrx_word' id='word_1_469' title='bbox 1387 2840 1561 2904; x_wconf 84' lang='lat' dir='ltr'>agat:</span> <span class='ocrx_word' id='word_1_470' title='bbox 1595 2851 1789 2910; x_wconf 91' lang='lat' dir='ltr'><strong>neque</strong></span> <span class='ocrx_word' id='word_1_471' title='bbox 1820 2852 2025 2893; x_wconf 87' lang='lat' dir='ltr'><strong>rursus</strong></span> <span class='ocrx_word' id='word_1_472' title='bbox 2039 2837 2286 2911; x_wconf 91' lang='lat' dir='ltr'><strong>paucio-</strong></span> 
     </span>
    </p>
   </div>
   <div class='ocr_carea' id='block_1_54' title="bbox 635 2921 2286 3000">
    <p class='ocr_par' dir='ltr' id='par_1_54' title="bbox 635 2921 2286 3000">
     <span class='ocr_line' id='line_1_54' title="bbox 635 2921 2286 3000; baseline 0.004 -26"><span class='ocrx_word' id='word_1_473' title='bbox 635 2933 733 2975; x_wconf 89' lang='lat' dir='ltr'><strong>res</strong></span> <span class='ocrx_word' id='word_1_474' title='bbox 760 2921 875 2977; x_wconf 88' lang='lat' dir='ltr'>nisi</span> <span class='ocrx_word' id='word_1_475' title='bbox 904 2937 1116 2980; x_wconf 88' lang='lat' dir='ltr'><strong>manca</strong></span> <span class='ocrx_word' id='word_1_476' title='bbox 1141 2928 1198 2980; x_wconf 91' lang='lat' dir='ltr'><strong>et</strong></span> <span class='ocrx_word' id='word_1_477' title='bbox 1224 2924 1564 2997; x_wconf 88' lang='lat' dir='ltr'><strong>imperfecta</strong></span> <span class='ocrx_word' id='word_1_478' title='bbox 1593 2927 1928 2997; x_wconf 82' lang='lat' dir='ltr'><strong>cognitione</strong></span> <span class='ocrx_word' id='word_1_479' title='bbox 1957 2925 2243 3000; x_wconf 81' lang='lat' dir='ltr'><strong>praeditus</strong></span> <span class='ocrx_word' id='word_1_480' title='bbox 2270 2941 2286 2981; x_wconf 91' lang='lat'><strong>:</strong></span> 
     </span>
    </p>
   </div>
   <div class='ocr_carea' id='block_1_55' title="bbox 635 3011 2287 3089">
    <p class='ocr_par' dir='ltr' id='par_1_55' title="bbox 635 3011 2287 3089">
     <span class='ocr_line' id='line_1_55' title="bbox 635 3011 2287 3089; baseline 0.004 -25"><span class='ocrx_word' id='word_1_481' title='bbox 635 3023 775 3066; x_wconf 91' lang='lat' dir='ltr'><strong>cum</strong></span> <span class='ocrx_word' id='word_1_482' title='bbox 806 3011 981 3068; x_wconf 89' lang='lat' dir='ltr'><strong>nobis</strong></span> <span class='ocrx_word' id='word_1_483' title='bbox 1004 3028 1217 3069; x_wconf 89' lang='lat' dir='ltr'><strong>omnes</strong></span> <span class='ocrx_word' id='word_1_484' title='bbox 1255 3014 1371 3071; x_wconf 90' lang='lat' dir='ltr'><strong>sint</strong></span> <span class='ocrx_word' id='word_1_485' title='bbox 1401 3030 1655 3072; x_wconf 88' lang='lat' dir='ltr'><strong>numero</strong></span> <span class='ocrx_word' id='word_1_486' title='bbox 1677 3017 2148 3089; x_wconf 81' lang='lat' dir='ltr'><strong>comprehensae,</strong></span> <span class='ocrx_word' id='word_1_487' title='bbox 2177 3030 2287 3070; x_wconf 92' lang='lat' dir='ltr'><strong>nec</strong></span> 
     </span>
    </p>
   </div>
   <div class='ocr_carea' id='block_1_56' title="bbox 635 3100 2292 3178">
    <p class='ocr_par' dir='ltr' id='par_1_56' title="bbox 635 3100 2292 3178">
     <span class='ocr_line' id='line_1_56' title="bbox 635 3100 2292 3178; baseline 0.004 -23"><span class='ocrx_word' id='word_1_488' title='bbox 635 3100 880 3156; x_wconf 89' lang='lat' dir='ltr'><strong>ulterius</strong></span> <span class='ocrx_word' id='word_1_489' title='bbox 911 3103 1191 3174; x_wconf 83' lang='lat' dir='ltr'><strong>progredi</strong></span> <span class='ocrx_word' id='word_1_490' title='bbox 1211 3103 1385 3161; x_wconf 90' lang='lat' dir='ltr'><strong>liceat</strong></span> <span class='ocrx_word' id='word_1_491' title='bbox 1401 3122 1414 3160; x_wconf 88' lang='lat'><strong>:</strong></span> <span class='ocrx_word' id='word_1_492' title='bbox 1433 3121 1644 3178; x_wconf 92' lang='lat' dir='ltr'><strong>nempe</strong></span> <span class='ocrx_word' id='word_1_493' title='bbox 1665 3121 1701 3161; x_wconf 83' lang='grc' dir='ltr'><strong>α</strong></span> <span class='ocrx_word' id='word_1_494' title='bbox 1723 3105 1755 3160; x_wconf 85' lang='lat' dir='ltr'><em>b</em></span> <span class='ocrx_word' id='word_1_495' title='bbox 1779 3123 1810 3162; x_wconf 89' lang='lat' dir='ltr'><strong>c</strong></span> <span class='ocrx_word' id='word_1_496' title='bbox 1839 3123 1870 3162; x_wconf 87' lang='lat' dir='ltr'><strong>e</strong></span> <span class='ocrx_word' id='word_1_497' title='bbox 1893 3108 1934 3176; x_wconf 69' lang='grc' dir='ltr'><em>Γ</em></span> <span class='ocrx_word' id='word_1_498' title='bbox 1947 3123 1986 3177; x_wconf 84' lang='lat' dir='ltr'><strong>g</strong></span> <span class='ocrx_word' id='word_1_499' title='bbox 2013 3107 2052 3162; x_wconf 85' lang='lat' dir='ltr'><strong>h</strong></span> <span class='ocrx_word' id='word_1_500' title='bbox 2074 3109 2292 3178; x_wconf 88' lang='lat' dir='ltr'><strong>tempe-</strong></span> 
     </span>
    </p>
   </div>
   <div class='ocr_carea' id='block_1_57' title="bbox 636 3191 2289 3268">
    <p class='ocr_par' dir='ltr' id='par_1_57' title="bbox 636 3191 2289 3268">
     <span class='ocr_line' id='line_1_57' title="bbox 636 3191 2289 3268; baseline 0.002 -23"><span class='ocrx_word' id='word_1_501' title='bbox 636 3195 770 3246; x_wconf 87' lang='lat' dir='ltr'><strong>rant</strong></span> <span class='ocrx_word' id='word_1_502' title='bbox 799 3191 1136 3263; x_wconf 89' lang='lat' dir='ltr'><strong>simplicem</strong></span> <span class='ocrx_word' id='word_1_503' title='bbox 1167 3193 1496 3262; x_wconf 88' lang='lat' dir='ltr'><strong>hominem,</strong></span> <span class='ocrx_word' id='word_1_504' title='bbox 1538 3195 2034 3268; x_wconf 82' lang='lat' dir='ltr'><strong>quandoquidem</strong></span> <span class='ocrx_word' id='word_1_505' title='bbox 2062 3193 2289 3266; x_wconf 89' lang='lat' dir='ltr'><strong>simpli-</strong></span> 
     </span>
    </p>
   </div>
   <div class='ocr_carea' id='block_1_58' title="bbox 637 3281 2288 3357">
    <p class='ocr_par' dir='ltr' id='par_1_58' title="bbox 637 3281 2288 3357">
     <span class='ocr_line' id='line_1_58' title="bbox 637 3281 2288 3357; baseline 0.002 -24"><span class='ocrx_word' id='word_1_506' title='bbox 637 3295 769 3334; x_wconf 84' lang='lat' dir='ltr'><strong>cem</strong></span> <span class='ocrx_word' id='word_1_507' title='bbox 799 3281 1288 3352; x_wconf 90' lang='lat' dir='ltr'><strong>conjugationem</strong></span> <span class='ocrx_word' id='word_1_508' title='bbox 1319 3284 1703 3340; x_wconf 91' lang='lat' dir='ltr'><strong>constituunt.</strong></span> <span class='ocrx_word' id='word_1_509' title='bbox 1723 3283 2062 3357; x_wconf 89' lang='lat' dir='ltr'><strong>Simplicem</strong></span> <span class='ocrx_word' id='word_1_510' title='bbox 2086 3287 2288 3338; x_wconf 90' lang='lat' dir='ltr'><strong>autem</strong></span> 
     </span>
    </p>
   </div>
   <div class='ocr_carea' id='block_1_59' title="bbox 637 3367 2288 3446">
    <p class='ocr_par' dir='ltr' id='par_1_59' title="bbox 637 3367 2288 3446">
     <span class='ocr_line' id='line_1_59' title="bbox 637 3367 2288 3446; baseline 0.002 -24"><span class='ocrx_word' id='word_1_511' title='bbox 637 3367 947 3424; x_wconf 88' lang='lat' dir='ltr'><strong>hominem</strong></span> <span class='ocrx_word' id='word_1_512' title='bbox 970 3373 1026 3424; x_wconf 91' lang='lat' dir='ltr'><strong>et</strong></span> <span class='ocrx_word' id='word_1_513' title='bbox 1051 3371 1382 3442; x_wconf 90' lang='lat' dir='ltr'><strong>simplicem</strong></span> <span class='ocrx_word' id='word_1_514' title='bbox 1413 3373 1902 3444; x_wconf 87' lang='lat' dir='ltr'><strong>conjugationem</strong></span> <span class='ocrx_word' id='word_1_515' title='bbox 1933 3389 2043 3446; x_wconf 92' lang='lat' dir='ltr'><strong>pro</strong></span> <span class='ocrx_word' id='word_1_516' title='bbox 2074 3370 2288 3429; x_wconf 89' lang='lat' dir='ltr'><strong>eodem</strong></span> 
     </span>
    </p>
   </div>
   <div class='ocr_carea' id='block_1_60' title="bbox 640 3460 2286 3534">
    <p class='ocr_par' dir='ltr' id='par_1_60' title="bbox 640 3460 2286 3534">
     <span class='ocr_line' id='line_1_60' title="bbox 640 3460 2286 3534; baseline 0.005 -27"><span class='ocrx_word' id='word_1_517' title='bbox 640 3470 888 3526; x_wconf 89' lang='lat' dir='ltr'><strong>usurpo,</strong></span> <span class='ocrx_word' id='word_1_518' title='bbox 933 3471 1152 3530; x_wconf 90' lang='lat' dir='ltr'><strong>nempe</strong></span> <span class='ocrx_word' id='word_1_519' title='bbox 1195 3475 1304 3531; x_wconf 90' lang='lat' dir='ltr'><strong>pro</strong></span> <span class='ocrx_word' id='word_1_520' title='bbox 1335 3460 1589 3532; x_wconf 82' lang='lat' dir='ltr'><strong>perfecte</strong></span> <span class='ocrx_word' id='word_1_521' title='bbox 1638 3466 1966 3534; x_wconf 89' lang='lat' dir='ltr'><strong>temperato</strong></span> <span class='ocrx_word' id='word_1_522' title='bbox 2021 3461 2286 3527; x_wconf 91' lang='lat' dir='ltr'><strong>homine,</strong></span> 
     </span>
    </p>
   </div>
   <div class='ocr_carea' id='block_1_61' title="bbox 641 3543 2290 3620">
    <p class='ocr_par' dir='ltr' id='par_1_61' title="bbox 641 3543 2290 3620">
     <span class='ocr_line' id='line_1_61' title="bbox 641 3543 2290 3620; baseline 0.005 -24"><span class='ocrx_word' id='word_1_523' title='bbox 641 3557 747 3597; x_wconf 91' lang='lat' dir='ltr'><strong>seu</strong></span> <span class='ocrx_word' id='word_1_524' title='bbox 778 3543 1031 3614; x_wconf 83' lang='lat' dir='ltr'><strong>perfecte</strong></span> <span class='ocrx_word' id='word_1_525' title='bbox 1061 3550 1534 3620; x_wconf 89' lang='lat' dir='ltr'><strong>temperataconj</strong></span> <span class='ocrx_word' id='word_1_526' title='bbox 1547 3551 1847 3620; x_wconf 88' lang='lat' dir='ltr'><strong>ugatione.</strong></span> <span class='ocrx_word' id='word_1_527' title='bbox 1869 3550 2134 3606; x_wconf 82' lang='lat' dir='ltr'><strong>Aliarum</strong></span> <span class='ocrx_word' id='word_1_528' title='bbox 2147 3564 2290 3605; x_wconf 86' lang='lat' dir='ltr'><strong>vero</strong></span> 
     </span>
    </p>
   </div>
   <div class='ocr_carea' id='block_1_62' title="bbox 641 3633 2292 3719">
    <p class='ocr_par' dir='ltr' id='par_1_62' title="bbox 641 3633 2292 3719">
     <span class='ocr_line' id='line_1_62' title="bbox 641 3633 2292 3719; baseline 0.005 -33"><span class='ocrx_word' id='word_1_529' title='bbox 641 3633 1130 3703; x_wconf 90' lang='lat' dir='ltr'><strong>conjugationum</strong></span> <span class='ocrx_word' id='word_1_530' title='bbox 1152 3652 1532 3719; x_wconf 64' lang='lat' dir='ltr'><strong>unaquaeque</strong></span> <span class='ocrx_word' id='word_1_531' title='bbox 1564 3655 1729 3695; x_wconf 90' lang='lat' dir='ltr'><strong>suam</strong></span> <span class='ocrx_word' id='word_1_532' title='bbox 1758 3639 1940 3696; x_wconf 81' lang='lat' dir='ltr'><strong>habet</strong></span> <span class='ocrx_word' id='word_1_533' title='bbox 1964 3639 2292 3712; x_wconf 87' lang='lat' dir='ltr'><strong>proprieta-</strong></span> 
     </span>
    </p>
   </div>
   <div class='ocr_carea' id='block_1_63' title="bbox 642 3723 2293 3798">
    <p class='ocr_par' dir='ltr' id='par_1_63' title="bbox 642 3723 2293 3798">
     <span class='ocr_line' id='line_1_63' title="bbox 642 3723 2293 3798; baseline 0.004 -22"><span class='ocrx_word' id='word_1_534' title='bbox 642 3723 780 3778; x_wconf 91' lang='lat' dir='ltr'><strong>tem.</strong></span> <span class='ocrx_word' id='word_1_535' title='bbox 813 3724 1032 3779; x_wconf 90' lang='lat' dir='ltr'><strong>Omnes</strong></span> <span class='ocrx_word' id='word_1_536' title='bbox 1063 3725 1527 3797; x_wconf 89' lang='lat' dir='ltr'><strong>igiturhomines</strong></span> <span class='ocrx_word' id='word_1_537' title='bbox 1541 3727 2193 3798; x_wconf 88' lang='lat' dir='ltr'><strong>suntnonagintaduo:</strong></span> <span class='ocrx_word' id='word_1_538' title='bbox 2236 3730 2293 3782; x_wconf 95' lang='lat' dir='ltr'><strong>et</strong></span> 
     </span>
    </p>
   </div>
   <div class='ocr_carea' id='block_1_64' title="bbox 642 3812 2292 3889">
    <p class='ocr_par' dir='ltr' id='par_1_64' title="bbox 642 3812 2292 3889">
     <span class='ocr_line' id='line_1_64' title="bbox 642 3812 2292 3889; baseline 0.003 -23"><span class='ocrx_word' id='word_1_539' title='bbox 642 3812 898 3885; x_wconf 88' lang='lat' dir='ltr'><strong>simplex</strong></span> <span class='ocrx_word' id='word_1_540' title='bbox 929 3829 1148 3886; x_wconf 89' lang='lat' dir='ltr'><strong>nempe</strong></span> <span class='ocrx_word' id='word_1_541' title='bbox 1196 3815 1490 3888; x_wconf 87' lang='lat' dir='ltr'><strong>perfectus</strong></span> <span class='ocrx_word' id='word_1_542' title='bbox 1543 3834 1556 3872; x_wconf 93' lang='lat'>:</span> <span class='ocrx_word' id='word_1_543' title='bbox 1616 3817 1878 3889; x_wconf 89' lang='lat' dir='ltr'><strong>itemque</strong></span> <span class='ocrx_word' id='word_1_544' title='bbox 1929 3816 2011 3872; x_wconf 92' lang='lat' dir='ltr'><strong>illi</strong></span> <span class='ocrx_word' id='word_1_545' title='bbox 2067 3831 2172 3888; x_wconf 84' lang='lat' dir='ltr'><strong>qui</strong></span> <span class='ocrx_word' id='word_1_546' title='bbox 2219 3831 2292 3872; x_wconf 80' lang='lat' dir='ltr'><strong>ex</strong></span> 
     </span>
    </p>
   </div>
   <div class='ocr_carea' id='block_1_65' title="bbox 642 3901 2293 3977">
    <p class='ocr_par' dir='ltr' id='par_1_65' title="bbox 642 3901 2293 3977">
     <span class='ocr_line' id='line_1_65' title="bbox 642 3901 2293 3977; baseline 0.002 -21"><span class='ocrx_word' id='word_1_547' title='bbox 642 3906 870 3974; x_wconf 86' lang='lat' dir='ltr'><strong>septem</strong></span> <span class='ocrx_word' id='word_1_548' title='bbox 900 3901 1154 3975; x_wconf 86' lang='lat' dir='ltr'><strong>simplici</strong></span> <span class='ocrx_word' id='word_1_549' title='bbox 1183 3905 1590 3976; x_wconf 88' lang='lat' dir='ltr'><strong>conjugationi</strong></span> <span class='ocrx_word' id='word_1_550' title='bbox 1619 3903 2120 3977; x_wconf 84' lang='lat' dir='ltr'><strong>respondentibus</strong></span> <span class='ocrx_word' id='word_1_551' title='bbox 2149 3908 2293 3959; x_wconf 85' lang='lat' dir='ltr'><strong>tem-</strong></span> 
     </span>
    </p>
   </div>
   <div class='ocr_carea' id='block_1_66' title="bbox 2397 2735 3919 2820">
    <p class='ocr_par' dir='ltr' id='par_1_66' title="bbox 2397 2735 3919 2820">
     <span class='ocr_line' id='line_1_66' title="bbox 2397 2735 3919 2820; baseline -0.011 -16"><span class='ocrx_word' id='word_1_552' title='bbox 2397 2749 2817 2820; x_wconf 88' lang='lat' dir='ltr'><strong>comparatum</strong></span> <span class='ocrx_word' id='word_1_553' title='bbox 2865 2761 3004 2801; x_wconf 90' lang='lat' dir='ltr'><strong>cum</strong></span> <span class='ocrx_word' id='word_1_554' title='bbox 3055 2745 3171 2801; x_wconf 89' lang='lat' dir='ltr'><strong>alio</strong></span> <span class='ocrx_word' id='word_1_555' title='bbox 3255 2760 3293 2802; x_wconf 90' lang='lat' dir='ltr'><strong>a</strong></span> <span class='ocrx_word' id='word_1_556' title='bbox 3346 2746 3612 2818; x_wconf 91' lang='lat' dir='ltr'><strong>ejusdem</strong></span> <span class='ocrx_word' id='word_1_557' title='bbox 3666 2735 3919 2811; x_wconf 80' lang='lat' dir='ltr'><strong>conjugatio-</strong></span> 
     </span>
    </p>
   </div>
   <div class='ocr_carea' id='block_1_67' title="bbox 2395 2832 3918 2892">
    <p class='ocr_par' dir='ltr' id='par_1_67' title="bbox 2395 2832 3918 2892">
     <span class='ocr_line' id='line_1_67' title="bbox 2395 2832 3918 2892; baseline -0.011 0"><span class='ocrx_word' id='word_1_558' title='bbox 2395 2837 2489 2892; x_wconf 91' lang='lat' dir='ltr'><strong>nis</strong></span> <span class='ocrx_word' id='word_1_559' title='bbox 2519 2840 2646 2892; x_wconf 90' lang='lat' dir='ltr'><strong>tum</strong></span> <span class='ocrx_word' id='word_1_560' title='bbox 2675 2834 3089 2890; x_wconf 90' lang='lat' dir='ltr'><strong>remissionem</strong></span> <span class='ocrx_word' id='word_1_561' title='bbox 3121 2839 3249 2890; x_wconf 89' lang='lat' dir='ltr'><strong>tum</strong></span> <span class='ocrx_word' id='word_1_562' title='bbox 3279 2835 3462 2892; x_wconf 90' lang='lat' dir='ltr'><strong>etiam</strong></span> <span class='ocrx_word' id='word_1_563' title='bbox 3493 2832 3826 2890; x_wconf 88' lang='lat' dir='ltr'><strong>intensionem</strong></span> <span class='ocrx_word' id='word_1_564' title='bbox 3845 2838 3918 2878; x_wconf 81' lang='lat' dir='ltr'><strong>sus-</strong></span> 
     </span>
    </p>
   </div>
   <div class='ocr_carea' id='block_1_68' title="bbox 2396 2914 3917 2998">
    <p class='ocr_par' dir='ltr' id='par_1_68' title="bbox 2396 2914 3917 2998">
     <span class='ocr_line' id='line_1_68' title="bbox 2396 2914 3917 2998; baseline -0.007 -17"><span class='ocrx_word' id='word_1_565' title='bbox 2396 2925 2559 2998; x_wconf 89' lang='lat' dir='ltr'><strong>cipit.</strong></span> <span class='ocrx_word' id='word_1_566' title='bbox 2591 2927 2786 2997; x_wconf 89' lang='lat' dir='ltr'><strong>Neque</strong></span> <span class='ocrx_word' id='word_1_567' title='bbox 2810 2939 2953 2979; x_wconf 83' lang='lat' dir='ltr'><strong>vero</strong></span> <span class='ocrx_word' id='word_1_568' title='bbox 2996 2928 3214 2981; x_wconf 89' lang='lat' dir='ltr'><strong>natura</strong></span> <span class='ocrx_word' id='word_1_569' title='bbox 3259 2925 3343 2980; x_wconf 90' lang='lat' dir='ltr'><strong>ita</strong></span> <span class='ocrx_word' id='word_1_570' title='bbox 3395 2926 3774 2996; x_wconf 90' lang='lat' dir='ltr'><strong>comparatum</strong></span> <span class='ocrx_word' id='word_1_571' title='bbox 3816 2914 3917 2970; x_wconf 69' lang='lat' dir='ltr'><strong>esset.</strong></span> 
     </span>
    </p>
   </div>
   <div class='ocr_carea' id='block_1_69' title="bbox 2397 3005 3918 3086">
    <p class='ocr_par' dir='ltr' id='par_1_69' title="bbox 2397 3005 3918 3086">
     <span class='ocr_line' id='line_1_69' title="bbox 2397 3005 3918 3086; baseline -0.005 -16"><span class='ocrx_word' id='word_1_572' title='bbox 2397 3015 2509 3071; x_wconf 89' lang='lat' dir='ltr'><strong>nisi</strong></span> <span class='ocrx_word' id='word_1_573' title='bbox 2530 3014 2734 3070; x_wconf 86' lang='lat' dir='ltr'><strong>omnia</strong></span> <span class='ocrx_word' id='word_1_574' title='bbox 2757 3013 3067 3070; x_wconf 85' lang='lat' dir='ltr'><strong>individua</strong></span> <span class='ocrx_word' id='word_1_575' title='bbox 3095 3029 3132 3070; x_wconf 92' lang='lat' dir='ltr'><strong>a</strong></span> <span class='ocrx_word' id='word_1_576' title='bbox 3163 3013 3437 3086; x_wconf 91' lang='lat' dir='ltr'><strong>ejusdem</strong></span> <span class='ocrx_word' id='word_1_577' title='bbox 3475 3005 3844 3084; x_wconf 84' lang='lat' dir='ltr'><strong>conjugationis</strong></span> <span class='ocrx_word' id='word_1_578' title='bbox 3869 3014 3918 3054; x_wconf 63' lang='grc' dir='ltr'><strong>εξ-</strong></span> 
     </span>
    </p>
   </div>
   <div class='ocr_carea' id='block_1_70' title="bbox 2399 3090 3920 3175">
    <p class='ocr_par' dir='ltr' id='par_1_70' title="bbox 2399 3090 3920 3175">
     <span class='ocr_line' id='line_1_70' title="bbox 2399 3090 3920 3175; baseline -0.009 -15"><span class='ocrx_word' id='word_1_579' title='bbox 2399 3103 2610 3160; x_wconf 68' lang='lat' dir='ltr'><strong>cundaa</strong></span> <span class='ocrx_word' id='word_1_580' title='bbox 2631 3106 2829 3159; x_wconf 89' lang='lat' dir='ltr'><strong>essent</strong></span> <span class='ocrx_word' id='word_1_581' title='bbox 2850 3103 3190 3159; x_wconf 85' lang='lat' dir='ltr'><strong>necessario</strong></span> <span class='ocrx_word' id='word_1_582' title='bbox 3215 3107 3460 3175; x_wconf 85' lang='lat' dir='ltr'><strong>propter</strong></span> <span class='ocrx_word' id='word_1_583' title='bbox 3484 3101 3731 3159; x_wconf 85' lang='lat' dir='ltr'><strong>videlicet</strong></span> <span class='ocrx_word' id='word_1_584' title='bbox 3742 3090 3920 3152; x_wconf 58' lang='lat' dir='ltr'><strong>intensia</strong></span> 
     </span>
    </p>
   </div>
   <div class='ocr_carea' id='block_1_71' title="bbox 2397 3183 3921 3262">
    <p class='ocr_par' dir='ltr' id='par_1_71' title="bbox 2397 3183 3921 3262">
     <span class='ocr_line' id='line_1_71' title="bbox 2397 3183 3921 3262; baseline -0.005 -13"><span class='ocrx_word' id='word_1_585' title='bbox 2397 3207 2537 3249; x_wconf 90' lang='lat' dir='ltr'><strong>nem</strong></span> <span class='ocrx_word' id='word_1_586' title='bbox 2569 3196 2624 3248; x_wconf 91' lang='lat' dir='ltr'><strong>et</strong></span> <span class='ocrx_word' id='word_1_587' title='bbox 2651 3191 3090 3248; x_wconf 90' lang='lat' dir='ltr'><strong>remissionem.</strong></span> <span class='ocrx_word' id='word_1_588' title='bbox 3120 3193 3326 3247; x_wconf 87' lang='lat' dir='ltr'><strong>Utrum</strong></span> <span class='ocrx_word' id='word_1_589' title='bbox 3354 3192 3531 3262; x_wconf 84' lang='lat' dir='ltr'><strong>igitur</strong></span> <span class='ocrx_word' id='word_1_590' title='bbox 3557 3191 3613 3246; x_wconf 92' lang='lat' dir='ltr'><strong>in</strong></span> <span class='ocrx_word' id='word_1_591' title='bbox 3640 3188 3718 3244; x_wconf 89' lang='lat' dir='ltr'><strong>his</strong></span> <span class='ocrx_word' id='word_1_592' title='bbox 3735 3183 3921 3252; x_wconf 66' lang='lat' dir='ltr'><strong>conjuga&#39;</strong></span> 
     </span>
    </p>
   </div>
   <div class='ocr_carea' id='block_1_72' title="bbox 2399 3269 3921 3358">
    <p class='ocr_par' dir='ltr' id='par_1_72' title="bbox 2399 3269 3921 3358">
     <span class='ocr_line' id='line_1_72' title="bbox 2399 3269 3921 3358; baseline -0.009 -21"><span class='ocrx_word' id='word_1_593' title='bbox 2399 3281 2658 3337; x_wconf 89' lang='lat' dir='ltr'><strong>tionibus</strong></span> <span class='ocrx_word' id='word_1_594' title='bbox 2680 3295 2858 3336; x_wconf 92' lang='lat' dir='ltr'><strong>omne</strong></span> <span class='ocrx_word' id='word_1_595' title='bbox 2878 3279 3212 3336; x_wconf 89' lang='lat' dir='ltr'><strong>individum</strong></span> <span class='ocrx_word' id='word_1_596' title='bbox 3237 3281 3560 3336; x_wconf 87' lang='lat' dir='ltr'><strong>includitur</strong></span> <span class='ocrx_word' id='word_1_597' title='bbox 3585 3282 3633 3334; x_wconf 94' lang='lat' dir='ltr'><strong>et</strong></span> <span class='ocrx_word' id='word_1_598' title='bbox 3653 3269 3921 3358; x_wconf 55' lang='lat' dir='ltr'><strong>comprehcn-</strong></span> 
     </span>
    </p>
   </div>
   <div class='ocr_carea' id='block_1_73' title="bbox 2397 3357 3921 3441">
    <p class='ocr_par' dir='ltr' id='par_1_73' title="bbox 2397 3357 3921 3441">
     <span class='ocr_line' id='line_1_73' title="bbox 2397 3357 3921 3441; baseline -0.009 -14"><span class='ocrx_word' id='word_1_599' title='bbox 2397 3371 2556 3427; x_wconf 89' lang='lat' dir='ltr'><strong>ditur</strong></span> <span class='ocrx_word' id='word_1_600' title='bbox 2577 3371 2604 3424; x_wconf 82' lang='lat'><strong><em>?</em></strong></span> <span class='ocrx_word' id='word_1_601' title='bbox 2634 3373 2691 3426; x_wconf 92' lang='lat' dir='ltr'><strong>et</strong></span> <span class='ocrx_word' id='word_1_602' title='bbox 2711 3385 2921 3425; x_wconf 90' lang='lat' dir='ltr'><strong>omnes</strong></span> <span class='ocrx_word' id='word_1_603' title='bbox 2939 3374 3075 3425; x_wconf 91' lang='lat' dir='ltr'><strong>sunt</strong></span> <span class='ocrx_word' id='word_1_604' title='bbox 3096 3370 3444 3441; x_wconf 86' lang='lat' dir='ltr'><strong>monaginta</strong></span> <span class='ocrx_word' id='word_1_605' title='bbox 3475 3369 3592 3424; x_wconf 92' lang='lat' dir='ltr'><strong>duo</strong></span> <span class='ocrx_word' id='word_1_606' title='bbox 3620 3382 3736 3422; x_wconf 87' lang='lat' dir='ltr'><strong>cum</strong></span> <span class='ocrx_word' id='word_1_607' title='bbox 3755 3357 3921 3429; x_wconf 65' lang='lat' dir='ltr'><strong>simplice</strong></span> 
     </span>
    </p>
   </div>
   <div class='ocr_carea' id='block_1_74' title="bbox 2398 3445 3919 3536">
    <p class='ocr_par' dir='ltr' id='par_1_74' title="bbox 2398 3445 3919 3536">
     <span class='ocr_line' id='line_1_74' title="bbox 2398 3445 3919 3536; baseline -0.007 -22"><span class='ocrx_word' id='word_1_608' title='bbox 2398 3463 2455 3514; x_wconf 91' lang='lat' dir='ltr'><strong>et</strong></span> <span class='ocrx_word' id='word_1_609' title='bbox 2472 3458 2585 3514; x_wconf 89' lang='lat' dir='ltr'><strong>illis</strong></span> <span class='ocrx_word' id='word_1_610' title='bbox 2619 3461 2849 3530; x_wconf 90' lang='lat' dir='ltr'><strong>septem</strong></span> <span class='ocrx_word' id='word_1_611' title='bbox 2875 3457 2980 3529; x_wconf 90' lang='lat' dir='ltr'><strong>qui</strong></span> <span class='ocrx_word' id='word_1_612' title='bbox 3009 3456 3141 3529; x_wconf 89' lang='lat' dir='ltr'><strong>pari</strong></span> <span class='ocrx_word' id='word_1_613' title='bbox 3171 3457 3224 3512; x_wconf 87' lang='lat' dir='ltr'><strong>vi</strong></span> <span class='ocrx_word' id='word_1_614' title='bbox 3259 3458 3511 3530; x_wconf 89' lang='lat' dir='ltr'><strong>parique</strong></span> <span class='ocrx_word' id='word_1_615' title='bbox 3531 3455 3772 3512; x_wconf 82' lang='lat' dir='ltr'><strong>facultate</strong></span> <span class='ocrx_word' id='word_1_616' title='bbox 3789 3445 3919 3536; x_wconf 58' lang='lat' dir='ltr'><strong>conjtl&#39;</strong></span> 
     </span>
    </p>
   </div>
   <div class='ocr_carea' id='block_1_75' title="bbox 2399 3540 3920 3618">
    <p class='ocr_par' dir='ltr' id='par_1_75' title="bbox 2399 3540 3920 3618">
     <span class='ocr_line' id='line_1_75' title="bbox 2399 3540 3920 3618; baseline -0.015 -14"><span class='ocrx_word' id='word_1_617' title='bbox 2399 3547 2623 3616; x_wconf 87' lang='lat' dir='ltr'><strong>gationi</strong></span> <span class='ocrx_word' id='word_1_618' title='bbox 2647 3545 2896 3618; x_wconf 90' lang='lat' dir='ltr'><strong>simplici</strong></span> <span class='ocrx_word' id='word_1_619' title='bbox 2925 3545 3322 3618; x_wconf 90' lang='lat' dir='ltr'><strong>respondent;</strong></span> <span class='ocrx_word' id='word_1_620' title='bbox 3346 3553 3545 3602; x_wconf 89' lang='lat' dir='ltr'><strong>utrum</strong></span> <span class='ocrx_word' id='word_1_621' title='bbox 3569 3545 3724 3600; x_wconf 88' lang='lat' dir='ltr'><strong>etiam</strong></span> <span class='ocrx_word' id='word_1_622' title='bbox 3742 3540 3920 3593; x_wconf 74' lang='lat' dir='ltr'><strong>intensio-</strong></span> 
     </span>
    </p>
   </div>
   <div class='ocr_carea' id='block_1_76' title="bbox 2398 3629 3919 3706">
    <p class='ocr_par' dir='ltr' id='par_1_76' title="bbox 2398 3629 3919 3706">
     <span class='ocr_line' id='line_1_76' title="bbox 2398 3629 3919 3706; baseline -0.003 -14"><span class='ocrx_word' id='word_1_623' title='bbox 2398 3651 2540 3692; x_wconf 91' lang='lat' dir='ltr'><strong>nem</strong></span> <span class='ocrx_word' id='word_1_624' title='bbox 2579 3639 2634 3691; x_wconf 90' lang='lat' dir='ltr'><strong>et</strong></span> <span class='ocrx_word' id='word_1_625' title='bbox 2688 3634 3108 3690; x_wconf 90' lang='lat' dir='ltr'><strong>remissionem</strong></span> <span class='ocrx_word' id='word_1_626' title='bbox 3161 3635 3481 3706; x_wconf 87' lang='lat' dir='ltr'><strong>qualitates</strong></span> <span class='ocrx_word' id='word_1_627' title='bbox 3517 3635 3576 3690; x_wconf 94' lang='lat' dir='ltr'><strong>in</strong></span> <span class='ocrx_word' id='word_1_628' title='bbox 3627 3630 3732 3686; x_wconf 92' lang='lat' dir='ltr'><strong>suis</strong></span> <span class='ocrx_word' id='word_1_629' title='bbox 3761 3629 3919 3698; x_wconf 60' lang='lat' dir='ltr'><strong>quiﬁt“e</strong></span> 
     </span>
    </p>
   </div>
   <div class='ocr_carea' id='block_1_77' title="bbox 2399 3717 3917 3798">
    <p class='ocr_par' dir='ltr' id='par_1_77' title="bbox 2399 3717 3917 3798">
     <span class='ocr_line' id='line_1_77' title="bbox 2399 3717 3917 3798; baseline -0.007 -17"><span class='ocrx_word' id='word_1_630' title='bbox 2399 3723 2924 3795; x_wconf 89' lang='lat' dir='ltr'><strong>conjugationibus</strong></span> <span class='ocrx_word' id='word_1_631' title='bbox 2955 3722 3338 3795; x_wconf 78' lang='lat' dir='ltr'><strong>suscipiunt?</strong></span> <span class='ocrx_word' id='word_1_632' title='bbox 3388 3721 3808 3790; x_wconf 87' lang='lat' dir='ltr'><strong>uniuscujusque</strong></span> <span class='ocrx_word' id='word_1_633' title='bbox 3842 3717 3917 3798; x_wconf 42' lang='lat' dir='ltr'><strong>VP“:</strong></span> 
     </span>
    </p>
   </div>
   <div class='ocr_carea' id='block_1_78' title="bbox 2400 3803 3915 3884">
    <p class='ocr_par' dir='ltr' id='par_1_78' title="bbox 2400 3803 3915 3884">
     <span class='ocr_line' id='line_1_78' title="bbox 2400 3803 3915 3884; baseline -0.006 -15"><span class='ocrx_word' id='word_1_634' title='bbox 2400 3812 2838 3884; x_wconf 88' lang='lat' dir='ltr'><strong>conjugationis</strong></span> <span class='ocrx_word' id='word_1_635' title='bbox 2870 3811 3181 3867; x_wconf 89' lang='lat' dir='ltr'><strong>individua</strong></span> <span class='ocrx_word' id='word_1_636' title='bbox 3220 3815 3362 3868; x_wconf 88' lang='lat' dir='ltr'><strong>sunt</strong></span> <span class='ocrx_word' id='word_1_637' title='bbox 3392 3812 3619 3868; x_wconf 83' lang='lat' dir='ltr'><strong>inﬁnita</strong></span> <span class='ocrx_word' id='word_1_638' title='bbox 3653 3826 3665 3863; x_wconf 92' lang='lat'>:</span> <span class='ocrx_word' id='word_1_639' title='bbox 3712 3817 3806 3861; x_wconf 86' lang='lat' dir='ltr'><strong>non</strong></span> <span class='ocrx_word' id='word_1_640' title='bbox 3826 3803 3915 3869; x_wconf 61' lang='lat' dir='ltr'><strong>quod</strong></span> 
     </span>
    </p>
   </div>
   <div class='ocr_carea' id='block_1_79' title="bbox 2401 3889 3915 3972">
    <p class='ocr_par' dir='ltr' id='par_1_79' title="bbox 2401 3889 3915 3972">
     <span class='ocr_line' id='line_1_79' title="bbox 2401 3889 3915 3972; baseline -0.016 -14"><span class='ocrx_word' id='word_1_641' title='bbox 2401 3902 2516 3958; x_wconf 91' lang='lat' dir='ltr'><strong>sint</strong></span> <span class='ocrx_word' id='word_1_642' title='bbox 2545 3905 2710 3957; x_wconf 84' lang='lat' dir='ltr'><strong>extra</strong></span> <span class='ocrx_word' id='word_1_643' title='bbox 2739 3901 2900 3972; x_wconf 90' lang='lat' dir='ltr'><strong>ipsas</strong></span> <span class='ocrx_word' id='word_1_644' title='bbox 2931 3900 3407 3971; x_wconf 88' lang='lat' dir='ltr'><strong>conjugationes,</strong></span> <span class='ocrx_word' id='word_1_645' title='bbox 3437 3901 3539 3957; x_wconf 89' lang='lat' dir='ltr'><strong>sed</strong></span> <span class='ocrx_word' id='word_1_646' title='bbox 3571 3900 3777 3972; x_wconf 83' lang='lat' dir='ltr'><strong>propter</strong></span> <span class='ocrx_word' id='word_1_647' title='bbox 3806 3889 3915 3942; x_wconf 81' lang='lat' dir='ltr'><strong>inten-</strong></span> 
     </span>
    </p>
   </div>
   <div class='ocr_carea' id='block_1_80' title="bbox 641 3983 3916 4066">
    <p class='ocr_par' dir='ltr' id='par_1_80' title="bbox 641 3983 3916 4066">
     <span class='ocr_line' id='line_1_80' title="bbox 641 3983 3916 4066; baseline -0.004 -20"><span class='ocrx_word' id='word_1_648' title='bbox 641 3996 946 4063; x_wconf 88' lang='lat' dir='ltr'><strong>perantur.</strong></span> <span class='ocrx_word' id='word_1_649' title='bbox 977 3993 1160 4049; x_wconf 90' lang='lat' dir='ltr'><strong>Porro</strong></span> <span class='ocrx_word' id='word_1_650' title='bbox 1187 4009 1396 4049; x_wconf 91' lang='lat' dir='ltr'><strong>omnes</strong></span> <span class='ocrx_word' id='word_1_651' title='bbox 1427 3999 1608 4066; x_wconf 89' lang='lat' dir='ltr'><strong>atque</strong></span> <span class='ocrx_word' id='word_1_652' title='bbox 1634 3993 1786 4050; x_wconf 88' lang='lat' dir='ltr'><strong>adeo</strong></span> <span class='ocrx_word' id='word_1_653' title='bbox 1840 3993 2096 4065; x_wconf 82' lang='lat' dir='ltr'><strong>simplex</strong></span> <span class='ocrx_word' id='word_1_654' title='bbox 2152 3997 2291 4050; x_wconf 90' lang='lat' dir='ltr'><strong>sunt</strong></span> <span class='ocrx_word' id='word_1_655' title='bbox 2323 4006 2368 4060; x_wconf 85' lang='lat'><strong>1)</strong></span> <span class='ocrx_word' id='word_1_656' title='bbox 2402 3991 2632 4046; x_wconf 90' lang='lat' dir='ltr'><strong>sionem</strong></span> <span class='ocrx_word' id='word_1_657' title='bbox 2663 3993 2720 4045; x_wconf 91' lang='lat' dir='ltr'><strong>et</strong></span> <span class='ocrx_word' id='word_1_658' title='bbox 2747 3989 3162 4044; x_wconf 84' lang='lat' dir='ltr'><strong>remissionem</strong></span> <span class='ocrx_word' id='word_1_659' title='bbox 3179 4005 3442 4062; x_wconf 91' lang='lat' dir='ltr'><strong>quarum</strong></span> <span class='ocrx_word' id='word_1_660' title='bbox 3462 3993 3692 4058; x_wconf 88' lang='lat' dir='ltr'><strong>utraque</strong></span> <span class='ocrx_word' id='word_1_661' title='bbox 3710 3983 3823 4038; x_wconf 85' lang='lat' dir='ltr'><strong>intra</strong></span> <span class='ocrx_word' id='word_1_662' title='bbox 3843 3983 3916 4066; x_wconf 54' lang='grc' dir='ltr'><strong>φιν</strong></span> 
     </span>
    </p>
   </div>
   <div class='ocr_carea' id='block_1_81' title="bbox 639 4079 2294 4154">
    <p class='ocr_par' dir='ltr' id='par_1_81' title="bbox 639 4079 2294 4154">
     <span class='ocr_line' id='line_1_81' title="bbox 639 4079 2294 4154; baseline 0.001 -20"><span class='ocrx_word' id='word_1_663' title='bbox 639 4079 870 4147; x_wconf 90' lang='lat' dir='ltr'><strong>inﬁniti,</strong></span> <span class='ocrx_word' id='word_1_664' title='bbox 931 4097 1053 4136; x_wconf 92' lang='lat' dir='ltr'><strong>non</strong></span> <span class='ocrx_word' id='word_1_665' title='bbox 1113 4082 1449 4138; x_wconf 90' lang='lat' dir='ltr'><strong>secundum</strong></span> <span class='ocrx_word' id='word_1_666' title='bbox 1507 4081 1669 4138; x_wconf 88' lang='lat' dir='ltr'><strong>aliud</strong></span> <span class='ocrx_word' id='word_1_667' title='bbox 1716 4087 1895 4154; x_wconf 88' lang='lat' dir='ltr'><strong>atque</strong></span> <span class='ocrx_word' id='word_1_668' title='bbox 1947 4081 2131 4150; x_wconf 90' lang='lat' dir='ltr'><strong>aliud,</strong></span> <span class='ocrx_word' id='word_1_669' title='bbox 2187 4082 2294 4137; x_wconf 90' lang='lat' dir='ltr'><strong>sed</strong></span> 
     </span>
    </p>
   </div>
   <div class='ocr_carea' id='block_1_82' title="bbox 645 4171 2293 4244">
    <p class='ocr_par' dir='ltr' id='par_1_82' title="bbox 645 4171 2293 4244">
     <span class='ocr_line' id='line_1_82' title="bbox 645 4171 2293 4244; baseline 0.001 -20"><span class='ocrx_word' id='word_1_670' title='bbox 645 4174 943 4242; x_wconf 88' lang='lat' dir='ltr'><strong>quatenus</strong></span> <span class='ocrx_word' id='word_1_671' title='bbox 969 4171 1119 4226; x_wconf 89' lang='lat' dir='ltr'><strong>alius</strong></span> <span class='ocrx_word' id='word_1_672' title='bbox 1149 4171 1458 4244; x_wconf 89' lang='lat' dir='ltr'><strong>quispiam</strong></span> <span class='ocrx_word' id='word_1_673' title='bbox 1485 4176 1766 4244; x_wconf 84' lang='lat' dir='ltr'><strong>estatque</strong></span> <span class='ocrx_word' id='word_1_674' title='bbox 1783 4171 2085 4227; x_wconf 87' lang='lat' dir='ltr'><strong>dissimilis</strong></span> <span class='ocrx_word' id='word_1_675' title='bbox 2109 4187 2122 4226; x_wconf 88' lang='lat'><strong>:</strong></span> <span class='ocrx_word' id='word_1_676' title='bbox 2147 4186 2293 4226; x_wconf 90' lang='lat' dir='ltr'><strong>nam</strong></span> 
     </span>
    </p>
   </div>
   <div class='ocr_carea' id='block_1_83' title="bbox 643 4257 2290 4331">
    <p class='ocr_par' dir='ltr' id='par_1_83' title="bbox 643 4257 2290 4331">
     <span class='ocr_line' id='line_1_83' title="bbox 643 4257 2290 4331; baseline 0.002 -20"><span class='ocrx_word' id='word_1_677' title='bbox 643 4257 808 4312; x_wconf 88' lang='lat' dir='ltr'><strong>aliud</strong></span> <span class='ocrx_word' id='word_1_678' title='bbox 831 4259 1150 4316; x_wconf 87' lang='lat' dir='ltr'><strong>essentiam</strong></span> <span class='ocrx_word' id='word_1_679' title='bbox 1181 4261 1492 4331; x_wconf 83' lang='lat' dir='ltr'><strong>signiﬁcat,</strong></span> <span class='ocrx_word' id='word_1_680' title='bbox 1537 4266 1592 4317; x_wconf 93' lang='lat' dir='ltr'><strong>et</strong></span> <span class='ocrx_word' id='word_1_681' title='bbox 1636 4261 1794 4317; x_wconf 87' lang='lat' dir='ltr'><strong>aliud</strong></span> <span class='ocrx_word' id='word_1_682' title='bbox 1855 4260 2232 4316; x_wconf 86' lang='lat' dir='ltr'><strong>individuum</strong></span> <span class='ocrx_word' id='word_1_683' title='bbox 2277 4277 2290 4316; x_wconf 90' lang='lat'>:</span> 
     </span>
    </p>
   </div>
   <div class='ocr_carea' id='block_1_84' title="bbox 643 4345 2292 4407">
    <p class='ocr_par' dir='ltr' id='par_1_84' title="bbox 643 4345 2292 4407">
     <span class='ocr_line' id='line_1_84' title="bbox 643 4345 2292 4407; baseline 0.002 -6"><span class='ocrx_word' id='word_1_684' title='bbox 643 4345 932 4402; x_wconf 89' lang='lat' dir='ltr'><strong>dissimile</strong></span> <span class='ocrx_word' id='word_1_685' title='bbox 957 4364 1090 4403; x_wconf 91' lang='lat' dir='ltr'><strong>vero</strong></span> <span class='ocrx_word' id='word_1_686' title='bbox 1112 4349 1509 4406; x_wconf 87' lang='lat' dir='ltr'><strong>intensionem</strong></span> <span class='ocrx_word' id='word_1_687' title='bbox 1540 4356 1596 4406; x_wconf 92' lang='lat' dir='ltr'><strong>et</strong></span> <span class='ocrx_word' id='word_1_688' title='bbox 1628 4351 2292 4407; x_wconf 88' lang='lat' dir='ltr'><strong>remissionem.0mnes</strong></span> 
     </span>
    </p>
   </div>
   <div class='ocr_carea' id='block_1_85' title="bbox 644 4435 2294 4513">
    <p class='ocr_par' dir='ltr' id='par_1_85' title="bbox 644 4435 2294 4513">
     <span class='ocr_line' id='line_1_85' title="bbox 644 4435 2294 4513; baseline 0.002 -23"><span class='ocrx_word' id='word_1_689' title='bbox 644 4435 820 4504; x_wconf 86' lang='lat' dir='ltr'><strong>igitur</strong></span> <span class='ocrx_word' id='word_1_690' title='bbox 848 4436 1165 4493; x_wconf 88' lang='lat' dir='ltr'><strong>aliusmodi</strong></span> <span class='ocrx_word' id='word_1_691' title='bbox 1195 4441 1598 4511; x_wconf 90' lang='lat' dir='ltr'><strong>purgationes,</strong></span> <span class='ocrx_word' id='word_1_692' title='bbox 1650 4455 2028 4513; x_wconf 67' lang='lat' dir='ltr'><strong>quaacuuque</strong></span> <span class='ocrx_word' id='word_1_693' title='bbox 2077 4455 2294 4494; x_wconf 91' lang='lat' dir='ltr'><strong>secun-</strong></span> 
     </span>
    </p>
   </div>
   <div class='ocr_carea' id='block_1_86' title="bbox 645 4522 2294 4601">
    <p class='ocr_par' dir='ltr' id='par_1_86' title="bbox 645 4522 2294 4601">
     <span class='ocr_line' id='line_1_86' title="bbox 645 4522 2294 4601; baseline 0.004 -24"><span class='ocrx_word' id='word_1_694' title='bbox 645 4522 782 4578; x_wconf 93' lang='lat' dir='ltr'><strong>dum</strong></span> <span class='ocrx_word' id='word_1_695' title='bbox 801 4525 1198 4583; x_wconf 90' lang='lat' dir='ltr'><strong>intensionem</strong></span> <span class='ocrx_word' id='word_1_696' title='bbox 1217 4533 1276 4584; x_wconf 85' lang='lat' dir='ltr'><strong>et</strong></span> <span class='ocrx_word' id='word_1_697' title='bbox 1290 4530 1696 4585; x_wconf 88' lang='lat' dir='ltr'><strong>remissionem</strong></span> <span class='ocrx_word' id='word_1_698' title='bbox 1713 4527 2294 4601; x_wconf 56' lang='lat' dir='ltr'><strong>sunttemperataejn</strong></span> 
     </span>
    </p>
   </div>
   <div class='ocr_carea' id='block_1_87' title="bbox 649 4613 2292 4690">
    <p class='ocr_par' dir='ltr' id='par_1_87' title="bbox 649 4613 2292 4690">
     <span class='ocr_line' id='line_1_87' title="bbox 649 4613 2292 4690; baseline 0.003 -22"><span class='ocrx_word' id='word_1_699' title='bbox 649 4613 903 4670; x_wconf 89' lang='lat' dir='ltr'><strong>termino</strong></span> <span class='ocrx_word' id='word_1_700' title='bbox 923 4619 1150 4687; x_wconf 89' lang='lat' dir='ltr'><strong>septem</strong></span> <span class='ocrx_word' id='word_1_701' title='bbox 1173 4617 1528 4674; x_wconf 91' lang='lat' dir='ltr'><strong>consistunt:</strong></span> <span class='ocrx_word' id='word_1_702' title='bbox 1551 4633 1768 4690; x_wconf 91' lang='lat' dir='ltr'><strong>nempe</strong></span> <span class='ocrx_word' id='word_1_703' title='bbox 1790 4633 1826 4674; x_wconf 82' lang='grc' dir='ltr'><strong>α</strong></span> <span class='ocrx_word' id='word_1_704' title='bbox 1845 4618 1876 4672; x_wconf 82' lang='lat' dir='ltr'><em>b</em></span> <span class='ocrx_word' id='word_1_705' title='bbox 1895 4619 2056 4688; x_wconf 84' lang='lat' dir='ltr'><strong>cefg</strong></span> <span class='ocrx_word' id='word_1_706' title='bbox 2077 4617 2136 4675; x_wconf 81' lang='grc' dir='ltr'><strong>Ιι.</strong></span> <span class='ocrx_word' id='word_1_707' title='bbox 2152 4616 2292 4673; x_wconf 75' lang='lat' dir='ltr'><strong>Aliae</strong></span> 
     </span>
    </p>
   </div>
   <div class='ocr_carea' id='block_1_88' title="bbox 644 4701 2297 4779">
    <p class='ocr_par' dir='ltr' id='par_1_88' title="bbox 644 4701 2297 4779">
     <span class='ocr_line' id='line_1_88' title="bbox 644 4701 2297 4779; baseline 0.003 -23"><span class='ocrx_word' id='word_1_708' title='bbox 644 4701 891 4775; x_wconf 88' lang='lat' dir='ltr'><strong>quidem</strong></span> <span class='ocrx_word' id='word_1_709' title='bbox 950 4707 1090 4759; x_wconf 89' lang='lat' dir='ltr'><strong>sunt</strong></span> <span class='ocrx_word' id='word_1_710' title='bbox 1138 4709 1432 4778; x_wconf 87' lang='lat' dir='ltr'><strong>quotquot</strong></span> <span class='ocrx_word' id='word_1_711' title='bbox 1480 4722 1552 4763; x_wconf 85' lang='lat' dir='ltr'><strong>ex</strong></span> <span class='ocrx_word' id='word_1_712' title='bbox 1611 4705 2176 4779; x_wconf 88' lang='lat' dir='ltr'><strong>transpositionibus</strong></span> <span class='ocrx_word' id='word_1_713' title='bbox 2239 4708 2297 4761; x_wconf 91' lang='lat' dir='ltr'><strong>et</strong></span> 
     </span>
    </p>
   </div>
   <div class='ocr_carea' id='block_1_89' title="bbox 644 4790 2294 4866">
    <p class='ocr_par' dir='ltr' id='par_1_89' title="bbox 644 4790 2294 4866">
     <span class='ocr_line' id='line_1_89' title="bbox 644 4790 2294 4866; baseline 0.001 -18"><span class='ocrx_word' id='word_1_714' title='bbox 644 4807 805 4864; x_wconf 90' lang='lat' dir='ltr'><strong>perm</strong></span> <span class='ocrx_word' id='word_1_715' title='bbox 816 4790 1177 4850; x_wconf 90' lang='lat' dir='ltr'><strong>utationibus</strong></span> <span class='ocrx_word' id='word_1_716' title='bbox 1192 4795 1677 4866; x_wconf 89' lang='lat' dir='ltr'><strong>conjugationum</strong></span> <span class='ocrx_word' id='word_1_717' title='bbox 1693 4798 1985 4852; x_wconf 85' lang='lat' dir='ltr'><strong>constant.</strong></span> <span class='ocrx_word' id='word_1_718' title='bbox 2010 4799 2078 4850; x_wconf 85' lang='lat' dir='ltr'><strong>At</strong></span> <span class='ocrx_word' id='word_1_719' title='bbox 2109 4793 2294 4850; x_wconf 91' lang='lat' dir='ltr'><strong>dissi-</strong></span> 
     </span>
    </p>
   </div>
   <div class='ocr_carea' id='block_1_90' title="bbox 643 4881 2294 4957">
    <p class='ocr_par' dir='ltr' id='par_1_90' title="bbox 643 4881 2294 4957">
     <span class='ocr_line' id='line_1_90' title="bbox 643 4881 2294 4957; baseline 0.002 -21"><span class='ocrx_word' id='word_1_720' title='bbox 643 4881 816 4938; x_wconf 89' lang='lat' dir='ltr'><strong>miles</strong></span> <span class='ocrx_word' id='word_1_721' title='bbox 849 4887 990 4939; x_wconf 91' lang='lat' dir='ltr'><strong>sunt</strong></span> <span class='ocrx_word' id='word_1_722' title='bbox 1017 4888 1313 4956; x_wconf 89' lang='lat' dir='ltr'><strong>quotquot</strong></span> <span class='ocrx_word' id='word_1_723' title='bbox 1349 4885 1411 4940; x_wconf 91' lang='lat' dir='ltr'><strong>in</strong></span> <span class='ocrx_word' id='word_1_724' title='bbox 1453 4899 1820 4957; x_wconf 89' lang='lat' dir='ltr'><strong>unaquaque</strong></span> <span class='ocrx_word' id='word_1_725' title='bbox 1871 4883 2294 4954; x_wconf 89' lang='lat' dir='ltr'><strong>conjugatione</strong></span> 
     </span>
    </p>
   </div>
   <div class='ocr_carea' id='block_1_91' title="bbox 644 4971 2294 5044">
    <p class='ocr_par' dir='ltr' id='par_1_91' title="bbox 644 4971 2294 5044">
     <span class='ocr_line' id='line_1_91' title="bbox 644 4971 2294 5044; baseline 0.002 -20"><span class='ocrx_word' id='word_1_726' title='bbox 644 4971 799 5028; x_wconf 85' lang='lat' dir='ltr'><strong>intra</strong></span> <span class='ocrx_word' id='word_1_727' title='bbox 829 4972 1015 5044; x_wconf 90' lang='lat' dir='ltr'><strong>ipsius</strong></span> <span class='ocrx_word' id='word_1_728' title='bbox 1047 4973 1326 5029; x_wconf 90' lang='lat' dir='ltr'><strong>terminos</strong></span> <span class='ocrx_word' id='word_1_729' title='bbox 1367 4975 1694 5030; x_wconf 90' lang='lat' dir='ltr'><strong>consistunt</strong></span> <span class='ocrx_word' id='word_1_730' title='bbox 1723 4972 2069 5044; x_wconf 88' lang='lat' dir='ltr'><strong>habentque</strong></span> <span class='ocrx_word' id='word_1_731' title='bbox 2101 4972 2294 5029; x_wconf 87' lang='lat' dir='ltr'><strong>latitu-</strong></span> 
     </span>
    </p>
   </div>
   <div class='ocr_carea' id='block_1_92' title="bbox 646 5059 2297 5131">
    <p class='ocr_par' dir='ltr' id='par_1_92' title="bbox 646 5059 2297 5131">
     <span class='ocr_line' id='line_1_92' title="bbox 646 5059 2297 5131; baseline 0.002 -18"><span class='ocrx_word' id='word_1_732' title='bbox 646 5059 846 5114; x_wconf 91' lang='lat' dir='ltr'><strong>dinem</strong></span> <span class='ocrx_word' id='word_1_733' title='bbox 869 5066 925 5115; x_wconf 95' lang='lat' dir='ltr'><strong>et</strong></span> <span class='ocrx_word' id='word_1_734' title='bbox 941 5063 1423 5118; x_wconf 87' lang='lat' dir='ltr'><strong>coarctationem.</strong></span> <span class='ocrx_word' id='word_1_735' title='bbox 1442 5066 1625 5119; x_wconf 87' lang='lat' dir='ltr'><strong>Nemo</strong></span> <span class='ocrx_word' id='word_1_736' title='bbox 1641 5062 1802 5116; x_wconf 90' lang='lat' dir='ltr'><strong>enim</strong></span> <span class='ocrx_word' id='word_1_737' title='bbox 1817 5060 2127 5131; x_wconf 90' lang='lat' dir='ltr'><strong>distinguit</strong></span> <span class='ocrx_word' id='word_1_738' title='bbox 2146 5062 2297 5118; x_wconf 89' lang='lat' dir='ltr'><strong>inter</strong></span> 
     </span>
    </p>
   </div>
   <div class='ocr_carea' id='block_1_93' title="bbox 645 5149 2298 5223">
    <p class='ocr_par' dir='ltr' id='par_1_93' title="bbox 645 5149 2298 5223">
     <span class='ocr_line' id='line_1_93' title="bbox 645 5149 2298 5223; baseline 0.001 -19"><span class='ocrx_word' id='word_1_739' title='bbox 645 5149 1004 5204; x_wconf 89' lang='lat' dir='ltr'><strong>iracundum</strong></span> <span class='ocrx_word' id='word_1_740' title='bbox 1035 5155 1091 5205; x_wconf 92' lang='lat' dir='ltr'><strong>et</strong></span> <span class='ocrx_word' id='word_1_741' title='bbox 1121 5151 1408 5223; x_wconf 91' lang='lat' dir='ltr'><strong>cupidum</strong></span> <span class='ocrx_word' id='word_1_742' title='bbox 1443 5149 1777 5207; x_wconf 90' lang='lat' dir='ltr'><strong>secundum</strong></span> <span class='ocrx_word' id='word_1_743' title='bbox 1799 5149 1944 5203; x_wconf 91' lang='lat' dir='ltr'><strong>illud</strong></span> <span class='ocrx_word' id='word_1_744' title='bbox 1993 5150 2159 5221; x_wconf 88' lang='lat' dir='ltr'><strong>quod</strong></span> <span class='ocrx_word' id='word_1_745' title='bbox 2211 5155 2298 5207; x_wconf 90' lang='lat' dir='ltr'><strong>est</strong></span> 
     </span>
    </p>
   </div>
   <div class='ocr_carea' id='block_1_94' title="bbox 647 5237 2297 5313">
    <p class='ocr_par' dir='ltr' id='par_1_94' title="bbox 647 5237 2297 5313">
     <span class='ocr_line' id='line_1_94' title="bbox 647 5237 2297 5313; baseline 0.004 -22"><span class='ocrx_word' id='word_1_746' title='bbox 647 5237 840 5306; x_wconf 86' lang='lat' dir='ltr'><strong>magis</strong></span> <span class='ocrx_word' id='word_1_747' title='bbox 873 5241 929 5293; x_wconf 87' lang='lat' dir='ltr'><strong>et</strong></span> <span class='ocrx_word' id='word_1_748' title='bbox 958 5238 1156 5294; x_wconf 89' lang='lat' dir='ltr'><strong>minus</strong></span> <span class='ocrx_word' id='word_1_749' title='bbox 1189 5258 1201 5296; x_wconf 90' lang='lat'>:</span> <span class='ocrx_word' id='word_1_750' title='bbox 1235 5238 1873 5313; x_wconf 77' lang='lat' dir='ltr'><strong>quandoquidemth</strong></span> <span class='ocrx_word' id='word_1_751' title='bbox 1899 5237 2148 5296; x_wconf 90' lang='lat' dir='ltr'><strong>latitudo</strong></span> <span class='ocrx_word' id='word_1_752' title='bbox 2174 5255 2297 5297; x_wconf 92' lang='lat' dir='ltr'><strong>non</strong></span> 
     </span>
    </p>
   </div>
   <div class='ocr_carea' id='block_1_95' title="bbox 648 5327 2298 5403">
    <p class='ocr_par' dir='ltr' id='par_1_95' title="bbox 648 5327 2298 5403">
     <span class='ocr_line' id='line_1_95' title="bbox 648 5327 2298 5403; baseline 0.003 -22"><span class='ocrx_word' id='word_1_753' title='bbox 648 5327 1245 5387; x_wconf 85' lang='lat' dir='ltr'><strong>estdeﬁnitaetcerta.</strong></span> <span class='ocrx_word' id='word_1_754' title='bbox 1267 5334 1391 5387; x_wconf 93' lang='lat' dir='ltr'><strong>Non</strong></span> <span class='ocrx_word' id='word_1_755' title='bbox 1409 5330 1574 5403; x_wconf 92' lang='lat' dir='ltr'><strong>quod</strong></span> <span class='ocrx_word' id='word_1_756' title='bbox 1587 5329 1775 5386; x_wconf 88' lang='lat' dir='ltr'><strong>omnis</strong></span> <span class='ocrx_word' id='word_1_757' title='bbox 1789 5328 2039 5385; x_wconf 88' lang='lat' dir='ltr'><strong>latitudo</strong></span> <span class='ocrx_word' id='word_1_758' title='bbox 2052 5330 2298 5386; x_wconf 91' lang='lat' dir='ltr'><strong>sitinde-</strong></span> 
     </span>
    </p>
   </div>
   <div class='ocr_carea' id='block_1_96' title="bbox 650 5416 2296 5492">
    <p class='ocr_par' dir='ltr' id='par_1_96' title="bbox 650 5416 2296 5492">
     <span class='ocr_line' id='line_1_96' title="bbox 650 5416 2296 5492; baseline 0.002 -20"><span class='ocrx_word' id='word_1_759' title='bbox 650 5416 836 5482; x_wconf 84' lang='lat' dir='ltr'><strong>ﬁnita,</strong></span> <span class='ocrx_word' id='word_1_760' title='bbox 864 5417 966 5471; x_wconf 92' lang='lat' dir='ltr'><strong>sed</strong></span> <span class='ocrx_word' id='word_1_761' title='bbox 980 5418 1122 5490; x_wconf 89' lang='lat' dir='ltr'><strong>quia</strong></span> <span class='ocrx_word' id='word_1_762' title='bbox 1140 5419 1289 5476; x_wconf 90' lang='lat' dir='ltr'><strong>illud</strong></span> <span class='ocrx_word' id='word_1_763' title='bbox 1301 5421 1465 5492; x_wconf 88' lang='lat' dir='ltr'><strong>quod</strong></span> <span class='ocrx_word' id='word_1_764' title='bbox 1484 5423 1576 5476; x_wconf 91' lang='lat' dir='ltr'><strong>est</strong></span> <span class='ocrx_word' id='word_1_765' title='bbox 1598 5417 1970 5474; x_wconf 85' lang='lat' dir='ltr'><strong>indeﬁnitum</strong></span> <span class='ocrx_word' id='word_1_766' title='bbox 1995 5417 2296 5476; x_wconf 91' lang='lat' dir='ltr'><strong>interdum</strong></span> 
     </span>
    </p>
   </div>
   <div class='ocr_carea' id='block_1_97' title="bbox 653 5505 2296 5579">
    <p class='ocr_par' dir='ltr' id='par_1_97' title="bbox 653 5505 2296 5579">
     <span class='ocr_line' id='line_1_97' title="bbox 653 5505 2296 5579; baseline 0.003 -18"><span class='ocrx_word' id='word_1_767' title='bbox 653 5505 824 5564; x_wconf 87' lang='lat' dir='ltr'><strong>etiam</strong></span> <span class='ocrx_word' id='word_1_768' title='bbox 855 5505 1222 5565; x_wconf 88' lang='lat' dir='ltr'><strong>latitudinem</strong></span> <span class='ocrx_word' id='word_1_769' title='bbox 1237 5509 1727 5568; x_wconf 87' lang='lat' dir='ltr'><strong>habetinterdum</strong></span> <span class='ocrx_word' id='word_1_770' title='bbox 1747 5522 1886 5564; x_wconf 86' lang='lat' dir='ltr'><strong>vero</strong></span> <span class='ocrx_word' id='word_1_771' title='bbox 1915 5513 2003 5565; x_wconf 91' lang='lat' dir='ltr'><strong>est</strong></span> <span class='ocrx_word' id='word_1_772' title='bbox 2021 5507 2296 5579; x_wconf 86' lang='lat' dir='ltr'><strong>latitudo,</strong></span> 
     </span>
    </p>
   </div>
   <div class='ocr_carea' id='block_1_98' title="bbox 2397 4064 3917 4151">
    <p class='ocr_par' dir='ltr' id='par_1_98' title="bbox 2397 4064 3917 4151">
     <span class='ocr_line' id='line_1_98' title="bbox 2397 4064 3917 4151; baseline -0.011 -16"><span class='ocrx_word' id='word_1_773' title='bbox 2397 4080 2740 4151; x_wconf 89' lang='lat' dir='ltr'><strong>jugationes</strong></span> <span class='ocrx_word' id='word_1_774' title='bbox 2770 4078 3039 4150; x_wconf 91' lang='lat' dir='ltr'><strong>ipsorum</strong></span> <span class='ocrx_word' id='word_1_775' title='bbox 3089 4077 3360 4135; x_wconf 78' lang='lat' dir='ltr'><strong>consistit</strong></span> <span class='ocrx_word' id='word_1_776' title='bbox 3414 4079 3442 4134; x_wconf 82' lang='lat'><strong>?</strong></span> <span class='ocrx_word' id='word_1_777' title='bbox 3473 4078 3589 4133; x_wconf 84' lang='lat' dir='ltr'><strong>Hoc</strong></span> <span class='ocrx_word' id='word_1_778' title='bbox 3618 4073 3766 4143; x_wconf 84' lang='lat' dir='ltr'><strong>igitur</strong></span> <span class='ocrx_word' id='word_1_779' title='bbox 3800 4064 3917 4151; x_wconf 41' lang='lat' dir='ltr'><strong>nos?0</strong></span> 
     </span>
    </p>
   </div>
   <div class='ocr_carea' id='block_1_99' title="bbox 2403 4145 3917 4238">
    <p class='ocr_par' dir='ltr' id='par_1_99' title="bbox 2403 4145 3917 4238">
     <span class='ocr_line' id='line_1_99' title="bbox 2403 4145 3917 4238; baseline -0.015 -14"><span class='ocrx_word' id='word_1_780' title='bbox 2403 4145 2681 4224; x_wconf 70' lang='lat' dir='ltr'><strong>sermone</strong></span> <span class='ocrx_word' id='word_1_781' title='bbox 2711 4145 2939 4238; x_wconf 80' lang='lat' dir='ltr'><strong>septem</strong></span> <span class='ocrx_word' id='word_1_782' title='bbox 2965 4166 3224 4238; x_wconf 91' lang='lat' dir='ltr'><strong>partium</strong></span> <span class='ocrx_word' id='word_1_783' title='bbox 3257 4166 3532 4224; x_wconf 89' lang='lat' dir='ltr'><strong>animalis</strong></span> <span class='ocrx_word' id='word_1_784' title='bbox 3559 4163 3753 4221; x_wconf 87' lang='lat' dir='ltr'><strong>ratione</strong></span> <span class='ocrx_word' id='word_1_785' title='bbox 3779 4145 3917 4238; x_wconf 64' lang='grc' dir='ltr'>ρισᾱῴ</span> 
     </span>
    </p>
   </div>
   <div class='ocr_carea' id='block_1_100' title="bbox 2403 4245 3917 4315">
    <p class='ocr_par' dir='ltr' id='par_1_100' title="bbox 2403 4245 3917 4315">
     <span class='ocr_line' id='line_1_100' title="bbox 2403 4245 3917 4315; baseline -0.006 -1"><span class='ocrx_word' id='word_1_786' title='bbox 2403 4256 2893 4314; x_wconf 91' lang='lat' dir='ltr'><strong>communionem</strong></span> <span class='ocrx_word' id='word_1_787' title='bbox 2915 4256 3112 4311; x_wconf 88' lang='lat' dir='ltr'><strong>conati</strong></span> <span class='ocrx_word' id='word_1_788' title='bbox 3134 4272 3344 4312; x_wconf 89' lang='lat' dir='ltr'><strong>sumus</strong></span> <span class='ocrx_word' id='word_1_789' title='bbox 3368 4255 3687 4314; x_wconf 88' lang='lat' dir='ltr'><strong>ostendere,</strong></span> <span class='ocrx_word' id='word_1_790' title='bbox 3706 4245 3832 4315; x_wconf 76' lang='lat' dir='ltr'><strong>cujus</strong></span> <span class='ocrx_word' id='word_1_791' title='bbox 3849 4248 3917 4305; x_wconf 67' lang='lat' dir='ltr'><strong>qu&quot;</strong></span> 
     </span>
    </p>
   </div>
   <div class='ocr_carea' id='block_1_101' title="bbox 2403 4326 3917 4402">
    <p class='ocr_par' dir='ltr' id='par_1_101' title="bbox 2403 4326 3917 4402">
     <span class='ocr_line' id='line_1_101' title="bbox 2403 4326 3917 4402; baseline -0.009 0"><span class='ocrx_word' id='word_1_792' title='bbox 2403 4347 2542 4402; x_wconf 92' lang='lat' dir='ltr'><strong>dem</strong></span> <span class='ocrx_word' id='word_1_793' title='bbox 2554 4345 2837 4402; x_wconf 68' lang='lat' dir='ltr'><strong>doctrinae</strong></span> <span class='ocrx_word' id='word_1_794' title='bbox 2855 4344 3111 4400; x_wconf 90' lang='lat' dir='ltr'><strong>usumin</strong></span> <span class='ocrx_word' id='word_1_795' title='bbox 3128 4343 3646 4400; x_wconf 88' lang='lat' dir='ltr'><strong>communionibus</strong></span> <span class='ocrx_word' id='word_1_796' title='bbox 3657 4349 3810 4395; x_wconf 87' lang='lat' dir='ltr'><strong>rerum</strong></span> <span class='ocrx_word' id='word_1_797' title='bbox 3823 4326 3917 4382; x_wconf 64' lang='grc' dir='ltr'>θείη·</span> 
     </span>
    </p>
   </div>
   <div class='ocr_carea' id='block_1_102' title="bbox 2403 4423 3913 4507">
    <p class='ocr_par' dir='ltr' id='par_1_102' title="bbox 2403 4423 3913 4507">
     <span class='ocr_line' id='line_1_102' title="bbox 2403 4423 3913 4507; baseline -0.004 -16"><span class='ocrx_word' id='word_1_798' title='bbox 2403 4435 2610 4491; x_wconf 90' lang='lat' dir='ltr'><strong>ralium</strong></span> <span class='ocrx_word' id='word_1_799' title='bbox 2623 4434 2856 4502; x_wconf 88' lang='lat' dir='ltr'><strong>longius</strong></span> <span class='ocrx_word' id='word_1_800' title='bbox 2875 4431 3172 4505; x_wconf 89' lang='lat' dir='ltr'><strong>latiusque</strong></span> <span class='ocrx_word' id='word_1_801' title='bbox 3187 4433 3466 4489; x_wconf 83' lang='lat' dir='ltr'><strong>diffusum</strong></span> <span class='ocrx_word' id='word_1_802' title='bbox 3483 4432 3684 4488; x_wconf 87' lang='lat' dir='ltr'><strong>habere</strong></span> <span class='ocrx_word' id='word_1_803' title='bbox 3700 4423 3913 4507; x_wconf 38' lang='lat' dir='ltr'><strong>possit???&quot;</strong></span> 
     </span>
    </p>
   </div>
   <div class='ocr_carea' id='block_1_103' title="bbox 2404 4503 3913 4594">
    <p class='ocr_par' dir='ltr' id='par_1_103' title="bbox 2404 4503 3913 4594">
     <span class='ocr_line' id='line_1_103' title="bbox 2404 4503 3913 4594; baseline -0.021 -15"><span class='ocrx_word' id='word_1_804' title='bbox 2404 4527 2582 4579; x_wconf 91' lang='lat' dir='ltr'><strong>Porro</strong></span> <span class='ocrx_word' id='word_1_805' title='bbox 2613 4521 2759 4578; x_wconf 91' lang='lat' dir='ltr'><strong>illud</strong></span> <span class='ocrx_word' id='word_1_806' title='bbox 2788 4537 2824 4577; x_wconf 87' lang='lat' dir='ltr'><strong>a</strong></span> <span class='ocrx_word' id='word_1_807' title='bbox 2849 4521 3016 4593; x_wconf 91' lang='lat' dir='ltr'><strong>quod</strong></span> <span class='ocrx_word' id='word_1_808' title='bbox 3055 4503 3437 4594; x_wconf 63' lang='lat' dir='ltr'><strong>unaquaeque</strong></span> <span class='ocrx_word' id='word_1_809' title='bbox 3467 4515 3766 4591; x_wconf 86' lang='lat' dir='ltr'><strong>conjugatio</strong></span> <span class='ocrx_word' id='word_1_810' title='bbox 3788 4503 3913 4562; x_wconf 71' lang='lat' dir='ltr'><strong>indu:-</strong></span> 
     </span>
    </p>
   </div>
   <div class='ocr_carea' id='block_1_104' title="bbox 2404 4599 3912 4684">
    <p class='ocr_par' dir='ltr' id='par_1_104' title="bbox 2404 4599 3912 4684">
     <span class='ocr_line' id='line_1_104' title="bbox 2404 4599 3912 4684; baseline -0.008 -17"><span class='ocrx_word' id='word_1_811' title='bbox 2404 4612 2593 4667; x_wconf 87' lang='lat' dir='ltr'><strong>duum</strong></span> <span class='ocrx_word' id='word_1_812' title='bbox 2622 4610 2790 4684; x_wconf 92' lang='lat' dir='ltr'><strong>quod</strong></span> <span class='ocrx_word' id='word_1_813' title='bbox 2817 4608 2958 4665; x_wconf 86' lang='lat' dir='ltr'><strong>facit</strong></span> <span class='ocrx_word' id='word_1_814' title='bbox 3005 4610 3198 4666; x_wconf 89' lang='lat' dir='ltr'><strong>facere</strong></span> <span class='ocrx_word' id='word_1_815' title='bbox 3227 4611 3395 4679; x_wconf 92' lang='lat' dir='ltr'><strong>solet,</strong></span> <span class='ocrx_word' id='word_1_816' title='bbox 3430 4608 3713 4666; x_wconf 86' lang='lat' dir='ltr'><strong>ostendere</strong></span> <span class='ocrx_word' id='word_1_817' title='bbox 3734 4610 3818 4684; x_wconf 60' lang='lat' dir='ltr'><strong>non</strong></span> <span class='ocrx_word' id='word_1_818' title='bbox 3841 4599 3912 4679; x_wconf 48' lang='grc' dir='ltr'><strong>μ’</strong></span> 
     </span>
    </p>
   </div>
   <div class='ocr_carea' id='block_1_105' title="bbox 2403 4681 3909 4784">
    <p class='ocr_par' dir='ltr' id='par_1_105' title="bbox 2403 4681 3909 4784">
     <span class='ocr_line' id='line_1_105' title="bbox 2403 4681 3909 4784; baseline -0.013 -27"><span class='ocrx_word' id='word_1_819' title='bbox 2403 4681 2704 4767; x_wconf 71' lang='lat' dir='ltr'><strong>vabimur,</strong></span> <span class='ocrx_word' id='word_1_820' title='bbox 2729 4699 2962 4754; x_wconf 91' lang='lat' dir='ltr'><strong>etiamsi</strong></span> <span class='ocrx_word' id='word_1_821' title='bbox 2994 4700 3262 4756; x_wconf 84' lang='lat' dir='ltr'><strong>tractatio</strong></span> <span class='ocrx_word' id='word_1_822' title='bbox 3284 4700 3412 4756; x_wconf 75' lang='lat' dir='ltr'><strong>haec</strong></span> <span class='ocrx_word' id='word_1_823' title='bbox 3458 4695 3660 4768; x_wconf 87' lang='lat' dir='ltr'><strong>negotii</strong></span> <span class='ocrx_word' id='word_1_824' title='bbox 3681 4698 3725 4748; x_wconf 87' lang='lat' dir='ltr'><strong>et</strong></span> <span class='ocrx_word' id='word_1_825' title='bbox 3737 4681 3909 4784; x_wconf 53' lang='lat' dir='ltr'><strong>molesﬂj</strong></span> 
     </span>
    </p>
   </div>
   <div class='ocr_carea' id='block_1_106' title="bbox 2404 4767 3909 4864">
    <p class='ocr_par' dir='ltr' id='par_1_106' title="bbox 2404 4767 3909 4864">
     <span class='ocr_line' id='line_1_106' title="bbox 2404 4767 3909 4864; baseline -0.019 -17"><span class='ocrx_word' id='word_1_826' title='bbox 2404 4790 2584 4864; x_wconf 90' lang='lat' dir='ltr'><strong>plena</strong></span> <span class='ocrx_word' id='word_1_827' title='bbox 2613 4791 2704 4845; x_wconf 89' lang='lat' dir='ltr'><strong>sit.</strong></span> <span class='ocrx_word' id='word_1_828' title='bbox 2757 4795 2836 4844; x_wconf 86' lang='lat' dir='ltr'><strong>Ac</strong></span> <span class='ocrx_word' id='word_1_829' title='bbox 2861 4789 3064 4862; x_wconf 92' lang='lat' dir='ltr'><strong>plures</strong></span> <span class='ocrx_word' id='word_1_830' title='bbox 3095 4789 3343 4862; x_wconf 91' lang='lat' dir='ltr'><strong>quidem</strong></span> <span class='ocrx_word' id='word_1_831' title='bbox 3383 4789 3483 4846; x_wconf 88' lang='lat' dir='ltr'><strong>alii</strong></span> <span class='ocrx_word' id='word_1_832' title='bbox 3531 4767 3588 4843; x_wconf 89' lang='lat' dir='ltr'><strong>in</strong></span> <span class='ocrx_word' id='word_1_833' title='bbox 3634 4786 3726 4840; x_wconf 88' lang='lat' dir='ltr'><strong>hac</strong></span> <span class='ocrx_word' id='word_1_834' title='bbox 3766 4767 3909 4829; x_wconf 66' lang='lat' dir='ltr'><strong>scientia</strong></span> 
     </span>
    </p>
   </div>
   <div class='ocr_carea' id='block_1_107' title="bbox 2407 4865 3905 4951">
    <p class='ocr_par' dir='ltr' id='par_1_107' title="bbox 2407 4865 3905 4951">
     <span class='ocr_line' id='line_1_107' title="bbox 2407 4865 3905 4951; baseline -0.009 -14"><span class='ocrx_word' id='word_1_835' title='bbox 2407 4879 2705 4937; x_wconf 86' lang='lat' dir='ltr'><strong>exercitati</strong></span> <span class='ocrx_word' id='word_1_836' title='bbox 2737 4879 3074 4951; x_wconf 89' lang='lat' dir='ltr'><strong>potuissent</strong></span> <span class='ocrx_word' id='word_1_837' title='bbox 3092 4879 3306 4935; x_wconf 90' lang='lat' dir='ltr'><strong>melius</strong></span> <span class='ocrx_word' id='word_1_838' title='bbox 3328 4895 3453 4936; x_wconf 93' lang='lat' dir='ltr'><strong>non</strong></span> <span class='ocrx_word' id='word_1_839' title='bbox 3479 4894 3546 4934; x_wconf 93' lang='lat' dir='ltr'><strong>eo</strong></span> <span class='ocrx_word' id='word_1_840' title='bbox 3568 4872 3723 4932; x_wconf 90' lang='lat' dir='ltr'><strong>modo</strong></span> <span class='ocrx_word' id='word_1_841' title='bbox 3739 4876 3823 4939; x_wconf 82' lang='lat' dir='ltr'><strong>quo</strong></span> 
     </span>
    </p>
   </div>
   <div class='ocr_carea' id='block_1_108' title="bbox 2404 4953 3907 5043">
    <p class='ocr_par' dir='ltr' id='par_1_108' title="bbox 2404 4953 3907 5043">
     <span class='ocr_line' id='line_1_108' title="bbox 2404 4953 3907 5043; baseline -0.007 -12"><span class='ocrx_word' id='word_1_842' title='bbox 2404 4971 2521 5035; x_wconf 86' lang='lat' dir='ltr'><strong>sed</strong></span> <span class='ocrx_word' id='word_1_843' title='bbox 2549 4985 2671 5042; x_wconf 91' lang='lat' dir='ltr'><strong>quo</strong></span> <span class='ocrx_word' id='word_1_844' title='bbox 2701 4972 2878 5042; x_wconf 89' lang='lat' dir='ltr'><strong>pacto</strong></span> <span class='ocrx_word' id='word_1_845' title='bbox 2899 4970 3161 5025; x_wconf 87' lang='lat' dir='ltr'><strong>maxime</strong></span> <span class='ocrx_word' id='word_1_846' title='bbox 3189 4970 3452 5043; x_wconf 89' lang='lat' dir='ltr'><strong>oportuit</strong></span> <span class='ocrx_word' id='word_1_847' title='bbox 3478 4969 3621 5024; x_wconf 89' lang='lat' dir='ltr'><strong>intra</strong></span> <span class='ocrx_word' id='word_1_848' title='bbox 3645 4965 3772 5034; x_wconf 78' lang='lat' dir='ltr'><strong>ipsas</strong></span> <span class='ocrx_word' id='word_1_849' title='bbox 3793 4953 3907 5043; x_wconf 43' lang='grc' dir='ltr'><strong>οοηὶίῗ</strong></span> 
     </span>
    </p>
   </div>
   <div class='ocr_carea' id='block_1_109' title="bbox 2405 5041 3904 5144">
    <p class='ocr_par' dir='ltr' id='par_1_109' title="bbox 2405 5041 3904 5144">
     <span class='ocr_line' id='line_1_109' title="bbox 2405 5041 3904 5144; baseline -0.002 -31"><span class='ocrx_word' id='word_1_850' title='bbox 2405 5041 2696 5130; x_wconf 88' lang='lat' dir='ltr'><strong>gationes,</strong></span> <span class='ocrx_word' id='word_1_851' title='bbox 2716 5041 2828 5113; x_wconf 88' lang='lat' dir='ltr'><strong>aut</strong></span> <span class='ocrx_word' id='word_1_852' title='bbox 2858 5057 3028 5113; x_wconf 90' lang='lat' dir='ltr'><strong>aliter</strong></span> <span class='ocrx_word' id='word_1_853' title='bbox 3049 5058 3178 5114; x_wconf 76' lang='lat' dir='ltr'><strong>haec</strong></span> <span class='ocrx_word' id='word_1_854' title='bbox 3200 5041 3404 5114; x_wconf 77' lang='lat' dir='ltr'><strong>omnia</strong></span> <span class='ocrx_word' id='word_1_855' title='bbox 3429 5056 3697 5130; x_wconf 85' lang='lat' dir='ltr'><strong>explicare</strong></span> <span class='ocrx_word' id='word_1_856' title='bbox 3717 5050 3760 5102; x_wconf 65' lang='lat' dir='ltr'><strong>et</strong></span> 
     </span>
    </p>
   </div>
   <div class='ocr_carea' id='block_1_110' title="bbox 2405 5132 3901 5228">
    <p class='ocr_par' dir='ltr' id='par_1_110' title="bbox 2405 5132 3901 5228">
     <span class='ocr_line' id='line_1_110' title="bbox 2405 5132 3901 5228; baseline -0.013 -21"><span class='ocrx_word' id='word_1_857' title='bbox 2405 5156 2584 5207; x_wconf 89' lang='lat' dir='ltr'><strong>ctare.</strong></span> <span class='ocrx_word' id='word_1_858' title='bbox 2612 5152 2681 5204; x_wconf 84' lang='lat' dir='ltr'><strong>At</strong></span> <span class='ocrx_word' id='word_1_859' title='bbox 2697 5148 3154 5220; x_wconf 86' lang='lat' dir='ltr'><strong>conjugationes</strong></span> <span class='ocrx_word' id='word_1_860' title='bbox 3171 5149 3317 5206; x_wconf 88' lang='lat' dir='ltr'><strong>alias</strong></span> <span class='ocrx_word' id='word_1_861' title='bbox 3333 5152 3537 5221; x_wconf 79' lang='lat' dir='ltr'><strong>praeter</strong></span> <span class='ocrx_word' id='word_1_862' title='bbox 3552 5145 3666 5201; x_wconf 90' lang='lat' dir='ltr'><strong>illas</strong></span> <span class='ocrx_word' id='word_1_863' title='bbox 3682 5132 3901 5228; x_wconf 44' lang='lat' dir='ltr'><strong>nemqpfif‘</strong></span> 
     </span>
    </p>
   </div>
   <div class='ocr_carea' id='block_1_111' title="bbox 2406 5223 3900 5311">
    <p class='ocr_par' dir='ltr' id='par_1_111' title="bbox 2406 5223 3900 5311">
     <span class='ocr_line' id='line_1_111' title="bbox 2406 5223 3900 5311; baseline -0.009 -14"><span class='ocrx_word' id='word_1_864' title='bbox 2406 5239 2481 5297; x_wconf 91' lang='lat' dir='ltr'><strong>rit</strong></span> <span class='ocrx_word' id='word_1_865' title='bbox 2517 5240 2796 5311; x_wconf 87' lang='lat' dir='ltr'><strong>reperire,</strong></span> <span class='ocrx_word' id='word_1_866' title='bbox 2824 5253 3190 5311; x_wconf 88' lang='lat' dir='ltr'><strong>quocunque</strong></span> <span class='ocrx_word' id='word_1_867' title='bbox 3235 5238 3416 5294; x_wconf 90' lang='lat' dir='ltr'><strong>modo</strong></span> <span class='ocrx_word' id='word_1_868' title='bbox 3455 5228 3762 5293; x_wconf 69' lang='lat' dir='ltr'><strong>immutate!</strong></span> <span class='ocrx_word' id='word_1_869' title='bbox 3801 5223 3900 5311; x_wconf 48' lang='grc' dir='ltr'><strong>σεξ</strong></span> 
     </span>
    </p>
   </div>
   <div class='ocr_carea' id='block_1_112' title="bbox 2407 5297 3895 5400">
    <p class='ocr_par' dir='ltr' id='par_1_112' title="bbox 2407 5297 3895 5400">
     <span class='ocr_line' id='line_1_112' title="bbox 2407 5297 3895 5400; baseline -0.026 1"><span class='ocrx_word' id='word_1_870' title='bbox 2407 5297 2626 5400; x_wconf 68' lang='grc' dir='ltr'><strong>Ροηδίε</strong></span> <span class='ocrx_word' id='word_1_871' title='bbox 2642 5297 2792 5400; x_wconf 18' lang='lat' dir='ltr'><strong>quiat</strong></span> <span class='ocrx_word' id='word_1_872' title='bbox 2801 5297 3228 5398; x_wconf 65' lang='lat' dir='ltr'><strong>perfectissime</strong></span> <span class='ocrx_word' id='word_1_873' title='bbox 3245 5329 3583 5399; x_wconf 60' lang='lat' dir='ltr'><strong>permutatas</strong></span> <span class='ocrx_word' id='word_1_874' title='bbox 3599 5324 3646 5376; x_wconf 88' lang='lat' dir='ltr'><strong>et</strong></span> <span class='ocrx_word' id='word_1_875' title='bbox 3662 5297 3895 5400; x_wconf 44' lang='lat' dir='ltr'><strong>transpeiif2</strong></span> 
     </span>
    </p>
   </div>
   <div class='ocr_carea' id='block_1_113' title="bbox 2409 5394 3892 5489">
    <p class='ocr_par' dir='ltr' id='par_1_113' title="bbox 2409 5394 3892 5489">
     <span class='ocr_line' id='line_1_113' title="bbox 2409 5394 3892 5489; baseline -0.001 -16"><span class='ocrx_word' id='word_1_876' title='bbox 2409 5394 2565 5474; x_wconf 81' lang='lat' dir='ltr'><strong>sunt.</strong></span> <span class='ocrx_word' id='word_1_877' title='bbox 2589 5419 2805 5472; x_wconf 87' lang='lat' dir='ltr'><strong>Verum</strong></span> <span class='ocrx_word' id='word_1_878' title='bbox 2827 5431 2938 5472; x_wconf 90' lang='lat' dir='ltr'><strong>nos</strong></span> <span class='ocrx_word' id='word_1_879' title='bbox 2959 5421 3263 5489; x_wconf 92' lang='lat' dir='ltr'><strong>utcunque</strong></span> <span class='ocrx_word' id='word_1_880' title='bbox 3284 5416 3720 5484; x_wconf 79' lang='lat' dir='ltr'><strong>uniuscujusque</strong></span> <span class='ocrx_word' id='word_1_881' title='bbox 3735 5394 3892 5489; x_wconf 44' lang='lat' dir='ltr'><strong>60W”?</strong></span> 
     </span>
    </p>
   </div>
   <div class='ocr_carea' id='block_1_114' title="bbox 2409 5479 3890 5579">
    <p class='ocr_par' dir='ltr' id='par_1_114' title="bbox 2409 5479 3890 5579">
     <span class='ocr_line' id='line_1_114' title="bbox 2409 5479 3890 5579; baseline -0.005 -15"><span class='ocrx_word' id='word_1_882' title='bbox 2409 5509 2593 5565; x_wconf 82' lang='lat' dir='ltr'><strong>tionis</strong></span> <span class='ocrx_word' id='word_1_883' title='bbox 2641 5505 3020 5564; x_wconf 87' lang='lat' dir='ltr'><strong>individuum</strong></span> <span class='ocrx_word' id='word_1_884' title='bbox 3072 5479 3455 5579; x_wconf 81' lang='lat' dir='ltr'><strong>explicemus,</strong></span> <span class='ocrx_word' id='word_1_885' title='bbox 3503 5479 3559 5559; x_wconf 74' lang='lat' dir='ltr'><strong>et</strong></span> <span class='ocrx_word' id='word_1_886' title='bbox 3601 5499 3732 5555; x_wconf 86' lang='lat' dir='ltr'><strong>hanc</strong></span> <span class='ocrx_word' id='word_1_887' title='bbox 3760 5479 3890 5558; x_wconf 50' lang='grc' dir='ltr'><strong>(Ιυίῷέ</strong></span> 
     </span>
    </p>
   </div>
  </div>
