4064 6308
89 283 218 338 1313

941 275 1297 334 THEODORI
1352 273 1404 332 II
1441 274 1586 332 IMP.
1624 275 1717 335 DE
1753 271 2217 333 COMMUNIONE
2255 266 2624 330 NATURALI.

3357 273 3496 330 1314

84 407 162 458 ὅτε
219 399 278 457 δὲ
329 406 419 456 καὶ
478 405 800 478 κρειττόνως,
864 405 936 475 μή
1018 403 1326 475 μεμφθῶμιν
1382 402 1528 475 παρά
1590 419 1727 462 τινος
1761 398 1811 454 Α
1836 419 1947 473 μεν,
1989 398 2105 452 οὗτε
2132 401 2191 452 τὸ
2218 396 2496 470 ἀναγκαῖον
2530 419 2544 432 ο
2580 403 2630 450 οῖ
2658 391 2707 449 δ’
2741 395 2821 448 ὅτι
2873 395 2920 448 οἱ
2971 394 3102 468 μετά
3152 396 3363 456 τούτους
3404 395 3496 449 αύ-

85 493 421 556 ἐξετάσαντες.
505 490 704 546 Οἲδασι
777 493 879 566 γάρ
945 493 994 545 οἱ
1052 489 1385 565 διερχόμενοι
1437 489 1730 563 ἐπεστήμην

82 591 182 644 πῶς
232 578 311 634 δεῖ
353 581 680 654 φυσιολογεῖν
732 586 821 634 καὶ
866 589 976 642 πῶς
1033 581 1338 653 οἰκοινομεῐν
1375 599 1428 632 τε
1473 585 1563 633 καὶ
1613 578 1733 632 συλ-

84 672 416 744 λογίζεσθαι·
472 670 558 725 διὸ
589 679 724 726 πᾶσι
775 675 864 745 μὲν
895 691 985 725 και
1030 674 1200 729 πάντη
1242 671 1332 723 καὶ
1382 673 1518 723 κατά
1563 672 1736 724 πάντα

81 770 151 832 τῷ
211 765 510 836 Σταγειρίτη
581 763 884 835 πειθόμεθα,
950 761 1287 833 φυσιολογικῇ
1343 756 1403 813 δὲ
1448 765 1538 813 καὶ
1587 759 1734 813 αὐτοὶ

83 849 410 923 ἐπιϐάλλομεν
470 847 645 922 φειδοῖ
723 859 815 904 τοῦ
885 847 1096 925 ἀνδρὸς,
1174 848 1498 923 ἀναιροῦντες
1539 853 1733 907 ταύτην

82 961 171 998 την
207 936 364 1002 δόξαν
390 939 444 992 ἐκ
492 943 690 1002 ταύτης
739 941 817 1012 (ί)
871 949 970 992 τῶν
1011 941 1558 1013 χαρακτηρισμάτωυ.
1595 937 1735 993 Οὐδὲ

80 1031 195 1103 γὰρ,
249 1026 483 1102 ἀνδρεῖος
547 1030 572 1080 ὁ
622 1029 821 1102 μεγάλα
869 1031 1005 1100 ἔχων
1053 1031 1122 1081 τὰ
1161 1029 1480 1103 ἀκρωτήρια,
1541 1030 1734 1100 φάσκο-

78 1137 184 1189 μεν,
241 1116 368 1169 ἀλλά
434 1121 520 1170 τὸν
572 1118 737 1180 οὕτως
785 1121 1108 1191 ἡρμοσμένον
1168 1119 1196 1176 ἡ
1267 1118 1425 1178 οὕτως
1483 1125 1596 1178 ταῖς
1645 1137 1734 1170 συο

1408 1202 1588 1258 ἐνθαδὶ
1677 1202 1735 1258 δὲ

76 1303 262 1366 χυμῶν
317 1299 406 1347 καὶ
452 1293 638 1366 ψυχῆς
682 1304 847 1369 μερῶν
909 1292 1192 1367 ἰδιώματα,
1238 1299 1328 1347 καὶ
1360 1290 1454 1347 διὰ
1499 1301 1651 1348 τοῦτο
1676 1297 1733 1346 1'6

80 1205 283 1275 ζυγίους
325 1226 338 1238 ο
387 1203 488 1258 ἐκεῖ
541 1209 642 1279 γὰρ
699 1209 994 1278 σχημάτων
1070 1202 1318 1280 διαφορὰ,

80 1387 423 1456 συναγόμενον
492 1385 664 1437 ὁποῖόν
741 1385 856 1436 ἐστι
939 1383 1286 1442 καταληπτόν.
1331 1386 1417 1436 Διό
1465 1388 1584 1458 περὶ
1643 1386 1732 1455 μὲν

75 1480 168 1534 τῆς
214 1482 316 1524 τῶν
372 1473 638 1545 συξυγιῶν
708 1474 902 1537 τάξεως
961 1479 1051 1527 καὶ
1106 1474 1350 1548 εὑρέσεως
1402 1478 1491 1526 καὶ
1549 1474 1732 1535 θέσεως

75 1569 166 1616 καὶ
234 1562 513 1636 ἓναλλαγῆς
586 1561 962 1625 ἀποδεικτικῶς
1043 1564 1263 1626 εἰπόντες
1335 1562 1428 1615 ούκ
1503 1561 1562 1615 ἂν
1616 1565 1732 1636 ἔρυ-

79 1653 388 1726 θριάσαιμεν
435 1657 662 1718 πώποτε,
744 1655 918 1728 ὅτιπερ
994 1653 1267 1726 εἰρήκαμεν
1345 1655 1480 1704 κατὰ
1555 1654 1732 1724 φύσιν,

79 1741 481 1812 φυσιολογήσειν
564 1739 622 1795 δε
702 1745 918 1804 ταύταις
983 1742 1099 1794 κατ’
1161 1743 1374 1815 ἄτομον,

77 1829 442 1904 ἀνασταλῶμέν
491 1851 613 1885 ποτε
677 1833 786 1886 οὔθ’
855 1833 1222 1906 ύποσταλῶμιν
1307 1832 1446 1904 αύτῷ
1521 1837 1611 1884 καὶ
1649 1831 1733 1884 ἐπὶ

74 1922 298 1989 τούτοις,
354 1921 466 1973 οὗθ’
517 1923 616 1974 ύπό
669 1927 763 1984 τὴς
813 1923 954 1974 κάτω
1003 1925 1160 1996 φορὰν
1204 1921 1574 1994 ἀχθησόμεθα,
1627 1919 1732 1972 ἀλλ’

76 2006 430 2082 ἐνδεχομένως
474 2010 948 2083 φυσιολογήσαντις
1003 2015 1070 2074 ὡς
1133 2011 1269 2074 εἰκός
1316 2016 1409 2070 τήν
1467 2007 1734 2086 διάκρισιν

75 2107 180 2159 τοῖς
230 2107 414 2171 σοφοῖς
484 2098 832 2173 ἀναθήσομεν,
886 2108 992 2160 τοῖς
1049 2097 1108 2153 δέ
1162 2120 1219 2172 γε
1265 2099 1376 2172 μεθ’
1440 2102 1575 2173 ἡμᾶς
1620 2099 1734 2152 ἀνε-

74 2195 252 2263 ρευνᾴν
313 2189 648 2263 βουλομένοις
683 2193 752 2244 1'6:
780 2187 1096 2264 ἐνδεχόμενα
1140 2193 1256 2243 οὔτε
1301 2192 1454 2264 ἡμεῖς
1505 2190 1736 2244 κωλύσο-

75 2372 312 2437 partem
337 2368 627 2424 naturalis
653 2368 911 2425 scientias
948 2367 1066 2425 levi
1092 2366 1340 2426 brachio
1380 2368 1737 2439 attingamus

79 2461 136 2512 et
161 2457 342 2529 quasi
369 2473 704 2530 praecamus
735 2457 847 2513 illis
875 2458 978 2530 qui
999 2473 1161 2513 nunc
1202 2473 1486 2530 campum
1508 2457 1740 2528 ingredi

79 2546 382 2602 voluerint
402 2545 584 2618 idque
613 2546 915 2602 interdum
940 2545 1161 2603 leviore
1180 2546 1428 2603 brachio
1463 2551 1530 2603 ut
1587 2546 1737 2603 dixi-

84 2649 218 2690 mus
244 2635 550 2691 interdum
568 2635 746 2691 etiam
765 2635 1120 2699 accuratius,
1138 2651 1213 2691 ne
1235 2635 1382 2692 forte
1403 2635 1465 2691 in
1487 2634 1739 2706 alicujus

79 2724 607 2794 reprehensionem
624 2723 1231 2796 nostriperscrutendi
1254 2724 1517 2780 studium
1546 2725 1738 2780 incur-

80 2817 186 2868 rat.
204 2816 354 2870 Nam
369 2812 469 2884 qui
482 2811 1143 2884 philosophiamlitteris
1165 2819 1739 2886 persequuntur,no-

75 2906 352 2976 runtquo
363 2901 611 2973 pactoin
629 2901 880 2958 scientia
905 2902 1162 2958 naturali
1180 2903 1402 2959 versari
1422 2906 1694 2975 oporteat
1720 2917 1736 2959 :

73 3007 195 3064 quo
261 2995 446 3064 pacto
493 2989 846 3046 distribuere
898 2995 957 3047 et
996 2987 1335 3062 colligendo
1383 2991 1739 3048 concludere

1835 495 1938 550 τοῖς
2005 493 2125 563 περὶ
2169 491 2228 540 τὸ
2315 487 2636 560 φυσιολογεῖν
2692 484 3065 560 ἀναντιρῥήτως
3123 485 3493 558 φιλοτιμήσον-

1835 598 1942 644 ται,
1993 574 2080 630 διὸ
2123 578 2182 635 ἣν
2230 576 2414 630 ἐκεῖνοι
2472 580 2598 652 πρὸς
2643 579 2763 638 τοὺς
2813 575 2930 638 ἑξής
2976 579 3071 634 τήν
3110 573 3158 627 ἐν
3206 583 3323 636 ταῖς
3367 595 3494 650 γρα-

1839 675 1958 741 φαῖς
2018 672 2334 740 συγγνώμην
2404 665 2687 734 ἑθελουσιν,
2740 664 2792 727 ἐξ
2849 664 3015 716 αὐτῶν
3077 666 3227 737 ἡμεῖς
3269 662 3494 728 ἐξαιτού-

1839 760 1988 830 μεθα.
2059 765 2224 810 Τοῦτο
2279 753 2338 809 δὲ
2392 756 2508 809 οὒτε
2565 753 2734 828 δειλίᾳ
2788 757 2853 815 ὡς
2903 758 3094 827 πέφυκε
3131 759 3386 827 γέγραφα,
3427 757 3496 817 ὡς

1838 853 1932 907 τὴν
2003 847 2118 899 κατ’
2171 846 2258 919 ἐμὲ
2297 849 2470 918 γενεὰν
2525 848 2614 918 ἐμὲ
2664 841 2856 898 εἰδέναι
2919 849 3082 919 μέχρι
3134 849 3360 897 καὶτῶν
3409 842 3498 919 ἀρε

1838 937 2007 1012 ῥήτων
2067 934 2201 996 ἐντὸς
2270 944 2361 996 τῆς
2414 934 2721 1008 φιλοσοφίας
2785 938 3094 1006 γιγνώσκειν
3145 931 3493 1005 ἀφιλονείκως,

1839 1025 1956 1078 οὒτε
2029 1029 2087 1078 1'6
2151 1028 2377 1097 κρυπτὸν
2451 1021 2594 1096 εἶχόν
2649 1042 2703 1076 τε
2771 1026 2861 1074 καὶ
2911 1017 3228 1096 κερδωτικόν
3271 1019 3356 1075 οἷα
3400 1023 3498 1074 πά-

1843 1136 2044 1189 σχουσι
2082 1118 2130 1168 οἱ
2170 1114 2366 1186 πολλοὶ,
2427 1118 2514 1172 τὴν
2561 1109 2865 1170 συνείδησιν
2924 1110 3215 1177 ἀπατῶντες
3273 1115 3363 1164 καὶ
3418 1129 3498 1182 γε·

1839 1207 2023 1259 λαστοὶ
2063 1211 2318 1278 γινόμενοι
2356 1213 2428 1275 τῷ
2465 1204 2616 1276 γελᾷν
2669 1206 2744 1275 (2)
2791 1207 2879 1256 καὶ
2932 1202 2980 1254 ἐν
3041 1203 3242 1270 οἰκείοι,
3289 1201 3499 1276 ἀρκύοις

1841 1295 2244 1368 ἀγχονιξόμενοι
2294 1314 2308 1328 ο
2357 1292 2483 1345 ἀλλὰ
2537 1294 2810 1366 φιλόσοφος
2865 1293 2933 1345 ὧν
2993 1296 3174 1345 καὶτὸ
3231 1299 3498 1345 ταπεινοῦ-

1842 1389 1966 1439 σθαι
2021 1391 2288 1457 γινώσκων
2345 1383 2518 1450 καλόν,
2587 1387 2674 1434 καὶ
2733 1386 2792 1435 1'6
2849 1387 3052 1456 μέτριον
3124 1381 3332 1456 ἀρετήν,
3408 1385 3498 1433 καὶ

1839 1477 1904 1528 τὰ
1949 1478 2086 1548 μὲσα
2143 1472 2450 1548 ἀκρότητας.
2503 1477 2592 1524 καὶ
2648 1473 2743 1532 τὰς
2793 1470 3085 1545 ἀκρότητας
3120 1469 3168 1522 ἐν
3221 1475 3494 1544 μεσότητι,

1838 1567 2082 1638 καὶπρὸς
2114 1565 2317 1624 τούτοις
2345 1566 2434 1614 καὶ
2464 1560 2546 1613 ἐπὶ
2601 1561 2801 1621 τούτοις
2857 1562 2934 1612 ὅτι
2986 1562 3189 1626 θνητὸς,
3241 1562 3322 1612 ὅτι
3368 1562 3500 1632 πρὸς

1843 1650 2126 1716 σνδούλους
2191 1651 2320 1725 βοῶ,
2397 1653 2477 1704 ὅτι
2545 1654 2676 1726 πρὸς
2750 1649 3102 1722 ἐπιστήμονας
3173 1647 3497 1722 διατίθεμαι,

1461 1744 1577 1794 οὔτε
1631 1745 1733 1814 μήν
1771 1742 1920 1808 Βὸτι
1996 1744 2064 1804 εἷς
2124 1747 2214 1795 καὶ
2272 1746 2425 1814 μόνος
2479 1740 2619 1793 ἐστὶν
2672 1742 2698 1792 ό
2758 1745 2951 1815 κυρίως
3002 1744 3092 1792 καὶ
3131 1743 3287 1801 ὅντως
3347 1742 3499 1812 σοφὸς

1841 1836 1998 1893 οὕτως
2081 1829 2146 1890 δὴ
2197 1831 2346 1903 λέγω,
2413 1837 2587 1883 πᾶσαν
2645 1827 2704 1883 δε
2784 1834 2876 1888 τήν
2932 1835 3144 1902 γνώμην
3185 1831 3331 1900 ἡμῶν
3390 1834 3501 1890 τοῖς

1840 1925 2142 1997 κρειττόνως
2237 1921 2544 1994 εὑρίσκουσι
2648 1919 3063 1994 προσκολλῶμεν.
3159 1923 3264 1976 Τήν
3339 1920 3499 1991 χάριν

1844 2009 1902 2064 δὲ
1948 2019 2039 2062 τοῦ
2113 2008 2320 2082 βιϐλίου
2394 2018 2484 2069 τῆς
2539 2005 2850 2082 ἐπιστήμης
2895 2005 2964 2067 δή
3032 2011 3230 2069 ταύτης
3281 2006 3501 2069 ἐξαυτῆς

1845 2104 1936 2153 σὺν
1983 2108 2043 2172 τῇ
2105 2104 2388 2172 συγγνώμῃ
2442 2099 2727 2171 αἰτούμεθα
2784 2117 2796 2132 ·
2855 2095 2993 2150 ἴδιον
3045 2099 3142 2170 γὰρ
3212 2095 3500 2169 φιλοτιμεῖ-

1845 2192 1968 2244 σθαι
2018 2197 2124 2250 τοῖς
2172 2191 2366 2257 ὁμοίοις
2419 2190 2467 2241 οἱ
2525 2189 2696 2262 ὅμοιοι
2728 2184 3020 2264 δωρήματα
3071 2189 3139 2240 τὰ
3175 2184 3496 2244 κατάλληλα.

1845 2367 2230 2442 quisitionem
2257 2365 2624 2440 sapientibus
2636 2365 3064 2440 relinquemus.
3081 2364 3255 2432 Quod
3267 2361 3503 2438 quomi-

1845 2473 1961 2513 nus
1985 2457 2204 2514 faciant
2241 2471 2436 2528 neque
2472 2471 2508 2512 a
2545 2455 2743 2526 nobis,
2783 2471 2980 2528 neque
3051 2472 3088 2512 a
3117 2455 3240 2512 fato
3295 2453 3500 2526 aliquo

1845 2545 2267 2618 impedientur.
2308 2544 2598 2618 Equidem
2626 2544 2742 2601 hoc
2764 2550 2924 2602 ccrto
2965 2544 3106 2613 scio,
3130 2545 3256 2600 fore
3295 2558 3367 2599 ex
3398 2557 3502 2614 po-

1847 2635 2015 2692 steris
2041 2635 2275 2708 aliquos
2295 2635 2400 2707 qui
2420 2649 2543 2691 non
2556 2635 3003 2691 contradicendi
3019 2634 3215 2690 studio
3228 2632 3502 2690 eamdem

1845 2723 1908 2780 in
1936 2724 2053 2781 hac
2078 2723 2472 2796 philosophiae
2493 2727 2661 2796 parte
2692 2739 2963 2796 operam,
3009 2727 3256 2796 ponant.
3308 2723 3502 2788 Quare

1846 2829 2037 2886 quam
2074 2814 2155 2870 illi
2183 2813 2419 2870 veniam
2451 2813 2752 2885 aposteris
2787 2812 3178 2870 suislibenter
3195 2814 3500 2884 exspecta-

1845 2903 1998 2960 bunt
2043 2903 2202 2959 hanc
2255 2917 2367 2958 nos
2445 2902 2524 2958 ab
2569 2901 2716 2974 ipsis
2780 2902 3060 2974 petimus.
3118 2904 3319 2974 Neque
3360 2913 3502 2955 vero

1847 2992 2114 3063 ignaram
2143 2997 2200 3048 et
2238 2991 2714 3048 somniculosam
2735 3006 2983 3062 operam
3011 2991 3072 3046 in
3100 2989 3193 3045 his
3235 2987 3500 3046 conscri-

76 3096 326 3137 necesse
359 3080 453 3136 sit.
489 3079 713 3136 Idcirco
744 3079 804 3135 in
833 3080 1118 3137 omnibus
1150 3079 1396 3138 omnino
1451 3085 1508 3137 et
1535 3097 1740 3137 secun-
1772 3077 1812 3133 C
1845 3081 2060 3139 bendis
2099 3081 2438 3153 posuimus,
2483 3083 2542 3136 et
2571 3095 2775 3136 meum
2814 3080 2929 3136 hoc
2972 3077 3262 3136 saeculum
3300 3074 3502 3134 testari

76 3168 224 3226 dum
245 3168 458 3226 omnia
489 3168 778 3240 Stagiritae
816 3169 1327 3242 obtemperamus,
1351 3185 1464 3226 nos
1497 3185 1741 3242 quoque

76 3257 349 3315 scientia;
378 3258 668 3314 naturalis
703 3258 956 3314 studiosi
985 3259 1247 3317 rationes
1304 3259 1411 3315 viri
1462 3259 1616 3315 illius
1664 3259 1742 3316 ad

75 3351 248 3404 tenue
269 3353 331 3405 et
365 3347 442 3403 ad
473 3353 782 3404 concisum
821 3347 1090 3404 elimatas
1120 3348 1310 3404 fusius
1349 3347 1738 3422 explicamus,

75 3435 382 3494 elicientes
409 3436 567 3493 hanc
597 3437 945 3510 opinionem
975 3453 1043 3494 ex
1073 3437 1168 3494 ille
1198 3454 1334 3512 quas
1364 3455 1472 3512 per
1501 3438 1743 3510 insigni-

76 3528 167 3580 tas
198 3526 471 3600 corporis
513 3531 688 3583 notas
716 3526 1028 3597 colligitur.
1063 3530 1262 3600 Neque
1294 3528 1455 3584 enim
1486 3527 1742 3584 dicimus

72 3615 238 3672 hunc
267 3616 331 3672 in
356 3615 611 3673 modum
643 3634 655 3672 :
692 3615 876 3672 Fortis
898 3615 991 3672 ille
1014 3620 1102 3672 est
1132 3617 1235 3690 qui
1268 3632 1524 3688 magnas
1563 3617 1746 3675 habet

70 3706 504 3771 extremitates;
530 3704 653 3760 sed.
683 3705 790 3770 Qui
812 3704 926 3761 hoc
950 3704 1044 3761 vel
1071 3703 1172 3762 illo
1210 3705 1392 3762 modo
1411 3706 1746 3762 secundum

70 3793 540 3865 coniugationes
598 3797 964 3865 temperatus
1005 3797 1112 3849 est.
1153 3796 1300 3849 Nam
1340 3809 1413 3849 ex
1448 3794 1745 3866 insignitis

67 3883 348 3955 corporis
390 3882 553 3938 notis
591 3880 1024 3953 ﬁgurationum
1049 3882 1372 3938 discrimen
1405 3883 1743 3941 considera-

65 3975 162 4027 tur
195 3988 211 4038 ;
244 3971 346 4028 hic
377 3977 583 4026 autem
609 3970 936 4027 humorum
975 3975 1032 4028 et
1069 3973 1329 4043 partium
1361 3972 1580 4029 animus
1609 3989 1744 4046 pro-

60 4061 358 4132 prietates
382 4059 824 4132 expenduntur.
850 4061 975 4126 Quo
997 4059 1062 4116 ﬁt
1086 4065 1146 4117 ut
1167 4060 1308 4116 illud
1333 4061 1498 4134 quod
1515 4062 1742 4119 ratione

65 4149 479 4217 concluditur,
527 4149 696 4205 tacite
759 4147 1136 4220 intelligatur.
1200 4151 1346 4206 Cum
1425 4150 1603 4222 igitur
1667 4151 1742 4207 de

64 4239 583 4312 conjugationum
599 4237 830 4306 ordine,
874 4239 1234 4310 inventione,
1268 4239 1656 4297 collocatione
1687 4245 1743 4298 et

61 4329 522 4401 permutatione
549 4333 826 4385 accurate
852 4327 1134 4400 diximus,
1161 4344 1476 4402 nunquam
1501 4329 1738 4386 erubes-

1847 3173 2042 3244 potest
2069 3184 2163 3226 res
2183 3168 2497 3242 pleresque
2521 3167 2785 3225 occultas
2828 3173 2886 3225 et
2950 3167 3030 3224 ab
3094 3167 3226 3240 ipsa
3287 3170 3504 3224 natura

1849 3259 2151 3316 involutas
2184 3258 2328 3315 mihi
2355 3261 2593 3332 apertas
2632 3263 2694 3315 et
2763 3258 3115 3316 manifestas
3174 3257 3452 3314 exsistere
3485 3272 3498 3312 ε

1849 3365 2035 3422 quam
2059 3363 2203 3405 sane
2220 3347 2623 3418 cognitionem
2637 3347 2963 3404 insolenter
2973 3347 3218 3404 etintem
3226 3349 3505 3420 peranter

1849 3455 1974 3512 prie
2002 3454 2098 3494 me
2123 3438 2274 3494 ferre
2315 3437 2521 3494 nolim.
2559 3441 2762 3511 Neque
2808 3437 2937 3494 haec
2994 3453 3217 3495 arcana
3265 3452 3503 3494 mecum

1850 3527 2037 3584 habui
2059 3532 2272 3595 astute,
2301 3527 2566 3584 utsolent
2581 3527 2860 3601 multiqui
2881 3528 3312 3585 conscientiam
3328 3541 3503 3584 suam

1851 3617 1960 3689 ipsi
1989 3616 2222 3687 fallunt,
2255 3616 2368 3690 ipsi
2409 3633 2469 3672 se
2508 3614 2756 3674 ridicule
2784 3613 3031 3674 insanos
3069 3620 3391 3685 ostentant,
3433 3631 3504 3672 ac

1853 3706 1974 3762 suis
2001 3707 2112 3779 ipsi
2137 3706 2362 3764 retibus
2388 3706 2734 3764 suffocatur.
2770 3707 2884 3764 Sed
2912 3724 3050 3764 cum
3090 3723 3202 3778 ego
3235 3707 3350 3763 sim
3372 3703 3504 3778 phis

1851 3795 2161 3868 losophus,
2187 3795 2495 3868 sciamque
2517 3796 2874 3854 modestiam
2889 3812 3017 3852 esse
3041 3811 3180 3852 cum
3191 3795 3505 3852 honestate

1852 3885 2237 3958 conjunctam
2268 3891 2325 3942 et
2355 3885 2823 3942 moderationem
2859 3901 2988 3942 esse
3009 3884 3289 3941 virtutem
3308 3884 3506 3939 :item-

1851 3989 1969 4048 que
1991 3990 2125 4046 quae
2154 3975 2355 4030 media
2386 3975 2523 4045 sint,
2559 3986 2819 4048 quaeque
2840 3979 3106 4030 extrema
3132 3973 3194 4029 in
3221 3971 3507 4029 humanis

1850 4063 2234 4120 actionibus:
2293 4067 2575 4136 praeterea
2619 4075 2758 4118 cum
2817 4061 2995 4119 sciam
3047 4077 3144 4118 me
3191 4060 3507 4118 mortalem

1851 4167 1981 4209 esse
1996 4152 2260 4225 mihique
2273 4167 2444 4225 opem
2461 4167 2881 4208 conservorum
2898 4167 3029 4208 esse
3046 4149 3503 4224 implorandam:

1849 4256 1947 4297 me
1969 4257 2108 4297 cum
2140 4241 2511 4313 sapientibus
2553 4241 2798 4311 versari,
2839 4256 3031 4297 unum
3071 4240 3332 4312 denique
3371 4254 3504 4296 esse

1848 4329 2104 4404 perfecte
2117 4334 2320 4386 etvere
2339 4329 2700 4402 sapientem:
2727 4329 2866 4387 Ideo
2888 4329 2949 4385 in
2969 4329 3128 4386 hanc
3151 4329 3508 4386 sententiam

59 4417 486 4492 cemus,quod
503 4418 922 4475 convenienter
941 4423 1171 4475 naturte
1203 4418 1509 4492 principiis
1539 4419 1740 4476 docui-
1771 4437 1815 4492 ι)
1850 4434 2192 4476 sermonem
2221 4435 2427 4474 meum
2453 4418 2748 4476 concludo
2776 4437 2788 4476 :
2819 4423 2882 4476 ut
2908 4424 3122 4490 nostra
3153 4419 3510 4476 sententiam

56 4525 202 4564 mus
230 4509 311 4565 de
350 4507 865 4580 temperationum
903 4507 1452 4578 conjugationibus,
1493 4507 1640 4564 illud
1676 4509 1739 4565 in

57 4595 412 4653 individuis
441 4596 591 4669 ipsis
622 4595 938 4653 ostendere
971 4613 984 4652 :
1016 4612 1213 4669 neque
1251 4597 1365 4653 hoc
1403 4596 1602 4669 ipsum
1635 4613 1738 4654 un-

56 4701 253 4758 quam
268 4700 603 4742 renuemus
616 4701 812 4758 neque
831 4684 1335 4756 subterfugiemus
1354 4701 1576 4759 :neque
1596 4703 1734 4744 vero

57 4774 141 4830 ab
171 4773 391 4833 intima
451 4789 707 4848 quaeque
769 4774 1226 4846 descendemus,
1267 4775 1372 4832 sed
1409 4781 1732 4848 postquam

55 4869 413 4938 utcumque
435 4864 789 4938 perscrutati
813 4864 1127 4934 fuerimus,
1152 4865 1586 4923 accuratiorem
1605 4865 1732 4924 dis-

1848 4508 2259 4582 adjungamus
2286 4509 2590 4565 sententias
2635 4507 2874 4566 illorum
2932 4509 3037 4582 qui
3064 4508 3315 4566 meliora
3341 4499 3511 4582 repe-

1844 4597 2015 4655 rient.
2058 4597 2326 4656 Gratiam
2361 4613 2504 4656 vero
2530 4603 2776 4672 propter
2817 4599 3155 4657 doctrinam
3187 4603 3244 4656 et
3279 4602 3512 4656 senten-

1844 4688 1989 4746 tiam
2007 4694 2256 4746 nostran
2273 4688 2387 4746 hoc
2405 4688 2558 4746 libro
2581 4690 3085 4763 comprehensam
3100 4689 3511 4763 deposcimus-

1842 4781 1946 4837 Est
1973 4778 2136 4835 enim
2166 4793 2410 4852 acquum
2432 4783 2496 4836 ut
2517 4778 2740 4836 similes
2765 4795 2802 4837 a
2832 4779 3129 4836 similibus
3152 4781 3364 4836 mutua
3393 4780 3510 4834 stu-

1841 4865 2087 4924 diorum
2123 4882 2378 4924 munera
2413 4867 2676 4926 studiose
2717 4872 3080 4942 exspectent.

50 5097 531 5190 Diagramma
560 5097 1019 5190 adjiciendum
1048 5099 1247 5167 tertio
1306 5098 1607 5191 sermoni
1635 5096 1973 5168 Theodori
1999 5101 2228 5191 Ducas,
2266 5097 2335 5168 in
2363 5121 2496 5191 quo
2554 5121 2920 5170 numerum
2946 5093 3509 5191 conjugationum

1266 5188 1351 5257 ob
1394 5189 1626 5258 oculos
1665 5212 1920 5281 ponere
1958 5188 2324 5260 voluimus.
2381 5188 2405 5191 “
2538 5210 2544 5215 ·

362 5323 428 5382 ἸΙ
458 5328 591 5390 άπλῆ
621 5334 709 5404 καὶ
735 5335 916 5404 πρώτη
960 5329 1207 5404 συζυγία.

588 5400 791 5474 αβγζ
905 5400 1137 5462 utne

125 5473 202 5546 Ἠν
314 5468 503 5546 τάξιςἒ
527 5468 693 5546 1Ααμβ
837 5540 854 5546 _
896 5492 920 5546 ι
961 5476 990 5536 ζ
1029 5493 1059 5546 η

2401 5331 2674 5476 ἓξὲξ
2792 5329 2966 5463 ξὲἓ

2402 5474 2681 5546 4αβγ.
2797 5474 2968 5536 εοζ

124 5540 525 5619 (1)’ξΑναιρεῖν
555 5540 718 5606 δόξαυ
738 5540 797 5596 ἶκ
825 5540 1000 5619 δόξας,
1039 5544 1104 5600 id
1131 5547 1240 5616 est,
1263 5544 1603 5618 opinionem
1630 5560 1706 5606 ea:
1730 5562 1756 5605 6

1844 5545 2011 5606 mione
2047 5546 2276 5607 elicere.

131 5613 218 5691 (2)
244 5613 428 5687 L836
450 5613 691 5686 γελαστοὶ
714 5624 816 5672 τῶν
841 5615 1130 5691 γελαστῷν.
