4064 6308
147 297 274 352 131⁵7

998 295 1353 352 THEODORI
1403 298 1450 350 Il
1495 297 1632 353 IMP.
1677 297 1769 353 DE
1815 294 2274 357 COMHUNIONE
2324 297 2678 359 NATURALI

3385 307 3528 368 1318

145 470 3516 514 W

411 768 1586 950 ΘΕΟΔΩΡΟΥ
1685 779 2100 952 ΤΟΥ
2217 782 3234 960 ΛΑΣΚΑΡΙ

337 1151 488 1198 ΤΟΥ
576 1150 757 1198 ΥῙΟΥ
845 1151 994 1197 ΤΟΥ
1080 1147 1463 1200 ΜΕΓΔΛΟΥ
1551 1152 1929 1202 ΒΑΣΙΛΕΩΣ
2018 1157 2272 1206 ΚΥΡΟΥ
2362 1159 2724 1210 ῘΩΛΝΝΟΥ
2809 1164 2961 1211 ΤΟΥ
3045 1163 3307 1214 ΔΟΥΚΔ

848 1413 1160 1526 ΤΗΣ
1226 1415 1892 1533 ΦΥΣΙΚΗΣ
1960 1420 2827 1540 ΚΟΙΝΩΝΙΑΣ

1292 1737 1686 1827 ΛΟΓΟΣ
1768 1745 2360 1831 ΤΕΤΑΡΤΟΣο

801 2170 1816 2317 THEODOB]

613 2526 805 2589 FILII
891 2527 1179 2592 SUMMI
1262 2529 1849 2600 IMPERATORIS

780 2797 967 2917 DE
1061 2799 1810 2922 NATURALI

1920 2179 2852 2323 LASCARIS

1932 2537 2255 2602 DOMIMI
2335 2542 2694 2607 JOANNIS
2780 2545 3036 2608 DUCIE

1910 2803 2778 2929 COMMUNION
2810 2808 2884 2926 E

1283 3147 1678 3241 SERMO
1774 3148 2366 3262 QUARTUS.

169 3621 237 3676 α’.
308 3630 677 3695 Τοσαυταχώς
741 3632 829 3676 οῦν
878 3626 971 3686 τὰς
1021 3627 1069 3678 ἐν
1124 3623 1416 3701 ἀνθρώποις
1464 3635 1644 3699 χυρῶν
1714 3646 1768 3679 τε
1800 3630 1932 3681 Ατὸ
1988 3631 2150 3680 ποσὸν
2203 3628 2474 3700 εὑρεθῆναι
2530 3623 2788 3682 ἀδύνατον
2838 3649 2854 3663 ο

82 3717 179 3765 καὶ
254 3711 521 3784 ψυχικῶν
579 3721 744 3785 μερῶν
802 3718 1068 3776 κοινωνίας
1134 3717 1362 3787 εὑρόντες
1413 3718 1766 3790 γεγράφαμεν,

80 3805 155 3863 ὡς
201 3797 345 3868 ἔδει,
411 3799 780 3874 ἐρευνήσαντες
821 3806 942 3876 πρίν
1004 3823 1016 3835 ο
1057 3804 1116 3855 οὑ
1184 3804 1530 3878 περικλείομεν
1591 3801 1650 3857 δὲ
1701 3807 1770 3857 τὰ

81 3887 382 3963 ἰδιώματα
433 3899 534 3940 τῶν
599 3908 653 3942 τε
713 3893 849 3942 κατὰ
920 3891 1069 3962 λόγον
1130 3891 1503 3965 ἐργαζομένων,
1561 3901 1658 3944 τῶν
1714 3913 1768 3946 τε

72 3983 224 4032 κατὰ
253 3981 462 4052 θυμὸν,
494 3986 593 4029 τῶν
644 3998 697 4031 τε
751 3979 863 4031 κατ’
917 3979 1218 4052 ἐπιθυμίαν,
1277 3986 1368 4033 καὶ
1414 3990 1513 4033 τῶν
1566 3985 1768 4055 ἓκάστῳ

74 4067 496 4141 ἀφωσίωμένων
542 4077 730 4138 χυμῶν
779 4067 826 4119 ἐν
871 4077 1019 4140 ποσῷ
1076 4090 1088 4101 ⁸
1141 4077 1292 4121 τίδ’)*ο
1348 4073 1447 4143 γὰρ
1509 4072 1603 4123 οὒκ
1655 4074 1770 4143 ἔχει

68 4178 160 4219 τις
200 4164 416 4231 χώραν
463 4157 648 4230 εὑρεῖν,
701 4156 832 4208 ἀλλὰ
885 4163 1036 4230 μόνον
1094 4161 1180 4209 τὸν
1245 4157 1483 4232 ἀριθμὸν,
1529 4166 1618 4212 καὶ
1675 4165 1769 4219 τὴν

71 4251 310 4318 σχέσιν,
338 4250 446 4297 καὶ
481 4249 574 4302 τὴν
632 4249 888 4304 ποιότητα
936 4243 1296 4319 ἀπεδείξαμεν.
1351 4252 1420 4299 Τὸ
1468 4257 1614 4320 γοῦν,
1671 4254 1766 4302 πό-

69 4357 171 4389 σαι
237 4341 342 4388 καὶ
402 4335 586 4386 ὁποῖαι
643 4338 697 4386 αἱ
752 4341 1016 4389 κοινωνίαι
1056 4346 1156 4389 τῶν
1215 4335 1532 4410 ἀμφοτέρων,
1581 4338 1768 4410 ψυχῆς

68 4423 310 4484 δηλαδὴ
359 4428 462 4476 καὶ
480 4432 690 4496 χυμῶν,
722 4421 964 4496 ἐδείχθη,
995 4430 1155 4479 πόσον
1192 4422 1251 4478 δε
1279 4431 1378 4498 μία
1397 4425 1591 4484 ἑκάστη
1652 4429 1768 4500 ἔχει

150 4609 169 4657 1
192 4646 205 4658 .
226 4600 965 4659 Totnumerohumorum
978 4601 1041 4658 in
1059 4601 1412 4658 hominibus
1434 4605 1490 4658 et
1512 4601 1774 4673 partium

63 4692 282 4750 animi
300 4691 600 4747 inventas
614 4689 835 4746 anobis
849 4707 1048 4746 comm
1057 4691 1306 4747 uniones
1319 4691 1774 4761 etinvestigatas

61 4783 284 4855 prius,
315 4788 393 4836 ut
425 4780 712 4851 oportuit,
732 4780 1590 4852 tradidimus.Proprietatibus
1629 4796 1772 4837 vero

57 4873 576 4942 agentiumtum
623 4885 696 4925 ex
749 4871 996 4936 ratione,
1059 4875 1187 4925 tum
1243 4887 1314 4926 ex
1371 4872 1660 4925 irascente
1715 4871 1774 4925 vi

55 4968 266 5034 atque
302 4957 633 5024 facultate,
661 4961 784 5013 tum
804 4958 1062 5030 denique
1081 4974 1152 5013 ex
1170 4957 1492 5030 cupiditate
1510 4959 1773 5030 itemque
1805 4973 1850 5027 Β

48 5046 586 5127 proprietatibus
613 5046 934 5102 humorum
967 5047 1289 5118 unicuique
1306 5047 1767 5116 assignatorum,

45 5148 314 5199 certam
354 5153 439 5193 ac
475 5135 783 5190 deﬁnitam
810 5135 1206 5208 quantitatem
1227 5151 1348 5191 non
1370 5135 1768 5192 attribuimus.

43 5237 188 5291 Hoc
237 5228 432 5285 enim
481 5224 724 5297 reperiri
750 5240 872 5280 non
899 5228 1141 5296 potest:
1199 5225 1304 5279 sed
1334 5223 1772 5280 domonstravi-

37 5341 204 5380 mus
220 5321 265 5377 d
276 5318 560 5374 untaxat
571 5328 910 5384 numerum,
924 5311 1316 5379 habilitatem,
1333 5313 1772 5385 etqualitatem.

39 5416 92 5480 Q
105 5416 229 5469 uot
249 5409 424 5463 sunt
440 5402 626 5471 igitur
642 5403 1102 5458 communiones
1122 5405 1535 5474 utrorumque,
1554 5417 1772 5474 nempe

35 5501 265 5563 animi
291 5503 361 5553 et
381 5495 749 5558 humerum,
772 5507 807 5548 a
823 5491 998 5548 nobis
1018 5493 1331 5546 ostensum
1349 5496 1455 5546 est.
1475 5493 1772 5557 Quantam

33 5601 282 5652 autem
310 5580 742 5656 quantitatem
770 5594 1152 5652 unaquaeque
1169 5579 1515 5635 communio
1528 5579 1770 5646 habeat,

2902 3637 3073 3683 ποσοῦ
3119 3633 3220 3704 γὰρ
3272 3630 3368 3684 οὐκ
3419 3629 3532 3684 ἐπί-

1877 3735 2030 3778 τασις
2075 3721 2165 3768 καὶ
2194 3716 2392 3786 ἄνεσις,
2421 3715 2526 3768 ἀλλ’
2559 3715 2674 3768 ἴσον
2705 3722 2796 3770 καὶ
2826 3716 3004 3770 ἄνισον
3037 3739 3050 3752 ο
3095 3718 3154 3771 οὐ
3197 3719 3411 3791 σφάλλει
3473 3716 3534 3773 δί

1876 3814 2032 3858 τοῦτο
2058 3810 2151 3863 τήν
2182 3802 2500 3876 ἕπιστήμην.
2531 3805 2679 3860 Ἐπεὶ
2705 3813 2828 3876 γοῦν
2869 3808 2925 3858 αἱ
2976 3806 3087 3858 κατ’
3148 3805 3370 3880 ἀριθμὸν
3426 3825 3534 3859 κοι-

1875 3893 2172 3946 νωνίαιείσὶ
2203 3889 2556 3965 δεδειγμέναι,
2608 3896 2854 3954 ὡσαύτως
2909 3899 2998 3945 καὶ
3051 3900 3176 3965 μιᾶς
3219 3894 3445 3953 ἑκάστης
3497 3897 3527 3952 ἡ

1880 3979 2085 4043 ἰδιότης
2117 4003 2128 4014 ·
2173 3981 2218 4032 εἰ
2244 3983 2345 4054 γὰρ
2375 3985 2465 4032 καὶ
2493 3977 2584 4032 τοῦ
2614 3981 2821 4052 λογικοῦ
2867 3981 3074 4052 λογικὸς
3125 3983 3392 4057 ὑπερέχει,
3442 3986 3534 4033 καὶ

1877 4079 1969 4123 τοῦ
1998 4073 2220 4141 θυμικοῦ
2261 4071 2499 4141 θυμικὸς,
2558 4074 2641 4120 καὶ
2703 4077 2795 4121 τοῦ
2844 4068 3226 4141 ἐπιθυμητικοῦ
3281 4071 3534 4141 ἐπιθυμη-

1877 4179 2042 4228 τικος,
2078 4157 2210 4215 πλὴν
2243 4162 2333 4209 καὶ
2371 4157 2420 4208 οἱ
2472 4156 2752 4233 ἀμφότεροι
2791 4160 2821 4217 ἣ
2883 4161 3252 4231 ἐπιθυμητικοὶ
3318 4160 3347 4219 ἢ
3396 4158 3535 4230 λογι-

1877 4252 2014 4306 κοὶῆ
2050 4249 2260 4319 Θυμικοί
2299 4246 2422 4314 εἰσι,
2454 4245 2549 4298 κᾶν
2607 4249 2679 4308 εἰς
2734 4251 2930 4299 τούτων
2983 4247 3083 4321 ἔχῃ
3129 4249 3258 4306 ὅσην
3310 4250 3372 4300 ἄν
3428 4250 3530 4321 ἔχῃ

1878 4343 1972 4396 τὴν
2002 4339 2137 4388 κατὰ
2174 4338 2233 4386 τὸ
2271 4353 2440 4386 κοινον
2500 4338 2646 4386 ποιὸν
2693 4335 2955 4405 ἐπίτασιν,
3005 4338 3032 4388 ὁ
3079 4342 3264 4410 κρίνων
3329 4334 3388 4389 δὲ
3442 4334 3535 4389 διὰ

1878 4433 2032 4479 τοῦτο
2055 4425 2112 4477 οὐ
2143 4423 2501 4497 παρασφοίλλει
2541 4422 2676 4476 ὥστε
2729 4424 3112 4498 ἐπιθυμητικὸν
3164 4429 3252 4479 τὸν
3310 4429 3527 4499 θυμικον

1881 4601 2122 4657 deﬁnite
2153 4615 2333 4656 nemo
2363 4601 2620 4672 reperire
2641 4604 2855 4673 potest.
2879 4604 3030 4659 Nam
3046 4603 3397 4676 quantitatis
3411 4618 3537 4660 non

1881 4694 1973 4746 est
2000 4688 2254 4745 intensio
2284 4693 2342 4744 et
2364 4689 2660 4756 remissio,
2693 4689 2799 4746 sed
2823 4691 3131 4764 aequalitas
3152 4697 3208 4747 et
3226 4690 3539 4763 inaequali-

1880 4783 1991 4834 tas.
2026 4781 2210 4834 Nemo
2231 4793 2368 4833 vero
2400 4777 2515 4833 hoc
2545 4778 2729 4834 modo
2784 4779 3174 4837 considerans
3205 4796 3242 4836 a
3286 4779 3537 4835 scientia

1880 4867 2158 4924 aberrare
2189 4869 2400 4938 potest.
2429 4867 2722 4933 Quoniam
2749 4868 2926 4937 igitur
2950 4873 3098 4940 quot
3124 4868 3250 4923 sine
3280 4881 3534 4921 numero

1881 4955 2338 5010 communiones
2363 4961 2674 5011 ostensum
2687 4960 2792 5025 est,
2812 4956 3023 5010 eodem
3046 4954 3230 5010 modo
3261 4954 3536 5008 uniuscu-

1877 5044 2098 5116 jusque
2129 5043 2573 5100 communionis
2595 5045 2926 5115 proprietas
2956 5041 3260 5097 declarata
3311 5047 3420 5098 est.
3478 5041 3536 5098 Si

1881 5134 2039 5187 enim
2056 5133 2309 5188 rationis
2341 5148 2591 5203 compos
2642 5131 2885 5188 rationis
2925 5130 3194 5202 compoti
3245 5130 3535 5186 excellere

1879 5221 2263 5293 potest,enim
2278 5217 2923 5290 iracundo,iracundus
2939 5223 2996 5275 et
3009 5218 3269 5290 cupidus
3289 5219 3530 5292 cupido,

1879 5311 1961 5366 ita
1990 5315 2190 5366 tamen
2217 5313 2282 5364 ut
2298 5309 2481 5365 ambo
2509 5308 2627 5362 sint
2648 5311 2751 5364 aut
2771 5305 2976 5377 cupidi
2993 5311 3096 5364 aut
3112 5307 3362 5364 rationis
3376 5323 3534 5365 com-

1880 5404 2074 5473 potes,
2102 5402 2207 5455 aut
2225 5397 2519 5455 iracundi.
2545 5395 2903 5468 thuamvis
2927 5412 3087 5453 unus
3107 5396 3327 5456 habeat
3347 5413 3536 5471 quan-

1879 5495 2245 5563 tamcunque
2280 5488 2504 5545 habere
2550 5492 2692 5558 post
2723 5488 3063 5544 communis
3091 5488 3396 5562 qualitatis
3443 5487 3537 5542 in-

1881 5579 2260 5646 tensionem;
2290 5592 2415 5634 non
2440 5580 2643 5632 tamen
2672 5574 2909 5632 falletur
2946 5577 3054 5650 qui
3092 5593 3167 5635 ex
3220 5577 3336 5634 illis
3401 5589 3538 5648 quae
