4064 6308
505 227 641 286 1319

2026 210 2386 271 ADDBNDA.

3792 213 3927 278 1320

501 352 726 416 οἴεσθαι,
789 346 1025 417 καθαρῶς
1083 339 1141 396 6":
1198 337 1455 417 διακρίνει
1509 341 1597 395 τὸν
1665 339 2038 413 ἐπιθυμητικόν
2095 337 2149 392 ἐκ
2182 337 2230 391 Α
2260 345 2298 391 Γ
2328 341 2444 392 Δτὸ
2466 338 2643 412 μεῖζον
2675 342 3012 414 τετράγωνον,
3056 343 3087 402 ἡ
3133 340 3191 399 δί
3227 349 3267 400 Ε
3315 351 3355 398 Ζ
3401 351 3443 399 Η
3489 352 3536 399 Θ
3585 345 3648 397 τὸ
3704 343 3926 398 ἔλασσον

497 447 590 493 τοῦ
656 440 875 511 θυμικοῦ
942 434 1002 488 Εἰ
1067 429 1126 484 δὲ
1184 435 1274 484 καὶ
1338 434 1404 484 τὰ
1469 427 1583 490 εἴδη
1650 439 1750 484 τῶν
1815 431 2148 483 καθεκαστων

501 530 696 589 πλάτος
733 529 862 599 ἔχει,
907 524 1040 576 ὥστε
1076 521 1318 594 λέγεσθαι
1347 520 1394 573 ἓν
1448 520 1662 574 ἕκαστον
1715 516 1853 582 εἶδος
1910 522 2150 577 ποιότητι

499 622 594 677 τὴν
617 616 854 670 ἇπὶτασιν
884 615 1016 664 κατὰ
1043 614 1101 664 16
1145 609 1376 686 ἄπειρον,
1422 611 1516 662 οὐκ
1569 609 1696 668 ἄλλη
1754 607 1853 672 κάξ
1909 608 2068 661 αὐτοῦ
2114 608 2144 666 ἠ

504 705 708 768 ἰδιότης
741 707 1032 777 γενήσεται,
1065 699 1261 753 ἐσεῖται
1288 697 1346 753 δὲ
1395 695 1424 758 ἧ
1483 703 1636 770 αυτή,
1693 695 2148 771 ἀποδειχθήσεται

502 793 553 849 δ’
581 794 738 854 οὕτως
762 795 1050 861 καὶτοῦτο,
1073 792 1202 862 1196;
1230 791 1287 840 16
1320 784 1491 850 δειξαι
1527 790 1692 859 τούτῳ
1746 795 1818 858 τῷ
1879 791 2146 858 σχήματι,

497 888 577 939 ὅτι
621 886 708 936 τόν
759 883 975 954 θυμικὸν
1026 881 1156 954 πρὸς
1215 879 1432 951 θυμικόν
1480 877 1509 936 ἡ
1571 885 1666 939 τῆς
1712 880 1985 938 ποιότητος
2035 873 2147 928 ἐπί-

498 993 650 1036 τασις
681 972 774 1025 οὐκ
805 969 953 1023 ἄλλον
997 976 1087 1022 τοῦ
1139 970 1360 1041 θυμικοῡ
1419 963 1547 1021 εἶναι
1600 974 1779 1020 τοῦτον
1837 972 1999 1022 ποιεῖ.
2065 971 2151 1017 Δεῑ

497 1072 622 1139 ’γοῦν
654 1057 932 1126 ἀποδεῖξαι
956 1062 1036 1112 ὅτι
1065 1059 1160 1113 οὐκ
1213 1058 1334 1112 ἄλλο
1385 1063 1474 1112 καὶ
1525 1057 1647 1111 ἄλλο
1690 1063 1857 1112 ταῦτα
1913 1053 2008 1110 διὰ
2055 1062 2148 1110 τοῦ

497 1161 665 1210 ποσοῦ
693 1158 766 1225 τῷ
791 1154 889 1224 ἳσῳ
920 1153 1004 1204 καὶ
1035 1156 1106 1221 τῷ
1145 1147 1331 1220 ἀνίσῳ.

570 2604 743 2659 Ἔστω
773 2609 942 2660 τοίνυν
969 2607 1036 2659 τὰ
1078 2612 1170 2658 τοῦ
1241 2609 1518 2678 σχήματος
1568 2605 1863 2679 τετράγωνα
1930 2603 1960 2663 ἠ
2014 2606 2062 2660 Α
2104 2601 2150 2658 Β

499 2769 781 2836 diximus,
813 2768 1086 2842 judicare
1117 2767 1366 2825 voluerit
1397 2783 1410 2833 ;
1441 2764 1520 2824 ita
1562 2771 1626 2823 ut
1675 2766 1962 2840 cupidum
2009 2780 2149 2822 cum

497 2858 788 2918 iracundo
809 2857 1154 2926 confundat,
1186 2856 1292 2914 sed
1314 2856 1600 2929 cupidum
1621 2855 1698 2913 ab
1720 2855 2012 2912 iracundo
2037 2855 2151 2911 sin-

500 2966 630 3008 cere
657 2965 912 3023 vereque
934 2948 1280 3018 distinguat.
1315 2949 1381 3004 Et
1404 2947 1681 3019 quamvis
1704 2945 2147 3002 individuorum

2256 429 2570 504 τετράγωνον
2615 451 2629 464 ο
2688 433 2923 484 ἔστωσαν
2978 440 3104 504 γοῦν
3142 437 3172 493 ἡ
3225 441 3264 489 Α
3322 441 3358 488 Β
3413 441 3450 487 Γ
3489 441 3525 488 Δ
3590 438 3824 506 στιγμαὶ
3877 433 3925 496 ἐξ

2257 517 2325 570 ὧν
2357 521 2483 593 1196;
2530 519 2770 593 ἑκατέρας
2820 526 2913 581 τὴν
2960 531 3008 578 Χ
3056 529 3093 578 Φ
3137 531 3184 580 Ψ
3238 531 3286 577 Ω
3331 524 3560 578 ἐνοΰνται
3593 545 3607 558 ο
3647 526 3678 582 ἡ
3719 531 3762 575 Α
3806 520 3925 595 γοῦτ

2259 617 2319 682 τῇ
2353 617 2390 662 Β
2431 614 2521 663 καὶ
2569 611 2696 670 αὑτὴ
2756 619 2819 684 τῇ
2877 617 2914 666 Γ
2969 617 3059 666 καὶ
3115 613 3246 674 αὐτὴ
3302 621 3362 687 τῇ
3420 621 3477 682 Δ,
3529 618 3625 666 καὶ
3685 613 3826 672 αὕτη
3887 621 3924 668 Δ

2258 698 2492 753 ἔστωσαν
2525 701 2551 759 ὁ
2586 707 2632 756 Ψ
2653 707 2691 755 Φ
2722 708 2760 756 Φ
2789 709 2836 754 Ω
2863 710 2911 755 Ω
2941 711 2989 758 Χ
3018 711 3065 759 Χ
3094 710 3141 759 Ψ
3169 708 3258 757 καὶ
3301 709 3592 764 ποιήσουσι
3651 707 3716 756 τὸ
3775 703 3924 756 ἔλασ-

2261 809 2350 844 σον
2371 793 2685 866 τετράγωνον
2716 798 2756 846 Ε
2783 800 2822 846 Ζ
2848 799 2890 846 Η
2918 801 2963 848 Θ
2989 813 3002 828 ο
3045 793 3280 848 ἔστωσαν
3329 802 3452 868 γοῦν
3511 799 3604 847 καὶ
3663 813 3738 846 τα
3789 801 3834 847 Ν
3890 800 3920 846 P

2257 885 2369 934 ΛΠ
2403 886 2614 954 σημεῖα,
2643 885 2780 954 μέσα
2805 891 2902 936 τῶν
2929 889 2967 937 Ε
3011 889 3050 937 Ζ
3105 890 3148 938 Η
3206 891 3252 938 Θ
3309 889 3559 956 σημείων,
3605 886 3678 947 ὡς
3733 886 3820 936 καὶ
3861 885 3921 934 τὰ

2257 977 2637 1028 ΨΦΩΧτῶν
2670 977 2900 1026 ΑΒΓΔ
2947 979 3175 1047 σημείων
3238 995 3250 1009 ·
3310 976 3374 1036 ὡς
3421 981 3546 1047 γοῦν
3609 976 3640 1032 ἡ
3696 981 3742 1027 Α
3799 976 3917 1049 πρὸς

2257 1066 2350 1122 τὴν
2376 1063 2439 1134 Β,
2473 1063 2503 1122 ἡ
2538 1065 2724 1138 Επρός
2753 1067 2848 1122 τὴν
2873 1070 2932 1133 Ζ,
2955 1069 3044 1117 καὶ
3074 1067 3139 1126 ὡς
3169 1065 3199 1124 ἡ
3253 1071 3289 1117 Β
3339 1084 3472 1140 προς
3522 1067 3621 1122 τὴν
3674 1069 3738 1131 Γ,
3797 1065 3827 1121 ἡ
3883 1069 3918 1116 Ζ

2256 1155 2384 1228 1196;
2414 1157 2506 1211 τὴν
2531 1159 2596 1218 Η,
2627 1157 2715 1206 καὶ
2742 1156 2811 1216 ὡς
2835 1154 2865 1212 ἡ
2900 1159 2957 1223 Γ,
2988 1156 3115 1229 1196;
3144 1157 3238 1213 τὴν
3283 1160 3340 1225 Δ,
3371 1155 3400 1213 ἡ
3433 1159 3477 1208 Η
3518 1157 3654 1226 πρὸς
3714 1159 3805 1212 τήν
3856 1161 3918 1216 Θ,

2256 1247 2346 1294 καὶ
2373 1245 2440 1304 ὡς
2469 1243 2499 1300 ἡ
2525 1249 2559 1294 Δ
2580 1246 2705 1316 1196;
2729 1246 2822 1302 τὴν
2857 1249 2917 1310 Α,
2947 1242 2976 1302 ὴ
3006 1246 3045 1297 Θ
3074 1246 3204 1317 1196;
3244 1248 3338 1303 τὴν
3393 1249 3450 1312 Ε,
3491 1247 3585 1296 καὶ
3636 1242 3802 1296 πάλιν
3858 1245 3922 1303 ὡς

2257 1335 2314 1386 τό
2336 1331 2645 1404 ἐπιζευχθὶν
2677 1339 2722 1387 Ψ
2752 1339 2790 1386 Φ
2823 1340 2857 1386 Β
2886 1338 3129 1408 τρίγωνον
3175 1337 3306 1410 1196;
3332 1336 3388 1388 1'6
3450 1340 3496 1386 N
3537 1339 3577 1386 Ζ
3635 1341 3676 1386 Ρ
3739 1337 3928 1407 τρίγω-

2255 1421 2543 1490 νον,οὐτως
2568 1427 2657 1474 καὶ
2704 1425 2762 1474 τὸ
2807 1429 2854 1477 Ψ
2902 1429 2950 1476 Χ
3004 1430 3043 1476 Α
3111 1427 3360 1498 τρίγωνον
3417 1425 3627 1496 1196;16
3691 1429 3738 1475 Π
3799 1429 3838 1475 Ε
3883 1428 3923 1475 Χ

2258 1516 2526 1586 τρίγωνον,
2558 1516 2647 1564 καὶ
2674 1513 2959 1572 ὡςτόΧΩ
2985 1517 3019 1564 Δ
3060 1516 3309 1586 τρίγωνον
3377 1515 3502 1586 1196;
3560 1515 3619 1564 16
3683 1519 3735 1564 Λ
3785 1519 3832 1565 Π
3881 1520 3923 1565 Θ

2256 1606 2522 1674 τρίγωνον,
2555 1604 2714 1662 οὕτως
2736 1606 2826 1654 καὶ
2873 1603 2931 1653 τὸ
2978 1608 3026 1652 Ω
3067 1607 3105 1656 Φ
3150 1606 3188 1653 Γ
3251 1605 3498 1676 τρίγωνον
3565 1605 3709 1674 πρὸς
3761 1604 3823 1653 τὸ
3885 1609 3924 1654 ,ἱ

2180 1691 2224 1746 Β
2257 1697 2292 1744 Ρ
2349 1697 2389 1743 Η
2445 1695 2713 1764 τρίγωνον.
2779 1691 3033 1766 ’Υπάρχει
3097 1698 3220 1763 γοῦν
3279 1693 3338 1743 τό
3397 1696 3443 1744 Ψ
3487 1697 3525 1744 Φ
3578 1696 3614 1742 Β
3669 1694 3923 1764 τρίγωνον

2257 1781 2431 1851 ὅμοιον
2484 1787 2545 1852 τῇ
2598 1783 2839 1838 ποιότητι
2893 1788 2992 1831 τῶν
3045 1787 3091 1833 Ν
3140 1787 3177 1833 Ρ
3233 1786 3272 1832 Ζ
3323 1783 3581 1854 τριγώνῳ,
3649 1779 3792 1837 πλὴν
3879 1779 3902 1830 6

2258 1867 2364 1920 ἀλλ’
2405 1867 2462 1920 οὐ
2493 1876 2564 1940 τῷ
2594 1868 2713 1940 ἴσῳ,
2746 1873 2831 1922 καὶ
2874 1869 3097 1932 καθεξῆς
3150 1871 3207 1921 1'6
3266 1875 3311 1923 Ψ
3363 1875 3408 1922 Χ
3456 1876 3494 1922 Δ
3549 1873 3814 1942 τρίγωνον
3861 1875 3923 1937 τῷ

2259 1965 2301 2009 II
2333 1964 2376 2009 N
2409 1964 2716 2031 Ετριγὼνῳ,
2750 1960 2995 2020 ὡσαύτως
3028 1954 3086 2010 δὲ
3143 1963 3231 2010 καὶ
3286 1961 3341 2010 16
3393 1965 3439 2012 Χ
3476 1964 3523 2010 Ω
3574 1963 3608 2008 Δ
3673 1963 3922 2030 τρίγωνον

2257 2055 2328 2117 τῷ
2361 2054 2402 2100 Λ
2436 2054 2479 2100 Π
2513 2052 2835 2121 Θτριγὼνῳ,
2884 2050 3058 2100 καὶτὸ
3108 2054 3154 2099 Ω
3197 2053 3235 2101 Φ
3271 2053 3308 2100 Γ
3351 2052 3600 2121 τρίγωνον
3653 2056 3731 2119 τῷ
3791 2054 3841 2100 Λ
3894 2053 3924 2099 Ρ

2259 2145 2301 2192 II
2334 2144 2586 2212 τριγώνῳ,
2608 2141 2696 2190 καὶ
2723 2136 2875 2190 παλιν
2899 2137 2969 2198 εἰς
2997 2141 3056 2190 16
3083 2136 3391 2210 ἐπιζευχθεν
3445 2143 3490 2190 Ν
3554 2143 3590 2190 Ρ
3640 2143 3691 2190 Λ
3743 2143 3791 2189 Π
3856 2154 3927 2188 τε·

2258 2230 2598 2303 τετράγωνον,
2647 2225 3009 2298 ἁγκεὶσθωσαν
3065 2227 3200 2280 κατὰ
3249 2230 3341 2286 τὴν
3401 2228 3589 2278 τούτου
3639 2233 3741 2278 τοῦ
3799 2232 3848 2278 Ν
3889 2226 3924 2280 Ρ

2261 2323 2371 2371 ΛΠ
2402 2320 2527 2392 πρὸς
2558 2321 2757 2370 τωΨΦ
2814 2324 2861 2368 Ω
2911 2323 2958 2370 Χ
2998 2315 3166 2386 τάξιν,
3219 2318 3285 2369 τὰ
3329 2320 3370 2368 Τ
3413 2322 3455 2369 Υ
3511 2320 3552 2368 Κ
3605 2323 3644 2368 Σ
3706 2316 3922 2387 σημεῖα,

2260 2407 2657 2479 ἐπιξεύχθωσαν
2684 2403 2744 2460 δὲ
2771 2411 2860 2459 καὶ
2886 2413 3051 2459 ταῦτα
3096 2413 3168 2476 τῷ
3219 2411 3260 2459 Τ
3303 2413 3343 2460 Υ
3395 2411 3438 2460 Κ
3494 2413 3528 2458 Σ
3589 2409 3686 2458 καὶ
3726 2405 3924 2458 fruita:

2258 2502 2345 2550 ταὶ
2386 2504 2551 2551 ταῦτα
2591 2494 2682 2550 ἶσα
2723 2499 2789 2550 τὰ
2831 2499 3086 2572 τρίρωναο
3121 2497 3186 2557 ὡς
3239 2502 3363 2568 γοῦν
3405 2498 3464 2550 16
3520 2502 3562 2548 ll
3611 2502 3660 2549 Λ
3719 2503 3768 2550 Θ
3822 2503 3926 2569 τρί-

2261 2677 2540 2752 wquales,
2567 2677 2728 2735 linea
2755 2676 3003 2750 quidem
3034 2680 3080 2732 Α
3101 2675 3274 2732 lineae
3305 2677 3364 2744 Β,
3387 2679 3446 2732 et
3463 2675 3596 2733 haec
3623 2675 3806 2733 lineae
3865 2679 3921 2734 C.

2259 2774 2316 2825 et
2344 2766 2473 2825 haec
2499 2766 2673 2824 linea:
2706 2770 2769 2836 D,
2799 2770 2857 2823 et
2887 2765 3216 2822 haedlineae
3240 2769 3304 2822 A.
3339 2766 3568 2822 Puncta
3605 2764 3789 2838 igitur
3811 2765 3858 2820 ν
3889 2769 3924 2821 x

2262 2860 2301 2914 Y
2330 2861 2365 2913 Ζ
2383 2863 2685 2930 ponantur
2703 2856 2904 2913 media
2927 2857 3080 2912 inter
3103 2861 3146 2910 Α
3168 2858 3207 2910 Β
3225 2858 3264 2914 C
3288 2859 3351 2924 Β,
3380 2861 3439 2912 et
3466 2856 3925 2927 conjungantur

2259 2946 2410 3004 inter
2450 2962 2512 3002 se
2549 2947 2590 3002 Y
2616 2948 2673 3001 X.
2711 2947 2752 3001 X
2785 2947 2841 3001 Ζ.
2873 2947 2917 3000 V
2965 2947 3007 3000 Y
3046 2943 3300 3002 efﬁcient
3329 2960 3448 3018 que
3497 2945 3705 3001 minus
3775 2961 3923 3017 qua-

498 3039 704 3098 formw
725 3039 804 3113 (t)
825 3037 1202 3095 latitudinem
1223 3035 1490 3094 habeant
1513 3035 1665 3093 adeo
1692 3040 2148 3109 utunaqumque
2181 3045 2222 3101 c
2259 3035 2624 3109 drangulum
2657 3038 2697 3092 E
2729 3038 2766 3092 F
2797 3037 2840 3091 G
2873 3037 2937 3090 Η.
2967 3035 3130 3092 Sicut
3149 3035 3327 3106 igitur
3355 3037 3398 3091 N
3444 3036 3487 3091 Ο
3535 3036 3577 3089 Ρ
3615 3037 3662 3101 Q
3697 3041 3917 3108 puncta

497 3130 692 3188 forma
718 3128 1115 3186 intensionem
1147 3126 1206 3183 in
1235 3127 1536 3184 infinitum
1590 3125 1890 3199 suscipere
1935 3125 2144 3198 possit,

498 3223 700 3276 tamen
724 3233 847 3274 non
876 3217 1011 3274 ideo
1036 3217 1140 3273 ilia
1174 3217 1507 3289 proprietas
1529 3215 1758 3281 evadet,
1795 3213 1902 3272 sed
1936 3214 2149 3271 eadem

497 3306 783 3364 manebit.
801 3305 973 3372 Quod
991 3309 1192 3362 autem
1213 3304 1495 3374 dicimus,
1517 3305 1678 3361 hunc
1699 3303 2024 3360 inmodum
2047 3303 2149 3360 de-

499 3393 934 3452 monstrabitur
966 3410 978 3449 :
1014 3393 1294 3464 Subjecta
1321 3393 1516 3464 ﬁgura
1536 3393 1814 3450 volumus
1835 3393 2150 3450 ostendere

499 3483 848 3540 intensionis
864 3481 1212 3554 qualitatem
1234 3497 1357 3538 non
1374 3482 1606 3538 efﬁcere
1627 3487 1691 3538 ut
1715 3482 2040 3540 iracundus
2071 3481 2149 3540 ab

499 3568 790 3629 iracundo
821 3569 973 3627 alius
1002 3569 1119 3626 dici
1143 3570 1376 3626 deﬁniri
1424 3571 1638 3643 possit.
1691 3573 1933 3643 Oportet
1969 3571 2149 3643 igitur

499 3662 913 3719 demonstrare
938 3676 1046 3733 per
1071 3660 1419 3733 quantitatis
1459 3660 1861 3733 aequalitatem
1897 3665 1954 3718 et
2004 3662 2148 3720 ina:-

498 3751 844 3826 qualitatem
859 3749 984 3807 haec
1001 3748 1165 3808 aliud
1186 3752 1365 3822 atque
1382 3747 1545 3806 aliud
1561 3763 1682 3807 non
1705 3748 1977 3806 evadere.

753 3946 1900 5021 γλ

569 5189 652 5244 Ex
688 5187 1122 5262 quadrangulis
1151 5190 1328 5264 igitur
1354 5189 1537 5263 hujus
1563 5191 1770 5262 figure
1803 5191 1928 5246 esto
1955 5185 2153 5261 majus

502 5276 993 5350 quadrangulum
1013 5288 1059 5336 Α
1089 5280 1134 5333 Β
1163 5282 1202 5336 C
1222 5281 1263 5336 D
1299 5298 1312 5350 ;
1345 5281 1385 5335 E
1412 5281 1451 5336 F
1481 5282 1523 5337 G
1549 5281 1592 5336 Η
1623 5278 1822 5335 minus
1848 5277 2153 5349 quadran-

500 5366 728 5440 gulum.
766 5368 891 5426 Sint
920 5369 1100 5440 igitur
1127 5373 1176 5424 A
1201 5371 1244 5425 Β
1276 5372 1315 5427 C
1343 5369 1387 5426 D
1410 5372 1636 5443 puncta
1655 5383 1692 5426 a
1720 5366 1942 5441 quibus
1970 5367 2152 5424 triun.

496 5470 616 5530 que
644 5456 815 5515 lineae
847 5473 986 5516 cum
1023 5456 1072 5514 V
1111 5461 1153 5517 Χ
1197 5462 1241 5517 Υ
1280 5460 1321 5514 Ζ
1369 5458 1742 5532 copulentur.
1803 5457 1930 5515 Sint
1974 5456 2154 5528 igitur

2259 3124 2460 3183 media
2503 3126 2653 3182 inter
2709 3127 2934 3198 puncta
2990 3126 3031 3180 E
3085 3126 3125 3180 F
3168 3125 3210 3180 G
3251 3122 3320 3192 H,
3385 3123 3917 3196 quemadmodum

2259 3219 2303 3273 V
2326 3218 2366 3272 Χ
2389 3218 2427 3272 Υ
2450 3219 2486 3272 Ζ
2514 3219 2738 3288 puncta
2765 3217 2942 3270 erunt
2964 3212 3162 3270 media
3195 3212 3346 3268 inter
3375 3218 3602 3285 puncta
3633 3217 3678 3268 Α
3711 3215 3756 3268 Β
3787 3216 3828 3271 C
3857 3215 3922 3269 Β.

2263 3309 2332 3363 L't
2359 3306 2536 3376 igitur
2559 3304 2718 3362 linea
2746 3309 2792 3360 Α
2816 3303 2996 3361 habet
3019 3302 3097 3360 ad
3122 3302 3342 3359 lineam
3368 3304 3426 3374 Β,
3459 3301 3544 3360 ita
3577 3301 3749 3359 linea
3783 3307 3823 3360 F
3851 3303 3929 3360 ad

2257 3397 2479 3454 lineam
2501 3397 2541 3453 G
2579 3411 2592 3452 :
2621 3401 2679 3452 et
2715 3398 2782 3451 ut
2801 3393 2956 3450 linea
2985 3395 3024 3450 C
3053 3391 3133 3450 ad
3169 3392 3390 3449 lineam
3413 3395 3475 3463 D,
3521 3392 3606 3449 ita
3651 3392 3826 3450 linea
3887 3396 3930 3448 ϐ

2260 3487 2337 3545 ad
2354 3486 2574 3543 lineam
2593 3487 2636 3542 Η
2664 3503 2677 3553 ;
2702 3489 2759 3540 et
2779 3489 2922 3541 utse
2944 3483 3127 3540 habet
3146 3482 3303 3539 linea
3327 3485 3367 3539 D
3392 3481 3469 3538 ad
3497 3481 3727 3538 lineam
3755 3491 3827 3550 Α,
3851 3484 3930 3540 ita

2258 3577 2416 3634 linea
2432 3575 2480 3632 Η
2497 3575 2574 3633 ad
2587 3574 2810 3632 lineam
2834 3576 2899 3630 Ε.
2923 3575 3152 3629 Rursus
3169 3579 3306 3629 utse
3324 3571 3504 3628 habet
3519 3571 3657 3644 conj
3672 3581 3927 3630 unctum

2259 3665 2628 3737 triangulum
2649 3667 2691 3721 Y
2721 3666 2763 3721 X
2789 3665 2829 3719 Β
2859 3662 2938 3721 ad
2970 3659 3333 3735 triangulum
3355 3663 3398 3717 Ν
3457 3663 3497 3718 F
3549 3661 3619 3728 Ο,
3677 3662 3770 3720 ita
3836 3662 3930 3720 tri-

2261 3756 2552 3827 angulum
2574 3756 2616 3810 Υ
2647 3755 2684 3808 ν
2715 3757 2763 3810 Α
2787 3753 2866 3810 ad
2895 3750 3260 3823 triangulum
3297 3751 3340 3816 Ο
3367 3752 3407 3806 Ε
3460 3753 3526 3807 Ν.
3589 3751 3667 3807 Dt
3744 3756 3822 3809 ut
3869 3767 3932 3808 se

2259 3845 2442 3903 habet
2469 3843 2834 3915 triangulum
2863 3843 2907 3908 Ο
2935 3844 2978 3898 Η
3003 3841 3068 3912 Ρ,
3095 3840 3176 3897 ita
3212 3839 3580 3912 triangulum
3601 3842 3642 3897 Ζ
3678 3842 3722 3896 Χ
3757 3843 3802 3898 C
3854 3841 3931 3898 ad

2262 3933 2626 4005 triangulum
2657 3934 2756 3992 PO
2796 3934 2861 3989 G.
2891 3933 2987 3987 Est
3015 3930 3195 4002 igitur
3246 3927 3618 3999 triangulum
3677 3932 3725 3986 Υ
3799 3934 3842 3987 Χ
3889 3929 3931 3984 Β

2259 4025 2545 4098 qualitate
2575 4021 2764 4080 simile
2786 4019 3080 4092 triangula
3110 4019 3152 4075 U
3186 4021 3224 4076 F
3251 4019 3315 4092 Ο,
3348 4017 3453 4075 sed
3492 4034 3622 4075 non
3663 4019 3928 4094 aequale.

2261 4114 2482 4172 Deinde
2509 4111 2876 4185 triangulum
2893 4112 2935 4167 Υ
2953 4112 2995 4166 V
3010 4113 3056 4166 Α
3078 4108 3270 4165 simile
3291 4113 3379 4165 est
3397 4107 3706 4180 triangula
3722 4111 3772 4176 Ο
3794 4113 3835 4167 Ε
3851 4112 3925 4176 Ν;

2260 4205 2520 4278 itemque
2549 4199 2983 4272 triangulumV
3033 4200 3069 4253 Ζ
3122 4201 3165 4254 D
3216 4193 3404 4254 simile
3459 4203 3550 4254 est
3619 4198 3926 4270 triangula

2263 4297 2302 4351 L
2341 4298 2382 4352 G
2414 4297 2457 4350 Η
2488 4310 2500 4348 :
2533 4291 2794 4364 denique
2821 4287 3188 4358 triangulum
3219 4289 3254 4343 Ζ
3294 4289 3334 4343 Χ
3357 4288 3396 4343 C
3428 4285 3626 4344 simile
3653 4294 3753 4346 est
3780 4305 3928 4362 qua-

2183 4389 2228 4446 D
2261 4385 2422 4442 litate
2451 4379 2749 4452 triangula
2776 4383 2817 4436 P
2839 4381 2882 4436 Ο
2915 4380 2978 4436 G.
3006 4381 3228 4434 Rursus
3257 4375 3582 4448 conjuncta
3617 4378 3930 4450 quadran-

2264 4473 2404 4545 gulo
2443 4475 2487 4529 N
2510 4473 2554 4529 Ο
2580 4472 2621 4526 Ρ
2651 4473 2695 4536 Q
2718 4467 3119 4526 inscribautur
3141 4472 3365 4540 puncta
3391 4466 3428 4523 S
3456 4467 3499 4522 T
3532 4467 3584 4522 Κ
3611 4469 3674 4538 L,
3714 4469 3926 4526 eodem

2264 4563 2375 4620 situ
2401 4577 2524 4636 quo
2550 4559 2853 4632 interjecta
2873 4562 3012 4615 sunt
3040 4558 3325 4630 punctaN
3352 4555 3396 4611 Ο
3444 4555 3487 4610 Ρ
3530 4556 3605 4627 Q,
3661 4557 3729 4614 in
3789 4575 3926 4632 quae

2262 4651 2564 4724 drangulo
2591 4652 2634 4708 Υ
2663 4653 2704 4707 Χ
2733 4653 2768 4706 Ζ
2797 4651 2861 4706 ν.
2893 4648 3332 4704 Connectantur
3361 4643 3543 4702 etiam
3561 4645 3674 4704 illa
3704 4653 3925 4721 puncta

2264 4743 2435 4802 STKL
2450 4759 2462 4798 :
2478 4739 2786 4798 erunthwc
2799 4751 3042 4811 quoque
3053 4734 3307 4809 aequalia
3318 4733 3654 4805 triangula.
3670 4737 3745 4794 Ut
3757 4738 3925 4809 igitur

2260 4829 2630 4902 triangulum
2656 4829 2789 4895 QPH
2821 4845 2884 4884 se
2906 4825 3087 4884 habet
3107 4822 3187 4882 ad
3206 4823 3584 4894 triangulum
3625 4826 3803 4897 YVA,
3856 4828 3924 4883 ita.

2261 4923 2394 4978 NLP
2405 4923 2484 4978 ad
2507 4920 2663 4986 QPH.
2679 4919 2749 4974 Ut
2769 4919 2968 4974 autem
2992 4931 3055 4972 se
3075 4913 3256 4972 habet
3277 4913 3666 4985 triangulum
3684 4917 3828 4975 POG
3857 4912 3920 4974 ad

2261 5007 2606 5079 riangulum
2656 5007 2810 5078 VZD,
2867 5005 2950 5062 ita
2997 5005 3175 5062 etiam
3228 5002 3366 5060 TKO
3417 5002 3499 5059 ad
3551 5004 3918 5081 triangulum

2261 5097 2417 5156 POG.
2447 5099 2512 5154 Et
2533 5099 2596 5153 ut
2613 5093 2978 5166 triangulum
2998 5096 3090 5152 ΟΝ
3097 5095 3136 5150 F
3159 5108 3220 5150 se
3235 5091 3419 5150 habet
3438 5092 3522 5150 ad
3555 5095 3915 5168 triangulum

2262 5189 2411 5256 ZXC,
2443 5187 2524 5243 ita
2540 5200 2780 5259 quoque
2821 5183 3186 5254 triangulum
3216 5179 3354 5239 KNS
3395 5181 3480 5238 ad
3546 5185 3914 5257 triangulum

2263 5275 2403 5334 NOF
2435 5291 2450 5331 :
2480 5277 2547 5331 Et
2576 5278 2641 5331 ut
2669 5271 3037 5344 triangulum
3071 5272 3212 5338 NQE
3269 5285 3331 5327 se
3382 5269 3581 5328 habet
3639 5273 3725 5331 ad
3787 5272 3911 5337 im;

2263 5367 2346 5424 ita
2366 5364 2546 5424 etiam
2578 5365 2709 5431 SQL
2739 5378 2802 5420 se
2856 5361 3040 5420 habet
3087 5361 3165 5419 ad
3219 5357 3386 5428 QME.
3443 5363 3534 5418 Ita
3593 5368 3670 5421 ut
3713 5369 3911 5422 utrum-

2263 5471 2382 5530 que
2403 5455 2704 5528 utrimque
2733 5457 2807 5511 ex
2860 5450 3230 5526 inaéqualitat
3291 5466 3322 5508 ο
3382 5448 3714 5524 aequaliter
3751 5450 3908 5513 excelé

569 5578 648 5656 (1)
666 5583 797 5646 Non
822 5582 920 5645 hic
948 5583 1024 5644 de
1047 5581 1254 5645 formis
1283 5583 1720 5657 essentialibus,
1749 5583 1949 5658 igitur,
1977 5582 2087 5644 sed
2113 5579 2323 5645 {armis
2370 5568 2734 5658 qualitatum
2769 5580 2834 5641 in
2877 5575 3226 5640 individuis.
