4064 6308
116 268 241 331 i321

995 265 1350 332 THEODORI
1367 271 1415 330 ΙΙ
1442 262 1584 331 1MP.
1615 271 1707 329 DE
1729 264 2192 332 GOMMUNIONE
2234 278 2605 337 NATURALI.

3380 268 3524 335 1322

110 423 252 478 γωνον
281 399 412 476 πρὸς
430 398 489 450 16
518 403 565 453 Ψ
594 403 643 452 Χ
686 402 750 465 Α,
795 396 957 461 οὕτως
1003 403 1092 453 καὶ
1138 400 1198 453 τό
1252 405 1293 453 Τ
1334 406 1368 452 Σ
1419 404 1465 452 Π
1516 399 1649 473 πρὸς
1688 397 1747 450 16
1777 395 1825 451 A
1855 394 2041 470 ἀνίσῳ,
2093 400 2249 475 ὅμοια
2305 399 2364 458 δὲ
2427 408 2517 458 καὶ
2576 401 2712 457 αὐτὰ
2763 399 2957 454 ἐσεῖται
3003 400 3211 463 τούτοις
3257 402 3520 470 ποιότητι,

110 502 151 550 Π
179 500 221 549 Λ
246 500 312 562 Θ,
334 493 404 553 ὡς
428 486 486 543 δὲ
514 491 572 542 16
601 494 647 542 Λ
672 495 709 542 Ρ
740 494 783 542 Η
813 493 1060 562 τρίγωνον
1080 494 1213 564 πρὸς
1252 492 1311 544 1'6
1359 489 1414 543 X
1446 494 1494 542 Ω.
1552 492 1609 554 Δ,
1666 485 1750 540 οὖ-

111 580 926 653 τωςκαὶτὸΣΚΛπρόςτόΛ
981 586 1105 650 PH,
1159 584 1249 633 καὶ
1305 581 1369 640 ὡς
1414 595 1474 630 το
1534 583 1570 631 Ρ
1616 581 1660 631 Ν
1713 583 1752 629 Ζ

109 679 341 750 τρίγωνον
370 671 582 747 πρὸςτό
626 673 738 722 ΩΦ
774 673 835 735 Γ,
886 668 1047 731 οὕτως
1101 673 1191 723 καὶ
1232 672 1291 723 τὸ
1344 674 1387 723 Κ
1440 675 1482 722 Υ
1531 672 1569 721 Ρ
1621 669 1754 741 πρὸς

110 768 276 818 τόΝΡ
303 768 366 827 Ζ,
411 764 503 813 καὶ
548 761 619 822 ὡς
673 777 733 811 το
789 764 835 812 Ν
888 764 932 813 Π
989 765 1028 814 Ε
1081 764 1329 834 τρίγωνον
1376 759 1584 832 πρόςτο
1616 762 1655 811 Φ
1707 762 1754 811 Ψ

112 860 164 922 Β,
196 852 350 914 οὕτως
377 851 548 904 καὶτὸ
578 856 619 903 Υ
638 854 682 903 T
710 854 758 902 N
786 850 916 922 πρὸς
944 851 1003 902 τὸ
1044 854 1088 902 Il
1140 855 1189 903 N
1238 854 1296 916 Ε,
1356 846 1592 923 ἑκάτερον
1639 844 1753 899 ἕκα-

110 946 248 1019 τέρου
288 946 382 1001 τὴν
422 941 690 1015 ὑπεροχὴν
736 938 861 1011 ἔχον
905 941 1051 1009 ἴσην,
1109 940 1246 992 κατὰ
1290 940 1348 991 τὸ
1405 937 1605 1003 ἄνισον,
1663 938 1754 989 καὶ

108 1040 253 1086 τοῦτο
280 1031 417 1084 κατὰ
451 1031 510 1082 16
547 1030 778 1103 ἄπειρον,
810 1025 939 1081 ἀλλὰ
967 1031 1057 1081 καὶ
1089 1029 1159 1091 ὡς
1214 1030 1271 1081 τὸ
1320 1032 1360 1081 Α
1423 1032 1461 1080 Β
1509 1031 1546 1079 Γ
1601 1031 1637 1079 Δ
1668 1044 1752 1079 τε·

106 1122 361 1197 τράγωνον
414 1122 545 1195 πρός
601 1120 661 1171 τὸ
720 1123 759 1170 Ε
817 1122 858 1169 Ζ
885 1123 928 1171 Η
992 1125 1059 1190 Θ,
1101 1117 1261 1180 οὕτως
1297 1118 1470 1170 καὶτὸ
1496 1122 1542 1171 Ν
1566 1122 1603 1170 Ρ
1632 1120 1680 1170 Λ.
1708 1121 1754 1169 Π

103 1213 225 1286 πρὸς
283 1219 342 1263 τό
414 1214 455 1263 Τ
533 1215 574 1262 Υ
622 1213 665 1262 Κ
707 1213 741 1260 Σ
786 1205 1022 1282 ἑκάτερον
1068 1206 1309 1280 ἐκατέρου
1356 1207 1492 1259 κατά
1542 1208 1600 1259 τό
1644 1206 1755 1258 οἴνι-

103 1318 191 1353 σον
244 1297 425 1362 έξίσου
468 1297 723 1371 ὑπερέχον
779 1314 834 1348 τι
884 1300 975 1348 καὶ
1048 1296 1444 1372 ὑπιριχόμινον·
1519 1296 1588 1357 ὡς
1650 1297 1755 1368 γὰρ

96 1392 153 1442 τό
184 1395 225 1443 Δ
260 1394 299 1441 Β
335 1393 374 1441 Γ
404 1394 440 1441 Δ
468 1405 595 1461 προς
623 1388 682 1439 τό
710 1391 749 1438 Ε
781 1391 821 1437 Ζ
865 1390 909 1438 Η
955 1392 1024 1454 Θ,
1090 1385 1255 1447 οὕτως
1300 1389 1390 1437 καὶ
1444 1382 1571 1437 αὐτὸ
1623 1385 1756 1459 πρὸς

97 1481 155 1531 16
177 1484 220 1531 Ν
242 1484 280 1531 Ρ
303 1482 353 1532 Λ
381 1483 449 1546 II,
467 1480 558 1529 καὶ
606 1474 753 1542 αὐτὸ,
785 1486 919 1527 κατα
944 1476 1032 1527 τόν
1095 1473 1245 1527 οὐτόν
1294 1472 1465 1545 λόγον,
1524 1475 1652 1547 πρὸς
1694 1476 1753 1527 16

95 1574 135 1622 Τ
165 1575 205 1620 Υ
233 1572 275 1620 Κ
326 1573 385 1619 Σ·
440 1569 531 1618 καὶ
570 1562 678 1617 ἕπει
727 1570 852 1635 γοῦν
904 1570 1010 1625 τοῖς
1060 1560 1169 1615 ἐπεὶ
1224 1564 1292 1615 τὰ
1332 1564 1470 1637 ἄκρα
1519 1566 1755 1636 σημείοις

95 1661 265 1709 ΑΒΓ
316 1661 354 1709 Δ
420 1655 484 1707 τὰ
544 1656 682 1726 μέσα
739 1659 935 1721 σημεῖα
990 1659 1035 1706 Ψ
1101 1658 1139 1706 Φ
1187 1660 1235 1704 Ω.
1279 1658 1328 1706 x
1378 1650 1756 1725 ἕπιξιυχθέντα

93 1743 380 1817 ἐξανάγκης
440 1750 650 1796 ποιοῦσι
697 1744 1027 1817 τετράγωνον,
1077 1745 1166 1794 καὶ
1220 1742 1285 1794 τὰ
1343 1744 1480 1814 μέσα
1537 1744 1751 1810 τούτων,

90 1837 224 1887 κατά
272 1838 371 1893 τὴν
424 1832 585 1891 αὐτὴν
644 1836 917 1899 ποιότητα,
980 1836 1265 1890 ποιήσουσι
1342 1849 1430 1883 τον
1501 1839 1537 1884 Ρ
1582 1837 1629 1886 Λ
1685 1839 1753 1904 Π,

94 1924 346 1983 ὡσαύτως
365 1926 455 1974 καὶ
476 1923 543 1974 τὰ
584 1924 723 1994 μέσα
745 1922 940 1974 τούτων
989 1922 1046 1973 16
1093 1925 1135 1973 Τ
1186 1927 1227 1973 Υ
1273 1925 1317 1974 Κ
1371 1927 1426 1984 Σ,
1482 1918 1609 1973 ἀλλά
1664 1926 1754 1975 καὶ

88 2013 637 2067 τάΨΦΒΦΩΓΩ.
679 2016 727 2064 Χ
772 2016 809 2063 Δ
861 2017 910 2064 Χ
962 2015 1008 2064 Ψ
1053 2012 1102 2064 Α
1156 2012 1384 2084 τρίγωνα
1438 2012 1503 2063 τὰ
1555 2013 1754 2067 κατάΨ

91 2106 200 2156 ΦΩ
254 2108 306 2156 Χ
361 2100 601 2174 ἑνούμενα
642 2102 778 2152 κατὰ
819 2102 885 2152 1'6.
925 2100 1064 2172 μέσα
1114 2106 1307 2172 σημεῖα
1361 2105 1409 2152 Ν
1454 2106 1491 2153 Ρ
1545 2105 1591 2153 Λ
1623 2102 1756 2155 Πτᾰ

85 2190 365 2265 ἐγκείμενοι
414 2194 544 2266 πρὸς
608 2193 697 2251 τὰς
754 2192 800 2243 Ψ
855 2195 893 2243 Φ
942 2195 981 2243 Φ
1030 2196 1077 2241 Ω
1120 2196 1168 2241 Ω.
1217 2196 1262 2243 Χ
1314 2196 1383 2265 Χ.
1415 2195 1461 2244 Ψ
1505 2194 1752 2264 γραμμὰς

84 2276 476 2354 ἓπιζευχθέντα
528 2281 663 2332 κατὰ
732 2281 827 2338 τὴν
908 2277 1064 2337 αὐτὴν
1116 2281 1207 2331 καὶ
1253 2285 1420 2331 ταῦτα
1477 2277 1752 2352 ἀναλογίαν

77 2378 181 2423 τῶν
227 2371 343 2422 ἄνω
437 2370 574 2422 κατὰ
644 2371 703 2421 τὸ
761 2368 959 2435 ἄνισον,
1004 2369 1161 2441 ὅμοια
1233 2362 1295 2421 δὲ
1340 2367 1634 2444 ὑπάρξουσι
1685 2376 1748 2429 τῆ

77 2464 334 2518 ποιότητι
391 2462 482 2512 καὶ
536 2459 605 2511 τὰ
641 2460 780 2531 μέσα
824 2457 1019 2510 τούτων
1076 2458 1180 2532 ἄρα
1227 2464 1421 2531 σημεῖα
1478 2460 1544 2511 τὰ
1592 2458 1754 2531 ἐγκεί-

72 2568 206 2623 μενοι
226 2551 612 2610 ταῖςΝΡΡΛ
651 2553 690 2599 Α
742 2553 785 2601 Π
834 2554 878 2601 Π
936 2552 985 2601 Ν
1035 2554 1302 2622 γραμμαῖς
1355 2546 1753 2622 ἐπιζευχθέντα,

73 2636 479 2692 ἀκολουθοῦντα
529 2634 949 2695 ἀκολουθήσουσι
1030 2643 1093 2697 τῆ
1197 2641 1474 2711 ποσότητι,
1553 2637 1647 2691 οὐκ
1703 2636 1753 2691 ἐν

70 2722 249 2783 ἀνέσει
360 2732 473 2791 τοῖς
547 2727 991 2802 προγενεστέροις,
1065 2724 1193 2780 ἀλλὰ
1274 2735 1348 2781 τῶ
1391 2730 1493 2802 ῖσῳ
1538 2731 1626 2782 καὶ
1680 2736 1751 2802 τῷ

1858 490 1992 541 ὥστε
2019 488 2114 542 οὐκ
2160 492 2266 566 ἄρα
2315 496 2373 546 τὸ
2418 495 2556 547 κατὰ
2600 495 2659 546 1'6
2703 490 2880 566 μεῖζον
2933 490 3267 567 τετράγωνον,
3316 492 3347 549 ἦ
3410 494 3523 565 τρί-

1855 596 2036 650 γωνον,
2087 579 2118 641 ᾖ
2198 580 2369 658 ἕτερόν
2421 603 2473 637 τι
2538 586 2818 643 ποιότητος
2870 575 3031 644 εἶδος,
3098 587 3194 633 τοῦ
3249 577 3524 641 ἐλάσσονος

1858 660 2091 741 διαφέρει
2148 675 2408 743 ποιότητι,
2456 670 2565 725 ἀλλ’
2612 672 2729 725 ἔστι
2802 671 2991 723 ταυτὸν
3046 670 3180 723 κατὰ
3229 672 3324 729 τὴν
3375 672 3525 723 ποιό-

1852 771 2005 825 τητα,
2053 761 2145 811 καὶ
2201 757 2310 814 ἐπεὶ
2369 763 2431 814 16
2512 757 2624 815 ἶσον
2672 759 2982 815 καὶάνισον
3034 757 3104 821 ὡς
3161 758 3382 834 εἴρηται,
3432 763 3527 813 τοῦ

1851 853 2019 899 ποσοῦ
2048 847 2319 909 οὖκᾶλλην
2343 854 2599 911 ποιεῖτὴν
2661 853 2933 922 ποιότητα,
2988 850 3079 902 καὶ
3118 848 3177 901 1'6
3235 852 3278 903 Α
3327 849 3433 922 ἄρα
3479 851 3518 901 Β

1852 937 1892 986 Γ
1936 938 1973 988 Δ
2016 934 2390 1013 ἐπιθυμητικὸν
2456 941 2486 1001 ἣ
2549 941 2767 1014 θυμικὸν
2842 939 3019 1012 ὅμοιόν
3070 934 3183 992 ἐστι
3256 938 3393 991 κατά
3456 954 3519 1010 γε

1850 1028 2110 1086 ποιότητα
2129 1036 2277 1101 τῷΨ
2324 1035 2363 1085 Φ
2411 1036 2460 1084 Ω.
2511 1035 2561 1086 Χ
2616 1027 3001 1103 ἐπιθυμητικῷ,
3060 1024 3090 1088 ἣ
3147 1027 3372 1100 θυμικῷ,
3427 1030 3518 1081 καὶ

1849 1122 2002 1172 τοῦτο
2028 1125 2099 1190 τῷ
2125 1124 2173 1174 Ν
2202 1125 2239 1173 Ρ
2265 1122 2313 1176 Λ
2343 1126 2410 1193 Π,
2434 1122 2524 1174 καὶ
2548 1125 2699 1174 τοῦτο
2726 1125 2799 1191 τῷ
2824 1125 2865 1174 Τ
2890 1126 2930 1173 Υ
2954 1122 2996 1172 Κ
3033 1122 3090 1188 Σ,
3155 1119 3248 1170 καὶ
3304 1117 3372 1171 τὰ
3408 1119 3521 1191 τρί-

1851 1227 1994 1281 γωνα
2012 1212 2148 1262 κατὰ
2195 1211 2280 1263 τὸν
2338 1208 2493 1263 αὐτόν
2549 1208 2722 1283 λόγον,
2781 1211 2872 1262 καὶ
2901 1209 2928 1261 ό
2957 1207 3179 1283 θυμικὸς
3205 1206 3297 1260 καὶ
3323 1205 3351 1260 ὁ
3405 1203 3518 1260 ἐπι-

1854 1297 2159 1370 θυμῆτικός,
2189 1299 2552 1375 ἄραὼσαύτως
2611 1302 2702 1352 καὶ
2743 1299 2769 1350 ὁ
2816 1296 3021 1371 λογικός
3084 1298 3176 1350 καὶ
3218 1296 3267 1350 οἱ
3338 1297 3520 1370 μικτοῑ

1851 1391 1943 1439 καὶ
1992 1387 2042 1439 οἱ
2084 1389 2269 1451 πάντες
2334 1390 2468 1442 κατὰ
2513 1389 2608 1448 τὴν
2672 1386 2819 1451 τάξιν
2877 1382 3066 1455 αὐτῶν,
3127 1386 3218 1439 καὶ
3277 1379 3508 1458 ἐδείχθη

1851 1482 2016 1530 ταῦτα
2061 1478 2233 1541 καθὼς
2290 1474 2398 1532 ἔδει
2463 1473 2750 1551 δειχθῆναι
2807 1477 2954 1551 παρὰ
2999 1481 3092 1530 τοῦ
3143 1475 3391 1551 ἡμετέρου
3430 1475 3521 1527 λό-

1853 1585 1978 1640 γου.
2013 1566 2165 1626 Δηλοί
2185 1564 2245 1621 δὲ
2272 1566 2399 1627 αὐτὴ
2456 1567 2486 1628 ἦ
2543 1561 2815 1630 ἀπόδειξις
2864 1567 3041 1640 ὅτιπερ
3099 1560 3224 1619 οὐδὲ
3265 1568 3361 1638 μία
3416 1581 3518 1617 συ⁴

1857 1656 2016 1728 ζυγια
2038 1664 2139 1709 τῶν
2181 1664 2433 1710 κοινωνῶν
2487 1664 2560 1728 τῷ
2610 1655 2922 1729 ἕπιστημονι
2987 1651 3114 1714 ἄλλη
3170 1662 3324 1727 φανῆ,
3385 1652 3520 1706 κατά

1853 1764 1911 1817 γι
1938 1748 2025 1798 τὸν
2052 1755 2143 1808 τῆς
2171 1750 2448 1810 ποιότητος
2472 1745 2649 1819 λόγον,
2708 1740 2890 1805 ἐπειδὴ
2945 1749 3035 1798 καὶ
3088 1751 3255 1798 ταῦτα
3294 1740 3363 1796 τὰ
3411 1741 3523 1816 τρι·

1792 1813 1995 1907 Βγωνοι
2039 1838 2130 1888 καὶ
2202 1838 2501 1911 τετράγωνα
2562 1833 2658 1888 κᾶν
2735 1834 2899 1908 μείζω
2967 1836 3058 1886 καὶ
3119 1831 3310 1886 ἐλάττω
3368 1830 3518 1902 ὦσιν,

1853 1923 1980 1978 ἀλλὰ
2007 1929 2097 1978 καὶ
2116 1926 2210 1987 τὰς
2227 1926 2475 2000 γραμμὰς
2505 1930 2595 1978 καὶ
2646 1925 2737 1985 τὰς
2789 1926 2981 1997 γωνίας
3044 1927 3134 1976 καὶ
3187 1925 3257 1977 16'1
3307 1917 3516 1998 ἐμϐαδὰ

1850 2021 2029 2074 κοινῶς
2069 2015 2285 2087 ἔχουσιν
2316 2014 2471 2088 ὃμοια
2520 2017 2653 2089 πρὸς
2708 2015 2767 2065 16
2821 2011 3043 2065 ἑκάστου
3099 2014 3280 2065 ποσόν·
3341 2010 3520 2084 μεῖζον

1832 2105 1934 2177 γὰρ
1987 2108 2076 2157 καὶ
2113 2101 2334 2156 ἔλασσον
2389 2107 2637 2178 τρίγωνον
2690 2099 2784 2154 οὐκ
2839 2101 2952 2174 ἔχει
3009 2096 3286 2177 διαφορὰν,
3346 2099 3390 2153 εἰ
3445 2102 3518 2173 μὴ

1860 2193 1997 2245 κατὰ
2057 2194 2123 2245 τὰ
2173 2199 2266 2246 τοῦ
2335 2196 2588 2268 τριγώνου
2647 2184 2788 2257 εἴδη,
2867 2187 2997 2263 ἅπερ
3048 2188 3091 2242 εἰ
3129 2194 3220 2243 καὶ
3264 2182 3520 2264 διαφέρει,

1862 2277 2094 2355 διαφέρει
2119 2290 2191 2354 τῷ
2223 2278 2513 2358 ἓτεροειδεί,
2554 2283 2613 2333 16
2643 2275 2702 2334 δὲ
2727 2275 2982 2353 ὁμοειδὲς,
3032 2276 3132 2332 εἴτε
3181 2277 3361 2351 μεῖζον
3422 2279 3523 2331 εἴτι

1859 2370 2086 2441 ἔλαττον,
2140 2370 2233 2424 οὐκ
2271 2369 2414 2442 ἄλλο,
2454 2376 2544 2425 καὶ
2603 2372 2817 2445 θυμικὸς
2867 2370 2992 2443 ἄρα,
3034 2371 3067 2428 ἦ
3123 2367 3519 2441 ἐπιθυμητικὸς,

1859 2461 1889 2521 ἦ
1921 2460 2144 2535 λογικὸς,
2209 2462 2239 2521 ἣ
2289 2460 2657 2536 φλιγματικός,
2697 2461 2727 2520 ἣ
2761 2461 3059 2533 αἱματικὸς,
3110 2460 3141 2518 ἢ
3205 2454 3522 2533 μελαγχολι-

1858 2553 1966 2622 κὸς,
1994 2551 2024 2611 ἢ
2059 2548 2448 2625 ξανθοχολικὸς,
2482 2552 2511 2611 ἣ
2540 2553 2631 2605 καὶ
2650 2557 2750 2603 τῶν
2800 2551 3119 2623 μεμιγμένην
3172 2542 3399 2621 ἑχόντων
3424 2538 3524 2610 κάξ

1858 2638 2161 2716 ἀμφοτέρων
2202 2645 2290 2701 τὴν
2357 2647 2544 2718 κρᾶσιν
2587 2642 2722 2695 κατὰ
2776 2642 2872 2702 τὰς
2922 2643 3044 2713 πρὶν
3093 2643 3196 2692 τῶν
3256 2637 3521 2710 συξυγιῶν

1861 2736 2135 2795 κοινωνίας
2190 2728 2587 2806 σημειωθείσας,
2657 2728 2717 2784 οὗ
2777 2728 2912 2784 κατὰ
2958 2732 3045 2783 τόν
3096 2735 3189 2790 τῆς
3239 2725 3526 2791 ἐπιτάσεως

64 2949 175 3021 lat,
191 2952 392 3025 atque
415 2947 611 3005 hocin
630 2946 934 3004 inﬁnitum
950 2945 1205 3021 produci
1232 2952 1448 3022 potest.
1472 2952 1758 3008 Praeterea
1787 2951 1828 3009 C
1864 2954 1951 3010 est
1979 2952 2157 3011 etiam
2187 2951 2482 3026 cupidum
2522 2964 2653 3009 esse
2699 2953 2805 3009 aut
2848 2948 3248 3007 iracundum:
3312 2951 3369 3007 et
3407 2948 3526 3007 hoc

65 3045 137 3098 ut
157 3037 673 3114 quadrangulum
689 3043 730 3091 A
744 3039 784 3094 Β
797 3040 838 3094 C
854 3039 898 3093 D
914 3053 978 3093 se
988 3036 1257 3094 habetad
1271 3038 1757 3112 quadrangulum

60 3131 107 3186 E
134 3132 177 3186 Ε
213 3133 258 3187 G
283 3132 358 3200 Η,
388 3127 478 3184 ita
506 3142 749 3200 quoque
777 3126 1266 3200 quadrangulum
1320 3131 1364 3184 Ν
1412 3130 1456 3185 0
1507 3131 1547 3186 P
1591 3130 1635 3195 Q
1677 3127 1758 3186 ad

61 3222 100 3275 S
121 3222 166 3275 T
198 3220 255 3275 K
281 3219 349 3274 L.
378 3219 468 3273 lta
491 3220 554 3272 ut
585 3221 907 3288 utrumque
944 3220 1198 3288 utroque
1232 3232 1307 3273 ex
1350 3216 1756 3291 inazqualitate

50 3306 393 3380 aequaliter
425 3304 623 3377 majus
644 3305 719 3361 sit
744 3309 803 3361 et
824 3304 1047 3361 minus.
1072 3307 1143 3361 Ut
1166 3305 1326 3363 enim
1367 3307 1759 3379 quadrangu-

43 3397 187 3454 lum
228 3399 286 3451 A
318 3400 363 3452 Β
389 3397 432 3452 C
456 3398 497 3451 D
523 3409 587 3451 se
605 3394 789 3451 habet
817 3395 897 3451 ad
920 3394 1412 3467 quadrangulum
1444 3399 1486 3452 E
1525 3400 1565 3454 F
1608 3398 1653 3454 G
1682 3395 1755 3466 H,

42 3485 137 3542 ita
149 3498 422 3557 quoque
438 3481 629 3555 ipsum
645 3479 726 3537 ad
738 3480 1222 3554 quadrangulum
1235 3484 1424 3549 NOPQ
1447 3502 1460 3539 :
1485 3488 1542 3540 et
1562 3483 1757 3556 ipsum

41 3574 286 3631 eadem
315 3571 557 3630 ratione
578 3569 656 3628 ad
676 3570 1170 3643 quadrangufum
1196 3573 1231 3629 S
1257 3575 1298 3628 Τ
1321 3575 1369 3629 Κ
1390 3573 1755 3638 L.Quoniam

37 3664 245 3735 igitur
275 3661 498 3720 media
537 3660 666 3716 haec
695 3662 1047 3732 punctaYX
1091 3664 1128 3716 Ζ
1183 3663 1226 3717 ν
1278 3677 1552 3719 connexa
1617 3677 1757 3718 cum

33 3754 315 3828 punctis
350 3766 500 3824 quae
529 3754 672 3805 sunt
713 3749 777 3806 in
828 3750 1326 3821 extremitatibus,
1367 3767 1585 3825 nempe
1616 3767 1758 3807 cum

38 3849 83 3901 A
108 3846 154 3898 Β
170 3844 214 3899 C
231 3846 306 3911 D,
332 3838 725 3897 neccessario
738 3837 1526 3912 efﬁciuntquadrangulum.
1543 3843 1609 3897 Et
1632 3855 1757 3896 rur-

32 3950 152 3989 sus
174 3927 577 3988 intermedia
640 3928 859 3984 horum
915 3934 1142 4000 puncta
1181 3946 1255 3986 ex
1308 3929 1523 3986 eadem
1568 3929 1761 4002 quali-

29 4027 162 4080 tate
212 4019 522 4077 efﬁciunt
592 4017 1084 4090 quadrangulum
1163 4022 1208 4077 N
1235 4021 1278 4076 Ο
1328 4023 1364 4075 Ρ
1417 4022 1461 4087 Q
1502 4019 1758 4077 :eodem

29 4127 313 4186 quoque
340 4107 544 4166 modo
573 4108 791 4163 horum
836 4107 1190 4165 intermedia
1232 4114 1459 4182 puncta
1505 4110 1763 4167 efﬁcient

30 4196 592 4274 quadrangulum
635 4198 794 4253 STK
845 4198 904 4266 L,
959 4201 1141 4269 atque
1190 4198 1491 4269 triangula
1532 4201 1574 4254 Y
1605 4202 1646 4255 Χ
1680 4202 1754 4254 B:

1864 3041 2067 3115 ipsum
2117 3041 2276 3114 huic,
2353 3055 2573 3113 nempe
2637 3041 2682 3097 N
2750 3039 2793 3096 Ο
2872 3036 2917 3091 Ρ
2984 3039 3028 3102 Q
3082 3053 3096 3094 :
3146 3052 3356 3094 rursus
3407 3037 3525 3095 hoc

1862 3130 2067 3204 ipsum
2089 3129 2228 3186 huic
2256 3130 2293 3187 S
2312 3131 2353 3186 Τ
2379 3129 2428 3184 Κ
2469 3132 2526 3185 L.
2558 3127 2779 3185 Eadem
2808 3126 3040 3183 ratione
3087 3126 3373 3200 qualitate
3423 3124 3526 3182 tri-

1864 3217 2085 3290 angula
2105 3233 2228 3275 uon
2242 3217 2538 3288 different,
2554 3215 2660 3273 sed
2671 3215 3023 3289 quantitate.
3042 3213 3264 3271 Eodem
3280 3226 3526 3288 quoque

1863 3308 2049 3364 modo
2063 3307 2309 3364 rationis
2320 3310 2623 3380 compotes
2636 3312 2693 3362 et
2706 3304 3012 3379 temperati
3031 3304 3528 3379 qualibettempe-

1863 3397 2092 3453 ratione
2107 3396 2383 3453 homines
2400 3394 2678 3452 eamdem
2692 3393 2988 3451 rationem
3010 3392 3414 3467 eamdemque
3433 3408 3523 3450 or-

1864 3484 2071 3542 dinem
2093 3482 2443 3543 servabunt.
2467 3485 2599 3540 Haec
2616 3482 2775 3540 enim
2798 3482 3000 3540 omnia
3016 3485 3224 3540 nostro
3246 3495 3525 3539 sermone

1864 3574 2274 3630 demonstrata
2298 3576 2437 3630 sunt
2460 3575 2523 3629 ut
2553 3572 2817 3646 oportuit
2849 3570 3267 3629 demonstrari.
3313 3573 3526 3629 Nostra

1862 3668 2066 3719 autem
2088 3662 2217 3719 haec
2233 3660 2665 3719 demonstratio
2687 3660 2929 3718 declare.
2945 3660 3175 3718 nullam
3191 3675 3304 3717 con
3303 3660 3520 3733 jugan-

1865 3751 2089 3808 tionem
2101 3750 2553 3824 copulationum
2567 3750 2813 3808 scientia
2824 3748 3170 3820 investigari
3184 3764 3363 3822 posse
3376 3761 3524 3821 pree-

1866 3845 1955 3897 ter
1978 3839 2110 3897 illas
2144 3855 2296 3913 quas
2322 3836 2794 3907 numeravimus,
2819 3838 2867 3895 si
2890 3835 3197 3911 qualitatis
3224 3836 3524 3893 rationem

1867 3934 2116 4002 spectes.
2134 3929 2418 3996 Quamvis
2435 3929 2596 3985 enim
2608 3928 2709 3984 illa
2728 3924 3023 3997 triangula
3035 3922 3524 3998 etquadrangula

1867 4019 2103 4091 majora
2122 4024 2179 4074 et
2198 4018 2437 4074 minora
2465 4020 2621 4084 sunt,
2651 4018 3066 4072 verumtamen
3110 4028 3253 4069 suas
3307 4011 3518 4077 lineas,

1868 4123 2011 4165 suos
2038 4107 2314 4178 angulos,
2346 4120 2459 4162 sua
2487 4104 2746 4177 denique
2768 4102 2962 4177 spatia
2990 4103 3141 4160 inter
3189 4116 3253 4159 se
3305 4099 3523 4159 similia

1865 4195 2106 4264 habent,
2151 4208 2514 4268 quacunque
2530 4191 2861 4266 quantitate
2882 4191 3127 4263 singula
3144 4188 3383 4247 illorum
3402 4188 3522 4246 sint

29 4293 77 4347 Χ
130 4293 176 4347 Ζ
224 4293 274 4348 C
313 4305 329 4344 :
475 4287 522 4340 V
666 4301 680 4340 :
731 4286 774 4340 V
904 4288 974 4376 AA,
1023 4302 1161 4358 quae
1204 4287 1653 4358 coniunguntur
1678 4291 1761 4376 _et
1793 4322 1836 4376 Β
1864 4285 2134 4376 praedita.
2159 4283 2345 4356 Majus
2357 4283 2520 4376 enim
2543 4278 3522 4376 etmiuustriangulumnondiﬁ'e-

29 4380 372 4436 uniuntur
405 4374 478 4432 in
542 4375 586 4429 Y
636 4376 678 4430 Χ
735 4376 772 4428 Ζ
818 4375 861 4428 γ
912 4373 1070 4431 circa
1130 4380 1351 4446 puncta
1405 4374 1760 4433 intermedia

29 4471 74 4525 Ν
100 4470 153 4527 Ο
176 4470 225 4524 Ρ
256 4468 340 4537 Q,
371 4462 701 4534 interjecta
726 4460 900 4518 lineis
931 4465 973 4519 Y
998 4465 1058 4519 X.
1088 4465 1131 4519 Χ
1158 4466 1215 4519 Ζ.
1244 4466 1358 4520 ZV.
1405 4466 1448 4520 V
1505 4465 1569 4520 Y.
1619 4479 1759 4521 cum

29 4543 386 4613 suntinter
406 4565 480 4606 se
494 4564 765 4606 connexa
784 4564 857 4605 ex
874 4550 1081 4607 eadem
1102 4553 1485 4624 proportione
1507 4567 1637 4607 cum
1663 4567 1758 4607 su-

29 4642 450 4721 perioribus,
475 4639 754 4711 quamvis
764 4638 1105 4712 inaequalia,
1135 4640 1355 4697 similia
1371 4644 1509 4697 sunt
1525 4640 1676 4697 inter
1695 4655 1759 4696 se

29 4733 380 4809 1nalitate.
424 4730 587 4797 Ergo
620 4728 975 4785 intermedia
998 4730 1219 4785 horum
1245 4729 1552 4801 interjecta
1587 4728 1758 4785 lineis

29 4827 61 4881 Ἱ
84 4826 165 4882 Ο.
208 4823 259 4878 Ο
288 4823 362 4875 Ρ.
418 4819 473 4883 Q
509 4819 565 4871 P.
604 4818 647 4883 Ο
680 4820 744 4886 Ν,
767 4832 1043 4875 connexa
1066 4819 1218 4875 inter
1248 4834 1311 4874 se
1343 4817 1561 4875 similia
1588 4822 1762 4876 erunt

30 4908 508 4988 .uperioribus
537 4906 842 4978 qualitate,
869 4912 975 4964 sed
1002 4908 1386 4981 proportione
1434 4907 1759 4980 responde-

29 5008 183 5062 mnt
217 4999 361 5056 illis
385 5011 480 5053 ex
507 4996 856 5067 quantitatis
878 4996 1218 5070 inqualitate
1238 5003 1296 5054 et
1333 4996 1755 5071 inaequalitate.

29 5100 91 5152 εχ
126 5090 408 5167 quibus
458 5084 810 5158 intelligitur
857 5086 1059 5158 majus
1112 5086 1607 5159 quadrangulum
1655 5090 1760 5143 aut

29 5180 449 5254 riangulum
471 5177 538 5230 et
555 5174 813 5247 quodvis
835 5175 1000 5233 aliud
1025 5190 1216 5246 genus
1232 5176 1440 5249 ﬁgurae
1467 5174 1702 5233 differre
1723 5190 1761 5231 a

29 5276 267 5334 linore
306 5267 369 5325 si
404 5264 830 5338 quantitatem
861 5270 1112 5339 spectes,
1141 5264 1248 5321 sed
1278 5266 1329 5321 si
1387 5263 1759 5349 qualitatem,

29 5381 129 5425 on
166 5358 501 5418 differre.
538 5353 603 5408 Et
646 5355 941 5427 quoniam
967 5354 1318 5427 quantitatis
1344 5352 1658 5427 inqualitas
1705 5361 1762 5415 et

29 5448 454 5530 [aequalitas
488 5439 674 5530 aliam
719 5443 1068 5517 qualitatem
1117 5442 1325 5514 ﬁgurae
1379 5458 1506 5501 non
1559 5442 1756 5511 efﬁcit,

51 5549 110 5603 Β
144 5528 201 5600 C
229 5542 319 5611 Β,
345 5528 558 5609 quod
583 5543 670 5589 est
695 5534 985 5608 cupidum
1016 5548 1147 5591 esse
1174 5538 1278 5591 aut
1306 5531 1667 5590 iracundum
1689 5531 1762 5591 si.

29 5638 141 5702 iile
177 5626 398 5697 estin
421 5618 757 5698 qualitate,
791 5622 933 5683 huic
960 5636 1183 5697 nempe
1210 5623 1255 5683 Υ
1300 5623 1345 5684 x
1385 5623 1425 5682 z
1468 5621 1535 5697 ν,
1593 5620 1763 5698 quod

235 5729 564 5792 Ρλει-ιιοι..
596 5719 696 5782 Gn.
719 5721 868 5784 CXL.

1864 4378 2007 4432 runt
2028 4373 2181 4430 inter
2209 4388 2271 4429 se
2309 4370 2427 4428 nisi
2452 4385 2523 4427 ex
2550 4369 2828 4441 trianguli
2865 4368 3081 4442 forma,
3111 4385 3249 4443 quae
3278 4368 3329 4427 si
3356 4367 3523 4427 diffe-

1865 4469 2025 4533 runt,
2054 4465 2297 4536 propter
2312 4459 2717 4517 diversitatem
2747 4458 2956 4517 formae
2978 4456 3262 4516 differunt
3292 4474 3306 4516 :
3339 4457 3444 4517 sed
3471 4457 3524 4516 si

1868 4548 2317 4607 similitudinem
2338 4547 2547 4618 ﬁgurae
2567 4549 2823 4620 spectes,
2843 4561 2953 4605 seu
2972 4547 3171 4620 majus
3193 4560 3302 4604 seu
3320 4544 3523 4604 minus

1869 4640 1947 4697 sit
1964 4636 2351 4711 triangulum,
2377 4636 2539 4693 aliud
2568 4650 2693 4693 non
2718 4636 2846 4693 erit.
2898 4634 3226 4695 iracundus
3251 4647 3396 4706 ergo
3419 4639 3524 4692 aut

1867 4728 2123 4802 cupidus
2152 4733 2256 4785 aut
2290 4726 2519 4783 ratione
2545 4725 2855 4799 praeditus,
2884 4728 2988 4784 aut
3046 4725 3370 4800 pituitosus
3419 4725 3525 4781 aut

1868 4817 2253 4889 sanguineus,
2278 4818 2385 4873 aut
2413 4813 2909 4878 melancholicus.
2935 4818 3040 4873 aut
3080 4814 3129 4871 si
3157 4811 3262 4887 qui
3294 4809 3523 4868 habent

1868 4908 2114 4965 mistam
2142 4921 2217 4963 ex
2261 4905 2526 4977 utrisque
2552 4904 3060 4977 temperationem,
3094 4918 3166 4959 ex
3204 4896 3519 4971 descriptis

1868 5012 2053 5071 supra
2069 5011 2180 5053 con
2181 4993 2567 5067 jugationum
2583 4989 3090 5065 copulationibus,
3099 4987 3336 5047 riterius
3357 4984 3520 5044 ordi-

1867 5089 1961 5144 nis
1984 5101 2110 5144 non
2135 5089 2309 5143 erunt
2336 5097 2523 5157 quam
2544 5082 2719 5153 cujus
2746 5085 2886 5138 sunt
2905 5083 3149 5153 propter
3166 5076 3519 5139 intensionis

1869 5179 1975 5233 aut
2001 5172 2368 5232 remissionis
2392 5170 2708 5235 rationem,
2749 5169 3041 5242 quoniam
3106 5183 3232 5227 non
3257 5171 3399 5226 sunt
3421 5164 3525 5226 alii

1869 5264 1977 5323 sed
2000 5262 2337 5321 dissimiles.
2369 5263 2589 5318 Omnes
2616 5257 2796 5330 igitur
2813 5257 3055 5319 ordines
3089 5274 3249 5335 repet
3268 5257 3309 5318 ti
3358 5258 3523 5317 sunt.

1868 5356 2056 5412 Porro
2070 5351 2489 5425 unusquisque
2509 5347 2659 5406 ordo
2671 5346 3050 5407 latitudinem
3059 5347 3240 5408 habet
3247 5349 3318 5407 ut
3328 5359 3525 5405 accre-

1870 5444 2093 5503 tionem
2123 5446 2180 5500 et
2198 5438 2658 5498 diminutionem
2687 5436 2993 5508 suscipere
3022 5437 3232 5510 possit.
3251 5432 3372 5496 ἵκεο
3384 5432 3523 5496 ideo

1872 5532 1990 5594 alia
2014 5528 2355 5591 communis
2373 5525 2678 5602 qualitatis
2706 5525 2940 5599 species
2975 5542 3085 5589 seu
3109 5526 3276 5587 aliud
3310 5522 3527 5584 indis-i-

1869 5620 2062 5686 duum
2075 5617 2290 5688 evadet
2300 5618 2547 5693 Propter
2561 5613 2965 5695 intonsionem
2986 5619 3044 5682 et
3078 5613 3255 5677 remis
3269 5614 3519 5678 tionem.

3166 5713 3248 5807 ⁸³
