4064 6308
531 173 666 227 1323

2113 175 2471 237 ADDENDA.

3832 172 3959 224 1324

538 294 554 311 ο
634 292 645 308 ἳ
698 299 709 311 ο
905 293 923 311 ἢ
948 298 954 308 ι
1125 294 1136 301 ’
1184 298 1193 309 ι
1396 292 1417 307 ν
1579 297 1597 310 ιο

538 294 554 311 ο
634 292 645 308 ἳ
698 299 709 311 ο
948 298 954 308 ι
1125 294 1136 301 ’
1184 298 1193 309 ι
1396 292 1417 307 ν
1579 297 1597 310 ιο

531 314 562 353 η
625 312 843 355 ανεσεως
905 293 1056 364 λογον
1113 313 1284 367 ετερας
1361 314 1515 369 ουπερ
1572 315 1686 347 εστι
1724 304 1853 368 φανῇ
1908 298 2093 359 τάξεως
2159 300 2185 350 ὅ
2218 304 2468 368 Αᾶνεσις
2488 328 2577 358 και
2607 305 2848 360 ἐπίτασις
2869 304 2927 354 ού
2958 308 3148 367 ποσοῦ,
3200 296 3328 348 αλλὰ
3384 302 3563 359 ποιοῦ,
3620 296 3683 344 τὸ
3728 288 3793 344 δε
3848 290 3959 341 63.16

534 402 587 435 τι
612 383 890 435 ἔστιν-οὐκ
916 381 1065 442 ἄλλος
1111 385 1233 455 γὰρ,
1287 383 1395 434 ἀλλ’
1450 383 1667 445 ἀλλοῖος.
1723 392 1895 437 Πᾶσαι
1950 389 2074 457 γοῦν
2133 386 2185 439 αἱ

539 471 714 535 τάξεις
760 473 1064 543 εὑρέθησαν,
1117 479 1245 543 Εχει
1295 469 1354 524 δὲ
1418 474 1608 535 πλάτος
1664 475 1836 545 ἐκάτη,
1868 478 2028 529 ίῶστε
2096 475 2187 529 δέ-

538 563 738 633 χεσθαι
765 567 854 612 καὶ
882 566 976 619 τὸν
1010 562 1231 623 αὔξησιν
1279 581 1369 614 και
1420 569 1511 620 τὴν
1561 563 1894 634 ὑποξίϐασιν,
1954 586 2043 617 και
2096 567 2186 617 οὐκ

539 649 600 702 ἂν
632 648 751 701 ἄλλο
776 654 833 701 τὸ
866 657 962 710 τῆς
1010 658 1188 711 κοινῆς
1228 656 1501 712 ποιότητος
1561 655 1659 704 εἱτε
1706 650 1864 719 εἶδος,
1918 657 2015 707 ait:
2067 659 2188 708 οἶτο-

540 760 636 814 μον
663 746 967 813 γεννήσεται
998 739 1092 795 διὰ
1108 747 1203 801 τὴν
1234 742 1470 795 ἐπίτασιν
1500 745 1531 802 ἦ
1578 750 1671 802 τὴν
1714 744 1912 801 ἆνεσνν,
1971 746 2030 800 Ἡ
2089 752 2187 822 ’γὰρ

579 958 820 1027 fultam;
945 968 1098 1021 οὐσία

1953 970 2007 1014 οὺ
2018 968 2104 1015 σία

1565 967 1802 1023 ﬁnitam;

1298 984 1424 1037 ἄλλο

780 1162 897 1214 ούδι
1142 1175 1251 1241 πῶς
1395 1130 1403 1145 ⁸

924 1583 1040 1637 οὐδὲ

552 1916 601 1965 Χ
628 1908 687 1963 ού
741 1916 832 1962 τοῦ
895 1916 1065 1961 ποσοῦ
1116 1907 1351 1961 ἐπιτάσει
1416 1904 1669 1983 διαφέρει·
1739 1921 1886 1983 ποσῷ
1949 1915 2050 1988 γὰρ
2110 1913 2205 1965 ούκ
2237 1918 2280 1970 Β
2311 1918 2409 1970 λων
2492 1917 2713 1977 ἰσότητα
2802 1919 2832 1976 ἡ
2918 1914 3224 1969 ἀνισότητα·

552 1997 813 2068 ἐπίτασις,
859 1996 986 2050 ἀλλὰ
1064 2000 1119 2050 τὸ
1186 1996 1385 2064 ἆνισον,
1452 1998 1572 2070 ὅπερ
1591 1999 1684 2049 ούκ
1711 1998 1830 2051 ἄλλο
1877 2010 1969 2053 τοῦ
2014 2007 2049 2053 Α
2080 2006 2138 2053 τὸ
2165 2009 2205 2056 Α

550 2092 779 2158 ποιήσει,
838 2090 902 2148 ὡς
930 2089 1018 2138 τὸν
1059 2087 1171 2138 ἴσον
1226 2087 1463 2158 ὁρισμόν
1528 2083 1651 2139 οὐδὲ
1708 2090 1810 2162 γὰρ
1862 2087 2008 2141 ἄλλον
2063 2093 2205 2162 μὲνὸ

551 2177 657 2231 AB
686 2183 723 2229 Γ
752 2176 935 2237 κύκλος
961 2178 1179 2250 ὁρισμὸν
1205 2172 1410 2237 δέξεται
1456 2183 1548 2227 τού
1605 2183 1640 2229 Κ
1706 2184 1750 2229 Λ
1797 2185 1849 2231 Μ
1901 2186 1945 2231 Ν
1988 2187 2046 2230 Ζ·
2110 2178 2205 2252 ἀμ-

552 2270 771 2340 φοτέρων
865 2266 967 2340 ’γάρ
1052 2262 1127 2326 εἷς
1184 2262 1297 2315 ἐστι
1353 2270 1543 2326 κοινός·
1610 2274 1804 2337 σχῆμα
1848 2269 1948 2340 γάρ
2007 2269 2206 2321 ἐστινό

550 2354 738 2417 κύκλος
794 2349 1038 2406 ἐπίπεδον
1110 2354 1210 2404 ύπὸ
1276 2358 1401 2425 μιᾶς
1456 2361 1698 2426 γραμμῆς
1737 2360 2123 2428 πέριεχομενον,
2174 2359 2203 2417 ἡ

552 2442 785 2494 καλεῖται
822 2446 1137 2517 περιφέρεια,
1211 2445 1342 2516 πρὸς
1399 2443 1461 2500 ἡν
1520 2440 1604 2513 ἀφ’
1653 2442 1762 2504 ἐνὸς
1803 2454 1893 2495 τοῦ
1938 2445 2074 2506 ἐντος
2116 2454 2207 2498 τοῦ

557 2536 837 2603 σχήματος
894 2535 1112 2601 σημείου
1200 2535 1457 2602 κειμένου,
1520 2537 1688 2583 πᾶσαι
1738 2534 1792 2583 αἱ
1848 2538 2208 2606 προσπίπτου-

557 2638 648 2671 σαι
669 2618 860 2671 εύθιῖαι
889 2613 1001 2670 ἶσαι
1058 2617 1302 2679 ἀλλήλαις
1324 2618 1473 2672 εἰσίν.
1530 2621 1646 2671 Εἴτε
1693 2628 1818 2690 γοῦν
1840 2626 1898 2672 τὸ
1934 2629 1971 2673 Β
2018 2632 2090 2693 τῷ
2163 2629 2209 2679 Α

556 2715 687 2776 ῐσον,
744 2710 845 2761 εἴτε
892 2705 1089 2778 ἄνισον,
1154 2711 1241 2758 τὸν
1304 2708 1459 2759 αὐτὸν
1528 2704 1731 2770 δέξεται
1784 2711 2014 2783 ὄρον,ὧν
2091 2709 2150 2765 δὲ
2180 2714 2205 2764 ὁ

555 2798 669 2871 ὄρος
693 2799 878 2863 κοινὸς,
919 2800 1089 2857 κοινὸς
1132 2815 1222 2848 και
1265 2798 1291 2847 6
1350 2804 1440 2856 τῆς
1498 2796 1679 2857 ούσίας
1729 2796 1841 2850 ἐστὶ
1893 2799 2069 2871 λόγος,
2120 2821 2209 2853 και

552 2890 611 2940 τὸ
676 2891 928 2960 τρίγωνον
986 2885 1146 2947 οὕτως
1202 2890 1289 2938 καὶ
1358 2889 1416 2938 τὸ
1491 2885 1804 2958 πολύγωνον,
1840 2908 1929 2940 και
1986 2892 2070 2942 ἐπί
2121 2898 2211 2942 τοῦ

555 2974 737 3051 ἀρτίου
762 2983 915 3028 τοῦτο
939 2995 1028 3028 και
1069 2982 1335 3047 περιττοῦ.
1388 2975 1448 3029 Εἰ
1502 2972 1562 3029 δὲ
1617 2995 1707 3028 και
1756 2985 1948 3048 χρυσῷ
1993 2977 2213 3052 ἄργυρος

558 3064 785 3135 mean,
816 3084 907 3116 και
937 3060 1117 3131 αὖθυς,
1145 3063 1205 3115 ού
1253 3060 1481 3137 διαφορά
1530 3068 1737 3127 τούτοις
1778 3064 1904 3123 ἄλλη
1958 3065 2058 3118 κάκ
2119 3075 2214 3130 τῆς

558 3152 784 3215 ἱνώσεως
833 3157 1129 3224 γενήσεται,
1208 3155 1252 3204 εἰ
1302 3158 1374 3224 μὴ
1426 3155 1456 3211 ἠ
1517 3156 1650 3205 κατά
1701 3158 1977 3212 ποιότητα.
2019 3155 2079 3209 Ὀ
2127 3160 2216 3229 μὲν

555 3244 659 3315 γάρ
690 3242 892 3303 mea;
927 3245 1054 3313 πρὸς
1098 3244 1159 3293 τὸ
1199 3241 1378 3293 λευκὸν
1430 3241 1574 3308 ἔλθη,
1643 3244 1669 3293 6
1724 3239 1784 3295 δὲ
1822 3248 1953 3316 πρὸς
2016 3249 2075 3297 τὸ
2122 3265 2217 3297 πυ-

558 3326 749 3406 ρῶδες,
781 3325 955 3390 οὐδείς
981 3325 1041 3381 δὲ
1063 3334 1158 3388 τὴν
1209 3327 1423 3381 ἐνοῦσαν
1476 3328 1729 3390 ἁλλοιωθῆ
1783 3336 1910 3406 πρὸς
1976 3343 2076 3385 τῶν
2133 3334 2221 3386 ἆλη

560 3533 714 3594 Nam
742 3531 997 3593 intensio
1025 3539 1082 3593 et
1104 3532 1375 3592 remissio
1412 3551 1537 3593 non
1566 3539 1704 3593 sunt
1726 3537 2073 3609 quantitatis
2103 3539 2210 3597 sed

563 3626 890 3699 qualitatis.
929 3624 1101 3681 Aliud
1140 3630 1341 3681 autem
1368 3625 1448 3680 ad
1473 3627 1787 3681 essentiam
1826 3628 2078 3697 pertinet
2132 3629 2211 3685 ad

559 3731 735 3789 quam
755 3730 879 3770 non
910 3714 1157 3785 pertinet
1180 3712 1453 3769 intensio.
1482 3715 1565 3767 Ex
1592 3729 1715 3785 quo
1749 3713 1999 3770 efficitur
2048 3717 2212 3773 aliud

558 3803 724 3860 nullo
743 3803 928 3859 modo
957 3804 1249 3875 pertinere
1279 3801 1358 3857 ad
1382 3802 1800 3868 intensionem,
1829 3805 2212 3877 quandoqui-

559 3893 700 3949 dem
723 3893 781 3947 in
806 3890 973 3947 nulla
987 3890 1246 3946 essentia
1260 3895 1353 3945 est
1371 3889 1647 3956 intensio,
1672 3894 1731 3946 at
1760 3892 2017 3946 essentia
2034 3899 2120 3948 est
2150 3894 2211 3948 in

561 3981 729 4059 omni
765 3979 902 4049 alio,
934 3979 1187 4035 intensio
1207 3994 1349 4049 ergo
1373 3978 1434 4033 in
1456 3977 1621 4033 nullo
1680 3978 1800 4033 alio
1857 3979 1983 4035 erit.
2041 3982 2215 4038 Omni

560 4070 738 4142 igitur
759 4070 803 4121 B
830 4069 1144 4125 conveniet
1175 4072 1222 4123 Α
1254 4084 1269 4135 ;
1298 4072 1359 4124 at
1382 4067 1531 4122 nulli
1564 4069 1603 4122 Β
1629 4069 1669 4123 C
1700 4068 2030 4124 conveniet.
2067 4069 2217 4125 Nulli

565 4173 707 4227 ergo
738 4159 778 4213 C
817 4157 1130 4212 conveniet
1148 4160 1216 4214 Α.
1239 4156 1742 4228 Quandoquidem
1772 4171 1964 4228 neque
1985 4164 2030 4213 Α
2054 4161 2091 4213 Β
2113 4159 2152 4214 C
2173 4160 2216 4214 D

567 4245 763 4300 diﬂ‘ert
791 4245 869 4300 ab
892 4248 937 4299 V
957 4246 997 4300 Χ
1022 4247 1066 4301 Y
1093 4248 1129 4300 Ζ
1155 4249 1397 4317 propter
1421 4244 1770 4316 quantitatis
1791 4245 2214 4312 intensiouem;

568 4347 713 4388 nam
729 4332 790 4387 in
806 4334 1135 4404 quantitate
1156 4349 1278 4389 non
1299 4339 1387 4389 est
1409 4334 1664 4388 intensio
1686 4333 1793 4388 sed
1814 4333 2215 4406 inaequalitas;

570 4434 706 4491 quae
743 4420 988 4491 quidem
1005 4421 1380 4493 inaequalitas
1406 4421 1568 4476 aliud
1594 4427 1636 4476 Α
1667 4422 1746 4477 ab
1771 4425 1817 4475 A
1857 4436 1979 4477 non
2008 4422 2222 4477 efﬁciet

572 4524 712 4565 cum
760 4508 973 4564 eadem
1037 4510 1446 4565 deﬁnitionem
1501 4510 1725 4566 habeat
1778 4517 2117 4583 utrumque,
2160 4515 2223 4566 ut

572 4611 769 4669 neque
800 4596 1054 4651 circulus
1082 4602 1129 4651 Α
1149 4599 1187 4651 Β
1210 4599 1249 4653 C
1277 4597 1685 4653 deﬁnitionem
1713 4600 1893 4655 aliam
1932 4604 1990 4655 et
2031 4600 2222 4654 diver-

574 4702 707 4742 sam
738 4683 1132 4741 adeﬁnitione
1155 4685 1395 4756 majoris
1419 4686 1620 4741 circuli
1643 4693 1685 4739 Κ
1718 4690 1754 4742 L
1781 4690 1830 4743 M
1888 4691 1929 4743 N
1974 4688 2018 4745 Ο
2045 4688 2225 4744 susci-

574 4775 715 4847 piet.
743 4775 1052 4847 Utriusque
1078 4774 1237 4829 enim
1264 4774 1467 4829 circuli
1497 4791 1619 4831 una
1646 4782 1736 4831 est
1756 4776 2024 4833 deﬁnitio
2066 4793 2224 4833 com-

574 4864 800 4920 munis.
838 4867 983 4920 Nam
1035 4862 1287 4919 circulos
1326 4867 1415 4917 est
1433 4863 1631 4933 ﬁgura
1660 4864 1842 4936 plana
1900 4882 2020 4922 una
2076 4866 2234 4921 linea

1974 1587 2094 1638 οὐδὲ

2296 397 2497 463 οὐσίας,
2531 398 2561 454 ἡ
2606 394 2846 455 ἐπίτασις
2897 388 2956 442 δὲ
3005 389 3097 441 οὐκ
3143 386 3346 449 οὐσίας,
3409 379 3561 435 οὐδὲν
3611 381 3742 432 ἄλλο
3790 379 3959 430 λοιπον

2299 485 2579 544 sacraiam;
2606 486 2687 535 ὅτι
2717 504 2805 534 και
2831 483 2859 539 ἡ
2897 479 3127 537 ἐπίτασις
3157 474 3205 527 ἐν
3237 470 3461 545 οὐδεμιᾷ
3503 474 3686 543 οὐσίᾳ·
3715 471 3746 528 ἡ
3818 469 3959 520 οὖτὰ

2302 570 2359 625 δὲ
2392 573 2440 625 ἐν
2472 578 2626 625 παντί
2680 570 2842 640 ἄλλῳ.
2902 568 2961 620 Ἠ
3019 566 3262 625 ἐπίτασις
3306 571 3430 634 γοῦν
3478 560 3527 613 ἐν
3588 556 3776 612 οὐδενί
3818 558 3953 627 sine,

2303 667 2469 715 καιτὸ
2499 671 2536 716 Α
2561 662 2662 736 ἆρα
2689 664 2842 713 παντί
2874 668 2945 729 τῷ
2976 664 3033 724 Β,
3080 658 3138 707 τὸ
3185 651 3243 706 δὲ
3302 658 3337 704 Γ
3387 648 3585 722 οὐδενί,
3644 660 3722 719 τῷ
3757 656 3795 701 Β
3832 655 3887 700 τό
3924 658 3951 699 Δ

2308 750 2431 824 ἆρα,
2462 748 2636 803 οὐδενί
2655 754 2710 802 τὸ
2734 756 2796 815 Τ,
2825 750 2904 799 ὅτι
2942 765 3031 797 και
3055 747 3113 795 τὸ
3144 748 3181 794 Δ
3217 749 3251 794 Β
3278 747 3313 794 Γ
3379 747 3414 792 Δ
3456 745 3595 815 πρὸς
3643 742 3707 791 τὸ
3770 745 3817 792 Ψ
3860 745 3895 791 Φ
3920 745 3955 790 Ω

2296 966 2422 1014 ἄλλο

2631 1630 2665 1675 Λ

2639 1714 2652 1731 ι
2727 1709 2761 1741 o
3046 1687 3224 1739 animo

2727 1687 2801 1742 σή
2841 1687 2911 1689 ἠ
3046 1687 3284 1746 ἐπίτασις

3315 1912 3453 1979 μενεῖ
3507 1902 3609 1974 γάρ
3670 1897 3881 1963 ἑκάστῳ
3924 1910 3969 1941 τε

2314 2006 2533 2059 ἑκάστου
2582 2011 2766 2071 ποσὸν,
2840 2007 2976 2056 ὥστε
3049 1996 3274 2071 οὐδεμία
3346 1994 3589 2051 ἐπίτασις
3644 1989 3675 2046 ἦ
3734 1987 3970 2040 ἅνεσιςτε

2318 2095 2436 2147 ἄλλο
2486 2100 2624 2168 φέρει
2709 2098 2811 2146 τινί
2868 2091 3186 2164 γενήσεσθαι
3265 2086 3419 2158 οὗπέρ
3486 2080 3665 2151 ἐστίν·
3730 2072 3967 2140 ἐκεῖ

2318 2186 2561 2244 σύνθεσις
2584 2187 2874 2240 ποιοτήτων
2906 2177 3000 2232 διά
3055 2186 3205 2229 τουτο
3267 2169 3392 2226 οὐδὲ
3428 2168 3623 2223 ἁπλοῦν
3665 2162 3803 2215 ἀ).λά
3871 2162 3971 2209 σύτο

2319 2275 2458 2324 θετον
2489 2292 2546 2324 το
2580 2271 2819 2324 συνελθόν
2860 2269 2994 2337 ἐστι,
3041 2271 3286 2321 ποιότητι
3338 2259 3397 2313 δὲ
3454 2259 3671 2313 εἰκότως
3720 2254 3751 2310 ἡ
3814 2248 3971 2302 ἄκεσις

2315 2381 2403 2412 και
2430 2364 2458 2419 ἡ
2484 2360 2719 2419 ἐπίτασίς
2742 2359 2876 2425 ἐστι,
2908 2363 3074 2409 ποσοῦ
3132 2351 3184 2406 δ’
3232 2355 3313 2405 οὗ.
3359 2349 3470 2402 Οὐκ
3517 2344 3642 2397 ἄλλο
3703 2359 3839 2412 γαρ,
3876 2335 3971 2385 αλλ’

2315 2448 2513 2501 ἀλλοῖον
2562 2448 2741 2501 ἐκεῖνο*
2823 2450 2941 2498 οὔτε
3017 2446 3116 2518 γάρ
3210 2443 3439 2515 χρυσὸς,
3550 2435 3671 2486 οὔτε
3756 2428 3973 2501 ἆρἸυἷίθῖ

2315 2546 2467 2613 μόνον
2520 2545 2711 2611 μίγμα,
2774 2536 2879 2589 ἀλλ’
2911 2534 3223 2597 ἐξαπλάσιος
3253 2530 3479 2603 ἄργυρος
3536 2532 3600 2595 τῇ
3662 2522 3850 2573 ἐνωσει
3894 2520 3973 2564 τοῦ

2315 2628 2627 2691 ἑξαπλασίου
2678 2634 2888 2700 χρυσού
2934 2625 3069 2675 κατά
3126 2625 3213 2694 μὲν
3265 2623 3321 2672 τὸ
3390 2618 3542 2669 ποιὸν
3597 2610 3884 2662 ἀλλοιώσει
3932 2619 3975 2652 τε

2317 2738 2406 2769 και
2444 2716 2723 2787 ἀλλοιωθῇ,
2770 2722 2917 2784 ποσῷ
2959 2709 3010 2764 δ’
3069 2714 3147 2764 οὔ.
3200 2710 3292 2761 Διά
3339 2713 3492 2757 τοῦτο
3564 2701 3625 2753 ού
3680 2706 3756 2768 τῷ
3819 2700 3974 2757 ποσῷ.

2264 2807 2360 2874 sci
2415 2812 2598 2857 σκοπεῖ
2635 2824 2735 2868 τις,
2792 2800 2881 2874 ἴδῃ
2928 2799 2987 2851 ἆν
3034 2818 3157 2851 ποτε
3201 2801 3293 2854 τὴν
3360 2793 3600 2845 ἐπίτασιν
3642 2790 3676 2846 ᾖ
3730 2791 3829 2842 risv
3879 2782 3981 2849 ’ξιφι-

2320 2913 2424 2959 σιν,
2450 2892 2555 2944 ἀλλ’
2588 2891 2636 2943 ἐν
2678 2900 2748 2961 τῷ
2802 2898 2950 2959 ποιῷ.
2998 2886 3153 2949 Δείξω
3194 2882 3253 2938 δὴ
3315 2890 3469 2934 τοῦτο
3526 2879 3725 2943 οὕτως,
3784 2878 3978 2945 Πρότε-

2322 3002 2422 3042 σις·
2471 2979 2552 3034 δεῖ
2622 2989 2748 3051 ’γοῦν
2814 2976 2984 3039 δεῖξαι
3028 2977 3105 3027 ὃτι
3148 2973 3198 3025 ἐν
3248 2980 3311 3030 τῆ
3357 2976 3451 3022 τάν
3509 2985 3818 3023 tantum»
3880 2980 3979 3013 σνν-

2322 3071 2536 3136 ελιύσει,
2606 3066 2969 3139 ἑπισυμϐαίνει
3025 3063 3264 3124 ἐπίτασις
3318 3062 3454 3112 κατά
3498 3061 3563 3109 τὸ
3618 3054 3852 3118 ἀλλοίςν,
3900 3049 3981 3100 οὐκ

2326 3158 2403 3211 ἀεί
2458 3156 2539 3225 δὲ,
2607 3163 2665 3209 τό
2726 3153 2787 3208 6":
2873 3158 3035 3207 ποσὸν
3084 3152 3178 3204 οὐκ
3226 3153 3339 3222 ἔχει
3394 3147 3667 3199 ἐπίτάσιν,
3724 3143 3981 3198 Ἐκθεσιςο

2327 3253 2460 3301 ἔστω
2490 3253 2659 3300 τοίνυν
2689 3251 2747 3299 τό
2779 3252 2879 3298 AT
2910 3250 2948 3296 Γ
2993 3236 3177 3304 ποσόν,
3239 3242 3425 3312 ὁμοίως
3477 3232 3542 3289 δί
3597 3255 3698 3287 και
3739 3238 3803 3285 τό
3844 3239 3889 3285 Δ
3939 3234 3982 3281 Η

2327 3345 2394 3407 Ν,
2421 3335 2504 3390 δεῖ
2560 3333 2619 3389 δὲ
2667 3335 2715 3387 ἐν
2781 3342 2885 3394 τοις
2942 3332 3250 3406 ἀμφοτέροις
3300 3329 3542 3399 σημείοις
3588 3330 3668 3396 μή
3733 3324 3981 3395 ὑπάρχειν

2323 3543 2452 3617 pari
2481 3548 2538 3599 et
2556 3539 2791 3613 impari.
2836 3537 3008 3605 Quod
3041 3536 3087 3590 si
3112 3538 3428 3604 argentum
3458 3544 3603 3585 cum
3648 3544 3812 3584 auro
3833 3526 3977 3583 unia-

2326 3640 2437 3700 tur,
2468 3648 2589 3688 non
2616 3629 2733 3685 alia
2782 3630 3022 3684 exsistet
3071 3621 3404 3680 differentia
3448 3634 3521 3673 ex
3580 3616 3711 3673 hac
3758 3616 3981 3688 copula-

2324 3722 2502 3787 tione,
2534 3735 2719 3791 quam
2750 3716 2849 3772 illa
2874 3731 3009 3788 quae
3030 3729 3102 3769 ex
3125 3711 3409 3785 qualitate
3429 3711 3539 3762 est.
3574 3708 3825 3761 Aurum
3845 3704 3982 3759 enim

2327 3809 2676 3882 copulatum
2702 3804 3041 3861 albedinem
3065 3800 3313 3872 accepit,
3363 3804 3418 3852 et
3439 3800 3780 3865 argentum
3800 3794 3981 3850 album

2329 3900 2550 3955 ﬂavum
2577 3897 2707 3951 auri
2730 3894 3010 3950 colorem.
3044 3894 3328 3947 Neutrum
3351 3901 3511 3951 vero,
3556 3901 3768 3957 usque
3791 3897 3984 3940 aurum

2330 4003 2522 4059 neque
2540 3989 2875 4053 argentum,
2927 3980 3341 4053 quantitatem,
3392 3990 3583 4046 quam
3634 3973 3877 4036 habuit,
3924 3969 3981 4025 ei:

2331 4077 2583 4133 aliorum
2626 4070 3028 4144 aequalitatem
3065 4073 3121 4124 et
3179 4063 3661 4138 inaequalitatem
3710 4077 3859 4117 cum
3892 4060 3985 4115 alia

2332 4161 2756 4225 commutavit;
2795 4158 3114 4229 unicuique
3178 4156 3338 4210 enim
3393 4168 3507 4207 sua
3556 4158 3779 4207 manet
3823 4162 3987 4222 quan-

2335 4255 2488 4311 titas.
2550 4253 2742 4317 Quare
2808 4247 2974 4303 nulla
3029 4245 3284 4301 intensio
3333 4248 3439 4298 aut
3488 4240 3784 4296 remissio
3832 4238 3984 4295 efﬁcit

2339 4350 2399 4399 ut
2456 4339 2685 4412 aliquid
2767 4336 2931 4393 aliud
3029 4335 3101 4389 sit
3194 4347 3381 4405 quam
3461 4328 3638 4401 quod
3708 4335 3824 4385 est.
3892 4326 3982 4382 illic

2337 4431 2494 4486 enim
2528 4433 2614 4482 est
2643 4425 3001 4498 qualitatum
3026 4419 3402 4493 compositio.
3460 4417 3701 4474 Idcirco
3742 4416 3906 4490 quod
3924 4415 3983 4468 ita

2336 4517 2651 4590 copulatur
2673 4530 2792 4570 non
2812 4518 2903 4569 est
2931 4510 3183 4583 simplex
3209 4507 3315 4564 sed
3344 4506 3794 4578 compositum.
3834 4507 3983 4560 Porro

2337 4607 2547 4663 merito
2606 4603 2879 4659 remissio
2937 4606 2994 4656 et
3048 4598 3299 4655 intensio
3346 4595 3758 4668 qualitatibus
3819 4594 3983 4649 inesse

2339 4697 2637 4763 dicuntur,
2668 4690 2981 4764 quantitati
3036 4703 3177 4743 vero
3232 4686 3433 4741 inesse
3468 4689 3810 4753 negantur.
3863 4685 3982 4739 Nam

2340 4783 2506 4857 quod
2532 4780 2857 4836 intenditur
2877 4783 2933 4834 et
2952 4777 3266 4833 remittitur
3297 4772 3461 4829 aliud
3499 4788 3632 4829 non
3654 4773 3881 4837 evadit,
3906 4764 3981 4824 sed

2342 4871 2659 4929 dissimile.
2699 4868 2871 4923 Aliud
2892 4866 3136 4940 quidem
3164 4869 3250 4919 est
3275 4861 3646 4933 sexcuplum
3697 4866 3978 4932 argentum

576 4954 1014 5025 comprehensa
1038 4969 1175 5025 qua:
1224 4951 1701 5009 circumferentia
1767 4954 2122 5025 appellatur,
2155 4954 2232 5010 ad
2268 4960 2309 5016 D
2343 4960 2690 5033 copulatum
2719 4974 2755 5012 θ.
2787 4953 3072 5026 sexcuplo
3093 4967 3240 5009 auro
3272 4949 3582 5022 copulato.
3630 4956 3717 5005 Ac
3764 4966 3841 5006 ex
3875 4958 3977 5019 qna-

577 5058 765 5114 quam
796 5059 1008 5098 omnes
1038 5061 1075 5100 a
1104 5050 1305 5099 centro
1357 5043 1567 5111 ﬁgurae
1626 5043 1819 5098 ductae
1839 5044 2011 5100 lineae
2059 5051 2233 5100 rectae

580 5131 845 5201 aequales
870 5132 1022 5188 inter
1051 5149 1116 5188 se
1142 5137 1298 5188 sunt.
1326 5133 1457 5188 Sive
1478 5132 1656 5200 igitur
1687 5134 1726 5186 Β
1773 5132 1846 5187 sit
1861 5135 2091 5205 aequale
2122 5135 2235 5206 ipsi

579 5223 645 5289 Δ,
679 5218 805 5275 sive
834 5219 1148 5293 inaequale,
1176 5220 1872 5277 deﬁnitionemeamdem
1931 5223 2233 5295 suscipiet.

582 5308 1067 5377 Quorumgautem
1079 5309 1345 5365 deﬁnitio
1359 5307 1699 5364 communis
1712 5311 1979 5374 est,ratio
1991 5327 2234 5383 quoque

579 5395 855 5449 essentia:
875 5396 1110 5453 illorum
1140 5402 1228 5453 est
1256 5396 1614 5453 communis.
1647 5396 1807 5450 idem
1854 5411 2097 5471 quoque
2127 5400 2234 5455 ob-

584 5485 852 5539 servatur
884 5484 949 5541 in
995 5485 1313 5557 triangulo,
1336 5486 1394 5541 in
1434 5482 1811 5553 multangula
1838 5500 1852 5539 :
1884 5484 2146 5559 itemque
2171 5488 2234 5546 in

2342 5050 2505 5105 litate
2535 5046 2779 5120 quidem
2812 5042 3201 5099 mutabuntur
3250 5045 3307 5095 et
3359 5038 3694 5095 dissimilia
3739 5037 3972 5097 evadent,

2344 5137 2450 5193 sed
2477 5152 2549 5191 ex
2586 5134 2918 5206 quantitate
2949 5144 3362 5202 nequaquam.
3394 5128 3597 5191 Quare
3634 5128 3688 5183 si
3728 5128 3865 5200 quis
3886 5121 3970 5177 die

2343 5231 2550 5297 genter
2585 5221 2937 5287 consideret,
2981 5233 3297 5290 nunquam
3343 5216 3803 5272 animadvertat
3838 5218 3967 5270 inter

2345 5315 2574 5370 sionem
2625 5315 2727 5367 aut
2778 5308 3200 5365 remissionem
3254 5305 3585 5378 quantitati
3652 5306 3863 5369 inesse,
3898 5292 3963 5352 ἐξά

2343 5400 2638 5475 qualitati.
2666 5398 2836 5464 Quod
2856 5399 2939 5453 ita
2969 5411 3100 5452 esse
3121 5396 3284 5451 hunc
3324 5394 3388 5449 in
3449 5394 3723 5450 modum
3782 5393 3961 5449 demea—

2343 5489 2566 5548 strabo.
2595 5489 2837 5561 Oportet
2854 5486 3033 5557 igitur
3060 5483 3481 5541 demonstrare
3537 5481 3606 5540 in
3657 5481 3962 5556 qualitati!!!
