4064 6308
159 287 262 340 1325

1007 286 1372 345 THEODORI
1393 285 1439 341 ΙΙ
1467 286 1608 342 1MP.
1628 286 1718 341 DE
1745 285 2204 345 COMMONIONE
2230 286 2610 344 NATURALI.

3368 289 3504 344 £326

152 409 242 459 τινὰ
290 403 435 469 δεῖξαι
493 406 732 458 ἐπίτασιν
777 410 907 460 καθὸ
964 412 1126 464 ποσά.
1185 409 1356 464 Ἐστω
1403 417 1530 481 γοῦν
1606 412 1740 483 ὁρμὴ
1778 414 1824 465 Α
1854 409 2054 463 ἀλλοῖον
2095 415 2126 469 ἠ
2176 408 2416 484 μονάδων
2477 406 2799 476 συνέδωσις,
2849 412 2879 467 ἥ
2929 408 3040 468 ἐνὸς
3090 413 3180 461 καὶ
3227 408 3351 477 ἐνὸς,
3412 415 3504 463 καὶ

151 497 464 558 τιςήΑκαιή
498 495 645 568 ἑτέρα
699 503 764 565 Λ,
826 499 880 549 αἱ
935 495 995 551 δὲ
1052 502 1178 573 πρὸς
1233 501 1426 559 ταύτας
1466 505 1505 550 Β
1559 516 1647 551 και
1690 505 1744 551 Μ

153 585 346 650 αὔξησις,
375 604 460 636 και
517 586 546 641 ἡ
601 590 638 636 Γ
691 605 779 636 και
824 593 870 638 Ν
911 586 1166 648 ἐπίτασις·
1250 588 1294 639 εἰ
1345 595 1468 658 ’γοῦν
1525 595 1586 658 τῇ
1654 589 1743 638 αὑ-

153 673 270 735 ξήσιι
313 680 342 725 Β
378 680 425 726 Μ
467 675 498 731 ἠ
561 679 600 726 Γ
637 680 683 726 Ν
739 673 997 743 ἐπίτασις,
1054 676 1084 734 ἡ
1168 679 1238 737 ὡς
1319 673 1507 727 δεκάσι
1588 672 1743 727 δεκά-

152 759 235 825 δες,
278 766 302 820 ἤ
344 765 402 822 ὼς
481 759 705 834 μονάδες
774 766 984 834 μονάσι,
1036 784 1126 815 και
1190 767 1238 822 ηή
1314 771 1352 816 Β
1423 771 1475 818 Μ
1553 772 1649 826 τῆς
1695 766 1744 817 Α

149 857 173 910 ἡ
212 853 330 904 ἐσται
378 851 636 914 ἐπίτασις,
680 856 710 910 ἦ
763 854 831 914 ὡς
877 849 1093 913 δεκάδες
1143 849 1380 920 δεκάσιν,
1439 854 1468 911 ἦ
1512 856 1579 914 ὡς
1653 872 1744 925 μο-

145 937 269 1001 νάδες
311 943 508 1012 μονάσι,
579 946 700 1014 τρία
766 949 888 1012 γοῦν
963 941 1066 994 εἰσι
1145 945 1209 993 τὰ
1281 943 1510 1011 τεθέντα,
1583 944 1742 1015 ὁρμὴ,

142 1029 346 1095 αὔξησις,
367 1030 598 1089 ἐπίτασις
631 1050 643 1062 ·
681 1031 710 1087 ἠ
745 1031 878 1104 ὀρμή
923 1038 1044 1100 ’γοῦν
1093 1033 1162 1090 ὡς
1221 1033 1402 1102 μονὰς,
1448 1033 1479 1089 ἡ
1527 1031 1744 1092 αὐξησις

137 1121 195 1179 ὡς
223 1115 351 1186 δυὰς,
388 1121 415 1176 ἠ
467 1116 704 1179 ἐπίτασις
748 1120 816 1179 ὡς
862 1121 1007 1193 τριλς
1057 1141 1068 1152 ·
1121 1123 1254 1171 κατὰ
1307 1127 1434 1191 γοῦν
1479 1123 1567 1182 τὰς
1625 1139 1742 1172 συν·

138 1211 282 1269 θέσεις
326 1227 407 1259 και
437 1211 560 1267 τοὺς
613 1211 997 1282 σπερματικοὺς
1045 1207 1253 1279 λόγους,
1297 1209 1326 1266 ὴ
1395 1211 1484 1280 μὲν
1541 1228 1742 1283 πρωτη,

134 1300 306 1368 στιγμὴ
341 1316 422 1348 και
477 1293 696 1367 δύναμις
737 1300 958 1365 μήκους,
1017 1299 1046 1354 ἡ
1105 1293 1342 1371 δευτέρα,
1387 1303 1602 1370 ’γραμμὴ
1657 1318 1746 1350 και

131 1384 325 1459 δύναμις
356 1385 595 1450 πλάτους,
651 1387 680 1443 ἡ
734 1381 794 1437 δὲ
843 1389 1016 1459 τρίτη,
1058 1387 1327 1457 επιφάνεια
1375 1407 1464 1438 και
1523 1383 1748 1460 δύναμις

130 1476 326 1549 βάθους,
374 1477 434 1527 τὰ
487 1471 546 1526 δὲ
580 1479 700 1547 τρία
753 1470 977 1546 δύναμις
1031 1480 1294 1546 σώματος,
1351 1480 1409 1527 τὸ
1478 1472 1537 1528 δὲ
1595 1485 1750 1549 σῶμα

124 1572 297 1631 ποσοῦ,
338 1567 390 1616 τό
438 1566 600 1614 ποσὸν
651 1559 712 1615 δε
749 1561 798 1615 ἐν
838 1570 947 1622 τοίς
984 1568 1128 1636 τρισὶ
1184 1565 1504 1635 περιάγεται,
1552 1569 1642 1616 καὶ
1704 1567 1748 1618 εἰ

124 1658 213 1727 μὲν
253 1653 386 1726 σῶμά
408 1671 518 1712 πως
605 1649 801 1724 ὑπερϐῇ
882 1654 999 1711 τοὺς
1092 1653 1263 1726 ὅρους,
1354 1652 1399 1704 εἰ
1472 1671 1564 1705 και
1626 1653 1748 1706 ἄλλο

462 1827 489 1859 τ
498 1810 612 1868 plus
858 1833 935 1887 ὠ
945 1849 1014 1898 μα
1266 1811 1428 1898 κόσου

429 1912 554 1977 A/l
923 1934 954 1977 Α
987 1918 1028 1970 Β
1327 1912 1447 1977 /\T

634 1984 850 2050 ποιότης
867 1979 930 2050 /
948 1979 1002 2050 \
1040 1979 1256 2050 ποιότης

105 2723 270 2791 τούτῳ
299 2718 501 2792 συνέλη,
533 2715 814 2788 ἀδύνατον,
873 2719 916 2770 εἰ
977 2715 1036 2770 δὲ
1093 2716 1393 2790 ἀσώματον,
1449 2719 1476 2777 ἦ
1532 2721 1748 2775 ποιότη-

109 2815 202 2870 1'6;
249 2809 377 2880 ἐστι,
426 2813 516 2861 καὶ
562 2808 659 2861 οὐκ
701 2807 822 2860 ἄλλο
872 2810 1148 2879 γενήσεται
1202 2811 1262 2860 τὸ
1306 2807 1562 2877 ἐπιταθὲν,
1637 2805 1745 2860 ἀλλ’

110 2984 532 3058 compositione
559 2984 752 3039 inesse
777 2982 1175 3038 intensionem
1199 2997 1274 3038 ex
1295 2982 1660 3049 alteratione,
1684 2987 1750 3039 ut

108 3077 188 3132 ita
215 3075 410 3131 dicam
439 3073 658 3146 :idque
709 3089 832 3129 non
880 3088 1116 3144 semper
1175 3091 1188 3141 ;
1243 3073 1562 3144 quantitati
1606 3088 1749 3128 vero

106 3169 397 3236 quatenus
447 3167 536 3218 est
594 3161 896 3233 quantitas
944 3160 1345 3217 intensionem
1431 3176 1748 3232 nunquam

103 3251 387 3309 accidere.
422 3253 556 3306 Esto
584 3251 763 3320 igitur
807 3265 846 3306 a
896 3250 928 3305 ὁ
972 3265 1004 3306 c
1049 3251 1354 3322 quantitas
1405 3268 1417 3304 :
1481 3249 1750 3306 similiter

99 3343 278 3398 etiam
331 3342 354 3396 ι
393 3357 451 3395 m
512 3357 552 3394 η
599 3339 923 3411 quantitas.
976 3340 1218 3410 Oportet
1305 3337 1618 3393 ostendere
1685 3339 1747 3393 in

99 3431 405 3501 utriusque
435 3429 692 3499 punctis,
725 3443 832 3483 seu
858 3427 1122 3482 terminis
1153 3441 1275 3481 non
1309 3427 1504 3483 inesse
1559 3426 1748 3482 inten-

94 3521 325 3575 sionem
381 3523 680 3591 quatenus
725 3517 1051 3589 quantitate
1099 3521 1240 3571 sunt
1296 3515 1564 3587 praedita.
1611 3518 1748 3572 Esto

85 3608 274 3680 igitur
301 3607 585 3680 appetitio
609 3606 813 3678 aliqua
831 3622 963 3676 quae
994 3606 1070 3660 sit
1096 3624 1154 3674 a,
1177 3609 1234 3660 et
1267 3604 1453 3661 altera
1496 3621 1631 3676 quae
1674 3605 1749 3662 sit

79 3701 124 3755 ι.
158 3697 254 3752 Ad
273 3697 388 3752 has
421 3695 817 3768 appetitiones
839 3694 1173 3750 referantur
1200 3694 1233 3748 ὁ
1262 3697 1319 3748 et
1336 3710 1394 3748 1n
1446 3709 1583 3765 quae
1629 3695 1748 3750 sint

74 3785 716 3857 accretio,itemquec
773 3787 832 3839 et
885 3800 946 3849 η,
990 3797 1126 3855 qua:
1171 3785 1287 3837 sint
1340 3782 1621 3838 intensio.
1684 3786 1749 3838 In

72 3874 431 3932 accretione
457 3873 633 3942 igitur
656 3889 786 3945 qua
813 3878 900 3927 est
931 3872 964 3927 ὁ
991 3888 1050 3927 m
1097 3871 1248 3926 inest
1281 3871 1539 3928 intensio
1611 3887 1748 3943 quin

72 3971 181 4020 est
218 3979 252 4020 ε
277 3967 469 4029 n,aut
499 3967 562 4018 ut
587 3960 818 4017 denarii
848 3960 1081 4016 numeri
1103 3959 1308 4014 insunt
1334 3959 1624 4030 denariis)
1647 3964 1752 4016 aut

73 4059 151 4109 ut
177 4052 442 4108 unitates
462 4051 667 4106 insunt
690 4049 1018 4105 unitatibus
1077 4066 1092 4117 ;
1155 4049 1187 4104 b
1231 4065 1288 4104 m
1338 4050 1446 4106 erit
1493 4049 1752 4105 intensio

74 4142 279 4212 hujus
302 4155 343 4198 a
375 4141 418 4207 ι,
448 4139 630 4210 idque
651 4138 866 4194 eodem
887 4137 1072 4193 modo
1105 4153 1228 4208 quo
1265 4137 1494 4193 denarii
1550 4139 1754 4193 insunt

73 4230 384 4296 denariis,
409 4234 512 4284 aut
538 4227 794 4284 unitates
823 4227 1030 4282 insunt
1066 4227 1414 4283 unitatibus.
1459 4228 1558 4282 Hic
1611 4242 1753 4297 ergo

70 4319 204 4377 tria
239 4318 446 4390 posita
466 4322 622 4387 sunt,
655 4315 962 4389 appetitio,
1016 4317 1290 4385 accretio,
1355 4317 1631 4383 intensio,
1691 4320 1756 4370 ut

66 4406 397 4465 ternarius
413 4421 719 4461 numerus.
737 4405 927 4470 Quare
945 4403 992 4459 si
1009 4403 1507 4475 compositionem
1523 4410 1754 4475 spectes

63 4503 135 4553 et
197 4495 477 4550 rationes
520 4493 600 4550 ad
665 4493 1130 4565 propagandum
1191 4492 1551 4564 prodientes,
1637 4493 1756 4564 pri-

63 4601 261 4642 mum
307 4585 518 4641 locum
548 4581 838 4638 abtinebit
889 4589 1206 4654 punctum,
1262 4597 1369 4637 seu
1423 4582 1515 4637 vis
1573 4587 1752 4654 atque

57 4673 355 4730 facultas
382 4671 464 4729 ad
485 4671 922 4742 longitudinem
954 4670 1346 4743 progrediens
1377 4689 1389 4726 :
1421 4671 1758 4727 secundum

56 4765 297 4819 locum
329 4761 624 4818 obtinebit
643 4760 824 4826 linea,
857 4775 966 4815 seu
1020 4759 1110 4815 vis
1153 4764 1335 4832 atque
1387 4759 1646 4816 facultas
1679 4760 1758 4816 ad

53 4851 482 4908 latitudinem
502 4849 919 4922 progrediens;
937 4849 1170 4904 tertium
1185 4851 1388 4906 locum
1406 4850 1758 4921 superﬁcies

50 4939 418 5010 obtinebit,
449 4956 555 4995 seu
609 4939 697 4994 vis
740 4943 920 5009 atque
959 4937 1211 4994 facultas
1252 4937 1331 4994 ad
1383 4937 1760 4994 altitudinem

48 5028 528 5104 progrediens.
557 5029 737 5082 Porro
766 5025 893 5080 haec
918 5025 1030 5081 tria
1059 5025 1174 5081 vim
1205 5034 1385 5099 atque
1416 5026 1761 5082 facultatem

43 5118 324 5177 habent
347 5116 432 5173 ad
463 5133 684 5190 corpus
731 5113 1238 5181 constituendum,
1297 5130 1516 5187 corpus
1563 5120 1760 5171 autem

42 5208 146 5266 ad
171 5207 606 5280 quantitatem
627 5204 954 5276 perfectam
976 5203 1460 5259 constituendam
1509 5219 1762 5277 compa-

41 5302 290 5355 ratum
329 5300 430 5352 est
454 5314 466 5365 ;
489 5293 798 5368 quantitas
827 5298 1029 5348 autem
1046 5293 1159 5348 sub
1180 5292 1272 5346 his
1292 5292 1481 5348 tribus
1497 5309 1765 5366 compre-

41 5385 409 5445 henditur.
441 5384 614 5452 Quod
633 5383 682 5438 si
716 5381 791 5437 sit
817 5380 1020 5453 aliqua
1052 5397 1149 5436 res
1177 5397 1416 5454 corpus,
1439 5398 1562 5454 quo
1589 5388 1764 5455 pacto

41 5482 250 5535 extra
274 5476 409 5532 hoc
440 5473 728 5531 terminos
756 5475 875 5526 tres
914 5469 1247 5540 egredietur
1269 5470 1298 5525 ?
1320 5471 1491 5535 Quod
1525 5469 1576 5525 si
1599 5470 1767 5527 dicas

41 5566 361 5626 alterum
395 5578 621 5637 corpus
650 5574 793 5616 cum
812 5557 998 5616 altero
1019 5573 1269 5632 corpore
1299 5557 1474 5629 uniri,
1502 5559 1619 5616 hoc
1639 5547 1769 5616 ﬁeri

1787 1746 1827 1799 Β
1857 1747 2114 1795 λοιοῦνται
2138 1745 2238 1816 γὰρ
2269 1751 2387 1803 ταῖς
2425 1741 2709 1814 ἀκρότησιν
2747 1762 2760 1774 ·

1853 501 1897 550 εί
1949 503 2039 571 μὲν
2095 504 2262 570 ποιὸν,
2323 505 2392 561 ὡς
2444 499 2690 558 λευκότης
2731 501 2821 549 καὶ
2874 496 3123 569 μελανοτη
3138 519 3178 563 ς,
3226 498 3255 555 ἡ
3315 497 3503 569 γλυκύ-

1853 607 1948 648 της
1991 593 2080 640 καὶ
2129 587 2402 654 ἀλυκότης,
2451 584 2575 639 οὐδὲ
2636 586 2795 646 οὓτως
2872 584 3089 657 ἐπιταθῇ
3166 606 3178 618 ο
3260 585 3506 647 λευκότης

1850 679 1952 750 γὰρ
2004 677 2308 738 λευκότητος
2357 677 2632 750 λευκοτέρα
2698 675 2792 727 οὐκ
2844 677 2977 743 ἔστι,
3033 680 3124 726 καὶ
3168 678 3235 726 τὰ
3285 675 3434 748 ἕτερα
3489 697 3501 708 ·

1853 763 1901 816 ἐν
1931 764 2107 838 ἀτόμῳ
2138 763 2251 824 δ’ὲή
2284 773 2504 826 ποιότης
2559 771 2694 816 ποιεῖ
2747 763 2986 815 ἐπίτασιν
3036 784 3049 796 '
3110 762 3344 834 σταφυλὴ
3402 767 3503 836 γὰρ

1851 856 1997 929 ῥοιᾶς
2047 855 2356 930 γλυκυτέρα,
2425 855 2454 913 ὴ
2505 856 2624 929 ροιά
2677 852 2959 924 σταφυλῆς,
3048 854 3078 911 ἡ
3162 853 3340 905 λευκὸν
3415 861 3506 906 τοῦ

1851 944 2034 996 λευκοῦ
2093 967 2106 978 ο
2163 945 2322 997 λευκὰ
2367 941 2426 996 δὲ
2475 946 2676 1003 πάντως
2728 943 2960 1014 ὑπάρχει
3009 943 3216 1016 θάτερα.
3252 943 3309 995 Ἠ
3380 951 3506 1014 ’γοῦν

1855 1033 2018 1104 ἰσχὺς
2061 1043 2158 1096 τῆς
2208 1038 2483 1095 ποιότητος
2537 1036 2596 1084 τὸ
2643 1035 2733 1104 μὲν
2795 1031 2938 1092 άῦξει
3013 1035 3150 1082 κατὰ
3226 1037 3501 1097 ποιότητα,

1851 1125 1910 1173 τὸ
1955 1118 2013 1174 δὲ
2068 1122 2288 1191 ῡαττοῖ,
2350 1121 2481 1179 αὐτὴ
2538 1117 2597 1173 δὲ
2646 1123 2677 1178 ἡ
2745 1119 3008 1190 γλυκύτης
3055 1121 3084 1178 ᾖ
3147 1122 3176 1178 ἡ
3255 1119 3507 1181 λευκότης

3326 1207 3404 1261 ἀεὶ
3471 1210 3502 1265 ἡ

1852 1299 2006 1357 αὐτή.
2067 1302 2212 1352 Κατὰ
2264 1303 2350 1351 τὸν
2407 1299 2563 1351 αὐτὸν
2617 1307 2742 1369 γοῦν
2796 1302 2978 1370 καιρὸν
3026 1296 3142 1350 οὒτε
3198 1297 3363 1369 γλυκυ
3421 1302 3508 1350 καὶ

1853 1213 1969 1262 οὔτε
2017 1209 2346 1262 ἐπιτάττεται
2399 1209 2516 1262 οὒτε
2593 1208 2916 1274 ἐλαττοῦται,
2983 1211 3121 1280 μένει
3191 1205 3244 1260 δ’

1852 1393 1923 1460 μὴ
1976 1388 2164 1459 ⁴γλυκὺ,
2218 1392 2336 1441 οὔτε
2379 1388 2557 1440 λευκὸν
2605 1392 2696 1439 καὶ
2749 1392 2818 1460 μὴ
2857 1387 3054 1456 λευκὸν,
3113 1392 3166 1438 τὶ
3223 1393 3509 1459 φανήσεται

1852 1484 2081 1547 πώποτε,
2138 1479 2233 1530 κάν
2277 1477 2324 1529 ἐν
2378 1476 2512 1548 ἄλλῳ
2590 1481 2680 1528 καὶ
2757 1476 2892 1547 ἄλλῳ
2975 1485 3048 1528 τῶ
3135 1475 3182 1527 ἐν
3261 1481 3510 1535 ποιότητι

1855 1564 2086 1638 δέχηται
2127 1571 2221 1625 τὴν
2277 1565 2517 1618 ἐπίτασιν
2569 1569 2660 1618 καὶ
2711 1566 2886 1617 ἄνεσιν
2930 1585 2943 1597 ·
3002 1569 3092 1616 καὶ
3149 1566 3192 1616 εὶ
3238 1569 3330 1636 μὲν
3415 1563 3506 1618 οὖν

1852 1655 2029 1708 λευκὸν
2081 1654 2239 1726 ἐνωθῇ
2299 1658 2391 1706 καὶ
2452 1653 2607 1726 μέλαν
2664 1653 2845 1724 ὕφεσιν
2920 1655 3229 1724 πάσχουσιν
3316 1674 3328 1686 ·
3415 1652 3508 1705 ἀλ-

2803 1743 2859 1792 αί
2914 1740 3142 1792 ἐναντίαί
3205 1743 3305 1814 γὰρ
3363 1746 3510 1794 ποιό-

1856 1852 2006 1894 τητες
2031 1835 2286 1906 θραύουσι
2310 1835 2404 1891 τὰς
2444 1830 2754 1904 ἀκρότητας,
2813 1831 2857 1882 εἰ
2912 1833 3175 1903 μιχθῶσι,
3228 1833 3322 1892 τὰς
3375 1829 3512 1883 ἐνού-

1859 1941 1954 1983 σας
1995 1921 2199 1987 αὐταῐς,
2225 1923 2373 1973 ἔσται
2398 1917 2457 1973 δὲ
2495 1924 2553 1972 τὸ
2607 1925 2782 1993 μίγμα
2834 1919 3034 1972 ἀλλοῖον
3080 1923 3171 1972 καὶ
3227 1920 3322 1972 οὐκ
3363 1919 3508 1993 ἄλλο,

1856 2014 1991 2062 Οὔτε
2015 2014 2117 2084 γὰρ
2174 2013 2230 2062 1'6
2294 2009 2473 2060 λευκὸν
2525 2013 2598 2081 μὴ
2655 2008 2834 2060 λευκὸν
2883 2010 3075 2075 πάντη,
3132 2007 3250 2060 οὔτε
3303 2012 3362 2060 16
3418 2013 3511 2080 με·

1854 2099 1946 2151 λαν
1973 2101 2144 2156 πάντη
2193 2098 2252 2150 οὐ
2306 2098 2484 2170 μέλαν,
2537 2097 2675 2149 ἀλλὰ·
2713 2105 2824 2158 πῶς
2875 2096 3052 2168 μέλαν,
3096 2105 3208 2159 πῶς
3270 2093 3319 2149 δ’
3377 2096 3436 2149 οὒ
3492 2113 3509 2165 ;

1855 2193 1946 2240 καὶ
2001 2190 2059 2240 τό
2125 2188 2316 2259 ἕτερον,
2367 2190 2502 2238 κατὰ
2545 2191 2605 2238 τό
2656 2186 2805 2255 αὐτὸ,
2855 2183 2960 2238 οἷον
3007 2189 3066 2238 1'6
3133 2193 3230 2248 τῆς
3315 2191 3512 2248 σηπίας

1855 2276 2010 2349 μέλαν
2068 2281 2159 2328 καὶ
2213 2279 2272 2327 τό
2317 2273 2526 2348 ἄλευρον
2583 2275 2850 2342 ἐνωθέντα,
2907 2279 2966 2327 τὸ
3021 2275 3200 2328 λευκὸν
3281 2280 3372 2328 καὶ
3450 2279 3510 2328 1'6

1855 2365 2009 2437 μέλαν
2062 2367 2120 2417 τὸ
2177 2363 2224 2415 ἐν
2276 2363 2457 2425 αὐτοῖς
2511 2365 2912 2436 ἄμειφθήσεται.
2977 2363 3119 2416 Ἐπεὶ
3182 2366 3284 2436 ’γὰρ
3366 2365 3498 2417 εἰσιν

1855 2453 2080 2521 ἐναντία,
2136 2457 2226 2505 καὶ
2279 2453 2540 2525 τραπῶσι,
2591 2457 2682 2504 καὶ
2729 2456 2788 2504 τὸ
2829 2455 2920 2524 μὲν
2985 2450 3041 2504 ἐκ
3109 2461 3202 2504 τοῦ
3275 2452 3508 2505 ἐναντίου

1854 2544 2208 2602 ὑποστησεται
2239 2542 2418 2614 ὕφεσιν
2441 2549 2532 2594 τοῦ
2555 2538 2685 2594 εἶναι
2738 2540 2940 2611 λευκόν,
2997 2544 3056 2592 τὸ
3111 2539 3171 2594 δὲ
3225 2550 3318 2594 τοῦ
3379 2538 3510 2595 εἶναι

1853 2630 2028 2703 μέλαν,
2060 2639 2133 2701 τῷ
2189 2627 2247 2683 δε
2302 2630 2403 2702 ἲσῳ
2463 2635 2552 2682 καὶ
2603 2639 2676 2702 τῷ
2733 2628 2920 2701 ἀνίσῳ,
2973 2629 3068 2681 οὐκ
3129 2629 3507 2703 ἀμεφθὴσεται,

1855 2722 1988 2773 ὥστε
2043 2724 2102 2774 1'6
2154 2716 2408 2792 μεδίμνου
2456 2723 2619 2773 ποσὸν
2668 2720 2762 2772 οὐκ
2820 2720 2887 2781 εἰς
2937 2719 3146 2782 κύλικος
3213 2721 3395 2790 ἐλθεῖν,
3472 2723 3504 2781 ἡ

1852 2808 2162 2882 προσλαϐεῖν
2195 2811 2405 2881 θάτερον
2472 2807 2526 2860 ἐκ
2586 2811 2803 2883 θατέρου
2858 2815 2924 2870 ὡς
2979 2811 3183 2862 ὁπόσων
3248 2830 3320 2880 τι,
3377 2809 3507 2864 ἀλλὰ

1859 2985 2089 3057 nequit.
2130 2987 2352 3040 Rursus
2380 2984 2428 3040 si
2456 2985 2878 3056 incorporeum
2931 2985 3158 3057 aliquid
3223 2985 3508 3042 accedere

1859 3073 2044 3139 dicas,
2064 3078 2168 3128 aut
2192 3072 2452 3145 qualitas
2473 3073 2766 3142 adveniet,
2792 3077 2972 3144 atque
2999 3060 3116 3128 hcc
3163 3073 3346 3128 modo
3407 3090 3504 3130 res

1857 3162 2093 3216 intensa
2130 3161 2248 3217 alia
2267 3176 2390 3217 non
2419 3161 2650 3227 evadet,
2693 3160 2799 3216 sed
2837 3161 3180 3228 dissimilis;
3232 3167 3336 3219 aut
3372 3163 3506 3218 uni-

1858 3255 2006 3306 tates
2059 3250 2399 3319 advenient,
2450 3255 2629 3322 atque
2683 3249 3236 3320 agglutinabuntur,
3287 3267 3507 3323 nempe

1860 3339 2056 3394 unitas
2086 3355 2209 3394 una
2235 3349 2291 3394 et
2329 3340 2513 3394 altera
2533 3339 2758 3394 unitas.
2791 3340 2934 3406 Quae
2959 3341 3206 3412 quidem
3251 3341 3506 3397 unitates

1856 3429 1906 3483 si
1927 3428 2040 3484 sint
2061 3427 2376 3498 qualitates
2407 3427 2745 3493 abstractae,
2773 3433 2829 3483 et
2850 3429 2953 3484 uni
2983 3427 3170 3486 altera
3225 3430 3504 3498 addatur,

1856 3524 1919 3573 ut
1947 3517 2184 3583 albedo,
2217 3517 2487 3587 nigredo,
2514 3517 2789 3584 dulcedo,
2825 3517 3097 3588 salsedo;
3147 3535 3342 3591 neque
3391 3521 3506 3576 hoc

1856 3606 2040 3661 modo
2069 3606 2175 3661 erit
2199 3605 2454 3661 intensio
2482 3605 2805 3678 qualitatis,
2827 3621 2970 3662 nam
2991 3607 3207 3664 albedo
3229 3608 3508 3664 albedine

1856 3709 1980 3749 non
2001 3700 2090 3750 est
2125 3694 2322 3764 magis
2351 3693 2513 3751 alba.
2562 3694 2723 3750 ldem
2775 3695 2849 3750 de
2902 3696 3130 3751 caeteris
3180 3696 3506 3753 dicendum

1858 3789 1962 3839 est.
1996 3789 2067 3839 At
2094 3784 2354 3855 qualitas
2403 3785 2465 3839 in
2517 3783 2826 3840 individuo
2874 3785 3274 3841 intensionem
3307 3786 3506 3844 eﬂicit.

1860 3873 1984 3926 Uva
2007 3872 2167 3927 enim
2189 3877 2444 3943 granato
2478 3878 2566 3927 est
2607 3872 2874 3942 dulcior;
2912 3876 3015 3928 aut
3045 3880 3361 3942 granatum
3387 3890 3509 3931 uva

1859 3965 1948 4015 est
1971 3959 2500 4032 dulcius,itemque
2530 3959 2736 4016 album
2763 3959 2902 4014 albo
2932 3965 3022 4014 est
3048 3961 3240 4029 magis
3277 3961 3505 4031 album,

1861 4055 2113 4120 utraque
2139 4065 2280 4104 vero
2301 4049 2549 4104 omnino
2581 4053 2721 4104 sunt
2758 4047 2917 4104 alba.
2955 4049 3146 4114 Quare
3179 4049 3267 4104 vis
3315 4051 3508 4121 quali-

1863 4138 1996 4193 tatis
2024 4138 2139 4192 hoc
2155 4137 2403 4209 quidem
2427 4143 2608 4207 auget
2627 4136 2958 4192 secundum
2981 4138 3293 4209 quandam
3314 4141 3509 4210 quali-

1793 4212 1832 4264 ί)
1863 4232 2068 4291 tatem,
2093 4225 2239 4280 illud
2267 4241 2409 4281 vero
2438 4226 2673 4280 minuit.
2699 4231 2768 4281 At
2787 4225 2921 4296 ipsa
2941 4226 3196 4282 dulcedo
3218 4232 3275 4283 et
3293 4229 3510 4285 albedo

1864 4330 2058 4386 neque
2101 4313 2423 4369 intenditur
2477 4329 2674 4386 neque
2729 4315 3063 4384 remittitur,
3115 4316 3222 4371 sed
3295 4318 3511 4375 eadem

1863 4409 2086 4459 manet.
2129 4402 2351 4458 Eodem
2378 4403 2554 4473 igitur
2575 4408 2842 4474 tempore
2874 4403 3018 4458 nihil
3036 4421 3307 4476 unquam
3338 4406 3512 4463 dulce

1863 4498 1920 4548 et
1942 4508 2066 4547 non
2086 4491 2280 4560 dulce,
2308 4491 2514 4548 album
2540 4496 2596 4547 et
2624 4507 2744 4547 non
2771 4492 2979 4548 album
3026 4494 3308 4550 exsistere
3353 4502 3514 4566 pote-

1862 4581 1957 4651 rit,
1987 4580 2268 4654 quamvis
2301 4580 2360 4635 in
2391 4579 2508 4636 alio
2538 4586 2718 4652 atque
2747 4581 2864 4636 alio
2896 4582 3176 4654 suscipiet
3209 4601 3282 4640 ex
3319 4585 3514 4657 quali-

1865 4674 1982 4728 tate
2015 4669 2412 4726 intensionem
2439 4673 2495 4724 et
2518 4670 2959 4726 remissionem.
3017 4673 3212 4737 Quare
3231 4674 3278 4727 si
3307 4673 3516 4730 album

1865 4765 1922 4816 et
1967 4760 2207 4829 nigrum
2288 4759 2591 4826 uniantur,
2640 4758 2704 4814 id
2767 4759 2894 4815 sine
2961 4761 3313 4816 remissione
3387 4761 3518 4817 ﬁeri

1864 4849 2074 4920 nequit
2104 4866 2117 4916 ;
2138 4847 2535 4904 extremitates
2554 4847 2712 4903 enim
2728 4854 3038 4905 mutantur
3058 4865 3165 4904 seu
3192 4849 3515 4904 aliusmodi

1867 4937 2129 4993 evadunt
2157 4953 2170 4990 ε
2198 4951 2343 4992 nam
2364 4935 2425 4990 in
2446 4937 2882 4993 contrariarum
2907 4937 3265 5008 qualitatum
3295 4942 3519 5008 tempe-

1867 5025 2201 5082 rationibus
2248 5031 2304 5080 et
2366 5025 2833 5082 admistionibus
2915 5025 3316 5081 extremitates
3373 5025 3518 5098 ipsa“,

1868 5113 2063 5184 frangi
2120 5113 2330 5170 solent.
2387 5114 2499 5168 Erit
2541 5120 2699 5170 atem
2745 5113 2940 5168 mistio
2993 5113 3318 5169 aliusmodi
3349 5147 3359 5153 -
3393 5131 3519 5171 non

1870 5204 2004 5260 alia.
2036 5206 2234 5275 Neque
2263 5204 2425 5259 enim
2444 5202 2652 5258 album
2675 5208 2762 5257 est
2790 5201 2956 5273 quod
2992 5203 3241 5259 omnino
3309 5204 3520 5261 album

1869 5309 1993 5348 non
2022 5291 2150 5359 fuit,
2180 5307 2377 5364 neque
2414 5291 2655 5362 nigrum
2685 5289 2851 5360 quod
2873 5289 3120 5346 omnino
3135 5292 3376 5361 nigrum
3399 5309 3522 5350 non

1870 5379 1998 5449 fuit,
2028 5379 2133 5435 sed
2163 5379 2382 5452 partim
2412 5379 2672 5448 nigrum,
2703 5377 2920 5447 partim
2977 5394 3096 5434 non
3142 5381 3406 5450 nigrum.
3459 5385 3524 5438 Et

1871 5469 2035 5542 quod
2049 5474 2136 5524 est
2150 5468 2400 5526 alterum
2422 5467 2644 5523 eodum
2658 5465 2861 5531 modo,
2881 5466 3063 5523 veluti
3083 5469 3261 5542 sepiae
3275 5471 3524 5543 nigredo

1873 5564 1930 5614 et
1950 5556 2140 5615 ferina
2165 5558 2319 5615 inter
2342 5573 2403 5613 se
2433 5553 2715 5626 copulata
2731 5552 3526 5630 albediuemetnigredinem
