4064 6308
530 277 666 330 1327

2056 266 2292 323 ADDEN
2301 268 2412 323 DA.

3812 267 3834 321 1
3843 267 3933 322 328

526 403 665 468 μενεί
710 393 759 447 ἓν
801 393 1018 447 ἕκαστον
1073 389 1142 450 εἰς
1195 392 1254 442 τό
1310 390 1430 443 ὅσον
1483 391 1544 443 ἆν
1609 389 1664 443 ἐκ
1712 395 1925 464 πρὼτης
1999 392 2171 464 τύχης
2209 393 2372 444 Ακαὶ
2399 391 2518 455 ἑξῆς
2545 395 2666 466 τρία
2697 413 2710 428 ·
2748 395 2806 446 τὸ
2853 395 2901 447 ἓν
2953 399 3076 465 γοῦν
3133 396 3222 445 καὶ
3274 392 3324 445 ἓν
3384 393 3626 444 συντεθὲν
3689 387 3808 446 δύο.
3857 392 3934 466 ὄπο-

525 486 746 558 ὑπάρχη
825 484 1008 551 ποσὸν,
1066 480 1160 532 κᾶν
1214 481 1282 542 εἰς
1333 479 1528 540 ἄλληλα
1601 487 2027 558 περιχωρήσειεν.
2083 481 2171 544 Ὠς

523 576 679 647 γὰρό
722 576 867 626 πέντε
910 571 964 623 ἐκ
1015 565 1227 643 τριάδος
1277 574 1368 624 καὶ
1423 565 1626 632 δυάδος
1680 569 1844 641 ἐστὶν,
1894 570 2002 623 ἀλλ’
2055 569 2172 622 οὑτε

523 672 645 736 γοῦν
699 664 725 714 6
776 667 900 737 τρία
937 664 1190 733 τέσσαρα,
1253 659 1369 712 οὑτε
1425 661 1450 712 6
1535 658 1631 714 δύο
1710 666 1834 735 τρία
1917 657 2009 714 διὰ
2077 663 2171 718 τὴν

522 753 725 816 ἕνωσιν,
782 749 910 803 ἀλλά
945 754 1035 802 καὶ
1087 753 1222 822 μετὰ
1277 754 1369 808 τὴν
1422 749 1601 802 ἕνωσιν
1649 751 1675 802 6
1754 749 2005 803 συνελθὼν
2087 748 2171 801 ἀλ-

520 840 658 904 λοῖος
713 843 822 913 μεν,
874 839 968 892 οὑκ
1025 837 1161 911 ἄλλῳ
1210 835 1269 892 δὲ
1324 848 1472 911 ποσῷ
1521 841 1763 914 ὥρισται,
1814 840 1842 898 ἣ
1918 847 1990 910 τῷ
2070 847 2170 890 τῶν

524 928 865 983 συνελθόντων
911 927 982 989 εἰς
1047 928 1202 980 αὐτόν
1267 945 1280 962 ·
1330 927 1446 981 οὑτε
1501 930 1602 1004 γὰρ
1663 930 1688 979 6
1731 933 1852 1003 τρία
1917 931 2168 1000 τέσσαρα,

521 1019 686 1072 οὑτεό
719 1015 816 1071 δύο
839 1021 999 1091 τρία·
1036 1025 1188 1069 τοῦτο
1243 1020 1345 1090 γὰρ
1395 1017 1438 1069 εἰ
1493 1014 1715 1069 δυνατὸν
1763 1019 1975 1090 ὑπῆρχε
2033 1021 2171 1089 γενέ-

521 1110 664 1179 σθαι,
697 1105 920 1182 ὑπῆρξεν
942 1104 1002 1158 ἂν
1043 1107 1067 1158 ό
1129 1110 1276 1158 πέντε
1331 1108 1478 1173 ἑπτὰ,
1539 1108 1660 1180 ὅπερ
1709 1106 1900 1160 ἄτοπον

518 1195 680 1249 καὶέν
725 1194 890 1266 λευκῷ
943 1200 1031 1248 καὶ
1083 1194 1262 1267 μέλανι
1317 1194 1374 1246 οὗ
1441 1199 1693 1261 ποσότης,
1757 1193 1885 1248 ἀλλὰ
1956 1200 2173 1256 ποιότης

1963 1127 1976 1140 ⁶
2037 1106 2172 1158 οὕτω

520 1290 633 1360 ἔχει
691 1285 862 1339 λαϐεῖν
910 1289 1004 1345 τὴν
1062 1287 1242 1359 ὕφεσιν
1291 1287 1321 1346 ἦ
1376 1289 1469 1344 τὴν
1529 1285 1780 1341 ἐπίτοσιν.
1851 1287 1992 1339 Ἐπεὶ
2070 1288 2172 1360 γὰρ

521 1381 608 1430 ταὶ
665 1376 815 1436 αὐτὸς
863 1375 889 1427 6
946 1379 1112 1444 πέντε,
1184 1376 1227 1427 εἰ
1283 1380 1372 1427 καὶ
1455 1377 1592 1427 κατὰ
1673 1378 1836 1428 ποσὸν
1913 1377 2175 1434 ὑποσῆνάι

519 1467 700 1538 ὕφεσιν
742 1468 954 1537 πέφυκε,
1010 1466 1068 1516 τό
1137 1463 1412 1536 ἐλάχιστον
1485 1471 1548 1536 τῇ
1632 1464 1762 1536 αὐτῇ
1841 1463 2034 1531 ἐγένετο
2114 1467 2174 1523 ἣν

517 1556 714 1612 ὑπέστη
778 1550 973 1626 μονάδι
1016 1572 1031 1586 ·

517 1652 616 1695 τῶν
675 1642 1015 1695 συνελθόντων
1061 1646 1337 1713 γενήσεται
1378 1643 1403 1693 6
1462 1647 1584 1716 τρία
1637 1639 1756 1712 δύο,
1816 1647 1906 1694 καὶ
1961 1643 1986 1694 6
2079 1639 2176 1695 δύο

520 1731 588 1798 ἓν,
621 1733 666 1784 εἰ
718 1738 844 1803 ⁹γοῦν
901 1730 1014 1783 κατ’
1063 1729 1304 1784 ἐπίτασιν
1358 1731 1384 1784 6
1441 1737 1563 1805 τρία
1617 1736 1872 1806 τέσσαρα,
1930 1735 2019 1784 καὶ
2049 1728 2178 1784 όδὺο

518 1823 639 1894 τρία
694 1818 864 1885 ἔσται,
927 1824 1016 1872 καὶ
1064 1820 1090 1871 6
1153 1818 1403 1874 συνελθὼν
1471 1820 1528 1872 ἐκ
1575 1823 1768 1873 τούτων
1827 1825 1975 1873 πέντε
2028 1819 2177 1887 ἑπτὰ,

519 1912 641 1984 ὅπερ
673 1910 884 1981 ἄτοπον,
913 1911 1155 1970 ὡσαύτως
1201 1909 1316 1963 κατ’
1354 1908 1526 1963 ἄνεσιν
1573 1909 1602 1969 ἡ
1654 1913 1679 1962 ό
1729 1897 1852 1985 τρία
1910 1907 2028 1977 δύο,
2089 1915 2180 1962 καὶ

517 2002 544 2052 ό
577 1995 674 2052 δύο
729 2000 798 2066 ἓν,
849 2003 938 2051 καὶ
972 2000 998 2050 6
1056 1997 1308 2052 συνελθὼν
1374 2005 1522 2054 πέντε
1575 2005 1697 2074 τρία
1758 2021 1770 2034 '
1838 1996 2076 2053 ἀδύνατα
2121 1996 2180 2052 δὲ

518 2096 685 2142 ταῦτα
739 2093 828 2142 καὶ
898 2086 1086 2145 ἆτοπα.
1148 2089 1208 2142 Εἰ
1260 2086 1320 2143 δὲ
1377 2091 1402 2142 6
1450 2095 1572 2166 τρία
1613 2093 1704 2164 μὲν
1753 2093 2010 2166 τέσσαρα,
2067 2087 2181 2142 ὁδε

521 2177 619 2234 δύο
648 2177 718 2247 ἓν,
776 2181 960 2243 πεντὰς
1007 2183 1095 2252 μὲν
1149 2181 1398 2253 νομισθῇ,
1450 2180 1704 2253 ἀλλοιωθῇ
1761 2177 1819 2233 δὲ
1869 2184 1927 2234 τὸ
1972 2176 2107 2241 εῑδος
2165 2199 2178 2213 ·

517 2265 642 2323 οὐδὲ
692 2272 792 2342 γὰρ
845 2268 1142 2332 συνέλευσις
1187 2267 1414 2342 μονάδος
1460 2275 1550 2322 καὶ
1592 2267 1840 2345 τετράδος
1886 2271 1911 2322 6
2010 2273 2178 2340 πέντε,

521 2357 649 2410 ἀλλὰ
705 2354 902 2418 δυάδος
958 2363 1046 2410 καὶ
1097 2354 1313 2431 τριάδος
1364 2356 1613 2420 ἀληθῶς·
1668 2355 1792 2411 οὐδὲ
1840 2360 1939 2431 γὰρ
2002 2356 2182 2433 ἀκραι-

523 2467 653 2518 φνως
707 2449 944 2520 περιττὸς
1000 2447 1030 2504 ἡ
1093 2448 1275 2518 μονὰς,
1333 2443 1478 2510 οὗτος
1531 2442 1590 2499 δὲ
1645 2453 1890 2522 περιττοῦ
1938 2451 2027 2499 καὶ
2093 2445 2183 2520 ἁρ-

521 2540 635 2589 τίου
657 2533 790 2590 ἐστί.
815 2541 1024 2610 Πρῶτον
1087 2537 1190 2610 γὰρ
1250 2534 1414 2598 οὑτως
1459 2539 1660 2608 γένεσις
1713 2557 1726 2571 ·
1787 2538 1836 2590 ἓν
1895 2533 2005 2589 εἶτα
2061 2532 2177 2602 δύο,

522 2727 698 2770 suam
729 2711 881 2769 inter
912 2727 976 2768 se
1006 2710 1412 2770 contulerunt.
1442 2713 1672 2770 Etenim
1698 2713 1990 2788 quoniam
2045 2717 2188 2770 sunt

522 2803 844 2870 contraria,
877 2803 1059 2860 etiam
1089 2801 1456 2875 frangentur,
1487 2808 1668 2878 atque
1704 2821 1894 2862 unum
1937 2805 2186 2878 quidem

525 2909 598 2951 ex
618 2893 927 2950 contrariis
957 2893 1186 2966 aliquid
1212 2893 1286 2950 de
1312 2893 1590 2951 albedine
1620 2895 1891 2967 remittet,
1935 2895 2187 2951 alterum

519 3006 658 3048 vero
693 2991 768 3047 de
804 2990 1132 3061 nigredine.
1165 2990 1279 3049 bed
1305 3007 1377 3048 ex
1408 2992 1755 3065 aequalitate
1787 3009 1859 3049 ex
1921 2993 2190 3073 inaequaj

2282 499 2389 533 τιον
2418 488 2542 552 γοῦν
2562 490 2736 555 τοῦτο,
2767 486 2823 534 τό
2865 479 2924 535 δὲ
2979 483 3028 535 ἓν
3081 486 3171 535 καὶ
3219 477 3318 534 δὺο
3370 486 3512 554 τρία,
3566 484 3835 554 περιττόν,
3883 486 3931 535 τό

2284 566 2411 622 δεὲν
2450 575 2538 623 καὶ
2600 577 2723 646 τρία
2765 575 3020 645 τέσσαρα,
3085 570 3280 646 ἆρτιον,
3340 567 3603 645 δεύτερον,
3670 575 3729 622 τὸ
3792 569 3850 623 δὲ

2281 664 2370 711 καὶ
2459 663 2692 735 τέσσαρά
2760 665 2908 714 πέντε
2984 659 3394 735 ἁρτιοπέριττον.
3468 664 3752 717 Σκόπησον
3826 669 3930 731 γοῦν

2281 749 2329 798 ἐν
2378 751 2512 800 πᾶσι
2563 752 2620 801 τό
2678 747 2888 817 ἄτοπον,
2949 749 2993 802 εἰ
3045 753 3133 821 μὲν
3213 751 3243 807 ἡ
3323 749 3485 820 μονὰς
3555 748 3739 823 ἑτέραν
3819 749 3927 820 λάϐῃ

2282 833 2488 910 μονάδα
2537 836 2625 890 κᾶὶ
2677 839 2706 896 ἡ
2768 841 2950 914 τετρὰς
3002 838 3157 895 ἄλλην
3206 841 3294 889 καὶ
3355 835 3676 890 ἐπιταθῶσιν
3737 836 3850 901 ἐξίις
3909 840 3929 896 ᾖ

2281 928 2484 994 πεντὰς,
2540 927 2730 980 ἄτοπον
2778 948 2791 961 ·
2841 932 2883 980 εἰ
2937 925 2996 980 δὲ
3047 928 3077 987 ἦ
3129 931 3218 1001 μὲν
3301 930 3484 1000 τετρὰς
3566 925 3762 998 ὕφεσιν
3841 929 3930 989 ἐνὸς

2281 1016 2446 1088 πάθῃ,
2504 1015 2653 1070 ἔσται
2709 1019 2892 1093 τετρὰς
2943 1018 2974 1075 ἡ
3031 1018 3217 1079 πεντάς
3269 1037 3282 1049 '
3328 1013 3450 1068 οὐδὲ
3492 1018 3599 1091 γὰρ
3664 1016 3847 1088 ὕφεσιν
3903 1018 3926 1072 ὲ

2282 1107 2443 1176 μονὰς
2477 1101 2669 1168 δέξαιτ’
2707 1105 2766 1157 ἆν
2803 1128 2813 1138 ·
2842 1113 2995 1158 τοῦτο
3034 1106 3136 1179 γὰρ
3167 1105 3225 1157 οὗ
3276 1101 3530 1174 πεντάδα,
3589 1104 3728 1156 ἀλλὰ
3785 1108 3931 1158 πάντα

2285 1192 2504 1267 ἀριθμόν
2566 1193 2802 1247 ἀνέλυσεν
2860 1194 2919 1246 ἆν
2970 1195 3038 1258 εἰς
3092 1192 3263 1262 οὐδὲν,
3318 1199 3408 1246 καὶ
3460 1201 3616 1247 τοῦτο
3677 1195 3870 1248 ἄτοπον
3915 1217 3927 1228 ·

2285 1279 2418 1336 εἰδὲ
2479 1285 2508 1341 ὴ
2577 1287 2666 1356 μὲν
2723 1286 2884 1357 μονὰς
2947 1282 3218 1359 προσλάϐᾐ
3277 1286 3452 1354 ἒτέραν
3505 1280 3753 1355 μονώδα,
3801 1287 3829 1342 i;
3883 1281 3930 1336 δε

2283 1375 2462 1445 τετρὰς
2511 1369 2740 1446 μονάδος
2792 1377 2971 1447 ὕφεσιν
3020 1375 3244 1446 ὑποστῇ,
3297 1375 3439 1446 τρίἁς
3507 1375 3721 1435 πάντως
3799 1380 3934 1445 γενή-

2287 1483 2434 1516 σεται
2475 1483 2486 1497 ·
2517 1466 2702 1526 πεντὰς
2728 1472 2851 1535 γοῦν
2876 1468 2993 1517 τότο
3033 1464 3137 1536 οὐχ
3179 1465 3258 1516 ὅτι
3308 1466 3364 1515 ἐκ
3423 1461 3650 1536 μονάδος
3711 1469 3807 1516 καὶ
3859 1483 3934 1517 τε·

1117 1551 1417 1615 ἐλαττωθεὶς
1507 1555 1609 1626 γὰρ
1679 1555 1896 1614 ἕκαστος
1969 1555 2176 1614 πάντως
2210 1547 2248 1601 Β
2284 1547 2475 1628 τράδος
2507 1568 2520 1619 ;
2548 1550 2652 1604 ἀλλ’
2687 1551 2744 1605 ἐκ
2773 1548 2973 1614 δυάδος
3003 1572 3057 1606 τε
3086 1557 3176 1605 καὶ
3205 1548 3442 1626 τριάδος,
3483 1559 3638 1606 τοῦτο
3703 1557 3935 1626 φυσικόν,

2361 1727 2428 1802 β’.
2473 1728 2634 1782 ’Ὥστε
2721 1731 2779 1782 τό
2863 1733 2952 1804 μὲν
3028 1735 3174 1784 ποιὸν
3255 1729 3493 1784 ἐπιτασιν
3565 1729 3796 1803 δέχεται
3862 1729 3941 1783 καὶ

2288 1821 2482 1890 ἄνεσιν,
2512 1824 2570 1873 τὸ
2605 1816 2663 1872 δὲ
2717 1823 2880 1873 ποσὸν
2924 1819 2982 1874 οὑ
3048 1843 3062 1856 ο
3143 1820 3328 1880 συνέϐη
3379 1824 3477 1896 ’γὰρ
3527 1820 3764 1874 ἐνταῦθα
3816 1826 3941 1892 γενέ-

2291 1912 2412 1963 σθαι
2470 1917 2533 1982 τῇ
2583 1911 2734 1962 τάσει
2786 1915 2876 1964 καὶ
2933 1912 3108 1983 ὑφέσει
3148 1918 3240 1964 τοῦ
3297 1919 3464 1964 ποσοῦ
3533 1915 3628 1970 τὴν
3721 1910 3948 1965 πῖιτάδί

2288 1995 2538 2071 τετράδα,
2565 2003 2655 2051 καὶ
2683 1997 2901 2074 τριάδα,
2931 2005 3020 2052 καὶ
3069 1997 3233 2052 ἐπτάδ
3238 2020 3289 2067 α,
3354 1999 3476 2075 ὅπερ
3534 2000 3882 2053 ἀτοπώτατον
3933 2022 3946 2036 ο

2288 2093 2347 2142 τὸ
2409 2090 2510 2164 γὰρ
2557 2088 2734 2162 ἆρτιον
2801 2093 2888 2141 καὶ
2957 2092 3196 2162 περιττὸν
3273 2087 3447 2142 ἕνωθέν
3523 2086 3682 2143 οὐδὲν
3768 2090 3950 2144 ἄτοπον

2291 2177 2566 2237 ἐποίησενο
2596 2179 2828 2252 ὑπάρχει
2866 2179 2966 2254 γὰρ
3021 2180 3046 2230 6
3101 2174 3198 2231 δύο
3258 2175 3376 2242 δύο,
3427 2183 3517 2232 καὶ
3559 2181 3585 2232 6
3634 2186 3770 2252 τρία
3819 2201 3948 2256 τρια,

2290 2275 2442 2321 τοῦτο
2499 2275 2666 2321 ποσοῦ
2721 2289 2734 2302 ο

2580 2356 2706 2410 ἀλλὰ
2774 2365 2835 2430 τῇ

3680 2277 3798 2324 ἴσον
3873 2278 3950 2323 καὶ

3463 2363 3753 2423 ποιότητος

2292 2451 2549 2505 ποιότητα
2600 2446 2748 2520 ἑτέρα
2810 2447 2997 2506 συνέϐη
3039 2451 3196 2520 μικτή
3259 2452 3470 2509 ποιότης
3502 2469 3515 2482 ·
3582 2453 3708 2502 οὗτε
3775 2452 3880 2525 γὰρ
3928 2455 3952 2502 ό

2293 2535 2488 2610 ἄρτιος,
2507 2537 2672 2594 πάντη
2713 2534 3049 2609 ἆρτιος,οὑτε
3099 2537 3125 2588 6
3178 2539 3414 2612 περιττὸς
3459 2541 3532 2610 μὴ
3583 2543 3682 2590 καὶ
3729 2538 3909 2613 ἄρτιος
3937 2576 3947 2583 -

2795 2267 2995 2340 ἔμειναν
3048 2272 3149 2341 γὰρ
3196 2265 3337 2322 οὗτοι
3384 2269 3455 2331 εἰς
3527 2273 3587 2322 τό

2291 2357 2489 2412 ἄνισον.
2580 2357 2706 2410 ἀλλὰ
2774 2365 2835 2420 τῇ
2928 2357 3218 2411 συνελεύσει
3296 2366 3389 2420 τῆς

3838 2381 3905 2435 πρ
3911 2366 3951 2422 6;

2293 2713 2416 2770 rius
2441 2712 2688 2786 quidem
2707 2728 2995 2770 numerus
3016 2713 3317 2779 efﬁcietur,
3337 2713 3444 2770 sed
3459 2715 3661 2772 forma
3683 2733 3950 2775 commu-

2294 2804 2418 2858 tata
2461 2801 2652 2858 fuerit.
2705 2804 2907 2874 Neque
2970 2803 3131 2859 enim
3192 2803 3490 2877 copulatio
3570 2807 3828 2863 unitatis
3901 2813 3952 2863 et

2295 2891 2660 2964 quaternarii
2690 2892 2923 2947 numeri
2946 2893 3185 2964 proprie
3209 2893 3558 2964 quinarinm
3584 2895 3801 2966 afﬁcit,
3856 2898 3951 2954 sed

2296 2979 2507 3036 binarii
2532 2985 2589 3036 et
2621 2981 2877 3036 ternarii.
2942 2982 3143 3038 [initas
3199 2983 3358 3038 enim
3413 2998 3627 3039 revera
3687 3001 3819 3043 non
3873 2993 3950 3043 est

520 3080 682 3137 litate
706 3095 830 3136 non
873 3056 1115 3136 accidet
1163 3079 1265 3136 illa
1319 3056 1738 3150 commutatio,
1788 3088 1854 3137 ut
1899 3056 2177 3137 medirnnj

2297 3085 2585 3124 numerus
2611 3069 2807 3141 impar
2836 3087 2848 3137 ;
2872 3071 3186 3142 quinarius
3209 3076 3408 3128 autem
3431 3073 3819 3146 eximpariet
3837 3077 3952 3149 pari

521 3171 825 3244 quantitas
853 3185 975 3226 non
1005 3175 1203 3243 potest
1231 3171 1291 3227 in
1322 3173 1724 3244 quantitatem
1767 3172 1968 3229 calicis
2001 3176 2187 3229 trans-

523 3259 609 3315 ire
647 3262 751 3317 aut
779 3275 970 3315 unum
1009 3259 1250 3316 alterius
1279 3261 1678 3332 quantitatem
1705 3276 2032 3324 assumere,
2078 3259 2186 3316 sed

524 3345 1004 3420 unumquodque
1023 3348 1086 3402 in
1109 3363 1180 3404 ea
1201 3350 1530 3420 quantitate
1549 3353 1769 3422 manet,
1790 3366 1974 3423 quam
1988 3350 2184 3422 primo

525 3435 758 3503 habuit,
787 3436 1018 3491 etiamsi
1044 3436 1194 3491 inter
1241 3453 1303 3492 se
1351 3439 1798 3510 coniungantur
1849 3458 1863 3508 ;
1913 3443 1973 3494 ut
2025 3438 2182 3496 enim

525 3524 840 3595 quinarius
861 3537 1150 3580 numerus
1181 3530 1417 3582 constat
1439 3543 1510 3582 ex
1555 3529 1816 3584 ternario
1845 3533 1902 3584 et
1924 3527 2181 3598 binario,

530 3611 638 3668 sed
662 3626 786 3668 non
815 3611 951 3668 ideo
975 3614 1084 3669 tria
1115 3618 1256 3670 sunt
1317 3621 1595 3687 quatuor,
1649 3633 1843 3691 neque
1897 3618 2019 3674 duo
2071 3617 2185 3674 tria

527 3706 775 3775 propter
801 3701 1244 3775 copulationem
1272 3710 1479 3762 contra
1504 3723 1642 3762 vero
1671 3709 1777 3779 qui
1799 3723 1908 3763 con
1913 3708 2184 3780 jungitur

527 3805 816 3847 numerus
863 3795 1001 3864 post
1055 3791 1501 3864 copulationem
1553 3794 1860 3851 dissimilis
1935 3795 2182 3868 quidem

527 3878 749 3949 evadit,
778 3879 887 3936 sed
914 3879 1030 3936 alia
1079 3883 1408 3953 quantitate
1465 3897 1588 3939 non
1644 3883 1942 3952 deﬁnitur,
1992 3899 2181 3956 quam

526 3963 944 4036 copulatorum
1037 3965 1190 4022 inter
1265 3982 1327 4022 se
1405 3983 1794 4024 numerorum
1869 3969 2176 4041 quatitate.

524 4055 729 4126 Neque
778 4055 937 4110 enim
959 4053 1071 4111 tria
1119 4059 1256 4111 sunt
1295 4060 1573 4129 quatuor,
1623 4073 1818 4131 neque
1876 4058 1998 4113 duo
2047 4057 2180 4123 tria,

524 4156 670 4198 nam
694 4142 809 4198 hoc
832 4142 961 4199 ﬁeri
987 4144 1194 4216 nequit
1223 4161 1237 4211 ;
1262 4144 1530 4218 quinque
1552 4147 1710 4202 enim
1733 4152 1929 4203 essent
1951 4151 2179 4217 septem

524 4230 691 4303 quod
715 4236 805 4286 est
832 4232 1164 4288 absurdum
1194 4250 1206 4288 :
1231 4233 1313 4290 ita
1337 4235 1516 4291 etiam
1542 4235 1603 4290 in
1629 4235 1767 4292 albo
1795 4241 1851 4292 et
1871 4236 2040 4306 nigro
2057 4251 2180 4292 non

525 4319 850 4389 quantitas,
882 4322 985 4376 sed
1009 4321 1271 4393 qualitas
1287 4325 1748 4397 potestrecipere
1761 4325 2178 4381 remissionem

2296 3162 2545 3214 constat.
2568 3163 2654 3214 Ita
2671 3159 2830 3215 enim
2852 3159 3115 3231 primum
3135 3159 3302 3228 dicis,
3327 3176 3542 3231 unum,
3565 3162 3796 3220 deinde
3819 3166 3951 3230 duo,

2294 3247 2510 3303 deinde
2529 3247 2657 3304 tria.
2688 3249 2882 3304 Unum
2899 3263 3042 3318 ergo
3066 3265 3205 3305 cum
3227 3264 3346 3305 uno
3373 3253 3818 3322 compositum,
3841 3254 3952 3310 duo

2295 3341 2434 3393 sunt
2465 3354 2478 3404 ;
2511 3343 2720 3410 estque
2749 3337 2846 3393 hic
2865 3352 3153 3393 numerus
3166 3353 3301 3410 par:
3320 3354 3496 3410 porro
3515 3356 3717 3398 unum
3741 3344 3949 3413 etduo,

2295 3426 2404 3482 tria
2432 3431 2586 3481 sunt.
2623 3429 2839 3497 Estque
2869 3426 2965 3481 hic
2991 3442 3277 3482 numerus
3294 3429 3490 3500 impar
3520 3429 3791 3502 primus.
3821 3436 3950 3489 Rur-

2293 3533 2394 3572 sus
2415 3532 2605 3572 unum
2624 3521 2678 3572 et
2698 3516 2830 3585 tria,
2854 3520 2992 3572 sunt
3011 3521 3270 3590 quatuor
3287 3537 3305 3591 ;
3322 3525 3529 3592 estque
3545 3520 3651 3578 hic
3663 3538 3949 3581 numerus

2290 3620 2401 3677 par
2431 3605 2750 3660 secundus.
2781 3607 2976 3660 Unum
2991 3608 3618 3680 etquatuorquinque,
3645 3613 3761 3683 qui
3785 3612 3949 3669 debet

2291 3709 2422 3749 esse
2452 3694 2649 3766 impar
2678 3694 2978 3750 secundus
3006 3711 3076 3750 ex
3109 3696 3240 3767 pari
3268 3701 3324 3752 et
3351 3696 3589 3768 impare
3638 3709 3947 3759 constans.

2292 3782 2615 3839 Considera
2647 3782 2826 3851 igitur
2852 3783 2911 3838 in
2933 3784 3216 3840 omnibus
3241 3785 3403 3858 quod
3436 3788 3726 3859 sequitur
3755 3791 3952 3847 absur-

2290 3869 2456 3924 dum.
2481 3869 2540 3924 Si
2571 3870 2766 3926 unitas
2797 3870 3041 3927 alteram
3073 3872 3362 3928 unitatem
3393 3881 3680 3932 assumat
3708 3882 3771 3934 et
3822 3895 3952 3952 qua-

2290 3958 2583 4014 ternarius
2610 3958 2794 4014 alium
2819 3975 3159 4032 numerum,
3186 3961 3659 4020 etintendantur
3688 3969 3955 4024 senarius

2290 4051 2393 4103 aut
2423 4047 2733 4119 quinarius
2763 4063 3069 4117 numerus,
3101 4049 3435 4106 absurdum
3470 4050 3680 4108 fuerit.
3706 4058 3953 4122 Rursus,

2289 4135 2338 4189 si
2359 4136 2778 4208 quaternarius
2811 4138 2987 4193 unius
3017 4138 3431 4194 remissionem
3464 4142 3799 4214 suscipiat,
3832 4145 3954 4218 qui-

2288 4225 2490 4281 narius
2511 4225 2620 4282 erit
2638 4227 3077 4299 quaternarius.
3098 4231 3298 4300 Neque
3319 4231 3484 4285 enim
3508 4232 3725 4288 unitas
3766 4236 3956 4291 remis-

2289 4315 2521 4371 sionem
2553 4317 2857 4388 suscipere
2885 4317 3120 4389 poterit.
3155 4318 3328 4382 Quod
3347 4318 3398 4372 si
3417 4318 3554 4374 ﬁeri
3587 4330 3826 4393 posset,
3845 4340 3952 4381 non

525 4410 582 4461 et
604 4406 1024 4465 intensionem.
1061 4411 1568 4484 Quandoquidem
1615 4414 1663 4468 si
1710 4429 1997 4469 numerus
2050 4415 2178 4486 ipse
2213 4406 2256 4462 D
2287 4404 2482 4461 solum
2503 4405 2834 4478 quinarius,
2864 4421 3069 4462 verum
3091 4406 3269 4462 etiam
3290 4407 3548 4479 quilibet
3572 4425 3880 4469 numerus
3897 4413 3949 4468 in

524 4493 836 4565 quinarius
893 4512 966 4552 ex
1014 4503 1183 4570 parte
1221 4501 1566 4572 quantitatis
1619 4507 1824 4573 posset
1875 4503 2176 4576 suscipere

522 4583 959 4652 remissionem,
992 4588 1205 4644 eadem
1237 4590 1349 4645 hac
1377 4592 1754 4660 remissione,
1789 4609 1975 4666 quam
2019 4595 2177 4651 susci

522 4676 709 4746 peret,
741 4673 1063 4732 minimum
1091 4677 1239 4748 quid
1269 4678 1565 4736 evaderet.
1589 4685 1738 4737 Nam
1770 4699 1838 4737 ex
1886 4683 2176 4755 copulatis

516 4763 787 4819 numeris
812 4763 1364 4837 quilibetnumerus
1407 4769 1703 4826 unitatum
1744 4771 2176 4830 substractione

519 4854 721 4911 minor
749 4853 968 4928 factus,
1003 4856 1283 4914 evaderet
1305 4874 1377 4914 ex
1405 4861 1660 4918 ternario
1710 4862 1980 4920 binarius
2019 4871 2074 4922 et
2103 4880 2176 4922 ex

515 4941 756 5001 binario
785 4944 1004 5002 unitas.
1043 4946 1098 5003 Si
1121 4946 1299 5018 igitur
1326 4963 1433 5020 per
1452 4949 1849 5008 intensionem
1883 4953 1994 5009 tria
2043 4971 2177 5012 eva-

516 5029 668 5088 dant
691 5038 950 5105 quatuor
979 5039 1036 5092 et
1065 5036 1188 5093 duo
1223 5036 1354 5106 tria,
1387 5037 1546 5094 idem
1571 5041 1798 5098 accidet
1819 5059 2070 5100 numero
2102 5061 2175 5101 ex

515 5118 612 5176 his
640 5119 878 5179 duobus
901 5125 1168 5199 quinque
1202 5131 1432 5199 septem
1461 5131 1793 5202 composito
1825 5151 1837 5201 ;
1867 5133 2032 5206 qoud
2085 5139 2175 5192 est

515 5207 871 5268 absurdum.
898 5215 1122 5271 Eodem
1143 5217 1327 5274 modo
1357 5232 1464 5291 per
1484 5220 1895 5278 remissionem
1914 5224 2024 5280 tria
2050 5223 2171 5281 duo

516 5298 842 5357 evaderent
865 5305 921 5359 et
949 5303 1070 5361 duo
1099 5321 1329 5374 unum;
1387 5308 1548 5363 idem
1597 5324 1838 5382 quoque
1879 5313 2172 5372 accideret

513 5399 769 5445 numero
791 5407 864 5446 ex
892 5392 983 5447 his
1022 5394 1265 5451 duobus
1291 5397 1559 5470 quinque
1598 5398 1790 5453 tribus
1829 5401 2166 5475 constituto,

2285 4493 2539 4551 nihilum
2577 4493 3002 4551 dissolveretur
3035 4511 3048 4562 ;
3080 4495 3246 4569 quod
3267 4496 3448 4553 etiam
3467 4497 3825 4559 absurdum
3847 4509 3945 4560 est.

2287 4594 2459 4660 Quod
2505 4593 2554 4650 si
2588 4593 2787 4650 unitas
2835 4592 3084 4651 alteram
3130 4594 3422 4652 unitatem
3469 4607 3784 4669 assumat,
3837 4602 3943 4657 duo

2283 4683 2429 4740 ﬁent
2464 4700 2478 4751 ;
2509 4687 2566 4740 et
2594 4685 2642 4740 si
2671 4685 3090 4757 quaternarius
3123 4685 3363 4741 unitatis
3426 4687 3940 4748 substractionem

2287 4773 2595 4845 suscipiat,
2641 4775 2887 4830 omnino
2942 4775 3236 4830 ternarius
3322 4789 3632 4834 numerus
3716 4780 3938 4837 evadet.

2285 4862 2526 4918 Constat
2562 4862 2738 4933 igitur
2758 4863 3068 4935 quinarius
3095 4878 3217 4919 non
3244 4879 3315 4919 ex
3337 4863 3573 4920 unitate
3608 4872 3670 4925 et
3720 4875 3942 4938 quater-

2283 4953 2474 5023 nario,
2504 4953 2611 5009 sed
2639 4956 2838 5026 potius
2869 4968 2940 5010 ex
2980 4954 3212 5011 binario
3261 4959 3318 5011 et
3369 4957 3648 5014 ternario
3712 4974 3727 5025 ;
3780 4959 3939 5031 idque

2283 5043 2616 5100 secundum
2635 5047 2934 5099 naturam.

2351 5135 2404 5187 2.
2434 5133 2514 5188 Ex
2554 5131 2776 5205 quibus
2820 5131 3103 5188 omnibus
3170 5131 3421 5188 efficitur
3466 5132 3530 5188 in
3596 5138 3934 5208 qualitatem

2281 5221 2492 5279 cadere
2514 5221 2909 5279 intensionem
2943 5221 3448 5288 etremissionem,
3465 5222 3528 5278 in
3545 5228 3932 5296 quantitatem

2279 5327 2420 5368 vero
2446 5327 2787 5384 nunquam.
2814 5313 3015 5367 Posset
3035 5310 3216 5376 enim,
3259 5311 3308 5366 si
3341 5311 3458 5367 hoc
3513 5329 3740 5372 verum
3783 5319 3926 5374 esset:

2278 5416 2385 5474 per
2413 5401 2808 5459 intensionem
2835 5405 2892 5457 et
2929 5401 3351 5458 remissionem
3376 5404 3778 5475 quantitatis,
3827 5402 3923 5476 qui

513 5490 649 5567 quae
670 5477 918 5551 quidem
947 5481 1075 5539 ﬁeri
1097 5489 1406 5557 nequeunt
1434 5491 1490 5542 ct
1516 5490 1657 5542 sunt
1685 5486 1970 5545 absurda.
1997 5492 2169 5557 Quod
2274 5493 2484 5551 narius
2509 5507 2638 5548 esse
2667 5489 3084 5565 quaternarius
3108 5489 3403 5549 ternarius
3434 5497 3497 5548 et
3540 5494 3916 5567 septenarius:

512 5565 566 5625 :i
593 5582 705 5642 pro
731 5567 918 5632 tribus
944 5575 1206 5648 quatuor
1224 5577 1282 5633 et
1302 5589 1414 5649 pro
1442 5574 1683 5636 duobus
1709 5592 1920 5648 unum,
1952 5580 2167 5654 quina-

2278 5582 2445 5657 quod
2473 5581 2653 5654 longe
2682 5580 3189 5643 adsurdissimum
3219 5583 3324 5641 est.
3365 5580 3484 5642 Par
3524 5583 3786 5657 quidem
3830 5593 3917 5640 nu-
