4064 6308
133 292 284 350 1329

169 505 275 558 ἐκεῖ
303 503 362 559 δὴ
387 509 573 577 ποσὸν,
622 507 777 560 λαϐὸν
818 514 1000 584 χώραν
1054 509 1338 575 ἐπιτάσεως
1385 516 1472 566 καὶ
1529 511 1772 578 ἀνέσεως,

170 593 332 648 πολλὰ
384 598 550 670 ἔφερεν
608 595 779 650 ἆτοπα
839 618 851 632 ·
904 597 1118 659 ἐποίησε
1193 604 1294 677 γὰρ
1375 605 1470 660 τὴν
1545 599 1778 654 πεντάδα

171 680 374 736 ἓπτάδα
422 689 512 736 καὶ
566 682 731 748 ἔξάδα
787 691 878 740 καὶ
937 686 1184 763 τετράδα,
1245 695 1334 743 καὶ
1382 688 1596 766 τριάδα,
1652 691 1774 764 ὅπερ

168 773 359 826 ἄτοπον
383 778 472 826 καὶ
503 778 828 847 σοφιστικὸν.
875 784 1039 830 Τοῦτο
1090 783 1260 832 τοίνυν
1319 776 1402 833 δεῖ
1449 787 1578 834 νοεῖν
1636 781 1776 854 ἡμᾶς

166 865 251 914 καὶ
281 860 364 915 ἐπὶ
397 870 495 917 τῶν
548 865 806 939 ῥηθέντων
858 866 1042 920 λευκοῦ
1099 873 1188 922 καὶ
1231 868 1441 941 μέλανος
1499 891 1512 903 ·
1569 871 1635 922 τὰ
1683 872 1772 942 μὲν

164 954 294 1005 ποιὰ
343 951 691 1022 ἁλλοιοῡνται,
737 951 796 1008 δὲ
869 960 1034 1010 ποσὸν
1091 955 1338 1012 οὐδέποτε
1392 957 1682 1012 ἁλλοιοῦτοι
1755 995 1768 1010 .

164 1037 410 1116 οὐδὲγὰρ
439 1041 674 1106 ἐπίτασις
701 1049 789 1096 καὶ
813 1043 988 1108 ἆνισις
1045 1045 1092 1098 ἐν
1139 1056 1309 1120 ποσῷ,
1362 1048 1468 1101 ἀλλ’
1518 1055 1632 1102 ἴσον
1683 1068 1774 1136 καὶ

164 1129 366 1188 ἄνισον,
411 1132 472 1184 Εἰ
527 1135 618 1205 μὲν
673 1139 758 1186 οῦν
819 1134 914 1194 ὕλη
971 1138 1038 1188 τὰ
1089 1139 1379 1211 πράγματα
1439 1129 1767 1224 θεωροῦντας

162 1228 273 1283 τοῖς
297 1226 440 1294 τρισὶ
490 1226 682 1296 πέρασι
731 1230 822 1275 τοῦ
873 1232 1042 1278 ποσοῦ
1085 1226 1472 1302 περικλείεσθαι
1528 1230 1772 1302 θεωροῦν-

161 1330 251 1363 ται
309 1331 322 1346 ο
384 1312 442 1364 ὁῦ
490 1315 591 1385 γὰρ
647 1309 919 1386 ἆμειφθείη
973 1319 1030 1368 τὸ
1089 1324 1181 1369 τοῦ
1237 1316 1454 1392 ἀλεύρου
1513 1315 1767 1391 μεδίμνου

161 1403 328 1452 ποσὸν
364 1405 436 1462 ιὶς
456 1402 514 1452 16
545 1409 640 1462 τῆς
680 1406 873 1463 σηπίας
916 1406 1115 1458 κυάθου
1165 1405 1320 1478 μέλαν
1376 1409 1560 1470 ποσὸν,
1612 1405 1766 1479 ἀμει-

158 1487 250 1560 ψις
276 1485 331 1542 δ’
362 1488 555 1562 ἐγένετο
579 1491 796 1556 τούτων,
837 1498 926 1546 καὶ
972 1502 1035 1567 τῇ
1094 1493 1304 1568 ἀμείψει
1335 1494 1522 1555 συνέϐη
1560 1495 1761 1568 ὕφεσις,

158 1577 206 1630 ἓν
231 1577 361 1651 ἧλλη
414 1575 474 1631 δὲ
521 1583 751 1638 ποιότηπ
783 1586 992 1644 ποίότης
1049 1583 1300 1637 ἱνωθεῖσα
1353 1584 1500 1658 ἑτέρα
1546 1589 1764 1642 ποιήσει

155 1665 420 1736 ἐπίτασιν,
453 1667 556 1720 οἷον
596 1666 776 1742 ἄρτιος
809 1671 834 1722 ὁ
885 1675 1142 1746 τέσσαρα,
1208 1673 1298 1725 καὶ
1345 1674 1370 1725 6
1421 1669 1539 1738 δυο,
1589 1678 1679 1726 καὶ
1736 1677 1768 1726 6'

151 1759 242 1829 μὲν
285 1756 558 1831 ἰσομερὴς,
611 1759 636 1809 6
688 1755 749 1810 δί
802 1765 1097 1833 προμήκης.
1156 1760 1366 1816 Ἀνισοι
1419 1769 1544 1833 γοῦν
1586 1767 1676 1815 καὶ
1717 1762 1760 1816 εἰ
1831 1779 1870 1833 Β

148 1844 430 1912 ἐνωθᾱωιν,
459 1843 669 1908 ἀλλοίως
692 1856 909 1919 γεννῶσι
933 1852 1077 1903 καὶὸ
1133 1848 1230 1903 δύο
1281 1855 1370 1904 καὶ
1425 1850 1450 1903 6
1503 1855 1753 1925 τέσσαρα,

145 1939 234 1988 καὶ
257 1935 486 2008 ἁμειῳθῇ
535 1937 624 2008 μὲν
693 1937 718 1987 6
779 1936 1026 2012 ἰσομερὴς
1072 1939 1142 2003 εἰς
1198 1943 1283 1993 τὸν
1335 1945 1608 2015 προμήκη,
1667 1947 1756 1995 καὶ

143 2027 276 2077 κατὰ
312 2027 410 2098 μεν
435 2032 586 2078 τοῦτο
649 2024 852 2090 ἀλλοῖος
895 2034 1192 2099 γενήσεται,
1249 2034 1528 2104 προμήκης
1574 2031 1676 2102 γὰρ
1741 2050 1754 2064 ο

142 2117 272 2167 κατὰ
303 2111 371 2168 δὲ
399 2118 458 2168 16
521 2115 721 2189 ἆρτιον,
783 2115 890 2170 οὔτ’
938 2116 1087 2180 ἄλλος
1136 2122 1253 2171 οὔτε
1301 2117 1514 2180 ἀλλοῖος.
1576 2117 1750 2193 ἆρτιοι

141 2206 238 2278 γὰρ
270 2208 370 2257 καὶ
399 2207 448 2257 οἱ
482 2205 806 2266 συνελθόντες
835 2211 926 2258 καὶ
966 2209 991 2258 6
1037 2207 1090 2270 ἐξ
1127 2211 1314 2274 αὐτῶν,
1371 2210 1505 2260 ὥστε
1555 2211 1611 2260 16
1660 2212 1750 2280 μὲν

140 2313 284 2347 ποιον
352 2300 440 2348 καὶ
493 2296 747 2355 ἠλλοιώθη
810 2293 990 2349 ἐνθαδί
1040 2301 1128 2349 καὶ
1177 2296 1412 2350 ἐπίτασιν
1469 2296 1635 2366 ἔλαϐε,
1690 2301 1750 2351 τὸ

147 2379 204 2436 δὲ
228 2385 395 2436 ποσὸν
427 2383 521 2436 οὐκ
551 2383 808 2443 ἠλλοιώθη
835 2405 847 2418 ·
888 2387 1074 2448 πάντες
1102 2389 1203 2458 γὰρ
1243 2388 1302 2438 τὸ
1349 2385 1534 2438 οἰκεῖον
1587 2388 1750 2439 ποσὸν

147 2472 532 2546 παρεφύλαξα-ν,
565 2473 590 2526 6
624 2470 720 2526 δύο
744 2478 802 2526 τὸ
844 2471 961 2541 δὺο,
1014 2476 1039 2527 6
1101 2479 1338 2551 τέσσαρα
1383 2479 1441 2526 τὸ
1493 2478 1746 2550 τέσσαρα,

150 2568 236 2615 καὶ
279 2562 304 2615 6
352 2562 409 2627 ἓξ
465 2566 523 2615 16
573 2563 625 2626 ἐξ
681 2559 829 2631 εἶναι,
887 2567 944 2616 τὸ
1003 2561 1063 2618 δὲ
1119 2567 1266 2618 ποιὸν
1333 2563 1585 2623 ἠλλοιώθη
1659 2569 1748 2618 καὶ

123 2781 314 2823 merus
343 2782 490 2823 cum
534 2765 754 2840 impari
801 2767 1170 2841 compositus
1201 2766 1402 2839 ’Πὶὴὶις
1419 2766 1767 2824 inusitatum

121 2856 436 2913 constituit.
475 2855 566 2912 Sic
589 2856 750 2912 enim
775 2856 897 2912 duo
927 2861 1064 2912 sunt
1093 2872 1332 2930 semper
1359 2857 1478 2914 duo
1507 2876 1520 2925 ;
1555 2860 1612 2913 et
1631 2855 1762 2923 tria,

115 2945 220 3002 tria
252 2965 264 3013 ;
292 2945 567 3019 quodest
587 2945 935 3018 quantitatis
955 2947 1276 3019 proprium.
1293 2949 1442 3002 Nam
1465 2945 1528 3002 hi
1547 2961 1762 3001 nume-

991 295 1347 356 THEODORI
1383 298 1431 354 II
1467 295 1611 354 IMP.
1653 299 1743 356 DE
1780 298 2240 358 COMMUNIONE
2278 304 2629 363 NATURALI

158 418 352 488 ὕφεσις
401 421 527 487 γοῦν
580 415 800 471 ἐνταῦθα
841 427 940 472 τῶν
997 426 1289 481 ποιοτήτων
1331 427 1420 476 καὶ
1471 422 1774 489 ἀλλοίωσις,
1837 430 1883 478 Α
1942 422 2162 486 ἐπετάθη

3395 315 3535 373 1330

2223 448 2235 461 '
2282 429 2308 481 6
2366 433 2466 503 γὰρ
2525 435 2822 504 προμήκης,
2880 429 3047 484 λαϐὼν
3118 436 3206 486 τὸν
3303 436 3544 514 ἰσομερῆ,

1938 514 2155 586 ἤμειερεν
2221 517 2375 572 αὐτὸν
2432 519 2505 581 εἰς
2540 524 2600 573 τὸ
2653 524 2938 595 πρόμηκες,
2992 521 3035 574 εἰ
3084 518 3143 576 δε
3185 529 3275 578 καὶ
3349 529 3430 581 611
3508 531 3539 588 ἡ

1939 601 2098 676 αβγ
2147 613 2235 667 τῆς
2276 606 2312 679 β
2367 629 2400 680 γ
2457 608 2637 672 ἆνισος
2687 616 2778 664 καὶ
2839 609 3021 664 ἀλλοία
3074 618 3190 687 εἴπῃ
3259 635 3355 680 τις,
3413 616 3544 681 ἳσως

1935 693 2086 744 ἔσται
2115 693 2173 745 οὗ
2207 691 2300 749 διὰ
2346 702 2439 756 τήν
2487 697 2727 752 ἐπίτασιν
2786 701 2814 758 ἧ
2876 703 2970 759 τὴν
3019 701 3215 771 ἄνεσιν,
3275 703 3402 758 ἀλλὰ
3449 703 3543 760 δια

1934 783 1994 832 τὸ
2029 783 2206 854 μεῖζον
2232 789 2320 838 καὶ
2349 790 2407 838 16
2434 786 2643 842 ἔλαττον
2678 810 2690 823 ·
2722 795 2875 842 τοῦτο
2903 790 3002 862 γὰρ
3049 790 3108 842 οὗ
3166 799 3358 861 ποσοῦ,
3411 793 3541 849 ἀλλὰ

1933 878 2026 923 τοῦ
2070 876 2199 947 πρὸς
2245 894 2316 942 τι,
2385 878 2456 939 ὡς
2510 883 2599 931 καὶ
2654 877 3016 953 Ἀριστοτέλης
3078 881 3126 931 ἐν
3185 887 3540 958 Κατηγορίαις

1935 964 2114 1033 φησίν.
2168 965 2301 1016 Οὔτε
2343 966 2466 1039 γὰρ,
2518 969 2652 1019 κατά
2698 971 2785 1020 τὸν
2843 969 3004 1020 αὑτοῦ
3060 968 3230 1040 λόγον,
3300 970 3538 1036 ἐπίτασις

1932 1054 2022 1102 καὶ
2069 1048 2245 1114 ἄνεσις
2294 1060 2386 1106 τοῦ
2438 1063 2605 1108 ποσοῦ
2671 1058 2752 1110 611
2803 1064 2895 1119 τῆς
2943 1061 3235 1126 ποιότητος,
3296 1060 3414 1114 οὒτε
3479 1067 3537 1116 1'6

1930 1141 2067 1210 μέγα
2116 1146 2205 1193 καὶ
2257 1145 2316 1193 1'6
2346 1146 2532 1219 μικρὸν
2577 1146 2654 1198 ὄτι
2679 1152 2773 1198 τοῦ
2809 1150 2941 1220 πρός
2996 1166 3068 1215 τι,
3122 1143 3260 1201 ἴδιον
3329 1146 3389 1202 δε
3444 1159 3536 1204 τοῦ

1929 1226 2177 1282 ποσοῦτὸ
2208 1229 2386 1284 ἄνισον
2410 1237 2498 1285 καὶ
2525 1237 2582 1286 τὸ
2633 1231 2768 1306 ἶσον,
2826 1228 2987 1309 εῦρηςη
3027 1232 3087 1288 δὲ
3132 1242 3221 1290 καὶ
3264 1236 3313 1290 ἐν
3362 1239 3537 1302 ἄλλοις

1930 1316 2021 1370 εἶτ’
2050 1321 2288 1372 ἐπίτασιν
2319 1322 2411 1373 εἰτ’
2436 1322 2610 1375 ἄνεσιν
2635 1331 2728 1376 τοῦ
2754 1332 2927 1390 ποιοῦ,
2979 1332 3069 1377 τοῦ
3124 1333 3292 1379 ποσοῦ
3343 1323 3403 1380 δε
3455 1326 3534 1382 ἀεὶ

1928 1409 1987 1458 τό
2013 1403 2145 1475 ἴσον,
2177 1412 2234 1460 τὸ
2269 1408 2466 1475 ἆνισον,
2496 1411 2631 1465 ὣστε
2655 1412 2832 1476 ἄνισος
2853 1417 2944 1465 καὶ
2983 1415 3009 1465 6
3066 1413 3121 1476 ἓξ
3169 1418 3259 1468 καὶ
3315 1416 3340 1468 6
3404 1413 3534 1470 δέκα

1927 1498 2062 1548 κατὰ
2081 1499 2140 1549 τὸ
2171 1501 2354 1567 ποσὸν,
2379 1498 2574 1561 ἀλλοῖος
2605 1498 2664 1554 δὲ
2689 1504 2824 1554 κατά
2851 1505 2908 1554 16
2931 1506 3078 1554 ποιόν
3104 1523 3116 1536 '
3159 1508 3250 1556 καὶ
3299 1501 3531 1567 ὀξὼδους

1925 1589 2197 1644 ποιότητοε
2262 1585 2377 1647 εῐδη
2439 1588 2602 1642 πολλά
2627 1590 2689 1642 ἄν
2719 1589 2780 1641 61»
2842 1590 2996 1663 εὕρῃς
3052 1590 3388 1664 ἐπιτιταμένα
3439 1599 3530 1647 καὶ

1926 1672 2171 1747 ὑφειμένα
2225 1683 2319 1747 τῷ,
2365 1685 2515 1748 ποσῷ
2593 1674 2642 1730 δ’
2724 1685 2804 1744 οῦ,
2877 1677 2982 1730 ἀλλ’
3047 1676 3136 1732 ἶσα
3199 1685 3288 1733 καὶ
3345 1680 3526 1751 ἄνισα,

1925 1767 2019 1824 Τίς
2044 1760 2103 1817 δε
2131 1767 2198 1817 161
2217 1770 2288 1838 μή
2322 1763 2538 1839 ὁμοειδῆ
2574 1773 2862 1844 συγκρίνει,
2905 1766 3032 1821 ἀλλὰ
3068 1771 3132 1822 τά
3189 1768 3446 1843 ἐτεροειδῆ
3511 1793 3525 1807 ο

1929 1856 2030 1905 Καὶ
2075 1858 2369 1929 πκομορέα
2431 1859 2630 1930 σμικρά
2677 1855 2880 1928 λεγεται
2929 1863 3018 1910 καὶ
3081 1859 3253 1931 μιὶξον
3329 1859 3526 1932 κλῆμα,

1925 1943 2059 1995 ὥστε
2085 1945 2218 1996 κατά
2261 1948 2321 1997 τὸ
2378 1945 2533 1998 αὐτὸν
2594 1950 2785 2018 χρόνον
2836 1949 2894 1999 τὸ
2949 1947 3075 2000 αὐτὸ
3125 1955 3348 2021 πρᾶγμα
3392 1954 3526 2022 μέγα

1914 2035 2005 2082 καὶ
2035 2035 2243 2106 μικρὸν,
2286 2036 2377 2086 καὶ
2426 2031 2649 2086 ἐναντίον
2707 2033 2835 2086 αὖτό
2891 2035 2962 2096 εἷς
3015 2034 3191 2104 ἑαυτὸ,
3249 2035 3372 2110 ὅπερ
3421 2046 3522 2090 τῶν

1915 2116 2204 2176 ἀδυνάτων.
2230 2124 2307 2175 Τά
2335 2126 2425 2196 μεν
2459 2120 2546 2176 οὖν
2573 2125 2672 2176 τῶν
2702 2122 2752 2176 ἓν
2782 2127 2981 2196 εγεύσει
3036 2144 3093 2178 το
3153 2130 3244 2178 καὶ
3314 2128 3517 2200 ὁράσει,

1914 2210 2075 2282 ἣγουν
2125 2210 2465 2282 γλυκύτητος,
2519 2212 2859 2277 ἀλυκύτητος,
2932 2216 3264 2288 θερμότητος,
3310 2215 3522 2290 ψυχρό-

1912 2319 2088 2366 τητος,
2131 2299 2440 2363 λευκότητος
2497 2311 2602 2356 οἷον
2650 2308 2738 2356 καὶ
2789 2303 3024 2375 μέλανος,
3084 2303 3243 2365 ἀκοῆς
3296 2324 3350 2357 τε
3429 2310 3519 2358 καὶ

1914 2386 2066 2460 ἁφῆς,
2095 2393 2270 2461 τραχὺ
2293 2395 2382 2444 καὶ
2433 2390 2582 2462 λείον,
2643 2396 2734 2444 καὶ
2789 2393 2856 2444 τά
2903 2390 2951 2444 ἐν
2992 2392 3247 2465 ὀσφρήσει
3293 2389 3512 2452 δυσώδη

1911 2480 2002 2529 καὶ
2051 2474 2219 2537 εὐώδη
2275 2483 2364 2533 καὶ
2407 2483 2545 2552 μέσα
2599 2485 2688 2540 καὶ
2737 2476 3128 2544 ἀναποδείκτως
3180 2486 3210 2540 ή
3277 2477 3520 2554 ἇνάργεια

1914 2562 2068 2624 δηλοῖ
2092 2565 2172 2620 ὃτι
2200 2587 2293 2644 περ
2315 2575 2406 2622 τοῦ
2433 2575 2606 2638 ποιοῦ,
2635 2570 2820 2632 ὁποίως
2851 2565 2912 2623 δί
2938 2574 3028 2622 καὶ
3078 2569 3145 2622 τά
3207 2577 3307 2622 τῶν
3368 2589 3520 2643 χρω-

1877 2769 2150 2840 partibus
2168 2775 2450 2829 constans
2482 2773 2544 2829 in
2577 2773 2762 2830 altera
2792 2776 2961 2845 parte
2995 2772 3328 2843 longiorem
3355 2788 3524 2829 com-

1876 2862 2130 2915 mutatus
2144 2859 2337 2918 fuerit.
2351 2862 2540 2934 Atque
2552 2862 2608 2917 id
2617 2863 2774 2918 circo
2787 2861 3100 2917 aliusmodi
3111 2861 3344 2928 evadet,
3357 2876 3526 2917 nem-

1875 2963 1952 3020 pe
1980 2948 2164 3005 altera
2188 2955 2357 3022 parte
2386 2949 2636 3022 longior,
2662 2951 2776 3006 Sed
2798 2951 2849 3006 si
2874 2951 2985 3006 hos
3008 2965 3294 3006 numeros
3321 2953 3529 3019 quate-

112 3035 871 3106 ripermanseruutetiamsi
885 3035 1285 3108 aequalitatem
1323 3035 1759 3108 etinaequalita-
1793 3028 1832 3083 C
1875 3051 1991 3091 nus
2010 3042 2339 3110 suntpares
2358 3037 3239 3110 consideres,nequealiineque
3253 3036 3526 3093 aliusmo-

113 3129 226 3180 tem
261 3124 654 3196 susceperint.
697 3124 812 3180 Sed
842 3139 980 3180 cum
1012 3123 1269 3198 qualitas
1299 3141 1438 3180 cum
1477 3123 1762 3197 qualitate

113 3214 446 3285 copulatur,
472 3212 696 3268 exsistit
751 3212 936 3269 altera
1005 3214 1183 3269 mista
1233 3213 1510 3286 qualitas,
1561 3217 1761 3285 Neque

112 3302 263 3358 enim
293 3319 403 3375 par
457 3317 744 3357 numerus
774 3303 938 3358 omni
965 3319 1036 3359 ex
1075 3307 1241 3376 parte
1297 3303 1524 3360 exsistit
1565 3318 1762 3375 neque

115 3391 303 3463 impar
339 3391 443 3464 qui
475 3407 598 3447 non
620 3391 798 3448 etiam
836 3391 1037 3464 aliqua
1064 3409 1136 3448 ex
1163 3396 1330 3464 parte
1360 3408 1488 3464 par.
1523 3394 1622 3448 Hic
1651 3392 1761 3462 igi-

120 3482 208 3535 tur
235 3485 318 3537 est
345 3480 704 3554 qualitatem
727 3481 1000 3537 remissio
1022 3487 1078 3537 et
1110 3481 1519 3538 commutatio.
1554 3483 1626 3536 At
1643 3480 1761 3538 illic

117 3569 435 3640 quantitate
455 3569 855 3626 iutensionem
880 3570 1366 3626 etremissionem
1398 3569 1760 3641 suscipiente

115 3658 296 3714 multa
325 3658 596 3715 absurda
623 3659 1009 3717 exsistebant.
1063 3663 1212 3716 Nam
1244 3675 1315 3714 ex
1372 3659 1472 3714 illa
1532 3659 1760 3716 ratione

111 3747 412 3818 quinarius
442 3750 576 3803 erat
640 3748 1029 3820 septenarius,
1098 3748 1386 3818 senarius,
1445 3751 1759 3820 quaterna-

110 3835 245 3905 rius,
280 3836 577 3892 ternarius
605 3837 771 3908 quod
793 3841 880 3894 est
907 3836 1238 3893 absurdum
1267 3841 1322 3893 et
1343 3837 1758 3908 sophisticam.

113 3923 227 3979 Hoc
255 3925 433 3994 igitur
463 3924 851 3981 considerare
869 3941 982 3982 nos
1001 3929 1235 3998 oportet
1259 3925 1437 3981 etiam
1458 3925 1520 3980 in
1543 3925 1760 3998 praedi-

111 4012 232 4083 ctis,
263 4013 400 4070 albo
436 4013 664 4069 scilicet
693 4019 749 4070 et
777 4015 972 4084 nigro.
1006 4018 1155 4070 Nam
1182 4015 1467 4086 qualitate
1509 4014 1760 4087 praedita

109 4101 399 4172 qualitatis
422 4103 958 4160 commutationem
1014 4104 1352 4176 suscipiunt
1404 4104 1758 4170 Quantitatis

110 4205 240 4246 vero
256 4192 420 4248 nulla
435 4197 632 4265 potest
647 4209 776 4248 esse
793 4194 1089 4264 ejusmodi
1120 4193 1532 4265 commutatio,
1568 4209 1759 4266 quan-

110 4277 426 4350 doquidem
456 4282 519 4337 in
550 4283 1158 4354 quantitateintensio
1179 4288 1236 4338 et
1263 4283 1537 4338 remissio
1557 4282 1759 4338 locum

1874 3125 1935 3180 di
1947 3126 2270 3183 evadent.N
2276 3143 2369 3182 am
2381 3127 2484 3200 qui
2497 3127 2755 3200 copulati
2767 3126 3064 3182 suntinter
3077 3143 3137 3180 se
3150 3125 3373 3182 numeri
3389 3130 3525 3182 sunt

1872 3229 2067 3285 pares,
2095 3219 2148 3270 et
2161 3215 2266 3288 qui
2286 3231 2358 3271 ex
2382 3216 2522 3288 ipsis
2537 3215 2908 3288 compositus
2920 3219 3028 3285 est,
3042 3218 3130 3271 est
3145 3230 3275 3288 par.
3297 3216 3524 3281 Quam-

1869 3303 2080 3359 obrem
2105 3304 2163 3359 in
2205 3304 2295 3359 bis
2333 3305 2592 3378 qualitas
2628 3304 2876 3377 quidem
2937 3308 3310 3360 commutata
3346 3309 3438 3360 est
3468 3308 3526 3360 et

1868 3391 2266 3449 intensionem
2306 3393 2588 3466 suscepit,
2603 3393 2908 3467 quantitas
2936 3409 3078 3450 vero
3108 3409 3232 3450 non
3254 3396 3342 3450 est
3360 3408 3525 3449 com-

1870 3485 2116 3538 mutata.
2141 3485 2361 3539 Omnes
2393 3484 2553 3540 enim
2575 3499 2749 3540 suam
2779 3483 3176 3556 quantitatem
3205 3498 3523 3541 conserva-

1867 3576 2026 3641 runt,
2049 3572 2128 3628 ita
2152 3577 2216 3628 ut
2244 3572 2367 3630 duo
2389 3573 2507 3630 sint
2534 3574 2656 3630 duo
2687 3591 2700 3626 :
2741 3577 3312 3647 quatuor,quatuor,
3329 3577 3386 3630 et
3399 3589 3518 3641 sex,

1870 3676 1991 3717 sex.
2009 3661 2346 3734 Atqualitas
2359 3668 2726 3720 commutata
2739 3668 2898 3720 estet
2909 3664 3162 3720 intensa.
3179 3663 3322 3719 Nam
3337 3663 3523 3719 altera

1869 3753 2034 3821 parte
2054 3749 2291 3820 longior
2311 3756 2692 3824 assumptum
2714 3767 3035 3808 numerum
3090 3767 3163 3806 ex
3184 3750 3521 3823 aequalibus

1867 3838 2138 3910 partibus
2166 3845 2558 3910 constantem,
2577 3841 2818 3896 mutavit
2840 3841 2901 3895 in
2915 3840 3098 3896 altera
3108 3843 3276 3912 parte
3290 3838 3522 3910 longio-

1866 3941 1995 3983 rem
2019 3943 2354 3985 numerum.
2389 3930 2560 3996 Quod
2580 3929 2626 3984 si
2641 3929 2775 4002 quis
2787 3927 3178 3984 dicatlineam
3208 3942 3246 3984 α
3269 3927 3300 3982 b
3325 3942 3356 3982 c
3377 3927 3522 3998 quia

1867 4021 1958 4072 est
1987 4017 2296 4090 inaequalis
2325 4018 2496 4074 lineae
2528 4019 2561 4073 b
2578 4034 2610 4074 ο
2630 4019 2810 4074 etiam
2836 4018 2958 4074 fore
2982 4017 3232 4074 fortasse
3255 4015 3520 4072 dissimi-

1866 4104 1984 4161 lem
2004 4124 2017 4173 ;
2034 4107 2389 4177 respondem
2401 4124 2468 4162 us
2489 4107 2604 4162 hoc
2615 4122 2736 4161 non
2751 4106 3020 4162 accidere
3037 4110 3142 4162 aut
3160 4110 3406 4178 propter
3423 4104 3520 4160 in-

1868 4194 2201 4250 tensionem
2215 4200 2318 4250 aut
2332 4195 2770 4261 remissionem,
2786 4195 2894 4250 sed
2908 4198 3146 4267 propter
3171 4193 3317 4250 illud
3353 4191 3521 4266 quod

1867 4287 1958 4338 est
1987 4283 2185 4353 majus
2207 4286 2261 4339 et
2294 4285 2494 4338 minus
2526 4301 2539 4350 ;
2568 4283 2736 4355 quod
2773 4283 3021 4355 quidem
3059 4298 3182 4338 non
3207 4282 3286 4339 ad
3317 4297 3521 4354 quan-

111 4381 228 4422 nen
258 4369 502 4439 habent,
532 4370 637 4426 sed
659 4371 888 4444 aequale
919 4375 976 4428 et
1003 4371 1319 4444 inaequale.
1360 4371 1418 4428 Si
1461 4371 1639 4442 igitur
1686 4387 1758 4427 ex
1797 4389 1835 4443 ί]
1867 4371 2119 4438 titatem,
2150 4371 2254 4427 sed
2306 4372 2385 4427 ad
2423 4371 2774 4428 relationem
2836 4373 3089 4444 pertinet
3126 4371 3521 4445 quemadmo-

113 4458 345 4515 materia
359 4476 450 4515 res
463 4460 768 4515 naturales
788 4460 1756 4533 considerantur,histribusquan-

113 4543 281 4600 titatis
309 4548 575 4603 terminis
597 4547 1008 4605 circumscribi
1033 4553 1089 4605 et
1115 4549 1390 4605 concludi
1413 4557 1756 4605 cernuntur.

111 4631 303 4705 Neque
341 4637 502 4694 enim
533 4639 892 4695 commutari
947 4639 1164 4712 poterit
1210 4638 1503 4694 medimni
1551 4639 1757 4695 farinae

110 4723 402 4791 quantitas
425 4726 485 4781 in
509 4727 962 4799 cyathinigrum
986 4728 1164 4801 sepiae
1192 4727 1548 4797 sanguinem
1572 4730 1756 4784 conti-

107 4810 294 4866 nentis
321 4816 738 4886 quantitatem,
773 4817 878 4873 sed
931 4817 1123 4890 potuit
1183 4817 1243 4894 in
1295 4817 1388 4872 his
1453 4817 1754 4889 qualitatis

104 4911 168 4952 ex
179 4898 372 4957 sistere
395 4903 601 4977 aliqua
613 4906 1022 4974 commutatio,
1041 4919 1228 4978 quam
1242 4905 1479 4978 quidem
1497 4921 1756 4962 commu-

97 4985 373 5043 tationem
397 4996 725 5048 consecuta
763 4998 850 5048 est
872 4992 1150 5049 remissio
1189 4998 1245 5048 et
1267 4993 1540 5049 intensio.
1576 4998 1754 5050 Porro

93 5073 343 5144 qualitas
379 5078 566 5135 altera
605 5097 744 5136 cum
785 5082 972 5138 altera
1026 5081 1307 5154 copulata
1357 5082 1751 5139 intensionem

93 5160 320 5232 efﬁciet,
337 5171 672 5239 utquatuor
685 5175 1066 5227 estnumerus
1085 5186 1211 5243 par,
1232 5172 1487 5244 itemque
1499 5173 1751 5231 duo.At-

89 5265 204 5322 que
229 5253 322 5309 ille
345 5258 591 5328 quidem
624 5276 696 5315 ex
723 5261 1061 5333 aequalibus
1081 5261 1359 5332 partibus
1385 5267 1635 5327 constat,
1656 5263 1750 5318 hic

92 5355 228 5396 vero
249 5344 427 5402 altera
455 5351 996 5422 partcestlongior.
1025 5353 1173 5407 Sunt
1194 5351 1374 5422 igitur
1398 5352 1726 5426 inaequales

94 5430 261 5494 Quod
291 5433 340 5488 si
361 5435 483 5492 duo
513 5438 575 5493 hi
605 5441 838 5496 numeri
867 5440 1129 5513 copulati
1156 5440 1390 5508 fuerint,
1423 5441 1746 5500 aliusmodi

97 5519 366 5577 evadent.
405 5525 859 5598 Copulabuntur
882 5529 1043 5585 enim
1100 5528 1368 5586 binarius
1413 5535 1471 5586 et
1507 5536 1740 5604 quater-

98 5606 297 5665 narius
308 5625 619 5672 numerus.
650 5621 731 5674 Ac
756 5617 1300 5690 numerusquidem
1313 5633 1385 5676 ex
1408 5619 1749 5692 aequalibus

1867 4460 2015 4516 dum
2055 4461 2232 4516 etiam
2256 4461 2594 4517 Aristoteles
2624 4461 2685 4516 in
2714 4461 3034 4532 Categoriis
3064 4461 3256 4518 docet.
3281 4464 3347 4518 Ut
3367 4459 3521 4517 enim

1866 4550 2120 4605 intensio
2147 4555 2200 4606 et
2217 4551 2488 4607 remissio
2509 4567 2632 4606 non
2658 4553 2887 4607 ratione
2907 4550 3279 4624 quantitatis,
3299 4551 3406 4606 sed
3426 4565 3522 4605 ra-

1866 4640 2025 4695 tione
2049 4638 2348 4712 qualitatis
2375 4640 2556 4695 rebus
2587 4639 2886 4708 accidunt,
2919 4641 3002 4697 ita
3025 4641 3204 4697 etiam
3233 4655 3519 4711 magnum

1866 4734 1923 4786 et
1946 4745 2203 4802 parvum
2222 4745 2342 4786 non
2355 4729 2584 4786 ratione
2597 4729 2943 4803 quantitatis
2965 4729 3401 4802 autqualitati-s,
3415 4726 3522 4782 sed

1865 4821 2094 4876 ratione
2124 4818 2426 4876 relationis
2453 4820 2635 4876 rebus
2675 4820 2974 4877 accidunt.
3045 4823 3118 4875 At
3172 4815 3521 4890 quantitatis

1865 4909 2098 4983 aequale
2118 4913 2173 4965 et
2199 4909 2495 4982 inaequale
2520 4911 2838 4982 proprium
2867 4913 2972 4965 est.
3007 4911 3068 4963 lu
3097 4906 3228 4962 aliis
3275 4919 3520 4977 quoque

1864 4999 2044 5055 rebus
2075 4998 2555 5056 animadvertere
2578 4995 3196 5071 possisintensionem
3225 4998 3283 5050 et
3309 4993 3520 5050 remis-

1865 5088 2097 5143 sionem
2129 5103 2259 5143 esse
2289 5087 2610 5160 qualitatis,
2645 5086 2876 5159 mquale
2928 5099 3071 5139 vero
3120 5086 3174 5139 et
3224 5082 3520 5157 inaequale

1867 5192 2102 5249 semper
2131 5177 2209 5232 ad
2235 5177 2630 5249 quantitatem
2665 5175 2976 5247 pertinere.
3018 5174 3216 5239 Quare
3247 5173 3521 5230 senarius

1866 5269 1922 5321 et
1946 5265 2229 5320 denarius
2246 5281 2534 5322 numerus
2561 5269 2698 5319 sunt
2717 5260 3044 5334 inaequales
3064 5277 3139 5317 ex
3167 5263 3520 5333 quantitate,

1865 5353 2184 5409 dissimiles
2214 5370 2356 5410 vero
2377 5358 2515 5410 sunt
2565 5369 2638 5407 ex
2693 5351 3001 5424 qualitate.
3062 5353 3146 5406 Ac
3208 5350 3522 5406 odoriferae

1864 5443 2170 5514 qualitatis
2203 5444 2392 5500 multa
2463 5457 2682 5513 genera
2728 5440 2983 5512 reperire
3043 5440 3238 5513 possis
3289 5441 3523 5496 intensa

1866 5536 1920 5589 et
1949 5534 2204 5589 remissa
2228 5549 2299 5588 ex
2329 5531 2636 5604 qualitate,
2669 5529 2926 5601 mqualio
2945 5545 3089 5586 vero
3119 5533 3176 5585 et
3202 5528 3521 5601 inaequalia

1863 5637 1936 5681 ex
1973 5622 2328 5695 quantitate.
2357 5620 2498 5686 Quis
2522 5622 2725 5678 autem
2762 5623 3077 5692 comparat
3122 5619 3282 5677 inter
3327 5631 3392 5673 se
3417 5615 3521 5672 illa
