4064 6308
519 285 648 338 1331

2043 267 2394 326 ADDENDA.

3801 270 3924 324 I332

545 407 741 478 μάτων.
775 399 962 461 Οὐδεὶς
1003 403 1104 473 ’γάρ
1155 399 1318 472 ἐρωτᾷ
1369 399 1417 451 ἐν
1468 407 1541 469 τῷ
1600 402 1837 471 τριγώνῳ
1879 403 1951 466 τῷ
1991 391 2142 464 δείνῳ
2200 395 2248 447 Λ
2305 411 2393 443 και
2419 395 2752 465 ἐπιφάσνειαν
2777 413 2866 445 και
2905 397 3129 466 στερεόν.
3190 397 3374 446 Σκόπει
3418 389 3480 444 δὲ
3531 394 3592 443 τό
3636 387 3903 462 διάφορον,

543 493 726 562 λευκῷ,
759 497 929 548 πόσην
960 492 1020 542 ἄν
1078 492 1178 560 ἔχη
1243 494 1336 546 τὴν
1395 488 1680 544 λευκότητα
1733 488 1758 537 ὁ
1816 485 1974 536 αὐτοῦ
2028 481 2144 534 ἐπι-

547 585 728 654 φάνεια
750 583 952 652 πρὸςτὸ
987 575 1134 630 δεῖνα
1177 599 1189 610 ·
1243 581 1302 628 τὸ
1360 580 1462 648 γάρ
1513 580 1674 628 ποσὸν
1723 581 1909 627 ποσοῦ.
1959 575 2029 626 Τὸ
2085 567 2143 622 δὲ

545 671 819 743 λευκονέρα
869 671 1054 721 τούτου
1111 667 1142 726 ἣ
1199 666 1390 718 ἐκείνου
1469 673 1559 718 τοῦ
1614 670 1863 738 τριγώνου
1934 664 1964 719 ἡ
2031 660 2143 712 ἐπι·

547 764 727 833 φάνεια
761 758 1062 817 ἐπιτάσεως.
1088 764 1191 816 Τῆς
1236 761 1512 817 ποιότητος
1555 762 1680 825 γοῦν
1736 756 1765 811 ἠ
1819 751 2072 826 ἐρώτησις
2128 771 2139 781 ·

547 849 716 908 ἄνεσις
753 849 852 919 κάρ
873 851 963 898 καὶ
995 845 1234 906 ἐπίτασις
1284 853 1376 896 τοῦ
1417 851 1590 899 ποιοῦ,
1659 846 1780 917 Περὶ
1832 838 1891 893 δὲ
1939 848 2040 891 τῶν
2096 837 2144 890 ἐν

548 939 753 1013 ἀριθμῷ
779 941 1066 993 ποιοτήτων
1104 939 1325 1009 εἴρηται.

617 1026 684 1098 7'.
741 1025 1036 1096 Ἒγνωσται
1087 1020 1145 1076 δὲ
1197 1028 1287 1075 καὶ
1340 1029 1510 1075 ποσοῦ
1552 1024 1610 1073 τὸ
1670 1027 1780 1072 ἴσον
1830 1019 1900 1080 εἰς
1957 1017 2148 1076 αὐτοὺς

547 1121 633 1168 καὶ
683 1118 742 1167 τὸ
784 1114 985 1175 ἄνισον,
1016 1116 1265 1174 ὡσαύτως
1295 1117 1384 1163 καὶ
1413 1118 1512 1162 τῶν
1559 1110 1608 1162 ἐν
1658 1117 1729 1179 τῷ
1779 1115 1984 1181 στερεῷ,
2041 1114 2140 1158 τῶν

551 1201 852 1276 δέμονάδων
890 1207 980 1254 καὶ
1038 1210 1130 1254 τοῦ
1196 1202 1303 1264 ἑνὸς
1359 1206 1583 1260 καὶτῆς
1649 1206 1898 1272 γραμμῆς
1949 1215 2002 1248 τε
2057 1215 2146 1246 και

551 1293 849 1365 ἐπιφανείας
878 1291 1041 1352 οὕτως
1069 1296 1275 1362 γνωστὴ
1319 1286 1358 1348 ’ἡ
1416 1292 1505 1361 μὲν
1563 1290 1722 1355 μονάς
1782 1304 2147 1359 καταχρηστι-

551 1391 654 1442 κῶς
690 1381 892 1451 λέγεται
925 1399 1012 1431 και
1047 1382 1114 1432 ἓν.
1149 1379 1300 1431 Ἔστι
1332 1374 1391 1430 δὲ
1443 1381 1633 1449 κυρίως
1699 1377 1860 1447 μονάς
1911 1376 1941 1432 ἡ
1987 1378 2144 1431 νοητὴ

551 1491 642 1522 και
673 1473 814 1529 ὲκτός
839 1469 984 1530 ὕλης,
1013 1469 1074 1529 ἧς
1101 1465 1267 1526 οὐδείς
1292 1467 1352 1517 ἄν
1395 1466 1615 1536 ἐξετάσῃ
1672 1470 1868 1515 ποσοῡν
1924 1484 1936 1495 ·
1996 1460 2148 1523 ἆῡλος

552 1561 651 1632 γάρ
680 1558 834 1620 οὖσα,
862 1566 970 1618 πῶς
1000 1560 1048 1608 ὲν
1080 1556 1244 1626 ἐκείνη
1303 1573 1463 1606 ποσον
1512 1571 1526 1620 ;
1579 1559 1737 1623 Χῡμα
1790 1558 1913 1621 ’γοῦν
1969 1553 2146 1607 νοητὸν

555 1650 610 1698 ὲκ
670 1649 863 1704 ταύτης
911 1643 1132 1716 ἀπείρων
1175 1639 1437 1715 μονάδων,
1494 1646 1708 1713 σχέσεις
1767 1636 1826 1692 δὲ
1874 1658 2000 1698 τινες
2055 1658 2144 1690 και

559 1730 865 1804 συνδεσμοί,
919 1732 971 1795 ἐξ
1025 1733 1091 1783 ὧν
1144 1734 1201 1783 τὸ
1263 1728 1605 1803 διωρισμένον
1672 1734 1806 1784 ποσὸ
1864 1729 2044 1802 εὑρέθη
2101 1746 2153 1779 τε

555 1843 648 1875 και
677 1819 961 1894 διώρισται
994 1843 1006 1855 ο
1036 1825 1197 1874 ποσὸν
1236 1825 1326 1893 μὲν
1393 1825 1441 1872 ἐν
1511 1820 1754 1893 ἀριθμοῖς
1811 1817 2153 1892 διωρισμένον

559 1910 853 1976 συνέϐη,αἱ
913 1915 1128 1982 σχέσεις
1199 1907 1259 1962 δέ
1314 1930 1405 1961 και
1452 1909 1653 1971 ἑνωσεις
1706 1929 1797 1960 και
1835 1911 1884 1960 οἱ
1942 1925 2155 1978 σχημα-

556 2005 744 2072 τισμοὶ
767 2007 921 2051 τοῦτο
971 1995 1190 2052 ἔδωκαν.
1255 2001 1568 2072 Εύρίσκεται
1629 1995 1688 2050 δὲ
1741 2007 1830 2049 και
1877 2001 1926 2049 ἐν
1979 1996 2156 2054 αὐτοῖς

556 2091 706 2141 τόῠτο
741 2091 834 2140 ἀἱ
907 2091 995 2161 μὲν
1041 2091 1142 2161 γάρ
1198 2088 1452 2146 αἰσθηταί
1496 2085 1714 2159 μονάδες
1761 2086 1910 2138 ἄλλον
1967 2088 2157 2156 ἔχουσι

557 2179 727 2250 λόγον,
759 2179 915 2230 αὗται
948 2175 1007 2230 δέ
1035 2177 1183 2229 ἄλλον
1214 2199 1226 2210 ο
1260 2181 1308 2228 ἐν
1346 2180 1448 2250 γάρ
1481 2184 1595 2238 ταῖς
1627 2177 1905 2236 αἰσθηταῖς
1967 2175 2157 2246 μονάσι

556 2287 646 2319 και
670 2275 785 2328 ταῖς
818 2269 1029 2328 νοηταῖς
1067 2286 1157 2318 και
1185 2270 1428 2318 κοινωνία
1473 2284 1562 2316 και
1623 2261 1871 2337 διαφορά,
1927 2263 2006 2314 ὃτι
2054 2264 2155 2333 γάρ

559 2358 584 2407 ό
615 2357 894 2430 τριάκοντα
941 2354 995 2417 ἓξ
1039 2357 1355 2428 τετράγωνος
1387 2352 1602 2424 ἀριθμὸς
1632 2372 1721 2404 και
1767 2356 1814 2404 ἐν
1874 2350 1967 2423 ὕλῃ
2029 2352 2158 2402 θεω-

559 2446 801 2518 ρούμενος
841 2447 1051 2514 στερεός
1078 2447 1241 2507 ἐστιν,
1284 2444 1490 2503 ὡς,και
1537 2446 1586 2493 ἐν
1638 2445 1710 2513 μὴ
1757 2439 1851 2498 ὕλη
1903 2438 2089 2500 ἀληθές
2142 2459 2156 2471 ο

561 2532 752 2602 ἔχουσι
809 2528 868 2583 δὲ
904 2536 994 2582 καὶ
1050 2533 1099 2582 οἱ
1148 2529 1301 2602 ἄμφω
1358 2549 1449 2581 και
1506 2533 1733 2601 στιγμὴν
1783 2549 1870 2581 κατ
1911 2531 2159 2602 γραμμὴν

535 2748 672 2805 qua
699 2748 821 2790 non
855 2737 996 2789 sunt
1025 2733 1298 2804 ejusdem
1341 2732 1570 2800 formae,
1621 2731 1730 2787 sed
1777 2731 2017 2787 alterius
2068 2731 2096 2786 ?
2124 2732 2190 2785 Et

537 2837 890 2893 sycomorca
910 2839 1099 2894 parva
1117 2822 1417 2890 dicuntur,
1441 2823 1703 2894 itemque
1724 2821 1959 2893 palmes
1992 2820 2190 2889 major

535 2911 769 2966 dicitur.
799 2913 992 2976 Quare
1023 2912 1237 2967 eodem
1259 2915 1526 2983 tempore
1555 2909 1766 2966 eadem
1817 2925 1911 2965 res
1964 2923 2190 2977 magna

535 3001 645 3055 erit
673 3006 725 3056 et
747 3017 934 3073 parva
956 3006 1014 3058 et
1041 3001 1152 3057 sibi
1183 3000 1481 3056 contraria
1510 3000 1662 3072 ipsa,
1711 2999 1877 3071 quod
1916 3013 2063 3053 sane
2081 2997 2188 3052 ﬁe-

2305 483 2440 532 ὃτιό
2500 485 2548 533 ἐν
2600 483 2694 554 ὕλη
2754 485 3097 555 θεωρούμενος
3142 502 3232 534 και
3280 481 3623 552 ἀναλυόμενος
3675 481 3746 530 τά
3799 484 3906 552 τρία

2305 570 2420 639 ἔχει
2448 577 2562 630 τοῖς
2582 573 2788 643 μέρεσιν
2822 574 2910 622 ’ἓν
2940 573 3042 644 γάρ
3097 575 3156 623 τὸ
3207 573 3255 623 ἓν
3308 571 3582 628 αἰσθητοῖς
3641 571 3673 625 ἠ
3739 571 3906 634 μονάς,

2304 661 2363 708 τὸ
2396 655 2454 710 δὲ
2483 659 2532 711 ἓν
2564 662 2677 730 ἔχει
2705 662 2770 712 τά
2796 665 2995 732 πέρατα
3021 663 3080 712 τὸ
3114 681 3148 712 α
3178 659 3214 732 β
3243 681 3296 731 7,
3356 679 3445 710 και
3506 659 3643 730 ὁμοῦ
3705 653 3772 709 δὲ
3814 663 3910 716 τοῖς

2305 749 2486 818 μέρεσι
2508 748 2770 815 συνελθόν,
2798 748 2910 820 ἔχει
2947 749 3095 802 πάλιν
3117 752 3176 801 τὸ
3242 769 3276 800 α
3337 746 3372 820 β
3429 768 3487 818 7,
3535 766 3631 798 και
3686 746 3723 802 ἡ
3796 744 3908 816 λαμ-

2307 833 2558 906 ϐανομένη
2598 839 2784 888 τούτου
2816 838 2920 888 οἷον
2945 843 3162 909 γραμμὴ
3201 836 3317 908 ἒχει
3347 839 3406 888 τὸ
3464 855 3500 886 α
3555 833 3596 906 β
3641 855 3677 905 7
3729 839 3782 886 ἐν
3815 834 3908 892 τοῖς

2309 918 2665 996 διωρισμένως
2691 929 2938 997 κειμένοις
2961 945 3199 998 σημείοις
3229 927 3356 983 αὐτῆ
3371 946 3412 993 ς,
3456 943 3547 974 και
3608 925 3639 980 ἠ
3711 924 3909 974 τεθεῖσα

2309 1015 2576 1083 ίπιφανεια
2597 1016 2682 1065 τὸν
2711 1015 2865 1066 αὑτὸν
2913 1018 3100 1087 τρόπον
3164 1019 3226 1066 ἐπ
3290 1019 3373 1066 επί
3431 1015 3643 1064 ἑκάστώ

2310 1098 2423 1170 εχει
2451 1105 2509 1153 τό
2539 1100 2629 1174 αβ
2660 1123 2715 1172 7,
2743 1123 2832 1154 και
2871 1103 2983 1156 ὅλον
3008 1107 3066 1155 τό
3096 1107 3300 1175 στερεόν
3338 1102 3452 1173 ἔχει
3492 1105 3551 1152 τό
3613 1120 3648 1151 α
3711 1098 3751 1172 β
3814 1120 3844 1170 7
3892 1120 3903 1129 ·

2310 1186 2491 1248 ἐπειδὴ
2523 1194 2621 1264 γὰρ
2653 1191 2702 1244 ἓν
2738 1192 2833 1264 ὕλη
2865 1195 3045 1264 μονὰς,
3067 1195 3116 1244 ἓν
3161 1198 3321 1262 ἐστιν,
3381 1194 3444 1251 ὡς
3492 1210 3586 1242 και
3635 1193 3790 1242 Θέων
3829 1208 3909 1239 και

2311 1277 2524 1331 Πλάτων
2589 1300 2679 1332 και
2723 1283 3032 1354 Πυθαγόρας
3091 1279 3283 1354 βοῶσι,
3337 1285 3406 1333 Τό
3468 1276 3524 1332 δὲ
3580 1282 3631 1331 ἓν
3689 1277 3809 1349 ἔχει
3862 1282 3911 1328 τι

2311 1387 2344 1418 α
2375 1365 2410 1438 β
2440 1389 2473 1438 7
2506 1371 2634 1421 εξναι
2663 1369 2783 1439 ὕλη,
2817 1369 2920 1443 ἆρα
2961 1389 3114 1442 μονας
3179 1370 3294 1441 ἕχει
3340 1374 3397 1422 τό
3457 1389 3490 1420 α
3540 1367 3579 1439 β
3635 1389 3700 1438 7.
3760 1374 3914 1418 ταῦτα

2315 1451 2373 1508 δε
2398 1476 2488 1509 και
2513 1466 2583 1528 τῷ
2611 1467 2819 1531 στερεῷ,
2874 1479 2962 1511 και
3019 1468 3082 1532 τῇ
3141 1463 3430 1531 ἐπιφανείᾳ,
3495 1477 3589 1509 και
3630 1464 3699 1529 τῇ
3751 1477 3914 1530 γραμ-

2311 1553 2525 1616 μῇ,και
2572 1556 2646 1618 τῷ
2704 1552 2903 1620 σημείῳ
2954 1551 3102 1602 κοινά
3157 1569 3168 1582 ·
3227 1545 3352 1600 οὐδὲ
3407 1549 3509 1621 ’γάρ
3562 1547 3695 1618 ὑπὲρ
3754 1553 3918 1597 ταῦτα

2313 1631 2430 1686 οὐδ’
2465 1637 2564 1688 ὑπό
2609 1644 2794 1704 ταῦτα,
2853 1639 3000 1713 ἔτερα
3053 1643 3254 1714 πέρατα
3297 1637 3391 1689 κᾶν
3449 1641 3571 1688 ὅσον
3620 1637 3736 1688 οἷόν
3792 1653 3849 1687 τε
3887 1636 3914 1691 ξ

2315 1742 2372 1774 το
2402 1730 2593 1795 ποσήν,
2620 1731 2677 1777 τό
2701 1723 2751 1778 δ’
2771 1726 2892 1780 ἄλλο
2923 1731 3108 1780 τούτου
3141 1749 3153 1760 ·
3204 1726 3376 1797 ἐκείνῳ
3427 1727 3492 1778 τά
3544 1728 3725 1777 πάντα
3773 1727 3919 1775 κοινὰ

2317 1811 2436 1886 ἆτερ
2463 1821 2555 1866 τοῦ
2582 1819 2630 1866 έν
2659 1821 2863 1888 μορίοις
2917 1823 3026 1878 τοῖς
3069 1816 3375 1887 ελαχίστοις
3424 1811 3710 1886 διαφόρου.
3787 1813 3919 1865 [11d-

2317 1919 2405 1962 τος
2428 1904 2529 1976 γάρ
2556 1923 2645 1955 και
2689 1912 2858 1976 μῆκος
2903 1924 2993 1956 και
3051 1903 3216 1977 βάθος
3268 1924 3356 1956 και
3411 1907 3627 1976 γραμμή
3673 1923 3770 1954 και
3819 1906 3918 1953 ἐπι-

2318 1991 2517 2060 φάνεια,
2541 1993 2689 2044 κοινά
2717 2001 2780 2065 τῇ
2817 1994 3108 2063 ὁμοιότητι.
3139 1993 3294 2056 Τάξει
3315 1989 3374 2045 δί
3409 1993 3542 2050 πλὴν
3573 2011 3667 2042 και
3721 1995 3921 2054 νοήσει,

2317 2077 2428 2132 οὐθ’
2461 2079 2555 2137 ὕλη
2589 2077 2669 2149 δε,
2696 2080 2800 2132 ἀλλ’
2834 2079 2955 2134 αὑδ⁹
2987 2081 3140 2134 ἆῦλία
3168 2103 3180 2115 ·
3223 2087 3284 2134 τό
3311 2084 3400 2153 μὲν
3447 2083 3547 2154 γάρ
3607 2080 3814 2146 ἔνυλον,
3870 2086 3924 2130 το

2320 2163 2380 2220 δὲ
2408 2168 2584 2238 ἄυλον,
2618 2174 2820 2242 σημείῳ
2852 2167 2912 2222 δὲ
2941 2171 3000 2223 ού
3030 2175 3174 2229 κοινή
3206 2172 3235 2228 ἡ
3269 2172 3507 2242 ὁμοιότης
3547 2169 3723 2220 αὐτῶν
3775 2189 3789 2201 ·
3837 2175 3925 2219 τοῦ

2318 2259 2408 2327 μὲν
2433 2259 2535 2330 γάρ
2563 2257 2670 2320 ἑνός
2696 2262 2755 2310 τό
2787 2265 3000 2330 σημεῖον
3026 2261 3094 2320 ὡς
3123 2259 3173 2311 ἓν
3202 2257 3317 2329 ἕχει
3344 2262 3404 2310 τό
3430 2276 3464 2308 α
3517 2253 3556 2328 β
3580 2277 3613 2326 7
3670 2277 3685 2289 ο
3748 2255 3923 2308 ὑλικόν

2318 2347 2420 2419 ’γάρ
2446 2345 2581 2398 τόὲν
2615 2367 2628 2380 ο
2661 2349 2719 2398 τό
2773 2343 2834 2400 δέ
2899 2345 3176 2418 ἀσώματον
3234 2350 3286 2398 ὄν
3345 2342 3670 2398 ἀδιάστατον
3726 2347 3925 2402 πάντη.

2320 2438 2477 2507 μονάς
2500 2431 2535 2488 δ
2538 2438 2560 2488 ir
2588 2443 2740 2488 τοῦτο
2773 2457 2786 2469 ·
2815 2434 2929 2489 οὔτε
2951 2437 3052 2508 γάρ
3076 2444 3137 2508 τῇ
3168 2439 3356 2507 σχίσει
3383 2436 3468 2487 ὅτε
3496 2433 3557 2485 ού
3586 2437 3686 2485 σὺν
3757 2432 3927 2492 ἄλλοις

2321 2523 2774 2599 ἀπαριθμεῖταιτό
2808 2544 2844 2577 α
2881 2523 2919 2597 β
2947 2545 2981 2596 7
3011 2527 3145 2596 ἔχει,
3199 2527 3315 2577 οὔτε
3368 2526 3439 2586 ὡς
3491 2530 3588 2575 τοῦ
3645 2522 3829 2596 ἑτέρου
3873 2541 3925 2573 το

2295 2734 2438 2791 dam
2470 2739 2674 2792 suntet
2692 2735 3104 2808 copulationes
3119 2734 3423 2809 exquibus
3442 2734 3713 2791 discreta
3759 2748 3950 2806 quan-

2296 2824 2430 2879 titas
2463 2831 2633 2880 eruta
2661 2831 2750 2880 est
2799 2831 2857 2880 et
2909 2840 3196 2897 expressa
3252 2842 3266 2880 :
3339 2839 3481 2879 nam
3552 2823 3949 2895 quantitatem

2296 2912 2615 2968 discretam
2647 2913 2709 2968 in
2737 2913 3004 2969 numeris
3016 2912 3156 2969 inde
3176 2912 3493 2979 habemus,
3523 2927 3716 2983 quam
3741 2911 3951 2967 habili-

2297 3006 2465 3067 tates,
2501 3001 2910 3074 copulationes
2967 3006 3026 3058 et
3059 3000 3448 3074 ﬁgurationes
3511 3006 3949 3073 propagatum.

535 3089 585 3144 ri
619 3089 781 3145 nullo
813 3091 996 3146 modo
1027 3095 1236 3162 potest.
1266 3091 1406 3155 Quae
1433 3089 1614 3155 igitur
1671 3087 1749 3144 ad
1800 3092 2104 3157 gustatum
2133 3092 2191 3141 et
2221 3079 2263 3135 C
2300 3093 2363 3145 In
2401 3089 2494 3145 his
2531 3090 2691 3146 enim
2714 3089 2972 3146 discreta
3008 3090 3312 3162 quantitas
3348 3089 3665 3161 reperitur.
3692 3087 3956 3144 Unitates

536 3179 740 3234 visum
770 3180 1085 3251 pertinent,
1115 3195 1334 3251 nempe
1372 3179 1649 3246 dulcedo,
1683 3177 1936 3246 salsedo,
2005 3175 2188 3244 calor,

539 3267 746 3336 frigus,
784 3267 1022 3337 albedo,
1065 3268 1316 3339 nigredo
1351 3269 1804 3340 ;itemquequaa
1819 3266 1896 3321 ad
1915 3265 2192 3321 auditum

539 3361 596 3411 et
626 3361 848 3410 tactum
879 3357 1198 3426 pertinent,
1261 3373 1542 3428 asperum
1606 3361 1662 3412 et
1715 3355 1881 3422 leve;
1932 3354 2192 3425 denique

541 3460 677 3516 quae
717 3443 795 3498 ad
817 3444 1157 3508 odoratum,
1192 3445 1591 3513 graveolentia
1619 3449 1678 3501 et
1708 3443 2106 3508 beneolentia,
2137 3447 2194 3497 et

541 3533 758 3588 horum
791 3532 1058 3587 omnium
1103 3533 1324 3601 media,
1383 3534 1826 3590 evidentissime
1874 3538 1932 3588 et
1984 3531 2194 3605 procul

543 3622 710 3676 omni
743 3620 928 3676 dubio
967 3620 1287 3693 qualitates
1313 3637 1444 3677 esse
1474 3628 1798 3678 cernuntur
1827 3626 1884 3677 et
1923 3622 2189 3692 judican.

544 3715 657 3764 tur.
693 3709 1208 3782 Consimiliterque
1237 3711 1335 3766 illa
1349 3727 1485 3782 quae
1515 3710 1593 3765 ad
1611 3711 1840 3766 colores
1879 3710 2191 3782 pertinent.

544 3800 730 3854 Nemo
768 3799 928 3854 enim
956 3799 1281 3867 interrogat
1317 3799 1392 3854 de
1427 3799 1541 3855 hoc
1594 3799 1689 3854 vel
1739 3799 1840 3854 illo
1898 3797 2196 3866 triangulo

543 3893 834 3958 quantam
867 3887 1207 3944 albedinem
1236 3889 1424 3960 ipsius
1450 3888 1794 3960 superﬁcies
1819 3887 2039 3943 habeat
2059 3903 2196 3942 cum

545 3976 996 4048 hujusvelillius
1013 3978 1286 4047 trianguli
1303 3977 1615 4050 superﬁcie
1647 3981 1997 4048 comparata
2019 3993 2031 4038 ;
2056 3992 2197 4031 nam

543 4071 841 4136 quantum
870 4067 948 4121 ad
974 4067 1373 4138 quantitatem
1424 4066 1695 4138 pertinet.
1752 4073 1822 4121 At
1853 4082 1992 4120 cum
2016 4065 2198 4135 hujus

546 4153 826 4225 trianguli
853 4155 1230 4226 superﬁciem
1254 4156 1409 4212 illius
1449 4155 1764 4226 superﬁcie
1785 4155 1980 4224 magis
1997 4153 2200 4209 albam

549 4257 676 4296 esse
706 4241 981 4304 dicimus,
1003 4243 1118 4299 hoc
1148 4245 1346 4317 ipsum
1380 4249 1472 4299 est
1510 4243 1880 4299 intensionis.
1943 4246 2019 4298 De
2048 4259 2200 4314 qua-

549 4329 711 4383 litate
740 4330 918 4397 igitur
955 4333 1336 4403 interrogatio
1374 4333 1697 4389 instituitur
1753 4332 1897 4404 quia
1948 4331 2200 4387 intensio

550 4423 609 4471 et
636 4419 910 4473 remissio
935 4427 1074 4476 sunt
1099 4422 1426 4493 qualitatis.
1456 4428 1645 4494 Atque
1672 4422 1800 4477 haec
1833 4421 1909 4476 de
1946 4420 2202 4492 qualitav

553 4504 715 4560 tibus
744 4521 880 4576 quae
913 4514 1053 4562 sunt
1080 4509 1139 4564 in
1164 4510 1428 4564 numeris
1451 4509 1612 4565 dicta
1635 4515 1793 4565 sunt.

625 4598 678 4649 3.
703 4594 885 4649 Porro
911 4597 1257 4666 quantitatis
1284 4597 1592 4669 inqualitas
1639 4604 1696 4653 et
1738 4597 2112 4670 inaequalitas
2139 4598 2202 4654 in

553 4682 697 4755 ipsis
722 4683 990 4739 numeris
1012 4685 1327 4756 perspicua
1357 4692 1445 4740 est
1478 4704 1491 4741 :
1519 4687 1853 4759 eodemque
1909 4687 2094 4742 modo
2139 4687 2202 4741 in

554 4773 757 4828 solidis
784 4771 1039 4843 alicujus
1070 4775 1334 4828 numeris
1378 4774 1677 4831 Unitatum
1725 4781 1946 4842 autem,
2001 4775 2199 4840 unius,

552 4862 744 4936 lineae,
772 4870 829 4920 et
854 4863 1167 4934 superﬁcie
1193 4863 1503 4936 aequalitas
1534 4869 1590 4920 et
1640 4865 2013 4937 inaequalitas
2041 4865 2204 4921 hunc

553 4953 615 5008 in
646 4953 898 5009 modum
931 4954 1218 5023 cognosci
1244 4958 1458 5026 potest.
1487 4956 1572 5010 Ac
1626 4956 1822 5010 unitas
1879 4955 2123 5026 quidem
2147 4959 2206 5011 et

559 5057 746 5096 unum
777 5057 897 5097 non
926 5043 1163 5115 proprie
1190 5048 1558 5115 usurpantur
1579 5047 1643 5098 ut
1665 5044 1827 5100 idem
1848 5043 2199 5112 signiﬁcent.

557 5130 759 5184 Unitas
787 5135 986 5188 autem
1019 5133 1259 5203 proprie
1285 5137 1374 5188 est
1392 5131 1510 5196 illa,
1533 5148 1670 5204 qua:
1699 5133 1829 5188 sola
1855 5138 2052 5188 mente
2074 5147 2203 5204 per-

557 5216 673 5287 cipi
709 5221 922 5287 potest,
954 5227 1161 5291 estque
1199 5225 1367 5276 extra
1418 5220 1730 5276 materiam
1760 5220 1930 5289 cujus
1965 5222 2204 5291 quanti-

554 5310 740 5360 tatem
770 5321 949 5363 nemo
997 5309 1185 5379 possit
1246 5309 1672 5381 pervestigare.
1727 5310 1871 5363 Cum
1917 5310 2074 5364 enim
2134 5311 2207 5366 sit

557 5394 821 5450 materiae
859 5411 1068 5467 expers
1097 5441 1110 5464 ,
1135 5397 1444 5471 quomodo
1464 5397 1747 5467 suscipiet
1765 5397 2159 5468 quantitatem
2177 5401 2206 5454 ?

557 5486 709 5554 Ergo
720 5483 944 5539 ﬂumen
958 5485 1326 5542 inﬁnitarum
1341 5486 1656 5548 unitatum,
1681 5483 1848 5556 quod
1869 5485 1996 5542 sola
2009 5492 2204 5544 mente

555 5572 781 5645 percipi
791 5578 1002 5645 potest,
1018 5574 1095 5631 ab
1105 5575 1219 5632 hao
1235 5575 1369 5648 ipsa
1380 5588 1666 5640 manans,
1681 5572 2020 5630 habilitates
2040 5591 2205 5647 quaa-

2299 3179 2456 3234 enim
2497 3195 2634 3251 quas
2665 3178 2778 3235 sub
2817 3194 3062 3235 sensum
3101 3178 3510 3235 caduntaliam
3530 3177 3772 3233 habent
3793 3178 3953 3232 ratio

2297 3282 2458 3322 nem.
2501 3271 2598 3322 Hae
2635 3283 2776 3324 vero
2798 3267 3055 3324 unitates
3091 3283 3228 3339 quae
3247 3267 3374 3323 sola
3389 3271 3590 3322 mente
3618 3266 3959 3338 percipiun-

2300 3361 2414 3424 tur,
2447 3355 2627 3412 aliam
2658 3372 2903 3430 quoque
2932 3356 3159 3414 habent
3184 3357 3473 3412 rationem
3520 3372 3536 3420 ;
3563 3370 3719 3410 nam
3753 3354 3819 3410 in
3841 3354 3960 3410 uni-

2299 3443 2518 3499 tatibus
2534 3450 2652 3499 tam
2665 3460 2802 3517 quas
2817 3445 2932 3500 sub
2946 3460 3191 3500 sensum
3209 3443 3638 3515 caduntquam
3665 3458 3817 3514 qua:
3856 3443 3960 3496 sub

2299 3533 2660 3589 intellectum
2683 3540 2775 3590 est
2793 3535 3122 3590 communio
3135 3539 3192 3590 et
3202 3532 3557 3590 differentia.
3574 3533 3800 3587 Verum
3825 3533 3960 3587 enim

2299 3628 2388 3678 est
2412 3623 2650 3693 triginta
2688 3640 2810 3690 sex,
2847 3623 3213 3696 quadratum
3244 3637 3588 3687 numerum,
3625 3623 3763 3677 sive
3781 3627 3964 3678 mata.

2301 3713 2390 3768 ria
2418 3711 2829 3768 consideretur
2849 3713 2972 3768 sive
2994 3716 3162 3768 extra
3181 3711 3519 3774 materiam,
3539 3726 3683 3766 esse
3707 3709 3966 3766 solidum

2304 3816 2644 3856 numerum.
2681 3802 2872 3872 Atque
2903 3801 3086 3857 ambo
3120 3800 3685 3871 habentpunctum,
3725 3799 3964 3855 lineam.

2306 3888 2685 3960 superﬁciem
2697 3895 2754 3945 et
2764 3889 3264 3946 soliditatem.Sed
3286 3887 3605 3944 considera
3617 3887 3966 3943 discrimen.

2307 3977 2479 4041 Quod
2526 3977 2809 4033 nimirum
2850 3977 2944 4032 ille
3008 3976 3342 4049 quadratus
3399 3991 3729 4043 numerus,
3778 3977 3884 4048 qui
3921 3975 3969 4028 in

2307 4065 2558 4121 materia
2595 4065 3010 4122 consideratur
3047 4071 3103 4121 et
3127 4066 3186 4122 in
3219 4065 3534 4121 materiam
3595 4063 3966 4122 dissolvitur.

2309 4154 2420 4209 tria
2456 4154 2677 4210 habeat
2706 4153 3013 4210 intervalla
3069 4169 3205 4209 cum
3263 4152 3538 4225 partibus
3601 4153 3965 4212 materiatis;

2309 4258 2452 4298 nam
2494 4243 2691 4298 unitas
2717 4249 2806 4298 est
2837 4258 3026 4298 unum
3060 4248 3403 4298 concretum
3436 4246 3756 4312 quatenus
3781 4242 3966 4296 unitas

2307 4332 2370 4388 in
2407 4331 2586 4387 rebus
2636 4332 2752 4387 sub
2808 4347 3056 4388 sensum
3121 4329 3475 4386 cadentibus
3528 4330 3963 4386 consideratur.

2309 4428 2485 4476 Porro
2517 4435 2703 4476 unum
2730 4419 2912 4476 habet
2940 4425 3058 4475 tres
3090 4420 3375 4476 terminos
3403 4434 3509 4474 seu
3545 4423 3672 4474 tres
3713 4419 3870 4474 ﬁnes
3913 4431 3962 4481 α,

2311 4511 2364 4579 b,
2379 4526 2438 4581 c;
2457 4514 2636 4581 atque
2647 4509 2756 4564 hoc
2771 4524 2960 4564 unum
2972 4525 3109 4564 cum
3125 4507 3394 4580 partibus
3405 4506 3964 4575 concretum,habet

2307 4615 2514 4656 rursus
2525 4615 2561 4653 a
2590 4599 2623 4654 b
2636 4613 2686 4654 c.
2703 4601 2769 4654 Et
2779 4597 2880 4668 huj
2891 4614 2962 4653 us
2977 4598 3152 4654 unius
3167 4596 3423 4652 concreti
3437 4601 3679 4668 sumpta
3691 4593 3963 4666 quaslibet

2306 4687 2466 4744 linea
2492 4686 2676 4743 liabet
2697 4702 2756 4756 a,
2780 4687 2835 4753 b,
2867 4701 2918 4752 ι’,
2959 4686 3141 4758 idque
3163 4686 3222 4741 in
3244 4685 3483 4758 punctis
3513 4684 3668 4754 ipsis
3693 4684 3961 4739 distincte

2308 4775 2536 4848 positis.
2565 4778 2630 4831 Et
2659 4775 2860 4847 posita
2887 4774 3235 4847 superﬁcies
3264 4772 3477 4829 eodem
3509 4772 3705 4829 modo
3738 4774 3803 4828 in
3829 4784 3960 4827 uno-

2308 4879 2552 4938 quoque
2585 4869 2806 4936 puncto
2849 4863 3032 4920 habet
3084 4878 3144 4932 α,
3210 4862 3267 4928 ὁ,
3311 4877 3342 4918 c
3373 4881 3387 4930 ;
3416 4867 3473 4917 et
3532 4866 3740 4918 totum
3806 4860 3962 4917 deni-

2309 4969 2428 5027 que
2457 4952 2719 5008 solidum
2743 4952 2927 5009 habet
2955 4967 3011 5019 a,
3047 4953 3102 5022 b,
3130 4969 3181 5008 c.
3211 4951 3511 5018 Quoniam
3542 4955 3757 5006 autem
3781 4951 3960 5006 unitas

2311 5044 2481 5100 estin
2509 5042 2778 5108 materia,
2812 5057 3001 5098 unum
3040 5047 3128 5098 est
3178 5044 3548 5100 concretum.
3617 5044 3689 5096 ut
3753 5040 3956 5096 Theon.

2312 5132 2496 5200 Plato,
2522 5137 2579 5186 et
2616 5131 2986 5203 Pythagoras
3015 5130 3171 5186 clare
3209 5129 3444 5186 docent.
3503 5129 3715 5184 Unum
3777 5133 3954 5184 autem

2311 5221 2457 5293 quia
2495 5225 2584 5276 est
2609 5220 2990 5276 materiatum
3042 5218 3225 5275 habet
3258 5233 3318 5283 a,
3345 5217 3398 5286 ὁ,
3423 5231 3492 5283 c;
3563 5218 3781 5273 unitas
3835 5226 3952 5280 ergo

2312 5315 2588 5366 concreta
2626 5308 2808 5365 habet
2831 5309 3010 5364 etiam
3049 5323 3108 5377 α,
3137 5307 3192 5372 b.
3217 5319 3300 5376 c;
3372 5311 3556 5377 atque
3613 5306 3755 5360 haec
3808 5299 3950 5360 send;

2313 5398 2646 5469 superﬁcie,
2676 5397 2865 5462 lineae,
2898 5396 3168 5468 etpuncti
3183 5399 3322 5450 sunt
3341 5396 3723 5449 communia.
3781 5396 3948 5462 Neque

2310 5487 2470 5542 enim
2511 5501 2694 5558 supra
2717 5491 2821 5541 aut
2850 5485 3002 5540 infra
3031 5490 3170 5540 sunt
3195 5483 3294 5538 alii
3322 5482 3588 5549 termini,
3663 5499 3778 5538 seu
3806 5484 3948 5537 ﬁnes.

2308 5579 2848 5648 quantumcunque
2859 5573 3343 5648 etqualecunque
3367 5570 3465 5627 siti
3473 5587 3665 5644 psum
3677 5575 3950 5648 quantum
