4064 6308
148 323 283 378 1333
1014 320 1374 378 THEODORI
1413 323 1458 376 ll
1497 317 1634 372 1MP.
1674 315 1763 369 DE
1804 314 2259 376 COMMUNIONE
2297 324 2682 384 NATURALI.
3422 346 3557 399 1334.

141 449 190 498 ἓν
220 448 277 498 τὸ
335 466 369 496 α
417 444 452 517 β
501 465 534 514 Ὺ
598 446 648 496 ἓν
691 443 803 496 ἐστι
856 446 1070 495 τούτων.
1132 445 1285 496 ἆθλον
1335 446 1458 518 γάρ·
1521 443 1653 492 ὥστε
1701 443 1789 490 καὶ
1819 443 1865 492 Α
1895 459 1992 491 των
2021 443 2136 493 κατ’
2215 445 2405 500 ἆνεσιν·
2461 456 2607 504 κοινά
2647 457 2748 527 γὰρ
2795 459 2862 507 τά
2912 461 3129 532 πέρατα,
3188 461 3429 526 ἐπίτασις
3496 464 3561 520 δὲ

140 535 187 586 ἐν
252 534 490 606 ἀριθμοῖς
549 531 640 585 διὰ
686 553 836 585 τουτο
885 537 982 605 μία
1063 536 1092 590 ἡ
1158 539 1406 608 στέρησις
1467 539 1559 583 τοῦ
1613 549 1645 580 α
1693 527 1786 600 βγ

135 633 231 686 τῆς
271 628 475 696 πρώτης
536 618 764 693 μονάδος
814 619 906 674 διὰ
956 626 1014 674 τό
1075 623 1227 675 ἄῦλον
1369 619 1493 674 οὐδὲ
1547 618 1787 676 ἐπίτασις

133 713 406 783 ἔπινοηθῇ,
442 707 564 763 οὐδὲ
616 712 810 776 ἄνεσις,
865 717 1171 782 πανταχόσε
1227 708 1284 762 δὲ
1337 712 1483 762 κοινά
1534 705 1784 777 τὰαβιγ

129 804 255 867 εἰσὶ,
321 801 417 852 κάν
463 819 518 852 τε
574 800 624 851 ἐν
676 799 795 872 ὕλη,
846 802 940 852 κᾶν
983 820 1038 852 τε
1083 799 1132 851 ἐν
1191 799 1362 870 ἀύλίᾳ,
1423 796 1674 869 δέχονται
1728 790 1787 845 δὲ

123 895 217 943 καὶ
243 890 379 941 αὐτὰ
407 890 464 941 ού
521 891 657 940 κατά
705 893 863 941 ποσὸν
920 894 1012 946 τὴν
1067 887 1306 940 ἐπίτασιν
1359 889 1388 945 ἡ
1445 891 1538 944 τὴν
1591 884 1784 947 ἄνεσιν,

122 980 254 1032 ἀλλά
273 983 408 1031 κατὰ
437 983 494 1030 τὸ
553 983 723 1046 ποιόν,
757 982 824 1040 ὡς
864 984 954 1030 καὶ
1003 982 1137 1030 κατά
1182 982 1242 1029 τὸ
1289 981 1450 1030 ποσόν
1503 979 1558 1028 τὸ
1609 974 1785 1025 ἄνισον

119 1075 215 1122 καὶ
243 1074 301 1121 τὸ
329 1070 462 1136 ἴσον,
519 1065 604 1120 διὸ
661 1076 753 1120 τοῦ
801 1074 889 1140 μὲν
938 1067 986 1119 ἐν
1049 1067 1141 1140 ὕλη
1195 1067 1485 1140 ἀριθμητοῦ
1525 1067 1634 1126 ἑνός
1697 1068 1785 1115 καὶ

120 1163 152 1218 ἡ
223 1162 462 1221 σύνθεσις
537 1163 627 1209 καὶ
679 1161 710 1216 ἡ
767 1155 1026 1231 διαίρεσις
1082 1163 1172 1209 καὶ
1221 1160 1246 1208 ό
1292 1156 1788 1225 πολλαπλασιασμός

121 1252 216 1299 καὶ
269 1246 431 1298 τᾶλλα
478 1243 760 1317 ἰδιώματα,
821 1246 880 1297 οὗ
943 1249 1001 1296 1'6
1072 1247 1120 1296 ἓν
1171 1253 1262 1304 τῆς
1314 1244 1442 1305 ὓλης
1489 1243 1784 1314 ἀποστερεῖ.

117 1335 298 1388 Ὅπου
331 1332 381 1387 δ’
414 1335 532 1403 ὓλη,
592 1333 695 1386 ἐκεῖ
739 1337 825 1385 καὶ
875 1338 932 1385 τό
990 1354 1022 1384 α
1089 1333 1123 1406 β
1164 1355 1214 1404 γ,
1260 1333 1353 1384 κᾶν
1409 1332 1456 1384 ἐν
1525 1331 1645 1402 ὅλῳ,
1691 1329 1785 1381 κᾶν

120 1426 175 1477 ἐν
242 1430 426 1496 μορίῳ,
484 1433 546 1481 τῆ
607 1420 666 1475 δὲ
714 1428 842 1494 μόνη
901 1420 1093 1494 μόνάδι
1143 1423 1236 1474 οὐκ
1280 1425 1388 1473 ἔστι
1446 1425 1505 1472 τὸ
1553 1441 1587 1471 α
1644 1419 1679 1490 β
1727 1440 1780 1490 7.

118 1516 284 1567 Ἐπάν
347 1510 405 1565 δὲ
479 1516 602 1586 πρός

120 1605 253 1655 σθαι
297 1611 475 1659 νοῆται
521 1606 580 1652 τό
630 1603 700 1670 ἓν,
761 1609 832 1670 τῷ
901 1600 1195 1652 συνελθόντι
1241 1601 1444 1670 πάσχει
1506 1602 1595 1649 καὶ
1657 1597 1784 1652 αύτή

697 1508 1066 1582 συνδυασμούς
1127 1516 1217 1562 καὶ
1263 1512 1529 1569 συνθέσεις
1579 1515 1785 1564 κεκινῆ-

117 1697 374 1764 σχήματι
424 1692 608 1760 πάθος,
691 1694 750 1742 1'6
806 1693 1107 1763 μετρεῖσθαι
1175 1698 1346 1757 ποσῷ,
1408 1694 1498 1740 καὶ
1552 1688 1786 1739 νοεῖσθαι

118 1788 282 1850 ποιῷ.
314 1778 475 1830 Ὥστε
502 1781 619 1829 οὔτε
656 1777 704 1828 ἐν
761 1786 947 1847 νοητῷ,
1009 1776 1234 1848 ἀριθμῷ,
1295 1779 1409 1827 οὔτε
1451 1774 1499 1826 ἐν
1548 1774 1785 1844 αἰσθητῷ

108 1878 190 1940 τῷ
251 1875 402 1936 ποσῷ
471 1866 711 1925 ἐπίτασις
781 1865 1055 1937 συμϐαίνει
1136 1870 1226 1916 καὶ
1284 1863 1477 1929 ἄνεσις,
1535 1861 1662 1914 ἀλλά
1710 1870 1783 1930 τῷ

106 1966 271 2027 ποιῷ·
304 1954 485 2014 ἐπειδὴ
537 1961 625 2007 καὶ
716 1957 916 2027 θατεροι
981 1957 1080 2005 ὑπὸ
1124 1962 1223 2005 τῶν
1278 1974 1311 2004 α
1357 1951 1392 2024 β
1451 1973 1483 2023 7
1531 1959 1785 2024 περατοῦν

109 2066 207 2098 ται
267 2047 520 2118 περάτων,
582 2045 675 2095 κᾶν
751 2043 801 2094 ἐν
859 2043 1014 2102 ὅλοις,
1092 2042 1185 2093 κᾶν
1239 2041 1288 2093 ἐν
1375 2045 1600 2112 μορίοις,
1665 2041 1784 2111 ἆτιρ

110 2143 215 2194 τῆς
269 2152 481 2207 πρωτης
525 2137 612 2184 καὶ
658 2129 983 2184 ἀδιαστάτου
1062 2129 1310 2203 μονάδος.
1369 2129 1447 2182 Ἐν
1503 2131 1604 2200 ’γὰρ
1671 2135 1786 2190 τοῖς

109 2229 321 2282 νοητοῖς
351 2221 592 2294 ἀριθμοῖς
630 2226 720 2274 καὶ
751 2226 903 2273 ακαὶ
962 2219 998 2292 β
1054 2226 1143 2272 καὶ
1201 2241 1255 2291 7,
1313 2222 1369 2270 τό
1431 2215 1481 2270 δ’
1509 2218 1635 2270 αὐτό
1695 2223 1784 2269 καὶ

109 2320 230 2373 τοῖς
269 2312 541 2373 αἰσθητοῖς
589 2310 708 2384 ἄτερ
758 2319 850 2370 τῆς
907 2306 1236 2361 ἀδιαστάτου
1293 2311 1491 2368 ταύτης
1534 2303 1785 2378 μονάδος,

110 2400 267 2452 κᾶνό
295 2402 386 2471 μὲν
434 2407 534 2451 τῶν
580 2401 710 2450 ’ἰσων
769 2397 948 2458 ἄνισος
1007 2397 1115 2448 κοτ’
1168 2396 1427 2466 ἐπίτασιν,
1482 2397 1508 2446 ό
1552 2391 1612 2446 δὲ
1664 2397 1784 2446 τού-

109 2687 312 2756 Atque
325 2682 427 2738 alii
443 2697 686 2754 quoque
699 2681 890 2737 solido
903 2681 982 2738 ab
991 2681 1106 2735 hoc
1127 2680 1226 2736 illa
1241 2680 1448 2735 omnia
1461 2682 1600 2733 sunt
1613 2693 1777 2732 com-

109 2772 330 2829 munia
344 2776 592 2842 excepto
605 2772 664 2825 in
679 2770 951 2842 partibus
970 2769 1233 2824 minimis
1246 2767 1586 2822 discrimine
1604 2785 1616 2831 ;
1633 2782 1777 2820 nam

104 2860 389 2924 latitudo,
417 2858 751 2928 longitudo,
807 2857 1080 2922 altitudo,
1135 2856 1316 2920 linea,
1339 2861 1398 2910 et
1434 2854 1778 2925 superficies

106 2954 258 3005 sunt
304 2947 689 3002 similitudine
748 2960 1122 3001 communes.
1177 2944 1290 3000 Sed
1320 2945 1367 2998 si
1425 2943 1696 2998 ordinem
1723 2946 1780 2997 et

103 3036 576 3095 intellectionem
623 3041 877 3106 spectes,
901 3048 1095 3105 neque
1125 3032 1451 3088 materiatae
1479 3036 1636 3096 sunt,
1669 3045 1777 3084 ne-

105 3141 237 3199 que
284 3139 528 3196 prorsus
577 3123 844 3179 materiei
898 3127 1190 3193 expertes.
1254 3124 1374 3176 Hoc
1399 3120 1559 3174 enim
1591 3134 1779 3173 unum

108 3221 207 3272 est
237 3214 638 3277 materiatum,
691 3211 838 3266 illud
857 3227 998 3267 vero
1037 3211 1301 3266 materiae
1341 3224 1572 3280 expers.
1597 3212 1667 3262 At
1695 3207 1781 3261 in-

105 3307 344 3378 puncto
394 3304 664 3373 ipsorum
716 3316 842 3356 non
894 3305 981 3354 est
1032 3298 1373 3354 communis
1428 3296 1774 3352 similitudo.

108 3399 269 3452 Nam
300 3408 370 3447 ex
395 3391 633 3463 punctis
663 3390 766 3446 illa
795 3405 931 3461 quae
962 3395 1100 3444 sunt
1129 3388 1307 3442 unius
1366 3387 1681 3449 materiati,
1717 3390 1782 3439 ut

107 3497 312 3538 unum
339 3480 565 3535 habent
599 3495 657 3545 a,
691 3479 744 3543 ὁ,
774 3494 827 3547 c,
859 3494 1047 3532 unum
1070 3477 1231 3531 enim
1257 3479 1345 3530 est
1377 3474 1777 3530 materiatum.

108 3568 293 3637 Quod
315 3584 454 3624 vero
481 3571 570 3622 est
609 3567 877 3622 materiei
933 3582 1144 3638 expers
1185 3580 1308 3619 non
1339 3563 1586 3618 omnino
1621 3566 1782 3616 caret

101 3657 464 3716 intervallis.
500 3659 620 3711 Hoc
646 3659 849 3711 autem
877 3660 964 3710 est
996 3654 1192 3709 unitas
1230 3671 1241 3706 :
1270 3667 1463 3723 neque
1496 3651 1652 3705 enim
1676 3665 1782 3722 per

91 3747 481 3806 habilitatem
500 3745 756 3809 habeta,
789 3745 840 3798 ὁ.
877 3760 929 3807 c,
962 3747 1063 3798 aut
1094 3743 1196 3807 ita,
1245 3747 1308 3796 ut
1356 3740 1604 3812 quando
1637 3755 1778 3793 cum

95 3837 238 3894 aliis
259 3839 610 3890 numeratur
658 3833 844 3888 habet
876 3848 934 3897 α,
961 3833 993 3885 b
1021 3847 1074 3887 ο.
1107 3833 1309 3902 Neque
1369 3829 1431 3884 in
1462 3829 1555 3883 his
1595 3833 1778 3882 mate-

97 3925 215 3983 riei
238 3922 585 3995 expertibus
639 3922 719 3976 ita
769 3936 960 3976 unum
1007 3926 1117 3986 est,
1177 3924 1242 3973 ut
1325 3917 1471 3972 illud
1501 3917 1664 3988 quod
1694 3919 1784 3970 est

101 4013 360 4071 alterius
392 4027 604 4066 unum.
641 4012 833 4076 Quare
887 4010 949 4064 in
999 4007 1266 4062 numeris
1324 4007 1461 4060 ideo
1526 4005 1781 4078 privatio

108 4102 312 4174 ipsius
340 4118 394 4168 a,
421 4101 474 4168 b,
508 4115 558 4160 ο,
593 4098 887 4153 duntaxat
916 4101 1003 4152 est
1056 4096 1267 4168 primae
1327 4095 1568 4150 unitatis
1602 4095 1784 4165 :quia

103 4194 245 4247 haec
274 4189 471 4243 unitas
508 4186 773 4241 materiei
827 4201 1040 4256 expers
1111 4189 1215 4238 est.
1269 4185 1327 4236 In
1385 4199 1508 4253 qua
1537 4182 1784 4252 quidem

109 4278 350 4333 unitate
381 4273 634 4346 simplici
649 4288 846 4344 neque
868 4272 1123 4327 intensio
1148 4285 1343 4341 neque
1364 4269 1635 4324 remissio
1648 4284 1786 4340 pos-

111 4368 196 4422 sit
226 4364 484 4434 concipi.
511 4365 933 4417 Verumtamen
957 4375 1321 4431 quocunque
1350 4363 1401 4412 te
1423 4363 1634 4422 vertas,
1663 4358 1788 4410 sive

112 4452 185 4510 in
212 4453 463 4508 materia
493 4451 615 4506 sive
657 4457 819 4505 extra
874 4449 1207 4515 materiam,
1267 4445 1611 4501 communia
1649 4453 1789 4499 sunt

114 4559 160 4600 α
200 4542 306 4604 bc.
332 4546 510 4612 atque
565 4539 967 4594 intensionem
1015 4541 1072 4591 et
1123 4535 1540 4590 remissionem
1593 4533 1785 4587 susci-

117 4631 302 4705 piunt
325 4645 450 4684 non
472 4645 542 4683 ex
572 4629 925 4700 quantitate,
953 4625 1055 4680 sed
1087 4642 1158 4679 ex
1179 4623 1482 4696 qualitate,
1516 4627 1579 4677 ut
1609 4623 1784 4677 etiam

118 4737 202 4776 ex
224 4717 552 4789 quantitate
567 4715 799 4788 aequale
817 4721 872 4770 et
886 4713 1180 4786 inaequale
1200 4712 1549 4783 suscipiunt.
1568 4713 1758 4776 Quam
1771 4741 1788 4750 -

119 4808 340 4865 obrem
384 4805 758 4878 compositio,
813 4804 1029 4859 divisio
1096 4806 1152 4857 et
1205 4802 1336 4857 aliae
1389 4800 1787 4872 proprietates

120 4897 310 4954 unius
338 4897 399 4951 in
424 4895 676 4952 materia
705 4892 1120 4958 numerabilis,
1161 4891 1360 4962 ipsum
1381 4905 1571 4944 unum
1594 4893 1788 4944 mate-

119 4988 217 5044 ria
246 4999 368 5040 non
400 4983 681 5055 spoliant,
706 4998 845 5037 cum
866 4981 971 5036 ubi
1001 4985 1092 5035 est
1119 4979 1372 5034 materia
1401 4977 1485 5033 ibi
1506 4977 1685 5032 etiam
1717 4977 1795 5032 sit

119 5093 164 5133 a
191 5075 224 5130 ὁ
244 5090 274 5128 c
297 5092 309 5142 ;
336 5077 391 5128 et
416 5073 479 5127 in
510 5076 633 5127 toto
655 5073 711 5126 et
739 5071 799 5125 in
856 5072 1026 5142 parte
1057 5085 1071 5134 ;
1121 5072 1180 5122 at
1233 5067 1443 5122 unitati
1498 5065 1797 5121 duntaxat

118 5163 262 5220 abc
282 5177 405 5217 non
434 5161 609 5216 inest.
661 5162 839 5213 Porro
888 5173 1028 5212 cum
1075 5155 1419 5223 intelligitur
1467 5154 1667 5208 unitas
1731 5159 1795 5210 ut

121 5249 524 5326 progrediens
569 5252 624 5302 et
679 5262 806 5301 sese
837 5259 1199 5318 promovens
1229 5245 1306 5300 ad
1352 5242 1796 5314 copulationes.

123 5351 267 5400 tunc
299 5339 650 5397 affectiones
679 5336 807 5391 illas
838 5334 1092 5406 suscipit
1147 5350 1299 5404 quas
1350 5332 1698 5402 compositae
1731 5332 1799 5388 ﬁ-

120 5447 290 5502 gurriaI
323 5427 626 5498 suscipere
659 5423 872 5490 solent,
937 5436 1158 5492 nempe
1190 5427 1252 5475 ut
1280 5419 1612 5492 quantitate
1637 5436 1801 5476 men-

123 5525 366 5577 suretur
398 5520 454 5571 et
489 5512 776 5587 qualitate
823 5511 1204 5581 intelligatur.
1253 5511 1443 5574 Quare
1493 5523 1688 5579 neque
1741 5510 1804 5565 in

123 5622 388 5667 numero
420 5603 520 5660 illo
546 5601 652 5674 qui
701 5604 899 5656 mente
934 5599 1068 5656 sola
1116 5597 1459 5670 percipitur,
1515 5611 1708 5666 neque
1743 5599 1805 5654 in

122 5697 471 5773 quantitate
498 5691 613 5747 sub
656 5704 896 5745 sensum
951 5688 1206 5746 cadente
1271 5687 1423 5742 inest
1473 5685 1728 5742 intensio
1753 5692 1811 5742 et

1894 550 2019 632 προς
2069 533 2454 611 ἀρτιοπεριττον
2535 543 2950 616 ἀρτιοπερίττου,
3016 554 3105 600 καὶ
3168 554 3301 624 πρὸς
3345 574 3554 628 περιττ-

1895 639 2068 692 αρτιον
2128 633 2510 699 περιτταρτίου.
2571 637 2660 682 καὶ
2730 638 2856 706 πρὸς
2933 635 3109 706 ἆρτιον
3184 639 3388 710 ἀρτίου,
3460 649 3552 697 καὶ

1892 715 2018 782 πρὸς
2097 712 2371 768 ἀσύνθετον
2433 717 2735 787 ἀσυνθέτου,
2809 729 2896 774 καὶ
2965 729 3102 777 κατά
3172 733 3289 789 τοὺς
3350 731 3551 795 ἄλλους,

1893 805 2055 852 Τοῦτο
2091 797 2150 853 δὲ
2201 804 2259 854 ού
2309 811 2622 876 ποσότητος,
2683 809 2810 863 ἀλλὰ
2868 818 3164 876 ποιότητος,
3227 823 3326 871 Καὶ
3378 830 3553 875 ταῦτα

1893 891 1982 960 μὲν
2032 887 2118 940 οὖν
2172 890 2281 944 ἐστι
2320 903 2418 945 τῶν
2473 895 2724 968 ἀριθμῶν,
2792 909 2893 951 τῶν
2944 922 2999 954 τε
3054 903 3102 954 ἐν
3175 902 3269 965 ὖλη
3317 915 3406 962 καὶ
3457 911 3552 964 ἀϋ-

1893 977 1996 1049 λίᾳ,
2054 989 2304 1053 ⁴γραμμῆς
2368 980 2426 1036 δὲ
2479 991 2568 1036 καὶ
2631 985 2921 1059 ἐπιφανείας
2975 1000 3160 1048 ταῦτα.
3205 994 3264 1048 Ἠ
3311 1001 3402 1070 μὲν
3459 1001 3552 1052 οὖν

1891 1073 2105 1154 γραμμὴ
2181 1072 2355 1131 ἄνισος
2418 1081 2480 1131 τῆ
2550 1073 2815 1149 ἐπιφανείᾳ
2909 1083 3042 1133 κατά
3150 1089 3331 1154 ποσὸν,
3418 1091 3547 1151 ἄλλη

1895 1153 1954 1208 δὲ
2050 1163 2138 1210 καὶ
2227 1159 2424 1213 ἀλλοία·
2490 1161 2820 1217 ἀπολείπεται
2906 1171 3006 1242 γὰρ
3092 1180 3192 1223 τῶν
3267 1186 3422 1232 τριῶν
3488 1185 3547 1234 τὸ

1895 1244 1931 1336 β
1974 1267 2028 1316 7,
2105 1250 2136 1303 ἦ
2220 1245 2269 1300 δ’
2322 1252 2437 1321 ἔχέι
2479 1255 2538 1302 τὸ
2584 1273 2618 1302 α
2681 1251 2740 1324 β,
2803 1254 3032 1309 λείπεται
3086 1256 3146 1313 δὲ
3195 1266 3254 1314 τὸ
3298 1233 3357 1336 Ιγ,
3412 1269 3548 1323 ὥστε

1894 1333 1926 1391 ἢ
2009 1339 2099 1406 μὲν
2151 1336 2401 1404 ελασσων,
2489 1342 2518 1397 ἡ
2599 1337 2658 1393 δὲ
2733 1343 2938 1414 μείξων.
3024 1333 3350 1407 Τεθὴτωσαν-
3418 1365 3544 1427 ’γοῦν

1892 1428 1922 1482 ἡ
1989 1446 2021 1476 α
2081 1425 2117 1498 β
2173 1448 2206 1497 7
2273 1425 2307 1480 δ
2373 1450 2393 1480 ε
2451 1430 2483 1490 ζ
2555 1429 2841 1504 ἐπιφάνεια,
2951 1439 3204 1503 ὡσαύτως
3296 1441 3357 1497 δὲ
3426 1425 3544 1502 νκαὶ

1893 1519 1922 1570 ἡ
1968 1517 2018 1579 αξ
2062 1514 2098 1586 β
2161 1537 2194 1586 7
2254 1514 2288 1568 δ
2355 1517 2642 1588 ἐπιφάνεια,
2704 1523 3002 1580 τεθήτωσαν
3053 1525 3112 1580 δὲ
3159 1537 3248 1584 καὶ
3299 1535 3329 1591 ἠ
3382 1535 3541 1610 αβγ

1885 2677 2298 2746 remissio,sed
2330 2681 2393 2735 in
2417 2682 2702 2753 qualitate
2733 2700 2747 2740 :
2780 2687 3278 2759 quandoquidem
3299 2691 3534 2763 utrique

1886 2767 2121 2821 numeri
2141 2772 2198 2822 et
2229 2769 2288 2823 hi
2316 2770 2424 2841 qui
2471 2772 2584 2827 sub
2623 2789 2870 2829 sensum
2930 2776 3157 2832 cadunt
3197 2783 3254 2832 et
3304 2779 3388 2834 illi
3429 2781 3536 2852 qui

1888 2862 2083 2910 mente
2105 2858 2511 2927 percipiuntur
2556 2863 2823 2916 terminis
2853 2878 2891 2918 a
2921 2863 2950 2916 b
2981 2879 3012 2918 c
3040 2865 3538 2923 circumscribun-

1887 2949 1983 2999 tur
2010 2949 2067 2999 et
2095 2946 2485 3001 terminantur
2514 2952 2638 3003 tam
2697 2966 2769 3005 ex
2812 2954 2934 3006 toto
2985 2967 3174 3023 quam
3216 2969 3290 3008 ex
3345 2961 3534 3026 parte,

1887 3037 2135 3103 excepta
2160 3033 2354 3104 prima
2381 3035 2602 3092 scilicet
2631 3038 2827 3092 omnis
2851 3039 3144 3094 intervalli
3168 3048 3408 3113 eXperte
3432 3046 3538 3100 uni

1820 3118 1858 3170 C
1889 3126 2022 3176 tate.
2059 3121 2229 3185 Quod
2251 3123 2299 3175 si
2322 3123 2456 3194 quis
2484 3125 2880 3194 intensionem
2914 3131 2970 3182 et
3013 3128 3434 3187 remissionem
3456 3132 3537 3189 ab

1889 3209 2224 3281 aequalitate
2245 3211 2712 3283 etinaequalitate
2728 3229 2850 3269 non
2872 3215 3195 3286 discernat,
3216 3234 3339 3291 quo
3360 3225 3537 3291 pacto

1889 3298 2170 3362 diximus,
2199 3300 2428 3355 eveniet
2459 3305 2522 3356 ut
2551 3301 2626 3356 de
2647 3301 2888 3358 duobus
2912 3305 3251 3375 aequalibus
3278 3323 3434 3364 unus
3464 3325 3539 3366 ex

1889 3388 2219 3443 intensione
2247 3389 2319 3442 sit
2342 3388 2678 3460 inaequalis,
2721 3391 2869 3448 alter
2904 3409 3047 3449 vero
3069 3409 3142 3450 ex
3161 3397 3538 3454 remissione.

1887 3477 2250 3531 Communes
2281 3477 2440 3532 enim
2467 3483 2604 3534 Stmt
2635 3481 2890 3536 termini.
2931 3485 3080 3539 Nam
3104 3487 3170 3540 ut
3197 3485 3377 3543 etiam
3397 3503 3540 3543 con-

1889 3566 2228 3638 ceduntqui
2258 3572 2474 3622 nostrae
2507 3570 2860 3626 sententiam
2887 3573 3249 3630 contrariam
3280 3581 3536 3649 tuentur,

1888 3658 1974 3709 est
2002 3654 2259 3710 intensio
2285 3656 2345 3710 in
2375 3656 2613 3712 duobus
2640 3661 2906 3715 numeris
2948 3662 3099 3718 inter
3128 3679 3191 3719 se
3219 3680 3539 3737 compara-

1888 3744 1983 3808 tis,
2008 3760 2267 3816 quorum
2298 3749 2546 3816 uterque
2575 3753 2677 3801 aut
2701 3763 2772 3802 ex
2801 3749 2935 3820 pari
2963 3755 3142 3822 atque
3166 3752 3404 3824 impari,
3437 3757 3542 3810 aut

1888 3848 1958 3886 ex
1984 3833 2198 3904 impari
2231 3848 2301 3887 ac
2332 3833 2462 3903 pari
2515 3841 2766 3904 constat,
2824 3842 2927 3892 aut
2980 3853 3243 3909 quorum
3291 3825 3541 3912 uterque

1890 3939 2000 3994 par
2028 3927 2138 3991 est,
2167 3929 2271 3978 aut
2329 3928 2573 3996 uterque
2625 3941 2746 3981 non
2792 3927 3182 3998 compositus.
3211 3930 3388 4001 Atqui
3425 3931 3543 3987 hoc

1891 4027 2013 4067 non
2030 4017 2116 4066 est
2140 4013 2510 4084 quantitatis,
2545 4015 2649 4069 sed
2691 4015 3015 4086 qualitatis.
3044 4021 3232 4088 Atque
3257 4018 3388 4074 haec
3413 4019 3543 4092 qui-

1892 4102 2031 4156 dem
2058 4103 2351 4172 pertinent
2375 4103 2454 4157 ad
2482 4119 2768 4159 numeros
2799 4109 2924 4160 tam
2978 4107 3322 4163 materiatos
3351 4125 3540 4185 quam

1895 4191 2155 4246 materiae
2178 4196 2467 4262 expertes,
2491 4191 2752 4262 itemque
2799 4192 2872 4248 ad
2905 4192 3127 4250 lineam
3157 4200 3216 4251 et
3237 4196 3314 4251 ad
3343 4212 3546 4269 super-

1894 4281 2112 4335 ficnem.
2139 4283 2270 4334 Esto
2297 4280 2475 4349 igitur
2524 4279 2682 4335 linea
2737 4282 3070 4352 superﬁciei
3115 4284 3428 4357 inaequalis
3474 4302 3546 4342 ex

1897 4370 2246 4442 quantitate.
2271 4372 2420 4424 Nam
2467 4375 2570 4424 aut
2611 4370 2869 4426 demitur
2913 4388 2973 4438 a,
3006 4377 3062 4428 et
3090 4377 3231 4430 tunc
3259 4375 3333 4430 de
3360 4375 3548 4432 tribus

1901 4462 2225 4530 supersunt
2255 4459 2286 4512 b
2313 4474 2342 4513 c
2377 4476 2390 4524 ;
2421 4464 2524 4513 aut
2569 4457 2828 4514 demitur
2873 4476 2924 4526 ε,
2979 4466 3035 4516 et
3081 4466 3221 4518 tunc
3244 4463 3320 4520 de
3353 4464 3547 4521 tribus

1901 4554 2221 4619 supersunt
2249 4563 2285 4602 a
2317 4547 2370 4600 b.
2395 4549 2585 4612 Quare
2618 4547 2776 4604 linea
2824 4550 3062 4620 quidem
3085 4558 3177 4609 est
3202 4553 3420 4622 minor,
3452 4571 3550 4610 su-

1895 4636 2167 4709 perﬁcies
2195 4652 2331 4691 vero
2379 4637 2592 4706 major,
2656 4641 2832 4694 sunto
2882 4639 3062 4710 igitur
3090 4656 3129 4698 (ι
3161 4643 3194 4698 b
3219 4643 3310 4698 cd
3338 4658 3369 4700 e
3391 4645 3433 4714 f
3454 4660 3551 4698 su-

1895 4726 2187 4798 perﬁcies,
2221 4725 2434 4781 eodem
2459 4725 2643 4781 modo
2668 4741 2707 4783 a
2747 4728 2780 4783 ὁ
2802 4743 2834 4784 c
2889 4728 2949 4784 d.

3119 4881 3170 4938 Α

2059 5409 2111 5456 Ι)
2677 5417 2710 5464 C
2891 5413 2932 5464 Ε
3373 5427 3411 5476 (;

3151 5660 3168 5697 ι
