  <div class='ocr_page' id='page_1' title='image "/cluster/home/n/w/nwhite01/storage/ocr_20150623/140/mdp.39015022213980/677.png"; bbox 0 0 4064 6308; ppageno 0'>
   <div class='ocr_carea' id='block_1_1' title="bbox 485 254 623 312">
    <p class='ocr_par' dir='ltr' id='par_1_1' title="bbox 485 254 623 312">
     <span class='ocr_line' id='line_1_1' title="bbox 485 254 623 312; baseline -0.022 0"><span class='ocrx_word' id='word_1_1' title='bbox 485 254 623 312; x_wconf 81' lang='grc'><strong>1335</strong></span> 
     </span>
    </p>
   </div>
   <div class='ocr_carea' id='block_1_2' title="bbox 482 373 984 454">
    <p class='ocr_par' dir='ltr' id='par_1_2' title="bbox 482 373 984 454">
     <span class='ocr_line' id='line_1_2' title="bbox 482 373 984 454; baseline -0.008 -2"><span class='ocrx_word' id='word_1_2' title='bbox 482 380 727 454; x_wconf 71' lang='grc' dir='ltr'><strong>γραμμὴ,</strong></span> <span class='ocrx_word' id='word_1_3' title='bbox 795 373 984 448; x_wconf 75' lang='grc' dir='ltr'><strong>ὁμοίως</strong></span> 
     </span>
    </p>
   </div>
   <div class='ocr_carea' id='block_1_3' title="bbox 485 453 2157 538">
    <p class='ocr_par' dir='ltr' id='par_1_3' title="bbox 485 453 2157 538">
     <span class='ocr_line' id='line_1_3' title="bbox 485 453 2157 538; baseline -0.007 -18"><span class='ocrx_word' id='word_1_4' title='bbox 485 453 660 538; x_wconf 76' lang='grc' dir='ltr'><em>ὅτιπερ</em></span> <span class='ocrx_word' id='word_1_5' title='bbox 731 466 760 523; x_wconf 79' lang='grc' dir='ltr'><strong>ἠ</strong></span> <span class='ocrx_word' id='word_1_6' title='bbox 837 464 1054 535; x_wconf 72' lang='grc' dir='ltr'><em>γραμμὴ</em></span> <span class='ocrx_word' id='word_1_7' title='bbox 1129 457 1363 510; x_wconf 78' lang='grc' dir='ltr'><em>λείπεται</em></span> <span class='ocrx_word' id='word_1_8' title='bbox 1425 465 1523 509; x_wconf 76' lang='grc' dir='ltr'><strong>τῶν</strong></span> <span class='ocrx_word' id='word_1_9' title='bbox 1583 456 1614 511; x_wconf 70' lang='grc' dir='ltr'>ὃ</span> <span class='ocrx_word' id='word_1_10' title='bbox 1706 479 1758 530; x_wconf 81' lang='lat'><strong>7,</strong></span> <span class='ocrx_word' id='word_1_11' title='bbox 1824 459 1853 517; x_wconf 78' lang='grc' dir='ltr'>ἡ</span> <span class='ocrx_word' id='word_1_12' title='bbox 1935 453 1994 510; x_wconf 71' lang='grc' dir='ltr'><strong>δὲ</strong></span> <span class='ocrx_word' id='word_1_13' title='bbox 2048 459 2157 509; x_wconf 83' lang='grc' dir='ltr'><em>ἐπι·</em></span> 
     </span>
    </p>
   </div>
   <div class='ocr_carea' id='block_1_4' title="bbox 488 548 2154 633">
    <p class='ocr_par' dir='ltr' id='par_1_4' title="bbox 488 548 2154 633">
     <span class='ocr_line' id='line_1_4' title="bbox 488 548 2154 633; baseline -0.007 -23"><span class='ocrx_word' id='word_1_14' title='bbox 488 559 668 633; x_wconf 72' lang='grc' dir='ltr'><em>φάνεια</em></span> <span class='ocrx_word' id='word_1_15' title='bbox 721 574 810 608; x_wconf 85' lang='grc' dir='ltr'><strong>τον</strong></span> <span class='ocrx_word' id='word_1_16' title='bbox 862 552 967 615; x_wconf 84' lang='grc' dir='ltr'><strong>ἐνὸς</strong></span> <span class='ocrx_word' id='word_1_17' title='bbox 1020 572 1070 622; x_wconf 75' lang='lat'><strong><em>7°</em></strong></span> <span class='ocrx_word' id='word_1_18' title='bbox 1122 549 1308 623; x_wconf 77' lang='grc' dir='ltr'><em>μείζων</em></span> <span class='ocrx_word' id='word_1_19' title='bbox 1380 557 1504 620; x_wconf 69' lang='grc' dir='ltr'><em>γοῦν</em></span> <span class='ocrx_word' id='word_1_20' title='bbox 1563 551 1592 607; x_wconf 78' lang='grc' dir='ltr'>ἡ</span> <span class='ocrx_word' id='word_1_21' title='bbox 1642 548 1910 622; x_wconf 78' lang='grc' dir='ltr'><em>ἐπιφάνεια</em></span> <span class='ocrx_word' id='word_1_22' title='bbox 1977 551 2154 620; x_wconf 66' lang='grc' dir='ltr'><em>φύσει,</em></span> 
     </span>
    </p>
   </div>
   <div class='ocr_carea' id='block_1_5' title="bbox 490 637 2152 711">
    <p class='ocr_par' dir='ltr' id='par_1_5' title="bbox 490 637 2152 711">
     <span class='ocr_line' id='line_1_5' title="bbox 490 637 2152 711; baseline -0.007 -11"><span class='ocrx_word' id='word_1_23' title='bbox 490 651 602 700; x_wconf 81' lang='grc' dir='ltr'><em>ἔστι</em></span> <span class='ocrx_word' id='word_1_24' title='bbox 652 643 710 699; x_wconf 77' lang='grc' dir='ltr'><strong>δὲ</strong></span> <span class='ocrx_word' id='word_1_25' title='bbox 761 645 790 703; x_wconf 78' lang='grc' dir='ltr'><em>ὴ</em></span> <span class='ocrx_word' id='word_1_26' title='bbox 865 641 1084 696; x_wconf 83' lang='grc' dir='ltr'><em>ἐλάττων</em></span> <span class='ocrx_word' id='word_1_27' title='bbox 1172 641 1389 711; x_wconf 73' lang='grc' dir='ltr'><em>γραμμὴ</em></span> <span class='ocrx_word' id='word_1_28' title='bbox 1482 639 1670 710; x_wconf 73' lang='grc' dir='ltr'><em>μείζων</em></span> <span class='ocrx_word' id='word_1_29' title='bbox 1754 643 1844 692; x_wconf 82' lang='grc' dir='ltr'><em>καὶ</em></span> <span class='ocrx_word' id='word_1_30' title='bbox 1907 637 2152 704; x_wconf 85' lang='grc' dir='ltr'><em>ἐλάττων,</em></span> 
     </span>
    </p>
   </div>
   <div class='ocr_carea' id='block_1_6' title="bbox 491 726 2156 808">
    <p class='ocr_par' dir='ltr' id='par_1_6' title="bbox 491 726 2156 808">
     <span class='ocr_line' id='line_1_6' title="bbox 491 726 2156 808; baseline -0.007 -18"><span class='ocrx_word' id='word_1_31' title='bbox 491 738 615 808; x_wconf 82' lang='grc' dir='ltr'><em>ὅπερ</em></span> <span class='ocrx_word' id='word_1_32' title='bbox 671 730 995 786; x_wconf 77' lang='grc' dir='ltr'><strong>ἆτοπὸν.’Π</strong></span> <span class='ocrx_word' id='word_1_33' title='bbox 1047 737 1171 802; x_wconf 70' lang='grc' dir='ltr'><em>γοῦν</em></span> <span class='ocrx_word' id='word_1_34' title='bbox 1229 747 1262 780; x_wconf 88' lang='grc' dir='ltr'><strong>α</strong></span> <span class='ocrx_word' id='word_1_35' title='bbox 1311 726 1346 800; x_wconf 83' lang='grc' dir='ltr'><em>β</em></span> <span class='ocrx_word' id='word_1_36' title='bbox 1400 728 1653 800; x_wconf 80' lang='grc' dir='ltr'><em>γμείζων</em></span> <span class='ocrx_word' id='word_1_37' title='bbox 1697 737 1792 790; x_wconf 76' lang='grc' dir='ltr'><strong>τῆς</strong></span> <span class='ocrx_word' id='word_1_38' title='bbox 1844 727 1880 800; x_wconf 88' lang='grc' dir='ltr'><strong><em>β</em></strong></span> <span class='ocrx_word' id='word_1_39' title='bbox 1946 748 1979 799; x_wconf 85' lang='lat'><strong>7</strong></span> <span class='ocrx_word' id='word_1_40' title='bbox 2040 726 2156 779; x_wconf 83' lang='grc' dir='ltr'><em>ὀνο-</em></span> 
     </span>
    </p>
   </div>
   <div class='ocr_carea' id='block_1_7' title="bbox 491 813 2154 900">
    <p class='ocr_par' dir='ltr' id='par_1_7' title="bbox 491 813 2154 900">
     <span class='ocr_line' id='line_1_7' title="bbox 491 813 2154 900; baseline -0.005 -23"><span class='ocrx_word' id='word_1_41' title='bbox 491 825 742 900; x_wconf 74' lang='grc' dir='ltr'><em>μαζέσθω</em></span> <span class='ocrx_word' id='word_1_42' title='bbox 767 829 888 894; x_wconf 73' lang='grc' dir='ltr'><em>γοῦν</em></span> <span class='ocrx_word' id='word_1_43' title='bbox 919 819 1131 893; x_wconf 75' lang='grc' dir='ltr'><em>μείζωνο</em></span> <span class='ocrx_word' id='word_1_44' title='bbox 1167 819 1195 877; x_wconf 78' lang='grc' dir='ltr'>ἦ</span> <span class='ocrx_word' id='word_1_45' title='bbox 1229 814 1288 870; x_wconf 72' lang='grc' dir='ltr'><strong>δὲ</strong></span> <span class='ocrx_word' id='word_1_46' title='bbox 1328 836 1361 868; x_wconf 89' lang='grc' dir='ltr'><strong>α</strong></span> <span class='ocrx_word' id='word_1_47' title='bbox 1407 815 1442 888; x_wconf 85' lang='grc' dir='ltr'><em>β</em></span> <span class='ocrx_word' id='word_1_48' title='bbox 1481 838 1514 890; x_wconf 81' lang='lat'><strong>7</strong></span> <span class='ocrx_word' id='word_1_49' title='bbox 1563 813 1597 870; x_wconf 76' lang='grc' dir='ltr'><em>ὃ</em></span> <span class='ocrx_word' id='word_1_50' title='bbox 1643 817 1872 870; x_wconf 78' lang='grc' dir='ltr'><strong>ἐλάσσων</strong></span> <span class='ocrx_word' id='word_1_51' title='bbox 1924 824 2014 877; x_wconf 80' lang='grc' dir='ltr'><em>τῆς</em></span> <span class='ocrx_word' id='word_1_52' title='bbox 2064 815 2154 889; x_wconf 83' lang='grc' dir='ltr'><em>αβ</em></span> 
     </span>
    </p>
   </div>
   <div class='ocr_carea' id='block_1_8' title="bbox 492 905 2151 988">
    <p class='ocr_par' dir='ltr' id='par_1_8' title="bbox 492 905 2151 988">
     <span class='ocr_line' id='line_1_8' title="bbox 492 905 2151 988; baseline -0.005 -22"><span class='ocrx_word' id='word_1_53' title='bbox 492 936 527 988; x_wconf 86' lang='lat'><strong>7</strong></span> <span class='ocrx_word' id='word_1_54' title='bbox 560 910 594 966; x_wconf 77' lang='grc' dir='ltr'><em>ὃ</em></span> <span class='ocrx_word' id='word_1_55' title='bbox 625 932 645 965; x_wconf 86' lang='grc' dir='ltr'><strong>ε</strong></span> <span class='ocrx_word' id='word_1_56' title='bbox 675 913 725 974; x_wconf 73' lang='grc' dir='ltr'><strong>ζ’</strong></span> <span class='ocrx_word' id='word_1_57' title='bbox 772 909 1106 983; x_wconf 73' lang='grc' dir='ltr'><strong>ὀνομαζέσθω</strong></span> <span class='ocrx_word' id='word_1_58' title='bbox 1151 913 1276 977; x_wconf 75' lang='grc' dir='ltr'><em>γοῦν</em></span> <span class='ocrx_word' id='word_1_59' title='bbox 1328 905 1492 964; x_wconf 80' lang='grc' dir='ltr'><em>ἐκείνη</em></span> <span class='ocrx_word' id='word_1_60' title='bbox 1555 905 1808 975; x_wconf 75' lang='grc' dir='ltr'><strong>ἐλάσσων,</strong></span> <span class='ocrx_word' id='word_1_61' title='bbox 1863 911 1954 958; x_wconf 86' lang='grc' dir='ltr'><strong>καὶ</strong></span> <span class='ocrx_word' id='word_1_62' title='bbox 2013 905 2151 979; x_wconf 71' lang='grc' dir='ltr'><em>εὐρε-</em></span> 
     </span>
    </p>
   </div>
   <div class='ocr_carea' id='block_1_9' title="bbox 498 995 2159 1072">
    <p class='ocr_par' dir='ltr' id='par_1_9' title="bbox 498 995 2159 1072">
     <span class='ocr_line' id='line_1_9' title="bbox 498 995 2159 1072; baseline -0.006 -15"><span class='ocrx_word' id='word_1_63' title='bbox 498 1007 715 1063; x_wconf 74' lang='grc' dir='ltr'><em>θήσεται</em></span> <span class='ocrx_word' id='word_1_64' title='bbox 745 1003 773 1060; x_wconf 71' lang='grc' dir='ltr'>ἡ</span> <span class='ocrx_word' id='word_1_65' title='bbox 803 999 891 1072; x_wconf 76' lang='grc' dir='ltr'><strong>αβ</strong></span> <span class='ocrx_word' id='word_1_66' title='bbox 921 1021 955 1070; x_wconf 80' lang='lat'><strong>7</strong></span> <span class='ocrx_word' id='word_1_67' title='bbox 995 998 1214 1051; x_wconf 76' lang='grc' dir='ltr'><em>ἐλάττων</em></span> <span class='ocrx_word' id='word_1_68' title='bbox 1267 996 1402 1050; x_wconf 78' lang='grc' dir='ltr'><em>οὖσα</em></span> <span class='ocrx_word' id='word_1_69' title='bbox 1438 1001 1523 1050; x_wconf 69' lang='grc' dir='ltr'><strong>καὶ</strong></span> <span class='ocrx_word' id='word_1_70' title='bbox 1579 997 1767 1069; x_wconf 78' lang='grc' dir='ltr'><em>μείζων</em></span> <span class='ocrx_word' id='word_1_71' title='bbox 1844 995 1894 1049; x_wconf 87' lang='grc' dir='ltr'><em>ἐν</em></span> <span class='ocrx_word' id='word_1_72' title='bbox 1947 1004 2020 1068; x_wconf 85' lang='grc' dir='ltr'><em>τῷ</em></span> <span class='ocrx_word' id='word_1_73' title='bbox 2069 997 2159 1048; x_wconf 78' lang='grc' dir='ltr'><strong>αὐ-</strong></span> 
     </span>
    </p>
   </div>
   <div class='ocr_carea' id='block_1_10' title="bbox 496 1083 2154 1164">
    <p class='ocr_par' dir='ltr' id='par_1_10' title="bbox 496 1083 2154 1164">
     <span class='ocr_line' id='line_1_10' title="bbox 496 1083 2154 1164; baseline -0.007 -19"><span class='ocrx_word' id='word_1_74' title='bbox 496 1101 570 1158; x_wconf 79' lang='grc' dir='ltr'><em>τῷ</em></span> <span class='ocrx_word' id='word_1_75' title='bbox 649 1094 848 1164; x_wconf 79' lang='grc' dir='ltr'><strong>χρόνῳ.</strong></span> <span class='ocrx_word' id='word_1_76' title='bbox 901 1089 1041 1141; x_wconf 81' lang='grc' dir='ltr'><strong>Ἐπεὶ</strong></span> <span class='ocrx_word' id='word_1_77' title='bbox 1087 1089 1188 1159; x_wconf 72' lang='grc' dir='ltr'><em>γάρ</em></span> <span class='ocrx_word' id='word_1_78' title='bbox 1234 1085 1264 1144; x_wconf 85' lang='grc' dir='ltr'><strong>ἠ</strong></span> <span class='ocrx_word' id='word_1_79' title='bbox 1331 1083 1600 1158; x_wconf 78' lang='grc' dir='ltr'><em>ἐπιφάνεια</em></span> <span class='ocrx_word' id='word_1_80' title='bbox 1645 1086 1834 1157; x_wconf 77' lang='grc' dir='ltr'><em>μείζων</em></span> <span class='ocrx_word' id='word_1_81' title='bbox 1883 1092 2154 1160; x_wconf 75' lang='grc' dir='ltr'><strong>γραμμῆς,</strong></span> 
     </span>
    </p>
   </div>
   <div class='ocr_carea' id='block_1_11' title="bbox 500 1174 2148 1236">
    <p class='ocr_par' dir='ltr' id='par_1_11' title="bbox 500 1174 2148 1236">
     <span class='ocr_line' id='line_1_11' title="bbox 500 1174 2148 1236; baseline -0.007 0"><span class='ocrx_word' id='word_1_82' title='bbox 500 1186 612 1236; x_wconf 82' lang='grc' dir='ltr'><em>ἔστι</em></span> <span class='ocrx_word' id='word_1_83' title='bbox 643 1177 701 1234; x_wconf 77' lang='grc' dir='ltr'><em>δε</em></span> <span class='ocrx_word' id='word_1_84' title='bbox 731 1183 818 1232; x_wconf 70' lang='grc' dir='ltr'><strong>καὶ</strong></span> <span class='ocrx_word' id='word_1_85' title='bbox 854 1180 1016 1236; x_wconf 73' lang='grc' dir='ltr'><em>ταύτῃ</em></span> <span class='ocrx_word' id='word_1_86' title='bbox 1053 1180 1110 1230; x_wconf 88' lang='grc' dir='ltr'><em>τὸ</em></span> <span class='ocrx_word' id='word_1_87' title='bbox 1145 1174 1256 1234; x_wconf 67' lang='grc' dir='ltr'><em>ἴσον</em></span> <span class='ocrx_word' id='word_1_88' title='bbox 1293 1181 1380 1230; x_wconf 86' lang='grc' dir='ltr'><strong>καὶ</strong></span> <span class='ocrx_word' id='word_1_89' title='bbox 1420 1175 1598 1228; x_wconf 79' lang='grc' dir='ltr'><em>ἄνισον</em></span> <span class='ocrx_word' id='word_1_90' title='bbox 1655 1176 1789 1227; x_wconf 84' lang='grc' dir='ltr'><em>κατά</em></span> <span class='ocrx_word' id='word_1_91' title='bbox 1833 1178 1892 1227; x_wconf 79' lang='grc' dir='ltr'><em>τὸ</em></span> <span class='ocrx_word' id='word_1_92' title='bbox 1926 1179 2089 1228; x_wconf 81' lang='grc' dir='ltr'><em>ποσὸν</em></span> <span class='ocrx_word' id='word_1_93' title='bbox 2119 1175 2148 1232; x_wconf 80' lang='grc' dir='ltr'><strong>ἠ</strong></span> 
     </span>
    </p>
   </div>
   <div class='ocr_carea' id='block_1_12' title="bbox 502 1261 2158 1344">
    <p class='ocr_par' dir='ltr' id='par_1_12' title="bbox 502 1261 2158 1344">
     <span class='ocr_line' id='line_1_12' title="bbox 502 1261 2158 1344; baseline -0.004 -20"><span class='ocrx_word' id='word_1_94' title='bbox 502 1268 562 1324; x_wconf 70' lang='grc' dir='ltr'><strong>δὲ</strong></span> <span class='ocrx_word' id='word_1_95' title='bbox 585 1273 801 1344; x_wconf 72' lang='grc' dir='ltr'><em>γραμμὴ</em></span> <span class='ocrx_word' id='word_1_96' title='bbox 842 1266 1095 1335; x_wconf 77' lang='grc' dir='ltr'><strong>ἐλάσσων,</strong></span> <span class='ocrx_word' id='word_1_97' title='bbox 1119 1267 1352 1343; x_wconf 70' lang='grc' dir='ltr'><em>ὑπάρχει</em></span> <span class='ocrx_word' id='word_1_98' title='bbox 1385 1262 1443 1318; x_wconf 71' lang='grc' dir='ltr'><strong>δὲ</strong></span> <span class='ocrx_word' id='word_1_99' title='bbox 1472 1270 1561 1318; x_wconf 82' lang='grc' dir='ltr'><strong>καὶ</strong></span> <span class='ocrx_word' id='word_1_100' title='bbox 1607 1265 1737 1324; x_wconf 66' lang='grc' dir='ltr'><em>αὐτῆ</em></span> <span class='ocrx_word' id='word_1_101' title='bbox 1803 1267 1860 1316; x_wconf 86' lang='grc' dir='ltr'><em>τὸ</em></span> <span class='ocrx_word' id='word_1_102' title='bbox 1913 1261 2022 1316; x_wconf 82' lang='grc' dir='ltr'><em>ἴσον</em></span> <span class='ocrx_word' id='word_1_103' title='bbox 2069 1268 2158 1317; x_wconf 80' lang='grc' dir='ltr'><strong>καὶ</strong></span> 
     </span>
    </p>
   </div>
   <div class='ocr_carea' id='block_1_13' title="bbox 501 1353 2154 1430">
    <p class='ocr_par' dir='ltr' id='par_1_13' title="bbox 501 1353 2154 1430">
     <span class='ocr_line' id='line_1_13' title="bbox 501 1353 2154 1430; baseline -0.005 -17"><span class='ocrx_word' id='word_1_104' title='bbox 501 1361 702 1426; x_wconf 74' lang='grc' dir='ltr'><em>ἄνισον,</em></span> <span class='ocrx_word' id='word_1_105' title='bbox 761 1360 992 1430; x_wconf 79' lang='grc' dir='ltr'><strong>ὑπάρχει</strong></span> <span class='ocrx_word' id='word_1_106' title='bbox 1029 1353 1087 1410; x_wconf 71' lang='grc' dir='ltr'><strong>δὲ</strong></span> <span class='ocrx_word' id='word_1_107' title='bbox 1126 1357 1155 1414; x_wconf 82' lang='grc' dir='ltr'>ἡ</span> <span class='ocrx_word' id='word_1_108' title='bbox 1204 1376 1238 1408; x_wconf 92' lang='grc' dir='ltr'><strong>α</strong></span> <span class='ocrx_word' id='word_1_109' title='bbox 1290 1355 1325 1430; x_wconf 84' lang='grc' dir='ltr'>β</span> <span class='ocrx_word' id='word_1_110' title='bbox 1381 1376 1416 1427; x_wconf 97' lang='lat'><strong>7</strong></span> <span class='ocrx_word' id='word_1_111' title='bbox 1464 1356 1610 1412; x_wconf 75' lang='grc' dir='ltr'><em>πάσῃ</em></span> <span class='ocrx_word' id='word_1_112' title='bbox 1660 1361 1878 1426; x_wconf 74' lang='grc' dir='ltr'><em>γραμμῆ</em></span> <span class='ocrx_word' id='word_1_113' title='bbox 1946 1354 2154 1426; x_wconf 77' lang='grc' dir='ltr'><em>μείζων,</em></span> 
     </span>
    </p>
   </div>
   <div class='ocr_carea' id='block_1_14' title="bbox 501 1441 2156 1519">
    <p class='ocr_par' dir='ltr' id='par_1_14' title="bbox 501 1441 2156 1519">
     <span class='ocr_line' id='line_1_14' title="bbox 501 1441 2156 1519; baseline -0.004 -17"><span class='ocrx_word' id='word_1_114' title='bbox 501 1452 533 1509; x_wconf 82' lang='grc' dir='ltr'><strong>ἠ</strong></span> <span class='ocrx_word' id='word_1_115' title='bbox 586 1446 646 1502; x_wconf 60' lang='grc' dir='ltr'><em>δε</em></span> <span class='ocrx_word' id='word_1_116' title='bbox 694 1468 728 1500; x_wconf 92' lang='grc' dir='ltr'><strong>α</strong></span> <span class='ocrx_word' id='word_1_117' title='bbox 779 1446 814 1519; x_wconf 84' lang='grc' dir='ltr'><em>β</em></span> <span class='ocrx_word' id='word_1_118' title='bbox 861 1467 895 1518; x_wconf 88' lang='lat'><strong>7</strong></span> <span class='ocrx_word' id='word_1_119' title='bbox 950 1442 984 1498; x_wconf 75' lang='grc' dir='ltr'><em>ὃ</em></span> <span class='ocrx_word' id='word_1_120' title='bbox 1032 1444 1298 1518; x_wconf 70' lang='grc' dir='ltr'><em>ἐπιφάνεια</em></span> <span class='ocrx_word' id='word_1_121' title='bbox 1344 1445 1523 1505; x_wconf 84' lang='grc' dir='ltr'><em>πάσης</em></span> <span class='ocrx_word' id='word_1_122' title='bbox 1571 1442 1789 1496; x_wconf 85' lang='grc' dir='ltr'><em>ἐλάττων</em></span> <span class='ocrx_word' id='word_1_123' title='bbox 1847 1441 2156 1515; x_wconf 75' lang='grc' dir='ltr'><em>ἐπιφανείας,</em></span> 
     </span>
    </p>
   </div>
   <div class='ocr_carea' id='block_1_15' title="bbox 506 1531 2160 1608">
    <p class='ocr_par' dir='ltr' id='par_1_15' title="bbox 506 1531 2160 1608">
     <span class='ocr_line' id='line_1_15' title="bbox 506 1531 2160 1608; baseline -0.005 -17"><span class='ocrx_word' id='word_1_124' title='bbox 506 1538 697 1596; x_wconf 81' lang='grc' dir='ltr'><em>ἔστινὴ</em></span> <span class='ocrx_word' id='word_1_125' title='bbox 733 1556 766 1588; x_wconf 87' lang='grc' dir='ltr'><strong>α</strong></span> <span class='ocrx_word' id='word_1_126' title='bbox 807 1534 843 1608; x_wconf 83' lang='grc' dir='ltr'><strong><em>β</em></strong></span> <span class='ocrx_word' id='word_1_127' title='bbox 895 1555 929 1606; x_wconf 88' lang='lat'><strong>7</strong></span> <span class='ocrx_word' id='word_1_128' title='bbox 983 1531 1018 1587; x_wconf 75' lang='grc' dir='ltr'><em>ὃ</em></span> <span class='ocrx_word' id='word_1_129' title='bbox 1063 1535 1254 1607; x_wconf 80' lang='grc' dir='ltr'><em>μείζων</em></span> <span class='ocrx_word' id='word_1_130' title='bbox 1316 1541 1410 1596; x_wconf 83' lang='grc' dir='ltr'><em>τῆς</em></span> <span class='ocrx_word' id='word_1_131' title='bbox 1469 1553 1504 1584; x_wconf 87' lang='grc' dir='ltr'><strong>α</strong></span> <span class='ocrx_word' id='word_1_132' title='bbox 1551 1531 1756 1604; x_wconf 73' lang='grc' dir='ltr'><em>βγκαί</em></span> <span class='ocrx_word' id='word_1_133' title='bbox 1794 1531 2026 1584; x_wconf 81' lang='grc' dir='ltr'><em>ἐλάσσων</em></span> <span class='ocrx_word' id='word_1_134' title='bbox 2064 1541 2160 1594; x_wconf 82' lang='grc' dir='ltr'><em>τῆς</em></span> 
     </span>
    </p>
   </div>
   <div class='ocr_carea' id='block_1_16' title="bbox 508 1620 2159 1698">
    <p class='ocr_par' dir='ltr' id='par_1_16' title="bbox 508 1620 2159 1698">
     <span class='ocr_line' id='line_1_16' title="bbox 508 1620 2159 1698; baseline -0.005 -18"><span class='ocrx_word' id='word_1_135' title='bbox 508 1645 543 1680; x_wconf 86' lang='grc' dir='ltr'><strong>α</strong></span> <span class='ocrx_word' id='word_1_136' title='bbox 578 1624 612 1680; x_wconf 78' lang='grc' dir='ltr'>ϐ</span> <span class='ocrx_word' id='word_1_137' title='bbox 655 1645 689 1698; x_wconf 81' lang='lat'><strong>7</strong></span> <span class='ocrx_word' id='word_1_138' title='bbox 745 1621 781 1678; x_wconf 78' lang='grc' dir='ltr'><em>ὃ</em></span> <span class='ocrx_word' id='word_1_139' title='bbox 823 1641 846 1677; x_wconf 80' lang='grc' dir='ltr'><strong>ε</strong></span> <span class='ocrx_word' id='word_1_140' title='bbox 899 1622 951 1691; x_wconf 79' lang='grc' dir='ltr'><strong><em>ζ,</em></strong></span> <span class='ocrx_word' id='word_1_141' title='bbox 992 1626 1080 1675; x_wconf 83' lang='grc' dir='ltr'><strong>καὶ</strong></span> <span class='ocrx_word' id='word_1_142' title='bbox 1117 1625 1267 1676; x_wconf 83' lang='grc' dir='ltr'><em>ἔσται</em></span> <span class='ocrx_word' id='word_1_143' title='bbox 1320 1621 1369 1676; x_wconf 85' lang='grc' dir='ltr'><strong>έν</strong></span> <span class='ocrx_word' id='word_1_144' title='bbox 1411 1627 1484 1692; x_wconf 86' lang='grc' dir='ltr'><strong>τῷ</strong></span> <span class='ocrx_word' id='word_1_145' title='bbox 1537 1620 1676 1692; x_wconf 74' lang='grc' dir='ltr'><em>αὐτῳ</em></span> <span class='ocrx_word' id='word_1_146' title='bbox 1733 1624 1910 1693; x_wconf 84' lang='grc' dir='ltr'><em>χρόνῳ</em></span> <span class='ocrx_word' id='word_1_147' title='bbox 1969 1624 2159 1692; x_wconf 84' lang='grc' dir='ltr'><em>μείζων</em></span> 
     </span>
    </p>
   </div>
   <div class='ocr_carea' id='block_1_17' title="bbox 883 1755 2690 2303">
    <p class='ocr_par' dir='ltr' id='par_1_17' title="bbox 1493 1856 1995 2185">
     <span class='ocr_line' id='line_1_17' title="bbox 1495 1856 1995 1892; baseline 0 0"><span class='ocrx_word' id='word_1_148' title='bbox 1495 1856 1995 1892; x_wconf 67' lang='grc' dir='ltr'><strong>ααα</strong></span> 
     </span>
     <span class='ocr_line' id='line_1_18' title="bbox 1493 2149 1988 2185; baseline -0.006 0"><span class='ocrx_word' id='word_1_149' title='bbox 1493 2149 1988 2185; x_wconf 62' lang='grc' dir='ltr'><em>«αα</em></span> 
     </span>
    </p>
   </div>
   <div class='ocr_carea' id='block_1_18' title="bbox 2028 237 2365 297">
    <p class='ocr_par' dir='ltr' id='par_1_18' title="bbox 2028 237 2365 297">
     <span class='ocr_line' id='line_1_19' title="bbox 2028 237 2365 297; baseline -0.009 0"><span class='ocrx_word' id='word_1_150' title='bbox 2028 237 2365 297; x_wconf 76' lang='lat' dir='ltr'><strong>ADDENDA</strong></span> 
     </span>
    </p>
   </div>
   <div class='ocr_carea' id='block_1_19' title="bbox 1082 358 3912 443">
    <p class='ocr_par' dir='ltr' id='par_1_19' title="bbox 1082 358 3912 443">
     <span class='ocr_line' id='line_1_20' title="bbox 1082 358 3912 443; baseline -0.004 -22"><span class='ocrx_word' id='word_1_151' title='bbox 1082 366 1142 423; x_wconf 69' lang='grc' dir='ltr'><strong>δὶ</strong></span> <span class='ocrx_word' id='word_1_152' title='bbox 1220 369 1308 420; x_wconf 80' lang='grc' dir='ltr'><strong>καὶ</strong></span> <span class='ocrx_word' id='word_1_153' title='bbox 1397 367 1429 426; x_wconf 74' lang='grc' dir='ltr'><strong>ἦ</strong></span> <span class='ocrx_word' id='word_1_154' title='bbox 1519 367 1553 441; x_wconf 83' lang='grc' dir='ltr'><em>β</em></span> <span class='ocrx_word' id='word_1_155' title='bbox 1621 389 1670 440; x_wconf 85' lang='lat'><strong><em>7.</em></strong></span> <span class='ocrx_word' id='word_1_156' title='bbox 1719 365 2050 443; x_wconf 76' lang='grc' dir='ltr'><em>Προεδείχθη</em></span> <span class='ocrx_word' id='word_1_157' title='bbox 2096 363 2155 425; x_wconf 60' lang='grc' dir='ltr'><strong>δὴ</strong></span> <span class='ocrx_word' id='word_1_158' title='bbox 2193 373 2238 428; x_wconf 79' lang='grc' dir='ltr'><strong>Α</strong></span> <span class='ocrx_word' id='word_1_159' title='bbox 2267 367 2355 417; x_wconf 78' lang='grc' dir='ltr'><strong>καὶ</strong></span> <span class='ocrx_word' id='word_1_160' title='bbox 2385 360 2602 415; x_wconf 76' lang='grc' dir='ltr'><em>ἐλάττων</em></span> <span class='ocrx_word' id='word_1_161' title='bbox 2642 364 2726 414; x_wconf 72' lang='grc' dir='ltr'><strong>καὶ</strong></span> <span class='ocrx_word' id='word_1_162' title='bbox 2759 359 2962 414; x_wconf 74' lang='grc' dir='ltr'><em>ἐναντία</em></span> <span class='ocrx_word' id='word_1_163' title='bbox 2991 360 3123 418; x_wconf 70' lang='grc' dir='ltr'><em>αὐτὴ</em></span> <span class='ocrx_word' id='word_1_164' title='bbox 3154 359 3330 418; x_wconf 77' lang='grc' dir='ltr'><em>ἐαῦτῆ.</em></span> <span class='ocrx_word' id='word_1_165' title='bbox 3389 358 3576 433; x_wconf 78' lang='grc' dir='ltr'><em>Τὸγάρ</em></span> <span class='ocrx_word' id='word_1_166' title='bbox 3623 364 3806 430; x_wconf 81' lang='grc' dir='ltr'><em>μεῖζον</em></span> <span class='ocrx_word' id='word_1_167' title='bbox 3849 368 3912 430; x_wconf 74' lang='grc' dir='ltr'><em>τῷ</em></span> 
     </span>
    </p>
   </div>
   <div class='ocr_carea' id='block_1_20' title="bbox 3773 234 3906 292">
    <p class='ocr_par' dir='ltr' id='par_1_20' title="bbox 3773 234 3906 292">
     <span class='ocr_line' id='line_1_21' title="bbox 3773 234 3906 292; baseline 0.03 -4"><span class='ocrx_word' id='word_1_168' title='bbox 3773 234 3906 292; x_wconf 74' lang='grc'><strong>1336</strong></span> 
     </span>
    </p>
   </div>
   <div class='ocr_carea' id='block_1_21' title="bbox 2267 445 3911 522">
    <p class='ocr_par' dir='ltr' id='par_1_21' title="bbox 2267 445 3911 522">
     <span class='ocr_line' id='line_1_22' title="bbox 2267 445 3911 522; baseline -0.002 -16"><span class='ocrx_word' id='word_1_169' title='bbox 2267 454 2497 507; x_wconf 79' lang='grc' dir='ltr'><em>ἐλάττονι</em></span> <span class='ocrx_word' id='word_1_170' title='bbox 2548 451 2766 505; x_wconf 83' lang='grc' dir='ltr'><em>ἐναντίον</em></span> <span class='ocrx_word' id='word_1_171' title='bbox 2839 454 2903 512; x_wconf 85' lang='grc' dir='ltr'>ὡς</span> <span class='ocrx_word' id='word_1_172' title='bbox 2979 451 3338 522; x_wconf 74' lang='grc' dir='ltr'><strong>ἀντικείμενον,</strong></span> <span class='ocrx_word' id='word_1_173' title='bbox 3405 453 3636 520; x_wconf 79' lang='grc' dir='ltr'><em>Ὁμοίως</em></span> <span class='ocrx_word' id='word_1_174' title='bbox 3722 445 3784 504; x_wconf 70' lang='grc' dir='ltr'><strong>δὲ</strong></span> <span class='ocrx_word' id='word_1_175' title='bbox 3838 457 3911 502; x_wconf 69' lang='grc' dir='ltr'><em>καὶ</em></span> 
     </span>
    </p>
   </div>
   <div class='ocr_carea' id='block_1_22' title="bbox 2266 538 3911 616">
    <p class='ocr_par' dir='ltr' id='par_1_22' title="bbox 2266 538 3911 616">
     <span class='ocr_line' id='line_1_23' title="bbox 2266 538 3911 616; baseline -0.004 -20"><span class='ocrx_word' id='word_1_176' title='bbox 2266 545 2295 604; x_wconf 83' lang='grc' dir='ltr'><strong>ἠ</strong></span> <span class='ocrx_word' id='word_1_177' title='bbox 2326 565 2358 596; x_wconf 92' lang='grc' dir='ltr'><strong>α</strong></span> <span class='ocrx_word' id='word_1_178' title='bbox 2388 542 2422 616; x_wconf 80' lang='grc' dir='ltr'><strong><em>β</em></strong></span> <span class='ocrx_word' id='word_1_179' title='bbox 2453 564 2485 615; x_wconf 92' lang='lat'><strong>7</strong></span> <span class='ocrx_word' id='word_1_180' title='bbox 2545 543 2690 595; x_wconf 87' lang='grc' dir='ltr'><em>ἐσται</em></span> <span class='ocrx_word' id='word_1_181' title='bbox 2724 541 2913 614; x_wconf 80' lang='grc' dir='ltr'><em>μείζων</em></span> <span class='ocrx_word' id='word_1_182' title='bbox 2962 548 3054 602; x_wconf 81' lang='grc' dir='ltr'><em>τῆς</em></span> <span class='ocrx_word' id='word_1_183' title='bbox 3109 538 3144 611; x_wconf 85' lang='grc' dir='ltr'><strong><em>β</em></strong></span> <span class='ocrx_word' id='word_1_184' title='bbox 3209 560 3242 610; x_wconf 86' lang='lat'><strong>7</strong></span> <span class='ocrx_word' id='word_1_185' title='bbox 3291 542 3379 590; x_wconf 81' lang='grc' dir='ltr'><strong>καὶ</strong></span> <span class='ocrx_word' id='word_1_186' title='bbox 3422 540 3606 599; x_wconf 83' lang='grc' dir='ltr'><em>πάσης</em></span> <span class='ocrx_word' id='word_1_187' title='bbox 3650 548 3911 612; x_wconf 43' lang='lat' dir='ltr'><strong>manuni?</strong></span> 
     </span>
    </p>
   </div>
   <div class='ocr_carea' id='block_1_23' title="bbox 2268 628 3910 706">
    <p class='ocr_par' dir='ltr' id='par_1_23' title="bbox 2268 628 3910 706">
     <span class='ocr_line' id='line_1_24' title="bbox 2268 628 3910 706; baseline -0.022 -11"><span class='ocrx_word' id='word_1_188' title='bbox 2268 643 2360 696; x_wconf 81' lang='grc' dir='ltr'><strong>τῆς</strong></span> <span class='ocrx_word' id='word_1_189' title='bbox 2387 631 2445 686; x_wconf 61' lang='grc' dir='ltr'><strong>δὲ</strong></span> <span class='ocrx_word' id='word_1_190' title='bbox 2493 653 2526 685; x_wconf 87' lang='grc' dir='ltr'><strong>α</strong></span> <span class='ocrx_word' id='word_1_191' title='bbox 2582 632 2689 706; x_wconf 76' lang='grc' dir='ltr'><strong>βγ</strong></span> <span class='ocrx_word' id='word_1_192' title='bbox 2742 628 2776 683; x_wconf 83' lang='grc' dir='ltr'><em>δ</em></span> <span class='ocrx_word' id='word_1_193' title='bbox 2829 630 3044 683; x_wconf 77' lang='grc' dir='ltr'><em>ἐλάττων</em></span> <span class='ocrx_word' id='word_1_194' title='bbox 3083 634 3170 682; x_wconf 77' lang='grc' dir='ltr'><strong>καὶ</strong></span> <span class='ocrx_word' id='word_1_195' title='bbox 3226 630 3402 690; x_wconf 77' lang='grc' dir='ltr'><em>πάσης</em></span> <span class='ocrx_word' id='word_1_196' title='bbox 3458 629 3788 701; x_wconf 67' lang='grc' dir='ltr'><strong>ἐπιφανείας.</strong></span> <span class='ocrx_word' id='word_1_197' title='bbox 3840 641 3910 682; x_wconf 43' lang='grc' dir='ltr'><strong>καί</strong></span> 
     </span>
    </p>
   </div>
   <div class='ocr_carea' id='block_1_24' title="bbox 2267 717 3910 790">
    <p class='ocr_par' dir='ltr' id='par_1_24' title="bbox 2267 717 3910 790">
     <span class='ocr_line' id='line_1_25' title="bbox 2267 717 3910 790; baseline -0.004 -14"><span class='ocrx_word' id='word_1_198' title='bbox 2267 743 2416 776; x_wconf 78' lang='grc' dir='ltr'><em>εσται</em></span> <span class='ocrx_word' id='word_1_199' title='bbox 2462 722 2590 780; x_wconf 79' lang='grc' dir='ltr'><strong>αὐτή</strong></span> <span class='ocrx_word' id='word_1_200' title='bbox 2666 720 2848 781; x_wconf 79' lang='grc' dir='ltr'><em>ἑαυτῆς</em></span> <span class='ocrx_word' id='word_1_201' title='bbox 2913 719 3131 771; x_wconf 83' lang='grc' dir='ltr'><em>ἐλάττων</em></span> <span class='ocrx_word' id='word_1_202' title='bbox 3214 723 3303 772; x_wconf 83' lang='grc' dir='ltr'><em>καὶ</em></span> <span class='ocrx_word' id='word_1_203' title='bbox 3355 719 3550 790; x_wconf 76' lang='grc' dir='ltr'><em>μείζων</em></span> <span class='ocrx_word' id='word_1_204' title='bbox 3610 717 3686 770; x_wconf 83' lang='grc' dir='ltr'><strong>ἐνὶ</strong></span> <span class='ocrx_word' id='word_1_205' title='bbox 3739 728 3910 790; x_wconf 68' lang='grc' dir='ltr'><em>καιρῷ,</em></span> 
     </span>
    </p>
   </div>
   <div class='ocr_carea' id='block_1_25' title="bbox 2267 806 3913 883">
    <p class='ocr_par' dir='ltr' id='par_1_25' title="bbox 2267 806 3913 883">
     <span class='ocr_line' id='line_1_26' title="bbox 2267 806 3913 883; baseline -0.002 -20"><span class='ocrx_word' id='word_1_206' title='bbox 2267 812 2516 878; x_wconf 79' lang='grc' dir='ltr'><em>ᾡσαύτως</em></span> <span class='ocrx_word' id='word_1_207' title='bbox 2553 813 2642 861; x_wconf 81' lang='grc' dir='ltr'><strong>καὶ</strong></span> <span class='ocrx_word' id='word_1_208' title='bbox 2697 809 2902 862; x_wconf 75' lang='grc' dir='ltr'><em>ἐναντία</em></span> <span class='ocrx_word' id='word_1_209' title='bbox 2947 811 3072 883; x_wconf 83' lang='grc' dir='ltr'><strong>πρὸς</strong></span> <span class='ocrx_word' id='word_1_210' title='bbox 3112 806 3316 864; x_wconf 80' lang='grc' dir='ltr'><em>ἑαυτήν·</em></span> <span class='ocrx_word' id='word_1_211' title='bbox 3364 806 3590 858; x_wconf 78' lang='grc' dir='ltr'><em>ἐναντίον</em></span> <span class='ocrx_word' id='word_1_212' title='bbox 3647 809 3758 880; x_wconf 71' lang='grc' dir='ltr'><em>γάρ</em></span> <span class='ocrx_word' id='word_1_213' title='bbox 3817 812 3913 859; x_wconf 76' lang='grc' dir='ltr'><em>ἔστι</em></span> 
     </span>
    </p>
   </div>
   <div class='ocr_carea' id='block_1_26' title="bbox 2264 895 3912 972">
    <p class='ocr_par' dir='ltr' id='par_1_26' title="bbox 2264 895 3912 972">
     <span class='ocr_line' id='line_1_27' title="bbox 2264 895 3912 972; baseline -0.004 -18"><span class='ocrx_word' id='word_1_214' title='bbox 2264 903 2321 954; x_wconf 85' lang='grc' dir='ltr'><em>τὸ</em></span> <span class='ocrx_word' id='word_1_215' title='bbox 2344 899 2563 954; x_wconf 82' lang='grc' dir='ltr'><em>ἔλασσον</em></span> <span class='ocrx_word' id='word_1_216' title='bbox 2612 906 2684 968; x_wconf 82' lang='grc' dir='ltr'><strong>τῷ</strong></span> <span class='ocrx_word' id='word_1_217' title='bbox 2759 901 2958 970; x_wconf 79' lang='grc' dir='ltr'><em>μείζονι</em></span> <span class='ocrx_word' id='word_1_218' title='bbox 2988 918 3000 930; x_wconf 90' lang='grc'><strong>·</strong></span> <span class='ocrx_word' id='word_1_219' title='bbox 3042 897 3162 972; x_wconf 80' lang='grc' dir='ltr'><em>ὅπερ</em></span> <span class='ocrx_word' id='word_1_220' title='bbox 3216 895 3425 961; x_wconf 78' lang='grc' dir='ltr'><em>ἄτοπον,</em></span> <span class='ocrx_word' id='word_1_221' title='bbox 3453 895 3614 948; x_wconf 78' lang='grc' dir='ltr'><em>Ἀλλά</em></span> <span class='ocrx_word' id='word_1_222' title='bbox 3673 900 3784 968; x_wconf 73' lang='grc' dir='ltr'><em>μὴν</em></span> <span class='ocrx_word' id='word_1_223' title='bbox 3835 897 3912 950; x_wconf 66' lang='grc' dir='ltr'><strong>οὐκ</strong></span> 
     </span>
    </p>
   </div>
   <div class='ocr_carea' id='block_1_27' title="bbox 2265 981 3913 1062">
    <p class='ocr_par' dir='ltr' id='par_1_27' title="bbox 2265 981 3913 1062">
     <span class='ocr_line' id='line_1_28' title="bbox 2265 981 3913 1062; baseline -0.005 -18"><span class='ocrx_word' id='word_1_224' title='bbox 2265 993 2380 1044; x_wconf 80' lang='grc' dir='ltr'><em>ἔστι</em></span> <span class='ocrx_word' id='word_1_225' title='bbox 2435 996 2606 1044; x_wconf 82' lang='grc' dir='ltr'><em>τοῦτο.</em></span> <span class='ocrx_word' id='word_1_226' title='bbox 2657 995 2772 1049; x_wconf 85' lang='grc' dir='ltr'><strong>Πῶς</strong></span> <span class='ocrx_word' id='word_1_227' title='bbox 2812 991 2912 1062; x_wconf 71' lang='grc' dir='ltr'><em>γάρ</em></span> <span class='ocrx_word' id='word_1_228' title='bbox 2959 988 3070 1059; x_wconf 80' lang='grc' dir='ltr'><em>ἔχει</em></span> <span class='ocrx_word' id='word_1_229' title='bbox 3109 991 3310 1059; x_wconf 80' lang='grc' dir='ltr'><em>χώραν,</em></span> <span class='ocrx_word' id='word_1_230' title='bbox 3363 990 3453 1037; x_wconf 79' lang='grc' dir='ltr'><strong>καί</strong></span> <span class='ocrx_word' id='word_1_231' title='bbox 3507 981 3636 1037; x_wconf 67' lang='grc' dir='ltr'><em>οὐδὲ</em></span> <span class='ocrx_word' id='word_1_232' title='bbox 3695 985 3913 1046; x_wconf 74' lang='grc' dir='ltr'><em>ἐπίτασις</em></span> 
     </span>
    </p>
   </div>
   <div class='ocr_carea' id='block_1_28' title="bbox 2267 1075 3911 1148">
    <p class='ocr_par' dir='ltr' id='par_1_28' title="bbox 2267 1075 3911 1148">
     <span class='ocr_line' id='line_1_29' title="bbox 2267 1075 3911 1148; baseline -0.003 -16"><span class='ocrx_word' id='word_1_233' title='bbox 2267 1083 2406 1132; x_wconf 81' lang='grc' dir='ltr'><em>ἐστιν</em></span> <span class='ocrx_word' id='word_1_234' title='bbox 2439 1078 2467 1137; x_wconf 78' lang='grc' dir='ltr'><strong>ἣ</strong></span> <span class='ocrx_word' id='word_1_235' title='bbox 2497 1077 2664 1138; x_wconf 83' lang='grc' dir='ltr'><em>ἆνεσις</em></span> <span class='ocrx_word' id='word_1_236' title='bbox 2690 1077 2736 1130; x_wconf 87' lang='grc' dir='ltr'><strong>ἐν</strong></span> <span class='ocrx_word' id='word_1_237' title='bbox 2757 1084 2904 1146; x_wconf 81' lang='grc' dir='ltr'><em>ποσῷ</em></span> <span class='ocrx_word' id='word_1_238' title='bbox 2957 1094 2971 1143; x_wconf 88' lang='grc'>;</span> <span class='ocrx_word' id='word_1_239' title='bbox 3007 1077 3083 1128; x_wconf 86' lang='grc' dir='ltr'><em>Τά</em></span> <span class='ocrx_word' id='word_1_240' title='bbox 3142 1077 3236 1148; x_wconf 85' lang='grc' dir='ltr'><strong>θάρ</strong></span> <span class='ocrx_word' id='word_1_241' title='bbox 3293 1077 3684 1146; x_wconf 72' lang='grc' dir='ltr'><strong>συγκρινόμενα</strong></span> <span class='ocrx_word' id='word_1_242' title='bbox 3746 1075 3911 1147; x_wconf 45' lang='lat' dir='ltr'><strong>asses.</strong></span> 
     </span>
    </p>
   </div>
   <div class='ocr_carea' id='block_1_29' title="bbox 2266 1165 3917 1242">
    <p class='ocr_par' dir='ltr' id='par_1_29' title="bbox 2266 1165 3917 1242">
     <span class='ocr_line' id='line_1_30' title="bbox 2266 1165 3917 1242; baseline -0.003 -20"><span class='ocrx_word' id='word_1_243' title='bbox 2266 1175 2407 1242; x_wconf 83' lang='grc' dir='ltr'><em>ἔχειν</em></span> <span class='ocrx_word' id='word_1_244' title='bbox 2435 1173 2491 1222; x_wconf 85' lang='grc' dir='ltr'><em>τὸ</em></span> <span class='ocrx_word' id='word_1_245' title='bbox 2549 1165 2825 1242; x_wconf 78' lang='grc' dir='ltr'><em>ὁμοιειὸἐς.</em></span> <span class='ocrx_word' id='word_1_246' title='bbox 2873 1171 3092 1241; x_wconf 78' lang='grc' dir='ltr'><strong>Γραμμὴ</strong></span> <span class='ocrx_word' id='word_1_247' title='bbox 3146 1172 3270 1237; x_wconf 75' lang='grc' dir='ltr'><em>γοῦν</em></span> <span class='ocrx_word' id='word_1_248' title='bbox 3322 1169 3455 1239; x_wconf 78' lang='grc' dir='ltr'><em>πρὴς</em></span> <span class='ocrx_word' id='word_1_249' title='bbox 3509 1171 3794 1238; x_wconf 75' lang='grc' dir='ltr'><em>γραμμὴν,</em></span> <span class='ocrx_word' id='word_1_250' title='bbox 3840 1173 3917 1217; x_wconf 76' lang='grc' dir='ltr'><em>καὶ</em></span> 
     </span>
    </p>
   </div>
   <div class='ocr_carea' id='block_1_30' title="bbox 2267 1257 3919 1335">
    <p class='ocr_par' dir='ltr' id='par_1_30' title="bbox 2267 1257 3919 1335">
     <span class='ocr_line' id='line_1_31' title="bbox 2267 1257 3919 1335; baseline -0.011 -19"><span class='ocrx_word' id='word_1_251' title='bbox 2267 1262 2532 1334; x_wconf 75' lang='grc' dir='ltr'><em>ἐπιφάνεια</em></span> <span class='ocrx_word' id='word_1_252' title='bbox 2593 1278 2722 1335; x_wconf 84' lang='grc' dir='ltr'><em>προς</em></span> <span class='ocrx_word' id='word_1_253' title='bbox 2787 1257 3112 1330; x_wconf 77' lang='grc' dir='ltr'><em>ἐπιφάνειαν,</em></span> <span class='ocrx_word' id='word_1_254' title='bbox 3184 1261 3272 1307; x_wconf 80' lang='grc' dir='ltr'><strong>καὶ</strong></span> <span class='ocrx_word' id='word_1_255' title='bbox 3338 1257 3542 1328; x_wconf 83' lang='grc' dir='ltr'><em>στερεὸν</em></span> <span class='ocrx_word' id='word_1_256' title='bbox 3609 1274 3749 1327; x_wconf 78' lang='grc' dir='ltr'><em>προς</em></span> <span class='ocrx_word' id='word_1_257' title='bbox 3815 1274 3919 1307; x_wconf 70' lang='grc' dir='ltr'><em>στι-</em></span> 
     </span>
    </p>
   </div>
   <div class='ocr_carea' id='block_1_31' title="bbox 2267 1344 3921 1428">
    <p class='ocr_par' dir='ltr' id='par_1_31' title="bbox 2267 1344 3921 1428">
     <span class='ocr_line' id='line_1_32' title="bbox 2267 1344 3921 1428; baseline -0.005 -24"><span class='ocrx_word' id='word_1_258' title='bbox 2267 1370 2378 1428; x_wconf 85' lang='grc' dir='ltr'><em>ρεον</em></span> <span class='ocrx_word' id='word_1_259' title='bbox 2433 1350 2908 1424; x_wconf 72' lang='grc' dir='ltr'><em>σνγκρινεσθωσαν·</em></span> <span class='ocrx_word' id='word_1_260' title='bbox 2967 1366 3057 1398; x_wconf 78' lang='grc' dir='ltr'><strong>και</strong></span> <span class='ocrx_word' id='word_1_261' title='bbox 3114 1348 3252 1398; x_wconf 85' lang='grc' dir='ltr'><em>ἔστιν</em></span> <span class='ocrx_word' id='word_1_262' title='bbox 3308 1344 3356 1396; x_wconf 84' lang='grc' dir='ltr'><strong>ἐν</strong></span> <span class='ocrx_word' id='word_1_263' title='bbox 3414 1348 3644 1413; x_wconf 72' lang='grc' dir='ltr'><em>ἐκείνοις,</em></span> <span class='ocrx_word' id='word_1_264' title='bbox 3712 1345 3758 1396; x_wconf 84' lang='grc' dir='ltr'><em>εἰ</em></span> <span class='ocrx_word' id='word_1_265' title='bbox 3805 1365 3921 1416; x_wconf 66' lang='grc' dir='ltr'><strong>συγ·</strong></span> 
     </span>
    </p>
   </div>
   <div class='ocr_carea' id='block_1_32' title="bbox 2265 1431 3917 1516">
    <p class='ocr_par' dir='ltr' id='par_1_32' title="bbox 2265 1431 3917 1516">
     <span class='ocr_line' id='line_1_33' title="bbox 2265 1431 3917 1516; baseline -0.004 -23"><span class='ocrx_word' id='word_1_266' title='bbox 2265 1445 2516 1516; x_wconf 81' lang='grc' dir='ltr'><em>κρίνοιντο</em></span> <span class='ocrx_word' id='word_1_267' title='bbox 2565 1445 2635 1509; x_wconf 85' lang='grc' dir='ltr'><em>τῷ</em></span> <span class='ocrx_word' id='word_1_268' title='bbox 2711 1444 2877 1508; x_wconf 83' lang='grc' dir='ltr'><em>ποσῷ,</em></span> <span class='ocrx_word' id='word_1_269' title='bbox 2909 1438 2966 1489; x_wconf 86' lang='grc' dir='ltr'><em>τὸ</em></span> <span class='ocrx_word' id='word_1_270' title='bbox 3038 1433 3149 1488; x_wconf 88' lang='grc' dir='ltr'><em>ἶσον</em></span> <span class='ocrx_word' id='word_1_271' title='bbox 3194 1437 3284 1486; x_wconf 79' lang='grc' dir='ltr'><strong>καί</strong></span> <span class='ocrx_word' id='word_1_272' title='bbox 3348 1432 3552 1501; x_wconf 77' lang='grc' dir='ltr'><em>ἄνισον,</em></span> <span class='ocrx_word' id='word_1_273' title='bbox 3625 1437 3830 1486; x_wconf 74' lang='grc' dir='ltr'><em>οὔκουν</em></span> <span class='ocrx_word' id='word_1_274' title='bbox 3874 1431 3917 1487; x_wconf 77' lang='grc' dir='ltr'><strong>δ’</strong></span> 
     </span>
    </p>
   </div>
   <div class='ocr_carea' id='block_1_33' title="bbox 2269 1520 3925 1596">
    <p class='ocr_par' dir='ltr' id='par_1_33' title="bbox 2269 1520 3925 1596">
     <span class='ocr_line' id='line_1_34' title="bbox 2269 1520 3925 1596; baseline -0.004 -13"><span class='ocrx_word' id='word_1_275' title='bbox 2269 1530 2503 1590; x_wconf 75' lang='grc' dir='ltr'><strong>ἐπίτασις</strong></span> <span class='ocrx_word' id='word_1_276' title='bbox 2531 1526 2637 1581; x_wconf 79' lang='grc' dir='ltr'><strong>σῦν’</strong></span> <span class='ocrx_word' id='word_1_277' title='bbox 2676 1525 2870 1594; x_wconf 76' lang='grc' dir='ltr'><em>ἄνεσις,</em></span> <span class='ocrx_word' id='word_1_278' title='bbox 2895 1522 2999 1578; x_wconf 86' lang='grc' dir='ltr'><em>οἷον</em></span> <span class='ocrx_word' id='word_1_279' title='bbox 3026 1527 3089 1584; x_wconf 78' lang='grc' dir='ltr'><strong>ὡς</strong></span> <span class='ocrx_word' id='word_1_280' title='bbox 3110 1527 3192 1576; x_wconf 80' lang='grc' dir='ltr'><em>ἐπί</em></span> <span class='ocrx_word' id='word_1_281' title='bbox 3219 1531 3318 1576; x_wconf 87' lang='grc' dir='ltr'><em>τῶν</em></span> <span class='ocrx_word' id='word_1_282' title='bbox 3349 1525 3417 1584; x_wconf 83' lang='grc' dir='ltr'><strong>ὡς</strong></span> <span class='ocrx_word' id='word_1_283' title='bbox 3444 1520 3528 1574; x_wconf 83' lang='grc' dir='ltr'><em>ἐπί</em></span> <span class='ocrx_word' id='word_1_284' title='bbox 3588 1520 3730 1581; x_wconf 74' lang='grc' dir='ltr'><em>τῆδι</em></span> <span class='ocrx_word' id='word_1_285' title='bbox 3795 1543 3925 1596; x_wconf 70' lang='grc' dir='ltr'><strong>σχη-</strong></span> 
     </span>
    </p>
   </div>
   <div class='ocr_carea' id='block_1_34' title="bbox 2993 1610 3582 1667">
    <p class='ocr_par' dir='ltr' id='par_1_34' title="bbox 2993 1610 3582 1667">
     <span class='ocr_line' id='line_1_35' title="bbox 2993 1610 3582 1667; baseline -0.005 0"><span class='ocrx_word' id='word_1_286' title='bbox 2993 1610 3085 1667; x_wconf 86' lang='grc' dir='ltr'><em>ἶσα</em></span> <span class='ocrx_word' id='word_1_287' title='bbox 3148 1616 3237 1666; x_wconf 82' lang='grc' dir='ltr'><em>καί</em></span> <span class='ocrx_word' id='word_1_288' title='bbox 3307 1611 3481 1664; x_wconf 78' lang='grc' dir='ltr'><em>ἄνισα·</em></span> <span class='ocrx_word' id='word_1_289' title='bbox 3555 1612 3582 1664; x_wconf 85' lang='grc' dir='ltr'><strong><em>ὁ</em></strong></span> 
     </span>
    </p>
   </div>
   <div class='ocr_carea' id='block_1_35' title="bbox 2797 1616 3933 1691">
    <p class='ocr_par' dir='ltr' id='par_1_35' title="bbox 2797 1616 3933 1691">
     <span class='ocr_line' id='line_1_36' title="bbox 2797 1616 3933 1691; baseline -0.001 -23"><span class='ocrx_word' id='word_1_290' title='bbox 2797 1617 2896 1691; x_wconf 72' lang='grc' dir='ltr'><em>γάρ</em></span> <span class='ocrx_word' id='word_1_291' title='bbox 2993 1616 3085 1667; x_wconf 86' lang='grc' dir='ltr'><em>ἶσα</em></span> <span class='ocrx_word' id='word_1_292' title='bbox 3148 1616 3237 1666; x_wconf 82' lang='grc' dir='ltr'><em>καί</em></span> <span class='ocrx_word' id='word_1_293' title='bbox 3307 1616 3481 1664; x_wconf 78' lang='grc' dir='ltr'><em>ἄνισα·</em></span> <span class='ocrx_word' id='word_1_294' title='bbox 3555 1616 3582 1664; x_wconf 84' lang='grc' dir='ltr'><strong>ὁ</strong></span> <span class='ocrx_word' id='word_1_295' title='bbox 3666 1616 3774 1688; x_wconf 69' lang='grc' dir='ltr'><em>γάρ</em></span> <span class='ocrx_word' id='word_1_296' title='bbox 3825 1621 3933 1688; x_wconf 70' lang='grc' dir='ltr'><em>τρια</em></span> 
     </span>
    </p>
   </div>
   <div class='ocr_carea' id='block_1_36' title="bbox 2270 1623 2468 1694">
    <p class='ocr_par' dir='ltr' id='par_1_36' title="bbox 2270 1623 2468 1694">
     <span class='ocr_line' id='line_1_37' title="bbox 2270 1623 2468 1694; baseline 0 -21"><span class='ocrx_word' id='word_1_297' title='bbox 2270 1623 2468 1694; x_wconf 77' lang='grc' dir='ltr'><strong>μάτων⁸</strong></span> 
     </span>
    </p>
   </div>
   <div class='ocr_carea' id='block_1_37' title="bbox 2541 1625 2688 1690">
    <p class='ocr_par' dir='ltr' id='par_1_37' title="bbox 2541 1625 2688 1690">
     <span class='ocr_line' id='line_1_38' title="bbox 2541 1625 2688 1690; baseline -0.007 -18"><span class='ocrx_word' id='word_1_298' title='bbox 2541 1625 2688 1690; x_wconf 80' lang='grc' dir='ltr'><em>ποσῷ</em></span> 
     </span>
    </p>
   </div>
   <div class='ocr_carea' id='block_1_38' title="bbox 2877 1847 3606 2250">
    <p class='ocr_par' dir='ltr' id='par_1_38' title="bbox 2961 1953 3475 2145">
     <span class='ocr_line' id='line_1_39' title="bbox 2967 1953 3473 1989; baseline -0.006 1"><span class='ocrx_word' id='word_1_299' title='bbox 2967 1959 3001 1989; x_wconf 76' lang='grc' dir='ltr'><strong>α</strong></span> <span class='ocrx_word' id='word_1_300' title='bbox 3215 1953 3252 1989; x_wconf 81' lang='grc' dir='ltr'><strong>α</strong></span> <span class='ocrx_word' id='word_1_301' title='bbox 3436 1954 3473 1986; x_wconf 74' lang='grc' dir='ltr'><strong>α</strong></span> 
     </span>
     <span class='ocr_line' id='line_1_40' title="bbox 2961 2103 3475 2145; baseline -0.012 1"><span class='ocrx_word' id='word_1_302' title='bbox 2961 2111 3001 2145; x_wconf 76' lang='grc' dir='ltr'><strong>ο.</strong></span> <span class='ocrx_word' id='word_1_303' title='bbox 3215 2108 3253 2144; x_wconf 78' lang='grc' dir='ltr'><strong>α</strong></span> <span class='ocrx_word' id='word_1_304' title='bbox 3436 2103 3475 2139; x_wconf 82' lang='grc' dir='ltr'><strong>α</strong></span> 
     </span>
    </p>
   </div>
   <div class='ocr_carea' id='block_1_39' title="bbox 515 2405 3944 2484">
    <p class='ocr_par' dir='ltr' id='par_1_39' title="bbox 515 2405 3944 2484">
     <span class='ocr_line' id='line_1_41' title="bbox 515 2405 3944 2484; baseline -0.001 -25"><span class='ocrx_word' id='word_1_305' title='bbox 515 2414 588 2477; x_wconf 86' lang='grc' dir='ltr'><em>τῷ</em></span> <span class='ocrx_word' id='word_1_306' title='bbox 644 2409 766 2481; x_wconf 85' lang='grc' dir='ltr'><em>τρία</em></span> <span class='ocrx_word' id='word_1_307' title='bbox 829 2405 962 2476; x_wconf 84' lang='grc' dir='ltr'><em>ἶσος,</em></span> <span class='ocrx_word' id='word_1_308' title='bbox 1020 2417 1093 2482; x_wconf 83' lang='grc' dir='ltr'><strong>τῷ</strong></span> <span class='ocrx_word' id='word_1_309' title='bbox 1149 2406 1209 2463; x_wconf 61' lang='grc' dir='ltr'><em>δε</em></span> <span class='ocrx_word' id='word_1_310' title='bbox 1266 2409 1318 2474; x_wconf 76' lang='grc' dir='ltr'><strong>ἐξ</strong></span> <span class='ocrx_word' id='word_1_311' title='bbox 1373 2409 1632 2473; x_wconf 77' lang='grc' dir='ltr'><em>ἆνισοςοό</em></span> <span class='ocrx_word' id='word_1_312' title='bbox 1687 2409 1745 2466; x_wconf 67' lang='grc' dir='ltr'><em>δε</em></span> <span class='ocrx_word' id='word_1_313' title='bbox 1794 2413 1846 2476; x_wconf 84' lang='grc' dir='ltr'><strong>ἔξ</strong></span> <span class='ocrx_word' id='word_1_314' title='bbox 1883 2421 1954 2484; x_wconf 85' lang='grc' dir='ltr'><strong>τῷ</strong></span> <span class='ocrx_word' id='word_1_315' title='bbox 1983 2412 2037 2476; x_wconf 82' lang='grc' dir='ltr'><strong>ἓξ</strong></span> <span class='ocrx_word' id='word_1_316' title='bbox 2064 2413 2172 2473; x_wconf 84' lang='grc' dir='ltr'><em>ἶσος</em></span> <span class='ocrx_word' id='word_1_317' title='bbox 2212 2413 2252 2468; x_wconf 89' lang='grc' dir='ltr'><strong>Β</strong></span> <span class='ocrx_word' id='word_1_318' title='bbox 2284 2415 2422 2465; x_wconf 80' lang='grc' dir='ltr'><em>ἐννέα</em></span> <span class='ocrx_word' id='word_1_319' title='bbox 2468 2408 2572 2479; x_wconf 83' lang='grc' dir='ltr'><strong>σόἷ,</strong></span> <span class='ocrx_word' id='word_1_320' title='bbox 2629 2419 2702 2482; x_wconf 78' lang='grc' dir='ltr'><em>τῷ</em></span> <span class='ocrx_word' id='word_1_321' title='bbox 2783 2407 2841 2462; x_wconf 67' lang='grc' dir='ltr'><strong>δί</strong></span> <span class='ocrx_word' id='word_1_322' title='bbox 2903 2407 3034 2462; x_wconf 79' lang='grc' dir='ltr'><em>δέκα</em></span> <span class='ocrx_word' id='word_1_323' title='bbox 3089 2411 3288 2479; x_wconf 59' lang='grc' dir='ltr'><em>ἄνισος,</em></span> <span class='ocrx_word' id='word_1_324' title='bbox 3345 2405 3474 2459; x_wconf 78' lang='grc' dir='ltr'><em>ἀλλά</em></span> <span class='ocrx_word' id='word_1_325' title='bbox 3527 2411 3620 2458; x_wconf 75' lang='grc' dir='ltr'><em>καί</em></span> <span class='ocrx_word' id='word_1_326' title='bbox 3685 2414 3762 2476; x_wconf 76' lang='grc' dir='ltr'><em>τῷ</em></span> <span class='ocrx_word' id='word_1_327' title='bbox 3814 2407 3944 2467; x_wconf 74' lang='grc' dir='ltr'><strong>έζοὲ</strong></span> 
     </span>
    </p>
   </div>
   <div class='ocr_carea' id='block_1_40' title="bbox 513 2491 2165 2577">
    <p class='ocr_par' dir='ltr' id='par_1_40' title="bbox 513 2491 2165 2577">
     <span class='ocr_line' id='line_1_42' title="bbox 513 2491 2165 2577; baseline 0.002 -27"><span class='ocrx_word' id='word_1_328' title='bbox 513 2502 587 2566; x_wconf 80' lang='grc' dir='ltr'><em>τῷ</em></span> <span class='ocrx_word' id='word_1_329' title='bbox 616 2491 674 2549; x_wconf 75' lang='grc' dir='ltr'><strong>δὲ</strong></span> <span class='ocrx_word' id='word_1_330' title='bbox 693 2497 832 2549; x_wconf 80' lang='grc' dir='ltr'><em>ἐννέοῖ</em></span> <span class='ocrx_word' id='word_1_331' title='bbox 859 2496 1059 2571; x_wconf 76' lang='grc' dir='ltr'><em>ἄνισος,</em></span> <span class='ocrx_word' id='word_1_332' title='bbox 1095 2497 1224 2554; x_wconf 77' lang='grc' dir='ltr'><em>ἀλλά</em></span> <span class='ocrx_word' id='word_1_333' title='bbox 1276 2504 1366 2554; x_wconf 81' lang='grc' dir='ltr'><strong>καὶ</strong></span> <span class='ocrx_word' id='word_1_334' title='bbox 1407 2520 1478 2573; x_wconf 84' lang='grc' dir='ltr'><em>τῳ</em></span> <span class='ocrx_word' id='word_1_335' title='bbox 1526 2507 1664 2577; x_wconf 73' lang='grc' dir='ltr'><em>τρία·</em></span> <span class='ocrx_word' id='word_1_336' title='bbox 1719 2503 1743 2555; x_wconf 84' lang='grc' dir='ltr'>ὁ</span> <span class='ocrx_word' id='word_1_337' title='bbox 1793 2499 1853 2556; x_wconf 72' lang='grc' dir='ltr'><strong>δὲ</strong></span> <span class='ocrx_word' id='word_1_338' title='bbox 1902 2501 2040 2555; x_wconf 75' lang='grc' dir='ltr'><em>ἐννέη</em></span> <span class='ocrx_word' id='word_1_339' title='bbox 2096 2510 2165 2574; x_wconf 77' lang='grc' dir='ltr'><em>νῷ</em></span> 
     </span>
    </p>
   </div>
   <div class='ocr_carea' id='block_1_41' title="bbox 1072 2719 2643 3250">
    <p class='ocr_par' dir='ltr' id='par_1_41' title="bbox 1072 2723 2639 3248">
     <span class='ocr_line' id='line_1_43' title="bbox 1296 2847 1330 2878; baseline 0 0"><span class='ocrx_word' id='word_1_340' title='bbox 1296 2847 1330 2878; x_wconf 76' lang='grc' dir='ltr'><strong>α</strong></span> 
     </span>
     <span class='ocr_line' id='line_1_44' title="bbox 2028 2884 2513 2925; baseline 0.014 -7"><span class='ocrx_word' id='word_1_341' title='bbox 2028 2884 2067 2918; x_wconf 72' lang='grc' dir='ltr'>α</span> <span class='ocrx_word' id='word_1_342' title='bbox 2250 2888 2287 2922; x_wconf 76' lang='grc' dir='ltr'>α</span> <span class='ocrx_word' id='word_1_343' title='bbox 2473 2890 2513 2925; x_wconf 71' lang='grc' dir='ltr'><strong>α</strong></span> 
     </span>
     <span class='ocr_line' id='line_1_45' title="bbox 1227 2958 1393 2990; baseline -0.012 0"><span class='ocrx_word' id='word_1_344' title='bbox 1227 2960 1264 2990; x_wconf 72' lang='grc' dir='ltr'><strong>α</strong></span> <span class='ocrx_word' id='word_1_345' title='bbox 1363 2958 1393 2988; x_wconf 80' lang='grc' dir='ltr'><strong>ιι</strong></span> 
     </span>
     <span class='ocr_line' id='line_1_46' title="bbox 1072 2723 2639 3200; baseline -0.004 3"><span class='ocrx_word' id='word_1_346' title='bbox 1072 2723 1575 3136; x_wconf 55' lang='lat' dir='ltr'><strong>/a/a\</strong></span> 
     </span>
     <span class='ocr_line' id='line_1_47' title="bbox 1076 3137 1610 3198; baseline -0.019 0"><span class='ocrx_word' id='word_1_347' title='bbox 1076 3164 1109 3198; x_wconf 75' lang='grc' dir='ltr'><strong>ει</strong></span> <span class='ocrx_word' id='word_1_348' title='bbox 1199 3163 1233 3196; x_wconf 74' lang='grc' dir='ltr'><strong>α</strong></span> <span class='ocrx_word' id='word_1_349' title='bbox 1363 3162 1394 3192; x_wconf 78' lang='grc' dir='ltr'><strong>α</strong></span> <span class='ocrx_word' id='word_1_350' title='bbox 1495 3137 1610 3196; x_wconf 80' lang='lat' dir='ltr'><strong>a.\</strong></span> 
     </span>
     <span class='ocr_line' id='line_1_48' title="bbox 1072 3212 1637 3248; baseline -0.014 3"><span class='ocrx_word' id='word_1_351' title='bbox 1072 3212 1637 3248; x_wconf 64' lang='lat'><strong>__.....___..__...._._.___5</strong></span> 
     </span>
    </p>
   </div>
   <div class='ocr_carea' id='block_1_42' title="bbox 529 3373 3216 3448">
    <p class='ocr_par' dir='ltr' id='par_1_42' title="bbox 529 3373 3216 3448">
     <span class='ocr_line' id='line_1_49' title="bbox 529 3373 3216 3448; baseline 0 -18"><span class='ocrx_word' id='word_1_352' title='bbox 529 3380 663 3431; x_wconf 82' lang='lat' dir='ltr'><strong>Esto</strong></span> <span class='ocrx_word' id='word_1_353' title='bbox 721 3389 760 3432; x_wconf 85' lang='grc' dir='ltr'><strong>α</strong></span> <span class='ocrx_word' id='word_1_354' title='bbox 817 3389 847 3431; x_wconf 89' lang='lat' dir='ltr'><strong>c</strong></span> <span class='ocrx_word' id='word_1_355' title='bbox 887 3373 928 3428; x_wconf 87' lang='lat' dir='ltr'><strong>d</strong></span> <span class='ocrx_word' id='word_1_356' title='bbox 976 3373 1152 3442; x_wconf 89' lang='lat' dir='ltr'><strong>linea,</strong></span> <span class='ocrx_word' id='word_1_357' title='bbox 1199 3375 1460 3448; x_wconf 81' lang='lat' dir='ltr'><strong>itemque</strong></span> <span class='ocrx_word' id='word_1_358' title='bbox 1516 3377 1548 3431; x_wconf 81' lang='grc' dir='ltr'>ὁ</span> <span class='ocrx_word' id='word_1_359' title='bbox 1599 3392 1650 3432; x_wconf 88' lang='lat' dir='ltr'><strong>c.</strong></span> <span class='ocrx_word' id='word_1_360' title='bbox 1693 3377 1872 3433; x_wconf 87' lang='lat' dir='ltr'><strong>Paulo</strong></span> <span class='ocrx_word' id='word_1_361' title='bbox 1919 3381 2056 3434; x_wconf 92' lang='lat' dir='ltr'><strong>ante</strong></span> <span class='ocrx_word' id='word_1_362' title='bbox 2088 3377 2189 3434; x_wconf 91' lang='lat' dir='ltr'><strong>dc-</strong></span> <span class='ocrx_word' id='word_1_363' title='bbox 2221 3378 2263 3431; x_wconf 93' lang='lat' dir='ltr'>C</span> <span class='ocrx_word' id='word_1_364' title='bbox 2303 3375 2486 3432; x_wconf 91' lang='lat' dir='ltr'><strong>modo</strong></span> <span class='ocrx_word' id='word_1_365' title='bbox 2509 3375 2615 3430; x_wconf 88' lang='lat' dir='ltr'><strong>erit</strong></span> <span class='ocrx_word' id='word_1_366' title='bbox 2673 3373 2786 3430; x_wconf 90' lang='lat' dir='ltr'><strong>sibi</strong></span> <span class='ocrx_word' id='word_1_367' title='bbox 2846 3373 3143 3430; x_wconf 88' lang='lat' dir='ltr'><strong>contraria</strong></span> <span class='ocrx_word' id='word_1_368' title='bbox 3203 3391 3216 3430; x_wconf 89' lang='lat'><strong>:</strong></span> 
     </span>
    </p>
   </div>
   <div class='ocr_carea' id='block_1_43' title="bbox 529 3463 2192 3539">
    <p class='ocr_par' dir='ltr' id='par_1_43' title="bbox 529 3463 2192 3539">
     <span class='ocr_line' id='line_1_50' title="bbox 529 3463 2192 3539; baseline 0.002 -19"><span class='ocrx_word' id='word_1_369' title='bbox 529 3467 930 3520; x_wconf 90' lang='lat' dir='ltr'><strong>monstratum</strong></span> <span class='ocrx_word' id='word_1_370' title='bbox 953 3469 1038 3518; x_wconf 89' lang='lat' dir='ltr'><strong>est</strong></span> <span class='ocrx_word' id='word_1_371' title='bbox 1060 3463 1181 3518; x_wconf 92' lang='lat' dir='ltr'><strong>duo</strong></span> <span class='ocrx_word' id='word_1_372' title='bbox 1203 3463 1415 3519; x_wconf 89' lang='lat' dir='ltr'><strong>abesse</strong></span> <span class='ocrx_word' id='word_1_373' title='bbox 1432 3481 1468 3521; x_wconf 89' lang='lat' dir='ltr'><strong>a</strong></span> <span class='ocrx_word' id='word_1_374' title='bbox 1497 3465 1673 3527; x_wconf 86' lang='lat' dir='ltr'><strong>linea,</strong></span> <span class='ocrx_word' id='word_1_375' title='bbox 1697 3481 1912 3539; x_wconf 84' lang='lat' dir='ltr'><strong>nempe</strong></span> <span class='ocrx_word' id='word_1_376' title='bbox 1934 3467 2192 3524; x_wconf 86' lang='lat' dir='ltr'><strong>latitudi-</strong></span> 
     </span>
    </p>
   </div>
   <div class='ocr_carea' id='block_1_44' title="bbox 533 3551 2190 3627">
    <p class='ocr_par' dir='ltr' id='par_1_44' title="bbox 533 3551 2190 3627">
     <span class='ocr_line' id='line_1_51' title="bbox 533 3551 2190 3627; baseline 0.002 -18"><span class='ocrx_word' id='word_1_377' title='bbox 533 3569 676 3610; x_wconf 89' lang='lat' dir='ltr'><strong>nem</strong></span> <span class='ocrx_word' id='word_1_378' title='bbox 707 3556 763 3608; x_wconf 90' lang='lat' dir='ltr'><strong>et</strong></span> <span class='ocrx_word' id='word_1_379' title='bbox 788 3551 1181 3621; x_wconf 82' lang='lat' dir='ltr'><strong>altitudinem,</strong></span> <span class='ocrx_word' id='word_1_380' title='bbox 1208 3568 1397 3608; x_wconf 92' lang='lat' dir='ltr'><strong>unum</strong></span> <span class='ocrx_word' id='word_1_381' title='bbox 1413 3569 1554 3610; x_wconf 87' lang='lat' dir='ltr'><strong>vero</strong></span> <span class='ocrx_word' id='word_1_382' title='bbox 1577 3556 2190 3627; x_wconf 85' lang='lat' dir='ltr'><strong>asuperﬁcie,nempe</strong></span> 
     </span>
    </p>
   </div>
   <div class='ocr_carea' id='block_1_45' title="bbox 530 3641 2191 3718">
    <p class='ocr_par' dir='ltr' id='par_1_45' title="bbox 530 3641 2191 3718">
     <span class='ocr_line' id='line_1_52' title="bbox 530 3641 2191 3718; baseline 0 -19"><span class='ocrx_word' id='word_1_383' title='bbox 530 3641 922 3699; x_wconf 84' lang='lat' dir='ltr'><strong>altitudinem.</strong></span> <span class='ocrx_word' id='word_1_384' title='bbox 943 3643 1021 3696; x_wconf 78' lang='lat' dir='ltr'><strong>Ex</strong></span> <span class='ocrx_word' id='word_1_385' title='bbox 1040 3657 1162 3714; x_wconf 89' lang='lat' dir='ltr'><strong>quo</strong></span> <span class='ocrx_word' id='word_1_386' title='bbox 1181 3641 1564 3711; x_wconf 83' lang='lat' dir='ltr'><strong>intelligimus</strong></span> <span class='ocrx_word' id='word_1_387' title='bbox 1587 3650 1802 3700; x_wconf 88' lang='lat' dir='ltr'><strong>natura</strong></span> <span class='ocrx_word' id='word_1_388' title='bbox 1819 3646 2191 3718; x_wconf 85' lang='lat' dir='ltr'><strong>superﬁciem</strong></span> 
     </span>
    </p>
   </div>
   <div class='ocr_carea' id='block_1_46' title="bbox 527 3730 2190 3804">
    <p class='ocr_par' dir='ltr' id='par_1_46' title="bbox 527 3730 2190 3804">
     <span class='ocr_line' id='line_1_53' title="bbox 527 3730 2190 3804; baseline 0.001 -16"><span class='ocrx_word' id='word_1_389' title='bbox 527 3732 685 3788; x_wconf 90' lang='lat' dir='ltr'><strong>linea</strong></span> <span class='ocrx_word' id='word_1_390' title='bbox 702 3731 992 3802; x_wconf 82' lang='lat' dir='ltr'><strong>majorem</strong></span> <span class='ocrx_word' id='word_1_391' title='bbox 1007 3746 1151 3797; x_wconf 88' lang='lat' dir='ltr'><strong>esse,</strong></span> <span class='ocrx_word' id='word_1_392' title='bbox 1169 3730 1387 3786; x_wconf 82' lang='lat' dir='ltr'><strong>lineam</strong></span> <span class='ocrx_word' id='word_1_393' title='bbox 1405 3748 1540 3787; x_wconf 88' lang='lat' dir='ltr'><strong>vero</strong></span> <span class='ocrx_word' id='word_1_394' title='bbox 1556 3733 1868 3804; x_wconf 80' lang='lat' dir='ltr'><strong>superficie</strong></span> <span class='ocrx_word' id='word_1_395' title='bbox 1891 3737 2190 3791; x_wconf 81' lang='lat' dir='ltr'><strong>minorem</strong></span> 
     </span>
    </p>
   </div>
   <div class='ocr_carea' id='block_1_47' title="bbox 532 3819 2192 3893">
    <p class='ocr_par' dir='ltr' id='par_1_47' title="bbox 532 3819 2192 3893">
     <span class='ocr_line' id='line_1_54' title="bbox 532 3819 2192 3893; baseline 0.001 -16"><span class='ocrx_word' id='word_1_396' title='bbox 532 3835 682 3877; x_wconf 88' lang='lat' dir='ltr'><strong>esse.</strong></span> <span class='ocrx_word' id='word_1_397' title='bbox 709 3819 1120 3893; x_wconf 84' lang='lat' dir='ltr'><strong>Atquieadem</strong></span> <span class='ocrx_word' id='word_1_398' title='bbox 1152 3819 1494 3891; x_wconf 89' lang='lat' dir='ltr'><strong>superﬁcies</strong></span> <span class='ocrx_word' id='word_1_399' title='bbox 1528 3822 1722 3892; x_wconf 84' lang='lat' dir='ltr'><strong>major</strong></span> <span class='ocrx_word' id='word_1_400' title='bbox 1755 3830 1808 3878; x_wconf 89' lang='lat' dir='ltr'><strong>et</strong></span> <span class='ocrx_word' id='word_1_401' title='bbox 1835 3823 2031 3878; x_wconf 90' lang='lat' dir='ltr'><strong>minor</strong></span> <span class='ocrx_word' id='word_1_402' title='bbox 2061 3839 2192 3879; x_wconf 87' lang='lat' dir='ltr'><strong>esse</strong></span> 
     </span>
    </p>
   </div>
   <div class='ocr_carea' id='block_1_48' title="bbox 530 3907 2194 3981">
    <p class='ocr_par' dir='ltr' id='par_1_48' title="bbox 530 3907 2194 3981">
     <span class='ocr_line' id='line_1_55' title="bbox 530 3907 2194 3981; baseline 0.002 -16"><span class='ocrx_word' id='word_1_403' title='bbox 530 3909 876 3981; x_wconf 88' lang='lat' dir='ltr'><strong>reperietur,</strong></span> <span class='ocrx_word' id='word_1_404' title='bbox 896 3908 1060 3980; x_wconf 89' lang='lat' dir='ltr'><strong>quod</strong></span> <span class='ocrx_word' id='word_1_405' title='bbox 1081 3907 1327 3980; x_wconf 88' lang='lat' dir='ltr'><strong>quidem</strong></span> <span class='ocrx_word' id='word_1_406' title='bbox 1351 3908 1680 3965; x_wconf 88' lang='lat' dir='ltr'><strong>absurdum</strong></span> <span class='ocrx_word' id='word_1_407' title='bbox 1707 3917 1812 3967; x_wconf 82' lang='lat' dir='ltr'><strong>est.</strong></span> <span class='ocrx_word' id='word_1_408' title='bbox 1851 3915 1984 3967; x_wconf 84' lang='lat' dir='ltr'><strong>Esto</strong></span> <span class='ocrx_word' id='word_1_409' title='bbox 2017 3913 2194 3981; x_wconf 83' lang='lat' dir='ltr'><strong>igitur</strong></span> 
     </span>
    </p>
   </div>
   <div class='ocr_carea' id='block_1_49' title="bbox 533 3997 2188 4072">
    <p class='ocr_par' dir='ltr' id='par_1_49' title="bbox 533 3997 2188 4072">
     <span class='ocr_line' id='line_1_56' title="bbox 533 3997 2188 4072; baseline 0.001 -18"><span class='ocrx_word' id='word_1_410' title='bbox 533 4013 573 4054; x_wconf 89' lang='lat' dir='ltr'><strong>a</strong></span> <span class='ocrx_word' id='word_1_411' title='bbox 604 3999 636 4054; x_wconf 90' lang='lat' dir='ltr'><strong><em>b</em></strong></span> <span class='ocrx_word' id='word_1_412' title='bbox 657 3997 857 4054; x_wconf 84' lang='lat' dir='ltr'><strong>clinea</strong></span> <span class='ocrx_word' id='word_1_413' title='bbox 879 3997 1072 4068; x_wconf 85' lang='lat' dir='ltr'><strong>major</strong></span> <span class='ocrx_word' id='word_1_414' title='bbox 1103 3997 1334 4053; x_wconf 88' lang='lat' dir='ltr'><strong>minore</strong></span> <span class='ocrx_word' id='word_1_415' title='bbox 1368 4000 1400 4052; x_wconf 79' lang='grc' dir='ltr'><strong>ὁ</strong></span> <span class='ocrx_word' id='word_1_416' title='bbox 1431 4014 1462 4054; x_wconf 87' lang='lat' dir='ltr'><strong>c</strong></span> <span class='ocrx_word' id='word_1_417' title='bbox 1493 3998 1945 4072; x_wconf 87' lang='lat' dir='ltr'><strong>appelleturque</strong></span> <span class='ocrx_word' id='word_1_418' title='bbox 1973 4004 2188 4072; x_wconf 84' lang='lat' dir='ltr'><strong>major.</strong></span> 
     </span>
    </p>
   </div>
   <div class='ocr_carea' id='block_1_50' title="bbox 533 4087 2192 4163">
    <p class='ocr_par' dir='ltr' id='par_1_50' title="bbox 533 4087 2192 4163">
     <span class='ocr_line' id='line_1_57' title="bbox 533 4087 2192 4163; baseline 0.001 -19"><span class='ocrx_word' id='word_1_419' title='bbox 533 4090 601 4145; x_wconf 91' lang='lat' dir='ltr'><strong>Et</strong></span> <span class='ocrx_word' id='word_1_420' title='bbox 626 4087 969 4160; x_wconf 84' lang='lat' dir='ltr'><strong>superﬁcies</strong></span> <span class='ocrx_word' id='word_1_421' title='bbox 992 4103 1029 4143; x_wconf 90' lang='lat' dir='ltr'><strong>a</strong></span> <span class='ocrx_word' id='word_1_422' title='bbox 1062 4087 1095 4142; x_wconf 85' lang='lat' dir='ltr'><strong><em>b</em></strong></span> <span class='ocrx_word' id='word_1_423' title='bbox 1125 4088 1166 4142; x_wconf 89' lang='lat' dir='ltr'><strong>d</strong></span> <span class='ocrx_word' id='word_1_424' title='bbox 1218 4087 1447 4142; x_wconf 88' lang='lat' dir='ltr'><strong>minore</strong></span> <span class='ocrx_word' id='word_1_425' title='bbox 1501 4089 1812 4159; x_wconf 89' lang='lat' dir='ltr'><strong>superﬁcie</strong></span> <span class='ocrx_word' id='word_1_426' title='bbox 1843 4090 2036 4160; x_wconf 85' lang='lat' dir='ltr'><strong>major</strong></span> <span class='ocrx_word' id='word_1_427' title='bbox 2057 4105 2192 4163; x_wconf 75' lang='lat' dir='ltr'><strong>quae</strong></span> 
     </span>
    </p>
   </div>
   <div class='ocr_carea' id='block_1_51' title="bbox 530 4177 2192 4250">
    <p class='ocr_par' dir='ltr' id='par_1_51' title="bbox 530 4177 2192 4250">
     <span class='ocr_line' id='line_1_58' title="bbox 530 4177 2192 4250; baseline -0.001 -15"><span class='ocrx_word' id='word_1_428' title='bbox 530 4182 676 4235; x_wconf 85' lang='lat' dir='ltr'><strong>esta</strong></span> <span class='ocrx_word' id='word_1_429' title='bbox 699 4179 732 4234; x_wconf 80' lang='grc' dir='ltr'><strong>ὁ</strong></span> <span class='ocrx_word' id='word_1_430' title='bbox 763 4194 793 4234; x_wconf 85' lang='lat' dir='ltr'><strong>c</strong></span> <span class='ocrx_word' id='word_1_431' title='bbox 817 4178 856 4232; x_wconf 86' lang='lat' dir='ltr'><strong>d</strong></span> <span class='ocrx_word' id='word_1_432' title='bbox 879 4178 994 4247; x_wconf 77' lang='lat' dir='ltr'><strong>ef;</strong></span> <span class='ocrx_word' id='word_1_433' title='bbox 1029 4177 1261 4233; x_wconf 87' lang='lat' dir='ltr'><strong>dicatur</strong></span> <span class='ocrx_word' id='word_1_434' title='bbox 1299 4193 1442 4248; x_wconf 80' lang='lat' dir='ltr'><strong>ergo</strong></span> <span class='ocrx_word' id='word_1_435' title='bbox 1487 4181 1688 4233; x_wconf 76' lang='lat' dir='ltr'><strong>mmor</strong></span> <span class='ocrx_word' id='word_1_436' title='bbox 1740 4179 2192 4250; x_wconf 73' lang='lat' dir='ltr'><strong>(Zompcriemus</strong></span> 
     </span>
    </p>
   </div>
   <div class='ocr_carea' id='block_1_52' title="bbox 532 4265 2191 4341">
    <p class='ocr_par' dir='ltr' id='par_1_52' title="bbox 532 4265 2191 4341">
     <span class='ocr_line' id='line_1_59' title="bbox 532 4265 2191 4341; baseline 0.001 -18"><span class='ocrx_word' id='word_1_437' title='bbox 532 4281 721 4323; x_wconf 91' lang='lat' dir='ltr'><strong>unam</strong></span> <span class='ocrx_word' id='word_1_438' title='bbox 748 4270 804 4322; x_wconf 91' lang='lat' dir='ltr'><strong>et</strong></span> <span class='ocrx_word' id='word_1_439' title='bbox 833 4266 1127 4321; x_wconf 88' lang='lat' dir='ltr'><strong>minorem</strong></span> <span class='ocrx_word' id='word_1_440' title='bbox 1150 4265 1469 4323; x_wconf 81' lang='lat' dir='ltr'><strong>liueamab</strong></span> <span class='ocrx_word' id='word_1_441' title='bbox 1497 4267 1754 4323; x_wconf 85' lang='lat' dir='ltr'><strong>ceodem</strong></span> <span class='ocrx_word' id='word_1_442' title='bbox 1779 4274 2046 4341; x_wconf 86' lang='lat' dir='ltr'><strong>tempore</strong></span> <span class='ocrx_word' id='word_1_443' title='bbox 2068 4285 2191 4325; x_wconf 89' lang='lat' dir='ltr'><strong>ma-</strong></span> 
     </span>
    </p>
   </div>
   <div class='ocr_carea' id='block_1_53' title="bbox 527 4355 2193 4430">
    <p class='ocr_par' dir='ltr' id='par_1_53' title="bbox 527 4355 2193 4430">
     <span class='ocr_line' id='line_1_60' title="bbox 527 4355 2193 4430; baseline 0.004 -21"><span class='ocrx_word' id='word_1_444' title='bbox 527 4355 724 4427; x_wconf 89' lang='lat' dir='ltr'><strong>jorem</strong></span> <span class='ocrx_word' id='word_1_445' title='bbox 755 4360 813 4410; x_wconf 90' lang='lat' dir='ltr'><strong>et</strong></span> <span class='ocrx_word' id='word_1_446' title='bbox 839 4355 1131 4410; x_wconf 87' lang='lat' dir='ltr'><strong>minorem</strong></span> <span class='ocrx_word' id='word_1_447' title='bbox 1181 4370 1308 4411; x_wconf 88' lang='lat' dir='ltr'><strong>esse</strong></span> <span class='ocrx_word' id='word_1_448' title='bbox 1341 4357 1634 4422; x_wconf 83' lang='lat' dir='ltr'><strong>Quoniam</strong></span> <span class='ocrx_word' id='word_1_449' title='bbox 1669 4358 2015 4430; x_wconf 87' lang='lat' dir='ltr'><strong>superﬁcies</strong></span> <span class='ocrx_word' id='word_1_450' title='bbox 2036 4358 2193 4415; x_wconf 89' lang='lat' dir='ltr'><strong>linea</strong></span> 
     </span>
    </p>
   </div>
   <div class='ocr_carea' id='block_1_54' title="bbox 531 4443 2195 4518">
    <p class='ocr_par' dir='ltr' id='par_1_54' title="bbox 531 4443 2195 4518">
     <span class='ocr_line' id='line_1_61' title="bbox 531 4443 2195 4518; baseline 0.002 -19"><span class='ocrx_word' id='word_1_451' title='bbox 531 4443 730 4513; x_wconf 89' lang='lat' dir='ltr'><strong>major</strong></span> <span class='ocrx_word' id='word_1_452' title='bbox 750 4447 856 4509; x_wconf 91' lang='lat' dir='ltr'><strong>est,</strong></span> <span class='ocrx_word' id='word_1_453' title='bbox 881 4447 937 4498; x_wconf 91' lang='lat' dir='ltr'><strong>et</strong></span> <span class='ocrx_word' id='word_1_454' title='bbox 955 4443 1297 4515; x_wconf 90' lang='lat' dir='ltr'><strong>superﬁcies</strong></span> <span class='ocrx_word' id='word_1_455' title='bbox 1316 4445 1648 4517; x_wconf 84' lang='lat' dir='ltr'><strong>superﬁciei</strong></span> <span class='ocrx_word' id='word_1_456' title='bbox 1671 4446 1920 4518; x_wconf 79' lang='lat' dir='ltr'><strong>aequalis</strong></span> <span class='ocrx_word' id='word_1_457' title='bbox 1941 4448 2195 4503; x_wconf 74' lang='lat' dir='ltr'><strong>autinze-</strong></span> 
     </span>
    </p>
   </div>
   <div class='ocr_carea' id='block_1_55' title="bbox 532 4531 2193 4609">
    <p class='ocr_par' dir='ltr' id='par_1_55' title="bbox 532 4531 2193 4609">
     <span class='ocr_line' id='line_1_62' title="bbox 532 4531 2193 4609; baseline 0.003 -22"><span class='ocrx_word' id='word_1_458' title='bbox 532 4531 730 4604; x_wconf 89' lang='lat' dir='ltr'><strong>qualis</strong></span> <span class='ocrx_word' id='word_1_459' title='bbox 753 4547 824 4586; x_wconf 83' lang='lat' dir='ltr'><strong>ex</strong></span> <span class='ocrx_word' id='word_1_460' title='bbox 836 4532 1165 4603; x_wconf 84' lang='lat' dir='ltr'><strong>quantitate</strong></span> <span class='ocrx_word' id='word_1_461' title='bbox 1181 4532 1309 4588; x_wconf 87' lang='lat' dir='ltr'><strong>dari</strong></span> <span class='ocrx_word' id='word_1_462' title='bbox 1339 4539 1536 4604; x_wconf 89' lang='lat' dir='ltr'><strong>potest</strong></span> <span class='ocrx_word' id='word_1_463' title='bbox 1564 4553 1575 4592; x_wconf 92' lang='lat'><strong>:</strong></span> <span class='ocrx_word' id='word_1_464' title='bbox 1600 4539 1882 4606; x_wconf 73' lang='lat' dir='ltr'><strong>praeterea</strong></span> <span class='ocrx_word' id='word_1_465' title='bbox 1901 4537 2193 4609; x_wconf 86' lang='lat' dir='ltr'><strong>quoniam</strong></span> 
     </span>
    </p>
   </div>
   <div class='ocr_carea' id='block_1_56' title="bbox 530 4619 2194 4699">
    <p class='ocr_par' dir='ltr' id='par_1_56' title="bbox 530 4619 2194 4699">
     <span class='ocr_line' id='line_1_63' title="bbox 530 4619 2194 4699; baseline 0.003 -22"><span class='ocrx_word' id='word_1_466' title='bbox 530 4621 694 4678; x_wconf 89' lang='lat' dir='ltr'><strong>linea</strong></span> <span class='ocrx_word' id='word_1_467' title='bbox 716 4619 1031 4695; x_wconf 85' lang='lat' dir='ltr'><strong>superﬁcie</strong></span> <span class='ocrx_word' id='word_1_468' title='bbox 1077 4621 1277 4676; x_wconf 87' lang='lat' dir='ltr'><strong>minor</strong></span> <span class='ocrx_word' id='word_1_469' title='bbox 1330 4627 1459 4678; x_wconf 91' lang='lat' dir='ltr'><strong>est:</strong></span> <span class='ocrx_word' id='word_1_470' title='bbox 1515 4623 1763 4681; x_wconf 69' lang='lat' dir='ltr'><strong>etlineaa</strong></span> <span class='ocrx_word' id='word_1_471' title='bbox 1803 4624 1962 4681; x_wconf 89' lang='lat' dir='ltr'><strong>linea</strong></span> <span class='ocrx_word' id='word_1_472' title='bbox 1983 4640 2194 4699; x_wconf 72' lang='lat' dir='ltr'><strong>aequa-</strong></span> 
     </span>
    </p>
   </div>
   <div class='ocr_carea' id='block_1_57' title="bbox 2281 2494 3946 2572">
    <p class='ocr_par' dir='ltr' id='par_1_57' title="bbox 2281 2494 3946 2572">
     <span class='ocr_line' id='line_1_64' title="bbox 2281 2494 3946 2572; baseline -0.002 -18"><span class='ocrx_word' id='word_1_473' title='bbox 2281 2498 2340 2554; x_wconf 77' lang='grc' dir='ltr'><em>ὃέ</em></span> <span class='ocrx_word' id='word_1_474' title='bbox 2372 2497 2499 2554; x_wconf 80' lang='grc' dir='ltr'><em>δίκα</em></span> <span class='ocrx_word' id='word_1_475' title='bbox 2526 2497 2597 2572; x_wconf 78' lang='grc' dir='ltr'><em>τῷ</em></span> <span class='ocrx_word' id='word_1_476' title='bbox 2641 2497 2771 2555; x_wconf 78' lang='grc' dir='ltr'><em>δέκα</em></span> <span class='ocrx_word' id='word_1_477' title='bbox 2814 2497 2947 2568; x_wconf 86' lang='grc' dir='ltr'><em>ἶσος,</em></span> <span class='ocrx_word' id='word_1_478' title='bbox 3006 2506 3079 2570; x_wconf 85' lang='grc' dir='ltr'><em>τῷ</em></span> <span class='ocrx_word' id='word_1_479' title='bbox 3129 2502 3268 2551; x_wconf 75' lang='grc' dir='ltr'><em>ἐννέα</em></span> <span class='ocrx_word' id='word_1_480' title='bbox 3318 2494 3377 2551; x_wconf 76' lang='grc' dir='ltr'><strong>δὲ</strong></span> <span class='ocrx_word' id='word_1_481' title='bbox 3422 2497 3629 2564; x_wconf 75' lang='grc' dir='ltr'><em>ἄνισος,</em></span> <span class='ocrx_word' id='word_1_482' title='bbox 3687 2496 3821 2550; x_wconf 74' lang='grc' dir='ltr'><em>ἀλλά</em></span> <span class='ocrx_word' id='word_1_483' title='bbox 3867 2502 3946 2551; x_wconf 76' lang='grc' dir='ltr'><strong>καὶ</strong></span> 
     </span>
    </p>
   </div>
   <div class='ocr_carea' id='block_1_58' title="bbox 2829 2727 3559 3266">
    <p class='ocr_par' dir='ltr' id='par_1_58' title="bbox 2933 2817 3430 3158">
     <span class='ocr_line' id='line_1_65' title="bbox 2939 2817 3430 2856; baseline -0.016 1"><span class='ocrx_word' id='word_1_484' title='bbox 2939 2821 2981 2856; x_wconf 78' lang='grc' dir='ltr'><strong>α</strong></span> <span class='ocrx_word' id='word_1_485' title='bbox 3166 2818 3204 2855; x_wconf 75' lang='grc'><strong>0.</strong></span> <span class='ocrx_word' id='word_1_486' title='bbox 3393 2817 3430 2848; x_wconf 82' lang='grc' dir='ltr'><strong>α</strong></span> 
     </span>
     <span class='ocr_line' id='line_1_66' title="bbox 2935 2953 3426 2998; baseline -0.004 0"><span class='ocrx_word' id='word_1_487' title='bbox 2935 2956 2972 2998; x_wconf 85' lang='grc' dir='ltr'><strong>οι</strong></span> <span class='ocrx_word' id='word_1_488' title='bbox 3157 2956 3198 2997; x_wconf 74' lang='grc' dir='ltr'><em>σο</em></span> <span class='ocrx_word' id='word_1_489' title='bbox 3384 2953 3426 2987; x_wconf 82' lang='grc' dir='ltr'>α</span> 
     </span>
     <span class='ocr_line' id='line_1_67' title="bbox 2933 3119 3418 3158; baseline -0.01 1"><span class='ocrx_word' id='word_1_490' title='bbox 2933 3123 2970 3158; x_wconf 84' lang='grc' dir='ltr'><em>αι</em></span> <span class='ocrx_word' id='word_1_491' title='bbox 3149 3122 3188 3158; x_wconf 81' lang='grc' dir='ltr'><strong>οι</strong></span> <span class='ocrx_word' id='word_1_492' title='bbox 3377 3119 3418 3153; x_wconf 73' lang='grc' dir='ltr'><em>τι</em></span> 
     </span>
    </p>
   </div>
   <div class='ocr_carea' id='block_1_59' title="bbox 3278 3372 3967 3430">
    <p class='ocr_par' dir='ltr' id='par_1_59' title="bbox 3278 3372 3967 3430">
     <span class='ocr_line' id='line_1_68' title="bbox 3278 3372 3967 3430; baseline -0.006 -1"><span class='ocrx_word' id='word_1_493' title='bbox 3278 3388 3422 3430; x_wconf 89' lang='lat' dir='ltr'><strong>nam</strong></span> <span class='ocrx_word' id='word_1_494' title='bbox 3474 3372 3692 3428; x_wconf 89' lang='lat' dir='ltr'><strong>minus</strong></span> <span class='ocrx_word' id='word_1_495' title='bbox 3743 3375 3837 3428; x_wconf 87' lang='lat' dir='ltr'><strong>est</strong></span> <span class='ocrx_word' id='word_1_496' title='bbox 3867 3385 3967 3427; x_wconf 83' lang='lat' dir='ltr'><strong>ma-</strong></span> 
     </span>
    </p>
   </div>
   <div class='ocr_carea' id='block_1_60' title="bbox 2297 3461 3964 3536">
    <p class='ocr_par' dir='ltr' id='par_1_60' title="bbox 2297 3461 3964 3536">
     <span class='ocr_line' id='line_1_69' title="bbox 2297 3461 3964 3536; baseline -0.004 -15"><span class='ocrx_word' id='word_1_497' title='bbox 2297 3466 2413 3536; x_wconf 89' lang='lat' dir='ltr'><strong>jori</strong></span> <span class='ocrx_word' id='word_1_498' title='bbox 2441 3465 2826 3534; x_wconf 88' lang='lat' dir='ltr'><strong>contrarium,</strong></span> <span class='ocrx_word' id='word_1_499' title='bbox 2849 3463 3014 3536; x_wconf 90' lang='lat' dir='ltr'><strong>quod</strong></span> <span class='ocrx_word' id='word_1_500' title='bbox 3044 3463 3290 3536; x_wconf 89' lang='lat' dir='ltr'><strong>quidem</strong></span> <span class='ocrx_word' id='word_1_501' title='bbox 3339 3466 3428 3518; x_wconf 91' lang='lat' dir='ltr'><strong>est</strong></span> <span class='ocrx_word' id='word_1_502' title='bbox 3451 3462 3837 3518; x_wconf 87' lang='lat' dir='ltr'><strong>absurdum.</strong></span> <span class='ocrx_word' id='word_1_503' title='bbox 3873 3461 3964 3517; x_wconf 81' lang='lat' dir='ltr'><strong>Sed</strong></span> 
     </span>
    </p>
   </div>
   <div class='ocr_carea' id='block_1_61' title="bbox 2303 3550 3963 3626">
    <p class='ocr_par' dir='ltr' id='par_1_61' title="bbox 2303 3550 3963 3626">
     <span class='ocr_line' id='line_1_70' title="bbox 2303 3550 3963 3626; baseline -0.004 -17"><span class='ocrx_word' id='word_1_504' title='bbox 2303 3570 2448 3610; x_wconf 88' lang='lat' dir='ltr'><strong>sane</strong></span> <span class='ocrx_word' id='word_1_505' title='bbox 2470 3555 2582 3609; x_wconf 89' lang='lat' dir='ltr'><strong>hoc</strong></span> <span class='ocrx_word' id='word_1_506' title='bbox 2616 3569 2736 3609; x_wconf 91' lang='lat' dir='ltr'><strong>non</strong></span> <span class='ocrx_word' id='word_1_507' title='bbox 2766 3557 2958 3626; x_wconf 88' lang='lat' dir='ltr'><strong>potest</strong></span> <span class='ocrx_word' id='word_1_508' title='bbox 3014 3569 3164 3608; x_wconf 88' lang='lat' dir='ltr'><strong>esse.</strong></span> <span class='ocrx_word' id='word_1_509' title='bbox 3201 3551 3518 3618; x_wconf 88' lang='lat' dir='ltr'><strong>Quomodo</strong></span> <span class='ocrx_word' id='word_1_510' title='bbox 3547 3553 3724 3608; x_wconf 89' lang='lat' dir='ltr'><strong>enim</strong></span> <span class='ocrx_word' id='word_1_511' title='bbox 3750 3550 3963 3608; x_wconf 82' lang='lat' dir='ltr'><strong>admitti</strong></span> 
     </span>
    </p>
   </div>
   <div class='ocr_carea' id='block_1_62' title="bbox 2301 3641 3965 3716">
    <p class='ocr_par' dir='ltr' id='par_1_62' title="bbox 2301 3641 3965 3716">
     <span class='ocr_line' id='line_1_71' title="bbox 2301 3641 3965 3716; baseline -0.003 -18"><span class='ocrx_word' id='word_1_512' title='bbox 2301 3644 2495 3716; x_wconf 89' lang='lat' dir='ltr'><strong>possit</strong></span> <span class='ocrx_word' id='word_1_513' title='bbox 2518 3643 2765 3714; x_wconf 88' lang='lat' dir='ltr'><strong>?Neque</strong></span> <span class='ocrx_word' id='word_1_514' title='bbox 2808 3641 3068 3697; x_wconf 90' lang='lat' dir='ltr'><strong>intensio</strong></span> <span class='ocrx_word' id='word_1_515' title='bbox 3112 3646 3170 3697; x_wconf 89' lang='lat' dir='ltr'><strong>et</strong></span> <span class='ocrx_word' id='word_1_516' title='bbox 3224 3641 3502 3696; x_wconf 90' lang='lat' dir='ltr'><strong>remissio</strong></span> <span class='ocrx_word' id='word_1_517' title='bbox 3526 3646 3626 3697; x_wconf 85' lang='lat' dir='ltr'><strong>est</strong></span> <span class='ocrx_word' id='word_1_518' title='bbox 3649 3643 3715 3697; x_wconf 90' lang='lat' dir='ltr'><strong>in</strong></span> <span class='ocrx_word' id='word_1_519' title='bbox 3745 3641 3965 3715; x_wconf 78' lang='lat' dir='ltr'><strong>quanti-</strong></span> 
     </span>
    </p>
   </div>
   <div class='ocr_carea' id='block_1_63' title="bbox 2303 3733 3964 3805">
    <p class='ocr_par' dir='ltr' id='par_1_63' title="bbox 2303 3733 3964 3805">
     <span class='ocr_line' id='line_1_72' title="bbox 2303 3733 3964 3805; baseline -0.003 -17"><span class='ocrx_word' id='word_1_520' title='bbox 2303 3738 2419 3788; x_wconf 87' lang='lat' dir='ltr'><strong>tate</strong></span> <span class='ocrx_word' id='word_1_521' title='bbox 2449 3752 2460 3788; x_wconf 90' lang='lat'><strong>:</strong></span> <span class='ocrx_word' id='word_1_522' title='bbox 2497 3749 2640 3787; x_wconf 88' lang='lat' dir='ltr'><strong>nam</strong></span> <span class='ocrx_word' id='word_1_523' title='bbox 2665 3749 2798 3805; x_wconf 70' lang='lat' dir='ltr'><strong>quae</strong></span> <span class='ocrx_word' id='word_1_524' title='bbox 2816 3737 3244 3804; x_wconf 89' lang='lat' dir='ltr'><strong>comparantur</strong></span> <span class='ocrx_word' id='word_1_525' title='bbox 3274 3733 3424 3785; x_wconf 91' lang='lat' dir='ltr'><strong>inter</strong></span> <span class='ocrx_word' id='word_1_526' title='bbox 3446 3746 3513 3785; x_wconf 91' lang='lat' dir='ltr'><strong>se</strong></span> <span class='ocrx_word' id='word_1_527' title='bbox 3548 3733 3804 3799; x_wconf 81' lang='lat' dir='ltr'><strong>generis</strong></span> <span class='ocrx_word' id='word_1_528' title='bbox 3825 3733 3964 3802; x_wconf 84' lang='lat' dir='ltr'><strong>ejus-</strong></span> 
     </span>
    </p>
   </div>
   <div class='ocr_carea' id='block_1_64' title="bbox 2301 3820 3961 3888">
    <p class='ocr_par' dir='ltr' id='par_1_64' title="bbox 2301 3820 3961 3888">
     <span class='ocr_line' id='line_1_73' title="bbox 2301 3820 3961 3888; baseline -0.001 -11"><span class='ocrx_word' id='word_1_529' title='bbox 2301 3822 2439 3878; x_wconf 94' lang='lat' dir='ltr'><strong>dem</strong></span> <span class='ocrx_word' id='word_1_530' title='bbox 2467 3823 2617 3877; x_wconf 91' lang='lat' dir='ltr'><strong>inter</strong></span> <span class='ocrx_word' id='word_1_531' title='bbox 2647 3837 2708 3876; x_wconf 91' lang='lat' dir='ltr'><strong>se</strong></span> <span class='ocrx_word' id='word_1_532' title='bbox 2729 3820 2949 3876; x_wconf 90' lang='lat' dir='ltr'><strong>debent</strong></span> <span class='ocrx_word' id='word_1_533' title='bbox 3003 3835 3151 3875; x_wconf 90' lang='lat' dir='ltr'><strong>esse.</strong></span> <span class='ocrx_word' id='word_1_534' title='bbox 3203 3821 3378 3875; x_wconf 88' lang='lat' dir='ltr'><strong>Linea</strong></span> <span class='ocrx_word' id='word_1_535' title='bbox 3426 3835 3574 3888; x_wconf 82' lang='lat' dir='ltr'><strong>ergo</strong></span> <span class='ocrx_word' id='word_1_536' title='bbox 3629 3836 3782 3876; x_wconf 89' lang='lat' dir='ltr'><strong>cum</strong></span> <span class='ocrx_word' id='word_1_537' title='bbox 3807 3820 3961 3876; x_wconf 62' lang='lat' dir='ltr'><strong>linea</strong></span> 
     </span>
    </p>
   </div>
   <div class='ocr_carea' id='block_1_65' title="bbox 2303 3907 3964 3982">
    <p class='ocr_par' dir='ltr' id='par_1_65' title="bbox 2303 3907 3964 3982">
     <span class='ocr_line' id='line_1_74' title="bbox 2303 3907 3964 3982; baseline -0.002 -16"><span class='ocrx_word' id='word_1_538' title='bbox 2303 3910 2644 3982; x_wconf 89' lang='lat' dir='ltr'><strong>superﬁcies</strong></span> <span class='ocrx_word' id='word_1_539' title='bbox 2664 3926 2799 3965; x_wconf 89' lang='lat' dir='ltr'><strong>cum</strong></span> <span class='ocrx_word' id='word_1_540' title='bbox 2822 3909 3154 3980; x_wconf 88' lang='lat' dir='ltr'><strong>superﬁcie,</strong></span> <span class='ocrx_word' id='word_1_541' title='bbox 3178 3907 3440 3964; x_wconf 88' lang='lat' dir='ltr'><strong>solidum</strong></span> <span class='ocrx_word' id='word_1_542' title='bbox 3454 3924 3601 3964; x_wconf 90' lang='lat' dir='ltr'><strong>cum</strong></span> <span class='ocrx_word' id='word_1_543' title='bbox 3623 3910 3835 3966; x_wconf 89' lang='lat' dir='ltr'><strong>solido</strong></span> <span class='ocrx_word' id='word_1_544' title='bbox 3852 3925 3964 3964; x_wconf 86' lang='lat' dir='ltr'><strong>con-</strong></span> 
     </span>
    </p>
   </div>
   <div class='ocr_carea' id='block_1_66' title="bbox 2302 3997 3969 4071">
    <p class='ocr_par' dir='ltr' id='par_1_66' title="bbox 2302 3997 3969 4071">
     <span class='ocr_line' id='line_1_75' title="bbox 2302 3997 3969 4071; baseline -0.003 -15"><span class='ocrx_word' id='word_1_545' title='bbox 2302 4001 2525 4057; x_wconf 87' lang='lat' dir='ltr'><strong>feratur</strong></span> <span class='ocrx_word' id='word_1_546' title='bbox 2557 4018 2570 4065; x_wconf 88' lang='lat'><strong>;</strong></span> <span class='ocrx_word' id='word_1_547' title='bbox 2601 3999 2660 4054; x_wconf 92' lang='lat' dir='ltr'><strong>in</strong></span> <span class='ocrx_word' id='word_1_548' title='bbox 2688 3997 2910 4071; x_wconf 87' lang='lat' dir='ltr'><strong>quibus</strong></span> <span class='ocrx_word' id='word_1_549' title='bbox 2963 3997 3246 4054; x_wconf 87' lang='lat' dir='ltr'><strong>omnibus</strong></span> <span class='ocrx_word' id='word_1_550' title='bbox 3274 3997 3324 4051; x_wconf 90' lang='lat' dir='ltr'><strong>si</strong></span> <span class='ocrx_word' id='word_1_551' title='bbox 3348 4013 3420 4051; x_wconf 79' lang='lat' dir='ltr'><strong>ex</strong></span> <span class='ocrx_word' id='word_1_552' title='bbox 3449 3999 3809 4068; x_wconf 83' lang='lat' dir='ltr'><strong>quantitate</strong></span> <span class='ocrx_word' id='word_1_553' title='bbox 3842 4001 3969 4054; x_wconf 82' lang='lat' dir='ltr'><strong>inter</strong></span> 
     </span>
    </p>
   </div>
   <div class='ocr_carea' id='block_1_67' title="bbox 2303 4085 3963 4160">
    <p class='ocr_par' dir='ltr' id='par_1_67' title="bbox 2303 4085 3963 4160">
     <span class='ocr_line' id='line_1_76' title="bbox 2303 4085 3963 4160; baseline -0.001 -16"><span class='ocrx_word' id='word_1_554' title='bbox 2303 4107 2366 4146; x_wconf 92' lang='lat' dir='ltr'><strong>se</strong></span> <span class='ocrx_word' id='word_1_555' title='bbox 2407 4093 2830 4160; x_wconf 88' lang='lat' dir='ltr'><strong>comparentur</strong></span> <span class='ocrx_word' id='word_1_556' title='bbox 2886 4088 3037 4144; x_wconf 90' lang='lat' dir='ltr'><strong>inest</strong></span> <span class='ocrx_word' id='word_1_557' title='bbox 3097 4085 3408 4158; x_wconf 75' lang='lat' dir='ltr'><strong>aequalitas</strong></span> <span class='ocrx_word' id='word_1_558' title='bbox 3453 4091 3511 4142; x_wconf 88' lang='lat' dir='ltr'><strong>et</strong></span> <span class='ocrx_word' id='word_1_559' title='bbox 3566 4089 3963 4160; x_wconf 69' lang='lat' dir='ltr'><strong>inaequalitas.</strong></span> 
     </span>
    </p>
   </div>
   <div class='ocr_carea' id='block_1_68' title="bbox 2301 4175 3961 4248">
    <p class='ocr_par' dir='ltr' id='par_1_68' title="bbox 2301 4175 3961 4248">
     <span class='ocr_line' id='line_1_77' title="bbox 2301 4175 3961 4248; baseline -0.003 -14"><span class='ocrx_word' id='word_1_560' title='bbox 2301 4196 2422 4236; x_wconf 94' lang='lat' dir='ltr'><strong>non</strong></span> <span class='ocrx_word' id='word_1_561' title='bbox 2445 4184 2645 4233; x_wconf 91' lang='lat' dir='ltr'><strong>autem</strong></span> <span class='ocrx_word' id='word_1_562' title='bbox 2677 4177 2933 4232; x_wconf 89' lang='lat' dir='ltr'><strong>intensio</strong></span> <span class='ocrx_word' id='word_1_563' title='bbox 2966 4181 3021 4231; x_wconf 89' lang='lat' dir='ltr'><strong>ct</strong></span> <span class='ocrx_word' id='word_1_564' title='bbox 3076 4175 3366 4240; x_wconf 86' lang='lat' dir='ltr'><strong>remissio,</strong></span> <span class='ocrx_word' id='word_1_565' title='bbox 3403 4180 3463 4230; x_wconf 92' lang='lat' dir='ltr'><strong>ut</strong></span> <span class='ocrx_word' id='word_1_566' title='bbox 3489 4177 3766 4248; x_wconf 76' lang='lat' dir='ltr'><strong>exempli</strong></span> <span class='ocrx_word' id='word_1_567' title='bbox 3795 4179 3961 4246; x_wconf 75' lang='lat' dir='ltr'><strong>gratia</strong></span> 
     </span>
    </p>
   </div>
   <div class='ocr_carea' id='block_1_69' title="bbox 2300 4265 3965 4338">
    <p class='ocr_par' dir='ltr' id='par_1_69' title="bbox 2300 4265 3965 4338">
     <span class='ocr_line' id='line_1_78' title="bbox 2300 4265 3965 4338; baseline -0.002 -15"><span class='ocrx_word' id='word_1_568' title='bbox 2300 4267 2500 4324; x_wconf 72' lang='lat' dir='ltr'><strong>videre</strong></span> <span class='ocrx_word' id='word_1_569' title='bbox 2537 4267 2714 4322; x_wconf 89' lang='lat' dir='ltr'><strong>estin</strong></span> <span class='ocrx_word' id='word_1_570' title='bbox 2761 4265 2854 4320; x_wconf 88' lang='lat' dir='ltr'><strong>his</strong></span> <span class='ocrx_word' id='word_1_571' title='bbox 2900 4265 3108 4335; x_wconf 86' lang='lat' dir='ltr'><strong>ﬁguris</strong></span> <span class='ocrx_word' id='word_1_572' title='bbox 3134 4281 3268 4338; x_wconf 69' lang='lat' dir='ltr'><strong>quae</strong></span> <span class='ocrx_word' id='word_1_573' title='bbox 3323 4279 3393 4319; x_wconf 86' lang='lat' dir='ltr'><strong>ex</strong></span> <span class='ocrx_word' id='word_1_574' title='bbox 3443 4271 3798 4336; x_wconf 80' lang='lat' dir='ltr'><strong>quantitate</strong></span> <span class='ocrx_word' id='word_1_575' title='bbox 3850 4277 3965 4321; x_wconf 85' lang='lat' dir='ltr'><strong>sunt</strong></span> 
     </span>
    </p>
   </div>
   <div class='ocr_carea' id='block_1_70' title="bbox 2301 4353 3963 4430">
    <p class='ocr_par' dir='ltr' id='par_1_70' title="bbox 2301 4353 3963 4430">
     <span class='ocr_line' id='line_1_79' title="bbox 2301 4353 3963 4430; baseline -0.003 -18"><span class='ocrx_word' id='word_1_576' title='bbox 2301 4355 2562 4430; x_wconf 70' lang='lat' dir='ltr'><strong>aequales</strong></span> <span class='ocrx_word' id='word_1_577' title='bbox 2615 4360 2670 4411; x_wconf 87' lang='lat' dir='ltr'><strong>ct</strong></span> <span class='ocrx_word' id='word_1_578' title='bbox 2744 4353 3054 4426; x_wconf 86' lang='lat' dir='ltr'><strong>inaquales</strong></span> <span class='ocrx_word' id='word_1_579' title='bbox 3124 4369 3267 4409; x_wconf 88' lang='lat' dir='ltr'><strong>nam</strong></span> <span class='ocrx_word' id='word_1_580' title='bbox 3322 4354 3588 4409; x_wconf 84' lang='lat' dir='ltr'><strong>ternario</strong></span> <span class='ocrx_word' id='word_1_581' title='bbox 3684 4358 3963 4412; x_wconf 80' lang='lat' dir='ltr'><strong>ternarias</strong></span> 
     </span>
    </p>
   </div>
   <div class='ocr_carea' id='block_1_71' title="bbox 2301 4440 3959 4514">
    <p class='ocr_par' dir='ltr' id='par_1_71' title="bbox 2301 4440 3959 4514">
     <span class='ocr_line' id='line_1_80' title="bbox 2301 4440 3959 4514; baseline -0.002 -14"><span class='ocrx_word' id='word_1_582' title='bbox 2301 4461 2589 4501; x_wconf 90' lang='lat' dir='ltr'><strong>numerus</strong></span> <span class='ocrx_word' id='word_1_583' title='bbox 2609 4448 2696 4498; x_wconf 89' lang='lat' dir='ltr'><strong>cst</strong></span> <span class='ocrx_word' id='word_1_584' title='bbox 2725 4441 2994 4514; x_wconf 66' lang='lat' dir='ltr'><strong>aequalis,</strong></span> <span class='ocrx_word' id='word_1_585' title='bbox 3024 4441 3127 4497; x_wconf 88' lang='lat' dir='ltr'><strong>sed</strong></span> <span class='ocrx_word' id='word_1_586' title='bbox 3151 4440 3384 4495; x_wconf 85' lang='lat' dir='ltr'><strong>senario</strong></span> <span class='ocrx_word' id='word_1_587' title='bbox 3412 4440 3744 4512; x_wconf 66' lang='lat' dir='ltr'><strong>inmqualis</strong></span> <span class='ocrx_word' id='word_1_588' title='bbox 3774 4461 3788 4509; x_wconf 92' lang='lat'><strong>;</strong></span> <span class='ocrx_word' id='word_1_589' title='bbox 3821 4443 3959 4498; x_wconf 83' lang='lat' dir='ltr'><strong>idem</strong></span> 
     </span>
    </p>
   </div>
   <div class='ocr_carea' id='block_1_72' title="bbox 2303 4531 3958 4604">
    <p class='ocr_par' dir='ltr' id='par_1_72' title="bbox 2303 4531 3958 4604">
     <span class='ocr_line' id='line_1_81' title="bbox 2303 4531 3958 4604; baseline -0.002 -14"><span class='ocrx_word' id='word_1_590' title='bbox 2303 4536 2571 4591; x_wconf 84' lang='lat' dir='ltr'><strong>senarius</strong></span> <span class='ocrx_word' id='word_1_591' title='bbox 2619 4533 2852 4588; x_wconf 88' lang='lat' dir='ltr'><strong>senario</strong></span> <span class='ocrx_word' id='word_1_592' title='bbox 2942 4532 3046 4586; x_wconf 85' lang='lat' dir='ltr'><strong>sed</strong></span> <span class='ocrx_word' id='word_1_593' title='bbox 3115 4531 3387 4604; x_wconf 68' lang='lat' dir='ltr'><strong>mqualis,</strong></span> <span class='ocrx_word' id='word_1_594' title='bbox 3485 4535 3830 4589; x_wconf 79' lang='lat' dir='ltr'><strong>novenario</strong></span> <span class='ocrx_word' id='word_1_595' title='bbox 3892 4534 3958 4586; x_wconf 86' lang='lat' dir='ltr'><strong>in-</strong></span> 
     </span>
    </p>
   </div>
   <div class='ocr_carea' id='block_1_73' title="bbox 2302 4618 3957 4696">
    <p class='ocr_par' dir='ltr' id='par_1_73' title="bbox 2302 4618 3957 4696">
     <span class='ocr_line' id='line_1_82' title="bbox 2302 4618 3957 4696; baseline -0.005 -16"><span class='ocrx_word' id='word_1_596' title='bbox 2302 4623 2551 4696; x_wconf 63' lang='lat' dir='ltr'><strong>aequalis</strong></span> <span class='ocrx_word' id='word_1_597' title='bbox 2591 4627 2770 4695; x_wconf 86' lang='lat' dir='ltr'><strong>atque</strong></span> <span class='ocrx_word' id='word_1_598' title='bbox 2821 4621 3000 4676; x_wconf 89' lang='lat' dir='ltr'><strong>etiam</strong></span> <span class='ocrx_word' id='word_1_599' title='bbox 3048 4620 3321 4676; x_wconf 86' lang='lat' dir='ltr'><strong>ternario.</strong></span> <span class='ocrx_word' id='word_1_600' title='bbox 3375 4618 3544 4674; x_wconf 86' lang='lat' dir='ltr'><strong>Idem</strong></span> <span class='ocrx_word' id='word_1_601' title='bbox 3607 4622 3957 4677; x_wconf 78' lang='lat' dir='ltr'><strong>novenarius</strong></span> 
     </span>
    </p>
   </div>
   <div class='ocr_carea' id='block_1_74' title="bbox 528 4708 3956 4789">
    <p class='ocr_par' dir='ltr' id='par_1_74' title="bbox 528 4708 3956 4789">
     <span class='ocr_line' id='line_1_83' title="bbox 528 4708 3956 4789; baseline -0.003 -19"><span class='ocrx_word' id='word_1_602' title='bbox 528 4712 601 4770; x_wconf 90' lang='lat' dir='ltr'><strong>lis</strong></span> <span class='ocrx_word' id='word_1_603' title='bbox 629 4711 759 4771; x_wconf 89' lang='lat' dir='ltr'><strong>dari</strong></span> <span class='ocrx_word' id='word_1_604' title='bbox 794 4715 1004 4785; x_wconf 89' lang='lat' dir='ltr'><strong>potest,</strong></span> <span class='ocrx_word' id='word_1_605' title='bbox 1033 4716 1121 4766; x_wconf 91' lang='lat' dir='ltr'><strong>est</strong></span> <span class='ocrx_word' id='word_1_606' title='bbox 1143 4716 1344 4767; x_wconf 88' lang='lat' dir='ltr'><strong>autem</strong></span> <span class='ocrx_word' id='word_1_607' title='bbox 1361 4712 1555 4784; x_wconf 87' lang='lat' dir='ltr'><strong>posita</strong></span> <span class='ocrx_word' id='word_1_608' title='bbox 1584 4712 1794 4770; x_wconf 88' lang='lat' dir='ltr'><strong>lineaa</strong></span> <span class='ocrx_word' id='word_1_609' title='bbox 1823 4715 1905 4771; x_wconf 85' lang='lat' dir='ltr'><strong>bc</strong></span> <span class='ocrx_word' id='word_1_610' title='bbox 1928 4715 2196 4789; x_wconf 73' lang='lat' dir='ltr'><strong>qualibet</strong></span> <span class='ocrx_word' id='word_1_611' title='bbox 2227 4736 2270 4789; x_wconf 72' lang='grc' dir='ltr'><em>ι)</em></span> <span class='ocrx_word' id='word_1_612' title='bbox 2302 4713 2629 4769; x_wconf 76' lang='lat' dir='ltr'><strong>novenario</strong></span> <span class='ocrx_word' id='word_1_613' title='bbox 2691 4710 2936 4783; x_wconf 75' lang='lat' dir='ltr'><strong>aequalis</strong></span> <span class='ocrx_word' id='word_1_614' title='bbox 3003 4713 3108 4778; x_wconf 89' lang='lat' dir='ltr'><strong>est,</strong></span> <span class='ocrx_word' id='word_1_615' title='bbox 3167 4708 3271 4763; x_wconf 87' lang='lat' dir='ltr'><strong>sed</strong></span> <span class='ocrx_word' id='word_1_616' title='bbox 3342 4708 3602 4764; x_wconf 76' lang='lat' dir='ltr'><strong>denario</strong></span> <span class='ocrx_word' id='word_1_617' title='bbox 3661 4710 3956 4783; x_wconf 66' lang='lat' dir='ltr'><strong>inaequalis</strong></span> 
     </span>
    </p>
   </div>
   <div class='ocr_carea' id='block_1_75' title="bbox 527 4799 2184 4875">
    <p class='ocr_par' dir='ltr' id='par_1_75' title="bbox 527 4799 2184 4875">
     <span class='ocr_line' id='line_1_84' title="bbox 527 4799 2184 4875; baseline 0.002 -16"><span class='ocrx_word' id='word_1_618' title='bbox 527 4801 686 4859; x_wconf 89' lang='lat' dir='ltr'><strong>linea</strong></span> <span class='ocrx_word' id='word_1_619' title='bbox 713 4803 928 4874; x_wconf 82' lang='lat' dir='ltr'><strong>major,</strong></span> <span class='ocrx_word' id='word_1_620' title='bbox 973 4805 1029 4857; x_wconf 88' lang='lat' dir='ltr'><strong>et</strong></span> <span class='ocrx_word' id='word_1_621' title='bbox 1060 4815 1097 4857; x_wconf 89' lang='lat' dir='ltr'><strong>a</strong></span> <span class='ocrx_word' id='word_1_622' title='bbox 1131 4799 1164 4856; x_wconf 88' lang='lat' dir='ltr'><strong><em>b</em></strong></span> <span class='ocrx_word' id='word_1_623' title='bbox 1194 4816 1225 4856; x_wconf 88' lang='lat' dir='ltr'><strong>c</strong></span> <span class='ocrx_word' id='word_1_624' title='bbox 1281 4800 1548 4872; x_wconf 86' lang='lat' dir='ltr'><strong>qualibet</strong></span> <span class='ocrx_word' id='word_1_625' title='bbox 1609 4804 1922 4875; x_wconf 85' lang='lat' dir='ltr'><strong>superﬁcie</strong></span> <span class='ocrx_word' id='word_1_626' title='bbox 1963 4806 2184 4864; x_wconf 89' lang='lat' dir='ltr'><strong>minor.</strong></span> 
     </span>
    </p>
   </div>
   <div class='ocr_carea' id='block_1_76' title="bbox 529 4889 2194 4964">
    <p class='ocr_par' dir='ltr' id='par_1_76' title="bbox 529 4889 2194 4964">
     <span class='ocr_line' id='line_1_85' title="bbox 529 4889 2194 4964; baseline 0.002 -17"><span class='ocrx_word' id='word_1_627' title='bbox 529 4891 880 4964; x_wconf 87' lang='lat' dir='ltr'><strong>Superﬁcies</strong></span> <span class='ocrx_word' id='word_1_628' title='bbox 939 4905 1082 4960; x_wconf 82' lang='lat' dir='ltr'><strong>ergo</strong></span> <span class='ocrx_word' id='word_1_629' title='bbox 1141 4904 1176 4945; x_wconf 93' lang='lat' dir='ltr'><strong>a</strong></span> <span class='ocrx_word' id='word_1_630' title='bbox 1200 4890 1231 4943; x_wconf 87' lang='lat' dir='ltr'><strong><em>b</em></strong></span> <span class='ocrx_word' id='word_1_631' title='bbox 1262 4905 1294 4943; x_wconf 67' lang='grc' dir='ltr'><em>ι’</em></span> <span class='ocrx_word' id='word_1_632' title='bbox 1353 4889 1394 4944; x_wconf 88' lang='lat' dir='ltr'><strong>d</strong></span> <span class='ocrx_word' id='word_1_633' title='bbox 1422 4890 1528 4946; x_wconf 90' lang='lat' dir='ltr'><strong>erit</strong></span> <span class='ocrx_word' id='word_1_634' title='bbox 1590 4892 1786 4962; x_wconf 86' lang='lat' dir='ltr'><strong>major</strong></span> <span class='ocrx_word' id='word_1_635' title='bbox 1843 4891 2001 4949; x_wconf 87' lang='lat' dir='ltr'><strong>linea</strong></span> <span class='ocrx_word' id='word_1_636' title='bbox 2032 4909 2067 4950; x_wconf 92' lang='lat' dir='ltr'><strong>a</strong></span> <span class='ocrx_word' id='word_1_637' title='bbox 2100 4895 2132 4949; x_wconf 89' lang='lat' dir='ltr'><strong><em>b</em></strong></span> <span class='ocrx_word' id='word_1_638' title='bbox 2163 4911 2194 4951; x_wconf 86' lang='lat' dir='ltr'><strong>c</strong></span> 
     </span>
    </p>
   </div>
   <div class='ocr_carea' id='block_1_77' title="bbox 529 4978 2193 5057">
    <p class='ocr_par' dir='ltr' id='par_1_77' title="bbox 529 4978 2193 5057">
     <span class='ocr_line' id='line_1_86' title="bbox 529 4978 2193 5057; baseline 0.002 -21"><span class='ocrx_word' id='word_1_639' title='bbox 529 4981 727 5036; x_wconf 91' lang='lat' dir='ltr'><strong>minor</strong></span> <span class='ocrx_word' id='word_1_640' title='bbox 755 4980 1068 5052; x_wconf 90' lang='lat' dir='ltr'><strong>superﬁcie</strong></span> <span class='ocrx_word' id='word_1_641' title='bbox 1109 4994 1145 5034; x_wconf 84' lang='grc' dir='ltr'><em>α</em></span> <span class='ocrx_word' id='word_1_642' title='bbox 1178 4979 1210 5033; x_wconf 86' lang='lat' dir='ltr'><strong><em>b</em></strong></span> <span class='ocrx_word' id='word_1_643' title='bbox 1241 4993 1272 5034; x_wconf 89' lang='lat' dir='ltr'><strong>c</strong></span> <span class='ocrx_word' id='word_1_644' title='bbox 1299 4978 1458 5048; x_wconf 84' lang='lat' dir='ltr'><strong>def.</strong></span> <span class='ocrx_word' id='word_1_645' title='bbox 1483 4985 1673 5052; x_wconf 83' lang='lat' dir='ltr'><strong>Atque</strong></span> <span class='ocrx_word' id='word_1_646' title='bbox 1705 4997 1826 5037; x_wconf 91' lang='lat' dir='ltr'><strong>una</strong></span> <span class='ocrx_word' id='word_1_647' title='bbox 1857 4982 2193 5057; x_wconf 88' lang='lat' dir='ltr'><strong>eademque</strong></span> 
     </span>
    </p>
   </div>
   <div class='ocr_carea' id='block_1_78' title="bbox 531 5069 2193 5141">
    <p class='ocr_par' dir='ltr' id='par_1_78' title="bbox 531 5069 2193 5141">
     <span class='ocr_line' id='line_1_87' title="bbox 531 5069 2193 5141; baseline 0.003 -16"><span class='ocrx_word' id='word_1_648' title='bbox 531 5070 878 5141; x_wconf 87' lang='lat' dir='ltr'><strong>superﬁcies</strong></span> <span class='ocrx_word' id='word_1_649' title='bbox 901 5069 1115 5124; x_wconf 86' lang='lat' dir='ltr'><strong>eodem</strong></span> <span class='ocrx_word' id='word_1_650' title='bbox 1147 5074 1416 5140; x_wconf 88' lang='lat' dir='ltr'><strong>tempore</strong></span> <span class='ocrx_word' id='word_1_651' title='bbox 1442 5069 1545 5125; x_wconf 90' lang='lat' dir='ltr'><strong>erit</strong></span> <span class='ocrx_word' id='word_1_652' title='bbox 1579 5071 1773 5141; x_wconf 88' lang='lat' dir='ltr'><strong>major</strong></span> <span class='ocrx_word' id='word_1_653' title='bbox 1799 5077 1854 5128; x_wconf 91' lang='lat' dir='ltr'><strong>et</strong></span> <span class='ocrx_word' id='word_1_654' title='bbox 1880 5074 2094 5140; x_wconf 90' lang='lat' dir='ltr'><strong>minor,</strong></span> <span class='ocrx_word' id='word_1_655' title='bbox 2123 5090 2193 5130; x_wconf 88' lang='lat' dir='ltr'><strong>ac</strong></span> 
     </span>
    </p>
   </div>
   <div class='ocr_carea' id='block_1_79' title="bbox 527 5155 2193 5232">
    <p class='ocr_par' dir='ltr' id='par_1_79' title="bbox 527 5155 2193 5232">
     <span class='ocr_line' id='line_1_88' title="bbox 527 5155 2193 5232; baseline 0.004 -20"><span class='ocrx_word' id='word_1_656' title='bbox 527 5156 662 5228; x_wconf 90' lang='lat' dir='ltr'><strong>ipsa</strong></span> <span class='ocrx_word' id='word_1_657' title='bbox 692 5155 804 5212; x_wconf 90' lang='lat' dir='ltr'><strong>sibi</strong></span> <span class='ocrx_word' id='word_1_658' title='bbox 831 5157 1130 5212; x_wconf 87' lang='lat' dir='ltr'><strong>contraria</strong></span> <span class='ocrx_word' id='word_1_659' title='bbox 1159 5173 1171 5220; x_wconf 93' lang='lat'><strong>;</strong></span> <span class='ocrx_word' id='word_1_660' title='bbox 1223 5172 1365 5211; x_wconf 87' lang='lat' dir='ltr'><strong>nam</strong></span> <span class='ocrx_word' id='word_1_661' title='bbox 1397 5157 1593 5227; x_wconf 87' lang='lat' dir='ltr'><strong>majus</strong></span> <span class='ocrx_word' id='word_1_662' title='bbox 1625 5159 1842 5214; x_wconf 83' lang='lat' dir='ltr'><strong>minori</strong></span> <span class='ocrx_word' id='word_1_663' title='bbox 1867 5162 2193 5232; x_wconf 89' lang='lat' dir='ltr'><strong>opponitur</strong></span> 
     </span>
    </p>
   </div>
   <div class='ocr_carea' id='block_1_80' title="bbox 528 5244 2193 5320">
    <p class='ocr_par' dir='ltr' id='par_1_80' title="bbox 528 5244 2193 5320">
     <span class='ocr_line' id='line_1_89' title="bbox 528 5244 2193 5320; baseline 0.003 -20"><span class='ocrx_word' id='word_1_664' title='bbox 528 5248 596 5300; x_wconf 87' lang='lat' dir='ltr'><strong>ut</strong></span> <span class='ocrx_word' id='word_1_665' title='bbox 625 5245 1011 5300; x_wconf 84' lang='lat' dir='ltr'><strong>contrarium.</strong></span> <span class='ocrx_word' id='word_1_666' title='bbox 1045 5249 1125 5300; x_wconf 82' lang='lat' dir='ltr'><strong>Ac</strong></span> <span class='ocrx_word' id='word_1_667' title='bbox 1152 5260 1189 5300; x_wconf 91' lang='lat' dir='ltr'><strong>a</strong></span> <span class='ocrx_word' id='word_1_668' title='bbox 1240 5244 1272 5298; x_wconf 89' lang='lat' dir='ltr'><em>b</em></span> <span class='ocrx_word' id='word_1_669' title='bbox 1299 5260 1330 5298; x_wconf 75' lang='grc' dir='ltr'><strong>ρ</strong></span> <span class='ocrx_word' id='word_1_670' title='bbox 1370 5246 1618 5316; x_wconf 87' lang='lat' dir='ltr'><strong>quidem</strong></span> <span class='ocrx_word' id='word_1_671' title='bbox 1678 5246 1837 5302; x_wconf 88' lang='lat' dir='ltr'><strong>linea</strong></span> <span class='ocrx_word' id='word_1_672' title='bbox 1860 5249 1966 5303; x_wconf 89' lang='lat' dir='ltr'><strong>erit</strong></span> <span class='ocrx_word' id='word_1_673' title='bbox 1998 5250 2193 5320; x_wconf 83' lang='lat' dir='ltr'><strong>major</strong></span> 
     </span>
    </p>
   </div>
   <div class='ocr_carea' id='block_1_81' title="bbox 526 5332 2190 5407">
    <p class='ocr_par' dir='ltr' id='par_1_81' title="bbox 526 5332 2190 5407">
     <span class='ocr_line' id='line_1_90' title="bbox 526 5332 2190 5407; baseline 0.002 -16"><span class='ocrx_word' id='word_1_674' title='bbox 526 5332 686 5391; x_wconf 89' lang='lat' dir='ltr'><strong>linea</strong></span> <span class='ocrx_word' id='word_1_675' title='bbox 735 5334 764 5388; x_wconf 76' lang='grc' dir='ltr'><strong>ὁ</strong></span> <span class='ocrx_word' id='word_1_676' title='bbox 795 5338 901 5390; x_wconf 87' lang='lat' dir='ltr'><strong>cet</strong></span> <span class='ocrx_word' id='word_1_677' title='bbox 930 5333 1196 5405; x_wconf 89' lang='lat' dir='ltr'><strong>qualibet</strong></span> <span class='ocrx_word' id='word_1_678' title='bbox 1224 5333 1381 5389; x_wconf 88' lang='lat' dir='ltr'><strong>linea</strong></span> <span class='ocrx_word' id='word_1_679' title='bbox 1411 5351 1422 5388; x_wconf 95' lang='lat'><strong>:</strong></span> <span class='ocrx_word' id='word_1_680' title='bbox 1453 5334 1650 5390; x_wconf 91' lang='lat' dir='ltr'><strong>minor</strong></span> <span class='ocrx_word' id='word_1_681' title='bbox 1691 5351 1830 5390; x_wconf 75' lang='lat' dir='ltr'><strong>vero</strong></span> <span class='ocrx_word' id='word_1_682' title='bbox 1879 5337 2190 5407; x_wconf 86' lang='lat' dir='ltr'><strong>superﬁcie</strong></span> 
     </span>
    </p>
   </div>
   <div class='ocr_carea' id='block_1_82' title="bbox 527 5421 2187 5496">
    <p class='ocr_par' dir='ltr' id='par_1_82' title="bbox 527 5421 2187 5496">
     <span class='ocr_line' id='line_1_91' title="bbox 527 5421 2187 5496; baseline 0.004 -18"><span class='ocrx_word' id='word_1_683' title='bbox 527 5438 570 5478; x_wconf 76' lang='grc' dir='ltr'><strong>ιι</strong></span> <span class='ocrx_word' id='word_1_684' title='bbox 601 5422 634 5478; x_wconf 87' lang='lat' dir='ltr'><strong><em>b</em></strong></span> <span class='ocrx_word' id='word_1_685' title='bbox 658 5438 689 5479; x_wconf 79' lang='grc' dir='ltr'><em>ε</em></span> <span class='ocrx_word' id='word_1_686' title='bbox 719 5423 760 5477; x_wconf 89' lang='lat' dir='ltr'><strong>d</strong></span> <span class='ocrx_word' id='word_1_687' title='bbox 784 5426 841 5479; x_wconf 86' lang='lat' dir='ltr'><strong>et</strong></span> <span class='ocrx_word' id='word_1_688' title='bbox 868 5421 1134 5496; x_wconf 87' lang='lat' dir='ltr'><strong>qualibet</strong></span> <span class='ocrx_word' id='word_1_689' title='bbox 1188 5422 1502 5494; x_wconf 89' lang='lat' dir='ltr'><strong>superﬁcie</strong></span> <span class='ocrx_word' id='word_1_690' title='bbox 1552 5440 1565 5476; x_wconf 91' lang='lat'><strong>:</strong></span> <span class='ocrx_word' id='word_1_691' title='bbox 1591 5428 1771 5494; x_wconf 90' lang='lat' dir='ltr'><strong>atque</strong></span> <span class='ocrx_word' id='word_1_692' title='bbox 1818 5423 1954 5496; x_wconf 88' lang='lat' dir='ltr'><strong>ipsa</strong></span> <span class='ocrx_word' id='word_1_693' title='bbox 1975 5442 2036 5482; x_wconf 88' lang='lat' dir='ltr'><strong>se</strong></span> <span class='ocrx_word' id='word_1_694' title='bbox 2067 5443 2187 5485; x_wconf 91' lang='lat' dir='ltr'><strong>uno</strong></span> 
     </span>
    </p>
   </div>
   <div class='ocr_carea' id='block_1_83' title="bbox 527 5511 2190 5590">
    <p class='ocr_par' dir='ltr' id='par_1_83' title="bbox 527 5511 2190 5590">
     <span class='ocr_line' id='line_1_92' title="bbox 527 5511 2190 5590; baseline 0.002 -20"><span class='ocrx_word' id='word_1_695' title='bbox 527 5511 862 5586; x_wconf 86' lang='lat' dir='ltr'><strong>eodemque</strong></span> <span class='ocrx_word' id='word_1_696' title='bbox 889 5515 1154 5585; x_wconf 86' lang='lat' dir='ltr'><strong>tempore</strong></span> <span class='ocrx_word' id='word_1_697' title='bbox 1173 5511 1372 5583; x_wconf 82' lang='lat' dir='ltr'><strong>major</strong></span> <span class='ocrx_word' id='word_1_698' title='bbox 1396 5511 1504 5570; x_wconf 86' lang='lat' dir='ltr'><strong>erit</strong></span> <span class='ocrx_word' id='word_1_699' title='bbox 1525 5515 1581 5568; x_wconf 89' lang='lat' dir='ltr'><strong>et</strong></span> <span class='ocrx_word' id='word_1_700' title='bbox 1607 5511 1825 5582; x_wconf 84' lang='lat' dir='ltr'><strong>minor,</strong></span> <span class='ocrx_word' id='word_1_701' title='bbox 1854 5515 2190 5590; x_wconf 89' lang='lat' dir='ltr'><strong>eodemque</strong></span> 
     </span>
    </p>
   </div>
   <div class='ocr_carea' id='block_1_84' title="bbox 2303 4797 3954 4876">
    <p class='ocr_par' dir='ltr' id='par_1_84' title="bbox 2303 4797 3954 4876">
     <span class='ocr_line' id='line_1_93' title="bbox 2303 4797 3954 4876; baseline -0.005 -16"><span class='ocrx_word' id='word_1_702' title='bbox 2303 4809 2482 4876; x_wconf 90' lang='lat' dir='ltr'><strong>atque</strong></span> <span class='ocrx_word' id='word_1_703' title='bbox 2511 4801 2688 4857; x_wconf 86' lang='lat' dir='ltr'><strong>etiam</strong></span> <span class='ocrx_word' id='word_1_704' title='bbox 2736 4814 2971 4855; x_wconf 80' lang='lat' dir='ltr'><strong>senario</strong></span> <span class='ocrx_word' id='word_1_705' title='bbox 3007 4817 3018 4864; x_wconf 91' lang='lat'>;</span> <span class='ocrx_word' id='word_1_706' title='bbox 3065 4798 3224 4854; x_wconf 93' lang='lat' dir='ltr'><strong>idem</strong></span> <span class='ocrx_word' id='word_1_707' title='bbox 3277 4797 3565 4852; x_wconf 85' lang='lat' dir='ltr'><strong>denarius</strong></span> <span class='ocrx_word' id='word_1_708' title='bbox 3586 4799 3843 4855; x_wconf 88' lang='lat' dir='ltr'><strong>denario</strong></span> <span class='ocrx_word' id='word_1_709' title='bbox 3867 4814 3954 4854; x_wconf 82' lang='lat' dir='ltr'><strong>nu-</strong></span> 
     </span>
    </p>
   </div>
   <div class='ocr_carea' id='block_1_85' title="bbox 2303 4886 3952 4963">
    <p class='ocr_par' dir='ltr' id='par_1_85' title="bbox 2303 4886 3952 4963">
     <span class='ocr_line' id='line_1_94' title="bbox 2303 4886 3952 4963; baseline -0.008 -13"><span class='ocrx_word' id='word_1_710' title='bbox 2303 4908 2469 4950; x_wconf 88' lang='lat' dir='ltr'><strong>mero</strong></span> <span class='ocrx_word' id='word_1_711' title='bbox 2489 4889 2736 4963; x_wconf 67' lang='lat' dir='ltr'><strong>aequalis</strong></span> <span class='ocrx_word' id='word_1_712' title='bbox 2768 4893 2876 4957; x_wconf 89' lang='lat' dir='ltr'><strong>est,</strong></span> <span class='ocrx_word' id='word_1_713' title='bbox 2910 4886 3015 4944; x_wconf 84' lang='lat' dir='ltr'><strong>sed</strong></span> <span class='ocrx_word' id='word_1_714' title='bbox 3055 4888 3384 4942; x_wconf 85' lang='lat' dir='ltr'><strong>novenario</strong></span> <span class='ocrx_word' id='word_1_715' title='bbox 3416 4886 3773 4959; x_wconf 70' lang='lat' dir='ltr'><strong>inaequalis,</strong></span> <span class='ocrx_word' id='word_1_716' title='bbox 3799 4894 3952 4959; x_wconf 74' lang='lat' dir='ltr'><strong>atque</strong></span> 
     </span>
    </p>
   </div>
   <div class='ocr_carea' id='block_1_86' title="bbox 2301 4975 3950 5046">
    <p class='ocr_par' dir='ltr' id='par_1_86' title="bbox 2301 4975 3950 5046">
     <span class='ocr_line' id='line_1_95' title="bbox 2301 4975 3950 5046; baseline -0.007 -7"><span class='ocrx_word' id='word_1_717' title='bbox 2301 4983 2480 5040; x_wconf 90' lang='lat' dir='ltr'><strong>etiam</strong></span> <span class='ocrx_word' id='word_1_718' title='bbox 2514 4978 2792 5034; x_wconf 89' lang='lat' dir='ltr'><strong>undecim</strong></span> <span class='ocrx_word' id='word_1_719' title='bbox 2817 4992 3069 5032; x_wconf 88' lang='lat' dir='ltr'><strong>numero</strong></span> <span class='ocrx_word' id='word_1_720' title='bbox 3102 4995 3115 5029; x_wconf 93' lang='lat'><strong>:</strong></span> <span class='ocrx_word' id='word_1_721' title='bbox 3150 4981 3331 5046; x_wconf 89' lang='lat' dir='ltr'><strong>atque</strong></span> <span class='ocrx_word' id='word_1_722' title='bbox 3390 4975 3507 5030; x_wconf 84' lang='lat' dir='ltr'><strong>hoc</strong></span> <span class='ocrx_word' id='word_1_723' title='bbox 3545 4977 3611 5030; x_wconf 89' lang='lat' dir='ltr'><strong>in</strong></span> <span class='ocrx_word' id='word_1_724' title='bbox 3673 4977 3950 5032; x_wconf 78' lang='lat' dir='ltr'><strong>inﬁnitum</strong></span> 
     </span>
    </p>
   </div>
   <div class='ocr_carea' id='block_1_87' title="bbox 2302 5062 3948 5143">
    <p class='ocr_par' dir='ltr' id='par_1_87' title="bbox 2302 5062 3948 5143">
     <span class='ocr_line' id='line_1_96' title="bbox 2302 5062 3948 5143; baseline -0.007 -17"><span class='ocrx_word' id='word_1_725' title='bbox 2302 5069 2551 5143; x_wconf 85' lang='lat' dir='ltr'><strong>produci</strong></span> <span class='ocrx_word' id='word_1_726' title='bbox 2581 5073 2795 5140; x_wconf 88' lang='lat' dir='ltr'><strong>potest.</strong></span> <span class='ocrx_word' id='word_1_727' title='bbox 2823 5069 2970 5122; x_wconf 74' lang='lat' dir='ltr'><strong>Nam</strong></span> <span class='ocrx_word' id='word_1_728' title='bbox 2989 5062 3449 5136; x_wconf 83' lang='lat' dir='ltr'><strong>semperhabita</strong></span> <span class='ocrx_word' id='word_1_729' title='bbox 3465 5064 3730 5135; x_wconf 72' lang='lat' dir='ltr'><strong>aequalis</strong></span> <span class='ocrx_word' id='word_1_730' title='bbox 3753 5067 3948 5120; x_wconf 67' lang='lat' dir='ltr'><strong>ratiost:</strong></span> 
     </span>
    </p>
   </div>
   <div class='ocr_carea' id='block_1_88' title="bbox 2300 5152 3946 5231">
    <p class='ocr_par' dir='ltr' id='par_1_88' title="bbox 2300 5152 3946 5231">
     <span class='ocr_line' id='line_1_97' title="bbox 2300 5152 3946 5231; baseline -0.005 -16"><span class='ocrx_word' id='word_1_731' title='bbox 2300 5157 2596 5231; x_wconf 69' lang='lat' dir='ltr'><strong>inaequale</strong></span> <span class='ocrx_word' id='word_1_732' title='bbox 2622 5157 2856 5211; x_wconf 89' lang='lat' dir='ltr'><strong>dicitur.</strong></span> <span class='ocrx_word' id='word_1_733' title='bbox 2891 5157 2953 5209; x_wconf 83' lang='lat' dir='ltr'><strong>Et</strong></span> <span class='ocrx_word' id='word_1_734' title='bbox 2977 5169 3163 5208; x_wconf 89' lang='lat' dir='ltr'><strong>unum</strong></span> <span class='ocrx_word' id='word_1_735' title='bbox 3187 5169 3325 5207; x_wconf 91' lang='lat' dir='ltr'><strong>cum</strong></span> <span class='ocrx_word' id='word_1_736' title='bbox 3353 5152 3654 5218; x_wconf 88' lang='lat' dir='ltr'><strong>altero,ut</strong></span> <span class='ocrx_word' id='word_1_737' title='bbox 3687 5166 3946 5224; x_wconf 82' lang='lat' dir='ltr'><strong>maguum</strong></span> 
     </span>
    </p>
   </div>
   <div class='ocr_carea' id='block_1_89' title="bbox 2301 5240 3944 5319">
    <p class='ocr_par' dir='ltr' id='par_1_89' title="bbox 2301 5240 3944 5319">
     <span class='ocr_line' id='line_1_98' title="bbox 2301 5240 3944 5319; baseline -0.007 -16"><span class='ocrx_word' id='word_1_738' title='bbox 2301 5265 2439 5304; x_wconf 91' lang='lat' dir='ltr'><strong>cum</strong></span> <span class='ocrx_word' id='word_1_739' title='bbox 2464 5261 2646 5319; x_wconf 79' lang='lat' dir='ltr'><strong>parvo</strong></span> <span class='ocrx_word' id='word_1_740' title='bbox 2677 5248 2874 5317; x_wconf 90' lang='lat' dir='ltr'><strong>potest</strong></span> <span class='ocrx_word' id='word_1_741' title='bbox 2907 5241 3185 5298; x_wconf 79' lang='lat' dir='ltr'><strong>conferri.</strong></span> <span class='ocrx_word' id='word_1_742' title='bbox 3220 5240 3482 5296; x_wconf 89' lang='lat' dir='ltr'><strong>lutensio</strong></span> <span class='ocrx_word' id='word_1_743' title='bbox 3510 5257 3660 5298; x_wconf 82' lang='lat' dir='ltr'><strong>vero</strong></span> <span class='ocrx_word' id='word_1_744' title='bbox 3687 5248 3744 5298; x_wconf 90' lang='lat' dir='ltr'><strong>et</strong></span> <span class='ocrx_word' id='word_1_745' title='bbox 3775 5242 3944 5298; x_wconf 74' lang='lat' dir='ltr'><strong>remis-</strong></span> 
     </span>
    </p>
   </div>
   <div class='ocr_carea' id='block_1_90' title="bbox 2301 5329 3942 5407">
    <p class='ocr_par' dir='ltr' id='par_1_90' title="bbox 2301 5329 3942 5407">
     <span class='ocr_line' id='line_1_99' title="bbox 2301 5329 3942 5407; baseline -0.005 -16"><span class='ocrx_word' id='word_1_746' title='bbox 2301 5336 2389 5391; x_wconf 92' lang='lat' dir='ltr'><strong>sio</strong></span> <span class='ocrx_word' id='word_1_747' title='bbox 2420 5336 2480 5391; x_wconf 91' lang='lat' dir='ltr'><strong>in</strong></span> <span class='ocrx_word' id='word_1_748' title='bbox 2510 5334 2653 5407; x_wconf 85' lang='lat' dir='ltr'><strong>ipsis</strong></span> <span class='ocrx_word' id='word_1_749' title='bbox 2679 5334 2906 5390; x_wconf 87' lang='lat' dir='ltr'><strong>ratione</strong></span> <span class='ocrx_word' id='word_1_750' title='bbox 2937 5329 3240 5404; x_wconf 83' lang='lat' dir='ltr'><strong>qualitatis</strong></span> <span class='ocrx_word' id='word_1_751' title='bbox 3297 5329 3503 5385; x_wconf 89' lang='lat' dir='ltr'><strong>locum</strong></span> <span class='ocrx_word' id='word_1_752' title='bbox 3564 5331 3814 5386; x_wconf 85' lang='lat' dir='ltr'><strong>habent.</strong></span> <span class='ocrx_word' id='word_1_753' title='bbox 3849 5331 3942 5383; x_wconf 57' lang='lat' dir='ltr'><strong>[te</strong></span> 
     </span>
    </p>
   </div>
   <div class='ocr_carea' id='block_1_91' title="bbox 2299 5421 3933 5494">
    <p class='ocr_par' dir='ltr' id='par_1_91' title="bbox 2299 5421 3933 5494">
     <span class='ocr_line' id='line_1_100' title="bbox 2299 5421 3933 5494; baseline -0.007 -12"><span class='ocrx_word' id='word_1_754' title='bbox 2299 5427 2425 5482; x_wconf 91' lang='lat' dir='ltr'><strong>nim</strong></span> <span class='ocrx_word' id='word_1_755' title='bbox 2446 5425 2560 5482; x_wconf 88' lang='lat' dir='ltr'><strong>hac</strong></span> <span class='ocrx_word' id='word_1_756' title='bbox 2589 5422 2892 5480; x_wconf 88' lang='lat' dir='ltr'><strong>rationein</strong></span> <span class='ocrx_word' id='word_1_757' title='bbox 2917 5421 3232 5494; x_wconf 72' lang='lat' dir='ltr'><strong>superﬁcie</strong></span> <span class='ocrx_word' id='word_1_758' title='bbox 3275 5425 3459 5493; x_wconf 88' lang='lat' dir='ltr'><strong>atque</strong></span> <span class='ocrx_word' id='word_1_759' title='bbox 3501 5421 3567 5477; x_wconf 91' lang='lat' dir='ltr'><strong>in</strong></span> <span class='ocrx_word' id='word_1_760' title='bbox 3588 5421 3752 5478; x_wconf 86' lang='lat' dir='ltr'><strong>linea</strong></span> <span class='ocrx_word' id='word_1_761' title='bbox 3773 5422 3933 5477; x_wconf 79' lang='lat' dir='ltr'><strong>locum</strong></span> 
     </span>
    </p>
   </div>
   <div class='ocr_carea' id='block_1_92' title="bbox 2297 5509 3933 5584">
    <p class='ocr_par' dir='ltr' id='par_1_92' title="bbox 2297 5509 3933 5584">
     <span class='ocr_line' id='line_1_101' title="bbox 2297 5509 3933 5584; baseline -0.005 -12"><span class='ocrx_word' id='word_1_762' title='bbox 2297 5514 2519 5573; x_wconf 88' lang='lat' dir='ltr'><strong>habere</strong></span> <span class='ocrx_word' id='word_1_763' title='bbox 2546 5513 2840 5571; x_wconf 63' lang='lat' dir='ltr'><strong>videntum</strong></span> <span class='ocrx_word' id='word_1_764' title='bbox 2866 5513 3012 5569; x_wconf 91' lang='lat' dir='ltr'><strong>Sunt</strong></span> <span class='ocrx_word' id='word_1_765' title='bbox 3035 5515 3236 5568; x_wconf 86' lang='lat' dir='ltr'><strong>autem</strong></span> <span class='ocrx_word' id='word_1_766' title='bbox 3257 5509 3424 5569; x_wconf 84' lang='lat' dir='ltr'><strong>aliud</strong></span> <span class='ocrx_word' id='word_1_767' title='bbox 3462 5515 3655 5584; x_wconf 85' lang='lat' dir='ltr'><strong>atque</strong></span> <span class='ocrx_word' id='word_1_768' title='bbox 3686 5509 3844 5569; x_wconf 87' lang='lat' dir='ltr'><strong>aliud</strong></span> <span class='ocrx_word' id='word_1_769' title='bbox 3860 5523 3933 5564; x_wconf 82' lang='lat' dir='ltr'><strong>ra-</strong></span> 
     </span>
    </p>
   </div>
  </div>
