4064 6308
165 299 198 359 4
209 304 311 361 337

174 436 244 499 τῷ
303 422 503 481 ἔνδικα.

174 519 270 589 γὰρ
318 520 444 591 πρὸς
475 512 586 569 ἶσόν
642 515 842 588 λέγεται
885 539 898 552 '
947 521 1060 574 ἔστι
1107 517 1166 575 δὲ
1209 525 1343 576 κατὰ
1395 526 1455 576 τὸ
1512 525 1688 595 μεῖζον
1743 526 1833 574 καὶ

175 606 380 659 ἔλαττον
427 606 716 678 λεγόμενον.
798 608 1066 672 Ἐπίτασις
1115 607 1172 663 δὲ
1225 616 1315 665 καὶ
1372 614 1548 674 ἄνεσις
1604 615 1832 684 φαίνεται

173 704 264 757 τῆς
338 700 612 756 ποιότητος
721 695 789 763 ἓν,
893 698 1051 760 αὐτῆς
1109 704 1199 754 καὶ
1317 704 1418 776 γὰρ
1541 700 1828 774 ἐπιφάνεια,

174 785 219 838 ἓν
272 780 331 837 δὲ
357 790 596 858 γραμμὴ,
630 783 753 838 ἄλλο
785 781 840 839 6’
889 789 1002 841 ἔστι
1032 793 1120 842 καὶ
1151 789 1293 859 ἄλλο,
1352 795 1442 844 καὶ
1483 790 1577 844 ούκ
1615 789 1791 844 ἀλλοία
1814 828 1826 841 .

171 875 200 932 ἡ
232 881 356 945 γοῦν
389 872 442 936 ἐξ
488 883 581 936 τῆς
628 879 750 948 τρία
804 874 1040 930 ἐπιτάσει
1098 881 1157 931 τὸ
1211 875 1408 934 ἀλλοῖον
1475 883 1608 952 ἔχει,
1655 884 1744 933 καὶ
1795 883 1825 940 ἡ

172 961 308 1017 ἐννέα
375 971 465 1024 τῆς
522 963 591 1030 ἓξ,
640 969 730 1017 καὶ
776 967 806 1024 ἡ
869 963 998 1020 δέκα
1049 977 1145 1030 τῆς
1201 967 1340 1022 ἐννέα
1393 971 1422 1030 ἦ
1477 978 1568 1032 τῆς
1623 967 1826 1038 ἕνδεκα,

169 1057 444 1116 ποιότητος
465 1049 524 1106 6's
544 1057 716 1120 τοῦτο,
756 1053 884 1108 ἀλλά
922 1052 989 1116 δὴ
1023 1064 1112 1110 καὶ
1155 1061 1185 1117 η
1220 1063 1312 1120 ἴση
1363 1064 1454 1113 καὶ
1509 1061 1688 1122 ἄνισος
1738 1068 1829 1122 τῆς

170 1161 203 1194 α
248 1141 284 1215 β
337 1164 393 1214 γ,
446 1151 538 1203 τῆς
577 1142 686 1216 αβ
737 1165 770 1217 ’γ
839 1141 875 1198 δ
920 1150 1009 1198 καὶ
1061 1146 1096 1220 β
1151 1150 1247 1220 γὴ
1287 1147 1386 1222 αβ
1434 1149 1622 1217 εύθεῐα,
1683 1154 1827 1202 ποιὸ-

165 1250 280 1289 τητι
339 1228 398 1285 δὲ
448 1230 624 1285 ἀλλοία
667 1240 759 1294 τῆς
801 1253 836 1286 α
886 1232 921 1306 β
972 1236 1001 1294 ἣ
1057 1243 1154 1298 τῆς
1207 1235 1276 1361 βόΔ
1304 1241 1598 1301 ποιότητος.
1653 1245 1826 1314 Γραμ-

843 1326 876 1361 ν

843 1326 876 1377 7

165 1419 264 1484 μῆς
296 1413 400 1486 γὰρ
440 1414 498 1464 τὸ
540 1411 660 1465 εύθὺ
717 1417 805 1466 καὶ
853 1417 1140 1491 περιφερὲς,
1177 1413 1468 1470 ἰδιαίτατον
1521 1437 1576 1472 σε
1630 1420 1828 1482 ταύτης

164 1504 222 1558 τό
277 1500 496 1566 ἀπλατές
547 1522 562 1536 ο
609 1502 664 1565 ὃς
708 1503 802 1558 οὐκ
839 1502 887 1560 ἐν
935 1504 1069 1578 ἄλλῳ
1112 1511 1212 1560 τινὶ
1267 1509 1624 1584 εὑρεθήσεται.
1665 1513 1829 1588 Πέρα.

165 1610 228 1646 τα
281 1587 343 1643 δὲ
373 1599 469 1655 τῆς
527 1593 617 1665 μὶν
653 1591 944 1666 ἐπιφανείας
1001 1601 1243 1670 γραμμαί
1296 1619 1308 1631 ·
1363 1600 1525 1650 εἶτουν
1577 1601 1635 1652 τό
1690 1587 1825 1672 αβ,

163 1678 254 1734 κᾶν
281 1683 376 1739 ἴση
419 1680 512 1733 κᾶν
552 1683 754 1748 ἄνισος,
785 1680 881 1733 κᾶν
931 1685 1119 1756 μείζων
1186 1685 1281 1738 κᾶν
1339 1685 1558 1739 ἐλάττων
1592 1708 1605 1721 '
1660 1708 1828 1761 γραμ-

163 1776 260 1842 μῆς
291 1766 356 1822 δὲ
383 1774 622 1844 στιγμαί.
664 1769 826 1828 Ὀλου
881 1769 940 1825 δὲ
968 1777 1026 1826 τὸ
1067 1793 1100 1827 α
1153 1773 1190 1848 β
1231 1797 1287 1848 γ,
1344 1775 1439 1828 κᾶν
1489 1777 1683 1849 μείζων
1732 1777 1827 1830 κάν

164 1856 417 1916 ἔλαττων.
449 1859 587 1933 ἶΙσοι
614 1867 740 1933 γοῦν
769 1862 794 1914 ό
835 1866 977 1938 τρία,
1003 1868 1093 1916 καὶ
1123 1873 1148 1916 ο
1193 1869 1336 1938 τρία,
1385 1866 1412 1916 6
1468 1864 1520 1929 ἓξ
1540 1871 1629 1918 καὶ
1683 1867 1708 1918 ό
1753 1867 1822 1938 ἒξ,

163 1948 188 2000 6
230 1946 376 2002 ἐννέα
413 1953 501 2002 καὶ
546 1951 572 2002 6
621 1950 783 2018 ἐννέα,
829 1951 855 2003 6
905 1948 1036 2004 δέκα
1087 1957 1177 2006 καὶ
1219 1955 1244 2006 ό
1303 1951 1434 2008 δέκα
1483 1969 1498 1985 ⁸
1546 1956 1720 2008 ἄνισοι
1768 1952 1827 2028 δὲ

157 2041 278 2110 πρὸς
334 2037 611 2114 ἑκατέρους
677 2041 812 2092 κατά
873 2043 932 2094 τὸ
995 2043 1173 2114 μεῖζον
1229 2047 1320 2096 καὶ
1377 2042 1588 2096 ἔλαττον
1627 2066 1639 2078 ·
1703 2046 1824 2121 ὅπερ

158 2124 292 2180 ἕστὶν
355 2125 466 2181 ἶσον
512 2134 601 2182 καὶ
646 2129 846 2186 ἄνισον.
922 2135 1024 2186 Καὶ
1108 2133 1164 2184 αἱ
1239 2137 1481 2206 γραμμαὶ
1547 2135 1683 2186 κατά
1739 2137 1825 2186 τὸν

159 2215 308 2269 αὐτὸν
379 2216 533 2288 λόγον
590 2216 700 2270 ἶσαι
729 2225 842 2272 ’καὶ
895 2220 1070 2273 ἄνισοι
1115 2241 1128 2254 ·
1179 2223 1315 2274 κατά
1379 2225 1439 2274 1'6
1489 2223 1668 2295 μεῖζον
1735 2228 1825 2276 καὶ

159 2305 389 2376 ἔλαττον,
453 2309 574 2382 ὅπερ
639 2307 779 2361 ἔστὶν
861 2307 973 2362 ἴσον
1059 2314 1150 2364 καὶ
1232 2312 1430 2381 ἄνισον,
1506 2311 1690 2365 ἀλλοία
1765 2309 1824 2366 δὴ

156 2402 441 2459 ποιότητος
515 2394 742 2471 διαφορά
805 2397 1094 2472 ἐπιφάνεια,
1157 2403 1291 2453 κατά
1345 2403 1505 2453 ταυτὸ
1592 2398 1651 2454 δὲ
1735 2407 1825 2455 καὶ

160 2491 400 2560 γραμμή.
461 2486 601 2539 Ἐπεὶ
653 2495 780 2558 γοῦν
829 2493 918 2540 καὶ
974 2497 1188 2562 ’χραμμῇ
1243 2495 1333 2543 καὶ
1381 2488 1674 2566 ἐπιφανείᾳ,
1733 2495 1823 2544 καὶ

167 2585 350 2650 στιριῶ
400 2580 494 2628 καὶ
552 2573 758 2649 ἀριθμῷ
817 2578 1054 2655 αἰσθητῷ
1104 2598 1159 2632 τε
1203 2585 1294 2633 καὶ
1354 2588 1524 2650 νοητῷ
1583 2584 1824 2640 ποιότητί

168 2663 210 2716 θ’
263 2667 514 2725 ὡσαύτως
560 2669 650 2716 καὶ
735 2671 884 2719 παντὶ
936 2668 1208 2741 πράγματι
1294 2668 1656 2736 (ἐπακολουθεί
1722 2673 1822 2742 γὰρ

165 2755 360 2816 τούτοις
437 2773 526 2810 και
601 2759 810 2817 κίνησις
883 2775 974 2808 και
1042 2761 1206 2830 φωνὴ,
1268 2757 1449 2820 ἰσότης
1508 2762 1679 2831 μέντοι
1734 2778 1824 2812 και

165 2847 322 2917 φωνὴ)
391 2843 579 2905 ἰσότης
647 2848 823 2916 μέντοι
872 2864 962 2898 και
1011 2843 1258 2911 ἀνισότης
1299 2850 1434 2902 κατὰ
1471 2851 1654 2916 ποσὸν,
1702 2847 1822 2904 ἐπί-

1057 305 1412 368 THEODORI
1441 305 1490 364 II
1519 307 1659 366 IMP.
1688 306 1780 365 DE
1817 303 2274 367 COMMUNIONE
2320 309 2696 369 NATURALL

595 430 696 480 Καὶ
761 432 913 481 τοῦτο
980 447 1114 487 κατα
1150 434 1208 485 τὸ
1257 433 1488 509 ἄπειρον.
1527 435 1596 487 Τὸ
1653 433 1831 486 ἄνισον
1867 433 1914 486 Α
1945 453 2094 494 τασις
2125 430 2184 487 6's
2233 454 2322 491 και
2377 436 2553 499 ἄνεσις
2609 439 2742 490 κατά
2769 439 2937 506 ποιὸν,
2978 458 3067 493 και
3122 447 3214 495 τοῦ
3257 445 3346 517 μὲν
3396 448 3452 499 τὸ
3500 449 3586 504 ἄλ-

3447 319 3585 383 1338

1944 517 2020 586 λο,
2052 528 2142 573 τοῦ
2167 518 2225 575 δὲ
2262 525 2320 575 τό
2387 522 2604 592 ἀλλοῖον,
2669 526 2779 580 οὔθ’
2835 527 3018 590 ἕνωσις
3063 532 3180 584 οὔτε
3226 532 3587 599 αύτοποσότης

1942 618 2014 681 τῷ
2045 620 2190 683 ποσῷ
2241 613 2478 667 ἐπίτασιν
2512 613 2622 674 δώη
2691 617 2721 676 ἦ
2776 619 2969 685 ἄνεσιν,
3017 623 3132 673 οὔτε
3186 625 3279 680 τὴν
3336 630 3588 686 ποιότητα

1943 700 2291 776 ἀποστερήσει
2352 703 2637 768 ἐπιτάσεως
2717 726 2806 760 και
2879 707 3113 778 ἀνέσεως,
3192 713 3312 784 ὅπερ
3360 723 3451 768 τοῦ
3501 716 3588 770 ἀλ-

1939 789 2082 844 λοίου
2130 791 2242 846 ἔστί
2299 795 2371 865 (1)
2440 812 2453 850 :
2499 815 2588 848 και
2640 795 2750 850 ἐπεί
2801 799 2832 855 ἡ
2894 797 3129 861 ἐπίτασις
3184 820 3274 854 και
3329 805 3360 862 ἡ
3413 806 3586 867 ἄνεσις

1941 881 1999 934 ού
2073 890 2165 936 τοῦ
2240 883 2416 955 ἄλλον,
2475 884 2601 939 ἀλλὰ
2654 893 2746 940 τοῦ
2823 885 3045 945 ἀλλοίου.
3112 895 3213 944 Καί
3264 896 3323 945 τὸ
3381 913 3414 946 α
3460 895 3496 968 β
3551 919 3585 971 γ

1940 967 1975 1060 6
2026 974 2340 1045 τετράγωνον
2393 973 2486 1028 ούκ
2539 978 2643 1052 ἄρα
2689 975 2813 1029 ἄλλο
2869 986 2960 1030 τοῦ
2998 977 3036 1050 ψ
3094 1001 3126 1052 φ
3166 1003 3206 1033 ω
3259 1003 3302 1054 χ
3356 967 3587 1060 διαφέρει

1939 1058 1998 1116 δί
2052 1071 2199 1134 ποσῷ
2255 1071 2328 1135 τῷ
2384 1063 2547 1138 ἀνίσῳ
2616 1074 2749 1120 ποιῶ
2805 1063 2864 1122 δὲ
2914 1077 2987 1140 τῷ
3035 1067 3238 1143 ἀλλοίῳ,
3307 1077 3470 1128 εἵτουν
3508 1058 3582 1143 τῇ

1936 1150 2167 1206 ἐπιτάσει
2199 1173 2288 1206 και
2322 1163 2384 1227 τῇ
2444 1154 2629 1220 ἀνέσει,
2707 1155 2801 1210 ούκ
2855 1157 2976 1211 ἄλλο
3041 1167 3164 1231 γοῦν
3208 1160 3314 1215 ἀλλ’
3388 1137 3585 1220 αλλοῖου

1933 1250 2026 1294 τοῦ
2052 1243 2288 1315 μείζονος
2337 1247 2396 1297 τὸ
2448 1245 2689 1317 ἔλαπτον,
2741 1243 2985 1320 ὁμοειδὴς
3038 1246 3097 1302 δὲ
3151 1271 3240 1305 και
3294 1261 3390 1316 τῆς
3425 1255 3586 1320 αὐτῆς

1933 2215 2117 2286 οὐσίας
2154 2239 2243 2272 και
2286 2223 2584 2293 ποιότητος,
2633 2227 2732 2276 Καί
2790 2224 3006 2295 θυμικὸς
3049 2223 3154 2296 ἄρα
3198 2220 3227 2280 ἦ
3285 2225 3384 2282 πᾶς
3436 2217 3588 2274 ἄλλος

1931 2312 2062 2384 πρὸς
2117 2312 2204 2362 τὸν
2279 2307 2494 2384 ὁμοειδῆ
2576 2312 2669 2364 ούκ
2759 2311 2929 2380 ἄλλος,
3017 2309 3215 2373 ἀλλοῖος
3289 2318 3352 2384 τῇ
3411 2309 3588 2362 ἐπιτά-

1936 2417 2014 2451 σει
2083 2419 2173 2451 και
2218 2408 2279 2472 τῇ
2334 2401 2530 2472 ὑφέσει,
2583 2401 2624 2454 εἰ
2696 2397 2950 2475 διαφέρει.
3010 2405 3108 2455 Καί
3141 2397 3360 2472 ἐδείχθη
3426 2406 3591 2452 ταῦτα

1932 2491 2101 2550 καθὼς
2153 2485 2258 2542 ἔδει
2304 2486 2612 2561 δειχθῆναι.
2667 2494 2753 2544 Διὸ
2813 2490 2905 2544 οὐκ
2965 2489 3112 2543 ἄλλον
3156 2493 3243 2542 τὸν
3289 2491 3506 2561 θυμικὸν
3556 2488 3585 2547 ἢ

1934 2575 2386 2649 ἓπιθυμητικόνό
2443 2585 2626 2654 κρίνων
2689 2577 2944 2654 διακρινεί
2991 2587 3082 2632 τοῦ
3151 2575 3444 2652 ὁμοειδοῦς,
3497 2573 3591 2629 διά

1931 2671 2023 2726 τὴν
2086 2667 2141 2721 ἐκ
2192 2671 2472 2732 ποιότητος
2516 2668 2689 2722 ἄνεσιν
2745 2671 2774 2730 ἡ
2855 2667 3112 2735 ἐπίτασιν,
3173 2667 3218 2721 εἰ
3270 2675 3343 2739 τῷ
3395 2669 3450 2719 ἐκ
3497 2672 3590 2718 τοῦ

1932 2765 2100 2811 ποσοῦ
2176 2757 2417 2832 ἀπατηθεῖ
2480 2762 2578 2831 ἴσῳ
2631 2779 2719 2811 και
2787 2757 2948 2831 ἀνίσῳ
3009 2760 3144 2811 κατά
3203 2758 3418 2817 τούτους
3469 2758 3590 2817 τοὺς

1932 2847 2157 2920 λόγους·
2199 2851 2313 2922 ἔχει
2365 2868 2455 2902 και
2501 2851 2602 2924 γὰρ
2654 2847 2842 2924 ἀκριϐῆ
2925 2851 3020 2907 τὴν
3075 2842 3364 2911 ἀπόδειξιν.
3416 2845 3590 2898 Οὕτω·

162 3016 316 3076 tione
361 3020 721 3094 quantitatis
780 3025 837 3078 et
897 3037 1020 3079 non
1079 3022 1418 3081 aliusmodi.
1472 3025 1822 3098 Superﬁcies
1857 3031 1898 3086 C
1937 3029 2134 3084 mente
2153 3025 2495 3099 percipitur,
2522 3024 2789 3098 qualitati
2817 3039 3064 3097 quoque
3090 3025 3270 3096 atque
3291 3022 3444 3080 adeo
3465 3021 3584 3078 cui-

162 3107 336 3179 igitur
365 3127 509 3184 quae
531 3126 633 3167 sex
659 3110 720 3167 in
747 3127 815 3168 se
838 3113 1251 3185 complectitur
1278 3113 1498 3170 additis
1527 3114 1714 3172 tribus
1743 3116 1826 3172 in-

165 3197 426 3256 tenditur
463 3204 521 3256 et
547 3205 991 3258 commutatur:
1025 3206 1080 3259 et
1133 3218 1353 3258 novem
1413 3203 1827 3276 complectitur

160 3287 372 3345 additis
419 3305 544 3361 sex,
578 3290 906 3347 intenditur
935 3295 992 3348 et
1018 3291 1326 3348 dissimilis
1376 3293 1594 3360 evadit,
1645 3295 1825 3351 Item-

159 3392 270 3448 que
299 3394 442 3451 qum
482 3377 694 3436 decem
753 3379 1166 3452 complectitur
1231 3382 1574 3453 superﬁcies
1609 3383 1827 3439 additis

162 3479 370 3523 novem
402 3475 514 3526 aut
549 3467 826 3524 undecim
869 3468 1176 3524 dissimilis
1208 3471 1428 3527 evadit.
1461 3473 1579 3527 Hoc
1626 3476 1828 3529 autem

167 3558 248 3610 est
277 3557 604 3628 qualitatis.
629 3558 805 3630 Atqui
830 3557 989 3614 linea
1021 3564 1183 3616 recta
1209 3575 1245 3616 a
1276 3561 1308 3615 b
1337 3576 1367 3616 c
1397 3561 1643 3634 aequalis
1665 3566 1755 3617 est
1776 3566 1832 3618 et

161 3641 471 3716 intequalis
502 3645 672 3702 lineis
697 3662 734 3702 a
784 3647 816 3702 ὁ
847 3663 896 3716 c,
924 3663 961 3703 a
1010 3648 1042 3703 b
1072 3663 1104 3704 ο
1134 3649 1194 3716 ιι,
1230 3649 1262 3704 b
1293 3665 1324 3706 c
1375 3662 1398 3718 ,’
1437 3649 1544 3705 sed
1587 3655 1832 3723 propter

158 3734 511 3806 qualitatem
553 3741 641 3792 est
693 3736 1024 3793 dissimilis.
1084 3741 1234 3794 Nam
1310 3740 1480 3796 lineae
1516 3740 1630 3795 hoc
1689 3757 1830 3812 pro-

157 3822 354 3894 prium
394 3830 487 3881 est
517 3830 579 3881 ut
608 3825 679 3881 sit
709 3832 871 3882 recta
907 3827 998 3882 vel
1030 3827 1280 3900 obliqua
1309 3846 1322 3898 ;
1355 3830 1618 3886 maxime
1685 3846 1828 3886 vero

159 3914 494 3984 proprium,
531 3918 594 3971 ut
623 3915 695 3970 sit
727 3915 1057 3972 latitudinis
1096 3932 1310 3989 expers
1349 3935 1361 3972 :
1402 3934 1535 3990 qua:
1583 3919 1828 3991 quidem

157 4003 495 4073 proprietas
551 4003 611 4058 in
652 4004 817 4059 nulla
891 4004 1007 4061 alia
1041 4021 1103 4059 re
1152 4007 1392 4078 reperiri
1447 4012 1660 4079 potest.
1701 4011 1831 4064 Ter-

159 4089 303 4146 mini
334 4107 482 4149 vero
515 4108 621 4148 seu
669 4093 819 4149 ﬁnes
860 4094 1191 4166 superﬁciei
1219 4101 1356 4152 sunt
1388 4095 1554 4152 lineae
1607 4101 1691 4165 ut,
1733 4113 1828 4153 ex-

1936 3116 2081 3172 libet
2106 3117 2191 3172 rei
2219 3116 2372 3172 inest
2398 3114 2710 3188 aequalitas
2743 3118 2799 3170 et
2826 3112 3202 3186 inaequalitas
3239 3127 3311 3167 ex
3354 3110 3590 3184 quanti-

1938 3209 2076 3276 tate,
2102 3203 2361 3260 intensio
2391 3219 2529 3259 vero
2560 3208 2617 3258 et
2645 3202 2916 3259 remissio
2953 3218 3025 3258 ex
3051 3201 3354 3274 qualitate,
3386 3215 3455 3256 ac
3485 3214 3591 3272 per

1937 3293 2105 3350 illam
2127 3293 2372 3366 quidem
2394 3292 2526 3348 alia;
2554 3308 2652 3348 res
2682 3291 2982 3361 dicuntur,
3014 3306 3122 3364 per
3174 3291 3332 3347 hanc
3389 3293 3591 3346 autem

1938 3382 2299 3438 dissimiles:
2347 3387 2504 3438 certe
2555 3397 2752 3454 neque
2805 3381 2967 3449 unio,
3012 3395 3208 3452 neque
3265 3378 3588 3454 quantitas,

1937 3478 2166 3546 quanto
2199 3471 2374 3528 alicui
2412 3471 2813 3528 intensionem
2845 3475 2900 3526 et
2929 3469 3344 3527 remissionem
3375 3467 3542 3524 dabit
3573 3485 3586 3523 :

1938 3577 2133 3634 neque
2171 3577 2378 3616 rursus
2406 3561 2758 3633 qualitatem
2784 3559 3117 3615 intensione
3145 3563 3202 3615 et
3237 3557 3588 3614 remissione

1937 3649 2216 3723 privabit.
2271 3652 2336 3706 Et
2388 3650 2678 3722 quoniam
2731 3649 2988 3705 intensio
3047 3653 3106 3705 et
3145 3647 3416 3703 remissio
3466 3654 3588 3701 non

1940 3739 2104 3795 aliud
2136 3739 2400 3795 efﬁciunt
2431 3739 2536 3794 sed
2564 3738 3102 3794 dissimilitudinem
3134 3736 3411 3792 afferunt.
3434 3735 3591 3800 Qua-

1938 3829 2302 3899 drangulum
2332 3843 2473 3899 ergo
2502 3844 2538 3884 a
2569 3827 2597 3883 b
2626 3844 2656 3884 c
2677 3828 2718 3883 cl
2740 3843 2863 3882 non
2894 3826 3002 3881 erit
3028 3824 3191 3880 aliud
3222 3840 3257 3880 a
3285 3823 3590 3894 quadran-

1940 3917 2080 3988 gulo
2107 3935 2144 3988 ῃ
2167 3933 2212 3974 ω
2229 3935 2256 3973 z
2279 3933 2334 3974 υ.
2360 3916 2636 3973 Diﬂ'erent
2661 3921 2857 3972 autem
2882 3915 3032 3970 inter
3059 3928 3122 3968 se
3146 3929 3216 3968 ex
3237 3910 3588 3984 quantitatis

1938 4007 2360 4079 inaequalitate,
2395 4011 2452 4061 et
2481 4006 2527 4062 si
2550 4005 2900 4078 qualitatem
2933 4007 3161 4076 spectes
3185 4017 3258 4056 ex
3289 3999 3590 4057 dissimili-

1939 4096 2164 4160 tudine,
2197 4097 2310 4151 hoc
2341 4099 2428 4150 est
2458 4111 2531 4150 ex
2562 4093 2898 4150 intensione
2922 4097 2977 4148 et
3006 4091 3374 4147 remissione.
3401 4090 3589 4146 Minus

158 4179 330 4251 empli
357 4181 576 4251 gratia,
609 4181 768 4239 linea
809 4198 846 4238 a
882 4183 934 4249 ὁ,
967 4186 1249 4256 quamvis
1305 4185 1552 4258 aequalis
1584 4191 1688 4242 aut
1743 4187 1827 4242 in-
1864 4198 1907 4252 ι)
1939 4200 2080 4255 ergo
2112 4184 2477 4254 triangulum
2509 4199 2630 4239 non
2653 4187 2740 4238 est
2762 4183 2924 4238 aliud
2953 4197 2989 4237 a
3015 4181 3263 4251 majore,
3293 4179 3394 4235 sed
3422 4179 3590 4234 dissi-

159 4269 426 4340 aequalis,
475 4271 678 4342 major
729 4277 831 4328 aut
883 4273 1098 4328 minor.
1161 4274 1350 4330 Linete
1401 4291 1543 4330 vero
1595 4275 1829 4332 termini

159 4363 298 4414 sunt
353 4366 605 4432 puncta.
671 4361 870 4417 Totius
919 4378 1062 4418 vero
1111 4377 1147 4418 a
1200 4363 1233 4419 ὁ
1298 4380 1350 4433 c,
1406 4363 1521 4420 hoc
1574 4369 1690 4420 tres
1738 4364 1827 4420 di-

160 4449 534 4514 mensiones,
559 4450 684 4506 sive
716 4455 904 4506 totum
931 4451 1078 4508 illud
1104 4453 1310 4523 majus,
1366 4452 1488 4508 sive
1514 4454 1702 4508 minus
1730 4455 1824 4510 sit.

161 4536 434 4607 Equalia
465 4539 649 4612 igitur
673 4543 812 4594 sunt
843 4541 952 4596 tria
981 4547 1037 4596 et
1070 4541 1200 4609 tria,
1249 4556 1466 4596 novem
1499 4548 1553 4597 et
1582 4557 1826 4611 novem,

160 4623 368 4680 decem
415 4635 473 4683 et
537 4627 797 4695 decem;
837 4629 1168 4701 inaequales
1232 4637 1430 4686 autem
1491 4636 1629 4686 sunt
1677 4633 1828 4687 inter

159 4727 220 4768 se
269 4731 341 4770 ex
381 4719 638 4789 majoris
684 4723 741 4774 et
786 4720 1034 4775 minoris
1087 4720 1537 4792 comparatione
1590 4738 1603 4775 :
1659 4721 1826 4792 quod

159 4806 400 4875 proprie
468 4806 688 4862 dicitur
766 4823 894 4863 esse
972 4807 1201 4880 aequale
1250 4815 1305 4864 et
1360 4807 1673 4880 inaequale.
1727 4812 1827 4866 Ea-

158 4890 296 4949 dem
323 4897 558 4953 ratione
588 4897 758 4953 lineze
791 4897 1058 4970 aequales
1109 4903 1166 4954 et
1214 4897 1545 4970 inaequales
1589 4914 1658 4953 ex
1700 4916 1826 4956 ma-

149 4979 296 5053 joris
335 4991 392 5040 et
423 4987 678 5042 minoris
710 4987 1162 5059 comparatione
1193 4988 1472 5044 dicuntur
1497 5003 1649 5044 esse.
1683 4991 1824 5054 Quae

155 5070 406 5141 quidem
439 5089 586 5130 vera
631 5079 722 5130 est
761 5074 1117 5146 aequalitatis
1164 5079 1222 5130 et
1261 5075 1684 5147 inmqualilatis
1736 5093 1826 5134 ra-

155 5161 258 5214 tio.
308 5161 630 5217 Dissimilis
694 5178 835 5218 vero
891 5163 1106 5218 dicitur
1181 5164 1526 5236 superficies
1583 5170 1828 5236 propter

155 5248 468 5320 qualitatis
525 5251 941 5308 differentiam.
1006 5251 1349 5324 Eodemque
1407 5252 1592 5309 modo
1646 5252 1822 5310 linea.

159 5340 463 5404 Quoniam
527 5341 708 5410 igitur
785 5341 975 5408 linere,
1029 5342 1383 5414 superﬁciei,
1444 5342 1656 5412 solido,
1715 5360 1826 5399 nu-

158 5443 328 5486 mero
367 5430 485 5486 sub
540 5445 788 5488 sensum
829 5431 1085 5501 cadenti,
1137 5431 1398 5506 itemque
1438 5447 1690 5489 numero
1722 5433 1826 5506 qui

1937 4274 2096 4330 mile.
2139 4275 2286 4330 Sunt
2337 4278 2536 4328 autem
2588 4271 2763 4326 unius
2807 4272 3036 4336 formae,
3090 4269 3267 4324 unius
3318 4268 3587 4324 essentiaa

1937 4371 1990 4421 et
2017 4362 2333 4434 qualitatis.
2367 4361 2895 4430 Iracundusigitur
2925 4364 2980 4416 et
3004 4357 3252 4432 quilibet
3297 4357 3448 4414 alius
3499 4373 3590 4413 ra-

1937 4454 2094 4510 tione
2134 4452 2385 4522 alicujus
2405 4450 2730 4522 qualitatis,
2779 4466 2916 4523 qua;
2948 4451 3021 4506 sit
3072 4448 3342 4522 ejusdem
3374 4446 3590 4520 speciei

1935 4546 2318 4613 comparatus
2343 4557 2475 4595 cum
2511 4539 2646 4605 alio,
2679 4555 2801 4594 non
2841 4541 2947 4596 erit
2975 4539 3126 4595 alius
3156 4538 3259 4595 sed
3288 4535 3590 4594 dissimilis

1934 4637 2176 4705 prepter
2228 4629 2579 4685 intensionis
2634 4633 2689 4684 et
2750 4629 3117 4686 remissionis
3164 4626 3579 4685 differentiam.

1934 4726 2122 4792 Atque
2159 4719 2287 4774 haec
2312 4718 2722 4775 demonstrata
2752 4722 2890 4775 sunt
2939 4723 3003 4774 ut
3031 4718 3294 4791 oportuit
3335 4716 3590 4771 demon-

1935 4809 2123 4865 strari.
2155 4807 2522 4874 Quambrem
2557 4823 2678 4862 non
2702 4807 2888 4863 alium
2911 4805 3267 4864 iracundum
3291 4807 3395 4860 aut
3423 4803 3586 4874 cupi-

1933 4898 2078 4954 dum
2109 4898 2373 4954 indicare
2395 4897 2575 4952 debet
2601 4897 2817 4970 aliquis
2843 4912 2980 4951 eum
3005 4895 3110 4968 qui
3131 4893 3324 4963 magis
3351 4896 3454 4948 aut
3478 4892 3587 4948 mi-

1931 5003 2046 5044 nus
2076 4992 2163 5043 est
2189 4985 2539 5053 iracundus,
2563 4986 2756 5054 magis
2787 4990 2889 5040 aut
2913 4984 3112 5039 minus
3142 4981 3414 5053 cupidus,
3443 4996 3583 5036 cum

1933 5076 2048 5132 sint
2076 5077 2343 5147 ejusdem
2377 5075 2615 5147 speciei.
2653 5077 2850 5144 Neque
2895 5072 3072 5128 debet
3120 5070 3316 5142 decipi
3351 5069 3589 5142 quanti-

1935 5167 2066 5221 tatis
2097 5165 2435 5239 iequalitatc
2458 5171 2513 5220 et
2533 5161 2952 5234 inaequalitate.
2983 5160 3169 5217 Habet
3197 5163 3356 5216 enim
3387 5159 3447 5215 in
3490 5159 3586 5213 his

1934 5253 2311 5309 sermonibus
2351 5257 2697 5308 accuratam
2752 5249 3345 5306 demonstrationem.
3395 5249 3588 5318 Atque

1933 5342 2048 5400 hoc
2078 5343 2261 5400 modo
2293 5341 2538 5414 sapiens
2580 5337 2928 5394 observabit
2976 5337 3276 5394 naturales
3307 5333 3584 5393 animalis

1934 5433 2162 5489 ratione
2188 5429 2417 5504 praediti
2444 5425 3040 5497 communicationes,
3092 5429 3150 5482 et
3177 5441 3299 5498 quo
3344 5421 3584 5493 ingenio

233 5629 308 5702 (1)
338 5628 506 5706 Ὀπερ
539 5629 602 5685 ού
638 5639 731 5688 τοῦ
765 5632 968 5691 ἀλλοίου
994 5638 1139 5695 ἔστι.
1177 5627 1297 5694 Hoc
1324 5633 1562 5692 videtur
1593 5635 1953 5695 addititium.
