4064 6308
489 278 629 338 1339
2007 271 2362 332 ΑΒΒΕΝΒΑ.
3781 267 3908 325 ηω

489 408 617 474 γοῦν
653 402 745 463 τὰς
793 401 842 455 ἐν
880 409 942 461 τῆ
999 404 1153 474 φύσει
1197 408 1466 466 κοινωνίας
1523 409 1614 455 τοῦ
1659 401 1872 474 λογικοῦ
1927 402 2064 462 ζώον
2115 402 2141 453 ὁ
2181 447 2225 500 Α
2256 399 2498 474 ινδότιρα
2560 404 2722 464 οὕτως
2795 404 2955 474 ἔχειν.
3011 401 3132 453 Εἰσὶ
3187 401 3288 472 γὰρ
3349 405 3541 470 σημεῖα
3613 394 3787 448 πολλὰ
3839 394 3909 445 ἰα-

499 491 512 500 .
669 498 676 500 _
1246 491 1262 500 Α
1355 495 1373 500 ..
1741 498 1747 500 .
1988 489 2035 500 Α.
2530 498 2537 500 .
2762 491 2777 500 ι
2926 499 2942 500 η
3035 487 3056 500 ι
3097 487 3120 500 ιι
3258 494 3266 500 .
3433 487 3476 500 ιν
3561 487 3589 500 ν
3700 481 3754 500 Ἅμ

490 491 794 565 ἐπιστήμων
874 500 1186 566 παρατηρῶν
1244 491 1293 544 ἓν
1349 495 1568 545 ἕκαστον
1631 498 1904 563 γινώσκειν
1975 489 2140 544 δύνα-
2181 481 2225 500 Π
2255 500 2406 564 τριχῇ
2459 498 2547 545 καὶ
2604 491 2944 564 φυσιολογικῇ
3023 487 3350 562 δεδηγμένον,
3425 487 3476 549 ἐξ
3554 487 3622 536 ὧν
3688 481 3910 536 δύναται

489 601 597 647 ται,
634 584 804 644 καθὼς
853 583 965 653 ἔχει
1012 585 1211 653 φύσεως
1263 596 1278 612 ⁸
1339 587 1428 634 καὶ
1484 582 1579 634 οὐκ
1633 584 1879 654 ἀπατηθῇ
1931 581 1990 633 ἂν
2037 589 2143 634 πώ-
2253 589 2380 632 νοεῖν
2445 584 2508 633 τὰ
2562 590 2662 632 τῶν
2711 581 2898 632 ὑλικών
2970 577 3272 632 διαθέσεων.
3348 584 3548 648 Ὠσπερ
3623 581 3757 644 γοῦν
3818 592 3912 622 τινι

488 687 632 736 ποτε,
678 669 806 721 ἀλλὰ
843 666 1100 744 διακρινεῖ
1138 673 1196 722 τὸ
1256 674 1408 742 φύσει
1464 678 1696 742 κρεῖττον
1754 676 1844 723 καὶ
1902 674 1960 722 τὸ
2004 672 2143 722 θέσει
2252 665 2473 738 Λυδικῷ
2553 669 2680 738 λίθῳ
2741 665 2910 728 τοῑςδι
2954 667 3147 737 λόγοις,
3217 666 3270 728 ἐξ
3335 663 3531 716 ἐκείνων
3585 665 3656 714 τὰ
3727 667 3914 731 σημεῖα

488 762 580 809 καὶ
639 756 920 831 ἐφαρμόσει
977 757 1048 810 ἐνὶ
1129 758 1332 829 ἑκάστῳ
1408 762 1466 810 τὸ
1544 759 1882 828 κατάλληλον,
1958 755 2136 816 ἐπειδὴ
2251 757 2544 830 λαμϐάνων,
2625 755 2958 829 δοκιμαζέτω
3000 759 3136 818 ὅπως
3222 754 3484 826 ἁπελὲγχῃ
3546 755 3618 804 τὰ
3677 757 3911 823 3:913:76-

488 843 933 919 ἀποδεὸειγμένας
1014 849 1190 910 πάσας
1246 851 1359 920 ἔχει
1431 850 1526 908 τὰς
1599 853 1887 910 κοινωνίας.
1940 845 2140 908 Μηδεὶς
2251 867 2397 920 μενα,
2426 853 2515 900 καὶ
2554 851 2612 899 τὸ
2665 848 2716 899 ὃν
2772 855 2860 898 τοῦ
2909 851 2980 918 μὴ
3042 850 3205 910 ὄντος,
3257 849 3346 896 καὶ
3397 846 3498 896 ὅσα
3552 841 3616 894 ἂν
3666 839 3912 912 raptib-

489 932 552 988 δὲ
597 939 760 1009 μέχρι
807 944 899 997 τῆς
943 937 1110 1007 ὄψεως
1167 943 1353 996 στήσει
1409 943 1503 996 τὴν
1575 945 1788 1009 γνῶσιν,
1863 940 1994 990 ῶσνι
2054 937 2135 988 ἐκ·
2247 957 2376 989 πται
2407 933 2484 988 δι’
2535 936 2661 988 ὅλων
2690 945 2789 987 τῶν
2814 935 2999 1005 λόγων,
3068 931 3140 986 δι’
3167 933 3202 985 ἃ
3243 937 3331 984 καὶ
3360 934 3386 983 ὁ
3421 935 3620 991 σκοπὸς
3688 929 3760 988 εἰς
3805 930 3909 998 ἄρι-

489 1031 582 1076 τοῦ
652 1030 934 1098 χρώματος
985 1034 1086 1077 τῶν
1147 1027 1481 1078 καθεκάστων
1546 1025 1872 1096 ἀπατᾶσθαι,
1927 1031 2016 1078 καὶ
2072 1028 2138 1077 τὰ
2249 1045 2372 1078 στον
2403 1025 2547 1086 τέλος
2579 1024 2916 1098 ἐναρξάμενος
2970 1022 3113 1086 λὴξιι
3170 1019 3388 1093 δυναμει
3441 1029 3534 1073 τοῦ
3592 1025 3908 1094 κρείττονος*

487 1269 730 1328 quaque
747 1253 948 1310 indole
959 1256 1437 1328 unumquodque
1450 1256 1870 1328 sitpraaditum,
1888 1272 2136 1327 cognos-
2251 1260 2601 1320 monstrata,
2623 1273 2694 1310 ex
2715 1254 2936 1328 quibus
2955 1253 3299 1310 affectiones
3316 1268 3637 1325 corporeas
3655 1266 3908 1321 cognos-

488 1359 620 1400 cere
661 1344 893 1416 poterit.
934 1347 1134 1417 Neque
1175 1361 1445 1417 unquam
1493 1345 1984 1414 hullucinabitur,
2033 1347 2138 1401 sed
2249 1361 2381 1400 cere
2411 1361 2756 1416 possumus.
2791 1343 3030 1408 Quoties
3057 1343 3236 1413 igitur
3265 1360 3337 1399 ex
3364 1342 3475 1397 illis
3517 1341 3719 1410 signis
3756 1339 3908 1411 judi-

489 1431 814 1500 distinguet
831 1431 983 1487 inter
1008 1431 1154 1486 illud
1187 1432 1354 1505 quod
1383 1437 1599 1487 natura
1640 1434 2020 1503 praestantius
2053 1438 2141 1488 est
2250 1451 2384 1490 care
2410 1434 2567 1489 volet
2588 1434 2827 1506 aliquis,
2850 1434 2942 1488 bis
2967 1434 3181 1488 nostris
3212 1432 3594 1488 sermonibus
3617 1436 3902 1502 tanquam

486 1525 545 1576 et
562 1519 710 1576 illud
767 1520 934 1591 quod
963 1525 1050 1575 est
1100 1521 1396 1593 positione
1441 1539 1454 1588 ;
1515 1526 1572 1576 et
1629 1523 1795 1594 quod
1826 1523 2140 1578 conveniet
2252 1523 2436 1594 Lydio
2473 1523 2671 1595 lapide
2702 1522 2918 1595 probet
2964 1521 3336 1591 conjecturas
3368 1536 3508 1575 suas
3558 1525 3625 1574 ut
3684 1535 3783 1573 res
3821 1534 3909 1572 oc-

490 1609 705 1681 cuique
735 1608 817 1664 rei
839 1609 1342 1673 accommodabit,
1371 1610 1865 1682 quandoquidem
1893 1612 2139 1668 demon-
2249 1612 2437 1668 cultas
2466 1601 2819 1680 investigare
2851 1616 2907 1665 et
2937 1610 2995 1666 id
3017 1610 3181 1682 quod
3208 1626 3329 1666 non
3361 1614 3468 1676 est,
3509 1608 3592 1664 ab
3626 1623 3704 1663 eo
3748 1608 3908 1680 quod

491 1701 704 1753 stratas
751 1697 1325 1754 communicationes
1353 1698 1654 1754 naturales
1705 1700 1905 1756 habet.
1953 1704 2136 1756 Nemo
2168 1723 2208 1775 Β
2248 1707 2336 1756 est
2365 1699 2725 1772 distinguere
2748 1700 2953 1772 possit.
2983 1700 3242 1770 Denique
3259 1697 3759 1767 notetdiligenter
3780 1711 3910 1768 quae

488 1800 632 1841 vero
659 1785 722 1840 in
775 1785 902 1841 solo
932 1790 1179 1857 aspectu
1207 1786 1552 1857 acquiescat
1579 1788 1659 1843 ita
1701 1794 1766 1842 ut
1813 1805 1884 1844 ex
1940 1789 2134 1845 colore
2247 1789 2340 1845 his
2364 1789 2739 1845 sermonibus
2766 1787 3063 1866 complexi
3085 1805 3313 1855 sumus,
3350 1803 3614 1860 quorum
3666 1802 3910 1858 scopus,

490 1872 882 1942 singularium
919 1874 1215 1943 judicans,
1258 1874 1320 1928 in
1357 1890 1619 1931 errorem
1658 1877 1996 1943 inducatur,
2030 1894 2136 1949 pu-
2247 1894 2386 1933 cum
2413 1878 2489 1934 ad
2511 1878 2694 1933 finem
2715 1879 3008 1950 Optimum
3051 1876 3273 1941 tendat,
3308 1876 3540 1931 felicem
3570 1891 3830 1948 quoque
3862 1879 3914 1934 et

484 1964 684 2034 tetque
713 1977 848 2034 qum.
878 1966 1018 2040 sunt
1036 1962 1193 2018 intus
1222 1963 1306 2018 ita
1334 1979 1396 2018 se
1424 1963 1666 2019 habere.
1709 1967 1952 2021 Exstant
1975 1967 2135 2022 enim
2245 1967 2544 2039 optimum
2563 1969 2781 2022 exitum
2803 1967 3184 2038 juvanteDco
3209 1966 3443 2038 Optimo
3462 1967 3730 2021 Maximo
3747 1965 3912 2021 habi-

485 2050 658 2120 signa
677 2050 871 2107 multa
897 2051 958 2106 in
983 2051 1284 2108 medicina
1303 2056 1362 2108 et
1392 2052 1647 2110 naturali
1695 2055 1944 2112 scientia
1973 2071 2136 2112 com-
2244 2045 2414 2113 turus
2444 2062 2550 2111 est.
3305 2045 3307 2048 ⁴

1202 2551 2046 2670 ΘΕΟΔΩΡΟΥ
2122 2557 2403 2670 ΤΟΥ
2476 2550 3158 2672 ΛΑΣΚΑΡΙ

981 2845 1113 2894 ΤΟΥ
1165 2846 1318 2895 ΥῙΟΥ
1352 2847 1484 2895 ΤΟΥ
1523 2846 1843 2896 ΜΕΓΑΛΟΥ
1896 2848 2218 2897 ΒΑΣΙΛΕΩΣ
2277 2849 2490 2896 ΚΥΡΟΥ
2541 2848 2844 2898 ΙΩΑΝΝΟΥ
2895 2851 3026 2897 ΤΟΥ
3075 2846 3298 2899 ΔΟΥΚΑ

1440 3077 1656 3162 ΤΗΣ
1734 3076 2229 3164 ΦΥΣΙΚΗΣ
2316 3079 2933 3166 ΚΟΙΝΩΝΙΛΣ

1775 3347 2067 3411 ΔΟΓΟΣ
2106 3347 2572 3416 ΠΕΜΠΤΟΣ.

1408 3842 2168 3964 THEODOR]
2269 3847 2960 3972 LASCARIS

1251 4133 1410 4190 FlLlI
1469 4136 1682 4192 SUMMI
1739 4138 2203 4196 IMPERATORIS
2261 4141 2503 4197 DOMlNl
2559 4143 2848 4198 JOANNIS
2908 4142 3111 4198 DUCE

1155 4380 1339 4485 DE
1414 4375 2165 4492 NATURALI
2242 4387 3175 4497 COMMUNIONE

1725 4673 2090 4763 SERMO
2151 4683 2628 4777 QUINTUS

539 5169 608 5224 α’.
674 5173 772 5222 Δύο
813 5171 916 5224 εἰσι
971 5176 1037 5226 τὰ
1089 5174 1383 5247 ζητούμενα
1434 5176 1506 5238 εἰς
1554 5175 1802 5243 ἐξέτασιν,
1851 5181 1910 5230 ’ὀ
1964 5182 2116 5251 φύσει
2147 5183 2186 5238 C
2225 5201 2368 5256 τερον
2447 5180 2534 5235 οὖν
2605 5183 2830 5258 ἀκριϐῶς
2913 5184 3439 5251 ἐπακολουθήσαντες
3523 5203 3590 5266 τῇ
3685 5194 3881 5260 ἐξετάσει

466 5276 522 5309 τε
555 5261 644 5310 καὶ
679 5260 816 5312 θέσει
882 5281 894 5292 ’
951 5261 998 5314 ἓν
1054 5259 1112 5315 δὲ
1151 5267 1345 5316 τούτων
1395 5268 1566 5316 κοινὸν
1617 5269 1644 5323 ὴ
1705 5263 1954 5342 διαφορά,
2013 5274 2112 5321 Πὸ·
2223 5276 2387 5346 μέχρι
2426 5278 2516 5325 καὶ
2545 5273 2705 5325 αὐτοῦ
2733 5271 2800 5331 δὴ
2861 5282 2952 5326 τοῦ
3008 5273 3222 5345 λογικοῦ
3283 5278 3428 5337 ζῶον
3492 5293 3674 5338 ταῦτα
3727 5303 3865 5338 amr

542 5436 733 5535 LDuo
747 5439 1220 5535 suntquzenobis
1233 5441 1796 5535 adinvestigandum
1821 5445 2126 5517 proposita
2234 5450 2628 5520 estpositione
2653 5468 2666 5505 :
2687 5467 2939 5523 quorum
2966 5452 3228 5508 duorum
3253 5470 3601 5517 commune
3623 5460 3877 5535 quiddam

463 5524 741 5592 fuerunt;
775 5541 992 5600 nempe
1017 5527 1163 5585 illud
1182 5530 1349 5601 quod
1377 5536 1696 5588 estnatura
1715 5537 1770 5588 et
1791 5533 1938 5589 illud
1959 5536 2125 5607 quod
2233 5544 2345 5607 est,
2376 5554 2592 5612 nempe
2627 5538 2982 5596 differentia.
3016 5542 3221 5596 Utrum
3274 5543 3465 5611 igitur
3505 5524 3878 5618 investigatio-
