4064 6308
208 293 364 350 1341

1095 297 1449 356 THEODORI
1485 297 1534 356 II
1570 301 1710 359 IMP.
1747 300 1840 357 DE
1877 297 2333 356 COMNUNIONE
2371 299 2750 356 NATURALI.

3499 298 3638 358 1342

239 422 487 490 τὴσαμεν
533 411 882 483 ἐξετάσαντες,
913 423 1004 472 καὶ
1055 421 1087 479 ἡ
1288 418 1550 496 διαίρεσις
1595 430 1693 475 τῶν
1749 441 1858 474 κοι-
1913 422 1963 476 Α
2019 422 2268 494 ράσαντες
2345 421 2511 497 εὗρον.
2565 421 2726 475 Ὥστε
2768 422 3000 495 μιγάλως
3049 425 3140 474 καὶ
3176 423 3208 481 ἠ
3274 419 3494 476 παιδεία
3539 422 3611 486 εἰς

238 515 348 558 νῶν
369 515 723 578 τοσαυταχῶς
779 509 1046 582 εὑρεθεῖσα
1097 506 1257 563 διεῖλε
1305 519 1404 563 τῶν
1454 515 1606 583 φύσει
1662 514 1728 563 τὰ
1782 512 1858 562 θί-

240 614 354 662 σει,
409 603 472 667 τῇ
530 592 590 648 δὲ
651 604 782 668 τομῇ
839 595 1136 668 ἀναγκαίως
1193 607 1608 672 συναναφανέῖσα
1651 603 1678 658 ὁ
1735 597 1856 653 δια-

239 685 392 757 φορὰ
446 686 514 736 τὰ
566 689 836 758 κρείττονα
887 683 1222 749 ἐναπέθειξεν.
1266 687 1422 759 Ἔχει
1487 685 1546 741 δὲ
1595 693 1859 762 κρείττονα

235 774 272 830 ἡ
307 775 469 844 φύσις
499 774 600 825 ὅσα
627 777 763 826 κατὰ
818 776 912 836 τὸς
968 773 1138 850 ἀρχὰς
1193 774 1531 830 ἐπακολουθεῖ
1569 794 1583 807 ⁸
1616 777 1746 849 λέγω
1799 773 1858 830 δὲ

237 860 427 934 ἀρχὰς
464 866 583 923 τούς
610 867 821 936 χυμούς
869 868 1051 917 καὶτὰ
1099 871 1230 940 μέρη
1284 869 1352 920 τὰ
1397 876 1491 930 τῆς
1523 868 1712 940 ψυχῆς
1765 875 1857 920 τοῦ

236 949 470 1023 λογικοῦ
501 953 660 1015 ζώου,
705 950 887 1012 ἔπειδή
944 953 1000 1006 ἐκ
1056 963 1156 1007 τῶν
1217 959 1460 1009 τοιούτων
1515 960 1672 1029 σοφὸν
1725 957 1857 1017 ζῶον

241 1044 565 1094 συνέοτακεν
627 1042 914 1116 ἄνθρωπος.
975 1047 1198 1117 Πότερον
1262 1041 1349 1097 οὖν
1391 1049 1459 1099 τὰ
1521 1047 1612 1119 μὲν
1655 1050 1744 1104 τὴν
1807 1043 1856 1097 ἐν

237 1133 519 1187 κοινότητι
575 1127 831 1204 διαφορὰν
914 1127 1135 1199 ἔδειξαν,
1204 1133 1368 1194 ἁπλάς
1429 1155 1574 1196 τινας
1625 1136 1857 1187 ὑποτιθέ-

238 1238 383 1291 μενα
419 1225 710 1290 κοινωνίας,
743 1225 835 1273 καὶ
893 1220 942 1273 έν
981 1225 1199 1296 ἐπιτομῇ
1257 1227 1317 1277 τὸ
1375 1221 1624 1298 διάφορον
1679 1227 1857 1299 ἥθροι-

239 1326 372 1374 σαν,
447 1307 686 1380 σύμϐολα
773 1312 955 1382 θέμενα
1007 1314 1102 1371 τὰς
1159 1316 1413 1384 συζύγίας
1483 1312 1856 1386 ἀμετακίνητοι.

235 1395 321 1449 Ἠ
347 1399 450 1470 γὰρ
496 1398 720 1450 καθόλου
771 1397 886 1451 ἐστὶ
930 1404 1022 1452 καὶ
1078 1406 1274 1472 φυσικὴ
1330 1407 1589 1468 κοινωνία,
1639 1405 1729 1453 καὶ
1768 1401 1857 1454 εύ-

239 1486 350 1546 θὴς
378 1489 469 1536 καὶ
518 1483 714 1556 ἀγαθός
759 1484 899 1538 ἐστιν
938 1489 965 1539 ό
999 1494 1329 1551 συνεστακὼς
1357 1489 1410 1552 ἐξ
1447 1489 1630 1555 αὐτῆς,
1672 1490 1700 1549 ᾖ
1755 1489 1858 1543 λεί-

233 1592 404 1626 πεται
433 1580 523 1626 τοῦ
549 1573 741 1627 τελείου
773 1582 926 1650 μέρος
974 1596 1045 1647 τι,
1082 1583 1174 1630 καὶ
1205 1579 1230 1630 ό
1283 1577 1339 1630 ἐκ
1391 1581 1588 1639 ταύτης
1641 1578 1858 1631 λείποιτ’

239 1660 335 1716 ἂν.
369 1662 400 1720 ἣ
443 1665 600 1734 μέση,
652 1668 743 1716 καὶ
769 1661 1078 1731 ἀκολούθως,
1110 1666 1140 1724 ἦ
1172 1669 1309 1718 κατὰ
1335 1670 1395 1719 τό
1447 1675 1542 1728 τῆς
1585 1672 1858 1728 ποιότητος

240 1751 442 1822 μᾶλλον
485 1756 577 1804 καὶ
647 1753 820 1826 ἧττον,
882 1757 973 1806 και
1020 1757 1070 1806 οἱ
1132 1761 1433 1828 γεννώμενοι
1487 1764 1551 1829 τῇ
1613 1761 1858 1827 γενέσεως

240 1839 398 1911 αἰτίᾳ
451 1837 930 1900 ἐπακολουθησωσι.
995 1847 1096 1895 Καὶ
1151 1851 1355 1915 πρῶται
1407 1847 1496 1916 μὲν
1544 1842 1632 1896 οὖν
1690 1849 1857 1897 αἰτίαι

241 1935 351 1980 τῶν
430 1937 729 1996 κοινωνιῶν,
812 1931 883 1991 ὡς
933 1932 1158 2004 εἴρηται,
1239 1930 1287 1982 ἐν
1340 1930 1630 1994 ἀνθρώποις
1687 1937 1856 2004 χυμοὶ

241 2020 342 2069 καὶ
376 2018 558 2088 θυμός,
607 2016 759 2088 λόγος
822 2023 913 2070 καὶ
971 2017 1242 2089 ἐπιθυμία,
1283 2023 1413 2092 μετὰ
1465 2017 1524 2074 δὲ
1585 2023 1776 2081 ταύτας
1821 2023 1851 2079 ἡ

235 2112 342 2165 τῆς
367 2101 636 2168 παιδείας.
682 2105 884 2179 Ὠσπερ
939 2109 1038 2181 γὰρ
1094 2107 1145 2159 έν
1203 2107 1296 2180 ὕλῃ
1347 2111 1407 2161 τό
1461 2105 1616 2180 εἶδος,
1668 2107 1716 2162 ἓν
1770 2107 1856 2160 ἀν-

240 2195 472 2267 θρώποις
522 2191 742 2248 παιδεία
799 2217 812 2230 ·
855 2199 991 2249 ὥστε
1029 2197 1074 2249 εἰ
1110 2201 1183 2270 μὴ
1243 2196 1518 2255 ἀκηκοέναι
1553 2201 1670 2250 τινά
1716 2217 1856 2260 τινος

235 2283 379 2334 πάνυ
418 2287 509 2335 καί
560 2301 620 2354 γε
675 2286 830 2355 φύσιν
883 2289 1134 2359 χρηστὴν
1192 2287 1403 2357 ἔχοντα,
1459 2285 1554 2338 οὐκ
1607 2288 1669 2338 ἄν
1733 2305 1854 2340 ποτε

235 2377 438 2442 γνῶσιν
468 2371 734 2444 εἰληχέναι
761 2391 844 2434 τις
873 2376 1015 2446 εἴπῃ.
1057 2373 1244 2427 Πολλοὶ
1295 2370 1356 2427 δὲ
1403 2379 1494 2428 καὶ
1541 2381 1693 2428 τοῦτο
1743 2393 1856 2428 πει-

206 2607 359 2648 nem
386 2592 546 2649 hanc
571 2597 847 2650 accurate
877 2595 1182 2666 persecuti
1203 2599 1512 2664 sumus,et
1525 2595 1731 2651 omnia
1749 2595 1879 2651 haec

209 2685 569 2752 perscrutati
586 2682 662 2738 ad
681 2683 907 2740 animal
917 2685 1147 2740 ratione
1163 2683 1483 2757 praeditum
1492 2683 1760 2756 provecti
1773 2699 1877 2739 su-

215 2785 354 2824 mus
379 2770 408 2825 ?
422 2772 626 2826 Utrum
639 2772 820 2827 etiam
839 2771 1057 2828 divisio
1069 2772 1688 2828 communicationum
1702 2773 1763 2828 in
1794 2775 1880 2829 tot

215 2871 438 2927 genera
467 2857 546 2914 ab
564 2857 677 2913 illis
705 2874 842 2930 quae
869 2865 1008 2914 sunt
1039 2859 1460 2931 positione,illa
1473 2876 1610 2931 qua:
1623 2865 1876 2915 suntna-

212 2949 370 3008 tura,
395 2946 740 3017 separavit?
757 2950 962 3002 Utrum
979 2948 1157 3003 etiam
1174 2947 1273 3003 illa
1287 2963 1424 3018 quae
1443 2953 1582 3003 sunt
1595 2952 1878 3018 priestan-

210 3033 371 3089 tiora
391 3035 891 3091 commonstravit
918 3034 1254 3091 differentia
1281 3035 1382 3091 illa
1405 3051 1542 3108 qum
1571 3051 1695 3091 una
1737 3050 1876 3091 cum

2018 515 2113 568 τὴν
2157 511 2533 570 τελειοποίησιν
2587 512 2956 585 συμϐάλλεται.
2986 511 3136 566 Ἔστι
3173 508 3233 564 δὲ
3284 516 3374 564 καὶ
3417 514 3446 570 ἡ
3491 532 3614 566 παι-

2021 595 2138 652 δεία
2169 597 2420 675 διάφορος
2447 607 2632 654 ’πᾶσα
2680 604 2778 675 γὰρ
2833 604 3066 669 μάθησις
3121 600 3194 661 εἰς
3237 604 3332 658 τὴν
3387 599 3611 654 καθόλου

2017 690 2283 758 ἀνάγεται,
2345 689 2663 742 ποικίλλεται
2718 692 2748 748 ἠ
2807 689 3028 742 καθόλου
3083 685 3142 741 δὲ
3204 685 3480 762 διαφόρως,
3541 688 3613 750 εἰς

2017 775 2344 848 φιλοσοφίαν,
2405 778 2476 838 εἰς
2533 783 2823 852 στρατείαν,
2873 778 2944 838 εἰς
3016 781 3281 842 ναυτικὴν,
3322 776 3395 838 εἰς
3457 777 3614 848 ὑφαν-

2016 869 2186 934 τικὴν,
2274 865 2345 926 εἰς
2421 870 2901 938 χρυσοποιητικὴν,
2987 866 3059 928 εἰς
3149 869 3472 936 ποιμενικὴν,
3546 864 3612 924 εἰς

2017 951 2394 1026 ὀψαρτυτικήν.
2445 954 2516 1016 εἰς
2563 959 2859 1013 τεκτονικὴν
2901 958 2985 1007 καὶ
3058 953 3214 1007 πλείω
3263 956 3457 1006 τούτων
3521 973 3609 1006 πο-

2015 1041 2098 1095 λύ.
2155 1044 2219 1095 Αἱ
2263 1045 2352 1114 μὲν
2405 1039 2492 1094 οὖν
2549 1052 2610 1116 τῇ
2665 1043 2913 1116 καθολικῇ
2961 1050 3302 1096 κοινωνοῦσαι
3357 1045 3427 1104 ὡς
3478 1041 3613 1102 εἰκὸς

2017 1131 2248 1204 ἄριστοι.
2301 1130 2457 1183 Ἔστι
2488 1129 2547 1184 δὲ
2575 1133 2708 1190 αὕτη
2740 1132 3018 1204 φιλοσοφία
3049 1150 3063 1164 ·
3102 1139 3296 1203 γνῶσις
3342 1134 3444 1204 γὰρ
3497 1133 3612 1183 ἐστι

2017 1226 2116 1270 τῶν
2146 1222 2298 1270 ὄντων
2391 1223 2514 1272 ὄντα
2555 1219 2716 1290 ἐστὶν,
2761 1224 2826 1282 ὡς
2869 1221 3001 1282 εἰκὸς
3055 1217 3115 1274 δὲ
3161 1220 3311 1290 λέγω,
3364 1219 3471 1290 οὐχ
3535 1220 3611 1272 ὅτι

2017 1310 2104 1358 τόν
2137 1312 2330 1360 σκυτέα
2376 1308 2689 1381 φιλοσοφεῖν,
2745 1308 2852 1362 ἀλλ’
2895 1311 2976 1362 ὅτι
3023 1311 3159 1361 κατὰ
3207 1308 3355 1380 λόγον
3403 1307 3612 1380 ἐργάζε-

2021 1396 2147 1446 σθαι
2196 1398 2264 1447 τὰ
2312 1395 2349 1446 ἃ
2380 1398 2761 1458 κατασκευάζει
2802 1394 2992 1450 πέδιλα
3041 1418 3055 1430 ο
3109 1401 3199 1449 καὶ
3250 1400 3336 1448 τὸν
3385 1398 3611 1468 ὑφάντην

2017 1487 2106 1534 καὶ
2161 1487 2248 1536 τὸν
2297 1483 2654 1558 ἆργυροκόπον
2699 1489 2832 1558 πρὸς
2887 1471 2989 1547 τὰς
3052 1489 3440 1560 μεταχειρίσεις
3504 1484 3612 1545 ἐνὸς

2017 1572 2239 1624 ἑκάστου
2290 1576 2426 1625 κατά
2489 1577 2574 1626 τὸν
2622 1577 2781 1626 τύπον
2861 1575 3035 1629 αύτόν.
3097 1578 3316 1645 Λέγεται
3365 1576 3466 1645 γὰρ
3522 1577 3613 1625 καὶ

2021 1664 2178 1732 σοφὸς
2243 1659 2586 1733 ἁρχιτέκτων,
2639 1664 2745 1735 ούχ
2794 1663 2875 1715 ὃτι
2932 1659 2992 1714 δέ
3046 1665 3108 1733 γέ
3175 1664 3246 1722 ὡς
3301 1661 3609 1734 φιλοσοφῶν,

2018 1746 2124 1800 ἀλλ’
2151 1752 2221 1810 ὡς
2265 1751 2346 1802 ὅτι
2384 1753 2519 1802 κατὰ
2567 1750 2716 1822 λόγον
2759 1755 2847 1804 τὸν
2895 1755 3082 1826 πρίονα
3143 1755 3233 1802 καὶ
3269 1769 3354 1804 τον
3401 1749 3612 1804 πέλεκυν

2015 1845 2147 1890 κινεῖ
2195 1842 2326 1912 πρὸς
2383 1842 2478 1901 τὰς
2542 1838 2822 1912 οἰκοδομάς
2877 1861 2892 1874 ο
2949 1839 3229 1912 ἀνάγονται
3278 1842 3379 1914 γὰρ
3443 1845 3613 1892 πᾶσαι

2015 1927 2145 1999 πρὸς
2173 1930 2295 1998 μίαν
2341 1926 2544 1998 ἑκάστῳ
2599 1930 2657 1979 αἱ
2707 1932 2893 1998 τέχναι
2936 1935 3032 1990 τῆς
3092 1927 3398 1998 φιλοσοφίας
3444 1922 3609 1980 ἰδέαν.

2017 2018 2118 2066 Καὶ
2166 2015 2192 2065 ό
2242 2019 2539 2088 στρατηγός
2585 2015 2779 2078 πολλῆς
2860 2013 3032 2068 δεῖται
3101 2015 3401 2087 φιλοσοφίας
3446 2016 3496 2066 ἓν
3555 2032 3610 2066 τε

2016 2101 2247 2174 βουλαῖς,
2282 2105 2330 2156 ἓν
2363 2123 2417 2156 τι
2445 2107 2704 2178 κρίσεσίν,
2737 2107 2788 2158 ἓν
2837 2124 2893 2156 τε
2933 2104 3259 2178 παρατάξεσι
3307 2107 3398 2155 καὶ
3465 2121 3609 2174 σχη-

2013 2197 2298 2263 ματισμοῖς
2373 2191 2617 2264 πολέμου,
2693 2197 2784 2244 καὶ
2838 2197 3183 2265 ναυμαχίαις,
3263 2195 3354 2243 καὶ
3403 2190 3612 2265 πολιορ-

2011 2284 2172 2349 κίαις,
2200 2283 2290 2331 καὶ
2328 2278 2378 2332 έν
2424 2279 2600 2341 ἄλλαις
2645 2279 2858 2343 πολλαῖς
2911 2279 3136 2355 πράξεσι
3187 2281 3373 2355 ῥηταῖς
3418 2279 3464 2331 τ’
3520 2277 3612 2353 ἆῤ-

2008 2369 2211 2443 ῥήτοις.
2257 2366 2414 2439 Ἔχει
2441 2371 2544 2442 γάρ
2572 2370 2604 2427 ἡ
2639 2373 2992 2442 στρατιωτικὴ
3040 2374 3136 2428 την
3186 2369 3312 2428 ύλην
3364 2375 3464 2420 τῶν
3524 2366 3609 2441 ἰρ-

1983 2590 2182 2646 omnis
2222 2590 2384 2647 enim
2412 2589 2732 2664 disciplina
2760 2590 2842 2646 ad
2907 2590 3245 2664 generalem
3296 2593 3630 2648 revocatur.

1983 2679 2154 2735 Varie
2185 2684 2386 2736 autem
2412 2683 2469 2735 et
2484 2679 2884 2753 multipliciter
2910 2679 3302 2749 distribuitur,
3335 2678 3398 2734 in
3446 2679 3637 2752 philo-

1985 2775 2281 2848 sophinm,
2313 2776 2375 2831 in
2399 2775 2860 2848 imperatOriam,
2882 2776 2944 2832 in
2954 2775 3279 2843 nauticam,
3293 2773 3629 2844 textoriam,

1983 2864 2298 2919 auriﬁcum
2316 2868 2525 2931 artem,
2539 2864 2936 2936 pastoritiam,
2951 2863 3325 2932 culinariam,
3339 2863 3605 2920 fabrilem
3616 2907 3630 2931 ,

1983 2953 2123 3010 etin
2143 2953 2331 3009 multo
2361 2953 2562 3025 plures
2590 2953 2737 3009 alias
2762 2972 2775 3009 :
2818 2969 2954 3025 quae
2977 2953 3157 3022 igitur
3200 2969 3337 3008 cum
3370 2954 3633 3022 generali

1982 3041 2083 3097 illa
2112 3045 2252 3097 sunt
2276 3043 2738 3112 conjunctiores,
2769 3041 2981 3097 merito
3020 3041 3321 3097 habentur
3364 3041 3630 3114 optimaa.

209 3119 504 3176 divisione
533 3122 736 3177 statim
765 3123 988 3178 exstitit
1011 3122 1366 3179 ?Habentur
1385 3128 1585 3178 autem
1604 3123 1664 3179 in
1677 3138 1874 3178 rerum
1906 3127 1946 3180 (Ἰ
1985 3133 2082 3186 Est
2101 3135 2301 3185 autem
2331 3130 2433 3186 illa
2459 3129 2842 3203 philosophia
2861 3130 3074 3202 prima,
3107 3145 3244 3202 quae
3273 3132 3362 3185 est
3406 3145 3629 3199 rerum,

212 3213 432 3265 natura
443 3211 854 3281 praestantiora
865 3211 964 3267 illa
978 3227 1359 3284 quascunque
1375 3213 1646 3284 proxime
1663 3213 1876 3284 princi-

211 3298 321 3371 pia
344 3299 476 3370 ipsa
508 3306 866 3371 sequuntur.
889 3301 1184 3373 Principia
1195 3316 1338 3357 vero
1355 3301 1490 3356 dico
1520 3302 1804 3357 humores
1819 3304 1876 3357 et

213 3391 417 3459 partes
437 3388 655 3444 animae
685 3389 841 3445 illius
873 3406 1010 3462 qua;
1049 3390 1276 3446 animal
1303 3389 1531 3446 ratione
1555 3391 1871 3463 praaditum

216 3477 1038 3551 constituit,quandoquidem
1056 3495 1130 3534 ex
1146 3479 1370 3536 talibus
1384 3483 1620 3537 constat
1635 3482 1873 3552 sapiens

214 3565 364 3620 illud
392 3567 639 3635 animal,
672 3582 893 3640 nempe
921 3568 1124 3624 homo.
1151 3570 1358 3624 Utrum
1404 3569 1580 3638 igitur
1619 3584 1656 3624 a
1695 3569 1873 3625 nobis

210 3656 629 3712 demonstrata
657 3666 746 3712 est
761 3657 824 3712 in
843 3657 1274 3712 communitate
1293 3672 1494 3713 rerum
1536 3657 1870 3715 differentia

207 3745 425 3818 positis
450 3745 820 3817 quibusdam
869 3746 1243 3818 simplicibus
1281 3747 1812 3804 communionibus
1841 3747 1870 3803 ?

208 3837 420 3890 Utrum
453 3833 634 3890 etiam
671 3834 1006 3892 differentia
1040 3835 1660 3891 communicationum
1682 3836 1870 3892 brevi-

203 3927 300 3978 ter
325 3926 383 3977 et
403 3936 609 3993 presse
648 3922 963 3994 perstricta
1011 3927 1100 3978 est
1127 3937 1198 3978 ac
1251 3923 1687 3994 comprehensa
1715 3923 1848 3995 posi

204 4011 286 4066 tis
316 4009 607 4081 symbolis
636 4011 770 4082 conj
782 4011 1134 4082 ugationum
1163 4010 1646 4066 immutabilibus
1689 4013 1718 4068 ?
1769 4011 1870 4068 Vel

203 4098 374 4154 enim
395 4102 488 4153 est
511 4099 804 4168 generalis
835 4104 892 4154 et
929 4097 1220 4154 naturalis
1271 4101 1641 4169 communio,
1691 4103 1871 4171 atque

203 4186 310 4242 ille
335 4186 441 4258 qui
469 4203 541 4242 ex
572 4187 686 4242 hac
713 4191 964 4253 constat,
1006 4191 1201 4242 rectus
1231 4191 1317 4242 est
1364 4192 1422 4242 et
1472 4187 1718 4259 probus,
1777 4186 1872 4243 vel

202 4276 380 4332 deest
426 4275 671 4348 aliquid.
713 4276 879 4349 quod
919 4275 998 4332 ad
1051 4276 1473 4348 perfectionem
1529 4276 1870 4346 requiritur.

200 4366 402 4434 Atque
422 4363 504 4418 illi
523 4363 709 4420 deerit
732 4363 961 4436 aliquid
1004 4363 1112 4435 qui
1159 4378 1230 4418 ex
1278 4363 1393 4418 hac
1444 4363 1872 4419 communione

1982 3224 2282 3291 quatenus
2322 3223 2480 3288 sunt,
2512 3218 2770 3288 cognitio
2800 3260 2814 3273 .
2850 3218 2990 3274 Dico
3018 3217 3230 3274 merito
3287 3232 3411 3274 non
3464 3219 3632 3292 quod

1983 3307 2318 3363 existimem
2343 3307 2664 3363 coriarium
2687 3307 3120 3380 phiiosophari,
3151 3306 3257 3362 sed
3281 3306 3446 3378 quod
3457 3321 3635 3380 opor-

1981 3399 2103 3451 teat
2122 3395 2463 3461 coriarium,
2498 3410 2635 3466 quae
2656 3393 2893 3451 conﬁcit
2921 3394 3346 3463 calceamenta,
3407 3411 3482 3451 ex
3542 3411 3634 3452 ra-

1981 3484 2140 3540 tione
2204 3482 2496 3539 conﬁcere
2527 3501 2540 3551 ;
2566 3483 2828 3556 itemque
2874 3488 3164 3540 textorem
3215 3489 3271 3540 et
3322 3484 3627 3541 auriﬁcem

1980 3571 2148 3642 fungi
2178 3572 2302 3626 suis
2315 3570 2664 3628 muneribus
2679 3575 2736 3627 et
2759 3576 3040 3644 praestare
3055 3587 3130 3628 ex
3140 3572 3336 3630 forma
3350 3573 3492 3630 artis
3505 3588 3630 3629 sua;

1977 3675 2112 3733 quae
2122 3660 2344 3717 debent
2353 3665 2648 3732 praestare.
2657 3662 2796 3716 Nam
2811 3659 3158 3717 architectus
3170 3675 3411 3733 quoque
3421 3662 3630 3718 dicitur

1979 3751 2221 3822 sapiens
2240 3764 2366 3805 non
2393 3749 2560 3822 quod
2588 3747 3071 3822 philosophetur,
3102 3749 3207 3804 sed
3231 3751 3397 3820 quod
3425 3765 3500 3805 ex
3536 3765 3628 3806 ra-

1980 3839 2136 3894 tione
2164 3853 2391 3894 serram
2421 3842 2480 3894 et
2501 3837 2758 3893 securim
2787 3841 2991 3894 movet
3044 3837 3123 3893 ad
3173 3836 3624 3893 aediﬁcandum.

1978 3928 2199 3983 Omnes
2226 3927 2388 3981 enim
2409 3931 2565 3982 artes
2596 3925 2675 3981 ad
2707 3940 2895 3980 unam
2938 3923 3304 3993 singularem
3361 3923 3627 3997 aliquam

1976 4015 2370 4086 philosophiae
2390 4015 2590 4070 ideam
2620 4013 2976 4069 referuntur.
3003 4015 3066 4068 Et
3101 4014 3428 4083 imperator
3467 4027 3629 4068 exer-

1977 4104 2126 4159 citus
2155 4117 2280 4158 non
2323 4101 2552 4174 vulgari
2587 4116 2742 4172 opus
2776 4099 2960 4156 habet
2998 4099 3380 4172 philosophia
3422 4100 3484 4156 in
3526 4100 3628 4156 de-

1977 4190 2429 4247 liberationibus
2459 4186 2880 4258 etinjudiciis,
2920 4189 2983 4244 in
3034 4188 3385 4245 orainandis
3433 4193 3491 4245 et
3540 4189 3627 4245 in-

1980 4279 2280 4335 struendis
2325 4278 2533 4350 copiis,
2584 4277 2646 4333 in
2704 4277 2926 4348 prmliis
2977 4277 3313 4344 navalibu,
3353 4279 3416 4334 in
3465 4278 3626 4335 obsi-

1978 4366 2260 4423 dionibus
2289 4366 2539 4438 aliisque
2571 4364 2911 4421 actionibus
2956 4366 3134 4435 vulgo
3179 4367 3335 4422 notis
3383 4371 3442 4422 et
3460 4367 3627 4436 igno-

201 4451 570 4508 constitutus
597 4452 772 4508 fuerit
804 4469 819 4506 :
848 4450 943 4507 vel
972 4455 1058 4507 est
1081 4447 1303 4520 media,
1335 4455 1393 4507 et
1417 4450 1668 4521 proinde
1690 4451 1871 4508 medii
1907 4477 1949 4530 ι)
1978 4456 2077 4512 tis.
2117 4455 2304 4511 Habet
2329 4455 2489 4510 enim
2543 4469 2641 4511 ars
2686 4453 2956 4510 militaris
3000 4455 3212 4511 silvam
3259 4471 3514 4528 operum
3569 4459 3628 4513 et

205 4539 319 4612 qui
335 4555 408 4596 ex
434 4540 550 4597 hac
604 4541 906 4598 constituti
967 4540 1209 4598 fuerint.
1259 4540 1360 4596 Vel
1409 4540 1694 4596 definitur
1751 4557 1872 4597 am-

203 4628 403 4701 pliore
425 4634 483 4686 et
505 4630 735 4686 minore
760 4629 1062 4702 qualitatis
1091 4629 1389 4701 portione.
1419 4631 1616 4700 Atque
1659 4645 1732 4685 ex
1755 4629 1872 4686 hac

204 4718 516 4774 constituti
532 4719 970 4775 constitutionis
988 4723 1044 4774 et
1055 4722 1220 4774 ortus
1233 4732 1481 4779 causam
1509 4722 1836 4789 sequentur
1853 4735 1867 4773 :

207 4819 288 4861 ac
315 4806 528 4877 prima;
551 4807 799 4881 quidem
814 4821 1012 4863 causae
1028 4805 1622 4874 communionum,ut
1643 4805 1870 4862 dictum

208 4893 321 4963 esi,
349 4893 410 4950 in
431 4895 782 4952 hominibus
817 4899 957 4951 sunt
980 4895 1288 4964 humores,
1311 4893 1566 4950 facultas
1584 4895 1868 4965 irascens,

205 4983 366 5040 ratio
427 4988 485 5040 et
532 4985 851 5058 cupiditas.
929 4987 1046 5040 Has
1087 4983 1477 5054 consequitur
1522 4982 1871 5040 eruditionis

205 5073 588 5131 communio.
602 5077 750 5129 Nam
771 5072 1024 5130 eruditio
1049 5071 1110 5126 in
1131 5071 1480 5126 hominibus
1498 5071 1560 5126 id
1589 5075 1677 5127 est
1703 5072 1870 5144 quod

203 5161 271 5216 in
293 5164 548 5218 materia
571 5168 664 5218 est
699 5162 939 5228 forma;
968 5161 1122 5217 adeo
1151 5163 1216 5214 ut
1269 5158 1374 5230 qui
1426 5159 1606 5215 etiam
1652 5165 1871 5216 natura

205 5249 442 5322 optima
473 5257 548 5323 sit
568 5255 873 5324 praeditus,
898 5250 1014 5306 nisi
1043 5249 1348 5314 doceatur,
1389 5263 1705 5320 nunquam
1734 5263 1868 5319 cog-

205 5339 499 5397 nitionem
519 5340 789 5414 aliquam
814 5341 890 5396 sit
918 5341 1384 5412 consecuturus,-
1406 5336 1468 5390 id
1502 5337 1668 5408 quod
1693 5352 1868 5394 nemo

204 5444 332 5486 non
356 5429 662 5491 fatebitur.
695 5429 853 5486 Multi
873 5443 1018 5484 vero
1066 5426 1184 5481 hoc
1236 5425 1319 5480 ita
1373 5424 1594 5480 habere
1641 5426 1868 5498 experti

205 5525 364 5578 sunt.
407 5522 604 5586 Quare
675 5519 930 5577 eruditio
987 5516 1067 5574 ab
1128 5513 1551 5586 perfectionem
1603 5515 1866 5572 hominis

206 5612 469 5670 maxime
499 5609 745 5674 confert.
805 5611 905 5666 Est
945 5611 1151 5665 autem
1207 5603 1460 5664 eruditio
1505 5604 1863 5676 multiplex:

1979 4544 2252 4615 subjecta
2279 4541 2610 4600 indeﬁnite.
2643 4545 2777 4599 Haac
2814 4543 2994 4613 igitur
3023 4544 3231 4600 omnia
3255 4545 3334 4601 ad
3362 4545 3626 4618 philoso-

1978 4633 2186 4704 phiam
2213 4636 2569 4688 revocantur
2599 4650 2612 4688 :
2645 4631 2778 4704 ipsa
2805 4647 2947 4689 vero
2975 4636 3063 4688 est
3089 4638 3383 4705 tanquam
3425 4633 3624 4690 erudi-

1978 4719 2154 4777 tionis
2181 4720 2392 4776 oculus
2415 4723 2473 4774 et
2494 4735 2808 4776 cacumen.
2873 4721 3151 4777 Distincte
3199 4721 3376 4790 igitur
3413 4720 3627 4776 docea-

1978 4825 2116 4865 mus
2134 4824 2420 4881 quaanam
2437 4813 2653 4866 natura
2672 4812 2946 4865 constent
2965 4816 3020 4865 et
3044 4825 3182 4880 qua:
3203 4809 3500 4880 positione
3531 4823 3624 4876 ;ex

1977 4899 2202 4956 finibus
2233 4903 2433 4956 autem
2461 4899 2578 4954 hoc
2624 4898 2830 4970 ipsum
2869 4911 3231 4968 cognoscere
3272 4897 3622 4968 poterimus.

1982 4989 2148 5044 Fines
2172 4988 2354 5044 etiam
2398 4987 2760 5059 principium
2808 4989 2866 5041 et
2913 4999 3162 5041 causam
3212 4984 3500 5040 indicant.
3555 4985 3626 5041 Ut

1978 5078 2140 5133 enim
2170 5075 2478 5148 proportio
2506 5076 2767 5147 partium
2797 5072 2999 5129 circuli
3040 5073 3481 5144 etcomparat‘io
3492 5087 3624 5128 cum

1977 5164 2285 5221 elementis
2316 5164 2575 5219 ostendit
2610 5161 2782 5230 illud,
2806 5161 2973 5233 quod
2998 5165 3215 5216 natura
3261 5151 3513 5227 constat,
3567 5164 3626 5216 et

1975 5252 2119 5308 illud
2139 5252 2307 5325 quod
2337 5251 2652 5322 positione,
2675 5250 2939 5319 itemque
2966 5247 3274 5320 proportio
3299 5254 3357 5305 et
3375 5263 3623 5318 compa-

1974 5342 2124 5398 ratio
2162 5342 2488 5396 humorum
2531 5354 2666 5394 cum
2724 5335 2870 5407 ipsis
2912 5335 3219 5392 elementis
3265 5336 3418 5393 illud
3466 5335 3619 5392 idem

1975 5430 2264 5487 ostendit:
2297 5429 2378 5482 ita
2411 5427 2589 5482 etiam
2631 5423 3131 5480 communionum
3169 5425 3622 5497 conjugationes

1975 5518 2301 5575 ostendunt
2323 5513 2622 5571 naturales
2654 5511 2932 5567 animalis
2968 5513 3196 5570 ratione
3226 5513 3457 5586 praediti
3486 5510 3622 5582 pro-

1971 5607 2271 5679 prietates,
2295 5606 2354 5659 et
2387 5599 2695 5674 quomodo
2740 5598 2918 5655 bonae
2963 5604 3109 5658 eunt
3160 5603 3219 5657 et
3260 5595 3617 5664 laudabiles,
