4064 6308
485 239 622 299 1363

2023 231 2378 290 ΑΒΒΕΝΒΑ.

3773 231 3900 284 1344

508 369 711 438 γασιῶν
771 366 861 416 καὶ
912 362 976 414 τά
1062 361 1373 434 ὑποκείμενα
1445 361 1687 438 ἀόριστα.
1725 361 1936 415 -Πάντα
1983 367 2108 432 γοῦν
2171 364 2218 416 Α
2274 358 2524 431 φθαρικόν
2564 355 2802 415 ἐποίησεν
2831 357 2892 409 ἂν
2922 363 3074 409 τοῦτο
3108 355 3205 422 ;Ού
3258 356 3458 427 φύσως
3514 349 3608 412 δή.
3669 353 3878 411 Ἐποίη-

509 463 678 508 ταύτα
707 453 778 514 εἰς
803 457 896 511 τήν
950 450 1256 524 φιλοσοφίαν
1307 449 1582 523 ἀνάγονται
1623 475 1635 486 ·
1697 453 1826 510 αὕτη
1870 448 1929 504 δε
1984 470 2111 503 παι-

517 542 658 605 δείας
700 543 842 596 ἐστὶν
873 542 977 594 οἷον
1032 540 1287 614 ὀφθαλμὸς
1316 546 1401 594 καὶ
1471 541 1722 618 ἀκρωρία.
1773 544 2114 614 Διαχωρίσω-

511 653 600 707 μιν
670 640 794 704 γοῦν
861 651 977 683 τινα
1031 632 1222 682 τούτων
1296 636 1386 683 καὶ
1439 640 1538 683 τῶν
1594 631 1757 683 ἄλλων
1821 634 1968 703 φύσει
2022 633 2113 680 καί

512 743 628 775 τινα
686 724 823 774 θέσει
873 737 886 750 ·
938 721 1272 794 εὑρεθήσεται
1339 717 1398 773 δι
1448 729 1598 773 τοῦτο
1652 719 1706 772 ἐκ
1757 728 1852 772 τῶν
1902 718 2053 771 τελῶν
2096 738 2109 751 ·

511 815 577 865 τά
627 814 728 884 γάρ
798 810 914 868 τεᾶν)
1006 805 1278 867 δήλοποιεῖ
1349 814 1444 868 τὴν
1501 809 1698 882 ἀρχὴν.
1758 809 1954 881 Ὠσπερ
2009 809 2110 880 ΊάΡ

512 904 543 960 ἡ
615 907 708 952 τοῦ
773 899 962 951 κύκλου
1026 907 1191 972 μερῶν
1266 897 1513 970 ἀναλογία
1568 919 1697 972 προς
1747 901 1812 951 τοί
1871 905 2115 969 στοιχεῖα

513 994 571 1044 τὸ
601 993 752 1062 φύσει
783 986 1018 1042 δείκνυσι
1048 993 1137 1040 καὶ
1166 991 1223 1040 τὸ
1265 991 1425 1055 θέσει,
1451 993 1540 1042 καὶ
1566 991 1595 1047 ἡ
1657 993 1786 1063 πρὸς
1832 987 1965 1040 αύτά
2014 995 2112 1038 τῶν

514 1088 702 1153 χυμῶν
742 1081 952 1152 ὁμοίως,
984 1082 1074 1130 καὶ
1117 1080 1170 1130 αἱ
1234 1080 1487 1151 συζυγίαι
1537 1088 1636 1132 τῶν
1689 1087 1983 1144 κοινωνιῶν,
2023 1082 2113 1130 καὶ

515 1172 650 1222 κατά
678 1171 763 1221 τὸν
791 1168 943 1220 αὐτὸν
974 1167 1124 1239 λόγον
1182 1169 1248 1220 τά
1302 1175 1397 1220 τοῦ
1459 1168 1670 1239 λογικοῦ
1723 1168 1858 1229 ζώου
1919 1167 2114 1239 φυσικοί

520 1256 803 1330 ἰδιώματα,
856 1262 945 1308 καὶ
997 1265 1102 1317 πῶς
1157 1259 1246 1329 μὶν
1291 1256 1465 1328 ἀγαθά
1534 1265 1645 1318 πῶς
1702 1253 1755 1308 δ’
1827 1255 1904 1322 οὒ,
1964 1255 2116 1306 ἅτινα

517 1347 704 1422 μᾶλλον
730 1353 822 1399 τοῦ
850 1348 988 1398 θέσει
1016 1346 1045 1404 ἦ
1074 1352 1165 1397 τού
1219 1348 1370 1417 φύσει
1414 1344 1551 1398 ἐστίν
1587 1367 1598 1378 ·
1634 1346 1769 1397 οὕτω
1804 1341 1869 1403 δή
1925 1347 2014 1395 καὶ
2067 1342 2114 1395 ἐν

518 1437 838 1508 ἐπιστήμαις
861 1440 950 1486 καὶ
981 1438 1193 1506 τέχναις
1233 1433 1461 1506 ἀναφανῇ
1514 1437 1572 1486 τὸ
1600 1437 1749 1505 φύσει
1803 1452 1858 1485 τε
1913 1437 2002 1484 καὶ
2055 1434 2113 1483 τό

521 1529 678 1582 θέσει.
721 1525 782 1577 Εἰ
805 1521 864 1576 δέ
899 1543 980 1585 τις
1010 1521 1210 1598 ἀφορῶν
1250 1525 1328 1575 ὃὸι
1383 1525 1554 1576 πάντα
1607 1531 1700 1584 τῆς
1760 1525 1974 1594 φύσεως,
2028 1525 2118 1572 καὶ

519 1618 600 1668 ὅτι
659 1619 808 1666 πᾶσα
866 1617 1031 1684 τέχνη
1083 1620 1174 1673 τῆς
1231 1612 1541 1685 ἐπιστήμης,
1596 1618 1686 1664 καὶ
1746 1608 1838 1664 διά
1880 1619 2031 1663 τοῦτο
2083 1611 2114 1669 ἦ

518 1706 688 1756 πάντα
761 1711 852 1762 τῆς
903 1705 1124 1774 φύσεως,
1198 1702 1227 1760 ἦ
1285 1698 1433 1754 οὐδὲν
1491 1701 1600 1754 ἐστι
1655 1704 1876 1773 φύσεως,
1935 1705 2024 1752 καὶ
2085 1700 2114 1759 ἧ

519 1793 687 1845 πάντα
735 1799 830 1853 τῆς
876 1789 1170 1863 ἐπιστήμης
1231 1791 1261 1852 ἦ
1324 1787 1447 1844 ούδέ
1499 1791 1549 1843 ἓν
1604 1789 1744 1843 ἐστιν
1801 1789 2118 1862 ἐπιστήμης,

519 1880 794 1934 πλανᾶται.
847 1875 987 1932 Ούδὶ
1039 1882 1140 1953 γάρ
1191 1879 1284 1942 ἔξω
1330 1888 1427 1942 τῆς
1475 1882 1676 1952 φύσεως
1728 1879 1885 1937 οἶλλην
1966 1881 2120 1950 φύσιν

525 1966 816 2041 σπεύδομεν
857 1965 1046 2037 δεῖξαι,
1072 1968 1200 2020 ἀλλά
1237 1971 1304 2021 τά
1333 1973 1404 2041 μή
1463 1971 1595 2022 κατά
1647 1971 1802 2041 φύσιν
1854 1972 2119 2040 γινόμενα.

523 2062 683 2111 εἶτουν
722 2060 788 2110 τά
827 2063 897 2131 μὴ
931 2057 1100 2119 καλῶς
1141 2063 1230 2111 καὶ
1260 2057 1563 2134 εἰλικρινῶς,
1614 2059 1719 2111 οἷον
1775 2062 1870 2116 τὴν
1921 2059 2122 2130 μάχαι·

519 2167 614 2222 ραν
649 2150 675 2206 ἡ
711 2150 864 2220 φύσις
887 2148 1000 2220 εὗρέ
1027 2167 1080 2199 τι
1109 2154 1347 2222 πρᾶγμα,
1406 2155 1537 2199 κινεῖ
1575 2144 1633 2200 δὲ
1684 2167 1767 2209 τις
1811 2146 1972 2205 αύτήν
2023 2165 2124 2198 πα-

519 2237 750 2312 ραλόγως
783 2259 795 2272 -
832 2233 914 2312 ἄρ’
963 2234 1049 2289 οὖν
1079 2236 1274 2309 ἀλόγως
1337 2239 1366 2295 ἡ
1411 2240 1562 2309 φύσις
1613 2237 1726 2310 εὗρε
1777 2241 1870 2294 τὴν
1923 2238 2123 2308 μάχαι-

519 2345 614 2400 ραν
646 2343 659 2393 ;
689 2330 912 2381 Οὔκουν.
972 2325 1036 2378 Ἦ
1073 2327 1152 2378 ὅτι
1188 2330 1247 2378 τὸ
1306 2327 1494 2378 ἐσθίειν
1555 2328 1620 2377 τά
1666 2326 1778 2386 ζῶα
1826 2325 2038 2397 ἄριστον
2090 2328 2119 2384 ἡ

522 2416 672 2486 φύσις
713 2411 874 2466 ἔδωκε
919 2410 1060 2485 δόμα
1127 2430 1138 2443 ·
1197 2416 1254 2465 τό
1319 2417 1450 2488 πρὸς
1491 2417 1639 2487 κόρον
1699 2412 1888 2465 ἐσθίειν
1928 2413 2124 2484 εἰσάγει

523 2501 726 2574 βλάϐην
759 2504 832 2560 ’ἡ
871 2505 1020 2574 φύσις
1072 2504 1131 2554 τὸ
1189 2500 1379 2554 ἐσθίειν
1437 2509 1540 2563 τοῖς
1598 2502 1748 2562 ζώοις
1797 2501 1868 2563 εἰς
1923 2501 2123 2574 βλάϐην

520 2588 683 2646 ἔδωκε
715 2611 730 2660 ;
758 2598 922 2644 Τοῦτο
949 2587 1008 2646 δὲ
1038 2599 1142 2652 πῶς
1177 2608 1190 2658 ;
1234 2596 1335 2647 Καὶ
1402 2594 1501 2664 γάρ
1564 2593 1873 2644 συνιστάναι
1922 2590 1974 2654 ἐξ
2030 2591 2124 2646 ούκ

527 2684 668 2744 ὄντος
724 2682 754 2740 ἠ
807 2683 960 2757 φύσις
1013 2677 1319 2738 σπεύδουσα
1381 2689 1490 2744 πῶς
1554 2684 1612 2735 τὸ
1687 2683 1818 2755 πρὸς
1866 2683 2123 2735 σύστασιν

2276 467 2333 500 σε
2364 443 2423 500 δε
2448 452 2506 500 τὸ
2537 446 2726 500 ἐσθίειν
2774 449 2804 506 ἠ
2862 449 3038 520 φύσις,
3067 446 3126 498 ού
3158 447 3438 519 φθαρτικόν
3491 452 3594 496 τῶν
3627 463 3879 495 συνιστα-

2273 541 2432 610 μένων
2499 533 2595 589 διοί
2641 545 2856 611 τροφῆς,
2890 535 3017 588 ἀλλά
3045 535 3232 608 μᾶλλον
3279 538 3620 587 σνστατικόν.
3675 540 3796 594 Πῶς
3829 530 3881 585 δὲ

2273 626 2561 680 πλεονεκτεῖ
2634 634 2746 687 τοῖς
2829 632 3071 698 φυσικοῖς
3149 621 3432 696 ἰδιώμασίν
3515 643 3595 685 τις
3675 629 3878 694 κρᾶσις,

2274 721 2363 769 καὶ
2401 717 2602 789 εἰσάγει
2631 719 2697 769 τὰ
2744 720 2816 789 μή
2864 718 2978 768 κατ’
3020 716 3216 768 εὐθεῖαν
3250 718 3571 786 γιγνόμεναι,
3624 714 3759 777 οἷον,
3809 715 3882 764 ὅτι

2273 811 2368 864 τήν
2406 813 2566 879 χεῖρα
2617 803 2909 867 δακτύλους
2959 808 3099 876 ἔχειν
3140 801 3222 857 δεῖ
3277 807 3496 876 φύσεως,
3560 801 3614 865 ἓξ
3677 799 3742 854 δέ
3769 806 3879 868 6-3;

2275 896 2394 948 Εἰσὶ
2458 892 2518 947 δέ
2562 915 2694 958 τινες
2740 902 2916 968 χεῖρες
2967 899 3057 946 καὶ
3110 889 3452 956 ἐξαδάκτυλοι
3486 913 3498 924 ·
3533 897 3627 944 καὶ
3679 895 3743 942 τὸ

2276 988 2415 1057 ἔχειν
2453 990 2548 1043 τήν
2577 993 2736 1058 χεῖρα
2785 981 3092 1050 δακτύλους,
3154 985 3354 1055 φύσεως
3410 999 3424 1011 ⁸
3477 985 3534 1034 τό
3572 979 3634 1034 δι
3681 981 3882 1042 πλείους

2277 1078 2478 1146 φύσεως
2543 1078 2654 1147 μεν,
2713 1073 3096 1145 ἁποτνχούσής
3149 1069 3208 1125 δὲ
3279 1079 3369 1124 τοῦ
3432 1078 3660 1124 σκοποῦ.
3738 1071 3884 1142 Ἔχει

2279 1161 2418 1216 διότι
2448 1184 2538 1216 και
2567 1167 2625 1215 τὸ
2681 1161 3012 1236 συμϐεϐηκός
3056 1182 3172 1215 τινα
3231 1157 3473 1233 δύναμιν.
3515 1160 3635 1234 Ἆρ’
3686 1156 3776 1212 οὖν
3825 1163 3888 1211 τὰ

2278 1252 2326 1305 ὲν
2385 1261 2446 1325 τῇ
2506 1255 2657 1325 φύσει
2703 1250 2876 1322 ἁγαθοί
2909 1271 2923 1284 ο
2973 1255 3062 1302 καὶ
3119 1253 3191 1321 μή
3231 1248 3404 1320 ἀγαθά
3464 1265 3479 1278 ·
3538 1252 3629 1299 καὶ
3677 1250 3747 1298 τὰ

2280 1340 2473 1412 ἀγαθὰ,
2508 1339 2619 1407 ἶσα,
2649 1343 2711 1392 τὰ
2756 1337 2815 1392 δὲ
2857 1344 2928 1412 μή
2964 1338 3137 1410 ἀγαθά
3188 1338 3302 1390 κατ’
3363 1336 3609 1408 ἐλλείψεις
3662 1335 3891 1408 ἐπισυμ-

2280 1430 2441 1484 ϐαίνει
2471 1451 2524 1484 τε
2562 1437 2651 1484 καὶ
2675 1430 3050 1502 πλεονασμούς.

2354 1521 2427 1594 β’.
2481 1529 2658 1574 Παντα
2687 1524 2775 1593 μὲν
2823 1517 2911 1572 οὖν
2962 1518 3242 1589 ἀνάγονται
3287 1517 3356 1578 εἰς
3413 1522 3508 1575 τὴν
3565 1519 3750 1588 φύσιν,
3807 1537 3895 1567 και

2281 1615 2429 1662 πᾶσα
2458 1612 2694 1682 μάθησις
2725 1609 2797 1670 εἰς
2842 1614 2936 1666 τήν
2967 1606 3190 1659 καθόλου
3219 1602 3483 1675 παιδείαν,
3535 1606 3600 1664 ἧς
3656 1603 3802 1656 ἐστιν
3863 1608 3890 1662 is

2283 1699 2580 1772 φιλοσοφία,
2634 1700 2738 1751 οἷον
2792 1697 3052 1770 ὀφθαλμὸς
3100 1701 3190 1748 καὶ
3244 1695 3523 1770 ἀκρώρεια,
3575 1693 3771 1746 Πολλοὶ
3839 1691 3894 1746 δὲ

2282 1794 2372 1842 καὶ
2410 1789 2717 1864 παραλόγως
2765 1787 3190 1859 συλλογιζόμενοι
3237 1783 3672 1856 ὑπολαμϐάνουσι
3725 1785 3795 1835 τά
3825 1788 3890 1855 μή

2284 1879 2418 1930 κατά
2466 1880 2640 1950 φύσιν.
2693 1875 2846 1930 ’Ἐστι
2900 1872 2959 1928 δε
3013 1874 3186 1935 αὐτοῖς
3229 1877 3288 1926 τὸ
3337 1872 3745 1943 συλλογίζεσθαι
3792 1891 3896 1923 πα-

2283 1966 2533 2041 ραλόγως,
2601 1967 2683 2018 ὅτι
2728 1967 2794 2017 τά
2862 1968 2933 2036 μή
2986 1965 3122 2015 κατά
3183 1964 3337 2034 φύσιν
3407 1959 3896 2032 ὑπολαμϐάνουσιν.

2287 2055 2398 2108 Ούκ
2429 2058 2540 2107 ἰστι
2574 2052 2653 2122 δὲ,
2685 2055 2820 2106 κατά
2849 2056 2936 2105 τὸν
2964 2055 3083 2125 ἐμὸν
3121 2051 3292 2122 λόγον,
3338 2051 3397 2103 ού
3437 2058 3536 2111 τῆς
3579 2052 3796 2121 φύσεως
3841 2051 3898 2101 τὸ

2286 2149 2356 2216 μὴ
2399 2147 2534 2196 κατά
2565 2147 2740 2216 φύσιν,
2810 2141 2937 2194 ἀλλά
2982 2145 3183 2214 φύσεως
3225 2143 3336 2212 μὲν,
3376 2138 3796 2210 πλημμελούσης
3845 2136 3900 2191 δε

2286 2236 2315 2295 ή
2359 2233 2680 2310 ἀπορούσης.
2723 2237 2825 2286 Καὶ
2857 2235 2924 2286 τὰ
2979 2240 3069 2293 τῆς
3113 2227 3360 2292 παιδείας
3421 2233 3701 2290 ὡσαύτως.
3758 2230 3900 2282 Ἐπεὶ

2285 2327 2385 2397 γὰρ
2440 2329 2530 2376 καί
2568 2327 2700 2386 τινές
2740 2342 2869 2396 φασι
2906 2324 3001 2384 τὰς
3040 2320 3235 2381 οἰκείας
3278 2317 3572 2393 διακρίσεις
3630 2318 3900 2370 εύλολούν-

2285 2431 2384 2482 τες,
2415 2413 2630 2484 Ὀνόμος
2655 2409 2783 2478 εἷπε,
2811 2407 2950 2484 μηδὲ
3011 2415 3102 2468 τήν
3158 2417 3250 2462 τού
3297 2412 3452 2480 νόμον
3509 2405 3702 2480 βίϐλον
3765 2404 3900 2460 ἰδόν-

2285 2519 2390 2571 τες,
2443 2506 2532 2554 καὶ
2569 2504 2627 2554 τὸ
2667 2504 2755 2574 μὲν
2801 2501 2853 2563 ἐξ
2883 2499 3180 2572 ἐπιστήμης
3209 2500 3390 2572 όρμᾷν,
3443 2501 3572 2558 ῖσως
3633 2496 3720 2563 ἂν,
3790 2500 3900 2550 τού-

2284 2611 2391 2653 τοις
2423 2590 2698 2662 ἐγγίνεται,
2755 2593 2813 2642 τὸ
2867 2586 2926 2642 δὲ
2960 2595 3030 2661 μὴ
3065 2591 3200 2641 κατὰ
3238 2591 3360 2648 τοὺς
3407 2584 3714 2658 ἐπιστήμης
3744 2591 3902 2639 κανό-

2285 2701 2378 2744 νας
2420 2682 2656 2754 φάσκειν,
2720 2679 2779 2733 ού
2819 2678 3007 2741 τελείας
3081 2687 3173 2740 τῆς
3229 2675 3545 2748 ἐπιστήμης.
3613 2682 3789 2730 Τοῦτο
3845 2673 3902 2731 δε

495 2966 804 3040 quomodo
833 2966 1010 3024 etiam
1042 2981 1165 3023 non
1196 2965 1392 3034 bonae,
1434 2981 1571 3039 quae
1592 2965 1734 3022 item
1760 2964 1956 3036 magis
1986 2965 2144 3038 posi-
2179 2967 2218 3022 C
2251 2965 2503 3022 habeat?
2521 2966 2670 3022 Sunt
2683 2967 3114 3021 autemmanus
3127 2961 3562 3036 quaedamque;
3576 2962 3924 3020 sexhabent

498 3058 659 3114 tione
684 3060 979 3126 constant,
1008 3071 1194 3129 quam
1232 3059 1482 3113 natura:
1512 3057 1596 3112 ita
1622 3055 1870 3112 etiamin
1884 3054 2144 3111 scientiis

495 3152 552 3205 et
571 3148 795 3206 artibus
815 3147 1184 3203 luculentum
1242 3145 1482 3216 exsistit,
1525 3145 1692 3218 quod
1739 3149 1958 3201 natura
2008 3161 2146 3200 con-

495 3243 608 3294 stat
624 3242 679 3293 et
707 3236 874 3308 quod
895 3235 1209 3307 positione.
1237 3235 1408 3300 Quod
1438 3235 1632 3308 siquis
1645 3235 1892 3291 animad
1911 3238 2144 3290 vertens

471 3327 699 3382 omnia
719 3328 1090 3379 essenaturas
1119 3327 1177 3379 et
1201 3338 1446 3378 omnem
1487 3329 1676 3380 artem
1741 3323 2009 3378 revocari
2065 3321 2145 3378 ad

496 3412 828 3478 scientiam,
862 3415 919 3466 et
938 3410 1157 3466 idcirco
1171 3416 1406 3466 asserat
1416 3413 1622 3466 omnia
1639 3427 1768 3467 esse
1783 3416 2027 3477 naturae,
2043 3414 2146 3466 aut

494 3499 643 3556 nihil
665 3514 793 3554 esse
823 3503 1070 3566 naturas,
1094 3499 1356 3571 itemque
1381 3504 1484 3555 aut
1520 3499 1667 3555 nihil
1693 3515 1821 3556 esse
1861 3499 2140 3555 scientiae:

494 3588 674 3658 longe
706 3587 1157 3660 fallitur.Neque
1198 3588 1358 3643 enim
1415 3593 1582 3645 extra
1628 3594 1908 3645 naturam
1961 3587 2144 3643 aliam

494 3681 775 3734 naturam
803 3676 1105 3746 volumus,
1128 3681 1232 3732 aut
1261 3692 1588 3748 possumus
1642 3675 1979 3744 ostendere,
2037 3676 2146 3732 sed

495 3782 630 3840 quasI
659 3782 731 3823 ex
748 3771 963 3823 natura
992 3781 1115 3822 non
1154 3765 1444 3822 exsistunt
1471 3765 1728 3821 dicimus
1756 3765 1856 3822 illa
1881 3781 2012 3822 esse
2040 3765 2145 3821 ab-

494 3857 756 3923 ventitia,
780 3857 894 3913 hoc
924 3860 1029 3927 est,
1053 3871 1189 3928 quae
1215 3871 1336 3912 non
1362 3855 1646 3927 praeclare
1667 3860 1724 3912 et
1749 3855 1977 3912 sincere
2018 3853 2144 3910 effi-

494 3946 732 4001 ciuntur
765 3949 850 4014 ut,
907 3945 1164 4018 exempli
1222 3945 1431 4015 gratia,
1491 3949 1706 4001 natura
1771 3959 1879 4016 per
1961 3947 2148 4001 artem

496 4033 892 4091 conformavit
914 4049 1042 4090 rem
1070 4033 1360 4106 aliquam,
1388 4037 1455 4089 ut
1478 4033 1765 4106 gladium,
1798 4049 1920 4105 quo
1933 4032 2148 4104 aliquis

497 4124 676 4179 utitur
701 4128 913 4195 praeter
937 4123 1249 4194 rationem,
1292 4139 1370 4179 an
1389 4123 1610 4179 idcirco
1656 4127 1873 4179 natura
1937 4126 2150 4195 praeter

495 4212 787 4268 rationem
814 4211 1083 4281 galdium
1102 4212 1405 4269 invenisse
1425 4212 1652 4268 dicetur
1695 4213 1723 4269 ?
1774 4215 1902 4268 Non
1955 4211 2146 4283 profe-

2253 3054 2491 3126 digitos,
2524 3071 2595 3111 ac
2626 3069 2854 3111 manun
2879 3053 3126 3126 quidem
3173 3067 3275 3108 sex
3295 3051 3521 3108 habere
3560 3051 3800 3123 digitos
3846 3058 3926 3108 est

2253 3149 2503 3211 naturae,
2536 3159 2642 3216 sep
2669 3143 2871 3216 plures
2892 3141 3116 3198 habere
3147 3146 3284 3197 tunc
3312 3141 3560 3210 contigit
3611 3157 3767 3197 cum
3826 3157 3926 3196 na-

2253 3240 2384 3290 tura
2412 3250 2664 3306 scopum
2703 3249 2827 3290 non
2848 3232 3248 3305 consequitur.
3275 3235 3423 3288 Nam
3454 3231 3811 3288 adventitia
3835 3232 3921 3303 vis

2253 3323 2581 3396 aliquando
2624 3322 2855 3394 aliquid
2911 3321 3144 3378 efﬁcere
3185 3325 3396 3393 potest.
3455 3322 3611 3377 Sunt
3648 3321 3840 3390 igitur
3871 3322 3927 3376 in

2252 3417 2470 3469 natura
2499 3412 2662 3468 bona
2688 3417 2885 3468 etnon
2931 3412 3114 3468 bona.
3141 3413 3223 3467 Ac
3269 3411 3432 3466 bona
3478 3410 3746 3482 quidem
3799 3415 3929 3466 sunt

2253 3519 2448 3575 aequa,
2473 3517 2596 3557 non
2625 3502 2790 3558 bona
2841 3517 2984 3558 vero
3015 3517 3086 3557 ex
3135 3500 3370 3557 defectu
3425 3504 3481 3555 et
3537 3499 3927 3558 abundantia

2254 3592 2457 3648 nolent
2486 3592 2788 3647 exsistere.

2327 3681 2540 3737 Omnia
2576 3681 2755 3751 igitur
2792 3679 2870 3737 ab
2915 3684 3194 3736 naturam
3212 3681 3596 3744 revocantur,
3636 3683 3699 3734 et
3730 3679 3924 3735 omnis

2255 3769 2573 3842 disciplina
2608 3770 2688 3826 ad
2719 3769 3061 3842 generalem
3089 3768 3474 3825 eruditionem
3517 3768 3704 3837 cujus
3741 3768 3924 3840 philo-

2256 3859 2471 3930 sophia
2485 3863 2572 3915 est
2591 3863 2885 3932 tanquam
2915 3858 3125 3914 oculus
3155 3862 3211 3914 et
3243 3871 3538 3912 cacumen
3570 3857 3768 3912 .Multi
3797 3871 3924 3913 vero

2253 3953 2462 4021 praeter
2479 3949 2773 4004 rationem
2803 3947 3148 4017 colligentes
3191 3946 3534 4002 existimant
3564 3960 3704 4000 esse
3772 3962 3923 4016 quae-

2255 4038 2399 4094 dam
2430 4053 2554 4093 non
2592 4053 2663 4093 ex
2677 4041 2913 4093 natura.
2939 4035 3317 4093 Concludunt
3343 4038 3549 4089 autem
3579 4038 3810 4105 praeter
3837 4049 3923 4089 ra-

2255 4127 2479 4182 tionem
2504 4142 2644 4183 cum
2671 4125 2874 4199 aliqua
2895 4140 3017 4181 non
3055 4140 3130 4180 ex
3159 4129 3371 4180 natura
3395 4139 3526 4178 esse
3549 4123 3918 4186 existimant,

2257 4215 2362 4271 sed
2393 4231 2526 4271 mea
2545 4215 2790 4288 quidem
2821 4214 3129 4281 sententia,
3155 4229 3291 4286 quae
3302 4227 3425 4269 non
3440 4218 3584 4267 sunt
3597 4228 3671 4267 ex
3687 4217 3916 4278 natura,

497 4306 611 4356 cto.
638 4301 754 4355 Aut
777 4302 920 4371 quia
939 4316 1183 4356 sensum
1206 4301 1368 4357 hunc
1407 4302 1701 4374 optimum
1726 4306 1942 4358 natura
1980 4300 2146 4356 dedi-
2181 4323 2222 4376 ο
2255 4305 2355 4362 illa
2383 4321 2506 4361 non
2536 4310 2676 4360 sunt
2695 4303 2953 4359 dicenda
2976 4318 3098 4359 non
3129 4318 3257 4359 esse
3283 4307 3539 4370 naturae,
3576 4317 3724 4357 cum
3755 4307 3922 4356 natu-

499 4387 924 4457 animantibus,
958 4389 1122 4462 quod
1145 4390 1303 4444 vesci
1323 4394 1594 4462 oporteat
1625 4389 1816 4446 :vesci
1838 4394 2035 4446 autem
2070 4389 2148 4446 ad

499 4476 830 4532 satietatem
875 4481 964 4531 est
993 4476 1492 4544 incommodum;
1541 4494 1620 4534 an
1672 4478 1894 4535 idcirco
1933 4482 2149 4534 natura

498 4564 906 4623 animantibus
954 4565 1119 4620 dedit
1167 4570 1234 4620 ut
1286 4566 1669 4623 incommode
1720 4570 2150 4624 vescerentur?

498 4654 728 4712 Ete’nim
749 4669 888 4712 cum
924 4658 1142 4710 natura
1187 4654 1562 4711 conformare
1625 4657 1928 4713 constituit
1984 4657 2150 4728 quod

496 4747 780 4813 nouerat,
830 4757 953 4816 quo
996 4747 1173 4815 pacto
1221 4743 1300 4799 ad
1357 4744 1916 4814 conformationem,
1979 4744 2147 4818 quod

495 4833 618 4890 vim
640 4833 822 4890 habet
851 4831 1254 4899 interimendi,
1281 4837 1516 4903 pararet
1547 4834 1573 4889 ἱ)
1607 4833 1720 4890 Sed
1738 4849 1884 4890 sane
1898 4834 2149 4890 hocnon

497 4925 585 4978 est
617 4925 868 4979 naturae.
925 4923 1142 4977 Contra
1179 4920 1338 4975 vesci
1367 4919 1652 4976 animalia
1679 4921 1871 4977 voluit
1907 4925 2146 4988 natura,

495 5023 619 5065 non
631 5012 696 5064 ut
713 5009 774 5063 in
791 5008 1268 5064 interimerentur
1279 5006 1587 5072 animalia,
1601 5023 1737 5080 quae
1770 5013 2151 5064 vescerentur

497 5097 604 5153 sed
649 5097 846 5166 potius
895 5097 1108 5152 melius
1157 5097 1655 5153 constituerentur
1731 5102 1786 5154 et
1861 5097 2150 5154 corrobo-

495 5188 786 5242 rarentur.
840 5185 954 5240 Sed
1001 5186 1105 5258 qui
1158 5186 1224 5241 tit
1273 5192 1336 5241 ut
1373 5201 1654 5242 excessus
1701 5187 1817 5243 sint
1869 5201 2151 5242 nonnun-

496 5286 686 5344 quam
715 5286 787 5326 ex
805 5287 1088 5344 perversa
1127 5275 1554 5345 temperatione
1599 5273 1966 5330 naturalium
2019 5291 2154 5348 pro-

497 5359 843 5433 prietatum,
870 5364 928 5418 et
954 5362 1143 5419 multa
1173 5379 1297 5419 non
1349 5369 1504 5420 recte
1541 5363 1860 5420 constituta
1907 5369 1963 5419 et
2018 5380 2156 5421 con-

499 5449 762 5506 formata
820 5449 882 5505 iu
941 5448 1140 5506 lucem
1197 5452 1472 5521 edantur,
1533 5457 1617 5520 ut,
1661 5451 1907 5525 exempli
1941 5454 2150 5524 gratia,

497 5537 615 5598 hoc
633 5541 866 5598 naturas
904 5543 994 5598 est
1015 5544 1081 5598 ut
1097 5555 1318 5599 manus
1357 5541 1624 5614 quinque
1639 5540 1877 5614 digitos,
1903 5557 2027 5600 non
2049 5558 2157 5601 sex

2255 4411 2335 4450 rae
2381 4395 2514 4464 sint,
2571 4394 2679 4449 sed
2723 4392 3114 4458 abundantis,
3153 4397 3256 4448 aut
3303 4390 3511 4447 inodia
3558 4389 3915 4446 laborantis.

2257 4483 2418 4538 Idem
2440 4481 2838 4553 judicandum
2869 4483 2956 4537 est
2978 4480 3053 4535 de
3083 4479 3195 4535 illis
3225 4495 3360 4551 quae
3396 4479 3476 4534 ab
3518 4477 3919 4534 eruditionem

2254 4570 2892 4643 pertinent.Quoniam
2912 4567 3072 4624 enim
3102 4568 3353 4640 quidam
3401 4582 3545 4622 suas
3591 4566 3917 4622 sententias

2255 4658 2562 4731 proferunt
2579 4662 2635 4714 et
2652 4656 2922 4721 laudant,
2944 4657 3208 4712 dicentes
3227 4655 3425 4724 legem
3469 4654 3552 4709 ita
3574 4654 3796 4725 jubere
3823 4655 3917 4707 aut

2255 4747 2498 4814 dictare,
2532 4763 2672 4802 cum
2688 4744 3282 4814 tamenlibrumlegis
3297 4758 3620 4814 nunquam
3643 4742 3914 4807 viderint,

2254 4834 2383 4891 ﬁeri
2403 4839 2600 4908 potest
2627 4839 2692 4890 ut
2709 4834 2942 4890 initium
2969 4848 3091 4906 quo
3111 4833 3433 4888 incitantur
3464 4830 3548 4886 ad
3596 4829 3913 4886 dicendam

2256 4922 2610 4979 sententiam
2635 4938 2671 4978 a
2700 4921 2946 4978 scientia
2975 4919 3387 4992 proﬁciscatur
3411 4935 3424 4973 :
3459 4917 3566 4974 sed
3610 4917 3769 4974 illud
3799 4931 3914 4972 sen-

2255 5012 2363 5068 tire
2402 5015 2460 5067 et
2486 5011 2682 5066 dicere
2709 5025 2831 5066 non
2858 5025 2931 5065 ex
2958 5009 3215 5065 scientiae
3244 5006 3488 5077 regulis,
3520 5021 3652 5062 non
3683 5012 3779 5062 est
3823 5006 3914 5060 ho-

2256 5099 2434 5156 minis
2457 5099 2519 5154 in
2549 5098 2794 5155 scientia
2818 5098 2970 5153 bene
3000 5096 3321 5153 exercitati.
3374 5097 3495 5150 Hoc
3547 5099 3764 5150 autem
3811 5106 3911 5148 usu

2257 5189 2458 5244 venire
2482 5188 2672 5243 multis
2701 5187 3235 5252 animadvertimus,
3259 5199 3512 5257 quorum
3544 5199 3662 5239 nos
3693 5183 3910 5238 miseret

2258 5282 2316 5333 et
2343 5277 2427 5333 eis
2456 5277 2677 5333 idcirco
2702 5276 3031 5348 parcimus.
3058 5278 3190 5330 Hrec
3221 5278 3420 5330 autem
3448 5288 3520 5328 eo
3550 5271 3836 5341 diximus,
3859 5274 3910 5322 ut

2261 5366 2652 5423 ostendamus
2685 5381 2798 5422 nos
2827 5364 2984 5421 nolle
3033 5363 3286 5420 alteram
3327 5361 3603 5434 quadam
3643 5366 3908 5417 naturam

2259 5455 2376 5512 hoc
2396 5458 2600 5512 nostro
2625 5457 2848 5526 scripto
2867 5467 3227 5526 proponere,
3255 5466 3396 5506 cum
3424 5455 3708 5506 naturam
3726 5454 3904 5520 ctqua

2260 5560 2383 5602 usu
2406 5544 2610 5603 venire
2639 5542 2833 5603 solent
2861 5543 2925 5600 in
2953 5545 3170 5601 natura
3181 5556 3252 5599 ex
3267 5537 3780 5613 temperationum
3789 5549 3909 5610 pro-
