  <div class='ocr_page' id='page_1' title='image "/cluster/home/n/w/nwhite01/storage/ocr_20150623/140/mdp.39015022213980/682.png"; bbox 0 0 4064 6308; ppageno 0'>
   <div class='ocr_carea' id='block_1_1' title="bbox 148 279 269 334">
    <p class='ocr_par' dir='ltr' id='par_1_1' title="bbox 148 279 269 334">
     <span class='ocr_line' id='line_1_1' title="bbox 148 279 269 334; baseline -0.008 -2"><span class='ocrx_word' id='word_1_1' title='bbox 148 279 269 334; x_wconf 71' lang='grc'><strong>1345</strong></span> 
     </span>
    </p>
   </div>
   <div class='ocr_carea' id='block_1_2' title="bbox 1023 254 2645 337">
    <p class='ocr_par' dir='ltr' id='par_1_2' title="bbox 1023 254 2645 337">
     <span class='ocr_line' id='line_1_2' title="bbox 1023 254 2645 337; baseline -0.006 -7"><span class='ocrx_word' id='word_1_2' title='bbox 1023 271 1375 332; x_wconf 81' lang='lat' dir='ltr'><strong>THEODOBI</strong></span> <span class='ocrx_word' id='word_1_3' title='bbox 1415 268 1459 327; x_wconf 91' lang='lat' dir='ltr'><strong>Il</strong></span> <span class='ocrx_word' id='word_1_4' title='bbox 1486 264 1621 327; x_wconf 83' lang='lat' dir='ltr'><strong>1MP.</strong></span> <span class='ocrx_word' id='word_1_5' title='bbox 1655 254 1744 324; x_wconf 74' lang='lat' dir='ltr'><strong>DE</strong></span> <span class='ocrx_word' id='word_1_6' title='bbox 1774 265 2234 336; x_wconf 73' lang='lat' dir='ltr'><strong>COMMUNIONE</strong></span> <span class='ocrx_word' id='word_1_7' title='bbox 2271 278 2645 337; x_wconf 65' lang='lat' dir='ltr'><strong>NATURALL</strong></span> 
     </span>
    </p>
   </div>
   <div class='ocr_carea' id='block_1_3' title="bbox 3389 283 3527 338">
    <p class='ocr_par' dir='ltr' id='par_1_3' title="bbox 3389 283 3527 338">
     <span class='ocr_line' id='line_1_3' title="bbox 3389 283 3527 338; baseline 0.029 -4"><span class='ocrx_word' id='word_1_8' title='bbox 3389 283 3527 338; x_wconf 81' lang='grc'><strong>1346</strong></span> 
     </span>
    </p>
   </div>
   <div class='ocr_carea' id='block_1_4' title="bbox 141 389 3526 478">
    <p class='ocr_par' dir='ltr' id='par_1_4' title="bbox 141 389 3526 478">
     <span class='ocr_line' id='line_1_4' title="bbox 141 389 3526 478; baseline -0.003 -24"><span class='ocrx_word' id='word_1_9' title='bbox 141 400 363 460; x_wconf 75' lang='grc' dir='ltr'><strong>πολλάκις</strong></span> <span class='ocrx_word' id='word_1_10' title='bbox 407 396 705 470; x_wconf 79' lang='grc' dir='ltr'>συμϐαίνειν</span> <span class='ocrx_word' id='word_1_11' title='bbox 763 396 835 459; x_wconf 84' lang='grc' dir='ltr'>εἴς</span> <span class='ocrx_word' id='word_1_12' title='bbox 911 417 1056 460; x_wconf 89' lang='grc' dir='ltr'>τινας</span> <span class='ocrx_word' id='word_1_13' title='bbox 1136 395 1358 472; x_wconf 74' lang='grc' dir='ltr'>εἴδομεν,</span> <span class='ocrx_word' id='word_1_14' title='bbox 1433 394 1521 458; x_wconf 77' lang='grc' dir='ltr'>οὕς</span> <span class='ocrx_word' id='word_1_15' title='bbox 1602 389 1849 467; x_wconf 74' lang='grc' dir='ltr'>φειδοῖΑ</span> <span class='ocrx_word' id='word_1_16' title='bbox 1882 405 2143 474; x_wconf 63' lang='grc' dir='ltr'>σοχοείας,</span> <span class='ocrx_word' id='word_1_17' title='bbox 2191 407 2276 457; x_wconf 75' lang='grc' dir='ltr'>καὶ</span> <span class='ocrx_word' id='word_1_18' title='bbox 2338 406 2510 458; x_wconf 74' lang='grc' dir='ltr'>πάντα</span> <span class='ocrx_word' id='word_1_19' title='bbox 2561 410 2879 473; x_wconf 64' lang='grc' dir='ltr'>τεκτονικῆς,</span> <span class='ocrx_word' id='word_1_20' title='bbox 2962 421 3054 456; x_wconf 79' lang='grc' dir='ltr'><strong>και</strong></span> <span class='ocrx_word' id='word_1_21' title='bbox 3141 403 3313 457; x_wconf 73' lang='grc' dir='ltr'>πάντα</span> <span class='ocrx_word' id='word_1_22' title='bbox 3401 411 3526 478; x_wconf 74' lang='grc' dir='ltr'>μιᾶς</span> 
     </span>
    </p>
   </div>
   <div class='ocr_carea' id='block_1_5' title="bbox 142 481 1772 565">
    <p class='ocr_par' dir='ltr' id='par_1_5' title="bbox 142 481 1772 565">
     <span class='ocr_line' id='line_1_5' title="bbox 142 481 1772 565; baseline -0.006 -21"><span class='ocrx_word' id='word_1_23' title='bbox 142 491 476 563; x_wconf 78' lang='grc' dir='ltr'>οἰκτιζόμεοα,</span> <span class='ocrx_word' id='word_1_24' title='bbox 529 484 624 541; x_wconf 72' lang='grc' dir='ltr'><strong>διὰ</strong></span> <span class='ocrx_word' id='word_1_25' title='bbox 669 494 822 541; x_wconf 85' lang='grc' dir='ltr'>τοῦτο</span> <span class='ocrx_word' id='word_1_26' title='bbox 877 489 982 560; x_wconf 72' lang='grc' dir='ltr'>οὐχ</span> <span class='ocrx_word' id='word_1_27' title='bbox 1025 489 1198 565; x_wconf 82' lang='grc' dir='ltr'><strong>ἑτέραν</strong></span> <span class='ocrx_word' id='word_1_28' title='bbox 1249 493 1404 562; x_wconf 79' lang='grc' dir='ltr'>φύσιν</span> <span class='ocrx_word' id='word_1_29' title='bbox 1462 481 1772 545; x_wconf 72' lang='grc' dir='ltr'>σπεύδοντες</span> 
     </span>
    </p>
   </div>
   <div class='ocr_carea' id='block_1_6' title="bbox 143 574 1771 652">
    <p class='ocr_par' dir='ltr' id='par_1_6' title="bbox 143 574 1771 652">
     <span class='ocr_line' id='line_1_6' title="bbox 143 574 1771 652; baseline -0.007 -17"><span class='ocrx_word' id='word_1_30' title='bbox 143 579 312 648; x_wconf 79' lang='grc' dir='ltr'>δεῖξαι,</span> <span class='ocrx_word' id='word_1_31' title='bbox 365 583 570 632; x_wconf 82' lang='grc' dir='ltr'>τουτονὶ</span> <span class='ocrx_word' id='word_1_32' title='bbox 622 581 681 630; x_wconf 87' lang='grc' dir='ltr'>τὸ</span> <span class='ocrx_word' id='word_1_33' title='bbox 738 575 1061 652; x_wconf 72' lang='grc' dir='ltr'>σπουδασμα</span> <span class='ocrx_word' id='word_1_34' title='bbox 1135 586 1405 652; x_wconf 78' lang='grc' dir='ltr'><strong>πονοῦμεν,</strong></span> <span class='ocrx_word' id='word_1_35' title='bbox 1482 574 1635 628; x_wconf 81' lang='grc' dir='ltr'>ἀλλὰ·</span> <span class='ocrx_word' id='word_1_36' title='bbox 1676 578 1771 632; x_wconf 84' lang='grc' dir='ltr'>τὴν</span> 
     </span>
    </p>
   </div>
   <div class='ocr_carea' id='block_1_7' title="bbox 141 661 1772 744">
    <p class='ocr_par' dir='ltr' id='par_1_7' title="bbox 141 661 1772 744">
     <span class='ocr_line' id='line_1_7' title="bbox 141 661 1772 744; baseline -0.014 -20"><span class='ocrx_word' id='word_1_37' title='bbox 141 675 280 744; x_wconf 76' lang='grc' dir='ltr'>φύσιν</span> <span class='ocrx_word' id='word_1_38' title='bbox 319 673 408 722; x_wconf 80' lang='grc' dir='ltr'>καὶ</span> <span class='ocrx_word' id='word_1_39' title='bbox 457 671 519 721; x_wconf 76' lang='grc' dir='ltr'>τὰ</span> <span class='ocrx_word' id='word_1_40' title='bbox 563 666 612 719; x_wconf 83' lang='grc' dir='ltr'>ἐν</span> <span class='ocrx_word' id='word_1_41' title='bbox 660 667 789 740; x_wconf 72' lang='grc' dir='ltr'><strong>αὐτῇ</strong></span> <span class='ocrx_word' id='word_1_42' title='bbox 834 672 969 736; x_wconf 80' lang='grc' dir='ltr'><strong>⁵κατά</strong></span> <span class='ocrx_word' id='word_1_43' title='bbox 1021 670 1252 744; x_wconf 75' lang='grc' dir='ltr'><strong>κράσεων</strong></span> <span class='ocrx_word' id='word_1_44' title='bbox 1328 664 1596 725; x_wconf 63' lang='grc' dir='ltr'>ἰδιότητας</span> <span class='ocrx_word' id='word_1_45' title='bbox 1667 661 1772 716; x_wconf 76' lang='grc' dir='ltr'><strong>ἐπι-</strong></span> 
     </span>
    </p>
   </div>
   <div class='ocr_carea' id='block_1_8' title="bbox 142 753 1775 833">
    <p class='ocr_par' dir='ltr' id='par_1_8' title="bbox 142 753 1775 833">
     <span class='ocr_line' id='line_1_8' title="bbox 142 753 1775 833; baseline -0.006 -21"><span class='ocrx_word' id='word_1_46' title='bbox 142 758 496 833; x_wconf 78' lang='grc' dir='ltr'>συμϐαίνοντα.</span> <span class='ocrx_word' id='word_1_47' title='bbox 527 756 678 810; x_wconf 80' lang='grc' dir='ltr'>Ἐστι</span> <span class='ocrx_word' id='word_1_48' title='bbox 731 753 790 810; x_wconf 74' lang='grc' dir='ltr'>δέ</span> <span class='ocrx_word' id='word_1_49' title='bbox 843 759 1010 810; x_wconf 85' lang='grc' dir='ltr'>πάντα</span> <span class='ocrx_word' id='word_1_50' title='bbox 1058 756 1106 809; x_wconf 83' lang='grc' dir='ltr'>ἐν</span> <span class='ocrx_word' id='word_1_51' title='bbox 1155 766 1216 830; x_wconf 75' lang='grc' dir='ltr'>τῇ</span> <span class='ocrx_word' id='word_1_52' title='bbox 1275 759 1442 830; x_wconf 82' lang='grc' dir='ltr'>φύσει,</span> <span class='ocrx_word' id='word_1_53' title='bbox 1489 759 1579 808; x_wconf 85' lang='grc' dir='ltr'>καὶ</span> <span class='ocrx_word' id='word_1_54' title='bbox 1626 759 1775 806; x_wconf 82' lang='grc' dir='ltr'>πᾶσα</span> 
     </span>
    </p>
   </div>
   <div class='ocr_carea' id='block_1_9' title="bbox 138 844 1770 923">
    <p class='ocr_par' dir='ltr' id='par_1_9' title="bbox 138 844 1770 923">
     <span class='ocr_line' id='line_1_9' title="bbox 138 844 1770 923; baseline -0.001 -21"><span class='ocrx_word' id='word_1_55' title='bbox 138 855 282 923; x_wconf 85' lang='grc' dir='ltr'>τέχνη</span> <span class='ocrx_word' id='word_1_56' title='bbox 306 848 352 902; x_wconf 82' lang='grc' dir='ltr'>ἐν</span> <span class='ocrx_word' id='word_1_57' title='bbox 405 847 693 921; x_wconf 69' lang='grc' dir='ltr'>ἐπιστήμη*</span> <span class='ocrx_word' id='word_1_58' title='bbox 759 850 993 922; x_wconf 72' lang='grc' dir='ltr'><strong>Διαφέρει</strong></span> <span class='ocrx_word' id='word_1_59' title='bbox 1057 844 1115 900; x_wconf 74' lang='grc' dir='ltr'><strong>δὲ</strong></span> <span class='ocrx_word' id='word_1_60' title='bbox 1166 848 1196 906; x_wconf 81' lang='grc' dir='ltr'>ἡ</span> <span class='ocrx_word' id='word_1_61' title='bbox 1251 855 1376 919; x_wconf 81' lang='grc' dir='ltr'>τιμῇ</span> <span class='ocrx_word' id='word_1_62' title='bbox 1427 847 1456 905; x_wconf 81' lang='grc' dir='ltr'>ἡ</span> <span class='ocrx_word' id='word_1_63' title='bbox 1508 847 1770 907; x_wconf 77' lang='grc' dir='ltr'>ποιότητι,</span> 
     </span>
    </p>
   </div>
   <div class='ocr_carea' id='block_1_10' title="bbox 136 932 1774 1011">
    <p class='ocr_par' dir='ltr' id='par_1_10' title="bbox 136 932 1774 1011">
     <span class='ocr_line' id='line_1_10' title="bbox 136 932 1774 1011; baseline -0.007 -18"><span class='ocrx_word' id='word_1_64' title='bbox 136 943 164 1001; x_wconf 75' lang='grc' dir='ltr'><em>ἡ</em></span> <span class='ocrx_word' id='word_1_65' title='bbox 200 941 457 1011; x_wconf 80' lang='grc' dir='ltr'>συνηθείᾳ,</span> <span class='ocrx_word' id='word_1_66' title='bbox 501 937 530 996; x_wconf 76' lang='grc' dir='ltr'>ἦ</span> <span class='ocrx_word' id='word_1_67' title='bbox 590 944 756 990; x_wconf 77' lang='grc' dir='ltr'>ποσοῦ</span> <span class='ocrx_word' id='word_1_68' title='bbox 810 945 906 1008; x_wconf 80' lang='grc' dir='ltr'>ῑσῳ</span> <span class='ocrx_word' id='word_1_69' title='bbox 965 941 1054 990; x_wconf 83' lang='grc' dir='ltr'>καὶ</span> <span class='ocrx_word' id='word_1_70' title='bbox 1117 945 1190 1008; x_wconf 83' lang='grc' dir='ltr'>τῷ</span> <span class='ocrx_word' id='word_1_71' title='bbox 1239 935 1420 1008; x_wconf 81' lang='grc' dir='ltr'><strong>ἀνίσῳ,</strong></span> <span class='ocrx_word' id='word_1_72' title='bbox 1494 934 1523 993; x_wconf 76' lang='grc' dir='ltr'><strong><em>ἦ</em></strong></span> <span class='ocrx_word' id='word_1_73' title='bbox 1607 932 1774 984; x_wconf 76' lang='grc' dir='ltr'>ἀνέσει</span> 
     </span>
    </p>
   </div>
   <div class='ocr_carea' id='block_1_11' title="bbox 137 1020 1776 1098">
    <p class='ocr_par' dir='ltr' id='par_1_11' title="bbox 137 1020 1776 1098">
     <span class='ocr_line' id='line_1_11' title="bbox 137 1020 1776 1098; baseline -0.005 -17"><span class='ocrx_word' id='word_1_74' title='bbox 137 1035 220 1082; x_wconf 84' lang='grc' dir='ltr'>καὶ</span> <span class='ocrx_word' id='word_1_75' title='bbox 265 1029 515 1098; x_wconf 76' lang='grc' dir='ltr'><strong>ἐπιτάσει,</strong></span> <span class='ocrx_word' id='word_1_76' title='bbox 564 1032 653 1079; x_wconf 86' lang='grc' dir='ltr'>καὶ</span> <span class='ocrx_word' id='word_1_77' title='bbox 701 1025 815 1078; x_wconf 88' lang='grc' dir='ltr'>κατ’</span> <span class='ocrx_word' id='word_1_78' title='bbox 845 1025 1050 1088; x_wconf 67' lang='grc' dir='ltr'>ἄλλους</span> <span class='ocrx_word' id='word_1_79' title='bbox 1097 1025 1299 1098; x_wconf 85' lang='grc' dir='ltr'>λόγους,</span> <span class='ocrx_word' id='word_1_80' title='bbox 1379 1020 1482 1077; x_wconf 84' lang='grc' dir='ltr'>οἷον</span> <span class='ocrx_word' id='word_1_81' title='bbox 1556 1028 1776 1095; x_wconf 81' lang='grc' dir='ltr'>τιμᾶται</span> 
     </span>
    </p>
   </div>
   <div class='ocr_carea' id='block_1_12' title="bbox 136 1112 1772 1192">
    <p class='ocr_par' dir='ltr' id='par_1_12' title="bbox 136 1112 1772 1192">
     <span class='ocr_line' id='line_1_12' title="bbox 136 1112 1772 1192; baseline -0.006 -21"><span class='ocrx_word' id='word_1_82' title='bbox 136 1121 220 1192; x_wconf 69' lang='grc' dir='ltr'>μὲν</span> <span class='ocrx_word' id='word_1_83' title='bbox 250 1118 475 1190; x_wconf 86' lang='grc' dir='ltr'>Κορίνθῳ</span> <span class='ocrx_word' id='word_1_84' title='bbox 495 1119 553 1168; x_wconf 86' lang='grc' dir='ltr'><strong>τό</strong></span> <span class='ocrx_word' id='word_1_85' title='bbox 615 1118 889 1188; x_wconf 88' lang='grc' dir='ltr'>μουσικόν,</span> <span class='ocrx_word' id='word_1_86' title='bbox 947 1114 1207 1188; x_wconf 78' lang='grc' dir='ltr'><strong>Θετταλίᾳ</strong></span> <span class='ocrx_word' id='word_1_87' title='bbox 1268 1112 1328 1167; x_wconf 72' lang='grc' dir='ltr'><strong>δὲ</strong></span> <span class='ocrx_word' id='word_1_88' title='bbox 1379 1117 1436 1166; x_wconf 88' lang='grc' dir='ltr'><strong>τό</strong></span> <span class='ocrx_word' id='word_1_89' title='bbox 1474 1113 1772 1186; x_wconf 78' lang='grc' dir='ltr'>ὑφαντικόν,</span> 
     </span>
    </p>
   </div>
   <div class='ocr_carea' id='block_1_13' title="bbox 136 1201 1777 1280">
    <p class='ocr_par' dir='ltr' id='par_1_13' title="bbox 136 1201 1777 1280">
     <span class='ocr_line' id='line_1_13' title="bbox 136 1201 1777 1280; baseline -0.004 -19"><span class='ocrx_word' id='word_1_90' title='bbox 136 1211 165 1268; x_wconf 76' lang='grc' dir='ltr'><em>ἦ</em></span> <span class='ocrx_word' id='word_1_91' title='bbox 213 1213 400 1280; x_wconf 79' lang='grc' dir='ltr'>Νικαίᾳ</span> <span class='ocrx_word' id='word_1_92' title='bbox 452 1210 509 1260; x_wconf 88' lang='grc' dir='ltr'><strong>τό</strong></span> <span class='ocrx_word' id='word_1_93' title='bbox 567 1206 881 1279; x_wconf 72' lang='grc' dir='ltr'>φιλοσοφεῖν,</span> <span class='ocrx_word' id='word_1_94' title='bbox 930 1205 1240 1278; x_wconf 79' lang='grc' dir='ltr'>Φιλοσοφεία</span> <span class='ocrx_word' id='word_1_95' title='bbox 1287 1201 1345 1258; x_wconf 71' lang='grc' dir='ltr'><strong>δὲ</strong></span> <span class='ocrx_word' id='word_1_96' title='bbox 1428 1224 1485 1257; x_wconf 90' lang='grc' dir='ltr'><strong>το</strong></span> <span class='ocrx_word' id='word_1_97' title='bbox 1564 1223 1777 1256; x_wconf 85' lang='grc' dir='ltr'>σκυτευ-</span> 
     </span>
    </p>
   </div>
   <div class='ocr_carea' id='block_1_14' title="bbox 134 1290 1772 1369">
    <p class='ocr_par' dir='ltr' id='par_1_14' title="bbox 134 1290 1772 1369">
     <span class='ocr_line' id='line_1_14' title="bbox 134 1290 1772 1369; baseline -0.003 -18"><span class='ocrx_word' id='word_1_98' title='bbox 134 1301 388 1352; x_wconf 77' lang='grc' dir='ltr'>τικόνοΤά</span> <span class='ocrx_word' id='word_1_99' title='bbox 417 1299 505 1369; x_wconf 69' lang='grc' dir='ltr'>μὲν</span> <span class='ocrx_word' id='word_1_100' title='bbox 563 1297 651 1348; x_wconf 77' lang='grc' dir='ltr'>οὖν</span> <span class='ocrx_word' id='word_1_101' title='bbox 710 1294 972 1368; x_wconf 81' lang='grc' dir='ltr'>ἀμφοτέρα</span> <span class='ocrx_word' id='word_1_102' title='bbox 1019 1292 1280 1365; x_wconf 68' lang='grc' dir='ltr'>παιδείας,</span> <span class='ocrx_word' id='word_1_103' title='bbox 1346 1299 1444 1368; x_wconf 89' lang='grc' dir='ltr'><strong>μία</strong></span> <span class='ocrx_word' id='word_1_104' title='bbox 1495 1290 1553 1346; x_wconf 62' lang='grc' dir='ltr'><strong>ὁδε</strong></span> <span class='ocrx_word' id='word_1_105' title='bbox 1581 1293 1772 1351; x_wconf 76' lang='grc' dir='ltr'>ἑκάστη</span> 
     </span>
    </p>
   </div>
   <div class='ocr_carea' id='block_1_15' title="bbox 133 1381 1774 1460">
    <p class='ocr_par' dir='ltr' id='par_1_15' title="bbox 133 1381 1774 1460">
     <span class='ocr_line' id='line_1_15' title="bbox 133 1381 1774 1460; baseline -0.004 -20"><span class='ocrx_word' id='word_1_106' title='bbox 133 1391 296 1460; x_wconf 87' lang='grc' dir='ltr'>τίμιον</span> <span class='ocrx_word' id='word_1_107' title='bbox 321 1389 482 1439; x_wconf 82' lang='grc' dir='ltr'>οἴεται</span> <span class='ocrx_word' id='word_1_108' title='bbox 502 1388 561 1438; x_wconf 86' lang='grc' dir='ltr'><strong>τό</strong></span> <span class='ocrx_word' id='word_1_109' title='bbox 629 1385 655 1436; x_wconf 84' lang='grc' dir='ltr'><strong>ὃ</strong></span> <span class='ocrx_word' id='word_1_110' title='bbox 708 1390 856 1457; x_wconf 76' lang='grc' dir='ltr'>τιμᾷ.</span> <span class='ocrx_word' id='word_1_111' title='bbox 914 1389 1163 1442; x_wconf 84' lang='grc' dir='ltr'>Ποιότητι</span> <span class='ocrx_word' id='word_1_112' title='bbox 1221 1381 1300 1450; x_wconf 70' lang='grc' dir='ltr'><strong>δὲ,</strong></span> <span class='ocrx_word' id='word_1_113' title='bbox 1369 1387 1434 1444; x_wconf 85' lang='grc' dir='ltr'>ὡς</span> <span class='ocrx_word' id='word_1_114' title='bbox 1494 1386 1552 1436; x_wconf 87' lang='grc' dir='ltr'><strong>τό</strong></span> <span class='ocrx_word' id='word_1_115' title='bbox 1609 1381 1774 1454; x_wconf 84' lang='grc' dir='ltr'>γλυκύ</span> 
     </span>
    </p>
   </div>
   <div class='ocr_carea' id='block_1_16' title="bbox 134 1469 1774 1545">
    <p class='ocr_par' dir='ltr' id='par_1_16' title="bbox 134 1469 1774 1545">
     <span class='ocr_line' id='line_1_16' title="bbox 134 1469 1774 1545; baseline -0.004 -15"><span class='ocrx_word' id='word_1_116' title='bbox 134 1481 419 1544; x_wconf 81' lang='grc' dir='ltr'>ποιότητος,</span> <span class='ocrx_word' id='word_1_117' title='bbox 485 1479 545 1528; x_wconf 86' lang='grc' dir='ltr'>τὸ</span> <span class='ocrx_word' id='word_1_118' title='bbox 599 1474 788 1526; x_wconf 84' lang='grc' dir='ltr'>ἁλυκὸν</span> <span class='ocrx_word' id='word_1_119' title='bbox 838 1478 1132 1534; x_wconf 85' lang='grc' dir='ltr'>ποιότητος.</span> <span class='ocrx_word' id='word_1_120' title='bbox 1203 1476 1516 1545; x_wconf 81' lang='grc' dir='ltr'>Λιχνεύεται</span> <span class='ocrx_word' id='word_1_121' title='bbox 1592 1469 1644 1525; x_wconf 75' lang='grc' dir='ltr'><strong>δ’</strong></span> <span class='ocrx_word' id='word_1_122' title='bbox 1726 1470 1774 1523; x_wconf 82' lang='grc' dir='ltr'>ἐν</span> 
     </span>
    </p>
   </div>
   <div class='ocr_carea' id='block_1_17' title="bbox 134 1562 1304 1637">
    <p class='ocr_par' dir='ltr' id='par_1_17' title="bbox 134 1562 1304 1637">
     <span class='ocr_line' id='line_1_17' title="bbox 134 1562 1304 1637; baseline -0.004 -18"><span class='ocrx_word' id='word_1_123' title='bbox 134 1566 294 1626; x_wconf 69' lang='grc' dir='ltr'>ἄλλοις</span> <span class='ocrx_word' id='word_1_124' title='bbox 348 1569 405 1618; x_wconf 86' lang='grc' dir='ltr'>τὸ</span> <span class='ocrx_word' id='word_1_125' title='bbox 460 1568 532 1637; x_wconf 74' lang='grc' dir='ltr'>μὴ</span> <span class='ocrx_word' id='word_1_126' title='bbox 583 1571 689 1625; x_wconf 87' lang='grc' dir='ltr'>τοῖς</span> <span class='ocrx_word' id='word_1_127' title='bbox 739 1562 910 1625; x_wconf 79' lang='grc' dir='ltr'>ἄλλοις</span> <span class='ocrx_word' id='word_1_128' title='bbox 981 1563 1152 1633; x_wconf 79' lang='grc' dir='ltr'>ἐφετὸν</span> <span class='ocrx_word' id='word_1_129' title='bbox 1233 1567 1304 1615; x_wconf 75' lang='grc' dir='ltr'><strong>ἄν·</strong></span> 
     </span>
    </p>
   </div>
   <div class='ocr_carea' id='block_1_18' title="bbox 133 1648 1775 1727">
    <p class='ocr_par' dir='ltr' id='par_1_18' title="bbox 133 1648 1775 1727">
     <span class='ocr_line' id='line_1_18' title="bbox 133 1648 1775 1727; baseline -0.003 -19"><span class='ocrx_word' id='word_1_130' title='bbox 133 1664 226 1719; x_wconf 85' lang='grc' dir='ltr'>τῆς</span> <span class='ocrx_word' id='word_1_131' title='bbox 251 1659 518 1715; x_wconf 75' lang='grc' dir='ltr'>ποιότητος</span> <span class='ocrx_word' id='word_1_132' title='bbox 547 1655 720 1727; x_wconf 81' lang='grc' dir='ltr'>ἄμφω,</span> <span class='ocrx_word' id='word_1_133' title='bbox 785 1653 1031 1725; x_wconf 76' lang='grc' dir='ltr'>συνηθειᾳ</span> <span class='ocrx_word' id='word_1_134' title='bbox 1091 1648 1170 1718; x_wconf 73' lang='grc' dir='ltr'><strong>δὲ,</strong></span> <span class='ocrx_word' id='word_1_135' title='bbox 1225 1656 1294 1714; x_wconf 76' lang='grc' dir='ltr'>ὡς</span> <span class='ocrx_word' id='word_1_136' title='bbox 1348 1653 1574 1724; x_wconf 75' lang='grc' dir='ltr'>ὑφάντης</span> <span class='ocrx_word' id='word_1_137' title='bbox 1621 1655 1775 1726; x_wconf 89' lang='grc' dir='ltr'>μέρος</span> 
     </span>
    </p>
   </div>
   <div class='ocr_carea' id='block_1_19' title="bbox 136 1738 1777 1819">
    <p class='ocr_par' dir='ltr' id='par_1_19' title="bbox 136 1738 1777 1819">
     <span class='ocr_line' id='line_1_19' title="bbox 136 1738 1777 1819; baseline -0.004 -21"><span class='ocrx_word' id='word_1_138' title='bbox 136 1748 558 1819; x_wconf 65' lang='grc' dir='ltr'>ἰστονργηματων</span> <span class='ocrx_word' id='word_1_139' title='bbox 624 1741 800 1803; x_wconf 83' lang='grc' dir='ltr'><strong>ἐθίσας</strong></span> <span class='ocrx_word' id='word_1_140' title='bbox 866 1742 1116 1814; x_wconf 77' lang='grc' dir='ltr'>ὑφαίνειν,</span> <span class='ocrx_word' id='word_1_141' title='bbox 1177 1738 1411 1816; x_wconf 73' lang='grc' dir='ltr'>διαφέρεί</span> <span class='ocrx_word' id='word_1_142' title='bbox 1483 1748 1575 1793; x_wconf 84' lang='grc' dir='ltr'>τοῦ</span> <span class='ocrx_word' id='word_1_143' title='bbox 1676 1743 1777 1793; x_wconf 80' lang='grc' dir='ltr'>ἔτε-</span> 
     </span>
    </p>
   </div>
   <div class='ocr_carea' id='block_1_20' title="bbox 130 1829 1778 1910">
    <p class='ocr_par' dir='ltr' id='par_1_20' title="bbox 130 1829 1778 1910">
     <span class='ocr_line' id='line_1_20' title="bbox 130 1829 1778 1910; baseline -0.003 -22"><span class='ocrx_word' id='word_1_144' title='bbox 130 1855 218 1910; x_wconf 89' lang='grc' dir='ltr'><strong>ρον</strong></span> <span class='ocrx_word' id='word_1_145' title='bbox 242 1837 555 1908; x_wconf 83' lang='grc' dir='ltr'>ὑφαίνοντος.</span> <span class='ocrx_word' id='word_1_146' title='bbox 585 1832 714 1904; x_wconf 87' lang='grc' dir='ltr'>Ἵσῳ</span> <span class='ocrx_word' id='word_1_147' title='bbox 753 1829 814 1885; x_wconf 71' lang='grc' dir='ltr'><strong>δὲ</strong></span> <span class='ocrx_word' id='word_1_148' title='bbox 857 1837 946 1884; x_wconf 82' lang='grc' dir='ltr'>καὶ</span> <span class='ocrx_word' id='word_1_149' title='bbox 995 1830 1176 1904; x_wconf 88' lang='grc' dir='ltr'>ἀνίσῳ,</span> <span class='ocrx_word' id='word_1_150' title='bbox 1237 1833 1306 1893; x_wconf 85' lang='grc' dir='ltr'>ὡς</span> <span class='ocrx_word' id='word_1_151' title='bbox 1355 1830 1602 1902; x_wconf 80' lang='grc' dir='ltr'>Αἰγύπτῳ</span> <span class='ocrx_word' id='word_1_152' title='bbox 1649 1851 1778 1883; x_wconf 88' lang='grc' dir='ltr'>παν-</span> 
     </span>
    </p>
   </div>
   <div class='ocr_carea' id='block_1_21' title="bbox 131 1917 1244 1996">
    <p class='ocr_par' dir='ltr' id='par_1_21' title="bbox 131 1917 1244 1996">
     <span class='ocr_line' id='line_1_21' title="bbox 131 1917 1244 1996; baseline -0.005 -17"><span class='ocrx_word' id='word_1_153' title='bbox 131 1921 366 1979; x_wconf 70' lang='grc' dir='ltr'>τοδαπῶν</span> <span class='ocrx_word' id='word_1_154' title='bbox 419 1921 617 1985; x_wconf 80' lang='grc' dir='ltr'>πλῆθος</span> <span class='ocrx_word' id='word_1_155' title='bbox 700 1929 932 1996; x_wconf 79' lang='grc' dir='ltr'>καρπῶν,</span> <span class='ocrx_word' id='word_1_156' title='bbox 995 1928 1107 1992; x_wconf 79' lang='grc' dir='ltr'><strong>Κοῷ</strong></span> <span class='ocrx_word' id='word_1_157' title='bbox 1185 1917 1244 1974; x_wconf 73' lang='grc' dir='ltr'><strong>δὲ</strong></span> 
     </span>
    </p>
   </div>
   <div class='ocr_carea' id='block_1_22' title="bbox 131 2005 1778 2087">
    <p class='ocr_par' dir='ltr' id='par_1_22' title="bbox 131 2005 1778 2087">
     <span class='ocr_line' id='line_1_22' title="bbox 131 2005 1778 2087; baseline -0.004 -20"><span class='ocrx_word' id='word_1_158' title='bbox 131 2017 240 2087; x_wconf 72' lang='grc' dir='ltr'>μὲν,</span> <span class='ocrx_word' id='word_1_159' title='bbox 283 2013 375 2065; x_wconf 70' lang='grc' dir='ltr'>οὐκ</span> <span class='ocrx_word' id='word_1_160' title='bbox 413 2011 458 2074; x_wconf 85' lang='grc' dir='ltr'>ἐς</span> <span class='ocrx_word' id='word_1_161' title='bbox 495 2016 646 2064; x_wconf 86' lang='grc' dir='ltr'>τόσον</span> <span class='ocrx_word' id='word_1_162' title='bbox 705 2008 764 2063; x_wconf 67' lang='lat'><strong>6“:</strong></span> <span class='ocrx_word' id='word_1_163' title='bbox 805 2012 941 2063; x_wconf 81' lang='grc' dir='ltr'>κατά</span> <span class='ocrx_word' id='word_1_164' title='bbox 996 2030 1056 2083; x_wconf 87' lang='grc' dir='ltr'><strong>γε</strong></span> <span class='ocrx_word' id='word_1_165' title='bbox 1110 2013 1290 2076; x_wconf 84' lang='grc' dir='ltr'>ποσὸν,</span> <span class='ocrx_word' id='word_1_166' title='bbox 1343 2009 1475 2069; x_wconf 79' lang='grc' dir='ltr'>πλὴν</span> <span class='ocrx_word' id='word_1_167' title='bbox 1538 2005 1597 2062; x_wconf 69' lang='grc' dir='ltr'><strong>δὲ</strong></span> <span class='ocrx_word' id='word_1_168' title='bbox 1669 2010 1778 2062; x_wconf 83' lang='grc' dir='ltr'>ἴσοι</span> 
     </span>
    </p>
   </div>
   <div class='ocr_carea' id='block_1_23' title="bbox 131 2096 1777 2176">
    <p class='ocr_par' dir='ltr' id='par_1_23' title="bbox 131 2096 1777 2176">
     <span class='ocr_line' id='line_1_23' title="bbox 131 2096 1777 2176; baseline -0.004 -20"><span class='ocrx_word' id='word_1_169' title='bbox 131 2103 226 2157; x_wconf 80' lang='grc' dir='ltr'><strong>κάν</strong></span> <span class='ocrx_word' id='word_1_170' title='bbox 268 2097 483 2176; x_wconf 78' lang='grc' dir='ltr'>διαφέρῃ</span> <span class='ocrx_word' id='word_1_171' title='bbox 536 2100 696 2173; x_wconf 87' lang='grc' dir='ltr'>ἀνίσῳ</span> <span class='ocrx_word' id='word_1_172' title='bbox 745 2104 836 2153; x_wconf 77' lang='grc' dir='ltr'><strong>καὶ</strong></span> <span class='ocrx_word' id='word_1_173' title='bbox 887 2103 1008 2172; x_wconf 79' lang='grc' dir='ltr'>ἴσῳ,</span> <span class='ocrx_word' id='word_1_174' title='bbox 1064 2098 1298 2152; x_wconf 82' lang='grc' dir='ltr'>ἐπιτάσει</span> <span class='ocrx_word' id='word_1_175' title='bbox 1343 2096 1402 2152; x_wconf 70' lang='grc' dir='ltr'><strong>δὲ</strong></span> <span class='ocrx_word' id='word_1_176' title='bbox 1444 2103 1534 2151; x_wconf 80' lang='grc' dir='ltr'>καὶ</span> <span class='ocrx_word' id='word_1_177' title='bbox 1585 2096 1777 2168; x_wconf 82' lang='grc' dir='ltr'>ἀνέσει,</span> 
     </span>
    </p>
   </div>
   <div class='ocr_carea' id='block_1_24' title="bbox 132 2187 1773 2264">
    <p class='ocr_par' dir='ltr' id='par_1_24' title="bbox 132 2187 1773 2264">
     <span class='ocr_line' id='line_1_24' title="bbox 132 2187 1773 2264; baseline -0.002 -21"><span class='ocrx_word' id='word_1_178' title='bbox 132 2194 200 2254; x_wconf 88' lang='grc' dir='ltr'>ὡς</span> <span class='ocrx_word' id='word_1_179' title='bbox 277 2189 634 2264; x_wconf 83' lang='grc' dir='ltr'>Ἀριστοτέλης</span> <span class='ocrx_word' id='word_1_180' title='bbox 709 2189 996 2262; x_wconf 86' lang='grc' dir='ltr'>φιλοσοφεῖ,</span> <span class='ocrx_word' id='word_1_181' title='bbox 1074 2187 1203 2241; x_wconf 82' lang='grc' dir='ltr'><strong>ἀλλά</strong></span> <span class='ocrx_word' id='word_1_182' title='bbox 1300 2193 1389 2241; x_wconf 84' lang='grc' dir='ltr'>καὶ</span> <span class='ocrx_word' id='word_1_183' title='bbox 1470 2187 1773 2260; x_wconf 87' lang='grc' dir='ltr'>Σιμπλίκος,</span> 
     </span>
    </p>
   </div>
   <div class='ocr_carea' id='block_1_25' title="bbox 130 2273 1777 2350">
    <p class='ocr_par' dir='ltr' id='par_1_25' title="bbox 130 2273 1777 2350">
     <span class='ocr_line' id='line_1_25' title="bbox 130 2273 1777 2350; baseline -0.002 -18"><span class='ocrx_word' id='word_1_184' title='bbox 130 2280 278 2334; x_wconf 83' lang='grc' dir='ltr'>Ἔστι</span> <span class='ocrx_word' id='word_1_185' title='bbox 319 2275 377 2331; x_wconf 70' lang='grc' dir='ltr'><strong>δὲ</strong></span> <span class='ocrx_word' id='word_1_186' title='bbox 423 2280 452 2338; x_wconf 84' lang='grc' dir='ltr'>ἡ</span> <span class='ocrx_word' id='word_1_187' title='bbox 505 2277 786 2350; x_wconf 86' lang='grc' dir='ltr'>φιλοσοφία</span> <span class='ocrx_word' id='word_1_188' title='bbox 862 2281 1102 2347; x_wconf 78' lang='grc' dir='ltr'>ποιότης,</span> <span class='ocrx_word' id='word_1_189' title='bbox 1188 2273 1404 2349; x_wconf 80' lang='grc' dir='ltr'>δέχεται</span> <span class='ocrx_word' id='word_1_190' title='bbox 1482 2273 1777 2330; x_wconf 73' lang='grc' dir='ltr'>δ’ἐπίτασιν</span> 
     </span>
    </p>
   </div>
   <div class='ocr_carea' id='block_1_26' title="bbox 129 2365 1780 2442">
    <p class='ocr_par' dir='ltr' id='par_1_26' title="bbox 129 2365 1780 2442">
     <span class='ocr_line' id='line_1_26' title="bbox 129 2365 1780 2442; baseline -0.001 -20"><span class='ocrx_word' id='word_1_191' title='bbox 129 2374 222 2422; x_wconf 82' lang='grc' dir='ltr'>καὶ</span> <span class='ocrx_word' id='word_1_192' title='bbox 268 2369 458 2435; x_wconf 78' lang='grc' dir='ltr'>ἄνεσιν,</span> <span class='ocrx_word' id='word_1_193' title='bbox 517 2372 607 2420; x_wconf 83' lang='grc' dir='ltr'>καὶ</span> <span class='ocrx_word' id='word_1_194' title='bbox 656 2368 770 2420; x_wconf 86' lang='grc' dir='ltr'>κατ’</span> <span class='ocrx_word' id='word_1_195' title='bbox 822 2366 1059 2420; x_wconf 72' lang='grc' dir='ltr'>ἕπίτασίν</span> <span class='ocrx_word' id='word_1_196' title='bbox 1102 2386 1156 2420; x_wconf 84' lang='grc' dir='ltr'><strong>τε</strong></span> <span class='ocrx_word' id='word_1_197' title='bbox 1211 2372 1298 2418; x_wconf 81' lang='grc' dir='ltr'><strong>καὶ</strong></span> <span class='ocrx_word' id='word_1_198' title='bbox 1364 2367 1560 2423; x_wconf 81' lang='grc' dir='ltr'>οῖνεσιν.</span> <span class='ocrx_word' id='word_1_199' title='bbox 1642 2365 1780 2442; x_wconf 72' lang='grc' dir='ltr'>’Ἄρα</span> 
     </span>
    </p>
   </div>
   <div class='ocr_carea' id='block_1_27' title="bbox 126 2455 1779 2532">
    <p class='ocr_par' dir='ltr' id='par_1_27' title="bbox 126 2455 1779 2532">
     <span class='ocr_line' id='line_1_27' title="bbox 126 2455 1779 2532; baseline -0.001 -21"><span class='ocrx_word' id='word_1_200' title='bbox 126 2458 468 2532; x_wconf 76' lang='grc' dir='ltr'>Ἀριστοτέλει</span> <span class='ocrx_word' id='word_1_201' title='bbox 535 2462 625 2510; x_wconf 82' lang='grc' dir='ltr'>καὶ</span> <span class='ocrx_word' id='word_1_202' title='bbox 693 2456 979 2530; x_wconf 84' lang='grc' dir='ltr'>Σιμπλικίῳ</span> <span class='ocrx_word' id='word_1_203' title='bbox 1050 2459 1079 2516; x_wconf 83' lang='grc' dir='ltr'>ἡ</span> <span class='ocrx_word' id='word_1_204' title='bbox 1134 2455 1416 2530; x_wconf 76' lang='grc' dir='ltr'>φιλοσοφία</span> <span class='ocrx_word' id='word_1_205' title='bbox 1490 2455 1779 2530; x_wconf 72' lang='grc' dir='ltr'>φιλοσοφεῖ-</span> 
     </span>
    </p>
   </div>
   <div class='ocr_carea' id='block_1_28' title="bbox 1320 1922 1772 1996">
    <p class='ocr_par' dir='ltr' id='par_1_28' title="bbox 1320 1922 1772 1996">
     <span class='ocr_line' id='line_1_28' title="bbox 1320 1922 1772 1996; baseline -0.002 -23"><span class='ocrx_word' id='word_1_206' title='bbox 1320 1922 1504 1982; x_wconf 84' lang='grc' dir='ltr'>πάντες</span> <span class='ocrx_word' id='word_1_207' title='bbox 1583 1925 1772 1996; x_wconf 83' lang='grc' dir='ltr'>καρποὶ</span> 
     </span>
    </p>
   </div>
   <div class='ocr_carea' id='block_1_29' title="bbox 131 2543 1781 2620">
    <p class='ocr_par' dir='ltr' id='par_1_29' title="bbox 131 2543 1781 2620">
     <span class='ocr_line' id='line_1_29' title="bbox 131 2543 1781 2620; baseline -0.001 -20"><span class='ocrx_word' id='word_1_208' title='bbox 131 2568 242 2606; x_wconf 86' lang='grc' dir='ltr'>ται.</span> <span class='ocrx_word' id='word_1_209' title='bbox 266 2550 440 2600; x_wconf 87' lang='grc' dir='ltr'>Πάντα</span> <span class='ocrx_word' id='word_1_210' title='bbox 473 2546 562 2620; x_wconf 81' lang='grc' dir='ltr'><strong>μέν</strong></span> <span class='ocrx_word' id='word_1_211' title='bbox 615 2546 702 2598; x_wconf 80' lang='grc' dir='ltr'>οὖν</span> <span class='ocrx_word' id='word_1_212' title='bbox 760 2543 852 2598; x_wconf 75' lang='grc' dir='ltr'><strong>διὰ</strong></span> <span class='ocrx_word' id='word_1_213' title='bbox 892 2553 1055 2600; x_wconf 71' lang='grc' dir='ltr'>ταῦτα</span> <span class='ocrx_word' id='word_1_214' title='bbox 1105 2545 1430 2618; x_wconf 70' lang='grc' dir='ltr'>φιλοσοφίας,</span> <span class='ocrx_word' id='word_1_215' title='bbox 1475 2550 1564 2598; x_wconf 87' lang='grc' dir='ltr'>καὶ</span> <span class='ocrx_word' id='word_1_216' title='bbox 1609 2548 1781 2600; x_wconf 85' lang='grc' dir='ltr'>πάντα</span> 
     </span>
    </p>
   </div>
   <div class='ocr_carea' id='block_1_30' title="bbox 135 2637 1778 2713">
    <p class='ocr_par' dir='ltr' id='par_1_30' title="bbox 135 2637 1778 2713">
     <span class='ocr_line' id='line_1_30' title="bbox 135 2637 1778 2713; baseline -0.013 -7"><span class='ocrx_word' id='word_1_217' title='bbox 135 2644 541 2713; x_wconf 78' lang='grc' dir='ltr'>σταρατηγικῆς,</span> <span class='ocrx_word' id='word_1_218' title='bbox 571 2640 660 2688; x_wconf 82' lang='grc' dir='ltr'>καὶ</span> <span class='ocrx_word' id='word_1_219' title='bbox 707 2638 878 2689; x_wconf 87' lang='grc' dir='ltr'>πάντα</span> <span class='ocrx_word' id='word_1_220' title='bbox 939 2637 1236 2708; x_wconf 79' lang='grc' dir='ltr'>ὑφαντικῆς.</span> <span class='ocrx_word' id='word_1_221' title='bbox 1294 2639 1383 2688; x_wconf 81' lang='grc' dir='ltr'>καὶ</span> <span class='ocrx_word' id='word_1_222' title='bbox 1425 2637 1596 2689; x_wconf 86' lang='grc' dir='ltr'>πάντα</span> <span class='ocrx_word' id='word_1_223' title='bbox 1642 2655 1778 2712; x_wconf 85' lang='grc' dir='ltr'>χρυ-</span> 
     </span>
    </p>
   </div>
   <div class='ocr_carea' id='block_1_31' title="bbox 1881 490 3528 569">
    <p class='ocr_par' dir='ltr' id='par_1_31' title="bbox 1881 490 3528 569">
     <span class='ocr_line' id='line_1_31' title="bbox 1881 490 3528 569; baseline 0.002 -25"><span class='ocrx_word' id='word_1_224' title='bbox 1881 491 2103 553; x_wconf 81' lang='grc' dir='ltr'>ἐκάστης</span> <span class='ocrx_word' id='word_1_225' title='bbox 2134 494 2291 569; x_wconf 78' lang='grc' dir='ltr'>οὗπερ</span> <span class='ocrx_word' id='word_1_226' title='bbox 2335 496 2494 550; x_wconf 82' lang='grc' dir='ltr'>ἔστιν.</span> <span class='ocrx_word' id='word_1_227' title='bbox 2547 493 2707 549; x_wconf 80' lang='grc' dir='ltr'>ἐστίν.</span> <span class='ocrx_word' id='word_1_228' title='bbox 2763 493 2916 567; x_wconf 82' lang='grc' dir='ltr'>Ἔχει</span> <span class='ocrx_word' id='word_1_229' title='bbox 2975 490 3034 546; x_wconf 75' lang='grc' dir='ltr'><strong>δὲ</strong></span> <span class='ocrx_word' id='word_1_230' title='bbox 3088 513 3178 546; x_wconf 88' lang='grc' dir='ltr'><strong>και</strong></span> <span class='ocrx_word' id='word_1_231' title='bbox 3203 498 3296 554; x_wconf 76' lang='grc' dir='ltr'>τὴν</span> <span class='ocrx_word' id='word_1_232' title='bbox 3345 490 3528 568; x_wconf 73' lang='grc' dir='ltr'>διαφο-</span> 
     </span>
    </p>
   </div>
   <div class='ocr_carea' id='block_1_32' title="bbox 1879 584 3526 659">
    <p class='ocr_par' dir='ltr' id='par_1_32' title="bbox 1879 584 3526 659">
     <span class='ocr_line' id='line_1_32' title="bbox 1879 584 3526 659; baseline 0.001 -24"><span class='ocrx_word' id='word_1_233' title='bbox 1879 585 1974 657; x_wconf 84' lang='grc' dir='ltr'>ρὰν</span> <span class='ocrx_word' id='word_1_234' title='bbox 2012 587 2146 637; x_wconf 87' lang='grc' dir='ltr'><strong>κατά</strong></span> <span class='ocrx_word' id='word_1_235' title='bbox 2170 588 2259 646; x_wconf 83' lang='grc' dir='ltr'><strong>τὰς</strong></span> <span class='ocrx_word' id='word_1_236' title='bbox 2307 594 2406 638; x_wconf 87' lang='grc' dir='ltr'>τῶν</span> <span class='ocrx_word' id='word_1_237' title='bbox 2445 585 2493 638; x_wconf 85' lang='grc' dir='ltr'>ἐν</span> <span class='ocrx_word' id='word_1_238' title='bbox 2542 584 2820 658; x_wconf 78' lang='grc' dir='ltr'>φιλοσοφίᾳ</span> <span class='ocrx_word' id='word_1_239' title='bbox 2877 592 3203 659; x_wconf 75' lang='grc' dir='ltr'>κατηγοριῶν</span> <span class='ocrx_word' id='word_1_240' title='bbox 3259 589 3526 647; x_wconf 76' lang='grc' dir='ltr'>κοινωνίας</span> 
     </span>
    </p>
   </div>
   <div class='ocr_carea' id='block_1_33' title="bbox 1881 670 3524 749">
    <p class='ocr_par' dir='ltr' id='par_1_33' title="bbox 1881 670 3524 749">
     <span class='ocr_line' id='line_1_33' title="bbox 1881 670 3524 749; baseline 0.002 -24"><span class='ocrx_word' id='word_1_241' title='bbox 1881 692 1970 725; x_wconf 87' lang='grc' dir='ltr'><strong>και</strong></span> <span class='ocrx_word' id='word_1_242' title='bbox 2020 670 2325 737; x_wconf 68' lang='grc' dir='ltr'>διαστολάς·</span> <span class='ocrx_word' id='word_1_243' title='bbox 2389 673 2665 746; x_wconf 76' lang='grc' dir='ltr'>ἀνάγονται</span> <span class='ocrx_word' id='word_1_244' title='bbox 2723 670 2782 726; x_wconf 73' lang='grc' dir='ltr'><strong>δὲ</strong></span> <span class='ocrx_word' id='word_1_245' title='bbox 2835 673 2903 735; x_wconf 83' lang='grc' dir='ltr'><strong>εἰς</strong></span> <span class='ocrx_word' id='word_1_246' title='bbox 2960 677 3042 732; x_wconf 79' lang='grc' dir='ltr'>τὴν</span> <span class='ocrx_word' id='word_1_247' title='bbox 3084 673 3289 743; x_wconf 74' lang='grc' dir='ltr'>οὐσίαν,</span> <span class='ocrx_word' id='word_1_248' title='bbox 3352 676 3524 749; x_wconf 83' lang='grc' dir='ltr'>ὥσπερ</span> 
     </span>
    </p>
   </div>
   <div class='ocr_carea' id='block_1_34' title="bbox 1881 760 3524 836">
    <p class='ocr_par' dir='ltr' id='par_1_34' title="bbox 1881 760 3524 836">
     <span class='ocr_line' id='line_1_34' title="bbox 1881 760 3524 836; baseline 0.002 -23"><span class='ocrx_word' id='word_1_249' title='bbox 1881 761 2106 834; x_wconf 80' lang='grc' dir='ltr'>ἅπασαι,</span> <span class='ocrx_word' id='word_1_250' title='bbox 2137 764 2272 816; x_wconf 68' lang='grc' dir='ltr'>οὕτω</span> <span class='ocrx_word' id='word_1_251' title='bbox 2304 760 2370 823; x_wconf 72' lang='grc' dir='ltr'><em>δὴ</em></span> <span class='ocrx_word' id='word_1_252' title='bbox 2414 783 2502 816; x_wconf 91' lang='grc' dir='ltr'><strong>και</strong></span> <span class='ocrx_word' id='word_1_253' title='bbox 2548 763 2619 824; x_wconf 82' lang='grc' dir='ltr'>εἰς</span> <span class='ocrx_word' id='word_1_254' title='bbox 2675 766 2770 821; x_wconf 80' lang='grc' dir='ltr'>τὴν</span> <span class='ocrx_word' id='word_1_255' title='bbox 2820 764 2974 834; x_wconf 82' lang='grc' dir='ltr'>φύσιν</span> <span class='ocrx_word' id='word_1_256' title='bbox 3020 765 3086 815; x_wconf 78' lang='grc' dir='ltr'>τὰ</span> <span class='ocrx_word' id='word_1_257' title='bbox 3137 760 3184 814; x_wconf 83' lang='grc' dir='ltr'>ἐν</span> <span class='ocrx_word' id='word_1_258' title='bbox 3237 770 3297 835; x_wconf 75' lang='grc' dir='ltr'><strong>τῇ</strong></span> <span class='ocrx_word' id='word_1_259' title='bbox 3354 765 3524 836; x_wconf 75' lang='grc' dir='ltr'>φύσει,</span> 
     </span>
    </p>
   </div>
   <div class='ocr_carea' id='block_1_35' title="bbox 1881 849 3529 927">
    <p class='ocr_par' dir='ltr' id='par_1_35' title="bbox 1881 849 3529 927">
     <span class='ocr_line' id='line_1_35' title="bbox 1881 849 3529 927; baseline 0.001 -24"><span class='ocrx_word' id='word_1_260' title='bbox 1881 849 1976 903; x_wconf 79' lang='grc' dir='ltr'><strong>κάν</strong></span> <span class='ocrx_word' id='word_1_261' title='bbox 2029 851 2374 927; x_wconf 71' lang='grc' dir='ltr'>ἀποτυγχάνῃ</span> <span class='ocrx_word' id='word_1_262' title='bbox 2432 859 2524 904; x_wconf 84' lang='grc' dir='ltr'>τοῦ</span> <span class='ocrx_word' id='word_1_263' title='bbox 2583 851 2720 918; x_wconf 80' lang='grc' dir='ltr'>ὅλου,</span> <span class='ocrx_word' id='word_1_264' title='bbox 2779 850 2873 903; x_wconf 76' lang='grc' dir='ltr'>κᾶν</span> <span class='ocrx_word' id='word_1_265' title='bbox 2925 854 3026 924; x_wconf 76' lang='grc' dir='ltr'>ἴσῳ</span> <span class='ocrx_word' id='word_1_266' title='bbox 3074 854 3204 926; x_wconf 88' lang='grc' dir='ltr'>πρὸς</span> <span class='ocrx_word' id='word_1_267' title='bbox 3252 854 3310 904; x_wconf 89' lang='grc' dir='ltr'>τὸ</span> <span class='ocrx_word' id='word_1_268' title='bbox 3395 854 3529 904; x_wconf 84' lang='grc' dir='ltr'>κατὰ</span> 
     </span>
    </p>
   </div>
   <div class='ocr_carea' id='block_1_36' title="bbox 1883 937 3530 1020">
    <p class='ocr_par' dir='ltr' id='par_1_36' title="bbox 1883 937 3530 1020">
     <span class='ocr_line' id='line_1_36' title="bbox 1883 937 3530 1020; baseline 0.001 -28"><span class='ocrx_word' id='word_1_269' title='bbox 1883 943 2037 1014; x_wconf 78' lang='grc' dir='ltr'>φύσιν</span> <span class='ocrx_word' id='word_1_270' title='bbox 2069 946 2230 1016; x_wconf 69' lang='grc' dir='ltr'>τρέχῃ</span> <span class='ocrx_word' id='word_1_271' title='bbox 2287 942 2490 1018; x_wconf 77' lang='grc' dir='ltr'><strong>ῥυθμῷ.</strong></span> <span class='ocrx_word' id='word_1_272' title='bbox 2540 941 2794 1016; x_wconf 74' lang='grc' dir='ltr'>’Υπάρχει</span> <span class='ocrx_word' id='word_1_273' title='bbox 2843 937 2902 994; x_wconf 67' lang='grc' dir='ltr'><strong>δὲ</strong></span> <span class='ocrx_word' id='word_1_274' title='bbox 2948 943 3014 993; x_wconf 92' lang='grc' dir='ltr'><strong>τά</strong></span> <span class='ocrx_word' id='word_1_275' title='bbox 3060 941 3176 999; x_wconf 77' lang='grc' dir='ltr'>τέλη</span> <span class='ocrx_word' id='word_1_276' title='bbox 3222 943 3416 1020; x_wconf 60' lang='grc' dir='ltr'>τούτῶν</span> <span class='ocrx_word' id='word_1_277' title='bbox 3463 942 3530 994; x_wconf 84' lang='grc' dir='ltr'><strong>τά</strong></span> 
     </span>
    </p>
   </div>
   <div class='ocr_carea' id='block_1_37' title="bbox 1883 1029 3530 1107">
    <p class='ocr_par' dir='ltr' id='par_1_37' title="bbox 1883 1029 3530 1107">
     <span class='ocr_line' id='line_1_37' title="bbox 1883 1029 3530 1107; baseline -0.001 -23"><span class='ocrx_word' id='word_1_278' title='bbox 1883 1034 1972 1103; x_wconf 68' lang='grc' dir='ltr'>μὲν</span> <span class='ocrx_word' id='word_1_279' title='bbox 1999 1037 2236 1107; x_wconf 76' lang='grc' dir='ltr'>κρείττω,</span> <span class='ocrx_word' id='word_1_280' title='bbox 2277 1035 2342 1085; x_wconf 83' lang='grc' dir='ltr'><strong>τά</strong></span> <span class='ocrx_word' id='word_1_281' title='bbox 2393 1029 2451 1085; x_wconf 68' lang='grc' dir='ltr'><strong>δὲ</strong></span> <span class='ocrx_word' id='word_1_282' title='bbox 2516 1037 2701 1107; x_wconf 87' lang='grc' dir='ltr'>χείρω.</span> <span class='ocrx_word' id='word_1_283' title='bbox 2752 1030 2911 1083; x_wconf 82' lang='grc' dir='ltr'>Ὠστε</span> <span class='ocrx_word' id='word_1_284' title='bbox 2958 1030 3016 1083; x_wconf 72' lang='grc' dir='ltr'>οὐ</span> <span class='ocrx_word' id='word_1_285' title='bbox 3070 1035 3206 1084; x_wconf 86' lang='grc' dir='ltr'><strong>κατά</strong></span> <span class='ocrx_word' id='word_1_286' title='bbox 3262 1035 3320 1084; x_wconf 87' lang='grc' dir='ltr'>τὸ</span> <span class='ocrx_word' id='word_1_287' title='bbox 3379 1034 3530 1103; x_wconf 84' lang='grc' dir='ltr'>φύσει</span> 
     </span>
    </p>
   </div>
   <div class='ocr_carea' id='block_1_38' title="bbox 1884 1119 3529 1198">
    <p class='ocr_par' dir='ltr' id='par_1_38' title="bbox 1884 1119 3529 1198">
     <span class='ocr_line' id='line_1_38' title="bbox 1884 1119 3529 1198; baseline 0 -26"><span class='ocrx_word' id='word_1_288' title='bbox 1884 1126 2164 1195; x_wconf 81' lang='grc' dir='ltr'>κρίνονται·</span> <span class='ocrx_word' id='word_1_289' title='bbox 2231 1122 2274 1174; x_wconf 85' lang='grc' dir='ltr'>εἰ</span> <span class='ocrx_word' id='word_1_290' title='bbox 2362 1125 2459 1198; x_wconf 73' lang='grc' dir='ltr'><strong>γάρ</strong></span> <span class='ocrx_word' id='word_1_291' title='bbox 2517 1119 2773 1196; x_wconf 71' lang='grc' dir='ltr'>ἐκρίνοντο</span> <span class='ocrx_word' id='word_1_292' title='bbox 2853 1123 2984 1174; x_wconf 85' lang='grc' dir='ltr'><strong>κατά</strong></span> <span class='ocrx_word' id='word_1_293' title='bbox 3059 1124 3236 1193; x_wconf 84' lang='grc' dir='ltr'>φύσιν,</span> <span class='ocrx_word' id='word_1_294' title='bbox 3318 1120 3529 1194; x_wconf 79' lang='grc' dir='ltr'>ἐτιμᾶτο</span> 
     </span>
    </p>
   </div>
   <div class='ocr_carea' id='block_1_39' title="bbox 1885 1207 3532 1286">
    <p class='ocr_par' dir='ltr' id='par_1_39' title="bbox 1885 1207 3532 1286">
     <span class='ocr_line' id='line_1_39' title="bbox 1885 1207 3532 1286; baseline -0.001 -24"><span class='ocrx_word' id='word_1_295' title='bbox 1885 1209 1946 1262; x_wconf 79' lang='grc' dir='ltr'>ἂν</span> <span class='ocrx_word' id='word_1_296' title='bbox 1991 1231 2079 1263; x_wconf 89' lang='grc' dir='ltr'><strong>και</strong></span> <span class='ocrx_word' id='word_1_297' title='bbox 2132 1211 2389 1284; x_wconf 80' lang='grc' dir='ltr'>Θετταλία</span> <span class='ocrx_word' id='word_1_298' title='bbox 2443 1213 2514 1273; x_wconf 85' lang='grc' dir='ltr'>ὡς</span> <span class='ocrx_word' id='word_1_299' title='bbox 2572 1212 2801 1286; x_wconf 80' lang='grc' dir='ltr'>Κορίνθῳ</span> <span class='ocrx_word' id='word_1_300' title='bbox 2875 1213 2932 1262; x_wconf 86' lang='grc' dir='ltr'><strong>τό</strong></span> <span class='ocrx_word' id='word_1_301' title='bbox 3017 1214 3288 1283; x_wconf 79' lang='grc' dir='ltr'>μουσικὸνο</span> <span class='ocrx_word' id='word_1_302' title='bbox 3337 1207 3532 1282; x_wconf 63' lang='grc' dir='ltr'>ξπᾶσαι</span> 
     </span>
    </p>
   </div>
   <div class='ocr_carea' id='block_1_40' title="bbox 1885 1299 3529 1374">
    <p class='ocr_par' dir='ltr' id='par_1_40' title="bbox 1885 1299 3529 1374">
     <span class='ocr_line' id='line_1_40' title="bbox 1885 1299 3529 1374; baseline -0.001 -23"><span class='ocrx_word' id='word_1_303' title='bbox 1885 1301 1984 1374; x_wconf 84' lang='grc' dir='ltr'><strong>γάρ</strong></span> <span class='ocrx_word' id='word_1_304' title='bbox 2018 1301 2074 1352; x_wconf 84' lang='grc' dir='ltr'><strong>αἱ</strong></span> <span class='ocrx_word' id='word_1_305' title='bbox 2131 1305 2424 1373; x_wconf 80' lang='grc' dir='ltr'>συμφωνίαι</span> <span class='ocrx_word' id='word_1_306' title='bbox 2476 1303 2566 1353; x_wconf 86' lang='grc' dir='ltr'>καὶ</span> <span class='ocrx_word' id='word_1_307' title='bbox 2613 1303 2668 1352; x_wconf 80' lang='grc' dir='ltr'>αἱ</span> <span class='ocrx_word' id='word_1_308' title='bbox 2722 1299 2895 1363; x_wconf 82' lang='grc' dir='ltr'>τάξεις</span> <span class='ocrx_word' id='word_1_309' title='bbox 2950 1307 3212 1372; x_wconf 78' lang='grc' dir='ltr'>μουσικῆς</span> <span class='ocrx_word' id='word_1_310' title='bbox 3259 1299 3359 1352; x_wconf 86' lang='grc' dir='ltr'>εἰσι</span> <span class='ocrx_word' id='word_1_311' title='bbox 3409 1301 3529 1352; x_wconf 71' lang='grc' dir='ltr'>θεω-</span> 
     </span>
    </p>
   </div>
   <div class='ocr_carea' id='block_1_41' title="bbox 1885 1386 3531 1462">
    <p class='ocr_par' dir='ltr' id='par_1_41' title="bbox 1885 1386 3531 1462">
     <span class='ocr_line' id='line_1_41' title="bbox 1885 1386 3531 1462; baseline -0.001 -22"><span class='ocrx_word' id='word_1_312' title='bbox 1885 1393 2021 1462; x_wconf 87' lang='grc' dir='ltr'>ρίας.</span> <span class='ocrx_word' id='word_1_313' title='bbox 2067 1388 2416 1462; x_wconf 81' lang='grc' dir='ltr'>Συμϐάλλεται</span> <span class='ocrx_word' id='word_1_314' title='bbox 2466 1386 2524 1443; x_wconf 67' lang='grc' dir='ltr'><strong>δὲ</strong></span> <span class='ocrx_word' id='word_1_315' title='bbox 2587 1393 2859 1462; x_wconf 81' lang='grc' dir='ltr'>συμφωνία</span> <span class='ocrx_word' id='word_1_316' title='bbox 2931 1408 3021 1441; x_wconf 88' lang='grc' dir='ltr'><strong>και</strong></span> <span class='ocrx_word' id='word_1_317' title='bbox 3090 1389 3237 1452; x_wconf 83' lang='grc' dir='ltr'>τάξις</span> <span class='ocrx_word' id='word_1_318' title='bbox 3309 1387 3387 1441; x_wconf 82' lang='grc' dir='ltr'><strong>ἀεί</strong></span> <span class='ocrx_word' id='word_1_319' title='bbox 3457 1387 3531 1449; x_wconf 83' lang='grc' dir='ltr'><strong>εἰς</strong></span> 
     </span>
    </p>
   </div>
   <div class='ocr_carea' id='block_1_42' title="bbox 1887 1475 3529 1551">
    <p class='ocr_par' dir='ltr' id='par_1_42' title="bbox 1887 1475 3529 1551">
     <span class='ocr_line' id='line_1_42' title="bbox 1887 1475 3529 1551; baseline -0.001 -21"><span class='ocrx_word' id='word_1_320' title='bbox 1887 1478 2126 1551; x_wconf 81' lang='grc' dir='ltr'>οἰκισμὸν</span> <span class='ocrx_word' id='word_1_321' title='bbox 2198 1477 2392 1530; x_wconf 79' lang='grc' dir='ltr'>πόλεών</span> <span class='ocrx_word' id='word_1_322' title='bbox 2469 1496 2522 1530; x_wconf 83' lang='grc' dir='ltr'><strong>τε</strong></span> <span class='ocrx_word' id='word_1_323' title='bbox 2593 1497 2682 1529; x_wconf 88' lang='grc' dir='ltr'><strong>και</strong></span> <span class='ocrx_word' id='word_1_324' title='bbox 2764 1482 2987 1550; x_wconf 85' lang='grc' dir='ltr'>κόσμου·</span> <span class='ocrx_word' id='word_1_325' title='bbox 3059 1475 3238 1537; x_wconf 76' lang='grc' dir='ltr'>ἐπειδὴ</span> <span class='ocrx_word' id='word_1_326' title='bbox 3316 1478 3529 1546; x_wconf 86' lang='grc' dir='ltr'>πόλεων,</span> 
     </span>
    </p>
   </div>
   <div class='ocr_carea' id='block_1_43' title="bbox 1393 1559 3530 1640">
    <p class='ocr_par' dir='ltr' id='par_1_43' title="bbox 1393 1559 3530 1640">
     <span class='ocr_line' id='line_1_43' title="bbox 1393 1559 3530 1640; baseline 0 -25"><span class='ocrx_word' id='word_1_327' title='bbox 1393 1562 1645 1637; x_wconf 75' lang='grc' dir='ltr'>’Υπάρχει</span> <span class='ocrx_word' id='word_1_328' title='bbox 1717 1559 1775 1615; x_wconf 74' lang='grc' dir='ltr'><strong>δὲ</strong></span> <span class='ocrx_word' id='word_1_329' title='bbox 1813 1567 1858 1622; x_wconf 88' lang='grc' dir='ltr'>Β</span> <span class='ocrx_word' id='word_1_330' title='bbox 1888 1567 2160 1639; x_wconf 71' lang='grc' dir='ltr'>ὕφαντικόν</span> <span class='ocrx_word' id='word_1_331' title='bbox 2205 1561 2263 1618; x_wconf 74' lang='grc' dir='ltr'><strong>δὲ</strong></span> <span class='ocrx_word' id='word_1_332' title='bbox 2320 1565 2378 1617; x_wconf 73' lang='grc' dir='ltr'>οὗ</span> <span class='ocrx_word' id='word_1_333' title='bbox 2434 1569 2718 1624; x_wconf 87' lang='grc' dir='ltr'>συνίστησι</span> <span class='ocrx_word' id='word_1_334' title='bbox 2765 1565 2931 1620; x_wconf 85' lang='grc' dir='ltr'>πόλιν.</span> <span class='ocrx_word' id='word_1_335' title='bbox 2986 1568 3056 1618; x_wconf 88' lang='grc' dir='ltr'><strong>Τὸ</strong></span> <span class='ocrx_word' id='word_1_336' title='bbox 3095 1568 3190 1637; x_wconf 73' lang='grc' dir='ltr'>μὲν</span> <span class='ocrx_word' id='word_1_337' title='bbox 3229 1567 3330 1640; x_wconf 85' lang='grc' dir='ltr'><strong>γάρ</strong></span> <span class='ocrx_word' id='word_1_338' title='bbox 3392 1563 3530 1618; x_wconf 86' lang='grc' dir='ltr'>ἀναι-</span> 
     </span>
    </p>
   </div>
   <div class='ocr_carea' id='block_1_44' title="bbox 1885 1650 3534 1731">
    <p class='ocr_par' dir='ltr' id='par_1_44' title="bbox 1885 1650 3534 1731">
     <span class='ocr_line' id='line_1_44' title="bbox 1885 1650 3534 1731; baseline 0 -23"><span class='ocrx_word' id='word_1_339' title='bbox 1885 1657 2025 1731; x_wconf 65' lang='grc' dir='ltr'>ρεθὲν</span> <span class='ocrx_word' id='word_1_340' title='bbox 2092 1654 2348 1728; x_wconf 86' lang='grc' dir='ltr'>ἀφανίσει,</span> <span class='ocrx_word' id='word_1_341' title='bbox 2405 1658 2461 1707; x_wconf 90' lang='grc' dir='ltr'><strong>τό</strong></span> <span class='ocrx_word' id='word_1_342' title='bbox 2526 1650 2585 1707; x_wconf 69' lang='grc' dir='ltr'><strong>δὲ</strong></span> <span class='ocrx_word' id='word_1_343' title='bbox 2654 1653 2950 1727; x_wconf 74' lang='grc' dir='ltr'>ἀφανισθὲν,</span> <span class='ocrx_word' id='word_1_344' title='bbox 3021 1654 3115 1707; x_wconf 72' lang='grc' dir='ltr'>οὐκ</span> <span class='ocrx_word' id='word_1_345' title='bbox 3173 1653 3414 1728; x_wconf 88' lang='grc' dir='ltr'>ἀφανίσει</span> <span class='ocrx_word' id='word_1_346' title='bbox 3453 1656 3534 1708; x_wconf 86' lang='grc' dir='ltr'>ὅτι</span> 
     </span>
    </p>
   </div>
   <div class='ocr_carea' id='block_1_45' title="bbox 1887 1741 3534 1818">
    <p class='ocr_par' dir='ltr' id='par_1_45' title="bbox 1887 1741 3534 1818">
     <span class='ocr_line' id='line_1_45' title="bbox 1887 1741 3534 1818; baseline -0.001 -20"><span class='ocrx_word' id='word_1_347' title='bbox 1887 1745 2011 1798; x_wconf 74' lang='grc' dir='ltr'>αὐτὸ</span> <span class='ocrx_word' id='word_1_348' title='bbox 2039 1746 2342 1818; x_wconf 75' lang='grc' dir='ltr'>ἠφάνισται·</span> <span class='ocrx_word' id='word_1_349' title='bbox 2396 1745 2531 1803; x_wconf 77' lang='grc' dir='ltr'>ὥστε</span> <span class='ocrx_word' id='word_1_350' title='bbox 2575 1746 2634 1796; x_wconf 88' lang='grc' dir='ltr'>τὸ</span> <span class='ocrx_word' id='word_1_351' title='bbox 2685 1746 2774 1817; x_wconf 71' lang='grc' dir='ltr'>μὲν</span> <span class='ocrx_word' id='word_1_352' title='bbox 2829 1742 3130 1816; x_wconf 87' lang='grc' dir='ltr'>ἀναγκαῖον,</span> <span class='ocrx_word' id='word_1_353' title='bbox 3179 1748 3237 1797; x_wconf 84' lang='grc' dir='ltr'><strong>τό</strong></span> <span class='ocrx_word' id='word_1_354' title='bbox 3287 1741 3346 1797; x_wconf 70' lang='grc' dir='ltr'><strong>δὲ</strong></span> <span class='ocrx_word' id='word_1_355' title='bbox 3396 1749 3534 1818; x_wconf 79' lang='grc' dir='ltr'>χρὴ-</span> 
     </span>
    </p>
   </div>
   <div class='ocr_carea' id='block_1_46' title="bbox 1889 1829 3536 1907">
    <p class='ocr_par' dir='ltr' id='par_1_46' title="bbox 1889 1829 3536 1907">
     <span class='ocr_line' id='line_1_46' title="bbox 1889 1829 3536 1907; baseline 0 -21"><span class='ocrx_word' id='word_1_356' title='bbox 1889 1854 2060 1907; x_wconf 70' lang='grc' dir='ltr'>σιμονυ</span> <span class='ocrx_word' id='word_1_357' title='bbox 2113 1839 2461 1907; x_wconf 84' lang='grc' dir='ltr'>φυσικώτερον</span> <span class='ocrx_word' id='word_1_358' title='bbox 2517 1829 2572 1886; x_wconf 74' lang='grc' dir='ltr'><strong>δ’</strong></span> <span class='ocrx_word' id='word_1_359' title='bbox 2622 1835 2735 1885; x_wconf 85' lang='grc' dir='ltr'>ἔστι</span> <span class='ocrx_word' id='word_1_360' title='bbox 2786 1836 2845 1886; x_wconf 87' lang='grc' dir='ltr'>τὸ</span> <span class='ocrx_word' id='word_1_361' title='bbox 2888 1831 3167 1905; x_wconf 79' lang='grc' dir='ltr'>ἀναγκαῖον</span> <span class='ocrx_word' id='word_1_362' title='bbox 3214 1831 3313 1885; x_wconf 79' lang='grc' dir='ltr'>ἀεί·</span> <span class='ocrx_word' id='word_1_363' title='bbox 3384 1853 3536 1906; x_wconf 82' lang='grc' dir='ltr'>φυσι-</span> 
     </span>
    </p>
   </div>
   <div class='ocr_carea' id='block_1_47' title="bbox 1885 1919 3536 1998">
    <p class='ocr_par' dir='ltr' id='par_1_47' title="bbox 1885 1919 3536 1998">
     <span class='ocr_line' id='line_1_47' title="bbox 1885 1919 3536 1998; baseline 0 -23"><span class='ocrx_word' id='word_1_364' title='bbox 1885 1929 2104 1998; x_wconf 78' lang='grc' dir='ltr'>κώτερον</span> <span class='ocrx_word' id='word_1_365' title='bbox 2148 1924 2249 1995; x_wconf 80' lang='grc' dir='ltr'>ἄρα</span> <span class='ocrx_word' id='word_1_366' title='bbox 2298 1941 2386 1974; x_wconf 91' lang='grc' dir='ltr'><strong>και</strong></span> <span class='ocrx_word' id='word_1_367' title='bbox 2433 1925 2492 1973; x_wconf 85' lang='grc' dir='ltr'><strong>τό</strong></span> <span class='ocrx_word' id='word_1_368' title='bbox 2538 1924 2791 1994; x_wconf 85' lang='grc' dir='ltr'>μουσικόν</span> <span class='ocrx_word' id='word_1_369' title='bbox 2840 1929 2932 1974; x_wconf 85' lang='grc' dir='ltr'>τοῦ</span> <span class='ocrx_word' id='word_1_370' title='bbox 2980 1923 3284 1994; x_wconf 77' lang='grc' dir='ltr'>ὑφαντικοῦ.</span> <span class='ocrx_word' id='word_1_371' title='bbox 3354 1922 3414 1975; x_wconf 83' lang='grc' dir='ltr'><strong>Εἰ</strong></span> <span class='ocrx_word' id='word_1_372' title='bbox 3475 1919 3536 1975; x_wconf 76' lang='grc' dir='ltr'>δέ</span> 
     </span>
    </p>
   </div>
   <div class='ocr_carea' id='block_1_48' title="bbox 1885 2007 3536 2084">
    <p class='ocr_par' dir='ltr' id='par_1_48' title="bbox 1885 2007 3536 2084">
     <span class='ocr_line' id='line_1_48' title="bbox 1885 2007 3536 2084; baseline -0.001 -19"><span class='ocrx_word' id='word_1_373' title='bbox 1885 2031 1966 2073; x_wconf 81' lang='grc' dir='ltr'><strong>τις</strong></span> <span class='ocrx_word' id='word_1_374' title='bbox 2004 2012 2097 2065; x_wconf 65' lang='grc' dir='ltr'>οὐκ</span> <span class='ocrx_word' id='word_1_375' title='bbox 2141 2007 2274 2078; x_wconf 71' lang='grc' dir='ltr'>οἶδε,</span> <span class='ocrx_word' id='word_1_376' title='bbox 2326 2015 2379 2062; x_wconf 88' lang='grc' dir='ltr'><strong>τί</strong></span> <span class='ocrx_word' id='word_1_377' title='bbox 2427 2009 2572 2072; x_wconf 83' lang='grc' dir='ltr'>τάξις</span> <span class='ocrx_word' id='word_1_378' title='bbox 2633 2029 2722 2062; x_wconf 87' lang='grc' dir='ltr'><strong>και</strong></span> <span class='ocrx_word' id='word_1_379' title='bbox 2777 2016 3070 2084; x_wconf 88' lang='grc' dir='ltr'>συμφωνία,</span> <span class='ocrx_word' id='word_1_380' title='bbox 3122 2010 3398 2073; x_wconf 78' lang='grc' dir='ltr'>ἐξεταζέτω</span> <span class='ocrx_word' id='word_1_381' title='bbox 3469 2013 3536 2064; x_wconf 84' lang='grc' dir='ltr'>τὰ</span> 
     </span>
    </p>
   </div>
   <div class='ocr_carea' id='block_1_49' title="bbox 1877 2096 3531 2175">
    <p class='ocr_par' dir='ltr' id='par_1_49' title="bbox 1877 2096 3531 2175">
     <span class='ocr_line' id='line_1_49' title="bbox 1877 2096 3531 2175; baseline -0.003 -19"><span class='ocrx_word' id='word_1_382' title='bbox 1877 2105 1995 2175; x_wconf 87' lang='grc' dir='ltr'>περί</span> <span class='ocrx_word' id='word_1_383' title='bbox 2033 2106 2126 2159; x_wconf 78' lang='grc' dir='ltr'>τὴν</span> <span class='ocrx_word' id='word_1_384' title='bbox 2185 2101 2464 2171; x_wconf 71' lang='grc' dir='ltr'>ὑφαντικὴν</span> <span class='ocrx_word' id='word_1_385' title='bbox 2499 2121 2511 2133; x_wconf 91' lang='grc'><strong>·</strong></span> <span class='ocrx_word' id='word_1_386' title='bbox 2555 2100 2768 2173; x_wconf 70' lang='grc' dir='ltr'>εὑρήσει</span> <span class='ocrx_word' id='word_1_387' title='bbox 2834 2096 2894 2152; x_wconf 70' lang='grc' dir='ltr'><strong>δὲ</strong></span> <span class='ocrx_word' id='word_1_388' title='bbox 2979 2119 3069 2152; x_wconf 89' lang='grc' dir='ltr'><strong>και</strong></span> <span class='ocrx_word' id='word_1_389' title='bbox 3119 2103 3420 2173; x_wconf 86' lang='grc' dir='ltr'>συμφωνίαν</span> <span class='ocrx_word' id='word_1_390' title='bbox 3482 2099 3531 2151; x_wconf 82' lang='grc' dir='ltr'>ἐν</span> 
     </span>
    </p>
   </div>
   <div class='ocr_carea' id='block_1_50' title="bbox 1889 2185 3535 2264">
    <p class='ocr_par' dir='ltr' id='par_1_50' title="bbox 1889 2185 3535 2264">
     <span class='ocr_line' id='line_1_50' title="bbox 1889 2185 3535 2264; baseline -0.003 -20"><span class='ocrx_word' id='word_1_391' title='bbox 1889 2191 2018 2264; x_wconf 75' lang='grc' dir='ltr'>αὐτῇ</span> <span class='ocrx_word' id='word_1_392' title='bbox 2066 2190 2226 2242; x_wconf 75' lang='grc' dir='ltr'>οὖσαν</span> <span class='ocrx_word' id='word_1_393' title='bbox 2274 2209 2362 2241; x_wconf 89' lang='grc' dir='ltr'><strong>και</strong></span> <span class='ocrx_word' id='word_1_394' title='bbox 2405 2189 2570 2251; x_wconf 82' lang='grc' dir='ltr'>τάξιν.</span> <span class='ocrx_word' id='word_1_395' title='bbox 2626 2196 2727 2242; x_wconf 84' lang='grc' dir='ltr'>Και</span> <span class='ocrx_word' id='word_1_396' title='bbox 2777 2196 2929 2242; x_wconf 81' lang='grc' dir='ltr'>τοῦτο</span> <span class='ocrx_word' id='word_1_397' title='bbox 2980 2185 3267 2262; x_wconf 75' lang='grc' dir='ltr'>πρόδηλον.</span> <span class='ocrx_word' id='word_1_398' title='bbox 3309 2188 3383 2241; x_wconf 78' lang='grc' dir='ltr'><strong>Οὐ</strong></span> <span class='ocrx_word' id='word_1_399' title='bbox 3433 2192 3535 2262; x_wconf 82' lang='grc' dir='ltr'>μήν</span> 
     </span>
    </p>
   </div>
   <div class='ocr_carea' id='block_1_51' title="bbox 1889 2275 3537 2351">
    <p class='ocr_par' dir='ltr' id='par_1_51' title="bbox 1889 2275 3537 2351">
     <span class='ocr_line' id='line_1_51' title="bbox 1889 2275 3537 2351; baseline -0.003 -17"><span class='ocrx_word' id='word_1_400' title='bbox 1889 2278 1967 2348; x_wconf 64' lang='grc' dir='ltr'><strong>δὲ,</strong></span> <span class='ocrx_word' id='word_1_401' title='bbox 1995 2278 2122 2332; x_wconf 83' lang='grc' dir='ltr'>ἀλλά</span> <span class='ocrx_word' id='word_1_402' title='bbox 2164 2298 2255 2330; x_wconf 88' lang='grc' dir='ltr'><strong>και</strong></span> <span class='ocrx_word' id='word_1_403' title='bbox 2298 2283 2416 2351; x_wconf 87' lang='grc' dir='ltr'>περί</span> <span class='ocrx_word' id='word_1_404' title='bbox 2464 2279 2552 2338; x_wconf 87' lang='grc' dir='ltr'><strong>τάς</strong></span> <span class='ocrx_word' id='word_1_405' title='bbox 2601 2275 2886 2351; x_wconf 76' lang='grc' dir='ltr'>οἰκοδομάς</span> <span class='ocrx_word' id='word_1_406' title='bbox 2943 2280 3078 2331; x_wconf 77' lang='grc' dir='ltr'>κατά</span> <span class='ocrx_word' id='word_1_407' title='bbox 3129 2281 3216 2330; x_wconf 82' lang='grc' dir='ltr'><strong>τόν</strong></span> <span class='ocrx_word' id='word_1_408' title='bbox 3261 2277 3416 2330; x_wconf 72' lang='grc' dir='ltr'>αὐτὸν</span> <span class='ocrx_word' id='word_1_409' title='bbox 3452 2277 3537 2330; x_wconf 88' lang='grc' dir='ltr'>λό-</span> 
     </span>
    </p>
   </div>
   <div class='ocr_carea' id='block_1_52' title="bbox 1887 2364 3538 2443">
    <p class='ocr_par' dir='ltr' id='par_1_52' title="bbox 1887 2364 3538 2443">
     <span class='ocr_line' id='line_1_52' title="bbox 1887 2364 3538 2443; baseline -0.002 -20"><span class='ocrx_word' id='word_1_410' title='bbox 1887 2390 1997 2443; x_wconf 88' lang='grc' dir='ltr'>γον.</span> <span class='ocrx_word' id='word_1_411' title='bbox 2057 2373 2157 2422; x_wconf 82' lang='grc' dir='ltr'>Καί</span> <span class='ocrx_word' id='word_1_412' title='bbox 2216 2371 2518 2440; x_wconf 76' lang='grc' dir='ltr'>πανταχόσε</span> <span class='ocrx_word' id='word_1_413' title='bbox 2572 2370 2631 2419; x_wconf 90' lang='grc' dir='ltr'><strong>τό</strong></span> <span class='ocrx_word' id='word_1_414' title='bbox 2692 2364 2751 2420; x_wconf 66' lang='grc' dir='ltr'><strong>δὲ</strong></span> <span class='ocrx_word' id='word_1_415' title='bbox 2801 2376 2898 2430; x_wconf 82' lang='grc' dir='ltr'>τῆς</span> <span class='ocrx_word' id='word_1_416' title='bbox 2970 2367 3157 2431; x_wconf 84' lang='grc' dir='ltr'>τάξεως</span> <span class='ocrx_word' id='word_1_417' title='bbox 3238 2372 3538 2443; x_wconf 86' lang='grc' dir='ltr'>τιμιώτερον</span> 
     </span>
    </p>
   </div>
   <div class='ocr_carea' id='block_1_53' title="bbox 1887 2457 3538 2532">
    <p class='ocr_par' dir='ltr' id='par_1_53' title="bbox 1887 2457 3538 2532">
     <span class='ocr_line' id='line_1_53' title="bbox 1887 2457 3538 2532; baseline -0.004 -19"><span class='ocrx_word' id='word_1_418' title='bbox 1887 2479 1978 2513; x_wconf 87' lang='grc' dir='ltr'><strong>και</strong></span> <span class='ocrx_word' id='word_1_419' title='bbox 2026 2467 2121 2520; x_wconf 87' lang='grc' dir='ltr'>τῆς</span> <span class='ocrx_word' id='word_1_420' title='bbox 2167 2461 2485 2530; x_wconf 84' lang='grc' dir='ltr'>συμφωνίας,</span> <span class='ocrx_word' id='word_1_421' title='bbox 2537 2459 2618 2509; x_wconf 85' lang='grc' dir='ltr'>ὅτι</span> <span class='ocrx_word' id='word_1_422' title='bbox 2678 2477 2768 2510; x_wconf 87' lang='grc' dir='ltr'><strong>και</strong></span> <span class='ocrx_word' id='word_1_423' title='bbox 2824 2457 2978 2510; x_wconf 73' lang='grc' dir='ltr'>αὐτόν</span> <span class='ocrx_word' id='word_1_424' title='bbox 3031 2457 3246 2532; x_wconf 71' lang='grc' dir='ltr'>οὐρανόν</span> <span class='ocrx_word' id='word_1_425' title='bbox 3293 2476 3384 2509; x_wconf 84' lang='grc' dir='ltr'><strong>και</strong></span> <span class='ocrx_word' id='word_1_426' title='bbox 3439 2465 3538 2528; x_wconf 79' lang='grc' dir='ltr'>γῆν</span> 
     </span>
    </p>
   </div>
   <div class='ocr_carea' id='block_1_54' title="bbox 1887 2543 3541 2620">
    <p class='ocr_par' dir='ltr' id='par_1_54' title="bbox 1887 2543 3541 2620">
     <span class='ocr_line' id='line_1_54' title="bbox 1887 2543 3541 2620; baseline -0.003 -18"><span class='ocrx_word' id='word_1_427' title='bbox 1887 2569 1976 2602; x_wconf 91' lang='grc' dir='ltr'><strong>και</strong></span> <span class='ocrx_word' id='word_1_428' title='bbox 2007 2549 2285 2620; x_wconf 73' lang='grc' dir='ltr'>σύμπαντα</span> <span class='ocrx_word' id='word_1_429' title='bbox 2326 2550 2544 2618; x_wconf 85' lang='grc' dir='ltr'>κόσμον,</span> <span class='ocrx_word' id='word_1_430' title='bbox 2601 2546 2730 2618; x_wconf 83' lang='grc' dir='ltr'>λέγω</span> <span class='ocrx_word' id='word_1_431' title='bbox 2773 2543 2840 2605; x_wconf 74' lang='grc' dir='ltr'><strong>δὴ</strong></span> <span class='ocrx_word' id='word_1_432' title='bbox 2910 2555 3010 2599; x_wconf 85' lang='grc' dir='ltr'>τῶν</span> <span class='ocrx_word' id='word_1_433' title='bbox 3070 2545 3125 2610; x_wconf 85' lang='grc' dir='ltr'>ἐξ</span> <span class='ocrx_word' id='word_1_434' title='bbox 3182 2545 3400 2619; x_wconf 78' lang='grc' dir='ltr'>οὐρανοῦ</span> <span class='ocrx_word' id='word_1_435' title='bbox 3451 2564 3541 2597; x_wconf 83' lang='grc' dir='ltr'><strong>και</strong></span> 
     </span>
    </p>
   </div>
   <div class='ocr_carea' id='block_1_55' title="bbox 1887 2635 3541 2713">
    <p class='ocr_par' dir='ltr' id='par_1_55' title="bbox 1887 2635 3541 2713">
     <span class='ocr_line' id='line_1_55' title="bbox 1887 2635 3541 2713; baseline -0.001 -25"><span class='ocrx_word' id='word_1_436' title='bbox 1887 2647 1986 2713; x_wconf 81' lang='grc' dir='ltr'>γῆς</span> <span class='ocrx_word' id='word_1_437' title='bbox 2029 2657 2120 2690; x_wconf 87' lang='grc' dir='ltr'><strong>και</strong></span> <span class='ocrx_word' id='word_1_438' title='bbox 2185 2638 2386 2689; x_wconf 82' lang='grc' dir='ltr'>πάντων</span> <span class='ocrx_word' id='word_1_439' title='bbox 2443 2643 2543 2688; x_wconf 83' lang='grc' dir='ltr'>τῶν</span> <span class='ocrx_word' id='word_1_440' title='bbox 2596 2637 2685 2688; x_wconf 81' lang='grc' dir='ltr'>ὑπ’</span> <span class='ocrx_word' id='word_1_441' title='bbox 2762 2635 2932 2689; x_wconf 80' lang='grc' dir='ltr'>αὐτῶν</span> <span class='ocrx_word' id='word_1_442' title='bbox 2997 2640 3380 2709; x_wconf 82' lang='grc' dir='ltr'>περιεχομένων</span> <span class='ocrx_word' id='word_1_443' title='bbox 3451 2652 3541 2687; x_wconf 87' lang='grc' dir='ltr'><strong>και</strong></span> 
     </span>
    </p>
   </div>
   <div class='ocr_carea' id='block_1_56' title="bbox 133 2803 3544 2889">
    <p class='ocr_par' dir='ltr' id='par_1_56' title="bbox 133 2803 3544 2889">
     <span class='ocr_line' id='line_1_56' title="bbox 133 2803 3544 2889; baseline -0.001 -17"><span class='ocrx_word' id='word_1_444' title='bbox 133 2814 496 2889; x_wconf 85' lang='lat' dir='ltr'><strong>prietatibus,</strong></span> <span class='ocrx_word' id='word_1_445' title='bbox 552 2816 914 2887; x_wconf 89' lang='lat' dir='ltr'><strong>pertractare</strong></span> <span class='ocrx_word' id='word_1_446' title='bbox 949 2813 1449 2884; x_wconf 82' lang='lat' dir='ltr'><strong>constituerimus,</strong></span> <span class='ocrx_word' id='word_1_447' title='bbox 1484 2816 1630 2870; x_wconf 87' lang='lat' dir='ltr'><strong>Sunt</strong></span> <span class='ocrx_word' id='word_1_448' title='bbox 1683 2827 1784 2870; x_wconf 89' lang='lat' dir='ltr'><strong>au-</strong></span> <span class='ocrx_word' id='word_1_449' title='bbox 1814 2803 1862 2858; x_wconf 84' lang='grc' dir='ltr'><strong>Α</strong></span> <span class='ocrx_word' id='word_1_450' title='bbox 1894 2810 2207 2872; x_wconf 71' lang='lat' dir='ltr'><strong>textoriam</strong></span> <span class='ocrx_word' id='word_1_451' title='bbox 2237 2817 2447 2883; x_wconf 81' lang='lat' dir='ltr'><strong>artem,</strong></span> <span class='ocrx_word' id='word_1_452' title='bbox 2478 2827 2614 2886; x_wconf 67' lang='lat' dir='ltr'><strong>quae</strong></span> <span class='ocrx_word' id='word_1_453' title='bbox 2641 2816 2782 2870; x_wconf 90' lang='lat' dir='ltr'><strong>sunt</strong></span> <span class='ocrx_word' id='word_1_454' title='bbox 2809 2813 3070 2870; x_wconf 77' lang='lat' dir='ltr'><strong>textoriae</strong></span> <span class='ocrx_word' id='word_1_455' title='bbox 3087 2831 3104 2884; x_wconf 83' lang='lat'>;</span> <span class='ocrx_word' id='word_1_456' title='bbox 3134 2817 3190 2869; x_wconf 90' lang='lat' dir='ltr'><strong>et</strong></span> <span class='ocrx_word' id='word_1_457' title='bbox 3217 2812 3423 2870; x_wconf 88' lang='lat' dir='ltr'><strong>omnia</strong></span> <span class='ocrx_word' id='word_1_458' title='bbox 3441 2811 3544 2869; x_wconf 90' lang='lat' dir='ltr'><strong>illa</strong></span> 
     </span>
    </p>
   </div>
   <div class='ocr_carea' id='block_1_57' title="bbox 131 2902 1785 2974">
    <p class='ocr_par' dir='ltr' id='par_1_57' title="bbox 131 2902 1785 2974">
     <span class='ocr_line' id='line_1_57' title="bbox 131 2902 1785 2974; baseline -0.001 -13"><span class='ocrx_word' id='word_1_459' title='bbox 131 2909 254 2961; x_wconf 91' lang='lat' dir='ltr'><strong>tem</strong></span> <span class='ocrx_word' id='word_1_460' title='bbox 281 2905 483 2961; x_wconf 87' lang='lat' dir='ltr'><strong>omnia</strong></span> <span class='ocrx_word' id='word_1_461' title='bbox 510 2903 571 2960; x_wconf 90' lang='lat' dir='ltr'><strong>in</strong></span> <span class='ocrx_word' id='word_1_462' title='bbox 595 2907 833 2974; x_wconf 88' lang='lat' dir='ltr'><strong>natura,</strong></span> <span class='ocrx_word' id='word_1_463' title='bbox 867 2906 923 2959; x_wconf 91' lang='lat' dir='ltr'><strong>et</strong></span> <span class='ocrx_word' id='word_1_464' title='bbox 963 2903 1159 2959; x_wconf 88' lang='lat' dir='ltr'><strong>omnis</strong></span> <span class='ocrx_word' id='word_1_465' title='bbox 1224 2919 1324 2959; x_wconf 90' lang='lat' dir='ltr'><strong>ars</strong></span> <span class='ocrx_word' id='word_1_466' title='bbox 1373 2902 1486 2958; x_wconf 91' lang='lat' dir='ltr'><strong>sub</strong></span> <span class='ocrx_word' id='word_1_467' title='bbox 1539 2902 1785 2959; x_wconf 89' lang='lat' dir='ltr'><strong>scientia</strong></span> 
     </span>
    </p>
   </div>
   <div class='ocr_carea' id='block_1_58' title="bbox 130 2992 1783 3066">
    <p class='ocr_par' dir='ltr' id='par_1_58' title="bbox 130 2992 1783 3066">
     <span class='ocr_line' id='line_1_58' title="bbox 130 2992 1783 3066; baseline -0.004 -15"><span class='ocrx_word' id='word_1_468' title='bbox 130 2992 674 3066; x_wconf 81' lang='lat' dir='ltr'><strong>comprehenditur.</strong></span> <span class='ocrx_word' id='word_1_469' title='bbox 708 2992 994 3048; x_wconf 83' lang='lat' dir='ltr'><strong>Differth</strong></span> <span class='ocrx_word' id='word_1_470' title='bbox 1022 2996 1223 3048; x_wconf 87' lang='lat' dir='ltr'><strong>autem</strong></span> <span class='ocrx_word' id='word_1_471' title='bbox 1244 2992 1395 3048; x_wconf 88' lang='lat' dir='ltr'><strong>inter</strong></span> <span class='ocrx_word' id='word_1_472' title='bbox 1424 3008 1486 3048; x_wconf 90' lang='lat' dir='ltr'><strong>se</strong></span> <span class='ocrx_word' id='word_1_473' title='bbox 1517 2997 1619 3048; x_wconf 89' lang='lat' dir='ltr'><strong>aut</strong></span> <span class='ocrx_word' id='word_1_474' title='bbox 1638 3007 1783 3065; x_wconf 74' lang='lat' dir='ltr'><strong>prie-</strong></span> 
     </span>
    </p>
   </div>
   <div class='ocr_carea' id='block_1_59' title="bbox 130 3081 1784 3155">
    <p class='ocr_par' dir='ltr' id='par_1_59' title="bbox 130 3081 1784 3155">
     <span class='ocr_line' id='line_1_59' title="bbox 130 3081 1784 3155; baseline -0.002 -15"><span class='ocrx_word' id='word_1_475' title='bbox 130 3084 368 3154; x_wconf 89' lang='lat' dir='ltr'><strong>stantia,</strong></span> <span class='ocrx_word' id='word_1_476' title='bbox 401 3089 502 3140; x_wconf 92' lang='lat' dir='ltr'><strong>aut</strong></span> <span class='ocrx_word' id='word_1_477' title='bbox 534 3083 820 3155; x_wconf 86' lang='lat' dir='ltr'><strong>qualitate</strong></span> <span class='ocrx_word' id='word_1_478' title='bbox 841 3087 944 3139; x_wconf 91' lang='lat' dir='ltr'><strong>aut</strong></span> <span class='ocrx_word' id='word_1_479' title='bbox 960 3082 1392 3138; x_wconf 86' lang='lat' dir='ltr'><strong>consuetudine</strong></span> <span class='ocrx_word' id='word_1_480' title='bbox 1407 3086 1510 3138; x_wconf 89' lang='lat' dir='ltr'><strong>aut</strong></span> <span class='ocrx_word' id='word_1_481' title='bbox 1549 3081 1784 3154; x_wconf 90' lang='lat' dir='ltr'><strong>quanti-</strong></span> 
     </span>
    </p>
   </div>
   <div class='ocr_carea' id='block_1_60' title="bbox 130 3171 1786 3244">
    <p class='ocr_par' dir='ltr' id='par_1_60' title="bbox 130 3171 1786 3244">
     <span class='ocr_line' id='line_1_60' title="bbox 130 3171 1786 3244; baseline -0.002 -14"><span class='ocrx_word' id='word_1_482' title='bbox 130 3172 269 3230; x_wconf 85' lang='lat' dir='ltr'><strong>tatis</strong></span> <span class='ocrx_word' id='word_1_483' title='bbox 297 3171 636 3244; x_wconf 79' lang='lat' dir='ltr'><strong>aequalitate</strong></span> <span class='ocrx_word' id='word_1_484' title='bbox 658 3177 761 3228; x_wconf 88' lang='lat' dir='ltr'><strong>aut</strong></span> <span class='ocrx_word' id='word_1_485' title='bbox 785 3171 1188 3244; x_wconf 71' lang='lat' dir='ltr'><strong>inaequalitate</strong></span> <span class='ocrx_word' id='word_1_486' title='bbox 1219 3171 1669 3228; x_wconf 89' lang='lat' dir='ltr'><strong>autintensione</strong></span> <span class='ocrx_word' id='word_1_487' title='bbox 1683 3175 1786 3227; x_wconf 90' lang='lat' dir='ltr'><strong>aut</strong></span> 
     </span>
    </p>
   </div>
   <div class='ocr_carea' id='block_1_61' title="bbox 129 3259 1786 3326">
    <p class='ocr_par' dir='ltr' id='par_1_61' title="bbox 129 3259 1786 3326">
     <span class='ocr_line' id='line_1_61' title="bbox 129 3259 1786 3326; baseline 0 -10"><span class='ocrx_word' id='word_1_488' title='bbox 129 3260 478 3317; x_wconf 87' lang='lat' dir='ltr'><strong>remissione</strong></span> <span class='ocrx_word' id='word_1_489' title='bbox 519 3266 575 3316; x_wconf 90' lang='lat' dir='ltr'><strong>et</strong></span> <span class='ocrx_word' id='word_1_490' title='bbox 600 3260 730 3316; x_wconf 90' lang='lat' dir='ltr'><strong>aliis</strong></span> <span class='ocrx_word' id='word_1_491' title='bbox 757 3260 1111 3326; x_wconf 84' lang='lat' dir='ltr'><strong>rationibus,</strong></span> <span class='ocrx_word' id='word_1_492' title='bbox 1140 3263 1206 3316; x_wconf 93' lang='lat' dir='ltr'><strong>ut</strong></span> <span class='ocrx_word' id='word_1_493' title='bbox 1236 3260 1498 3317; x_wconf 89' lang='lat' dir='ltr'><strong>Corinthi</strong></span> <span class='ocrx_word' id='word_1_494' title='bbox 1552 3259 1786 3316; x_wconf 87' lang='lat' dir='ltr'><strong>musica</strong></span> 
     </span>
    </p>
   </div>
   <div class='ocr_carea' id='block_1_62' title="bbox 127 3348 1786 3422">
    <p class='ocr_par' dir='ltr' id='par_1_62' title="bbox 127 3348 1786 3422">
     <span class='ocr_line' id='line_1_62' title="bbox 127 3348 1786 3422; baseline -0.001 -16"><span class='ocrx_word' id='word_1_495' title='bbox 127 3350 195 3407; x_wconf 88' lang='lat' dir='ltr'><strong>in</strong></span> <span class='ocrx_word' id='word_1_496' title='bbox 213 3350 395 3422; x_wconf 88' lang='lat' dir='ltr'><strong>pretio</strong></span> <span class='ocrx_word' id='word_1_497' title='bbox 412 3350 684 3420; x_wconf 90' lang='lat' dir='ltr'><strong>habetur,</strong></span> <span class='ocrx_word' id='word_1_498' title='bbox 704 3350 766 3405; x_wconf 91' lang='lat' dir='ltr'><strong>in</strong></span> <span class='ocrx_word' id='word_1_499' title='bbox 777 3349 1356 3419; x_wconf 83' lang='lat' dir='ltr'><strong>Thessaliatextoria,</strong></span> <span class='ocrx_word' id='word_1_500' title='bbox 1375 3349 1583 3405; x_wconf 75' lang='lat' dir='ltr'><strong>Nicaeae</strong></span> <span class='ocrx_word' id='word_1_501' title='bbox 1597 3348 1786 3421; x_wconf 91' lang='lat' dir='ltr'><strong>philo-</strong></span> 
     </span>
    </p>
   </div>
   <div class='ocr_carea' id='block_1_63' title="bbox 130 3438 1786 3510">
    <p class='ocr_par' dir='ltr' id='par_1_63' title="bbox 130 3438 1786 3510">
     <span class='ocr_line' id='line_1_63' title="bbox 130 3438 1786 3510; baseline -0.001 -16"><span class='ocrx_word' id='word_1_502' title='bbox 130 3439 366 3510; x_wconf 81' lang='lat' dir='ltr'><strong>sophia,</strong></span> <span class='ocrx_word' id='word_1_503' title='bbox 394 3438 813 3510; x_wconf 83' lang='lat' dir='ltr'><strong>Philadelphiae</strong></span> <span class='ocrx_word' id='word_1_504' title='bbox 837 3439 1107 3494; x_wconf 87' lang='lat' dir='ltr'><strong>coriaria.</strong></span> <span class='ocrx_word' id='word_1_505' title='bbox 1140 3441 1274 3494; x_wconf 69' lang='lat' dir='ltr'><strong>Haec</strong></span> <span class='ocrx_word' id='word_1_506' title='bbox 1311 3438 1516 3494; x_wconf 85' lang='lat' dir='ltr'><strong>omnia</strong></span> <span class='ocrx_word' id='word_1_507' title='bbox 1548 3438 1627 3493; x_wconf 91' lang='lat' dir='ltr'><strong>ad</strong></span> <span class='ocrx_word' id='word_1_508' title='bbox 1657 3453 1786 3493; x_wconf 90' lang='lat' dir='ltr'><strong>eru-</strong></span> 
     </span>
    </p>
   </div>
   <div class='ocr_carea' id='block_1_64' title="bbox 133 3526 1784 3600">
    <p class='ocr_par' dir='ltr' id='par_1_64' title="bbox 133 3526 1784 3600">
     <span class='ocr_line' id='line_1_64' title="bbox 133 3526 1784 3600; baseline 0 -17"><span class='ocrx_word' id='word_1_509' title='bbox 133 3526 418 3584; x_wconf 81' lang='lat' dir='ltr'><strong>ditionem</strong></span> <span class='ocrx_word' id='word_1_510' title='bbox 438 3526 790 3599; x_wconf 87' lang='lat' dir='ltr'><strong>referuntur,</strong></span> <span class='ocrx_word' id='word_1_511' title='bbox 829 3527 936 3584; x_wconf 90' lang='lat' dir='ltr'><strong>sed</strong></span> <span class='ocrx_word' id='word_1_512' title='bbox 949 3543 1330 3600; x_wconf 82' lang='lat' dir='ltr'><strong>unaquaeque</strong></span> <span class='ocrx_word' id='word_1_513' title='bbox 1352 3527 1564 3583; x_wconf 87' lang='lat' dir='ltr'><strong>civitas</strong></span> <span class='ocrx_word' id='word_1_514' title='bbox 1593 3527 1784 3599; x_wconf 91' lang='lat' dir='ltr'><strong>pretio</strong></span> 
     </span>
    </p>
   </div>
   <div class='ocr_carea' id='block_1_65' title="bbox 130 3615 1788 3689">
    <p class='ocr_par' dir='ltr' id='par_1_65' title="bbox 130 3615 1788 3689">
     <span class='ocr_line' id='line_1_65' title="bbox 130 3615 1788 3689; baseline 0.001 -18"><span class='ocrx_word' id='word_1_515' title='bbox 130 3615 386 3686; x_wconf 84' lang='lat' dir='ltr'><strong>dignum</strong></span> <span class='ocrx_word' id='word_1_516' title='bbox 415 3621 583 3688; x_wconf 88' lang='lat' dir='ltr'><strong>putat</strong></span> <span class='ocrx_word' id='word_1_517' title='bbox 610 3616 759 3672; x_wconf 89' lang='lat' dir='ltr'><strong>illud</strong></span> <span class='ocrx_word' id='word_1_518' title='bbox 789 3617 952 3689; x_wconf 91' lang='lat' dir='ltr'><strong>quod</strong></span> <span class='ocrx_word' id='word_1_519' title='bbox 985 3617 1045 3672; x_wconf 90' lang='lat' dir='ltr'><strong>in</strong></span> <span class='ocrx_word' id='word_1_520' title='bbox 1078 3617 1788 3689; x_wconf 81' lang='lat' dir='ltr'><strong>pretiohabet.Differunt</strong></span> 
     </span>
    </p>
   </div>
   <div class='ocr_carea' id='block_1_66' title="bbox 125 3706 1788 3780">
    <p class='ocr_par' dir='ltr' id='par_1_66' title="bbox 125 3706 1788 3780">
     <span class='ocr_line' id='line_1_66' title="bbox 125 3706 1788 3780; baseline 0 -17"><span class='ocrx_word' id='word_1_521' title='bbox 125 3706 315 3763; x_wconf 86' lang='lat' dir='ltr'><strong>etiam</strong></span> <span class='ocrx_word' id='word_1_522' title='bbox 344 3706 648 3778; x_wconf 85' lang='lat' dir='ltr'><strong>qualitate,</strong></span> <span class='ocrx_word' id='word_1_523' title='bbox 662 3707 799 3762; x_wconf 92' lang='lat' dir='ltr'><strong>utid</strong></span> <span class='ocrx_word' id='word_1_524' title='bbox 810 3707 976 3780; x_wconf 89' lang='lat' dir='ltr'><strong>quod</strong></span> <span class='ocrx_word' id='word_1_525' title='bbox 989 3706 1262 3762; x_wconf 88' lang='lat' dir='ltr'><strong>estdulce</strong></span> <span class='ocrx_word' id='word_1_526' title='bbox 1277 3707 1582 3779; x_wconf 87' lang='lat' dir='ltr'><strong>qualitatis</strong></span> <span class='ocrx_word' id='word_1_527' title='bbox 1605 3711 1714 3773; x_wconf 90' lang='lat' dir='ltr'><strong>est,</strong></span> <span class='ocrx_word' id='word_1_528' title='bbox 1731 3711 1788 3763; x_wconf 91' lang='lat' dir='ltr'><strong>et</strong></span> 
     </span>
    </p>
   </div>
   <div class='ocr_carea' id='block_1_67' title="bbox 122 3795 1787 3868">
    <p class='ocr_par' dir='ltr' id='par_1_67' title="bbox 122 3795 1787 3868">
     <span class='ocr_line' id='line_1_67' title="bbox 122 3795 1787 3868; baseline 0.001 -18"><span class='ocrx_word' id='word_1_529' title='bbox 122 3795 298 3868; x_wconf 86' lang='lat' dir='ltr'><strong>quod</strong></span> <span class='ocrx_word' id='word_1_530' title='bbox 318 3800 406 3851; x_wconf 89' lang='lat' dir='ltr'><strong>est</strong></span> <span class='ocrx_word' id='word_1_531' title='bbox 434 3795 659 3851; x_wconf 88' lang='lat' dir='ltr'><strong>salsum</strong></span> <span class='ocrx_word' id='word_1_532' title='bbox 694 3800 783 3851; x_wconf 91' lang='lat' dir='ltr'><strong>est</strong></span> <span class='ocrx_word' id='word_1_533' title='bbox 807 3811 1050 3868; x_wconf 89' lang='lat' dir='ltr'><strong>quoque</strong></span> <span class='ocrx_word' id='word_1_534' title='bbox 1096 3795 1417 3867; x_wconf 85' lang='lat' dir='ltr'><strong>qualitatis.</strong></span> <span class='ocrx_word' id='word_1_535' title='bbox 1490 3795 1604 3852; x_wconf 91' lang='lat' dir='ltr'><strong>Sed</strong></span> <span class='ocrx_word' id='word_1_536' title='bbox 1657 3797 1787 3852; x_wconf 89' lang='lat' dir='ltr'><strong>ﬁeri</strong></span> 
     </span>
    </p>
   </div>
   <div class='ocr_carea' id='block_1_68' title="bbox 121 3883 1783 3957">
    <p class='ocr_par' dir='ltr' id='par_1_68' title="bbox 121 3883 1783 3957">
     <span class='ocr_line' id='line_1_68' title="bbox 121 3883 1783 3957; baseline 0 -17"><span class='ocrx_word' id='word_1_537' title='bbox 121 3887 327 3957; x_wconf 82' lang='lat' dir='ltr'><strong>potest</strong></span> <span class='ocrx_word' id='word_1_538' title='bbox 355 3888 420 3939; x_wconf 91' lang='lat' dir='ltr'><strong>ut</strong></span> <span class='ocrx_word' id='word_1_539' title='bbox 444 3884 607 3956; x_wconf 91' lang='lat' dir='ltr'><strong>quod</strong></span> <span class='ocrx_word' id='word_1_540' title='bbox 631 3883 794 3956; x_wconf 92' lang='lat' dir='ltr'><strong>apud</strong></span> <span class='ocrx_word' id='word_1_541' title='bbox 818 3884 1141 3940; x_wconf 89' lang='lat' dir='ltr'><strong>nonnullos</strong></span> <span class='ocrx_word' id='word_1_542' title='bbox 1161 3885 1222 3940; x_wconf 90' lang='lat' dir='ltr'><strong>in</strong></span> <span class='ocrx_word' id='word_1_543' title='bbox 1244 3883 1468 3940; x_wconf 87' lang='lat' dir='ltr'><strong>deliciis</strong></span> <span class='ocrx_word' id='word_1_544' title='bbox 1507 3885 1783 3956; x_wconf 89' lang='lat' dir='ltr'><strong>habetur,</strong></span> 
     </span>
    </p>
   </div>
   <div class='ocr_carea' id='block_1_69' title="bbox 123 3972 1786 4046">
    <p class='ocr_par' dir='ltr' id='par_1_69' title="bbox 123 3972 1786 4046">
     <span class='ocr_line' id='line_1_69' title="bbox 123 3972 1786 4046; baseline 0 -16"><span class='ocrx_word' id='word_1_545' title='bbox 123 3973 210 4030; x_wconf 89' lang='lat' dir='ltr'><strong>ab</strong></span> <span class='ocrx_word' id='word_1_546' title='bbox 243 3972 372 4028; x_wconf 89' lang='lat' dir='ltr'><strong>aliis</strong></span> <span class='ocrx_word' id='word_1_547' title='bbox 395 3988 518 4028; x_wconf 91' lang='lat' dir='ltr'><strong>non</strong></span> <span class='ocrx_word' id='word_1_548' title='bbox 547 3977 882 4046; x_wconf 88' lang='lat' dir='ltr'><strong>appetatur.</strong></span> <span class='ocrx_word' id='word_1_549' title='bbox 911 3975 1239 4045; x_wconf 91' lang='lat' dir='ltr'><strong>Utrumque</strong></span> <span class='ocrx_word' id='word_1_550' title='bbox 1270 3977 1471 4029; x_wconf 89' lang='lat' dir='ltr'><strong>autem</strong></span> <span class='ocrx_word' id='word_1_551' title='bbox 1491 3973 1568 4028; x_wconf 90' lang='lat' dir='ltr'><strong>ad</strong></span> <span class='ocrx_word' id='word_1_552' title='bbox 1593 3975 1786 4046; x_wconf 89' lang='lat' dir='ltr'><strong>quali-</strong></span> 
     </span>
    </p>
   </div>
   <div class='ocr_carea' id='block_1_70' title="bbox 119 4061 1788 4136">
    <p class='ocr_par' dir='ltr' id='par_1_70' title="bbox 119 4061 1788 4136">
     <span class='ocr_line' id='line_1_70' title="bbox 119 4061 1788 4136; baseline 0.001 -17"><span class='ocrx_word' id='word_1_553' title='bbox 119 4067 312 4119; x_wconf 91' lang='lat' dir='ltr'><strong>tatem</strong></span> <span class='ocrx_word' id='word_1_554' title='bbox 342 4061 592 4118; x_wconf 86' lang='lat' dir='ltr'><strong>refertur</strong></span> <span class='ocrx_word' id='word_1_555' title='bbox 605 4063 1070 4118; x_wconf 88' lang='lat' dir='ltr'><strong>consuetudines</strong></span> <span class='ocrx_word' id='word_1_556' title='bbox 1087 4061 1372 4118; x_wconf 78' lang='lat' dir='ltr'><strong>diﬁ‘erunt</strong></span> <span class='ocrx_word' id='word_1_557' title='bbox 1390 4067 1453 4118; x_wconf 90' lang='lat' dir='ltr'><strong>ut</strong></span> <span class='ocrx_word' id='word_1_558' title='bbox 1470 4066 1660 4118; x_wconf 85' lang='lat' dir='ltr'><strong>textor</strong></span> <span class='ocrx_word' id='word_1_559' title='bbox 1683 4064 1788 4136; x_wconf 89' lang='lat' dir='ltr'><strong>qui</strong></span> 
     </span>
    </p>
   </div>
   <div class='ocr_carea' id='block_1_71' title="bbox 122 4151 1791 4224">
    <p class='ocr_par' dir='ltr' id='par_1_71' title="bbox 122 4151 1791 4224">
     <span class='ocr_line' id='line_1_71' title="bbox 122 4151 1791 4224; baseline 0.001 -18"><span class='ocrx_word' id='word_1_560' title='bbox 122 4151 341 4207; x_wconf 90' lang='lat' dir='ltr'><strong>solitus</strong></span> <span class='ocrx_word' id='word_1_561' title='bbox 367 4155 458 4208; x_wconf 89' lang='lat' dir='ltr'><strong>est</strong></span> <span class='ocrx_word' id='word_1_562' title='bbox 479 4157 712 4224; x_wconf 92' lang='lat' dir='ltr'><strong>partem</strong></span> <span class='ocrx_word' id='word_1_563' title='bbox 737 4152 908 4223; x_wconf 90' lang='lat' dir='ltr'><strong>pensi</strong></span> <span class='ocrx_word' id='word_1_564' title='bbox 934 4152 1185 4222; x_wconf 90' lang='lat' dir='ltr'><strong>alicujus</strong></span> <span class='ocrx_word' id='word_1_565' title='bbox 1215 4157 1538 4223; x_wconf 84' lang='lat' dir='ltr'><strong>pertexere,</strong></span> <span class='ocrx_word' id='word_1_566' title='bbox 1595 4152 1791 4209; x_wconf 87' lang='lat' dir='ltr'><strong>differt</strong></span> 
     </span>
    </p>
   </div>
   <div class='ocr_carea' id='block_1_72' title="bbox 1894 2901 3544 2975">
    <p class='ocr_par' dir='ltr' id='par_1_72' title="bbox 1894 2901 3544 2975">
     <span class='ocr_line' id='line_1_72' title="bbox 1894 2901 3544 2975; baseline -0.002 -15"><span class='ocrx_word' id='word_1_567' title='bbox 1894 2905 1970 2961; x_wconf 88' lang='lat' dir='ltr'><strong>ad</strong></span> <span class='ocrx_word' id='word_1_568' title='bbox 1991 2905 2308 2960; x_wconf 87' lang='lat' dir='ltr'><strong>auriﬁcum</strong></span> <span class='ocrx_word' id='word_1_569' title='bbox 2321 2907 2528 2971; x_wconf 84' lang='lat' dir='ltr'><strong>artem,</strong></span> <span class='ocrx_word' id='word_1_570' title='bbox 2551 2918 2685 2975; x_wconf 79' lang='lat' dir='ltr'><strong>quae</strong></span> <span class='ocrx_word' id='word_1_571' title='bbox 2699 2907 2836 2959; x_wconf 90' lang='lat' dir='ltr'><strong>sunt</strong></span> <span class='ocrx_word' id='word_1_572' title='bbox 2847 2903 2986 2960; x_wconf 87' lang='lat' dir='ltr'><strong>artis</strong></span> <span class='ocrx_word' id='word_1_573' title='bbox 3003 2901 3318 2958; x_wconf 84' lang='lat' dir='ltr'><strong>aurificum</strong></span> <span class='ocrx_word' id='word_1_574' title='bbox 3335 2918 3348 2956; x_wconf 88' lang='lat'><strong>:</strong></span> <span class='ocrx_word' id='word_1_575' title='bbox 3374 2901 3544 2957; x_wconf 90' lang='lat' dir='ltr'><strong>item-</strong></span> 
     </span>
    </p>
   </div>
   <div class='ocr_carea' id='block_1_73' title="bbox 1895 2989 3543 3066">
    <p class='ocr_par' dir='ltr' id='par_1_73' title="bbox 1895 2989 3543 3066">
     <span class='ocr_line' id='line_1_73' title="bbox 1895 2989 3543 3066; baseline -0.002 -16"><span class='ocrx_word' id='word_1_576' title='bbox 1895 3009 2012 3066; x_wconf 91' lang='lat' dir='ltr'><strong>que</strong></span> <span class='ocrx_word' id='word_1_577' title='bbox 2038 3007 2416 3065; x_wconf 83' lang='lat' dir='ltr'><strong>quaecunque</strong></span> <span class='ocrx_word' id='word_1_578' title='bbox 2442 2997 2582 3048; x_wconf 89' lang='lat' dir='ltr'><strong>sunt</strong></span> <span class='ocrx_word' id='word_1_579' title='bbox 2603 2991 2830 3048; x_wconf 85' lang='lat' dir='ltr'><strong>fabrilis</strong></span> <span class='ocrx_word' id='word_1_580' title='bbox 2861 2991 3025 3063; x_wconf 90' lang='lat' dir='ltr'><strong>artis,</strong></span> <span class='ocrx_word' id='word_1_581' title='bbox 3049 2991 3128 3048; x_wconf 90' lang='lat' dir='ltr'><strong>ad</strong></span> <span class='ocrx_word' id='word_1_582' title='bbox 3152 2989 3424 3046; x_wconf 87' lang='lat' dir='ltr'><strong>fabrilem</strong></span> <span class='ocrx_word' id='word_1_583' title='bbox 3455 3005 3543 3046; x_wconf 90' lang='lat' dir='ltr'><strong>ar-</strong></span> 
     </span>
    </p>
   </div>
   <div class='ocr_carea' id='block_1_74' title="bbox 1895 3079 3545 3154">
    <p class='ocr_par' dir='ltr' id='par_1_74' title="bbox 1895 3079 3545 3154">
     <span class='ocr_line' id='line_1_74' title="bbox 1895 3079 3545 3154; baseline -0.002 -15"><span class='ocrx_word' id='word_1_584' title='bbox 1895 3088 2012 3140; x_wconf 87' lang='lat' dir='ltr'><strong>tem</strong></span> <span class='ocrx_word' id='word_1_585' title='bbox 2033 3083 2320 3154; x_wconf 89' lang='lat' dir='ltr'><strong>:denique</strong></span> <span class='ocrx_word' id='word_1_586' title='bbox 2342 3081 2552 3138; x_wconf 89' lang='lat' dir='ltr'><strong>omnia</strong></span> <span class='ocrx_word' id='word_1_587' title='bbox 2576 3080 2655 3136; x_wconf 92' lang='lat' dir='ltr'><strong>ad</strong></span> <span class='ocrx_word' id='word_1_588' title='bbox 2681 3096 2866 3137; x_wconf 91' lang='lat' dir='ltr'><strong>unam</strong></span> <span class='ocrx_word' id='word_1_589' title='bbox 2890 3095 3196 3153; x_wconf 87' lang='lat' dir='ltr'><strong>quamque</strong></span> <span class='ocrx_word' id='word_1_590' title='bbox 3226 3083 3436 3148; x_wconf 87' lang='lat' dir='ltr'><strong>artem,</strong></span> <span class='ocrx_word' id='word_1_591' title='bbox 3464 3079 3545 3136; x_wconf 93' lang='lat' dir='ltr'><strong>ad</strong></span> 
     </span>
    </p>
   </div>
   <div class='ocr_carea' id='block_1_75' title="bbox 1893 3169 3543 3245">
    <p class='ocr_par' dir='ltr' id='par_1_75' title="bbox 1893 3169 3543 3245">
     <span class='ocr_line' id='line_1_75' title="bbox 1893 3169 3543 3245; baseline -0.002 -16"><span class='ocrx_word' id='word_1_592' title='bbox 1893 3187 2080 3245; x_wconf 88' lang='lat' dir='ltr'><strong>quam</strong></span> <span class='ocrx_word' id='word_1_593' title='bbox 2116 3171 2432 3244; x_wconf 89' lang='lat' dir='ltr'><strong>pertinent,</strong></span> <span class='ocrx_word' id='word_1_594' title='bbox 2456 3171 2743 3226; x_wconf 88' lang='lat' dir='ltr'><strong>revocari.</strong></span> <span class='ocrx_word' id='word_1_595' title='bbox 2765 3169 3050 3226; x_wconf 81' lang='lat' dir='ltr'><strong>Differunt</strong></span> <span class='ocrx_word' id='word_1_596' title='bbox 3068 3173 3270 3226; x_wconf 91' lang='lat' dir='ltr'><strong>autem</strong></span> <span class='ocrx_word' id='word_1_597' title='bbox 3282 3185 3356 3225; x_wconf 83' lang='lat' dir='ltr'><strong>ex</strong></span> <span class='ocrx_word' id='word_1_598' title='bbox 3379 3184 3543 3225; x_wconf 82' lang='lat' dir='ltr'><strong>com-</strong></span> 
     </span>
    </p>
   </div>
   <div class='ocr_carea' id='block_1_76' title="bbox 1894 3258 3546 3331">
    <p class='ocr_par' dir='ltr' id='par_1_76' title="bbox 1894 3258 3546 3331">
     <span class='ocr_line' id='line_1_76' title="bbox 1894 3258 3546 3331; baseline -0.002 -14"><span class='ocrx_word' id='word_1_599' title='bbox 1894 3261 2284 3317; x_wconf 89' lang='lat' dir='ltr'><strong>munionibus</strong></span> <span class='ocrx_word' id='word_1_600' title='bbox 2316 3259 2866 3316; x_wconf 88' lang='lat' dir='ltr'><strong>etdistinctionibus</strong></span> <span class='ocrx_word' id='word_1_601' title='bbox 2887 3259 3323 3329; x_wconf 86' lang='lat' dir='ltr'><strong>categoriarum</strong></span> <span class='ocrx_word' id='word_1_602' title='bbox 3338 3275 3472 3331; x_wconf 65' lang='lat' dir='ltr'><strong>quae</strong></span> <span class='ocrx_word' id='word_1_603' title='bbox 3483 3258 3546 3314; x_wconf 90' lang='lat' dir='ltr'><strong>in</strong></span> 
     </span>
    </p>
   </div>
   <div class='ocr_carea' id='block_1_77' title="bbox 1894 3347 3546 3423">
    <p class='ocr_par' dir='ltr' id='par_1_77' title="bbox 1894 3347 3546 3423">
     <span class='ocr_line' id='line_1_77' title="bbox 1894 3347 3546 3423; baseline -0.001 -17"><span class='ocrx_word' id='word_1_604' title='bbox 1894 3349 2278 3423; x_wconf 89' lang='lat' dir='ltr'><strong>philosophia</strong></span> <span class='ocrx_word' id='word_1_605' title='bbox 2290 3349 2622 3405; x_wconf 88' lang='lat' dir='ltr'><strong>traduntur:</strong></span> <span class='ocrx_word' id='word_1_606' title='bbox 2633 3347 2740 3404; x_wconf 92' lang='lat' dir='ltr'><strong>sed</strong></span> <span class='ocrx_word' id='word_1_607' title='bbox 2755 3353 2820 3404; x_wconf 92' lang='lat' dir='ltr'><strong>ut</strong></span> <span class='ocrx_word' id='word_1_608' title='bbox 2835 3363 3043 3404; x_wconf 89' lang='lat' dir='ltr'><strong>omnes</strong></span> <span class='ocrx_word' id='word_1_609' title='bbox 3056 3347 3135 3405; x_wconf 91' lang='lat' dir='ltr'><strong>ad</strong></span> <span class='ocrx_word' id='word_1_610' title='bbox 3147 3347 3546 3404; x_wconf 89' lang='lat' dir='ltr'><strong>substantiam</strong></span> 
     </span>
    </p>
   </div>
   <div class='ocr_carea' id='block_1_78' title="bbox 1895 3437 3547 3510">
    <p class='ocr_par' dir='ltr' id='par_1_78' title="bbox 1895 3437 3547 3510">
     <span class='ocr_line' id='line_1_78' title="bbox 1895 3437 3547 3510; baseline -0.002 -15"><span class='ocrx_word' id='word_1_611' title='bbox 1895 3445 2271 3506; x_wconf 89' lang='lat' dir='ltr'><strong>revocantur,</strong></span> <span class='ocrx_word' id='word_1_612' title='bbox 2302 3438 2384 3494; x_wconf 92' lang='lat' dir='ltr'><strong>ita</strong></span> <span class='ocrx_word' id='word_1_613' title='bbox 2413 3438 2594 3494; x_wconf 89' lang='lat' dir='ltr'><strong>etiam</strong></span> <span class='ocrx_word' id='word_1_614' title='bbox 2630 3453 2766 3510; x_wconf 70' lang='lat' dir='ltr'><strong>quae</strong></span> <span class='ocrx_word' id='word_1_615' title='bbox 2806 3441 2944 3494; x_wconf 91' lang='lat' dir='ltr'><strong>sunt</strong></span> <span class='ocrx_word' id='word_1_616' title='bbox 2995 3437 3058 3494; x_wconf 89' lang='lat' dir='ltr'><strong>in</strong></span> <span class='ocrx_word' id='word_1_617' title='bbox 3115 3444 3354 3504; x_wconf 86' lang='lat' dir='ltr'><strong>natura,</strong></span> <span class='ocrx_word' id='word_1_618' title='bbox 3419 3438 3547 3492; x_wconf 85' lang='lat' dir='ltr'><strong>sive</strong></span> 
     </span>
    </p>
   </div>
   <div class='ocr_carea' id='block_1_79' title="bbox 1897 3526 3548 3600">
    <p class='ocr_par' dir='ltr' id='par_1_79' title="bbox 1897 3526 3548 3600">
     <span class='ocr_line' id='line_1_79' title="bbox 1897 3526 3548 3600; baseline -0.001 -16"><span class='ocrx_word' id='word_1_619' title='bbox 1897 3528 2172 3585; x_wconf 87' lang='lat' dir='ltr'><strong>aberrent</strong></span> <span class='ocrx_word' id='word_1_620' title='bbox 2185 3527 2511 3600; x_wconf 87' lang='lat' dir='ltr'><strong>aliquando</strong></span> <span class='ocrx_word' id='word_1_621' title='bbox 2530 3533 2721 3591; x_wconf 88' lang='lat' dir='ltr'><strong>atoto,</strong></span> <span class='ocrx_word' id='word_1_622' title='bbox 2739 3527 2860 3583; x_wconf 89' lang='lat' dir='ltr'><strong>sive</strong></span> <span class='ocrx_word' id='word_1_623' title='bbox 2879 3527 3164 3600; x_wconf 80' lang='lat' dir='ltr'><strong>aequabili</strong></span> <span class='ocrx_word' id='word_1_624' title='bbox 3177 3526 3254 3584; x_wconf 91' lang='lat' dir='ltr'><strong>ad</strong></span> <span class='ocrx_word' id='word_1_625' title='bbox 3267 3532 3548 3584; x_wconf 90' lang='lat' dir='ltr'><strong>naturam</strong></span> 
     </span>
    </p>
   </div>
   <div class='ocr_carea' id='block_1_80' title="bbox 1897 3617 3549 3684">
    <p class='ocr_par' dir='ltr' id='par_1_80' title="bbox 1897 3617 3549 3684">
     <span class='ocr_line' id='line_1_80' title="bbox 1897 3617 3549 3684; baseline -0.001 -11"><span class='ocrx_word' id='word_1_626' title='bbox 1897 3617 2298 3674; x_wconf 90' lang='lat' dir='ltr'><strong>concinnitate</strong></span> <span class='ocrx_word' id='word_1_627' title='bbox 2331 3617 2616 3684; x_wconf 85' lang='lat' dir='ltr'><strong>ferantur,</strong></span> <span class='ocrx_word' id='word_1_628' title='bbox 2645 3619 2723 3673; x_wconf 87' lang='lat' dir='ltr'><strong>ad</strong></span> <span class='ocrx_word' id='word_1_629' title='bbox 2751 3621 3030 3673; x_wconf 90' lang='lat' dir='ltr'><strong>naturam</strong></span> <span class='ocrx_word' id='word_1_630' title='bbox 3051 3618 3549 3674; x_wconf 88' lang='lat' dir='ltr'><strong>omniarevocan-</strong></span> 
     </span>
    </p>
   </div>
   <div class='ocr_carea' id='block_1_81' title="bbox 1897 3706 3550 3778">
    <p class='ocr_par' dir='ltr' id='par_1_81' title="bbox 1897 3706 3550 3778">
     <span class='ocr_line' id='line_1_81' title="bbox 1897 3706 3550 3778; baseline 0 -17"><span class='ocrx_word' id='word_1_631' title='bbox 1897 3709 2010 3762; x_wconf 92' lang='lat' dir='ltr'><strong>tur.</strong></span> <span class='ocrx_word' id='word_1_632' title='bbox 2044 3709 2220 3762; x_wconf 91' lang='lat' dir='ltr'><strong>Porro</strong></span> <span class='ocrx_word' id='word_1_633' title='bbox 2251 3721 2452 3762; x_wconf 91' lang='lat' dir='ltr'><strong>rerum</strong></span> <span class='ocrx_word' id='word_1_634' title='bbox 2481 3707 2840 3764; x_wconf 85' lang='lat' dir='ltr'><strong>naturalium</strong></span> <span class='ocrx_word' id='word_1_635' title='bbox 2864 3707 3014 3762; x_wconf 90' lang='lat' dir='ltr'><strong>ﬁnes</strong></span> <span class='ocrx_word' id='word_1_636' title='bbox 3075 3706 3173 3762; x_wconf 93' lang='lat' dir='ltr'><strong>alii</strong></span> <span class='ocrx_word' id='word_1_637' title='bbox 3227 3711 3365 3762; x_wconf 88' lang='lat' dir='ltr'><strong>sunt</strong></span> <span class='ocrx_word' id='word_1_638' title='bbox 3403 3722 3550 3778; x_wconf 63' lang='lat' dir='ltr'><strong>prae-</strong></span> 
     </span>
    </p>
   </div>
   <div class='ocr_carea' id='block_1_82' title="bbox 1898 3793 3548 3866">
    <p class='ocr_par' dir='ltr' id='par_1_82' title="bbox 1898 3793 3548 3866">
     <span class='ocr_line' id='line_1_82' title="bbox 1898 3793 3548 3866; baseline -0.001 -15"><span class='ocrx_word' id='word_1_639' title='bbox 1898 3795 2230 3860; x_wconf 86' lang='lat' dir='ltr'><strong>stantiores,</strong></span> <span class='ocrx_word' id='word_1_640' title='bbox 2265 3795 2363 3850; x_wconf 90' lang='lat' dir='ltr'><strong>alii</strong></span> <span class='ocrx_word' id='word_1_641' title='bbox 2382 3811 2524 3851; x_wconf 86' lang='lat' dir='ltr'><strong>vero</strong></span> <span class='ocrx_word' id='word_1_642' title='bbox 2553 3795 2881 3852; x_wconf 87' lang='lat' dir='ltr'><strong>inferiores.</strong></span> <span class='ocrx_word' id='word_1_643' title='bbox 2910 3797 3103 3859; x_wconf 85' lang='lat' dir='ltr'><strong>Quare</strong></span> <span class='ocrx_word' id='word_1_644' title='bbox 3148 3809 3271 3850; x_wconf 91' lang='lat' dir='ltr'><strong>non</strong></span> <span class='ocrx_word' id='word_1_645' title='bbox 3325 3793 3548 3866; x_wconf 90' lang='lat' dir='ltr'><strong>ubique</strong></span> 
     </span>
    </p>
   </div>
   <div class='ocr_carea' id='block_1_83' title="bbox 1897 3881 3548 3956">
    <p class='ocr_par' dir='ltr' id='par_1_83' title="bbox 1897 3881 3548 3956">
     <span class='ocr_line' id='line_1_83' title="bbox 1897 3881 3548 3956; baseline -0.001 -16"><span class='ocrx_word' id='word_1_646' title='bbox 1897 3885 2176 3940; x_wconf 89' lang='lat' dir='ltr'><strong>homines</strong></span> <span class='ocrx_word' id='word_1_647' title='bbox 2188 3899 2262 3939; x_wconf 80' lang='lat' dir='ltr'><strong>ex</strong></span> <span class='ocrx_word' id='word_1_648' title='bbox 2284 3899 2354 3939; x_wconf 92' lang='lat' dir='ltr'><strong>eo</strong></span> <span class='ocrx_word' id='word_1_649' title='bbox 2373 3884 2540 3956; x_wconf 88' lang='lat' dir='ltr'><strong>quod</strong></span> <span class='ocrx_word' id='word_1_650' title='bbox 2552 3889 2866 3940; x_wconf 88' lang='lat' dir='ltr'><strong>estnatura</strong></span> <span class='ocrx_word' id='word_1_651' title='bbox 2877 3883 2952 3938; x_wconf 92' lang='lat' dir='ltr'><strong>de</strong></span> <span class='ocrx_word' id='word_1_652' title='bbox 2972 3882 3153 3938; x_wconf 91' lang='lat' dir='ltr'><strong>rebus</strong></span> <span class='ocrx_word' id='word_1_653' title='bbox 3166 3881 3437 3952; x_wconf 90' lang='lat' dir='ltr'><strong>judicare</strong></span> <span class='ocrx_word' id='word_1_654' title='bbox 3457 3897 3548 3938; x_wconf 90' lang='lat' dir='ltr'><strong>so-</strong></span> 
     </span>
    </p>
   </div>
   <div class='ocr_carea' id='block_1_84' title="bbox 1897 3968 3549 4044">
    <p class='ocr_par' dir='ltr' id='par_1_84' title="bbox 1897 3968 3549 4044">
     <span class='ocr_line' id='line_1_84' title="bbox 1897 3968 3549 4044; baseline -0.002 -16"><span class='ocrx_word' id='word_1_655' title='bbox 1897 3973 1990 4029; x_wconf 91' lang='lat' dir='ltr'><strong>len</strong></span> <span class='ocrx_word' id='word_1_656' title='bbox 2003 3978 2038 4039; x_wconf 89' lang='lat' dir='ltr'><strong>t;</strong></span> <span class='ocrx_word' id='word_1_657' title='bbox 2054 3988 2195 4029; x_wconf 89' lang='lat' dir='ltr'><strong>nam</strong></span> <span class='ocrx_word' id='word_1_658' title='bbox 2210 3972 2254 4027; x_wconf 91' lang='lat' dir='ltr'><strong>si</strong></span> <span class='ocrx_word' id='word_1_659' title='bbox 2263 3972 2283 4043; x_wconf 91' lang='lat' dir='ltr'>j</span> <span class='ocrx_word' id='word_1_660' title='bbox 2295 3973 2802 4044; x_wconf 86' lang='lat' dir='ltr'><strong>udicarent,aeque</strong></span> <span class='ocrx_word' id='word_1_661' title='bbox 2815 3971 2876 4026; x_wconf 90' lang='lat' dir='ltr'><strong>in</strong></span> <span class='ocrx_word' id='word_1_662' title='bbox 2887 3971 3190 4026; x_wconf 89' lang='lat' dir='ltr'><strong>Thessalia</strong></span> <span class='ocrx_word' id='word_1_663' title='bbox 3203 3986 3271 4027; x_wconf 94' lang='lat' dir='ltr'><strong>ac</strong></span> <span class='ocrx_word' id='word_1_664' title='bbox 3285 3968 3549 4027; x_wconf 85' lang='lat' dir='ltr'><strong>Corinthi</strong></span> 
     </span>
    </p>
   </div>
   <div class='ocr_carea' id='block_1_85' title="bbox 1900 4062 3548 4133">
    <p class='ocr_par' dir='ltr' id='par_1_85' title="bbox 1900 4062 3548 4133">
     <span class='ocr_line' id='line_1_85' title="bbox 1900 4062 3548 4133; baseline -0.001 -15"><span class='ocrx_word' id='word_1_665' title='bbox 1900 4063 2130 4118; x_wconf 90' lang='lat' dir='ltr'><strong>musica</strong></span> <span class='ocrx_word' id='word_1_666' title='bbox 2147 4062 2456 4118; x_wconf 89' lang='lat' dir='ltr'><strong>coleretur:</strong></span> <span class='ocrx_word' id='word_1_667' title='bbox 2477 4077 2682 4117; x_wconf 88' lang='lat' dir='ltr'><strong>omnes</strong></span> <span class='ocrx_word' id='word_1_668' title='bbox 2698 4062 2858 4117; x_wconf 89' lang='lat' dir='ltr'><strong>enim</strong></span> <span class='ocrx_word' id='word_1_669' title='bbox 2873 4064 3548 4133; x_wconf 87' lang='lat' dir='ltr'><strong>concentus,omnesque</strong></span> 
     </span>
    </p>
   </div>
   <div class='ocr_carea' id='block_1_86' title="bbox 1900 4148 3546 4221">
    <p class='ocr_par' dir='ltr' id='par_1_86' title="bbox 1900 4148 3546 4221">
     <span class='ocr_line' id='line_1_86' title="bbox 1900 4148 3546 4221; baseline -0.002 -13"><span class='ocrx_word' id='word_1_670' title='bbox 1900 4151 2126 4208; x_wconf 88' lang='lat' dir='ltr'><strong>ordinis</strong></span> <span class='ocrx_word' id='word_1_671' title='bbox 2139 4151 2396 4206; x_wconf 88' lang='lat' dir='ltr'><strong>rationes</strong></span> <span class='ocrx_word' id='word_1_672' title='bbox 2408 4150 2484 4206; x_wconf 92' lang='lat' dir='ltr'><strong>ad</strong></span> <span class='ocrx_word' id='word_1_673' title='bbox 2499 4150 2792 4205; x_wconf 88' lang='lat' dir='ltr'><strong>musicam</strong></span> <span class='ocrx_word' id='word_1_674' title='bbox 2807 4149 3218 4205; x_wconf 88' lang='lat' dir='ltr'><strong>tractationem</strong></span> <span class='ocrx_word' id='word_1_675' title='bbox 3232 4148 3546 4221; x_wconf 88' lang='lat' dir='ltr'><strong>pertinent.</strong></span> 
     </span>
    </p>
   </div>
   <div class='ocr_carea' id='block_1_87' title="bbox 119 4237 3545 4316">
    <p class='ocr_par' dir='ltr' id='par_1_87' title="bbox 119 4237 3545 4316">
     <span class='ocr_line' id='line_1_87' title="bbox 119 4237 3545 4316; baseline -0.001 -19"><span class='ocrx_word' id='word_1_676' title='bbox 119 4241 207 4297; x_wconf 90' lang='lat' dir='ltr'><strong>ab</strong></span> <span class='ocrx_word' id='word_1_677' title='bbox 239 4255 312 4295; x_wconf 90' lang='lat' dir='ltr'><strong>eo</strong></span> <span class='ocrx_word' id='word_1_678' title='bbox 337 4241 444 4312; x_wconf 91' lang='lat' dir='ltr'><strong>qui</strong></span> <span class='ocrx_word' id='word_1_679' title='bbox 473 4240 722 4296; x_wconf 90' lang='lat' dir='ltr'><strong>alteram</strong></span> <span class='ocrx_word' id='word_1_680' title='bbox 752 4244 1192 4312; x_wconf 80' lang='lat' dir='ltr'><strong>partemtexere</strong></span> <span class='ocrx_word' id='word_1_681' title='bbox 1213 4242 1524 4296; x_wconf 90' lang='lat' dir='ltr'><strong>consuevit</strong></span> <span class='ocrx_word' id='word_1_682' title='bbox 1553 4258 1566 4306; x_wconf 90' lang='lat'><strong>;</strong></span> <span class='ocrx_word' id='word_1_683' title='bbox 1591 4257 1792 4313; x_wconf 70' lang='lat' dir='ltr'><strong>mqua-</strong></span> <span class='ocrx_word' id='word_1_684' title='bbox 1830 4263 1870 4316; x_wconf 73' lang='grc' dir='ltr'><strong>Β</strong></span> <span class='ocrx_word' id='word_1_685' title='bbox 1902 4243 2238 4297; x_wconf 77' lang='lat' dir='ltr'><strong>ConcentUS</strong></span> <span class='ocrx_word' id='word_1_686' title='bbox 2269 4243 2470 4294; x_wconf 91' lang='lat' dir='ltr'><strong>autem</strong></span> <span class='ocrx_word' id='word_1_687' title='bbox 2497 4244 2554 4294; x_wconf 84' lang='lat' dir='ltr'><strong>et</strong></span> <span class='ocrx_word' id='word_1_688' title='bbox 2582 4238 2731 4294; x_wconf 94' lang='lat' dir='ltr'><strong>ordo</strong></span> <span class='ocrx_word' id='word_1_689' title='bbox 2757 4238 2837 4294; x_wconf 92' lang='lat' dir='ltr'><strong>ad</strong></span> <span class='ocrx_word' id='word_1_690' title='bbox 2866 4237 3214 4294; x_wconf 87' lang='lat' dir='ltr'><strong>incolendas</strong></span> <span class='ocrx_word' id='word_1_691' title='bbox 3259 4237 3545 4304; x_wconf 87' lang='lat' dir='ltr'><strong>civitates,</strong></span> 
     </span>
    </p>
   </div>
   <div class='ocr_carea' id='block_1_88' title="bbox 117 4327 1790 4400">
    <p class='ocr_par' dir='ltr' id='par_1_88' title="bbox 117 4327 1790 4400">
     <span class='ocr_line' id='line_1_88' title="bbox 117 4327 1790 4400; baseline 0.001 -16"><span class='ocrx_word' id='word_1_692' title='bbox 117 4328 291 4384; x_wconf 89' lang='lat' dir='ltr'><strong>litate</strong></span> <span class='ocrx_word' id='word_1_693' title='bbox 313 4334 368 4384; x_wconf 92' lang='lat' dir='ltr'><strong>et</strong></span> <span class='ocrx_word' id='word_1_694' title='bbox 397 4327 821 4400; x_wconf 74' lang='lat' dir='ltr'><strong>inaequalitate,</strong></span> <span class='ocrx_word' id='word_1_695' title='bbox 855 4333 921 4383; x_wconf 92' lang='lat' dir='ltr'><strong>ut</strong></span> <span class='ocrx_word' id='word_1_696' title='bbox 945 4328 1109 4400; x_wconf 86' lang='lat' dir='ltr'><strong>apud</strong></span> <span class='ocrx_word' id='word_1_697' title='bbox 1134 4329 1444 4400; x_wconf 65' lang='lat' dir='ltr'><strong>Algyptios</strong></span> <span class='ocrx_word' id='word_1_698' title='bbox 1465 4334 1553 4385; x_wconf 88' lang='lat' dir='ltr'><strong>est</strong></span> <span class='ocrx_word' id='word_1_699' title='bbox 1595 4329 1790 4385; x_wconf 80' lang='lat' dir='ltr'><strong>abun-</strong></span> 
     </span>
    </p>
   </div>
   <div class='ocr_carea' id='block_1_89' title="bbox 119 4416 1792 4491">
    <p class='ocr_par' dir='ltr' id='par_1_89' title="bbox 119 4416 1792 4491">
     <span class='ocr_line' id='line_1_89' title="bbox 119 4416 1792 4491; baseline 0.002 -18"><span class='ocrx_word' id='word_1_700' title='bbox 119 4416 337 4473; x_wconf 87' lang='lat' dir='ltr'><strong>dantia</strong></span> <span class='ocrx_word' id='word_1_701' title='bbox 363 4417 606 4488; x_wconf 87' lang='lat' dir='ltr'><strong>frugum</strong></span> <span class='ocrx_word' id='word_1_702' title='bbox 638 4419 835 4473; x_wconf 90' lang='lat' dir='ltr'><strong>omnis</strong></span> <span class='ocrx_word' id='word_1_703' title='bbox 861 4417 1096 4489; x_wconf 88' lang='lat' dir='ltr'><strong>generis</strong></span> <span class='ocrx_word' id='word_1_704' title='bbox 1129 4422 1186 4472; x_wconf 92' lang='lat' dir='ltr'><strong>et</strong></span> <span class='ocrx_word' id='word_1_705' title='bbox 1240 4418 1564 4488; x_wconf 88' lang='lat' dir='ltr'><strong>fructuum,</strong></span> <span class='ocrx_word' id='word_1_706' title='bbox 1627 4420 1792 4491; x_wconf 86' lang='lat' dir='ltr'><strong>apud</strong></span> 
     </span>
    </p>
   </div>
   <div class='ocr_carea' id='block_1_90' title="bbox 124 4505 1792 4578">
    <p class='ocr_par' dir='ltr' id='par_1_90' title="bbox 124 4505 1792 4578">
     <span class='ocr_line' id='line_1_90' title="bbox 124 4505 1792 4578; baseline -0.001 -18"><span class='ocrx_word' id='word_1_707' title='bbox 124 4507 285 4560; x_wconf 88' lang='lat' dir='ltr'><strong>Coos</strong></span> <span class='ocrx_word' id='word_1_708' title='bbox 315 4521 457 4562; x_wconf 87' lang='lat' dir='ltr'><strong>vero</strong></span> <span class='ocrx_word' id='word_1_709' title='bbox 472 4505 866 4578; x_wconf 90' lang='lat' dir='ltr'><strong>suntquidem</strong></span> <span class='ocrx_word' id='word_1_710' title='bbox 887 4505 1084 4560; x_wconf 89' lang='lat' dir='ltr'><strong>omnis</strong></span> <span class='ocrx_word' id='word_1_711' title='bbox 1097 4505 1329 4577; x_wconf 85' lang='lat' dir='ltr'><strong>generis</strong></span> <span class='ocrx_word' id='word_1_712' title='bbox 1353 4505 1524 4576; x_wconf 85' lang='lat' dir='ltr'><strong>fuges</strong></span> <span class='ocrx_word' id='word_1_713' title='bbox 1549 4510 1606 4561; x_wconf 89' lang='lat' dir='ltr'><strong>et</strong></span> <span class='ocrx_word' id='word_1_714' title='bbox 1633 4507 1792 4574; x_wconf 75' lang='lat' dir='ltr'><strong>fruc-</strong></span> 
     </span>
    </p>
   </div>
   <div class='ocr_carea' id='block_1_91' title="bbox 119 4594 1788 4667">
    <p class='ocr_par' dir='ltr' id='par_1_91' title="bbox 119 4594 1788 4667">
     <span class='ocr_line' id='line_1_91' title="bbox 119 4594 1788 4667; baseline -0.002 -17"><span class='ocrx_word' id='word_1_715' title='bbox 119 4597 250 4659; x_wconf 88' lang='lat' dir='ltr'><strong>tus,</strong></span> <span class='ocrx_word' id='word_1_716' title='bbox 266 4594 374 4649; x_wconf 90' lang='lat' dir='ltr'><strong>sed</strong></span> <span class='ocrx_word' id='word_1_717' title='bbox 395 4610 518 4652; x_wconf 90' lang='lat' dir='ltr'><strong>non</strong></span> <span class='ocrx_word' id='word_1_718' title='bbox 546 4599 709 4651; x_wconf 91' lang='lat' dir='ltr'><strong>tanta</strong></span> <span class='ocrx_word' id='word_1_719' title='bbox 727 4598 815 4650; x_wconf 89' lang='lat' dir='ltr'><strong>est</strong></span> <span class='ocrx_word' id='word_1_720' title='bbox 835 4594 1010 4667; x_wconf 91' lang='lat' dir='ltr'><strong>copia</strong></span> <span class='ocrx_word' id='word_1_721' title='bbox 1025 4599 1252 4667; x_wconf 89' lang='lat' dir='ltr'><strong>quanta</strong></span> <span class='ocrx_word' id='word_1_722' title='bbox 1267 4594 1432 4666; x_wconf 89' lang='lat' dir='ltr'><strong>apud</strong></span> <span class='ocrx_word' id='word_1_723' title='bbox 1459 4596 1788 4666; x_wconf 64' lang='lat' dir='ltr'><strong>Egyptios.</strong></span> 
     </span>
    </p>
   </div>
   <div class='ocr_carea' id='block_1_92' title="bbox 118 4683 1792 4754">
    <p class='ocr_par' dir='ltr' id='par_1_92' title="bbox 118 4683 1792 4754">
     <span class='ocr_line' id='line_1_92' title="bbox 118 4683 1792 4754; baseline 0.001 -16"><span class='ocrx_word' id='word_1_724' title='bbox 118 4685 195 4738; x_wconf 90' lang='lat' dir='ltr'><strong>Et</strong></span> <span class='ocrx_word' id='word_1_725' title='bbox 225 4684 507 4754; x_wconf 86' lang='lat' dir='ltr'><strong>quamvis</strong></span> <span class='ocrx_word' id='word_1_726' title='bbox 547 4684 813 4740; x_wconf 90' lang='lat' dir='ltr'><strong>similiter</strong></span> <span class='ocrx_word' id='word_1_727' title='bbox 841 4684 1037 4740; x_wconf 89' lang='lat' dir='ltr'><strong>omnis</strong></span> <span class='ocrx_word' id='word_1_728' title='bbox 1064 4683 1297 4753; x_wconf 84' lang='lat' dir='ltr'><strong>generis</strong></span> <span class='ocrx_word' id='word_1_729' title='bbox 1329 4683 1528 4752; x_wconf 84' lang='lat' dir='ltr'><strong>fruges</strong></span> <span class='ocrx_word' id='word_1_730' title='bbox 1559 4688 1614 4739; x_wconf 91' lang='lat' dir='ltr'><strong>et</strong></span> <span class='ocrx_word' id='word_1_731' title='bbox 1634 4685 1792 4740; x_wconf 82' lang='lat' dir='ltr'><strong>fruc-</strong></span> 
     </span>
    </p>
   </div>
   <div class='ocr_carea' id='block_1_93' title="bbox 119 4771 1792 4844">
    <p class='ocr_par' dir='ltr' id='par_1_93' title="bbox 119 4771 1792 4844">
     <span class='ocr_line' id='line_1_93' title="bbox 119 4771 1792 4844; baseline 0.001 -16"><span class='ocrx_word' id='word_1_732' title='bbox 119 4776 227 4828; x_wconf 90' lang='lat' dir='ltr'><strong>tus</strong></span> <span class='ocrx_word' id='word_1_733' title='bbox 238 4772 408 4844; x_wconf 91' lang='lat' dir='ltr'><strong>apud</strong></span> <span class='ocrx_word' id='word_1_734' title='bbox 421 4775 572 4830; x_wconf 88' lang='lat' dir='ltr'><strong>Coos</strong></span> <span class='ocrx_word' id='word_1_735' title='bbox 583 4772 1233 4842; x_wconf 78' lang='lat' dir='ltr'><strong>habeantur,diﬂ‘erunt</strong></span> <span class='ocrx_word' id='word_1_736' title='bbox 1247 4777 1450 4828; x_wconf 91' lang='lat' dir='ltr'><strong>tamen</strong></span> <span class='ocrx_word' id='word_1_737' title='bbox 1464 4771 1792 4844; x_wconf 80' lang='lat' dir='ltr'><strong>sequaltate</strong></span> 
     </span>
    </p>
   </div>
   <div class='ocr_carea' id='block_1_94' title="bbox 123 4859 1790 4935">
    <p class='ocr_par' dir='ltr' id='par_1_94' title="bbox 123 4859 1790 4935">
     <span class='ocr_line' id='line_1_94' title="bbox 123 4859 1790 4935; baseline 0.001 -19"><span class='ocrx_word' id='word_1_738' title='bbox 123 4864 186 4916; x_wconf 90' lang='lat' dir='ltr'><strong>et</strong></span> <span class='ocrx_word' id='word_1_739' title='bbox 215 4859 655 4934; x_wconf 63' lang='lat' dir='ltr'><strong>inaequalitate:</strong></span> <span class='ocrx_word' id='word_1_740' title='bbox 677 4867 965 4935; x_wconf 77' lang='lat' dir='ltr'><strong>praeterea</strong></span> <span class='ocrx_word' id='word_1_741' title='bbox 984 4861 1316 4918; x_wconf 90' lang='lat' dir='ltr'><strong>intensione</strong></span> <span class='ocrx_word' id='word_1_742' title='bbox 1341 4865 1398 4917; x_wconf 90' lang='lat' dir='ltr'><strong>et</strong></span> <span class='ocrx_word' id='word_1_743' title='bbox 1417 4860 1790 4931; x_wconf 88' lang='lat' dir='ltr'><strong>remissione,</strong></span> 
     </span>
    </p>
   </div>
   <div class='ocr_carea' id='block_1_95' title="bbox 119 4949 1795 5024">
    <p class='ocr_par' dir='ltr' id='par_1_95' title="bbox 119 4949 1795 5024">
     <span class='ocr_line' id='line_1_95' title="bbox 119 4949 1795 5024; baseline 0.002 -20"><span class='ocrx_word' id='word_1_744' title='bbox 119 4953 194 5005; x_wconf 91' lang='lat' dir='ltr'><strong>ut</strong></span> <span class='ocrx_word' id='word_1_745' title='bbox 231 4949 577 5007; x_wconf 83' lang='lat' dir='ltr'><strong>Aristoteles</strong></span> <span class='ocrx_word' id='word_1_746' title='bbox 628 4951 1105 5024; x_wconf 88' lang='lat' dir='ltr'><strong>philosophatur,</strong></span> <span class='ocrx_word' id='word_1_747' title='bbox 1161 4950 1501 5023; x_wconf 90' lang='lat' dir='ltr'><strong>Simplicius</strong></span> <span class='ocrx_word' id='word_1_748' title='bbox 1549 4966 1795 5023; x_wconf 88' lang='lat' dir='ltr'><strong>quoque</strong></span> 
     </span>
    </p>
   </div>
   <div class='ocr_carea' id='block_1_96' title="bbox 113 5038 1795 5113">
    <p class='ocr_par' dir='ltr' id='par_1_96' title="bbox 113 5038 1795 5113">
     <span class='ocr_line' id='line_1_96' title="bbox 113 5038 1795 5113; baseline 0.001 -19"><span class='ocrx_word' id='word_1_749' title='bbox 113 5038 621 5112; x_wconf 87' lang='lat' dir='ltr'><strong>philosophatur.</strong></span> <span class='ocrx_word' id='word_1_750' title='bbox 673 5045 771 5098; x_wconf 87' lang='lat' dir='ltr'><strong>Est</strong></span> <span class='ocrx_word' id='word_1_751' title='bbox 811 5047 1014 5098; x_wconf 90' lang='lat' dir='ltr'><strong>autem</strong></span> <span class='ocrx_word' id='word_1_752' title='bbox 1085 5039 1472 5113; x_wconf 87' lang='lat' dir='ltr'><strong>philosophia</strong></span> <span class='ocrx_word' id='word_1_753' title='bbox 1535 5041 1795 5112; x_wconf 85' lang='lat' dir='ltr'><strong>qualitas</strong></span> 
     </span>
    </p>
   </div>
   <div class='ocr_carea' id='block_1_97' title="bbox 112 5130 1797 5202">
    <p class='ocr_par' dir='ltr' id='par_1_97' title="bbox 112 5130 1797 5202">
     <span class='ocr_line' id='line_1_97' title="bbox 112 5130 1797 5202; baseline 0.002 -19"><span class='ocrx_word' id='word_1_754' title='bbox 112 5144 270 5202; x_wconf 77' lang='lat' dir='ltr'><strong>quae</strong></span> <span class='ocrx_word' id='word_1_755' title='bbox 303 5131 524 5202; x_wconf 89' lang='lat' dir='ltr'><strong>sucipit</strong></span> <span class='ocrx_word' id='word_1_756' title='bbox 547 5131 943 5190; x_wconf 89' lang='lat' dir='ltr'><strong>intensionem</strong></span> <span class='ocrx_word' id='word_1_757' title='bbox 977 5132 1486 5187; x_wconf 89' lang='lat' dir='ltr'><strong>etremissionem.</strong></span> <span class='ocrx_word' id='word_1_758' title='bbox 1520 5130 1797 5186; x_wconf 84' lang='lat' dir='ltr'><strong>Aristote-</strong></span> 
     </span>
    </p>
   </div>
   <div class='ocr_carea' id='block_1_98' title="bbox 109 5219 1793 5293">
    <p class='ocr_par' dir='ltr' id='par_1_98' title="bbox 109 5219 1793 5293">
     <span class='ocr_line' id='line_1_98' title="bbox 109 5219 1793 5293; baseline -0.001 -17"><span class='ocrx_word' id='word_1_759' title='bbox 109 5219 212 5277; x_wconf 85' lang='lat' dir='ltr'><strong>les</strong></span> <span class='ocrx_word' id='word_1_760' title='bbox 251 5234 400 5290; x_wconf 88' lang='lat' dir='ltr'><strong>ergo</strong></span> <span class='ocrx_word' id='word_1_761' title='bbox 421 5225 478 5277; x_wconf 92' lang='lat' dir='ltr'><strong>et</strong></span> <span class='ocrx_word' id='word_1_762' title='bbox 509 5221 846 5293; x_wconf 88' lang='lat' dir='ltr'><strong>Simplicius</strong></span> <span class='ocrx_word' id='word_1_763' title='bbox 861 5224 1000 5277; x_wconf 90' lang='lat' dir='ltr'><strong>sunt</strong></span> <span class='ocrx_word' id='word_1_764' title='bbox 1017 5219 1428 5293; x_wconf 89' lang='lat' dir='ltr'><strong>philosophiet</strong></span> <span class='ocrx_word' id='word_1_765' title='bbox 1455 5219 1550 5275; x_wconf 92' lang='lat' dir='ltr'><strong>ille</strong></span> <span class='ocrx_word' id='word_1_766' title='bbox 1575 5220 1793 5290; x_wconf 86' lang='lat' dir='ltr'><strong>magis,</strong></span> 
     </span>
    </p>
   </div>
   <div class='ocr_carea' id='block_1_99' title="bbox 108 5308 1797 5384">
    <p class='ocr_par' dir='ltr' id='par_1_99' title="bbox 108 5308 1797 5384">
     <span class='ocr_line' id='line_1_99' title="bbox 108 5308 1797 5384; baseline -0.002 -17"><span class='ocrx_word' id='word_1_767' title='bbox 108 5309 222 5367; x_wconf 91' lang='lat' dir='ltr'><strong>hic</strong></span> <span class='ocrx_word' id='word_1_768' title='bbox 242 5308 450 5365; x_wconf 90' lang='lat' dir='ltr'><strong>minus</strong></span> <span class='ocrx_word' id='word_1_769' title='bbox 475 5310 948 5384; x_wconf 89' lang='lat' dir='ltr'><strong>philosophatur.</strong></span> <span class='ocrx_word' id='word_1_770' title='bbox 1006 5311 1093 5365; x_wconf 82' lang='lat' dir='ltr'><strong>Ex</strong></span> <span class='ocrx_word' id='word_1_771' title='bbox 1133 5309 1357 5380; x_wconf 89' lang='lat' dir='ltr'><strong>quibus</strong></span> <span class='ocrx_word' id='word_1_772' title='bbox 1412 5309 1797 5378; x_wconf 86' lang='lat' dir='ltr'><strong>intelligimus</strong></span> 
     </span>
    </p>
   </div>
   <div class='ocr_carea' id='block_1_100' title="bbox 110 5397 1798 5470">
    <p class='ocr_par' dir='ltr' id='par_1_100' title="bbox 110 5397 1798 5470">
     <span class='ocr_line' id='line_1_100' title="bbox 110 5397 1798 5470; baseline -0.001 -14"><span class='ocrx_word' id='word_1_773' title='bbox 110 5397 346 5456; x_wconf 85' lang='lat' dir='ltr'><strong>omnia</strong></span> <span class='ocrx_word' id='word_1_774' title='bbox 358 5398 457 5455; x_wconf 91' lang='lat' dir='ltr'><strong>illa</strong></span> <span class='ocrx_word' id='word_1_775' title='bbox 474 5399 678 5456; x_wconf 89' lang='lat' dir='ltr'><strong>referri</strong></span> <span class='ocrx_word' id='word_1_776' title='bbox 710 5405 766 5457; x_wconf 88' lang='lat' dir='ltr'><strong>et</strong></span> <span class='ocrx_word' id='word_1_777' title='bbox 777 5399 1044 5458; x_wconf 88' lang='lat' dir='ltr'><strong>revocari</strong></span> <span class='ocrx_word' id='word_1_778' title='bbox 1058 5397 1137 5454; x_wconf 90' lang='lat' dir='ltr'><strong>ad</strong></span> <span class='ocrx_word' id='word_1_779' title='bbox 1167 5397 1632 5470; x_wconf 90' lang='lat' dir='ltr'><strong>philosophiam,</strong></span> <span class='ocrx_word' id='word_1_780' title='bbox 1660 5414 1798 5470; x_wconf 78' lang='lat' dir='ltr'><strong>quae</strong></span> 
     </span>
    </p>
   </div>
   <div class='ocr_carea' id='block_1_101' title="bbox 110 5487 1798 5563">
    <p class='ocr_par' dir='ltr' id='par_1_101' title="bbox 110 5487 1798 5563">
     <span class='ocr_line' id='line_1_101' title="bbox 110 5487 1798 5563; baseline -0.001 -18"><span class='ocrx_word' id='word_1_781' title='bbox 110 5491 276 5545; x_wconf 84' lang='lat' dir='ltr'><strong>sunt</strong></span> <span class='ocrx_word' id='word_1_782' title='bbox 317 5488 718 5563; x_wconf 81' lang='lat' dir='ltr'><strong>philosophiae</strong></span> <span class='ocrx_word' id='word_1_783' title='bbox 747 5509 761 5548; x_wconf 90' lang='lat'>:</span> <span class='ocrx_word' id='word_1_784' title='bbox 795 5497 852 5548; x_wconf 88' lang='lat' dir='ltr'><strong>et</strong></span> <span class='ocrx_word' id='word_1_785' title='bbox 878 5489 1088 5548; x_wconf 89' lang='lat' dir='ltr'><strong>omnia</strong></span> <span class='ocrx_word' id='word_1_786' title='bbox 1118 5487 1197 5544; x_wconf 89' lang='lat' dir='ltr'><strong>ad</strong></span> <span class='ocrx_word' id='word_1_787' title='bbox 1215 5488 1666 5561; x_wconf 89' lang='lat' dir='ltr'><strong>imperatoriam</strong></span> <span class='ocrx_word' id='word_1_788' title='bbox 1708 5502 1798 5544; x_wconf 87' lang='lat' dir='ltr'><strong>ar-</strong></span> 
     </span>
    </p>
   </div>
   <div class='ocr_carea' id='block_1_102' title="bbox 108 5575 1801 5656">
    <p class='ocr_par' dir='ltr' id='par_1_102' title="bbox 108 5575 1801 5656">
     <span class='ocr_line' id='line_1_102' title="bbox 108 5575 1801 5656; baseline -0.002 -18"><span class='ocrx_word' id='word_1_789' title='bbox 108 5582 276 5648; x_wconf 79' lang='lat' dir='ltr'><strong>tem,</strong></span> <span class='ocrx_word' id='word_1_790' title='bbox 304 5593 444 5652; x_wconf 82' lang='lat' dir='ltr'><strong>quae</strong></span> <span class='ocrx_word' id='word_1_791' title='bbox 497 5584 638 5638; x_wconf 86' lang='lat' dir='ltr'><strong>sunt</strong></span> <span class='ocrx_word' id='word_1_792' title='bbox 693 5579 1098 5656; x_wconf 81' lang='lat' dir='ltr'><strong>imperatoriae</strong></span> <span class='ocrx_word' id='word_1_793' title='bbox 1142 5577 1331 5637; x_wconf 87' lang='lat' dir='ltr'><strong>artis:</strong></span> <span class='ocrx_word' id='word_1_794' title='bbox 1365 5581 1422 5637; x_wconf 92' lang='lat' dir='ltr'><strong>et</strong></span> <span class='ocrx_word' id='word_1_795' title='bbox 1468 5577 1675 5638; x_wconf 88' lang='lat' dir='ltr'><strong>omnia</strong></span> <span class='ocrx_word' id='word_1_796' title='bbox 1720 5575 1801 5636; x_wconf 89' lang='lat' dir='ltr'><strong>ad</strong></span> 
     </span>
    </p>
   </div>
   <div class='ocr_carea' id='block_1_103' title="bbox 1903 4327 3551 4402">
    <p class='ocr_par' dir='ltr' id='par_1_103' title="bbox 1903 4327 3551 4402">
     <span class='ocr_line' id='line_1_103' title="bbox 1903 4327 3551 4402; baseline -0.004 -16"><span class='ocrx_word' id='word_1_797' title='bbox 1903 4334 2082 4402; x_wconf 87' lang='lat' dir='ltr'><strong>atque</strong></span> <span class='ocrx_word' id='word_1_798' title='bbox 2098 4327 2250 4385; x_wconf 92' lang='lat' dir='ltr'><strong>adeo</strong></span> <span class='ocrx_word' id='word_1_799' title='bbox 2261 4327 2340 4383; x_wconf 90' lang='lat' dir='ltr'><strong>ad</strong></span> <span class='ocrx_word' id='word_1_800' title='bbox 2353 4327 2637 4382; x_wconf 88' lang='lat' dir='ltr'><strong>mundum</strong></span> <span class='ocrx_word' id='word_1_801' title='bbox 2654 4328 2995 4384; x_wconf 89' lang='lat' dir='ltr'><strong>universum</strong></span> <span class='ocrx_word' id='word_1_802' title='bbox 3010 4327 3388 4383; x_wconf 89' lang='lat' dir='ltr'><strong>incolendum</strong></span> <span class='ocrx_word' id='word_1_803' title='bbox 3405 4343 3551 4382; x_wconf 90' lang='lat' dir='ltr'><strong>sem-</strong></span> 
     </span>
    </p>
   </div>
   <div class='ocr_carea' id='block_1_104' title="bbox 1902 4415 3550 4491">
    <p class='ocr_par' dir='ltr' id='par_1_104' title="bbox 1902 4415 3550 4491">
     <span class='ocr_line' id='line_1_104' title="bbox 1902 4415 3550 4491; baseline -0.002 -18"><span class='ocrx_word' id='word_1_804' title='bbox 1902 4434 2009 4491; x_wconf 87' lang='lat' dir='ltr'><strong>per</strong></span> <span class='ocrx_word' id='word_1_805' title='bbox 2038 4416 2284 4482; x_wconf 89' lang='lat' dir='ltr'><strong>confert,</strong></span> <span class='ocrx_word' id='word_1_806' title='bbox 2319 4416 2425 4471; x_wconf 89' lang='lat' dir='ltr'><strong>sed</strong></span> <span class='ocrx_word' id='word_1_807' title='bbox 2459 4431 2557 4470; x_wconf 91' lang='lat' dir='ltr'><strong>ars</strong></span> <span class='ocrx_word' id='word_1_808' title='bbox 2581 4415 2832 4472; x_wconf 85' lang='lat' dir='ltr'><strong>textoria</strong></span> <span class='ocrx_word' id='word_1_809' title='bbox 2863 4415 3159 4472; x_wconf 91' lang='lat' dir='ltr'><strong>civitatem</strong></span> <span class='ocrx_word' id='word_1_810' title='bbox 3179 4430 3302 4471; x_wconf 87' lang='lat' dir='ltr'><strong>non</strong></span> <span class='ocrx_word' id='word_1_811' title='bbox 3331 4415 3550 4472; x_wconf 90' lang='lat' dir='ltr'><strong>consti-</strong></span> 
     </span>
    </p>
   </div>
   <div class='ocr_carea' id='block_1_105' title="bbox 1903 4504 3552 4577">
    <p class='ocr_par' dir='ltr' id='par_1_105' title="bbox 1903 4504 3552 4577">
     <span class='ocr_line' id='line_1_105' title="bbox 1903 4504 3552 4577; baseline -0.002 -13"><span class='ocrx_word' id='word_1_812' title='bbox 1903 4507 2014 4564; x_wconf 91' lang='lat' dir='ltr'><strong>tuit</strong></span> <span class='ocrx_word' id='word_1_813' title='bbox 2045 4505 2314 4561; x_wconf 88' lang='lat' dir='ltr'><strong>:sublato</strong></span> <span class='ocrx_word' id='word_1_814' title='bbox 2337 4504 2490 4560; x_wconf 88' lang='lat' dir='ltr'><strong>enim</strong></span> <span class='ocrx_word' id='word_1_815' title='bbox 2523 4510 2831 4568; x_wconf 89' lang='lat' dir='ltr'><strong>concentu,</strong></span> <span class='ocrx_word' id='word_1_816' title='bbox 2866 4505 3032 4562; x_wconf 90' lang='lat' dir='ltr'><strong>nulla</strong></span> <span class='ocrx_word' id='word_1_817' title='bbox 3048 4509 3136 4561; x_wconf 89' lang='lat' dir='ltr'><strong>est</strong></span> <span class='ocrx_word' id='word_1_818' title='bbox 3153 4505 3377 4577; x_wconf 90' lang='lat' dir='ltr'><strong>civitas,</strong></span> <span class='ocrx_word' id='word_1_819' title='bbox 3407 4505 3552 4577; x_wconf 89' lang='lat' dir='ltr'><strong>quia</strong></span> 
     </span>
    </p>
   </div>
   <div class='ocr_carea' id='block_1_106' title="bbox 1904 4594 3548 4664">
    <p class='ocr_par' dir='ltr' id='par_1_106' title="bbox 1904 4594 3548 4664">
     <span class='ocr_line' id='line_1_106' title="bbox 1904 4594 3548 4664; baseline -0.002 -11"><span class='ocrx_word' id='word_1_820' title='bbox 1904 4596 2178 4653; x_wconf 90' lang='lat' dir='ltr'><strong>sublatus</strong></span> <span class='ocrx_word' id='word_1_821' title='bbox 2217 4599 2303 4652; x_wconf 90' lang='lat' dir='ltr'><strong>est</strong></span> <span class='ocrx_word' id='word_1_822' title='bbox 2330 4594 2596 4651; x_wconf 89' lang='lat' dir='ltr'><strong>musicus</strong></span> <span class='ocrx_word' id='word_1_823' title='bbox 2619 4599 2944 4652; x_wconf 92' lang='lat' dir='ltr'><strong>concentus</strong></span> <span class='ocrx_word' id='word_1_824' title='bbox 2972 4611 2986 4650; x_wconf 90' lang='lat'><strong>:</strong></span> <span class='ocrx_word' id='word_1_825' title='bbox 3021 4595 3127 4651; x_wconf 86' lang='lat' dir='ltr'><strong>sed</strong></span> <span class='ocrx_word' id='word_1_826' title='bbox 3154 4595 3268 4651; x_wconf 94' lang='lat' dir='ltr'><strong>hoc</strong></span> <span class='ocrx_word' id='word_1_827' title='bbox 3292 4594 3548 4664; x_wconf 89' lang='lat' dir='ltr'><strong>sublato,</strong></span> 
     </span>
    </p>
   </div>
   <div class='ocr_carea' id='block_1_107' title="bbox 1902 4683 3552 4756">
    <p class='ocr_par' dir='ltr' id='par_1_107' title="bbox 1902 4683 3552 4756">
     <span class='ocr_line' id='line_1_107' title="bbox 1902 4683 3552 4756; baseline -0.002 -14"><span class='ocrx_word' id='word_1_828' title='bbox 1902 4702 2027 4743; x_wconf 90' lang='lat' dir='ltr'><strong>non</strong></span> <span class='ocrx_word' id='word_1_829' title='bbox 2056 4701 2298 4742; x_wconf 90' lang='lat' dir='ltr'><strong>necesse</strong></span> <span class='ocrx_word' id='word_1_830' title='bbox 2319 4690 2426 4751; x_wconf 92' lang='lat' dir='ltr'><strong>est,</strong></span> <span class='ocrx_word' id='word_1_831' title='bbox 2457 4684 2600 4756; x_wconf 89' lang='lat' dir='ltr'><strong>quia</strong></span> <span class='ocrx_word' id='word_1_832' title='bbox 2622 4684 2926 4741; x_wconf 90' lang='lat' dir='ltr'><strong>sublatum</strong></span> <span class='ocrx_word' id='word_1_833' title='bbox 2957 4689 3045 4741; x_wconf 89' lang='lat' dir='ltr'><strong>est</strong></span> <span class='ocrx_word' id='word_1_834' title='bbox 3062 4685 3293 4740; x_wconf 90' lang='lat' dir='ltr'><strong>nullam</strong></span> <span class='ocrx_word' id='word_1_835' title='bbox 3320 4699 3451 4739; x_wconf 90' lang='lat' dir='ltr'><strong>esse</strong></span> <span class='ocrx_word' id='word_1_836' title='bbox 3476 4683 3552 4739; x_wconf 89' lang='lat' dir='ltr'><strong>ci—</strong></span> 
     </span>
    </p>
   </div>
   <div class='ocr_carea' id='block_1_108' title="bbox 1905 4773 3581 4845">
    <p class='ocr_par' dir='ltr' id='par_1_108' title="bbox 1905 4773 3581 4845">
     <span class='ocr_line' id='line_1_108' title="bbox 1905 4773 3581 4845; baseline -0.002 -11"><span class='ocrx_word' id='word_1_837' title='bbox 1905 4779 2164 4834; x_wconf 88' lang='lat' dir='ltr'><strong>vitatem.</strong></span> <span class='ocrx_word' id='word_1_838' title='bbox 2221 4777 2316 4831; x_wconf 90' lang='lat' dir='ltr'><strong>Est</strong></span> <span class='ocrx_word' id='word_1_839' title='bbox 2367 4775 2546 4845; x_wconf 84' lang='lat' dir='ltr'><strong>igitur</strong></span> <span class='ocrx_word' id='word_1_840' title='bbox 2611 4776 2847 4832; x_wconf 89' lang='lat' dir='ltr'><strong>musica</strong></span> <span class='ocrx_word' id='word_1_841' title='bbox 2889 4775 3249 4841; x_wconf 88' lang='lat' dir='ltr'><strong>necessaria,</strong></span> <span class='ocrx_word' id='word_1_842' title='bbox 3304 4773 3581 4830; x_wconf 86' lang='lat' dir='ltr'><strong>textoria-</strong></span> 
     </span>
    </p>
   </div>
   <div class='ocr_carea' id='block_1_109' title="bbox 1903 4864 3552 4936">
    <p class='ocr_par' dir='ltr' id='par_1_109' title="bbox 1903 4864 3552 4936">
     <span class='ocr_line' id='line_1_109' title="bbox 1903 4864 3552 4936; baseline -0.004 -12"><span class='ocrx_word' id='word_1_843' title='bbox 1903 4882 2046 4924; x_wconf 88' lang='lat' dir='ltr'><strong>vero</strong></span> <span class='ocrx_word' id='word_1_844' title='bbox 2076 4864 2253 4921; x_wconf 89' lang='lat' dir='ltr'><strong>utilis.</strong></span> <span class='ocrx_word' id='word_1_845' title='bbox 2281 4864 2396 4922; x_wconf 91' lang='lat' dir='ltr'><strong>Sed</strong></span> <span class='ocrx_word' id='word_1_846' title='bbox 2422 4865 2587 4936; x_wconf 91' lang='lat' dir='ltr'><strong>quod</strong></span> <span class='ocrx_word' id='word_1_847' title='bbox 2613 4870 2701 4922; x_wconf 89' lang='lat' dir='ltr'><strong>est</strong></span> <span class='ocrx_word' id='word_1_848' title='bbox 2721 4864 3140 4931; x_wconf 87' lang='lat' dir='ltr'><strong>necessarium,</strong></span> <span class='ocrx_word' id='word_1_849' title='bbox 3170 4877 3408 4934; x_wconf 88' lang='lat' dir='ltr'><strong>semper</strong></span> <span class='ocrx_word' id='word_1_850' title='bbox 3426 4877 3552 4918; x_wconf 91' lang='lat' dir='ltr'><strong>ma-</strong></span> 
     </span>
    </p>
   </div>
   <div class='ocr_carea' id='block_1_110' title="bbox 1904 4949 3554 5026">
    <p class='ocr_par' dir='ltr' id='par_1_110' title="bbox 1904 4949 3554 5026">
     <span class='ocr_line' id='line_1_110' title="bbox 1904 4949 3554 5026; baseline -0.003 -15"><span class='ocrx_word' id='word_1_851' title='bbox 1904 4956 1994 5026; x_wconf 86' lang='lat' dir='ltr'><strong>gis</strong></span> <span class='ocrx_word' id='word_1_852' title='bbox 2023 4955 2101 5011; x_wconf 86' lang='lat' dir='ltr'><strong>ad</strong></span> <span class='ocrx_word' id='word_1_853' title='bbox 2131 4959 2409 5010; x_wconf 90' lang='lat' dir='ltr'><strong>naturam</strong></span> <span class='ocrx_word' id='word_1_854' title='bbox 2447 4955 2693 5010; x_wconf 86' lang='lat' dir='ltr'><strong>accedit.</strong></span> <span class='ocrx_word' id='word_1_855' title='bbox 2729 4956 2922 5020; x_wconf 88' lang='lat' dir='ltr'><strong>Quare</strong></span> <span class='ocrx_word' id='word_1_856' title='bbox 2960 4952 3193 5007; x_wconf 87' lang='lat' dir='ltr'><strong>musica</strong></span> <span class='ocrx_word' id='word_1_857' title='bbox 3238 4950 3434 5019; x_wconf 86' lang='lat' dir='ltr'><strong>magis</strong></span> <span class='ocrx_word' id='word_1_858' title='bbox 3473 4949 3554 5006; x_wconf 90' lang='lat' dir='ltr'><strong>ad</strong></span> 
     </span>
    </p>
   </div>
   <div class='ocr_carea' id='block_1_111' title="bbox 1903 5039 3551 5116">
    <p class='ocr_par' dir='ltr' id='par_1_111' title="bbox 1903 5039 3551 5116">
     <span class='ocr_line' id='line_1_111' title="bbox 1903 5039 3551 5116; baseline -0.004 -16"><span class='ocrx_word' id='word_1_859' title='bbox 1903 5048 2184 5100; x_wconf 87' lang='lat' dir='ltr'><strong>naturam</strong></span> <span class='ocrx_word' id='word_1_860' title='bbox 2237 5042 2466 5100; x_wconf 88' lang='lat' dir='ltr'><strong>accedit</strong></span> <span class='ocrx_word' id='word_1_861' title='bbox 2511 5059 2696 5116; x_wconf 90' lang='lat' dir='ltr'><strong>quam</strong></span> <span class='ocrx_word' id='word_1_862' title='bbox 2755 5041 3023 5104; x_wconf 87' lang='lat' dir='ltr'><strong>textoria,</strong></span> <span class='ocrx_word' id='word_1_863' title='bbox 3079 5039 3251 5105; x_wconf 89' lang='lat' dir='ltr'><strong>Quod</strong></span> <span class='ocrx_word' id='word_1_864' title='bbox 3302 5039 3351 5094; x_wconf 88' lang='lat' dir='ltr'><strong>si</strong></span> <span class='ocrx_word' id='word_1_865' title='bbox 3414 5039 3551 5112; x_wconf 88' lang='lat' dir='ltr'><strong>quis</strong></span> 
     </span>
    </p>
   </div>
   <div class='ocr_carea' id='block_1_112' title="bbox 1902 5128 3554 5205">
    <p class='ocr_par' dir='ltr' id='par_1_112' title="bbox 1902 5128 3554 5205">
     <span class='ocr_line' id='line_1_112' title="bbox 1902 5128 3554 5205; baseline -0.002 -17"><span class='ocrx_word' id='word_1_866' title='bbox 1902 5133 2137 5203; x_wconf 87' lang='lat' dir='ltr'><strong>ignorat</strong></span> <span class='ocrx_word' id='word_1_867' title='bbox 2155 5132 2304 5205; x_wconf 90' lang='lat' dir='ltr'><strong>quid</strong></span> <span class='ocrx_word' id='word_1_868' title='bbox 2326 5133 2399 5188; x_wconf 91' lang='lat' dir='ltr'><strong>sit</strong></span> <span class='ocrx_word' id='word_1_869' title='bbox 2416 5132 2564 5188; x_wconf 91' lang='lat' dir='ltr'><strong>ordo</strong></span> <span class='ocrx_word' id='word_1_870' title='bbox 2586 5135 2641 5186; x_wconf 92' lang='lat' dir='ltr'><strong>et</strong></span> <span class='ocrx_word' id='word_1_871' title='bbox 2660 5133 3003 5195; x_wconf 89' lang='lat' dir='ltr'><strong>concentus,</strong></span> <span class='ocrx_word' id='word_1_872' title='bbox 3030 5128 3125 5184; x_wconf 89' lang='lat' dir='ltr'><strong>vel</strong></span> <span class='ocrx_word' id='word_1_873' title='bbox 3147 5128 3338 5200; x_wconf 87' lang='lat' dir='ltr'><strong>ipsam</strong></span> <span class='ocrx_word' id='word_1_874' title='bbox 3367 5133 3554 5185; x_wconf 82' lang='lat' dir='ltr'><strong>texto-</strong></span> 
     </span>
    </p>
   </div>
   <div class='ocr_carea' id='block_1_113' title="bbox 1903 5217 3556 5287">
    <p class='ocr_par' dir='ltr' id='par_1_113' title="bbox 1903 5217 3556 5287">
     <span class='ocr_line' id='line_1_113' title="bbox 1903 5217 3556 5287; baseline -0.002 -11"><span class='ocrx_word' id='word_1_875' title='bbox 1903 5223 2055 5277; x_wconf 88' lang='lat' dir='ltr'><strong>riam</strong></span> <span class='ocrx_word' id='word_1_876' title='bbox 2086 5226 2275 5278; x_wconf 88' lang='lat' dir='ltr'><strong>artem</strong></span> <span class='ocrx_word' id='word_1_877' title='bbox 2297 5224 2590 5276; x_wconf 89' lang='lat' dir='ltr'><strong>scrutetur</strong></span> <span class='ocrx_word' id='word_1_878' title='bbox 2622 5235 2635 5273; x_wconf 92' lang='lat'>:</span> <span class='ocrx_word' id='word_1_879' title='bbox 2678 5217 3005 5287; x_wconf 89' lang='lat' dir='ltr'><strong>comperiet</strong></span> <span class='ocrx_word' id='word_1_880' title='bbox 3036 5217 3198 5272; x_wconf 90' lang='lat' dir='ltr'><strong>enim</strong></span> <span class='ocrx_word' id='word_1_881' title='bbox 3227 5217 3387 5273; x_wconf 91' lang='lat' dir='ltr'><strong>hanc</strong></span> <span class='ocrx_word' id='word_1_882' title='bbox 3417 5232 3556 5274; x_wconf 90' lang='lat' dir='ltr'><strong>con-</strong></span> 
     </span>
    </p>
   </div>
   <div class='ocr_carea' id='block_1_114' title="bbox 1905 5305 3554 5378">
    <p class='ocr_par' dir='ltr' id='par_1_114' title="bbox 1905 5305 3554 5378">
     <span class='ocr_line' id='line_1_114' title="bbox 1905 5305 3554 5378; baseline -0.004 -11"><span class='ocrx_word' id='word_1_883' title='bbox 1905 5315 2081 5367; x_wconf 85' lang='lat' dir='ltr'><strong>centu</strong></span> <span class='ocrx_word' id='word_1_884' title='bbox 2101 5315 2158 5366; x_wconf 93' lang='lat' dir='ltr'><strong>et</strong></span> <span class='ocrx_word' id='word_1_885' title='bbox 2185 5309 2393 5366; x_wconf 92' lang='lat' dir='ltr'><strong>ordine</strong></span> <span class='ocrx_word' id='word_1_886' title='bbox 2419 5321 2618 5364; x_wconf 88' lang='lat' dir='ltr'><strong>carere</strong></span> <span class='ocrx_word' id='word_1_887' title='bbox 2645 5321 2764 5360; x_wconf 87' lang='lat' dir='ltr'><strong>non</strong></span> <span class='ocrx_word' id='word_1_888' title='bbox 2798 5320 2998 5376; x_wconf 90' lang='lat' dir='ltr'><strong>posse.</strong></span> <span class='ocrx_word' id='word_1_889' title='bbox 3025 5309 3214 5378; x_wconf 83' lang='lat' dir='ltr'><strong>Atque</strong></span> <span class='ocrx_word' id='word_1_890' title='bbox 3231 5306 3346 5362; x_wconf 89' lang='lat' dir='ltr'><strong>hoc</strong></span> <span class='ocrx_word' id='word_1_891' title='bbox 3371 5305 3554 5362; x_wconf 90' lang='lat' dir='ltr'><strong>omni-</strong></span> 
     </span>
    </p>
   </div>
   <div class='ocr_carea' id='block_1_115' title="bbox 1905 5393 3554 5459">
    <p class='ocr_par' dir='ltr' id='par_1_115' title="bbox 1905 5393 3554 5459">
     <span class='ocr_line' id='line_1_115' title="bbox 1905 5393 3554 5459; baseline -0.004 -4"><span class='ocrx_word' id='word_1_892' title='bbox 1905 5399 2020 5454; x_wconf 90' lang='lat' dir='ltr'><strong>bus</strong></span> <span class='ocrx_word' id='word_1_893' title='bbox 2050 5398 2437 5455; x_wconf 89' lang='lat' dir='ltr'><strong>manifestum</strong></span> <span class='ocrx_word' id='word_1_894' title='bbox 2465 5400 2570 5451; x_wconf 88' lang='lat' dir='ltr'><strong>est.</strong></span> <span class='ocrx_word' id='word_1_895' title='bbox 2596 5393 2748 5459; x_wconf 83' lang='lat' dir='ltr'><strong>Quin</strong></span> <span class='ocrx_word' id='word_1_896' title='bbox 2789 5393 2969 5450; x_wconf 89' lang='lat' dir='ltr'><strong>etiam</strong></span> <span class='ocrx_word' id='word_1_897' title='bbox 3017 5393 3269 5452; x_wconf 71' lang='lat' dir='ltr'><strong>aediﬁcia</strong></span> <span class='ocrx_word' id='word_1_898' title='bbox 3316 5398 3373 5451; x_wconf 90' lang='lat' dir='ltr'><strong>et</strong></span> <span class='ocrx_word' id='word_1_899' title='bbox 3423 5393 3554 5450; x_wconf 89' lang='lat' dir='ltr'><strong>reli-</strong></span> 
     </span>
    </p>
   </div>
   <div class='ocr_carea' id='block_1_116' title="bbox 1906 5480 3554 5559">
    <p class='ocr_par' dir='ltr' id='par_1_116' title="bbox 1906 5480 3554 5559">
     <span class='ocr_line' id='line_1_116' title="bbox 1906 5480 3554 5559; baseline -0.005 -15"><span class='ocrx_word' id='word_1_900' title='bbox 1906 5503 2030 5559; x_wconf 91' lang='lat' dir='ltr'><strong>qua</strong></span> <span class='ocrx_word' id='word_1_901' title='bbox 2041 5487 2247 5544; x_wconf 90' lang='lat' dir='ltr'><strong>omnia</strong></span> <span class='ocrx_word' id='word_1_902' title='bbox 2263 5485 2473 5543; x_wconf 89' lang='lat' dir='ltr'><strong>eadem</strong></span> <span class='ocrx_word' id='word_1_903' title='bbox 2489 5482 2720 5539; x_wconf 88' lang='lat' dir='ltr'><strong>ratione</strong></span> <span class='ocrx_word' id='word_1_904' title='bbox 2736 5481 3090 5539; x_wconf 88' lang='lat' dir='ltr'><strong>consideret.</strong></span> <span class='ocrx_word' id='word_1_905' title='bbox 3105 5485 3394 5540; x_wconf 81' lang='lat' dir='ltr'><strong>Praeterea</strong></span> <span class='ocrx_word' id='word_1_906' title='bbox 3405 5480 3554 5538; x_wconf 92' lang='lat' dir='ltr'><strong>ordo</strong></span> 
     </span>
    </p>
   </div>
   <div class='ocr_carea' id='block_1_117' title="bbox 1909 5569 3554 5646">
    <p class='ocr_par' dir='ltr' id='par_1_117' title="bbox 1909 5569 3554 5646">
     <span class='ocr_line' id='line_1_117' title="bbox 1909 5569 3554 5646; baseline -0.006 -11"><span class='ocrx_word' id='word_1_907' title='bbox 1909 5579 1968 5636; x_wconf 85' lang='lat' dir='ltr'><strong>et</strong></span> <span class='ocrx_word' id='word_1_908' title='bbox 1987 5579 2310 5638; x_wconf 87' lang='lat' dir='ltr'><strong>oonsentus</strong></span> <span class='ocrx_word' id='word_1_909' title='bbox 2330 5573 2554 5633; x_wconf 87' lang='lat' dir='ltr'><strong>idcirco</strong></span> <span class='ocrx_word' id='word_1_910' title='bbox 2566 5569 2699 5631; x_wconf 87' lang='lat' dir='ltr'><strong>aliis</strong></span> <span class='ocrx_word' id='word_1_911' title='bbox 2725 5569 3022 5630; x_wconf 85' lang='lat' dir='ltr'><strong>excellunt</strong></span> <span class='ocrx_word' id='word_1_912' title='bbox 3036 5571 3204 5646; x_wconf 89' lang='lat' dir='ltr'><strong>quod</strong></span> <span class='ocrx_word' id='word_1_913' title='bbox 3219 5573 3422 5646; x_wconf 88' lang='lat' dir='ltr'><strong>ipsum</strong></span> <span class='ocrx_word' id='word_1_914' title='bbox 3441 5583 3554 5627; x_wconf 84' lang='lat' dir='ltr'><strong>coe-</strong></span> 
     </span>
    </p>
   </div>
  </div>
