4064 6308
518 268 654 324 1347

2047 254 2408 321 ADDENDA.

3795 269 3902 330 4348

516 394 853 463 συνημμένων
900 389 972 450 εἰς
1029 394 1154 461 μίαν
1207 392 1541 460 συναρμογὴν
1593 392 1868 460 συμφωνία
1920 393 2010 439 καὶ
2071 389 2159 438 τὰ·
2195 387 2243 443 Α
2272 407 2348 448 τις
2374 391 2404 445 ἦ
2441 391 2686 462 συνηθείᾳ
2741 389 2773 448 ἣ
2834 395 3021 461 σχέσει
3082 392 3113 450 ἦ
3163 399 3277 453 ταῖς
3326 393 3523 467 ἑτέραις
3577 391 3901 466 ἰδιοτροπίαις

513 481 588 542 ξις
616 485 851 532 κινείκαὶ
884 482 1112 549 συνέχει,
1141 482 1230 530 καὶ
1289 481 1348 529 1'6
1398 477 1588 545 πλεῖον,
1638 477 1716 529 ὅτι
1782 482 1872 530 καὶ
1929 486 2002 547 τῷ
2060 483 2160 528 σὼ-

512 588 641 640 ματι
689 573 961 640 συμφωνία
999 567 1185 637 ψυχῆς
1238 572 1328 618 καὶ
1373 566 1522 637 ὕλης,
1594 569 1713 618 ἴσου
1795 572 1884 618 καὶ
1957 565 2156 633 ἀνίσου,

507 655 688 709 λευκοῦ
744 661 832 708 καὶ
878 655 1108 728 μελανος,
1159 655 1326 716 εὐθέος
1393 661 1482 707 καὶ
1560 663 1883 730 περιφεροῦς,
1971 653 2158 726 ἐλαχί-

512 763 640 796 στου
695 750 783 796 καὶ
829 743 1077 814 μείζονος,
1131 746 1221 792 καὶ
1287 741 1450 793 ἄλλων
1539 750 1687 793 τινῶν
1777 738 2159 815 συνδραμουσα

507 842 570 905 τῇ
603 830 782 902 τοιᾷδε
810 832 952 896 τάξει
987 840 1119 884 Θεου
1174 827 1518 905 δημιουργία,
1576 838 1758 904 κρατεῖ
1808 837 1897 882 καὶ
1946 834 2158 901 συνέχει

506 921 602 974 κᾶν
669 919 968 996 διήρθρωσε
1030 928 1227 988 πρῶτον
1277 925 1366 971 καὶ
1427 920 1590 987 ἔταξε,
1647 925 1816 971 καίτοι
1871 926 1961 971 καὶ
2046 926 2157 981 τοῖς

506 1011 699 1071 ὑλικοῖς
757 1015 938 1082 μέρεσι
996 1017 1192 1080 χυμοῖς
1235 1005 1292 1060 δὲ
1344 1009 1494 1080 λέγω,
1550 1007 1800 1079 ἀναλογία
1845 1014 1936 1060 καὶ
1989 1008 2152 1074 τάξις,

661 1096 730 1157 δὴ
753 1104 811 1149 1'6
862 1099 1152 1170 θαυμάσιον
1207 1099 1288 1148 ὁτι
1336 1102 1426 1148 καὶ
1485 1097 1661 1158 αὐτοῖς
1707 1094 1774 1154 δή
1828 1105 1931 1157 τοῖς
1986 1096 2154 1168 ψυχι-

505 1195 617 1248 κοῖς
653 1191 856 1259 μέρεσι,
915 1185 1057 1248 τάξις
1115 1191 1204 1237 καὶ
1257 1190 1532 1257 συμφωνία
1585 1195 1677 1237 του
1729 1191 1802 1257 μὴ
1842 1191 2154 1260 κατεπαίρε-

507 1279 632 1329 σθαι
659 1286 759 1328 τῶν
789 1281 919 1349 ὅρων
949 1276 978 1333 ἡ
1011 1275 1352 1328 ἐλαττοῦσθαι
1381 1279 1412 1333 ἦ
1447 1271 1778 1327 διαλύεσθαι.

572 1364 842 1436 γ””Ωστε
889 1361 1054 1422 οὐδὴν
1111 1365 1169 1416 οὐ
1224 1372 1319 1424 τῆς
1380 1367 1600 1435 φύσεως,
1652 1362 1779 1415 ἀλλὰ
1840 1366 2010 1415 πάντα
2059 1367 2149 1435 μὲν

503 1456 617 1525 ἔχει
675 1458 806 1527 πρὸς
850 1453 1034 1520 αὐτὴν,
1090 1456 1158 1504 τὰ
1193 1456 1282 1524 μὲν
1332 1457 1692 1524 γνησιωτέρως
1759 1457 1854 1510 τὴν
1936 1455 2147 1522 σχέσιν,

502 1547 571 1595 τὰ
625 1540 684 1596 δὲ
733 1543 1060 1618 πορρωτέρωο
1127 1542 1402 1614 Ὑφαντικη
1466 1545 1568 1613 γὰρ
1647 1540 1996 1613 συμϐάλλεται
2079 1542 2149 1603 εἰς

501 1637 596 1691 τὴν
622 1641 718 1692 τῆς
765 1631 1027 1693 πολιτείας
1061 1635 1348 1693 κοινωνίαν,
1407 1629 1542 1689 πλὴν
1591 1629 1695 1682 ἀλλ’
1752 1630 1859 1700 οὐχ
1896 1633 1965 1692 ὡς
2019 1651 2150 1703 μου-

504 1728 650 1780 σική-
701 1729 786 1775 Δεῖ
833 1718 892 1774 δε
938 1727 1010 1794 μὴ
1066 1719 1366 1774 ἀπατᾶσθαι
1416 1729 1486 1790 τῲ
1533 1722 1634 1772 ἔθει
1681 1724 1797 1772 τινὰ
1847 1726 1936 1772 καὶ
1988 1727 2146 1794 τιμᾲν
2182 1738 2225 1792 Β
2255 1718 2389 1768 πάνυ
2437 1717 2626 1788 μᾶλλον
2676 1717 2859 1788 ἕψεται
2930 1720 3135 1771 πάντων

498 1814 558 1862 1'6
575 1815 649 1882 μὴ
675 1829 880 1882 τιμιον.
936 1806 1148 1868 Ἐπειδὴ
1206 1817 1265 1881 τῇ
1320 1817 1548 1881 μουσικῇ
1608 1810 1754 1871 τάξις
1803 1816 1893 1861 καὶ
1937 1829 2149 1882 συμφω-

499 1918 604 1965 νια,
641 1904 728 1951 καὶ
782 1902 849 1951 τὰ
903 1902 994 1971 μεν
1057 1901 1227 1951 πάντα
1273 1899 1324 1950 ἐν
1371 1905 1648 1970 μουσικοῖς
1697 1898 1872 1969 λογοις
1913 1900 2147 1971 ὑπάρχει

499 1987 552 2040 ἐν
599 1985 676 2049 οἷς
726 1994 816 2041 καὶ
869 1989 1014 2051 τάξις
1068 1993 1159 2040 καὶ
1210 1993 1503 2059 συμφωνία·
1553 1989 1805 2059 ὑφαντικὴ
1891 1985 1949 2040 δὲ
2028 1989 2146 2040 οὒτε

498 2083 759 2149 μουσικὴν
814 2077 934 2135 ὅλην
989 2078 1123 2149 ἔχει,
1174 2080 1292 2129 οὔτε
1345 2081 1447 2149 μὴν
1490 2077 1538 2129 ἐν
1594 2077 1683 2149 ὅλῃ
1763 2076 1923 2129 ἐστίν’
2010 2082 2146 2130 ὥστε

499 2171 829 2239 φυσικωτίρα
890 2169 981 2239 μὲν
1032 2171 1286 2238 μουσικὴ,
1346 2163 1527 2225 ἐπειδὴ
1599 2186 1657 2218 το
1737 2168 2144 2238 καθολικώτερον

495 2256 727 2330 ὑπάρχει
753 2261 844 2308 καὶ
873 2261 1240 2328 φυσικώτερον,
1280 2259 1337 2307 τὸ
1397 2252 1456 2307 δε
1513 2275 1862 2328 φυσικωτερον
1917 2254 2141 2327 ἐξανάγ-

494 2362 593 2404 κης
641 2349 733 2396 καὶ
777 2350 1099 2416 τιμιώτερον·
1157 2346 1185 2402 ἠ
1234 2349 1464 2415 μουσικὴ
1518 2343 1778 2415 ἐπιστήμη
1829 2344 1934 2418 ἆρα
2015 2347 2142 2396 ταύ-

497 2452 586 2493 της
638 2430 733 2486 ὃιὰ
777 2433 945 2485 ταῦτα
1003 2437 1307 2508 τιμιωτέρα.
1361 2435 1472 2484 Δία’
1507 2451 1659 2485 τουτο
1716 2437 1787 2491 μὴ
1853 2431 2144 2486 ἀπατάσθω

493 2610 645 2679 lum,
676 2614 895 2665 terram
924 2613 984 2664 et
1009 2608 1310 2664 mundum
1327 2609 1690 2676 universum,
1707 2609 1824 2666 hoc
1847 2614 2140 2667 estrerum

495 2698 904 2769 omniumquee
925 2695 1074 2752 coelo
1099 2702 1156 2752 et
1181 2703 1336 2752 terra
1373 2697 1979 2769 comprehenduntur,
2003 2716 2142 2757 con-

495 2787 762 2844 cordiam
785 2793 966 2858 atque
994 2785 1467 2842 convenientiam
1499 2787 1747 2856 gignant
1775 2793 1833 2843 et
1880 2787 2139 2847 foveant.

493 2876 790 2948 Imprimis
843 2890 984 2931 vero
1043 2874 1102 2930 in
1159 2889 1406 2946 corpore
1457 2883 1533 2931 Sit
1605 2882 1930 2932 concentus
2012 2879 2140 2934 ani-

492 2981 608 3021 mae
639 2972 695 3021 et
717 2971 1002 3021 materiae.
1028 2963 1290 3036 Denique
1311 2965 1562 3037 aequalis
1581 2970 1639 3020 et
1657 2965 1993 3037 inmqualis,
2017 2966 2139 3023 albi

492 3061 549 3110 et
565 3054 739 3124 nigri,
779 3055 921 3109 recti
945 3058 1001 3109 et
1051 3052 1423 3118 orbicularis,
1476 3054 1708 3109 minimi
1765 3061 1822 3110 et
1868 3056 2136 3127 majoris,
2170 3081 2213 3141 ρ

491 3144 658 3216 quod
670 3144 849 3200 etiam
861 3145 1133 3199 omnium
1149 3142 1404 3199 aliarum
1435 3159 1633 3198 rerum
1656 3146 2136 3202 convenientiam

490 3231 704 3289 eﬂicax
730 3248 914 3304 opera
928 3233 1029 3287 Dei
1049 3246 1187 3287 cum
1209 3231 1509 3302 ejusmodi
1526 3231 1749 3287 .ordine
1775 3247 2141 3290 concurrens

488 3322 669 3378 hodie
693 3322 874 3377 etiam
910 3321 1106 3376 foveat
1157 3327 1213 3375 et
1261 3321 1579 3390 contineat,
1642 3327 1700 3378 et
1740 3322 1802 3376 in
1843 3323 2138 3396 principia

489 3409 948 3468 conformaverit
989 3413 1046 3463 et
1095 3409 1480 3464 constituerit.
1525 3413 1815 3467 Praeterea
1872 3412 2137 3468 etiamin

490 3498 636 3569 ipsis
662 3496 985 3552 materiatis
1004 3497 1301 3567 partibus,
1326 3513 1545 3570 nempe
1573 3498 1636 3553 in
1663 3499 2013 3556 humoribus
2047 3505 2136 3558 est

484 3583 761 3656 poportio
784 3587 842 3638 et
867 3582 1039 3639 ordo.
1077 3582 1191 3639 Sed
1210 3584 1326 3639 hoc
1355 3585 1649 3657 imprimis
1724 3587 1994 3644 mirabile
2043 3596 2134 3645 est

481 3672 546 3727 in
575 3670 761 3728 animi
790 3670 1058 3742 partibus
1095 3670 1369 3727 ordinem
1402 3674 1600 3728 inesse
1636 3681 1694 3730 et
1748 3682 2128 3744 concentum,

483 3765 741 3831 ut.extra
769 3759 1055 3815 terminos
1089 3774 1231 3815 suos
1280 3766 1338 3816 et
1381 3761 1531 3816 ﬁnes
1561 3777 1684 3818 non
1715 3764 2007 3821 excedant
2027 3771 2133 3822 aut

482 3849 775 3906 decedant
801 3856 906 3905 aut
933 3848 1355 3904 dissolvantur.

552 3941 611 3994 3.
650 3941 843 4003 Quare
870 3936 1017 3993 nihil
1041 3943 1129 3994 est
1164 3938 1330 4010 quod
1381 3937 1462 3994 ad
1522 3945 1803 3997 naturam
1840 3957 1962 3997 non
1983 3941 2130 3998 refe-

481 4034 665 4085 ratur.
682 4027 967 4093 Quamvis
985 4035 1184 4084 autem
1206 4031 1415 4084 omnia
1427 4033 1640 4085 natura
1655 4030 1792 4102 ipsa
1804 4032 2126 4102 contineat,

482 4123 622 4172 sunt
647 4123 847 4172 tamen
871 4118 1152 4188 quadam
1179 4132 1314 4188 quae
1343 4118 1538 4187 magis
1569 4119 1896 4188 genuinam
1917 4120 1994 4175 ad
2024 4136 2128 4176 na-

481 4211 672 4262 turam
693 4205 918 4262 habent
935 4205 1306 4272 relationem,
1329 4207 1609 4279 quaedam
1631 4210 1805 4264 etiam
1832 4216 1973 4266 sunt
1993 4227 2130 4282 qum

479 4293 716 4363 longius
747 4309 784 4349 a
801 4299 1016 4349 natura
1043 4295 1284 4352 distant.
1313 4297 1582 4354 Textoria
1603 4299 1767 4355 enim
1791 4305 1882 4354 est
1949 4299 2130 4355 alicu-

474 4382 576 4452 jus
607 4398 754 4436 usus
773 4382 839 4436 in
868 4398 1195 4439 communa
1219 4386 1493 4441 omnium
1520 4390 1823 4457 societate,
1855 4388 1963 4444 sed
2003 4404 2130 4445 non

2269 485 2368 528 τών
2408 477 2706 551 εἰρημένων,
2747 484 2837 530 καὶ
2903 479 2950 530 ἐν
2996 479 3181 551 ἑτέροις
3247 489 3466 535 τουτώνὶ
3519 492 3625 534 τῶν
3701 480 3900 554 ἰδιωμά-

2267 583 2366 615 των
2400 562 2703 636 ἰδιώμασιν.
2767 566 2920 619 Ἔστι
2975 570 3076 642 γὰρ
3123 565 3611 643 διακεχωρισμένον
3661 577 3724 623 τὸ
3784 576 3898 640 φύσει

2265 661 2354 703 τοῦ
2410 655 2546 706 θέσει
2597 674 2651 707 τε
2698 661 2788 707 καὶ
2843 663 2932 708 τοῦ
2973 660 3178 730 κράσει.
3249 657 3504 733 Ὑπάρχει
3544 668 3678 730 γοὺν
3764 665 3900 731 τίμιον

2997 742 3334 818 Φιλαδελφείᾳ
3418 751 3479 800 1'6
3564 767 3896 804 σκυτευτικον.

2268 834 2367 881 Καὶ
2396 832 2592 902 ὅτιμὲν
2652 833 2742 883 οὖν
2791 838 2881 884 καὶ
2934 836 2994 884 τὸ
3053 841 3384 886 σκυτευτικόν
3453 841 3773 905 συνίστησι,
3822 843 3898 889 πό-

2263 916 2381 978 λεως
2407 924 2562 994 μέρος
2600 919 2760 974 ἐστίν.
2817 920 2973 973 Ἐστι
3022 918 3081 974 δὲ
3136 923 3298 981 πολλὴ
3350 931 3458 976 τοῖν
3509 921 3665 976 δυοῖν
3715 928 3748 984 ἠ
3805 923 3898 978 δια-

2263 1010 2414 1080 φορά·
2447 1011 2501 1059 τὸ
2555 1012 2646 1079 μὲν
2682 1012 2784 1081 γὰρ
2842 1005 3081 1081 διαιρουν
3135 1015 3315 1082 φύσεις
3361 1017 3449 1064 καὶ
3492 1013 3665 1078 ἑνοῦν,
3726 1018 3886 1075 καὶῶς

2265 748 2310 793 Ν
2315 747 2460 814 ικαίᾳ
2526 746 2585 794 τὸ
2625 744 2917 816 φιλόσοφον,

2262 1097 2498 1147 ὁπωσοῦν
2563 1103 2636 1168 μὴ
2691 1097 2770 1149 ἐόν
2823 1117 2876 1150 τι
2927 1104 3077 1171 μέρος
3156 1099 3566 1174 ἀνεξερεύνητον,
3651 1104 3772 1176 εὗρε
3830 1110 3900 1155 καὶ

2259 1188 2354 1240 την
2402 1190 2765 1252 σκυτευτικην,
2811 1189 2957 1260 ευρόν
3000 1183 3062 1240 δὲ
3118 1194 3470 1262 φυσιοτροπία
3542 1198 3606 1263 τῇ
3638 1195 3785 1244 κατὰ
3840 1193 3902 1244 λε-

2259 1291 2349 1343 γον
2405 1270 2702 1346 διήρθρωσε
2757 1274 2924 1341 τάξιν,
2985 1282 3296 1335 σκυτευτικὴ
3347 1275 3406 1330 δε
3479 1279 3601 1331 οὔτε
3679 1280 3903 1350 φυσιολο-

2257 1365 2478 1430 γησασα
2529 1359 2642 1434 εὗρε
2686 1368 3002 1430 τεκτονικὴν,
3069 1367 3186 1417 οὔτε
3235 1362 3484 1418 διελοῦσα
3519 1375 3900 1442 χρυσοχοείαν.

3307 1465 3622 1515 σκυτευτικῆ
3633 1477 3682 1525 ς,
3766 1458 3908 1511 Ὠστι

2259 1548 2602 1601 σκυτευτικῆς
2629 1544 2718 1612 μὲν
2776 1540 3148 1613 ἀφανισθείσης
3193 1546 3345 1613 ἴσως,
3397 1543 3492 1596 οὐκ
3543 1544 3604 1596 ἂν
3668 1553 3799 1599 ποτί
3840 1568 3910 1608 τις

2257 1630 2373 1701 εὶπη
2433 1627 2687 1701 ἐφθάρθαι
2742 1633 2833 1692 τὰς
2881 1630 3074 1692 πόλεις·
3144 1631 3422 1706 φιλοσοφίᾳ
3491 1631 3555 1687 δὲ
3633 1639 3780 1688 κατὰ
3859 1643 3910 1690 τὸ

3229 1722 3414 1792 φθορά.
3485 1720 3712 1780 Ἐπειδὴ
3775 1721 3833 1777 δε
3879 1728 3906 1782 ἡ

2252 1808 2447 1866 ταύτης
2494 1807 2662 1878 φθορὰ
2724 1815 2822 1858 τῶν
2887 1806 3129 1860 πλειόνων
3177 1806 3289 1860 ἐστὶ
3343 1811 3531 1882 φθορὰ,
3587 1810 3804 1883 ἀναγκα
3837 1833 3910 1865 ιο-

2251 1897 2378 1967 τερα
2412 1900 2501 1946 καὶ
2529 1900 2773 1969 κρείττων
2811 1894 2946 1950 ἐστί.

2327 1979 2392 2037 δ’.
2451 1991 2536 2035 Δεῖ
2576 1992 2702 2055 γοῦν
2745 1986 2847 2037 ἔθει
2893 1990 2965 2056 μὴ
3017 1983 3342 2039 ἀπατᾶσθαι·
3401 1984 3554 2040 οὐδὲν
3621 1993 3729 2064 γὰρ
3811 1987 3914 2044 διί-

2255 2073 2420 2125 στειλε
2473 2077 2569 2132 τὴν
2636 2069 2793 2136 δόξαν
2844 2083 2945 2125 τῶν
3002 2074 3195 2128 πόλεών
3251 2096 3304 2128 τι
3361 2081 3391 2135 ἣ
3456 2079 3591 2148 ἔθος,
3651 2083 3716 2132 1'6
3750 2077 3914 2134 δεινὸν

2253 2159 2438 2233 ἀρετῆς
2493 2167 2580 2214 καὶ
2640 2169 2824 2224 κακίας
2879 2167 3112 2236 ὄργανον.
3160 2166 3226 2217 Δί
3434 2167 3522 2220 οὗν
3582 2169 3771 2240 ἄμφω,
3830 2191 3914 2242 φιν

2251 2251 2470 2323 λοσοφία
2525 2257 2614 2304 καὶ
2641 2258 2974 2319 σκυτευτικὴ,
3031 2256 3250 2326 φύσεως,

2258 1451 2412 1521 ἄμφω
2461 1454 2561 1525 γὰρ
2630 1451 2955 1524 φιλοσοφίας,
3013 1459 3103 1506 καὶ
3150 1455 3210 1506 οὐ

3346 2252 3584 2330 διαφέρει
3688 2254 3751 2310 δὲ
3848 2267 3914 2330 τῷ

2251 2341 2518 2412 ἀναγκαίῳ
2546 2347 2736 2411 καὶτῷ
2775 2347 2846 2413 μὴ
2898 2342 2976 2395 ἀεὶ
3029 2341 3316 2415 ἀναγκαίῳ.
3378 2343 3502 2398 Ὀτι
3553 2343 3618 2399 δὲ
3689 2357 3914 2420 τιμᾶται

2250 2436 2314 2500 τῇ
2374 2432 2465 2501 μὲν
2519 2433 2576 2482 τὸ
2648 2431 2802 2504 (sic),
2858 2438 2920 2504 τῇ
2982 2428 3032 2483 δ’
3112 2435 3196 2499 οὔ,
3260 2435 3555 2495 συνηθείας·
3647 2437 3812 2509 ἄμφω
3861 2435 3918 2492 δέ

2250 2611 2418 2664 tatas.
2455 2610 2552 2664 Est
2578 2607 2733 2664 enim
2748 2607 3088 2664 distinctum
3110 2613 3169 2664 et
3186 2616 3528 2682 separatum
3544 2611 3728 2678 illud,
3752 2615 3916 2687 quod

2249 2702 2467 2753 natura
2495 2703 2728 2753 constat
2756 2698 2834 2753 ab
2857 2714 2947 2764 eo,
2975 2698 3145 2771 quod
3175 2700 3468 2771 positione
3499 2705 3557 2756 et
3617 2707 3912 2774 tempera-

2252 2786 2408 2842 tione
2443 2791 2697 2844 constat.
2753 2787 2962 2843 Nicaeas
3008 2788 3185 2858 igitur
3227 2787 3625 2862 philosophia
3678 2791 3909 2861 colitur,

2248 2873 2674 2946 Philadelphia;
2706 2892 2804 2931 ars
2835 2876 3110 2933 coriaria.
3154 2879 3304 2933 Nam
3355 2883 3415 2934 et
3455 2878 3730 2936 coriaria
3775 2883 3910 2954 quia

2247 2967 2479 3033 partem
2508 2963 2762 3018 civitatis
2782 2963 3112 3035 aliquando
3134 2965 3458 3032 constituit,
3487 2967 3762 3024 civitatis
3776 2985 3910 3040 pars

2246 3052 2492 3106 dicetur.
2525 3053 2622 3106 Est
2663 3057 2864 3108 autem
2909 3067 3135 3121 magna
3181 3053 3504 3109 ambarum
3547 3052 3910 3111 facultatum

2246 3140 2618 3196 differentia:
2650 3157 2796 3197 nam
2832 3142 3000 3213 quod
3047 3143 3385 3199 universam
3431 3149 3729 3200 naturam
3788 3161 3909 3217 per-

2245 3235 2408 3285 meat
2434 3235 2490 3286 et
2525 3230 2784 3301 copulat,
2821 3237 2883 3286 ut
2928 3231 3026 3286 cui
3090 3230 3258 3288 nulla
3301 3247 3442 3303 pars
3503 3238 3596 3288 est
3651 3240 3911 3302 natura,

2244 3333 2624 3389 quaecunque
2651 3318 2896 3374 tandem
2945 3319 3019 3376 sit
3075 3320 3672 3392 impervestigabilis,
3721 3327 3913 3378 artem

2245 3408 2560 3464 coriariam
2588 3410 2825 3480 reperit,
2856 3409 3162 3465 inventam
3191 3409 3386 3466 dende
3411 3411 3680 3467 naturali
3727 3412 3916 3469 modo

2243 3504 2403 3553 certa
2428 3499 2660 3554 ratione
2680 3497 3080 3555 conformavit
3103 3506 3161 3556 et
3191 3500 3509 3556 constituit.
3539 3507 3618 3557 At
3662 3517 3772 3558 ars
3825 3517 3918 3559 oo-

2240 3586 2440 3658 riaria,
2473 3602 2670 3659 neque
2696 3587 2750 3642 vi
2779 3587 3070 3644 naturalis
3099 3589 3357 3645 scientiae
3387 3588 3666 3644 fabrilem
3692 3598 3918 3657 artem,

2240 3691 2437 3748 neque
2475 3677 2530 3732 vi
2582 3677 2976 3733 distinctionis
3021 3685 3212 3735 artem
3264 3677 3587 3736 auriﬁcum
3627 3684 3914 3753 reperit;

2240 3772 2494 3838 utraque
2513 3766 2674 3821 enim
2697 3772 2784 3822 est
2805 3766 3202 3840 philosophiae
3223 3773 3422 3824 etnon
3438 3769 3586 3825 artis
3607 3771 3915 3827 coriarias.

2240 3858 2434 3922 Quare
2463 3855 2702 3911 sublata
2719 3855 2795 3911 de
2843 3856 3036 3913 medio
3086 3858 3360 3925 coriaria,
3413 3872 3600 3914 nemo
3647 3858 3912 3916 fortasse

2236 3944 2468 4011 dixerit,
2518 3944 2783 4000 civitates
2829 3945 3116 4002 interiisse
3162 3965 3179 4017 ;
3231 3946 3336 4002 sed
3380 3946 3428 4000 si
3509 3945 3910 4021 philosophia

2235 4032 2558 4098 tolleretur,
2591 4034 2790 4104 potius
2811 4036 3058 4091 omnino
3089 4040 3436 4107 sequeretur
3483 4036 3775 4093 omnium
3812 4053 3904 4093 re-

2236 4139 2373 4178 rum
2398 4123 2689 4178 interitus.
2718 4124 3013 4188 Quoniam
3034 4130 3236 4180 autem
3257 4124 3661 4196 philosophiae
3696 4126 3906 4182 interi-

2237 4215 2334 4268 tus
2381 4211 2645 4284 plurium
2673 4218 2763 4268 est
2807 4212 3090 4278 interitus,
3123 4213 3504 4286 philosophia
3551 4219 3648 4269 est
3707 4215 3905 4270 multo

2239 4302 2434 4370 magis
2457 4301 2822 4369 necessaria,
2844 4301 3154 4374 multoque
3196 4302 3632 4374 prmstanstior.

2307 4393 2360 4444 4.
2392 4388 2731 4446 Cavendum
2749 4389 2925 4461 igitur
2946 4405 3021 4445 ne
3041 4392 3472 4447 consuetudine
3493 4390 3906 4462 decipiamur.

479 4470 628 4528 tanti
646 4470 856 4542 quanti
874 4477 964 4525 est
989 4473 1241 4528 musica.
1274 4473 1492 4530 Verum
1529 4477 1868 4532 cavendum
1914 4483 2003 4534 est
2051 4493 2128 4534 ne
2159 4487 2203 4540 Ι)
2237 4477 2406 4534 Nulla
2433 4478 2595 4532 enim
2621 4477 2740 4533 alia
2758 4493 2850 4533 res
2887 4477 3084 4534 studia
3129 4478 3386 4546 diversa,
3438 4480 3907 4552 sententiasque

479 4575 588 4633 per
605 4559 1101 4615 consuetudinem
1121 4561 1182 4616 in
1194 4576 1456 4618 errorem
1475 4564 1858 4632 inducamur,
1888 4570 1947 4622 et
1961 4567 2128 4638 quod

476 4664 602 4705 non
628 4653 718 4704 est
741 4647 1083 4716 colendum,
1114 4649 1407 4708 colamus.
1431 4652 1728 4717 Quoniam
1763 4655 1925 4710 enim
1975 4656 2125 4712 ordo

475 4743 536 4794 et
563 4743 889 4793 concentus
911 4740 1064 4792 inest
1084 4737 1146 4791 in
1183 4739 1416 4796 musica
1437 4745 1493 4795 et
1521 4742 1727 4798 omnia
1756 4743 1998 4799 musicis
2032 4761 2127 4802 ra-

475 4828 737 4885 tionibus
762 4827 1143 4885 continentur
1160 4829 1222 4883 in
1243 4828 1466 4900 quibus
1497 4830 1652 4888 inest
1674 4833 1824 4889 ordo
1867 4840 1924 4890 et
1975 4850 2124 4891 con-

475 4923 682 4974 centus
709 4936 724 4986 ;
754 4917 1001 4974 textoria
1028 4922 1231 4974 autem
1259 4932 1456 4990 neque
1480 4921 1777 4978 musicam
1803 4927 1990 4979 totam
2019 4925 2122 4981 ha-

474 5005 593 5072 bet,
619 5007 893 5078 nequein
923 5011 1044 5062 tota
1063 5013 1150 5062 est
1179 5007 1431 5078 musica,
1463 5008 1686 5066 idcirco
1711 5011 1942 5067 musica
1987 5027 2124 5084 pro-

475 5093 610 5164 pius
622 5094 700 5148 ad
710 5101 989 5151 naturam
1001 5095 1251 5165 accedit,
1264 5097 1753 5170 quandoquidem
1766 5100 2001 5156 musica
2012 5107 2120 5165 est,

473 5181 670 5250 magis
697 5182 1052 5239 universalis
1068 5189 1125 5239 et
1143 5183 1345 5240 idinco
1367 5184 1710 5256 diligentius
1735 5188 1988 5245 colenda
2008 5195 2117 5260 est,

476 5276 534 5325 et
561 5270 775 5340 majori
797 5272 859 5327 in
882 5275 1071 5344 pretio
1091 5273 1376 5331 habenda
1402 5291 1588 5347 quam
1607 5283 1874 5334 textoria.
1901 5281 2120 5344 Quam-

473 5358 684 5415 obrem
711 5361 938 5416 nemini
955 5361 1227 5433 imponat
1250 5369 1356 5420 aut
1392 5365 1764 5422 consuetudo
1816 5373 1920 5422 aut
1972 5367 2121 5423 rela-

472 5447 577 5518 tio,
603 5452 708 5504 aut
737 5448 868 5505 aliae
895 5465 1095 5506 rerum
1120 5467 1304 5523 supra
1332 5459 1945 5512 commemoratarum
1979 5471 2120 5527 pro-

469 5536 776 5608 prietates,
812 5541 917 5597 aut
938 5538 1198 5612 denique
1213 5541 1651 5613 proprietatum
1676 5541 1808 5601 aliis
1851 5544 2122 5617 proprie-

2235 4567 2506 4623 diversas
2535 4566 2788 4623 diversis
2839 4567 3178 4624 civitatibus
3227 4568 3446 4634 attulit,
3499 4584 3701 4640 quam
3763 4586 3909 4626 con-

2235 4656 2489 4713 suetudo
2516 4673 2653 4728 quae
2682 4661 2770 4711 est
2815 4656 3044 4712 virtutis
3095 4661 3152 4714 et
3211 4657 3336 4713 vitii
3391 4656 3904 4714 eﬂicacissimum

2230 4746 2714 4802 instrumentum.
2744 4744 2953 4802 Ambae
2982 4746 3180 4815 igitur,
3208 4761 3469 4818 nemque
3502 4747 3907 4820 philosophia

2232 4841 2288 4891 et
2312 4851 2411 4891 ars
2446 4836 2698 4892 coriaria
2723 4841 2865 4890 sunt
2889 4841 3144 4905 naturai,
3178 4837 3283 4892 sed
3303 4834 3593 4892 differunt
3621 4852 3699 4893 eo
3730 4836 3905 4910 quod

2229 4923 2331 4980 illa
2361 4925 2437 4980 sit
2463 4924 2823 4991 necessaria,
2856 4924 2987 4981 haec
3015 4939 3158 4980 vero
3180 4939 3307 4980 non
3328 4925 3704 4981 necessaria-
3727 4923 3904 4991 Quod

2229 5017 2432 5068 autem
2454 5012 2584 5068 haec
2613 5011 2832 5068 alicubi
2881 5012 3115 5080 colitur,
3161 5011 3262 5068 illa
3293 5028 3433 5069 vero
3486 5011 3723 5070 alicubi
3777 5027 3901 5082 non

2230 5101 2460 5169 colitur,
2504 5107 2593 5158 est
2645 5101 3153 5170 consuedudinis;
3201 5101 3398 5157 ambae
3446 5103 3633 5170 enim,
3677 5117 3900 5174 nempe

2229 5190 2614 5262 philosophia
2643 5197 2701 5246 et
2725 5206 2823 5247 ars
2850 5191 3102 5248 coriaria
3131 5197 3273 5247 sunt
3289 5197 3540 5247 natura.
3578 5192 3702 5249 Sed
3730 5193 3794 5248 in
3825 5192 3900 5247 ci-

2229 5279 2512 5336 vitatibus
2533 5279 2831 5349 coluntur,
2853 5284 3032 5352 prout
3055 5279 3300 5336 interior
3328 5277 3598 5337 incitatio
3628 5288 3691 5337 et
3736 5279 3898 5338 incli—

2227 5369 2392 5424 natio
2413 5372 2501 5424 est
2520 5368 2717 5438 magis
2738 5367 3047 5435 naturalis,
3081 5373 3186 5424 aut
3208 5383 3245 5424 a
3265 5371 3712 5439 temperatione
3762 5385 3894 5441 pro-

2227 5456 2403 5514 fecta.
2433 5460 2657 5514 Natura
2680 5457 2842 5514 enim
2870 5473 3082 5514 omnes
3102 5458 3439 5529 comparati
3469 5465 3616 5514 sunt
3635 5459 3723 5516 ad
3769 5459 3896 5526 phi-

2225 5544 2560 5618 losophiam
2587 5550 2694 5609 aut
2715 5545 2798 5605 ad
2823 5545 3137 5604 coriariam
3155 5551 3357 5604 artem.
3376 5545 3645 5605 Sedﬁeri
3663 5549 3895 5621 nequit.
