4064 6308
230 199 375 254 1349

1102 200 1455 258 THEODORI
1497 199 1546 254 ΙΙ
1584 200 1718 255 ιΜΡ.
1761 197 1852 251 DE
1891 193 2350 252 COMMUNIONE
2387 196 2770 256 NATURALI.

3502 201 3641 269 5350

255 331 347 383 τῆς
382 326 603 394 φύσεως,
652 326 785 375 κατὰ
843 328 1200 398 φυσικωτέραν
1243 326 1409 397 ὁρμήν
1477 320 1535 376 δὲ
1581 327 1669 374 καὶ
1699 339 1859 372 κατα·
1912 316 1960 371 Λ
2015 321 2111 374 τὴν
2165 315 2440 392 διαφορὰν,
2501 323 2670 373 πάντα
2717 318 2776 374 δὲ
2822 321 3112 395 ἐπιστήμης
3137 326 3178 360 Ψ·
3229 338 3460 383 κοινωνεῖ
3508 354 3610 409 ’γῳ

253 415 483 486 κράσεως
577 414 742 484 ὁρμήν
831 420 946 472 ταῖς
997 414 1178 467 πόλεσι
1243 420 1528 486 τιμώμενα.
1586 414 1856 482 Πεφύκασι

251 503 354 574 γὰρ
440 497 661 574 δυνάμει
717 504 904 562 πάντες
973 502 1242 574 φιλόσοφοι
1303 504 1332 561 ἡ
1393 505 1576 561 πάντες
1631 507 1852 562 σκυτεῖς,

577 413 742 484 ὁρμήν

253 586 510 641 ἀδύνατον
544 586 603 642 δε
639 594 698 641 τό
725 593 862 642 κατά
916 595 1067 642 ποιὰν
1106 588 1413 649 οἱανδήτινα
1468 596 1655 662 κρᾶσιν
1720 607 1854 660 κρα-

253 679 334 730 θὲν
391 675 590 752 ῥᾳδίως
650 677 1012 737 ἀλλοιωθῆναι.
1077 681 1203 732 Κατ’
1248 680 1433 738 αὐτοὺς
1491 676 1550 731 δὲ
1593 681 1714 738 τοὺς
1762 676 1853 728 λο-

247 787 376 836 γους
423 771 514 819 καὶ
563 773 860 839 στρατηγία
918 772 1008 819 καὶ
1061 768 1320 838 ἐλαχίστη
1404 772 1563 838 τέχνη
1636 766 1761 822 άλλη
1819 767 1849 823 ἠ

249 875 533 928 συγκρισις
562 858 698 908 κατά
734 864 914 930 χεῖρον
979 857 1113 909 οὖσα
1178 862 1268 908 καὶ
1324 864 1576 932 κρεῖττον,
1628 852 1731 908 οἷον
1759 857 1853 915 τὰς

244 948 336 1016 μὲν
381 944 553 1006 πόλεις
598 950 688 998 καὶ
748 947 814 997 τὰ
865 946 981 1003 ἔθνη
1042 949 1101 997 τό
1169 948 1539 1018 στρατιωτικόν
1588 943 1850 1016 φυλάττει,

242 1037 302 1085 τὸ
346 1037 642 1106 ποιμενικὸν
673 1030 732 1086 δὲ
762 1034 866 1106 οὐχ
916 1035 1101 1096 οὕτως.
1155 1035 1344 1088 Πολλαὶ
1397 1038 1500 1107 γὰρ
1548 1040 1619 1106 μὴ
1669 1053 1851 1092 κτηνο-

243 1130 534 1196 τροφοῡσαι
588 1122 723 1182 ζῶσι
778 1128 868 1174 καὶ
920 1127 1164 1195 μένουσιν
1216 1145 1228 1156 ·
1283 1121 1406 1175 οὐδὲ
1457 1127 1555 1192 μία
1597 1119 1655 1175 δὲ
1709 1120 1848 1174 ἐστιν

245 1208 614 1284 ἀστράτευτος,
669 1211 772 1264 οἷον
860 1211 1114 1270 Μιλήσιοι
1170 1211 1227 1264 οὐ
1293 1210 1559 1285 βουκόλοι,
1614 1214 1848 1284 ἔμπειροι

245 1297 307 1353 δὲ
387 1305 706 1372 ναυμαχίας,
779 1305 869 1352 καὶ
941 1306 1128 1375 μυρίαι
1198 1301 1366 1360 πόλεις
1428 1303 1612 1374 ἕτεραι.
1685 1297 1846 1352 Ὠστε

243 1393 513 1446 σκόπησον
544 1391 570 1441 ὁ
611 1386 911 1462 διακρίνων.
959 1388 1018 1441 Ἦ
1076 1392 1166 1461 μὲν
1213 1393 1313 1464 γὰρ
1371 1389 1612 1441 πλειόνων
1673 1385 1843 1441 δεῖται

236 1476 402 1548 λόγων
469 1477 790 1550 φιλοσοφίας,
851 1484 941 1531 καὶ
993 1477 1234 1530 πλειόνων
1287 1477 1722 1550 ἐπιτυγχάνουσα
1759 1481 1836 1536 ε’ίη

232 1565 296 1618 ἂν
335 1568 440 1619 οἷον
483 1572 574 1619 καὶ
634 1572 965 1641 φυσικωτέρα
1020 1573 1109 1619 καὶ
1164 1572 1424 1641 τιμωτέρα
1468 1568 1664 1620 πολλῶν
1715 1564 1837 1620 δεο-

2017 413 2087 466 εἰς
2126 411 2219 464 τήν
2275 405 2519 461 παιδείαν
2576 409 2761 463 ἅπασα
2806 415 2989 483 τέχνη,
3049 416 3118 476 ὡς
3169 417 3220 468 ἓν
3273 437 3379 470 τινι
3423 405 3610 495 κέντρφ

2015 493 2224 562 κύκλου,
2260 495 2332 557 εἰς
2383 496 2408 546 ὃ
2455 503 2624 549 πᾶσαι
2689 504 3071 572 προπίπτουσιν
3129 505 3183 554 αἰ
3230 502 3285 555 ἐκ
3330 515 3422 567 τῆς
3467 493 3611 582 περι-

2015 589 2217 653 φερείας
2300 585 2661 658 εἰσερχόμεναι
2714 587 2926 643 εὐθεῖαι.
2990 590 3143 643 Ἀλλά
3198 599 3287 646 καὶ
3343 603 3405 668 τῇ
3458 601 3609 670 φύσει

2013 677 2160 723 πᾶσα
2196 679 2386 746 κρᾶσις
2423 675 2623 726 ἑνοῦται
2665 679 2850 750 κράσει
2902 682 3036 730 κατὰ
3087 683 3173 737 τὸν
3230 683 3386 734 αὐτὸν
3433 677 3603 758 λόγον,

2018 763 2101 811 καὶ
2155 761 2247 812 οὐκ
2296 763 2408 814 ἔστι
2454 783 2506 814 τι
2557 767 2614 816 τὸ
2657 769 2728 837 μή
2786 768 3006 837 φύσεως,
3070 774 3159 820 καὶ
3213 770 3306 822 οὐκ
3370 774 3482 826 ἔστι
3526 796 3607 840 τις

2010 851 2171 918 τέχνη
2203 855 2276 920 μή
2321 847 2457 903 οὖσα
2505 848 2771 920 παιδείας,
2822 857 2937 926 ἔχει
3001 853 3061 908 δὲ
3104 859 3172 918 ὡς
3222 866 3372 912 πᾶσα
3418 869 3608 935 κρᾶσις

2009 943 2276 990 κοινωνίαν
2321 945 2410 992 καὶ
2462 937 2745 1001 διαστολὴν
2789 941 2844 994 ἐκ
2896 947 3150 1019 κράσεων,
3201 948 3335 1000 οὕτω
3385 947 3453 1010 δή
3512 957 3604 1008 καὶ

2010 1027 2094 1078 ἐπὶ
2156 1035 2255 1078 τῶν
2331 1037 2528 1099 τεχνῶν
2571 1035 2832 1082 κοινωνίαι
2888 1038 2977 1085 καὶ
3023 1030 3300 1088 διαστολαί
3354 1059 3368 1070 ·
3413 1039 3602 1111 μᾶλλον

2007 1117 2108 1188 γὰρ
2161 1121 2491 1189 ναυμαχικὸν
2548 1122 2789 1190 συγγενὲς
2836 1128 2929 1173 τοῦ
2985 1123 3200 1176 ἱππικοῦ
3230 1124 3260 1183 ἦ
3302 1127 3600 1199 ὑφαντικὸν,

2006 1208 2096 1256 καὶ
2165 1205 2511 1275 χαλκευτικῆς
2580 1210 2611 1264 ἡ
2698 1208 2976 1280 μεταλλική
3031 1212 3060 1271 ἦ
3120 1220 3420 1288 ποιμενικὴ,
3511 1225 3602 1272 καὶ

2005 1291 2168 1343 ἄλλων
2193 1293 2364 1349 ἄλλαι.
2390 1300 2555 1348 Τοῦτο
2585 1292 2644 1348 δὲ
2700 1303 2789 1348 καὶ
2855 1299 2938 1350 επὶ
2987 1306 3084 1360 τῆς
3131 1303 3325 1371 φύσεως
3369 1309 3596 1374 νοητέον,

2003 1381 2073 1442 ὡς
2154 1386 2244 1433 καὶ
2322 1381 2370 1434 ἐν
2431 1391 2548 1444 ταῖς
2587 1392 2777 1457 χυμῶν
2824 1386 3028 1458 μίξεσιν
3085 1391 3288 1461 εἴρηται
3343 1399 3433 1444 καὶ⁹
3481 1401 3601 1458 ταῖς

2000 1477 2099 1520 τῶν
2124 1475 2422 1542 στοιχείων.
2464 1470 2618 1544 Ἔχει
2675 1470 2735 1525 δὲ
2790 1481 2892 1527 πᾶν
2945 1479 2978 1526 ὅ
3027 1496 3079 1528 τι
3129 1481 3189 1530 τὸ
3244 1483 3464 1551 φύσεως,
3529 1487 3600 1548 ὡς

1999 1559 2218 1628 εἴρηται,
2279 1564 2580 1631 συμφωνίαν
2633 1566 2724 1613 καὶ
2772 1566 2981 1632 σχέσιν.
3031 1570 3308 1636 Συμφωνία
3359 1571 3460 1643 γὰρ
3508 1577 3597 1624 καὶ

229 1659 356 1727 μένη
420 1655 729 1727 φιλοσοφίας
791 1662 992 1729 τρόπων
1049 1661 1138 1708 καὶ
1187 1656 1406 1716 πολλοὺς
1443 1659 1670 1728 ἔχουσα,
1720 1653 1834 1708 δεῖ-
1899 1667 1938 1720 Β
1998 1651 2188 1716 σχέσις
2226 1652 2420 1720 κόσμον
2445 1653 2535 1700 καὶ
2568 1648 2715 1700 πόλιν
2766 1655 2856 1702 καὶ
2911 1656 3089 1724 κώμην
3136 1659 3226 1706 καὶ
3278 1652 3416 1708 οἷκον
3473 1678 3597 1718 συν,-

223 1764 316 1796 ται
355 1741 416 1797 δὲ
455 1749 546 1796 καὶ
589 1747 618 1802 ή
674 1744 824 1816 ἄλλη,
865 1744 998 1802 πλὴν
1056 1743 1162 1796 ἀλλ’
1211 1745 1318 1817 οὐχ
1357 1746 1536 1815 οὕτως,
1590 1748 1725 1803 ὦστε
1776 1749 1833 1798 τὸ

219 1836 352 1904 πρὸς
401 1837 496 1891 τήν
580 1832 878 1904 ἐπιστήμην
956 1833 1248 1896 πλησιάζον
1291 1842 1473 1886 πασῶν
1533 1832 1833 1906 ἐπιστημῶν

221 1927 315 1973 καὶ
387 1930 586 1993 τεχνῶν
654 1923 887 1995 ὑπάρχει
961 1927 1047 1973 καὶ
1113 1927 1436 1995 τιμιώτερον.
1488 1924 1548 1976 Εἰ
1603 1925 1692 1994 μεν
1744 1923 1832 1974 οὖν

220 2009 427 2072 ἀνάξεις
484 2011 673 2078 πάντα,
732 2012 971 2082 εὑρήσεις
1026 2009 1086 2061 ἂν
1139 2011 1389 2073 ἐξετάσων
1443 2011 1510 2072 εἰς
1573 2016 1668 2070 τὴν
1705 2013 1830 2064 καθ-

222 2099 346 2150 όλου
377 2095 644 2166 παιδείαν,
674 2102 743 2159 ὡς
769 2102 994 2174 εἴρηται,
1028 2098 1338 2170 ἀναγόμενα.

301 2186 352 2242 ε’.
386 2191 619 2240 Μάταιον
661 2184 720 2239 δὲ
777 2187 825 2240 ἓν
883 2189 1100 2240 ἕκαστον
1158 2187 1431 2253 ἐξετάζειν,
1484 2189 1592 2240 ἀλλ’
1644 2192 1700 2241 ἔκ
1753 2210 1830 2242 τι-

222 2297 323 2328 νων
352 2277 521 2328 πάντα
568 2285 717 2330 νοεῖν.
778 2273 932 2350 Ἴδης
990 2273 1024 2328 δ
1028 2280 1050 2328 ὲ
1104 2278 1276 2328 πάντα
1328 2276 1626 2350 ἐπιστήμης
1683 2283 1826 2348 ὄντα,

220 2371 530 2438 τιμιώτερα,
583 2364 883 2439 ἀτιμότερα,
940 2369 1125 2438 χείρω,
1167 2370 1402 2438 κρείττω,
1461 2373 1550 2418 καὶ
1606 2370 1827 2420 κατὰτὸ

223 2452 340 2506 ἶσον
393 2458 483 2506 καὶ
537 2457 596 2506 τό
651 2455 853 2520 ἄνισον,
909 2454 938 2512 ἣ
992 2454 1231 2506 ἐπιτάσει
1282 2459 1372 2506 καὶ
1428 2453 1599 2508 ἀνέσει
1636 2459 1828 2528 ἔχοντα

185 2690 260 2740 ut
287 2684 450 2756 quod
480 2683 686 2755 aliqua
711 2683 1141 2749 temperatione
1189 2683 1508 2755 praeditum
1548 2691 1652 2750 est,
1679 2686 1849 2742 facile

185 2774 558 2829 immutetur.
603 2772 823 2827 Eodem
857 2771 1038 2827 modo
1075 2787 1171 2826 ars
1221 2773 1606 2842 imperatoria
1649 2779 1705 2830 et
1743 2776 1852 2830 mi-

178 2863 359 2917 nima
390 2877 486 2916 ars
517 2861 903 2916 conferuntur
925 2861 1076 2915 inter
1109 2876 1193 2926 se,
1219 2875 1290 2915 ex
1312 2877 1404 2928 eo,
1437 2863 1601 2934 quod
1624 2863 1752 2918 haec
1775 2865 1850 2919 sit

179 2949 451 3014 inferior,
476 2949 577 3005 illa
599 2949 993 3020 praestantior.
1039 2950 1107 3004 Ut
1129 2965 1226 3004 ars
1275 2949 1540 3005 militaris
1584 2953 1850 3008 civitates

179 3045 246 3095 et
278 3043 480 3107 gentes
515 3043 853 3106 conservat,
888 3036 993 3092 sed
1011 3053 1108 3093 ars
1158 3038 1464 3109 pastoritia
1496 3054 1613 3093 non
1653 3040 1794 3095 item
1833 3059 1846 3109 ;
1879 3077 1919 3130 ρ

180 3127 397 3183 multa:
428 3129 586 3182 enim
634 3128 900 3182 civitates
959 3126 1281 3199 multaeque
1323 3128 1593 3182 nationes
1648 3136 1850 3185 carent

182 3217 478 3273 armentis
500 3221 556 3271 et
583 3215 883 3285 gregibus,
933 3231 1069 3269 cum
1099 3219 1300 3269 tamen
1339 3231 1460 3270 non
1494 3224 1736 3272 careant
1764 3235 1850 3274 re-

182 3306 309 3361 bus
336 3305 414 3360 ad
438 3305 656 3361 victum
672 3304 1047 3370 necessariis,
1075 3310 1139 3358 ut
1164 3305 1357 3360 vivere
1380 3310 1435 3360 et
1460 3306 1518 3360 in
1550 3322 1663 3362 suo
1693 3312 1850 3362 statu

182 3409 545 3467 permanere
570 3397 822 3465 possint.
852 3393 964 3448 Sed
991 3393 1228 3447 militari
1259 3400 1382 3448 arte
1428 3393 1592 3449 nulla
1643 3396 1857 3453 civitas

187 3497 395 3538 carere
421 3487 653 3554 potest:
684 3486 748 3537 ut
777 3481 942 3552 apud
973 3481 1226 3536 Milesios
1258 3497 1378 3536 non
1403 3488 1541 3538 sunt
1580 3483 1845 3552 bubulci,

183 3570 297 3642 qui
322 3575 520 3625 tamen
570 3571 799 3626 navalis
832 3570 1051 3625 militiae
1069 3576 1208 3625 sunt
1255 3570 1619 3640 peritissimi.
1676 3573 1847 3643 Ejus-

179 3659 358 3715 modi
391 3658 634 3714 inﬁnitaa
696 3664 832 3714 sunt
885 3658 1148 3714 civitates
1223 3659 1373 3716 aliae.
1440 3661 1847 3725 Quamobrem

175 3749 459 3805 distincte
513 3748 846 3804 considera.
900 3750 1035 3802 Esse
1083 3748 1240 3803 enim
1288 3749 1495 3804 civitas
1545 3750 1847 3820 ejusmodi

170 3841 429 3911 postest,
451 3853 587 3909 qua:
628 3837 902 3909 pluribus
927 3836 1321 3909 philosophiae
1372 3839 1654 3894 institutis
1687 3855 1842 3911 opus

168 3925 364 3983 habet
389 3931 446 3981 et
474 3925 746 3998 pluribus
779 3925 1046 3981 abundet
1070 3942 1083 3979 :
1107 3931 1285 3997 atque
1317 3926 1615 3996 ejusmodi
1637 3928 1844 3984 civitas

170 4033 317 4089 quae
347 4015 620 4088 pluribus
644 4014 1041 4087 philosophia:
1075 4015 1344 4086 partibus
1371 4032 1524 4088 opus
1555 4017 1754 4084 habet,
1787 4022 1846 4072 et

172 4103 455 4177 pluribus
481 4103 772 4171 abundat,
829 4102 1022 4172 magis
1061 4118 1134 4158 ex
1193 4102 1425 4173 legibus
1470 4109 1695 4160 naturae
1751 4107 1845 4164 est

176 4192 524 4260 constituta,
546 4191 802 4263 ideoque
826 4191 1215 4263 praestantior.
1245 4193 1384 4246 Esse
1415 4193 1593 4247 etiam
1632 4193 1840 4249 civitas

179 4282 306 4340 alia
330 4282 623 4352 ejusmodi
651 4285 864 4352 potest,
889 4295 1025 4352 quae
1047 4280 1427 4352 philosophia
1445 4281 1710 4352 quidem,
1737 4282 1842 4338 sed

179 4387 309 4426 non
332 4385 611 4442 peraeque
643 4376 822 4442 atque
840 4368 940 4424 illa
957 4370 1228 4440 superior
1248 4385 1402 4440 opus
1422 4369 1620 4424 habet.
1648 4373 1841 4434 Quare

178 4459 353 4533 quod
369 4459 445 4514 ad
469 4458 777 4514 scientiam
800 4458 994 4530 magis
1019 4458 1246 4513 accedit
1266 4459 1540 4514 omnium
1572 4459 1840 4516 scientia-

177 4565 342 4606 rum.
376 4547 605 4603 exsistit
629 4549 806 4603 etiam
837 4549 1239 4620 praestantius.
1281 4547 1536 4614 Quodsi
1563 4549 1838 4605 scruteris

177 4637 408 4702 omnia,
442 4636 772 4707 comperies
811 4635 890 4691 ad
937 4637 1276 4705 generalem
1307 4636 1721 4709 eruditionem,
1772 4643 1838 4695 ut

176 4724 402 4780 dictum
432 4731 538 4791 est,
572 4741 702 4781 esse
730 4725 1086 4781 revocanda.

249 4820 306 4870 5.
350 4813 464 4870 Sed
503 4813 739 4884 singula
783 4814 1029 4868 scrutari
1074 4812 1134 4868 in
1174 4814 1490 4885 praesentia
1546 4831 1834 4887 superva-

169 4921 357 4961 cuum
383 4909 572 4968 esset;
606 4919 676 4958 ex
695 4903 1065 4974 quibusdam
1083 4903 1262 4971 igitur
1289 4901 1674 4972 intelligenda
1694 4909 1833 4960 sunt

164 4995 404 5067 reliqua
431 4993 656 5049 omnia.
684 4993 888 5058 Porro,
912 4991 1011 5046 illa
1043 4991 1247 5046 omnia
1264 4993 1680 5062 praestantiora
1703 5008 1831 5048 esse

164 5082 527 5156 comperies,
573 5098 708 5153 quae
762 5085 900 5135 sunt
950 5080 1210 5134 scientiae
1247 5081 1620 5151 ;comperies
1648 5081 1828 5136 etiam

164 5169 361 5226 multa
415 5185 542 5225 esse
603 5169 848 5224 scientia
899 5169 1127 5233 viliora,
1189 5168 1482 5224 nonnulla
1527 5169 1829 5225 nonnullis

163 5258 585 5330 praestantiora
616 5262 671 5314 et
696 5257 981 5313 inferiora
1010 5271 1081 5312 ex
1124 5256 1461 5329 aequalitate
1488 5262 1544 5313 et
1567 5258 1830 5330 insequa-

167 5347 373 5413 litate;
409 5347 739 5403 intensione
770 5352 827 5402 et
854 5345 1375 5401 remissioneinter
1413 5362 1478 5400 se
1533 5345 1828 5403 distincta.

175 5438 322 5503 Quae
354 5441 553 5492 tamen
597 5437 804 5493 omnia
856 5437 930 5492 ad
974 5434 1284 5490 scientiam
1327 5434 1641 5505 pertinent.
1681 5438 1830 5492 Nam

173 5525 453 5598 quodam
483 5525 926 5583 communionis
954 5521 1196 5579 vinculo
1215 5538 1357 5578 cum
1403 5522 1668 5594 generali
1702 5537 1832 5581 cru-

1994 1738 2202 1792 έστησε.
2258 1742 2358 1789 Καὶ
2408 1739 2464 1788 αἱ
2537 1740 2628 1810 μὲν
2685 1740 2822 1790 κατά
2873 1743 3128 1811 φυσικοὺς
3181 1742 3365 1815 λόγους
3425 1751 3598 1818 γιγνό-

1989 1843 2138 1894 μεναι
2169 1827 2460 1896 συνάγουσι
2497 1830 2588 1897 μέν
2629 1845 2746 1878 τινα
2797 1823 3112 1902 διῃρημένα,
3156 1829 3289 1890 πλήν
3346 1831 3452 1885 ἀλλ’
3501 1835 3596 1888 οὐκ

1991 1909 2176 1982 ὀρθῶς,
2218 1912 2323 1963 οἷον
2379 1932 2455 1973 τις
2508 1913 2689 1984 ἅρχων
2743 1911 2835 1990 ἐρᾷ
2879 1923 2974 1978 τῆς
3013 1927 3314 1990 ποιμενικῆς
3370 1942 3384 1954 ·
3439 1930 3594 1976 τοῦτο

1989 2005 2176 2072 κρᾶσις
2207 2021 2220 2032 ·
2250 2005 2339 2052 καὶ
2361 2001 2441 2052 ὅτι
2467 2003 2557 2072 μὲν
2596 2003 2625 2059 ἠ
2689 2004 2845 2074 φύσις
2888 2010 3162 2076 ποιμενική
3217 2003 3401 2076 ἔδειξε,
3449 2014 3596 2085 παρά

1987 2095 2084 2148 τῆς
2138 2085 2409 2150 παιδείας.
2473 2087 2626 2142 ’Ἐστι
2676 2093 2737 2142 τὸ
2791 2093 2881 2162 μὲν
2935 2090 3182 2165 ἐρώμενον
3239 2100 3479 2167 φυσικὸν,
3531 2099 3590 2150 οὗ

1989 2183 2218 2244 φυσικῶς
2250 2173 2308 2228 δὲ
2334 2176 2359 2227 ὃ
2389 2175 2513 2249 ἐρῶν
2544 2175 2636 2250 ἐρᾷ
2669 2199 2680 2210 ·
2714 2179 2938 2252 ἄρχοντι
2966 2183 3068 2256 γὰρ
3107 2186 3161 2233 τί
3213 2187 3382 2236 κοινὸν
3413 2187 3442 2244 ή
3476 2205 3592 2239 ποι-

1986 2268 2165 2333 μενικὴ
2199 2279 2214 2327 ;
2245 2263 2371 2338 Ἐρᾷ
2427 2260 2485 2316 δὲ
2539 2271 2628 2317 καὶ
2680 2265 2986 2339 φιλοσοφίας
3032 2268 3220 2341 ἔτερος,
3279 2280 3433 2324 τοῦτο
3498 2295 3589 2346 φυ-

1989 2355 2135 2403 σικὸν
2186 2353 2354 2422 ὅντως,
2415 2354 2526 2404 ἔστι
2571 2349 2631 2405 δὲ
2696 2359 2784 2405 καὶ
2841 2359 2977 2407 κατά
3027 2363 3234 2429 κρᾶσιν.
3296 2358 3434 2413 Ἐκεῖ
3485 2366 3587 2436 γὰρ

1984 2447 2168 2516 κρᾶσις
2196 2440 2428 2514 ἀρχικῆς
2482 2446 2568 2494 καὶ
2614 2453 2938 2514 ποιμενικῆς,
2994 2443 3177 2499 ἐνθάδε
3241 2443 3302 2500 δὲ
3357 2447 3590 2522 ἀρχικῆς

1959 2687 2182 2743 ditione
2207 2689 2592 2759 conjungitur
2611 2690 2809 2746 omnis
2825 2691 3095 2762 ars,fnon
3117 2709 3291 2750 secus
3334 2700 3515 2768 atque
3551 2697 3615 2754 in

1959 2781 2162 2831 centro
2195 2775 2395 2831 circuli
2431 2779 3026 2834 conveniuntomnes
3056 2780 3230 2836 lineae
3277 2789 3450 2839 rectae
3475 2797 3613 2856 quin

1959 2880 1995 2920 a
2043 2863 2544 2921 circumcurrente
2601 2867 2760 2923 linea
2818 2866 3012 2922 ducta
3067 2873 3222 2925 sunt.
3275 2871 3614 2936 Quinetiam

1957 2954 2156 3008 omnis
2209 2954 2560 3025 temperatio
2604 2955 2658 3009 vi
2712 2960 2943 3010 naturae
2994 2972 3133 3012 cum
3183 2960 3613 3030 temperatione

1957 3041 2170 3098 eadem
2200 3043 2427 3097 ratione
2481 3043 2814 3114 copulatur.
2859 3046 3060 3116 Neque
3118 3046 3455 3118 quidquam
3499 3054 3608 3106 est.

1955 3130 2122 3202 quod
2152 3145 2273 3186 non
2309 3131 2643 3191 sitnaturae.
2675 3146 2871 3199 neque
2909 3132 3030 3188 ulla
3076 3139 3164 3189 est
3192 3149 3287 3189 ars
3325 3151 3462 3208 quae
3485 3151 3611 3195 non

1957 3219 2032 3273 sit
2054 3218 2424 3274 eruditionis.
2464 3221 2530 3274 Et
2556 3223 2623 3275 ut
2646 3221 2842 3275 omnis
2869 3223 3215 3293 temperatio
3240 3226 3614 3282 communio-

1956 3321 2097 3360 nem
2130 3322 2200 3362 ac
2231 3306 2667 3363 distinctionem
2708 3324 2781 3364 ex
2834 3311 3364 3382 temperationibus
3401 3314 3608 3386 habet,

1954 3395 2037 3452 ita
2066 3397 2246 3452 etiam
2285 3403 2442 3453 artes
2490 3399 2937 3469 conjunguntur
2983 3402 3136 3456 inter
3191 3417 3254 3458 se
3301 3407 3359 3460 et
3393 3404 3612 3461 distin-'

1957 3491 2196 3552 guntur.
2236 3487 2388 3540 Nam
2426 3485 2646 3541 militiae
2692 3486 2920 3543 navalis
2949 3503 3048 3544 ars
3104 3489 3215 3545 arti
3267 3493 3608 3548 tractando-

1955 3587 2090 3627 rum
2111 3588 2405 3644 equorum
2429 3575 2622 3644 magis
2646 3579 2735 3630 est
2761 3581 3022 3646 cognata.
3066 3592 3253 3648 quam
3282 3595 3380 3635 ars
3423 3585 3610 3637 texto-

1954 3661 2042 3716 ria
2068 3680 2086 3732 ς
2120 3667 2175 3716 et
2205 3677 2303 3718 ars
2329 3662 2626 3718 metallica
2645 3665 2866 3720 aerarias
2886 3664 2994 3720 arti
3024 3668 3218 3736 magis
3243 3673 3333 3723 est
3349 3673 3609 3739 cognata

1953 3765 2141 3822 quam
2163 3751 2494 3823 pastoritia,
2526 3755 2583 3806 et
2599 3751 2728 3807 aliis
2761 3751 2904 3808 aliae.
2941 3755 3059 3808 Hoc
3084 3760 3286 3810 autem
3333 3757 3514 3812 etiam
3543 3758 3607 3812 in

1954 3844 2170 3894 natura
2189 3839 2694 3895 considerandum
2725 3844 2834 3908 est,
2863 3845 2926 3896 ut
2947 3841 3009 3896 in
3061 3841 3385 3898 humorum
3414 3849 3472 3900 et
3493 3844 3609 3900 ele-

1952 3933 2294 3982 mentorum
2355 3927 2816 3983 admistionibus
2876 3928 3104 3984 dictum
3154 3934 3264 3986 est.
3315 3932 3606 3990 Caeterum

1951 4015 2247 4087 quidquid
2277 4021 2365 4071 est
2388 4017 2450 4070 in
2469 4021 2686 4072 natura
2705 4015 2890 4071 habet
2917 4021 3276 4072 concentum
3293 4023 3349 4074 et
3372 4018 3606 4076 relatio-

1952 4118 2111 4170 nem,
2134 4103 2655 4175 quemadmodum
2684 4103 2910 4159 dictum
2929 4109 3019 4160 est
3045 4119 3059 4170 ;
3092 4113 3416 4163 concentus
3441 4109 3605 4165 enim

1951 4197 2010 4247 et
2036 4192 2242 4248 relatio
2273 4193 2590 4258 mundum,
2618 4193 2932 4258 civitatem,
2962 4193 3164 4250 vicum
3212 4199 3270 4251 et
3309 4195 3604 4254 familiam

1953 4281 2278 4337 constituit.
2305 4286 2386 4336 Ac
2415 4280 2876 4354 temperationes
2895 4281 3143 4354 quidem
3171 4299 3308 4356 qua
3339 4300 3410 4341 ex
3430 4294 3605 4343 natu-

1951 4369 2177 4425 ralibus
2205 4368 2535 4425 rationibus
2573 4369 2864 4426 exsistunt
2904 4370 3186 4442 quaedam
3224 4373 3478 4430 invicem
3516 4374 3604 4431 di-

1949 4460 2079 4514 visa
2108 4457 2412 4529 copulant,
2442 4458 2551 4514 sed
2581 4473 2740 4530 saepe
2769 4473 2892 4514 non
2913 4464 3090 4529 recte,
3121 4460 3304 4518 veluti
3333 4477 3472 4519 cum
3499 4463 3604 4520 ali-

1947 4547 2082 4620 quis
2102 4547 2428 4618 imperator
2450 4547 2590 4603 artis
2609 4548 2932 4620 pastoritiee
2981 4549 3287 4607 studiosus
3329 4556 3420 4608 est
3445 4568 3458 4607 :
3485 4552 3606 4608 hoc

1945 4637 2106 4691 enim
2137 4642 2226 4692 est
2256 4636 2608 4708 temperatio
2640 4655 2653 4707 ;
2687 4653 2757 4693 ac
2803 4637 2952 4694 illud
2980 4639 3229 4711 quidem
3273 4641 3354 4697 ab
3409 4641 3603 4698 erudi-

1944 4725 2102 4780 tione
2133 4725 2401 4781 manavit
2428 4725 2594 4797 quod
2623 4730 2840 4782 natura
2868 4731 3058 4783 artem
3087 4728 3460 4800 pastoritiam
3485 4728 3602 4784 ho-

1942 4813 2208 4869 minibus
2247 4815 2826 4871 commonstraverit.
2869 4817 3036 4880 Quod
3096 4817 3276 4885 igitur
3322 4815 3436 4870 tale
3485 4821 3598 4886 est,

1941 4902 2212 4958 naturale
2237 4903 2484 4975 quidem
2504 4907 2590 4958 est
2625 4923 2638 4958 :
2672 4903 2777 4958 sed
2805 4903 2910 4974 qui
2947 4903 3047 4959 illo
3095 4902 3291 4959 studio
3341 4902 3597 4972 ducitur,

1941 4996 2219 5048 naturam
2243 4992 2515 5064 proxime
2544 5007 2667 5046 non
2690 4995 2975 5062 sequitur.
3001 4994 3150 5046 Nam
3173 5005 3272 5046 ars
3287 4991 3600 5062 pastoritia

1938 5081 2000 5134 in
2023 5081 2384 5152 imperatore
2433 5085 2521 5136 est
2565 5078 2791 5150 aliquid
2849 5078 3182 5134 sordidum.
3239 5079 3397 5136 Alter
3451 5095 3598 5138 vero

1939 5167 2334 5242 philosophiae
2350 5169 2656 5224 studiosus
2674 5170 2965 5238 est,atque
2976 5167 3092 5222 hoc
3103 5183 3309 5225 revera
3324 5173 3416 5224 est
3426 5173 3598 5225 natu-

1939 5256 2083 5313 rale.
2115 5258 2279 5313 Istud
2300 5259 2482 5314 etiam
2493 5273 2565 5312 ex
2581 5257 3008 5326 temperatione
3019 5255 3266 5312 exsistit.
3291 5256 3413 5314 Illic
3436 5257 3597 5314 enim

1941 5350 2031 5400 est
2062 5346 2410 5418 temperatio
2439 5345 2581 5401 artis
2599 5343 2996 5413 imperatoriae
3040 5349 3099 5399 et
3152 5346 3454 5416 pastoria,
3498 5344 3598 5400 hic

1941 5439 2143 5491 autem
2154 5435 2552 5508 imperatoriae
2564 5436 2621 5487 et
2629 5430 3080 5503 philosophicas.
3098 5433 3402 5506 Numquid
3417 5432 3599 5502 igitur

1938 5523 2054 5581 hoc
2103 5524 2353 5596 quidem
2387 5519 2794 5580 necessarium
2840 5523 2950 5593 est,
3002 5519 3154 5580 illud
3198 5537 3342 5580 vero
3374 5520 3489 5579 vita
3535 5521 3597 5580 et
