4064 6308
526 184 654 241 1351

557 396 616 452 δὲ
669 398 856 472 φαῦλον
890 418 904 466 ;
934 401 1126 472 Τοίγαρ
1185 401 1236 448 τί
1281 395 1631 469 συμϐάλλεται
1688 396 1888 474 ἆρχικῇ
1935 402 1993 451 τὸ
2048 419 2160 452 ποι-

556 492 759 560 μενικὸν
815 504 828 554 ;
884 489 980 540 Διά
1037 493 1186 538 τοῦτο
1269 491 1357 539 καὶ
1413 491 1499 540 τὸν
1555 491 1712 561 σοφὸν
1769 488 1970 541 Φίλωνά
2021 508 2158 552 τινες

559 577 802 650 ἓσκωψαν
832 581 948 637 τοὺς
1009 575 1234 648 ἀγαθοὺς
1279 582 1526 651 ποιμένας
1583 579 1814 651 ἀγαθοὺς
1871 578 1999 632 εἶναι
2055 579 2163 653 βα-

559 667 718 729 σιλεῖς
747 667 975 722 εἰπόντα.
1005 671 1142 725 Φησὶ
1173 664 1232 720 δε
1262 672 1349 720 καὶ
1392 669 1418 720 ὁ
1466 674 1692 730 ποιητὴς
1751 674 1994 742 ποιμένας
2037 669 2163 724 λαοῦ

554 761 670 818 τοὺς
723 753 982 829 βασιλεῖς,
1033 755 1091 808 οὐ
1152 757 1530 830 φυσιολογικῶς
1594 755 1653 811 δε
1699 763 1790 811 καὶ
1850 756 2163 812 ἀποδεικτι-

553 853 676 915 κῶς,
731 844 860 898 ἀλλᾶ
930 847 1218 920 ῥητορικῶς
1275 853 1364 900 καὶ
1416 844 1526 900 αῖον
1582 849 1897 909 ὑποθετικῶς
1953 855 2043 902 καὶ
2098 857 2160 922 τῇ

554 931 706 1007 ἀδείᾳ
760 943 822 1008 τῇ
874 942 970 997 τῆς
1020 940 1276 997 ποιήσεως
1307 934 1683 1012 ’παράδειγμα
1733 940 1833 1012 γὰρ
1881 946 2035 991 τοῦτο
2091 941 2165 991 τί-

556 1027 704 1089 θησι,
732 1029 822 1078 καὶ
849 1025 954 1098 οὐχ
983 1028 1050 1088 ὡς
1082 1027 1162 1079 ὃτι
1203 1022 1287 1079 δεῖ
1337 1032 1556 1100 ποιμένα
1622 1029 1751 1081 εἶναι
1797 1032 1882 1081 τὸν
1939 1027 2166 1102 βασιλέα

552 1119 822 1187 ποιμνίων,
881 1114 987 1167 ἀλλ’
1047 1117 1124 1168 ὅτι
1196 1116 1300 1168 οἷον
1350 1123 1544 1190 ποιμήν
1604 1114 1744 1170 ἔστιν
1814 1119 1839 1170 ὁ
1892 1116 2161 1192 βασιλεύς,

550 1206 743 1263 Τίθησι
775 1201 833 1256 δὲ
858 1207 956 1256 κειὺ
983 1205 1165 1277 μάχας
1197 1203 1485 1280 βατράχων
1513 1213 1600 1260 καὶ
1657 1216 1820 1280 μυῶν,
1863 1209 2051 1280 ἡρῴων
2079 1207 2165 1260 ἀν-

555 1291 692 1366 δρῶν
745 1289 1043 1366 ὑπόδειγμα
1096 1295 1393 1366 σαφηνίζων
1439 1299 1568 1370 πρὸς
1615 1300 1732 1356 τοὺς
1794 1295 2154 1369 ὀλιγωτέρους.

552 1383 824 1456 Νομιζέτω
913 1379 972 1435 δέ
1041 1401 1123 1443 τις
1200 1387 1287 1436 τὸν
1366 1383 1706 1458 Τρωξάρταον

551 1476 638 1525 τὸν
721 1470 779 1526 δε
838 1477 1149 1544 φυσίγνατον
1229 1476 1482 1546 Πρίαμον,
1545 1482 1698 1526 τοῦτο
1743 1481 1839 1526 τῶν
1897 1473 2142 1540 ἀσθενῶν,

1802 1385 2164 1458 Ἀγαμέμνονα

555 1564 666 1615 ἔστι
709 1558 768 1614 δὲ
824 1570 896 1632 τῷ
952 1569 1092 1632 σοφῷ
1147 1560 1361 1634 Ὁμήρῳ
1417 1565 1611 1624 σκοπὸς
1668 1561 1887 1614 ἐπαινεῖν
1945 1561 2154 1637 ἀρετὴν,

557 1647 644 1703 διὸ
673 1653 762 1702 καὶ
799 1655 973 1702 πᾶσαν
1003 1658 1194 1721 γνῶσιν
1232 1654 1356 1721 πρὸς
1409 1658 1561 1704 τοῦτο
1607 1647 1700 1704 διὰ
1753 1660 1906 1704 τοῦτο
1964 1652 2163 1725 αἰχμα·

553 1738 783 1799 λωτίςει.
841 1742 1042 1811 Ποιμήν
1104 1741 1193 1811 μὲν
1251 1735 1338 1791 οὖν
1381 1739 1654 1815 προϐάτων
1707 1741 1737 1799 ἦ
1796 1741 1978 1816 ἐτέρων
2035 1740 2162 1813 ἁγε-

552 1827 650 1883 λςέιν
681 1825 850 1889 οὐδεὶς
893 1830 1094 1904 ἄρχων,
1145 1827 1239 1880 κᾶν
1289 1830 1442 1890 ὅσους
1501 1833 1725 1905 χόρτους
1779 1829 1951 1902 ἁγέλος
2006 1833 2106 1904 ἔχῃ
2145 1855 2158 1868 ·

555 1917 826 1990 φιλόσοφος
875 1913 932 1970 δὲ
1005 1918 1071 1968 ὠν
1151 1921 1408 1994 μακάριός
1475 1917 1607 1990 ἐστι,
1656 1917 1750 1971 κᾶν
1807 1923 1950 1972 οἴκου
2004 1919 2162 1991 ψιλοῦ

552 2012 702 2080 μόνον
728 2008 896 2079 ἄρχῃ.
941 2012 1042 2060 Καὶ
1090 2011 1191 2080 ’γὰρ
1247 2004 1470 2080 οὐδεμία
1523 2012 1604 2070 τίς
1656 2004 1766 2061 ἐστι
1823 2018 2022 2079 γνῶσις
2084 2015 2158 2078 τῷ

554 2096 734 2156 άληθεί
821 2092 1291 2170 διαδιδράσκουσα
1366 2096 1647 2170 φιλοσόφῳ.
1705 2093 2027 2170 ’Υπόδειγμα
2102 2093 2162 2150 δὲ

551 2190 610 2238 τό
647 2187 800 2261 ῥηθεν
847 2192 1014 2239 τοῦτο.
1069 2189 1214 2238 Μετὰ
1275 2181 1335 2238 δὲ
1400 2193 1552 2238 τοῦτο
1605 2188 1870 2260 μυριάττα
1927 2185 2157 2259 ἐχόμενα

551 2279 734 2330 τούτου
794 2275 926 2334 πλὴν
984 2282 1316 2350 φυσικώτερα
1373 2280 1461 2327 καὶ
1510 2279 1582 2347 μὴ
1638 2278 1856 2348 φυσικὰ,
1911 2275 2063 2328 ἅτινα
2109 2279 2158 2328 ἓν

551 2386 662 2418 τισι
734 2369 1023 2426 κοινωνίαις
1107 2366 1407 2432 ὑποπίπτει,
1486 2363 1535 2416 ἐν
1605 2371 1678 2435 τῷ
1760 2365 1897 2436 ἄλλῳ
1945 2369 2035 2418 καὶ
2084 2372 2158 2436 τῷ

553 2453 737 2526 ἀλλοίῳ
771 2475 784 2488 ο
836 2453 930 2505 κᾶν
973 2455 1120 2526 ἔτερα
1165 2456 1289 2526 γὰρ,
1340 2452 1434 2504 κᾶν
1487 2452 1704 2528 ἑτεροῖα,
1765 2458 1883 2528 περὶ
1939 2457 1997 2506 τὸ
2051 2458 2160 2506 κέν-

551 2563 671 2620 τρον
701 2545 1013 2615 συνάγονται
1043 2546 1068 2597 ὅ
1095 2543 1234 2598 ἐστιν
1265 2544 1295 2602 ἡ
1320 2542 1542 2596 καθόλου
1571 2539 1806 2600 παιδεία.

523 2728 845 2799 indignum
881 2717 909 2773 ?
928 2733 1073 2775 nam
1096 2718 1245 2792 quid
1273 2719 1354 2776 ad
1381 2718 1828 2792 imperatoriam
1873 2721 2187 2794 pastoritia

523 2815 800 2877 confert?
832 2812 1056 2870 Idcirco
1084 2809 1334 2884 quidam
1355 2809 1684 2866 illudebant
1703 2810 2037 2882 sapientem
2057 2812 2186 2868 Phi-

519 2909 722 2967 lonem
790 2902 957 2977 quod
1004 2901 1198 2958 bonos
1255 2903 1525 2972 pastores
1589 2899 1784 2956 bonos
1835 2916 2006 2972 reges
2054 2917 2184 2957 esse

517 2997 788 3056 dixisset.
830 2996 894 3048 Et
922 2996 1098 3062 poeta
1117 3005 1288 3060 reges
1319 2988 1527 3061 populi
1569 2994 1843 3062 pastores
1894 2989 2181 3062 appellat,

518 3101 643 3143 non
672 3101 744 3140 ex
773 3079 1031 3138 naturali
1059 3078 1305 3135 scientia
1331 3083 1388 3134 ct
1412 3077 1686 3134 doctrina
1710 3077 1828 3134 hoc
1849 3079 2178 3150 proferens,

2041 171 2400 245 ADDENDA.
3783 183 3880 251 {352

517 314 608 363 καὶ
648 307 976 382 φιλοσοφίας.
1039 309 1261 382 Πότερον
1321 304 1410 360 οὖν
1468 309 1526 360 τὸ
1583 311 1672 382 μὲν
1737 307 2044 381 ἀναγκαῖον,
2103 313 2160 362 τὸ
2214 317 2261 369 Α

2413 313 2478 378 ς’.
2529 321 2625 370 Καὶ
2672 319 2727 370 αἱ
2779 318 2867 391 μὲν
2908 315 3193 389 ἐπιστῆμαι
3257 319 3347 368 καὶ
3412 317 3616 388 τέχναι,
3669 314 3866 379 οὗτωςώς

2326 411 2528 482 εἳρηται
2585 409 2794 479 ἔχουσι,
2851 406 2946 459 κᾶν
3001 408 3120 459 ὅσον
3186 425 3266 468 τις
3323 409 3442 481 φέρῃ
3500 403 3559 458 δὲ
3609 412 3712 467 τοῖς
3745 410 3862 481 πρᾶγ-

2325 501 2459 570 μασί
2511 516 2626 549 τινα
2679 497 2852 572 ἑτέραν
2934 495 3188 565 ἐξέτασιν,
3254 493 3358 547 ἀλλ’
3426 494 3503 547 ἀεὶ
3558 495 3752 568 εὑρήσει
3792 515 3865 546 κοι-

2325 590 2508 648 νωνίας
2575 591 2665 638 καὶ
2714 582 2999 652 διαζύξεις,
3066 591 3180 646 ταῖς
3230 588 3457 656 τέχναις.
3515 587 3661 654 Λέγω
3711 579 3776 649 δὲ,
3821 587 3865 647 ὡς

2323 677 2415 736 τὰς
2454 675 2744 750 εἰρημένας,
2807 675 2994 748 εὑρήσε
3033 669 3083 727 δ’
3134 671 3212 727 ἀεὶ
3268 677 3358 725 καὶ
3409 673 3603 737 πασας,
3655 671 3740 724 κᾶν
3787 691 3866 724 m-

2324 772 2479 837 νωνῇ,
2539 764 2632 817 κᾶν
2686 764 2746 817 οὔ
2797 771 3040 836 κοινωνῇ,
3099 767 3224 836 μίαν
3290 762 3513 818 ἑκάστην
3585 769 3865 814 κοινωνοῦσιν

2326 853 2514 928 ἑκάστη
2605 858 2722 930 περὶ
2810 858 2902 912 τὴν
2978 851 3273 926 ἐπιστήμην
3353 871 3367 887 ο
3426 850 3610 904 ἐκεῖθεν
3659 853 3749 924 γὰρ
3790 849 3867 902 ἐστι

2325 949 2473 996 πᾶσα
2510 945 2661 996 οἱονεί
2707 944 2737 1001 ἡ
2799 938 3047 1005 παιδείας
3101 939 3240 1010 ἰδέα,
3294 945 3383 994 καὶ
3430 941 3485 992 αἱ
3543 942 3742 1013 κράσεις
3773 943 3866 992 κατὰ

2327 1037 2416 1086 τὸν
2492 1033 2644 1086 αὐτὸν
2734 1032 2884 1105 λόγον
2957 1053 2971 1067 ο
3032 1031 3202 1084 πᾶσάι
3284 1034 3402 1103 γὰρ,
3460 1033 3526 1090 ὡς
3572 1033 3772 1103 εἴρηται,
3809 1032 3866 1080 ui

2328 1128 2633 1174 κοινωνοῦσι
2680 1126 2770 1174 καὶ
2827 1117 3224 1187 διαστελλονται
3268 1122 3396 1194 πρὸς
3448 1118 3630 1180 αὐτάς.
3684 1122 3790 1191 Περὶ
3829 1113 3866 1168 ἔξ

2329 1215 2421 1269 τὴν
2481 1213 2636 1283 φύσιν
2718 1213 2864 1269 κοινή
2921 1217 3018 1262 τῶν
3072 1208 3199 1262 ὅλων
3253 1207 3394 1260 ἐστὶν
3445 1208 3475 1266 ἡ
3543 1206 3863 1267 συνελευσιςή

2329 1297 2438 1351 ἐστι
2517 1304 2776 1356 κοινωνία.
2857 1303 3094 1370 Γίγνεται
3169 1294 3226 1349 δι
3284 1303 3436 1348 τοῦτο
3504 1300 3594 1347 καὶ
3641 1294 3766 1347 πόλει
3809 1298 3870 1345 καὶ

2327 1391 2530 1459 κόσμῳ,
2563 1391 2652 1440 καὶ
2709 1393 2857 1459 κώμη
2916 1391 3006 1439 καὶ
3052 1389 3214 1456 οἴκῳ,
3268 1385 3395 1436 αλλὰ
3453 1381 3522 1444 δὴ
3583 1389 3669 1436 καὶ
3723 1383 3868 1456 ἀτόμῳ.

2326 1481 2541 1550 Τριχῶς
2569 1479 2671 1550 γὰρ
2701 1483 2933 1528 κοινωνεῖ
2970 1478 3028 1527 τὸ
3085 1474 3294 1546 λογικὸν
3356 1477 3510 1537 ζῶον,
3567 1474 3594 1531 ἡ
3650 1475 3740 1546 γὰρ
3783 1473 3869 1544 apii-

2329 1567 2464 1624 σειῆ
2527 1567 2678 1637 φύσει
2723 1564 2754 1624 ἢ
2813 1561 3048 1637 παιδείᾳ.
3112 1568 3212 1616 Καὶ
3262 1570 3358 1625 τῆς
3414 1565 3504 1635 μὲν
3561 1570 3764 1630 φυσικῆς
3797 1581 3872 1612 κοι-

2325 1658 2590 1706 νωνίακαὶ
2615 1650 2835 1708 παιδεία
2859 1651 2988 1719 ἐστὶ,
3049 1660 3110 1725 τῇ
3166 1647 3225 1703 δὲ
3282 1652 3471 1724 κράσει
3528 1649 3619 1702 οὐκ
3662 1648 3733 1701 ἀεὶ
3780 1665 3871 1698 παι·

2328 1740 2446 1796 δεια
2473 1741 2630 1810 ἐστὶν,
2665 1743 2709 1795 εἰ
2769 1746 2840 1814 μὴ
2894 1743 3032 1793 κατὰ
3093 1744 3213 1800 τοὺς
3256 1739 3558 1816 εἰρημένους
3596 1737 3776 1809 λόγους,
3816 1736 3872 1786 ὃτι

2327 1837 2475 1886 πᾶσα
2505 1831 2718 1892 ὁντότης
2746 1834 2962 1904 φύσεως,
2990 1829 3085 1881 κΞιν
3153 1827 3325 1902 ἀγαθὴ
3379 1827 3476 1880 κᾶν
3522 1826 3601 1896 οὗ,
3649 1833 3724 1878 καὶ
3765 1829 3873 1878 πᾶσι

2325 1926 2485 1994 τέχνη
2515 1919 2808 1993 ἐπιστήμης
2837 1922 3107 1987 ὡσαύτως,
3163 1923 3253 1971 καὶ
3301 1920 3381 1971 ὅτι
3435 1916 3630 1970 ἐκεῖθεν
3677 1918 3774 1988 ἔχει
3806 1918 3871 1970 τὶν

2325 2011 2524 2063 ἕνωσιν.
2558 2014 2658 2062 Καὶ
2688 2017 2750 2082 τῇ
2819 2012 2908 2081 μὲν
2963 2004 3050 2061 οὖν
3100 2014 3293 2080 φυσικῇ
3347 2011 3610 2078 κοινωνίᾳ,
3664 2008 3724 2066 ὡς
3772 2006 3873 2075 εἰρη-

2323 2118 2432 2167 ται,
2491 2098 2809 2171 πεπλεγμένη
2907 2096 2985 2150 ἀεὶ
3054 2101 3143 2149 καὶ
3217 2092 3460 2152 παιδεία.
3523 2099 3747 2148 Κοινωνεί
3797 2093 3870 2163 γάρ

2323 2193 2413 2240 καὶ
2487 2187 2711 2248 κλέπτης
2791 2188 2856 2239 τά
2920 2186 3109 2245 κλέπτη
3159 2207 3173 2222 ο
3216 2190 3296 2247 τίς
3349 2181 3410 2238 δὲ
3464 2186 3491 2244 ἡ
3565 2181 3873 2256 μεσολαϐοῦσι

2322 2273 2587 2342 παιδείας
2632 2277 2786 2331 Ἀλλά
2836 2281 2925 2329 καὶ
2968 2281 3157 2330 τέκτων
3215 2279 3436 2339 τέκτονι,
3493 2282 3643 2326 τοῦτο
3695 2268 3746 2324 δι
3781 2270 3872 2344 κρά-

2326 2386 2475 2435 σεως,
2530 2369 2594 2427 ὡς
2648 2371 2737 2419 καὶ
2784 2369 2843 2418 τὸ
2899 2367 3023 2422 ἄνω,
3075 2369 3312 2438 Διαφέρει
3369 2360 3430 2418 δὲ
3483 2365 3564 2416 ὅτι
3607 2366 3662 2414 τὸ
3705 2364 3780 2434 μὲν
3817 2377 3870 2416 τις

2324 2459 2477 2529 φύσις
2521 2460 2611 2507 καί
2658 2475 2738 2518 τις
2804 2451 3023 2508 παιδεία
3079 2458 3285 2530 ἓκρασε,
3332 2457 3392 2506 τὸ
3445 2449 3506 2506 δὲ
3557 2451 3668 2504 οὗτε
3698 2453 3868 2522 φύσεως,

2323 2549 2438 2598 οὔτε
2530 2541 2789 2606 παιδείας.
2884 2541 3019 2600 οὐδὲ
3079 2547 3182 2618 γάρ
3231 2547 3328 2616 μία
3391 2546 3566 2617 φύσις,
3631 2543 3658 2601 ᾖ
3705 2535 3871 2593 παιδεία

2295 2722 2609 2781 muniones
2640 2727 2697 2780 et
2723 2721 3132 2780 distinctiones
3156 2721 3216 2777 in
3255 2719 3507 2778 artibus.
3557 2718 3688 2776 Dico
3737 2719 3882 2774 autem

2293 2818 2743 2885 comperturum
2812 2811 2982 2868 illum
3042 2826 3254 2867 omnes
3301 2814 3460 2866 artes
3506 2803 3880 2865 communionis

2290 2902 2532 2958 vinculo
2571 2903 2844 2958 connecti
2884 2906 2939 2957 et
2994 2901 3072 2957 ad
3122 2899 3436 2956 scientiam
3485 2897 3752 2962 revocari,
3799 2893 3880 2948 sive

2290 2992 2440 3048 inter
2471 2991 2633 3064 ipsas
2671 2991 2743 3046 sit
2784 2990 3061 3063 proxima
3087 2995 3143 3045 et
3189 2989 3533 3044 necessaria
3584 2979 3880 3047 communio,

2292 3081 2415 3136 sive
2442 3097 2563 3136 non
2600 3081 2692 3150 sit,
2726 3085 2789 3135 ut
2816 3079 2878 3135 in
2909 3077 3318 3151 superioribus
3349 3077 3630 3134 diximus.
3663 3077 3789 3130 Nam
3813 3087 3880 3125 su-

520 3175 626 3230 sed
645 3172 932 3229 rhetorice
958 3175 1015 3225 et
1051 3168 1232 3225 veluti
1260 3167 1662 3240 hypothetice,
1717 3173 1897 3240 atque
1945 3184 2018 3223 ex
2042 3183 2158 3241 poe
2221 3173 2260 3228 C
2288 3186 2501 3244 prema
2528 3169 2884 3226 illascientia
2905 3167 3318 3241 complectitur
3333 3184 3584 3224 omnem
3599 3160 3879 3221 eruditionis

517 3263 635 3321 tica
652 3261 888 3318 licentia
919 3277 933 3327 ;
965 3259 1079 3314 hoc
1104 3257 1264 3312 enim
1311 3261 1608 3328 tanquam
1662 3256 2008 3328 exemplum
2041 3272 2180 3330 pro-

519 3351 709 3424 ponit,
733 3363 856 3404 non
883 3345 1050 3419 quod
1078 3349 1350 3416 oporteat
1377 3361 1578 3415 regem
1601 3361 1729 3401 esse
1759 3347 1954 3416 gregis
1981 3351 2181 3418 pasto-

519 3455 670 3508 rem,
695 3437 800 3492 sed
819 3433 987 3507 quod
1006 3449 1111 3490 rex
1139 3433 1213 3488 sit
1238 3433 1415 3488 veluti
1447 3438 1670 3504 pastor.
1696 3435 1982 3506 Proponit
1997 3435 2179 3491 etiam

517 3541 810 3584 ranarum
841 3527 896 3578 et
924 3522 1188 3578 murium
1219 3536 1478 3593 pugnas,
1497 3523 1749 3578 heroum
1769 3539 1906 3578 cum
1925 3524 2178 3580 homini-

516 3617 634 3673 bus
662 3610 1044 3670 int'erioribus
1073 3625 1311 3683 pugnas
1331 3610 1410 3666 ob
1451 3611 1658 3667 oculos
1686 3628 1940 3685 ponens.
1971 3614 2175 3684 Fingat

516 3708 719 3764 autem
739 3701 956 3775 aliquis
983 3703 1332 3756 Troxartum
1387 3715 1516 3755 esse
1561 3707 2078 3770 Agamemnonem
2120 3709 2177 3760 ct

517 3792 994 3867 Physignathum
1015 3805 1145 3846 esse
1158 3789 1458 3846 Priamum
1483 3806 1496 3856 ;
1521 3790 1689 3860 quod
1714 3791 1962 3863 quidem
1981 3808 2178 3848 exem~

513 3883 684 3957 plum
713 3887 801 3939 est
828 3879 1289 3937 imbecilliorum
1339 3879 1678 3934 hominum.
1712 3883 1810 3936 Est
1851 3887 2054 3937 autem
2085 3897 2176 3938 sa-

516 3972 704 4045 pienti
734 3971 992 4027 Homero
1018 3984 1241 4041 sc0pus
1269 3967 1611 4040 propositus
1643 3973 1706 4025 ut
1743 3970 2020 4026 virtutem
2052 3970 2177 4026 lau-

515 4061 637 4127 det,
705 4064 761 4117 et
806 4059 1028 4116 idcirco
1073 4073 1316 4114 omnem
1359 4057 1761 4130 cognitionem
1809 4060 1861 4114 ei
1911 4059 2174 4130 subjicit.

514 4151 719 4208 Nullus
739 4149 917 4219 igitur
947 4149 1270 4220 imperator
1298 4151 1385 4202 est
1417 4147 1718 4218 pecudum
1751 4154 1853 4204 aut
1895 4148 2069 4204 ullius
2094 4148 2176 4204 al-

514 4239 694 4296 terius
725 4237 922 4307 gregis
942 4241 1165 4308 pastor,
1195 4235 1430 4292 etiamsi
1480 4241 1629 4307 quot
1665 4237 1885 4293 herbas
1923 4242 2011 4294 tot
2047 4253 2176 4309 gre.

515 4344 619 4399 ges
642 4325 865 4382 habeat
894 4343 908 4393 ;
939 4325 1046 4380 sed
1066 4325 1389 4398 imperator
1414 4324 1509 4380 ille
1537 4326 1642 4398 qui
1669 4330 1758 4382 est
1778 4326 2175 4399 philosophus

517 4419 606 4472 est
623 4414 858 4480 beatus,
879 4412 1116 4469 etiamsi
1139 4413 1378 4468 familiae
1395 4412 1571 4469 alicui
1592 4415 1886 4471 duntaxat
1902 4414 2170 4489 imperet.

2287 3259 2511 3326 ideam,
2535 3264 2601 3316 ut
2620 3259 2801 3316 etiam
2818 3264 3032 3316 natura
3053 3258 3472 3330 complectitur
3493 3252 3882 3328 temperationes

2287 3366 2360 3406 ex
2389 3348 2603 3406 eadem
2641 3349 2884 3404 ratione.
2937 3349 3157 3404 Omnes
3205 3347 3388 3413 enim,
3441 3351 3506 3402 ut
3553 3345 3760 3400 dictum
3804 3347 3881 3396 est.

2284 3442 2437 3497 inter
2454 3455 2516 3494 se
2533 3438 2960 3494 communione
2983 3437 3435 3508 conjunguntur
3451 3440 3556 3492 aut
3569 3434 3880 3502 distinguun-

2286 3532 2380 3584 tur
2395 3528 2545 3584 inter
2565 3543 2630 3583 se
2659 3543 2672 3594 ;
2701 3527 2802 3582 sed
2831 3526 2909 3582 ad
2926 3531 3206 3582 naturam
3228 3525 3630 3580 communiter
3651 3522 3881 3576 universa:

2285 3616 3146 3688 temperationesrevocantur,
3179 3631 3314 3686 quae
3369 3631 3433 3669 es
3473 3613 3730 3686 ipsarum
3770 3607 3878 3662 inter

2285 3721 2348 3760 se
2377 3705 2747 3760 communio.
2782 3703 2903 3759 Hoc
2933 3703 3111 3759 etiam
3143 3702 3202 3756 in
3243 3702 3501 3770 civitate,
3530 3698 3758 3766 mundo,
3786 3693 3880 3748 vico

2283 3792 2510 3850 familia
2530 3794 2592 3848 in
2617 3792 2928 3856 individuo
2972 3791 3244 3863 quolibet
3281 3789 3746 3846 animadvertere
3786 3796 3879 3855 pos~

2284 3898 2510 3936 sumus.
2545 3881 2778 3952 Triplex
2798 3880 2958 3936 enim
2976 3879 3321 3934 communio
3344 3877 3408 3933 in
3431 3876 3671 3933 animali
3689 3869 3878 3930 rationis

2283 3970 2568 4043 participe
2599 3970 2876 4034 cernitur,
2902 3972 3006 4024 aut
3033 3968 3196 4022 enim
3223 3966 3666 4038 temperationis
3694 3967 3778 4018 aut
3800 3974 3876 4015 na-

2283 4064 2428 4118 tura:
2459 4064 2563 4114 aut
2587 4057 2953 4114 eruditionis.
2987 4062 3068 4112 Ac
3100 4056 3160 4110 in
3197 4055 3459 4111 naturali
3508 4053 3734 4128 quidem
3755 4062 3874 4105 com-

2282 4149 2565 4205 munione
2583 4147 2833 4204 eruditio
2849 4161 3093 4220 quoque
3109 4146 3281 4211 inest,
3301 4145 3405 4200 sed
3432 4147 3496 4200 in
3517 4139 3872 4215 temperatione

2280 4253 2403 4294 non
2416 4253 2652 4310 semper
2663 4237 2814 4292 inest
2825 4234 3098 4305 eruditio,
3118 4233 3231 4289 nisi
3247 4233 3391 4289 forte
3403 4249 3475 4289 ex
3490 4233 3600 4289 illis
3611 4227 3871 4287 rationibus

2280 4343 2435 4400 quas
2460 4326 2784 4397 attulimus,
2809 4340 3028 4396 nempe
3058 4323 3223 4396 quod
3253 4322 3453 4378 omnis
3492 4323 3709 4384 entitas,
3744 4322 3791 4370 ut
3819 4312 3868 4366 ita

2281 4417 2500 4488 dicam,
2526 4417 2602 4472 sit
2620 4420 2870 4481 naturae,
2895 4413 3018 4468 sive
3043 4413 3208 4468 bona
3238 4412 3330 4478 sit,
3359 4412 3485 4467 sive
3515 4426 3630 4467 non
3662 4403 3868 4467 bona;el

515 4501 687 4562 Nulla
707 4500 868 4556 enim
902 4503 990 4556 est
1010 4500 1268 4569 cognitio
1298 4517 1434 4573 quae
1480 4517 1690 4574 verum
1741 4501 2172 4576 philosophum
2207 4538 2248 4592 ο
2281 4505 2655 4578 quodomnis
2670 4503 2858 4560 arsad
2873 4501 3184 4558 scientiam
3200 4499 3699 4556 referatureodem
3715 4490 3862 4592 modo.

515 4592 725 4663 fugiat.
757 4593 877 4646 Hoc
907 4592 1109 4645 autem
1140 4591 1280 4645 satis
1317 4591 1633 4663 perspicue
1687 4591 1800 4648 illis
1827 4609 1962 4665 quae
2017 4594 2174 4650 dicta

517 4687 656 4740 sunt
683 4697 721 4738 a
763 4679 942 4737 nobis
985 4679 1343 4736 ostenditur.
1375 4683 1836 4753 Consequuntur
1854 4683 2070 4739 deinde
2088 4684 2172 4740 in-

514 4786 770 4830 numera
797 4769 914 4827 alia
942 4784 1079 4842 quae
1099 4768 1320 4841 partim
1345 4768 1424 4824 ad
1440 4775 1717 4826 naturam
1737 4773 1984 4844 propius
2007 4788 2172 4830 acce-

515 4862 688 4928 dunt,
747 4860 967 4934 partim
1029 4858 1269 4930 longius
1323 4864 1554 4916 remota
1610 4866 1770 4918 sunt.
1834 4862 2173 4934 Suscipiunt

516 4955 718 5008 autem
737 4949 1040 5022 quasdam
1069 4947 1514 5005 communionis
1541 4952 1820 5018 rationes,
1853 4966 1925 5006 ex
1948 4951 2170 5023 quibus

517 5039 647 5097 aliae
675 5053 770 5094 res
797 5046 975 5110 atque
1005 5037 1326 5094 dissimiles
1370 5037 1728 5109 efﬁciuntur,
1759 5039 1861 5096 sed
1906 5041 2028 5096 sive
2055 5041 2171 5098 sint

517 5127 648 5184 alia)
707 5126 830 5181 sive
869 5127 1104 5183 dissiles
1164 5127 1226 5184 in
1274 5131 1476 5184 centro
1523 5145 1735 5185 omnes
1783 5130 2166 5200 conveniunt,

517 5213 686 5288 quod
705 5214 949 5286 quidem
980 5221 1251 5273 centrum
1280 5223 1369 5274 est
1399 5217 1749 5275 universalis
1771 5218 2045 5274 eruditio.

591 5307 646 5360 ϐ.
680 5306 762 5358 Ac
791 5304 1048 5361 scientiae
1079 5306 1325 5378 quidem
1355 5313 1412 5363 et
1434 5313 1588 5364 artes
1631 5308 1714 5364 ita
1747 5323 1809 5362 se
1836 5306 2061 5365 habent
2085 5307 2170 5364 uti

518 5392 800 5467 diximus,
824 5397 880 5451 et
906 5393 968 5450 in
987 5410 1416 5469 quamcunque
1454 5401 1686 5470 partem
1741 5411 1804 5452 se
1859 5401 2050 5454 vertat
2074 5397 2170 5454 ille

518 5485 625 5559 qui
640 5497 742 5546 res
769 5483 1074 5546 naturales
1091 5485 1431 5560 investigat,
1463 5502 1702 5562 semper
1723 5485 1978 5560 reperiet
2004 5501 2173 5563 com:

2281 4598 2338 4650 et
2356 4593 2521 4666 quod
2547 4610 2621 4648 ex
2648 4593 2760 4648 illis
2781 4591 3271 4648 communionem
3295 4591 3449 4645 inter
3471 4606 3533 4644 se
3556 4580 3861 4644 constituant.

2281 4683 2544 4740 Naturali
2569 4698 2711 4752 ergo
2733 4681 3146 4738 communioni
3163 4695 3399 4752 semper
3430 4693 3661 4735 annexa
3683 4677 3756 4728 est
3773 4680 3860 4723 ειη·

2279 4773 2443 4843 ditio,
2480 4771 2806 4828 utidictum
2835 4776 2925 4827 est
2955 4788 2968 4825 :
2999 4768 3107 4824 sed
3130 4768 3626 4841 temperationum
3662 4768 3862 4819 commu'

2277 4861 2575 4918 nioninon
2589 4876 2824 4932 semper
2835 4874 3074 4916 annexa
3087 4857 3439 4914 esteruditio
3455 4901 3466 4914 .
3484 4861 3626 4913 Nam
3639 4855 3768 4908 fures
3777 4844 3857 4899 duo

2276 4950 2429 5007 inter
2459 4967 2524 5005 se
2553 4948 2977 5006 communione
3008 4949 3448 5010 consociantur,
3495 4955 3747 5018 quaenam
3764 4944 3856 5018 Ver?

2277 5039 2810 5112 potestinteripsos
2823 5035 3546 5094 eruditionisintercedere
3557 5017 3857 5112 communio?

2280 5133 2585 5193 Praeterea,
2626 5128 2795 5184 faber
2843 5143 2983 5183 cum
3046 5126 3220 5183 fabro
3266 5125 3732 5182 communionem
3768 5113 3851 5169 init.

2278 5223 2457 5290 atque
2485 5219 2600 5274 hoc
2647 5221 2735 5273 est
2784 5215 3256 5289 temperationis,
3310 5209 3786 5286 quemadmodum
3818 5201 3852 5250 ει

2275 5306 2424 5364 illud
2443 5307 2740 5380 superius.
2769 5305 3055 5362 Differunt
3085 5310 3286 5360 autem
3307 5319 3377 5360 eo
3396 5301 3561 5376 quod
3581 5301 3683 5356 hoc
3699 5295 3850 5380 nature

2276 5373 2560 5471 quaedam
2580 5401 2638 5454 et
2665 5395 2918 5454 eruditio
2963 5394 3249 5469 quaedam
3303 5373 3720 5466 tem—paraverit,
3750 5373 3848 5471 ὶυξξά

2278 5461 2421 5549 vero
2456 5501 2654 5561 neque
2701 5486 2776 5548 sit
2820 5461 3070 5556 naturae,
3114 5499 3313 5559 neque
3342 5461 3698 5543 eruditionis.
3729 5461 3850 5530 Nulli
