4064 6308
111 215 224 277 1353

940 211 1313 283 rnEoDoni
1338 210 1392 283 Π
1423 222 1563 283 IMP.
1595 223 1684 280 DE
1715 215 2169 286 COMMUNIONE
2207 220 2580 290 NATURALI.

3339 229 3482 288 1354

126 350 230 419 πρὸς
280 345 452 420 φθορὰν
542 347 878 419 συσκευάζει,
960 349 1004 401 εἰ
1068 354 1139 423 μὴ
1189 350 1499 427 παραλόγως
1552 331 1673 402 ἀδι-
1731 353 1779 406 Α
1835 358 1906 408 πῆ
1947 348 2006 406 δε
2031 349 2206 408 δοῦσα
2253 352 2597 429 δυνάμει,πῆ
2656 349 2715 405 δὲ
2765 355 2854 404 καὶ
2917 350 3190 424 ἐντελεχῶς
3245 352 3305 405 οὗ
3363 359 3464 406 πᾶ.

125 443 264 488 κεῖται
307 437 436 508 παρὰ
514 443 612 488 τῶν
695 433 896 490 ἀδικεῖν
957 437 1244 496 ἐθελοντων.
1326 444 1527 498 Φυσικὴ
1616 435 1675 493 δὲ

124 529 325 578 κοινωνία
362 521 576 578 παιδεία
655 523 754 596 ἀεὶ,
834 530 934 581 εἴτε
985 537 1223 604 μερικῶς,
1283 532 1347 592 ὡς
1393 537 1503 592 τοῖς
1555 531 1675 581 τέκ-

123 632 263 684 τοσιν,
309 611 475 674 ἐπειδὴ
550 619 640 668 καὶ
715 622 1036 694 μερικωτέρα
1112 619 1278 673 ἐκεῖσε
1368 620 1398 679 ἠ
1481 622 1673 692 φυσικὴ

127 707 306 776 σχέσις,
353 705 450 757 εἴτε
494 703 800 777 καθολικῶς,
849 706 914 768 ὡς
966 706 1159 780 ἀγαθὸς
1213 711 1515 785 προαιρέσει
1571 726 1680 762 κοι-

121 799 247 846 νωνεί
269 798 400 846 παντὶ
443 791 644 866 ἀγαθῷ·
697 798 852 848 τοῦτο
904 799 1004 873 γὰρ
1061 795 1320 860 παιδείας,
1391 798 1467 852 Oti
1529 797 1680 870 λέγο-

120 899 200 955 μεν
227 878 278 934 δὲ
303 882 464 954 ὅτιπερ
493 887 548 945 ὅς
598 882 692 937 οὐκ
748 880 860 938 οἶδε
906 883 1150 940 παιδείαν
1208 887 1267 940 ού
1315 895 1546 941 κοινωνεῖ
1601 884 1679 951 οἶς

118 978 317 1026 κοινωνιί
349 971 654 1047 φιλοσόφως,
688 971 794 1027 ἀλλ’
852 979 932 1028 ὅτι
992 977 1017 1028 ὁ
1069 976 1232 1039 καλῶς
1295 979 1536 1050 πράττων
1593 997 1678 1050 φι-

115 1059 311 1134 λοσοφεῖ.
356 1068 517 1115 Τοῦτο
601 1059 661 1117 δε
706 1067 766 1117 τὸ
835 1064 1004 1129 καλῶς
1068 1068 1311 1143 πράττειν
1374 1071 1462 1120 τὸν
1522 1085 1681 1143 στρα-

111 1152 324 1223 τηγόν,ὴ
360 1157 446 1206 τόν
476 1154 733 1227 ἄρχοντα,
781 1155 811 1214 ἣ
840 1159 927 1209 τὸν
978 1162 1243 1230 τεχνίτην,
1299 1157 1328 1218 ἦ
1383 1162 1469 1211 τὸν
1536 1157 1679 1232 φίλον

111 1239 378 1314 φιλοσοφίας
414 1246 505 1295 καὶ
550 1247 738 1316 σοφίας
766 1242 900 1297 ἐστί’
954 1253 1121 1300 ταῦτα
1171 1249 1273 1320 γὰρ
1343 1245 1681 1320 ἁπηχήματα

107 1329 204 1381 οἷον
251 1337 332 1393 τῆς
380 1336 591 1404 πρώτης
645 1330 804 1387 ἐστιν.
871 1330 1110 1408 Οὐδεμία
1160 1339 1262 1410 γὰρ
1319 1338 1568 1410 μάθησις,
1637 1336 1682 1390 εἰ

104 1423 174 1492 μὴ
224 1417 272 1472 ἔκ
315 1424 757 1495 προϋπαρχούσης
811 1428 1069 1495 γνώσεως,
1117 1422 1337 1499 οὐδεμία
1375 1423 1434 1479 δὲ
1486 1434 1682 1500 γνῶσις

106 1506 262 1580 ἀγαθὴ
307 1510 418 1584 ἄτερ
459 1507 706 1575 παιδείας
773 1516 906 1574 τινὸς
971 1517 1174 1588 μέρους·
1232 1521 1537 1589 πανταχόσε
1577 1519 1680 1590 γάρ

106 1596 322 1651 ἐστικαὶ
362 1607 552 1671 γνῶσις
594 1605 684 1654 καὶ
729 1598 966 1674 παιδεία,
1032 1606 1220 1676 ἔχουσι
1282 1601 1340 1659 δὲ
1383 1603 1684 1666 ἀλληλίνδε-

105 1705 188 1740 τον
214 1691 298 1745 τὴν
349 1687 415 1750 εἰς
471 1692 536 1742 τὰ
585 1692 872 1766 πράγματα
923 1692 1236 1766 κατάληψιν.
1298 1699 1399 1749 Καὶ
1444 1703 1545 1749 ποῦ
1597 1699 1686 1768 μὲν
1750 1705 1793 1760 Β

105 1778 214 1828 ἔστι
260 1778 321 1828 τὰ
387 1785 477 1838 τῆς
565 1776 813 1842 παιδείας
893 1785 1123 1852 γνωστὰ,
1173 1790 1274 1836 ποῦ
1329 1781 1388 1837 δὲ
1443 1787 1690 1857 ἄγνωστα

105 1865 208 1918 οἷον
235 1865 308 1918 ὃτι
353 1873 668 1940 στρατηγίαν
724 1888 800 1930 τις
855 1867 1223 1945 παιδευόμενος
1287 1871 1547 1947 ἀναγκαῖα
1601 1881 1690 1930 καὶ

104 1950 402 2027 ἐνδεχόμενα
431 1961 520 2008 καὶ
547 1953 721 2028 ψευδῆ
763 1955 1070 2012 παιδεύεται
1126 1967 1428 2032 γινώσκειν,
1487 1970 1576 2018 καὶ
1626 1970 1693 2021 τὰ

101 2046 192 2115 μὶν
252 2043 376 2107 ὅπως
427 2044 687 2117 ἐκφεύγειν
727 2048 793 2100 τὰ
845 2045 905 2101 δὲ
963 2056 1238 2121 γινώσκειν
1281 2057 1371 2106 καὶ
1421 2057 1668 2129 πράττειν

100 2130 233 2191 ἡότι
289 2135 442 2194 οὕτως
500 2131 582 2188 δεῖ
628 2136 916 2212 πολιορκεῖν
954 2139 983 2197 ἡ
1031 2149 1364 2217 κατοχυροῦν
1423 2146 1487 2196 τὰ
1542 2117 1694 2219 φρούῖ

97 2240 188 2294 ρια
222 2227 304 2276 καὶ
356 2226 486 2277 κατὰ
523 2229 641 2286 τοὺς
701 2225 885 2291 ἄλλους
940 2227 1147 2301 λόγους.
1195 2237 1360 2284 Τοῦτο
1417 2227 1476 2286 δὲ
1534 2254 1695 2311 μερος

99 2309 209 2363 ἐστὶ
256 2312 568 2386 φιλοσοφίας.
626 2313 684 2369 Ἡ
737 2319 838 2392 γὰρ
895 2321 1047 2392 φύσις
1094 2324 1188 2378 τὴν
1260 2319 1556 2395 ἐπιστήμην
1601 2307 1696 2378 δι’

97 2400 213 2455 ὅλον
234 2409 318 2456 τοῦ
353 2403 558 2477 λογικοῦ
585 2405 721 2468 ζώου
752 2403 1036 2484 διέσπειρε,
1079 2416 1151 2469 πῆ
1215 2414 1305 2484 μὲν
1353 2419 1694 2487 τεχνὼσασα,

72 2603 226 2664 enim
256 2613 460 2666 natura
479 2615 582 2666 aut
607 2609 860 2669 eruditio
880 2610 1106 2686 aliquid
1139 2612 1710 2676 adinteritumcom-

71 2701 263 2769 parat,
290 2697 406 2754 nisi
443 2699 592 2756 forte
629 2705 844 2772 praeter
879 2702 1174 2760 rationem
1201 2704 1420 2775 injuria
1460 2708 1716 2766 afﬁcitur

74 2787 155 2842 ab
182 2785 290 2842 illis
321 2788 419 2860 qui
446 2787 725 2860 injuriam
752 2789 966 2848 inferre
1027 2792 1256 2849 volunt.
1290 2799 1360 2851 At
1375 2795 1435 2851 in
1457 2798 1716 2855 naturali

74 2879 488 2934 communione
517 2894 756 2951 semper
803 2880 956 2937 inest
979 2881 1250 2955 eruditio,
1284 2884 1406 2941 sive
1427 2886 1488 2942 in
1523 2893 1712 2960 parte,

71 2975 138 3022 ut
163 2983 295 3022 cum
351 2967 498 3024 fabri
556 2969 709 3026 inter
744 2985 807 3025 se
845 2973 1335 3030 communionem
1371 2978 1718 3034 constiuunt

1839 459 1954 512 σαν,
1985 441 2115 497 ἀλλὰ
2150 449 2324 520 μέρος,
2357 446 2489 504 πλὴν
2533 442 2585 506 ἕξ
2636 441 2759 503 ὃλης
2808 441 2898 494 καί
2942 449 3114 498 τοῦτο.
3167 446 3272 496 Κᾶν
3319 449 3454 514 γοῦν

1836 535 1926 584 καὶ
1957 534 1983 584 ὁ
2015 538 2313 609 στρατηγὸς
2353 534 2448 588 οὐκ
2503 530 2616 587 οἶδε
2641 537 2734 592 τὴν
2787 533 3103 605 ἐπιστήμην,
3161 529 3268 584 ἀλλ’
3312 535 3453 607 εἴπερ

1837 623 1975 675 κατὰ
2014 627 2132 685 τοὺς
2213 622 2418 686 ἀληθεῖς
2497 625 2714 700 πράττει
2759 624 2973 692 τύπους,
3045 619 3314 694 φιλοσοφεῖ
3361 622 3456 674 κᾶν

1841 709 2138 784 ἀγνώστως·
2167 715 2279 766 ἔστι
2337 710 2396 767 δὲ
2447 720 2600 766 τοῦτο
2671 713 2971 784 θύμοσόφου
3024 705 3239 786 ἀνδρὸς,
3301 709 3459 764 αύτο-

1841 811 1983 874 φυῶς
2036 806 2095 855 τὸ
2144 803 2299 856 καλὸν
2350 802 2577 874 κάγαθὸν
2638 803 3001 874 γινώσκοντός,
3059 799 3193 859 πλὴν
3258 795 3317 852 δὴ
3363 803 3454 853 καὶ

1841 889 2150 965 ἀκούσματα
2208 912 2326 946 τινα
2402 895 2649 965 σχόντος,
2704 886 2908 952 ἀδήλως
3097 888 3165 951 εἰς
3210 891 3298 942 τὸν
3341 895 3459 941 νοῦν

1842 980 2151 1036 εἰσελθόντα.
2197 983 2466 1055 Πεφύκασι
2511 982 2614 1055 γάρ
2673 997 2791 1031 τινα
2846 978 3185 1050 εἰσέρχεσθαι
3240 975 3459 1049 φιλοσο⁴

1842 1074 1962 1144 φίας
2009 1071 2081 1132 εἰς
2126 1075 2213 1125 τὸν
2259 1077 2376 1124 νοῦν
2425 1069 2601 1142 λόγια,
2655 1067 2906 1141 λεγόμενα
2957 1068 3047 1140 μὲν
3103 1069 3170 1128 ὡς
3221 1068 3455 1150 τύχοιεν,

1843 1155 2106 1233 δεχόμενα
2164 1158 2223 1215 δε
2277 1159 2372 1212 κᾶν
2422 1157 2672 1231 ἀτέχνως,
2727 1155 2856 1209 ἀλλά
2902 1158 3103 1229 φύσεως
3163 1154 3461 1231 εἰλικρινείᾳ

1842 1258 2090 1322 φυσικῶς.
2147 1252 2388 1312 Δεκτικὸς
2441 1249 2545 1322 γάρ
2580 1247 2608 1299 ὀ
2662 1253 2802 1314 νοῦς,
2863 1245 2958 1297 κᾶν
3015 1243 3075 1296 ού
3124 1248 3258 1318 πρός
3305 1243 3460 1297 αὐτὸν

1842 1338 2034 1411 ἔχοντα
2062 1358 2142 1402 τις
2167 1344 2348 1393 τοῦτον
2391 1357 2438 1391 τι
2503 1337 2653 1411 λέγῃ.
2713 1340 2820 1394 Τὴν
2883 1338 3110 1408 φυσικήν
3165 1340 3292 1406 γοῦν
3343 1352 3462 1387 κοι-

1842 1433 2024 1480 νωνίαν
2063 1433 2153 1482 καὶ
2230 1423 2450 1481 παιδεία
2527 1426 2586 1479 ού
2640 1424 2856 1478 λεἹοιπν
2941 1428 3034 1482 τὴν
3085 1424 3220 1476 κατά
3273 1427 3462 1498 κρᾶσιν

1846 1513 1923 1588 δὲ,
1981 1518 2065 1571 ὁτὲ
2109 1519 2200 1590 μὶν
2257 1519 2340 1570 ὀτέ
2395 1513 2445 1569 δ’
2505 1514 2587 1573 οὗ.
2631 1511 2876 1568 Κοινωνεῖ
2923 1515 3014 1585 μὶν
3039 1513 3128 1565 οὖν
3157 1517 3260 1573 πᾶς
3306 1511 3464 1565 παντὶ

1848 1615 2082 1680 φυσικῶς
2140 1625 2194 1660 τε
2266 1611 2356 1659 καὶ
2409 1606 2545 1658 κατά
2608 1609 2816 1680 κρᾶσιν.
2877 1600 3032 1655 Ἐστι
3081 1597 3142 1654 δε
3189 1605 3279 1653 καὶ
3334 1600 3465 1654 ὃπου

1847 1699 1983 1751 κατά
2058 1701 2268 1770 κρᾶσιν,
2351 1699 2443 1749 καί
2506 1713 2559 1747 τι
2625 1693 2938 1765 καταφύσιν,
3003 1689 3096 1742 καὶ
3152 1688 3280 1742 ὃπου
3303 1696 3306 1712 ⁵
3331 1691 3468 1743 κατά

1851 1790 2006 1860 φύσιν
2039 1791 2129 1838 καί
2182 1804 2235 1838 τι
2279 1785 2414 1837 κατά
2457 1790 2666 1859 κρᾶσιν.
2729 1782 3058 1854 Ἐὑρίσκεται
3115 1775 3174 1831 δὲ
3229 1785 3314 1831 ϋτι
3374 1784 3466 1830 τοῦ

1852 1875 2042 1949 μᾶλλον
2095 1878 2451 1949 φυσικωτέραν
2529 1875 2740 1945 ἔχοντος
2799 1874 2892 1929 τὴν
2965 1872 3233 1922 κοινωνίαν
3281 1871 3371 1920 καὶ
3432 1868 3462 1925 ἠ

1854 1964 2040 2017 ἐνοῦσα
2091 1970 2282 2038 κρᾶσις
2345 1963 2487 2033 αὐτῷ
2553 1960 2778 2032 τλλογος,
2835 1966 2928 2012 τοῦ
2978 1954 3036 2011 δὲ
3097 1959 3231 2009 κατά
3277 1961 3468 2032 κρᾶσιν

1856 2055 2045 2129 μᾶλλον
2074 2059 2164 2107 καὶ
2195 2050 2398 2126 ῆξοῦσα
2435 2051 2599 2104 ἐκεῖσέ
2628 2067 2709 2113 τις
2765 2052 2960 2122 φυσική
3023 2044 3245 2120 δύναμις
3286 2043 3467 2098 διαλε-

1855 2144 2044 2218 λυμένη
2108 2142 2222 2196 ἐστὶ
2286 2147 2378 2195 καὶ
2445 2139 2782 2215 ἀλλορρεπὴς·
2826 2143 2916 2190 καὶ
2980 2136 3131 2190 τοῦτο
3183 2141 3463 2210 γνώριμον.

1859 2233 2048 2290 Ταῦτα
2140 2229 2199 2286 δε
2297 2228 2504 2286 δέονται
2600 2229 2775 2302 ἑτέρας
2887 2224 3249 2300 διασφησεως,
3310 2225 3470 2277 ὥστε

1860 2321 2030 2388 δεῖξαι
2076 2321 2177 2376 κάκ
2225 2323 2438 2388 ταύτης,
2505 2328 2610 2381 πῶς
2658 2321 2771 2372 ἔστι
2827 2320 2884 2371 τὸ
2940 2323 3191 2392 κρεῖττον·
3247 2316 3361 2368 ἔστι
3409 2309 3470 2367 δε

1859 2417 2014 2473 αὕτη.
3285 2424 3292 2426 ‘

1823 2618 1931 2678 tim
1961 2617 2142 2676 etiam
2162 2617 2221 2673 vi
2243 2619 2299 2672 et
2326 2617 2620 2690 potestate
2668 2609 2924 2681 dederit,
2989 2603 3039 2667 si
3068 2623 3193 2667 non
3214 2601 3491 2668 absolute

1822 2710 2192 2774 universum,
2217 2713 2280 2764 at
2309 2710 2464 2762 certe
2500 2708 2733 2777 partem
2745 2702 3035 2775 aliquam,
3075 2716 3214 2774 quas
3242 2699 3492 2773 quidem

1823 2816 1965 2874 pars
1991 2798 2066 2856 de
2087 2802 2212 2855 tota
2240 2796 2441 2853 excisa
2465 2799 2572 2852 est.
2637 2792 2925 2860 Quamvis
2976 2791 3156 2862 igitur
3179 2790 3306 2847 dux
3324 2804 3491 2846 exer-

1826 2889 1978 2947 citus
2009 2885 2323 2943 scientiam
2371 2885 2624 2956 ignoret,
2669 2886 3088 2939 verumtamen
3121 2896 3194 2935 ex
3223 2878 3378 2935 veris
3401 2878 3489 2934 in.

1825 2975 2286 3036 formationibus
2340 2988 2528 3044 agens
2579 2970 3058 3045 philosophatur,
3113 2966 3369 3034 etiamsi,
3424 2968 3491 3022 ut

65 3056 579 3130 (quandoquidem
593 3058 1019 3116 hmcnaturalis
1033 3061 1262 3130 relatio,
1287 3079 1424 3136 quin
1453 3071 1543 3121 est
1567 3064 1718 3122 inter
1752 3052 1791 3107 (ἶ
1827 3067 1970 3136 dixi,
1997 3065 2254 3122 nescius.
2289 3067 2388 3119 Est
2438 3067 2640 3118 autem
2670 3060 2788 3116 hoc
2840 3057 2950 3115 viri
2996 3055 3345 3129 philosophi
3381 3053 3486 3127 qui

62 3146 291 3213 fabros,
320 3152 406 3204 est
433 3147 760 3221 aliquando
781 3151 976 3220 magis
1000 3169 1012 3219 ;
1041 3152 1436 3224 particularis)
1468 3154 1592 3210 sive
1621 3171 1717 3226 ge-

58 3235 354 3304 neraliter,
383 3243 446 3293 ut
469 3253 608 3293 cum
647 3238 865 3310 aliquis
894 3239 970 3295 de
1023 3241 1290 3298 instituto
1319 3241 1520 3299 bonus
1551 3260 1716 3301 com-

55 3326 409 3383 munionem
425 3328 725 3384 constituit
742 3344 876 3384 cum
889 3330 1055 3385 omni
1068 3330 1229 3387 bono
1242 3332 1556 3406 proboque
1570 3334 1714 3390 viro.

54 3419 178 3472 Hoc
209 3416 369 3471 enim
388 3420 477 3472 est
491 3416 864 3473 eruditionis.
885 3421 1065 3476 Porro
1084 3433 1206 3475 non
1227 3435 1523 3492 negamus
1546 3421 1716 3480 illum

53 3505 163 3578 qui
189 3521 310 3561 non
329 3510 418 3561 est
433 3505 720 3576 eruditus,
739 3508 1096 3581 participare
1113 3510 1505 3568 eruditionem
1528 3528 1716 3584 quam

53 3593 379 3667 participat
414 3610 487 3650 ex
515 3594 920 3668 philosophia.
964 3601 1090 3654 lmo
1111 3598 1308 3656 virum
1345 3599 1513 3656 illum
1543 3601 1716 3673 cujus

53 3684 326 3742 actiones
363 3683 630 3741 honestae
659 3690 717 3741 et
765 3685 1073 3756 praeclarae
1125 3693 1261 3744 sunt
1300 3689 1716 3763 philosophari

53 3774 394 3834 asserimus
428 3791 442 3842 ;
470 3789 615 3830 nam
640 3779 707 3831 ut
730 3775 1057 3848 imperator
1076 3781 1180 3833 aut
1204 3777 1328 3834 dux
1353 3783 1460 3835 aut
1485 3779 1715 3836 amicus

53 3865 270 3923 omnia
292 3879 366 3920 ex
386 3864 596 3919 virtute
616 3868 675 3919 et
693 3863 1001 3920 honestate
1023 3869 1180 3936 agat,
1205 3867 1465 3941 itemque
1482 3869 1712 3938 artifex,

53 3957 210 4011 istuc
242 3952 644 4026 philosophias
673 3957 730 4008 et
753 3953 1058 4026 sapientiae
1079 3959 1170 4011 est
1201 3972 1214 4010 :
1243 3955 1370 4013 haec
1387 3957 1547 4013 enim
1578 3962 1718 4014 sunt

53 4042 240 4100 veluti
269 4041 487 4114 primae
517 4041 822 4113 sapientia:
855 4043 1138 4115 quaedam
1167 4044 1368 4101 relata:
1398 4045 1715 4117 imagines.

53 4132 231 4188 Nulla
251 4133 418 4187 enim
442 4129 728 4202 diciplina
774 4135 885 4201 est,
943 4147 1079 4203 quae
1100 4148 1222 4190 non
1248 4149 1320 4190 ex
1344 4135 1718 4207 princedente

53 4220 408 4292 cognitione
422 4219 692 4275 exsistat.
712 4221 913 4287 Porro,
931 4220 1096 4277 nulla
1115 4222 1376 4293 cognitio
1395 4223 1561 4280 bona
1579 4240 1717 4296 quae

53 4311 124 4367 sit
145 4309 416 4381 alicujus
435 4307 785 4364 eruditionis
813 4324 1024 4381 expers
1059 4329 1073 4378 ;
1105 4325 1249 4368 nam
1280 4311 1457 4382 longe
1481 4313 1719 4385 lateque

1827 3172 1938 3214 sua
1965 3158 2176 3228 sponte
2205 3151 2372 3225 quod
2392 3151 2714 3208 honestum
2732 3148 3029 3205 etbonum
3051 3150 3138 3202 est
3153 3143 3485 3215 cognoscit.

1825 3249 1942 3304 Nec
1979 3245 2108 3300 ﬁeri
2139 3257 2320 3316 posse
2347 3255 2643 3312 negamus
2673 3243 2739 3296 ut
2761 3236 3046 3312 quaedam
3078 3234 3383 3292 auditione
3403 3233 3487 3291 ita

1824 3333 2156 3409 perceperit
2183 3331 2397 3404 aliquis
2422 3336 2488 3387 ut
2536 3329 2637 3386 vix
2689 3328 2752 3386 in
2817 3325 3091 3384 animum
3129 3341 3310 3382 suum
3340 3323 3484 3380 irre-

1824 3425 2022 3497 psisse
2042 3423 2141 3478 illa
2162 3419 2552 3495 persenserit;
2573 3421 2832 3491 possunt
2854 3416 3018 3474 enim
3037 3413 3322 3488 quaedam
3353 3411 3483 3486 phi-

1822 3511 2139 3585 losophica
2192 3513 2494 3582 praecepta
2556 3507 2620 3562 in
2704 3510 2970 3562 mentem
3033 3502 3300 3569 inﬂuere,
3341 3516 3479 3574 quae

1826 3605 2044 3658 temere
2065 3599 2310 3674 quidem
2340 3599 2419 3654 ab
2436 3596 2640 3670 aliquo
2668 3596 3059 3668 pronuntiata
3087 3596 3246 3659 sunt,
3282 3591 3388 3648 sed
3400 3591 3481 3647 ab

1824 3692 2101 3749 audiente
2141 3688 2376 3746 etiamsi
2397 3701 2522 3744 non
2549 3685 2627 3742 de
2656 3684 2955 3742 industria
2969 3687 3276 3739 atnaturae
3305 3681 3480 3737 boni-

1824 3784 1941 3837 tate
1970 3783 2248 3850 suscepta
2269 3780 2438 3844 sunt;
2466 3790 2611 3830 nam
2640 3789 2712 3829 ex
2741 3777 2964 3830 natura
2991 3785 3166 3826 mens
3189 3767 3482 3841 quidlibet

1825 3868 2124 3942 suscipere
2163 3870 2376 3939 potest,
2400 3863 2679 3937 quamvis
2705 3877 2842 3934 quas
2875 3858 3342 3933 pronuntiantur
3365 3873 3475 3914 au-

1823 3959 2039 4015 dientis
2051 3961 2108 4014 et
2119 3956 2274 4013 susci
2284 3953 2496 4028 pientis
2508 3968 2687 4010 causa
2699 3966 2822 4007 non
2834 3950 3129 4005 dicantur.
3145 3946 3477 4006 Naturalem

1825 4063 1968 4119 ergo
2008 4043 2499 4103 communionem
2533 4039 2785 4098 eruditio
2823 4053 2948 4094 non
2986 4036 3269 4093 deseruit.
3305 4038 3479 4093 Com-

1825 4135 2178 4194 munionem
2198 4149 2340 4189 vero
2390 4130 2578 4197 illam,
2623 4144 2762 4202 quas
2813 4132 2900 4184 est
2927 4142 2998 4183 ex
3047 4124 3477 4197 temperatione

1826 4223 2126 4282 interdum
2183 4220 2449 4294 quidem,
2497 4217 2800 4274 interdum
2837 4231 2976 4272 vero
3013 4230 3138 4271 non
3167 4214 3427 4270 deseruit
3460 4230 3475 4282 ;

1825 4327 1971 4369 nam
2032 4324 2244 4366 omnes
2299 4305 2752 4364 communicant
2805 4303 2960 4360 inter
3008 4318 3070 4358 se
3128 4318 3201 4359 ex
3261 4307 3480 4360 natura

53 4416 160 4473 per
209 4398 425 4455 omnia
477 4397 738 4468 cognitio
777 4403 834 4454 et
883 4399 1136 4456 eruditio
1183 4400 1622 4458 diffunduntur.
1654 4405 1722 4460 Et
1755 4409 1798 4463 D
1829 4408 1885 4459 et
1908 4398 2360 4472 temperatione.
2405 4397 2587 4452 Porro
2614 4410 2728 4450 usu
2793 4392 2957 4450 venit
2979 4391 3304 4460 interdum,
3332 4391 3478 4448 utin

53 4503 352 4546 aonnexw
379 4491 520 4543 sunt
550 4487 702 4543 inter
722 4503 785 4543 se
831 4503 1032 4544 rerum
1055 4489 1520 4564 cognitiones_ac
1558 4506 1719 4548 com-

53 4577 514 4651 prehensiones.
529 4579 610 4631 Ac
626 4577 688 4632 in
705 4575 1074 4648 quidusdam
1097 4579 1277 4635 rebus
1299 4581 1583 4650 cognosci
1609 4596 1718 4652 po-

53 4671 190 4724 sunt
212 4665 396 4723 facile
412 4665 512 4721 illa
522 4681 656 4738 quae
676 4672 814 4722 sunt
828 4667 1196 4739 eruditionis,
1211 4675 1418 4725 contra
1440 4685 1719 4726 nonnun-

53 4773 244 4831 Iuam
268 4755 562 4826 cognosci
583 4762 890 4828 nequeunt
904 4774 918 4812 :
933 4763 998 4813 ut
1015 4757 1063 4813 si
1077 4757 1215 4829 quis
1231 4758 1498 4815 eruditur
1515 4759 1575 4814 in
1595 4764 1719 4815 arte

53 4845 322 4902 lucendi
335 4847 662 4901 exercitum
673 4885 686 4909 ,
701 4845 783 4902 ita
794 4846 1060 4902 eruditur
1071 4852 1135 4903 ut
1149 4847 1344 4904 discat
1354 4849 1717 4920 necessaria,

53 4942 92 4992 at
114 4935 227 4991 illa
258 4949 408 5007 qua
429 4950 546 4989 usu
575 4933 778 4989 venire
799 4940 1068 5006 possunt,
1101 4935 1374 5009 adeoque
1409 4953 1544 5010 quae
1565 4937 1720 4994 falsa

61 5029 185 5082 unt
205 5023 274 5080 in
297 5023 422 5080 hac
440 5022 776 5095 disciplina,
796 5023 926 5080 hinc
943 5024 1192 5097 quidem
1209 5029 1272 5081 ut
1288 5026 1448 5092 vitet,
1469 5026 1566 5083 illa
1577 5042 1720 5082 vero

53 5120 98 5172 ιε
125 5116 486 5185 cognoscat
527 5116 582 5167 et
624 5116 984 5185 exsequatur
1011 5131 1029 5184 ς
1071 5118 1136 5169 ut
1154 5114 1317 5187 quod
1354 5120 1623 5188 oporteat
1638 5115 1722 5172 ita

53 5204 341 5261 ubsidere
355 5203 562 5269 urbes,
588 5208 692 5258 aut
709 5204 1166 5275 propugnacula
1185 5205 1418 5261 munire
1439 5211 1495 5262 et
1510 5210 1724 5262 cratera

55 5312 105 5351 x
137 5293 382 5351 iisdem
413 5291 772 5349 rationibus.
806 5293 924 5349 Hoc
962 5298 1161 5350 autem
1184 5295 1263 5350 ad
1279 5293 1723 5368 philosophiam

53 5390 93 5442 tt
113 5400 276 5458 pars
350 5382 625 5442 refertur.
685 5385 837 5440 Nam
885 5387 1102 5440 natura
1165 5384 1476 5441 scientiam
1502 5385 1565 5441 in
1603 5390 1724 5442 toto

58 5473 307 5531 nimali
335 5472 592 5531 rationis
624 5458 909 5546 participe
931 5473 1364 5544 disseminavit,
1397 5475 1477 5532 ita
1503 5480 1566 5531 ut
1594 5491 1728 5548 par-

53 5581 139 5624 ;m
205 5563 549 5624 scientiam
640 5562 702 5619 in
773 5561 1018 5621 homine
1078 5562 1370 5624 fabricata
1419 5564 1510 5631 sit,
1581 5576 1728 5639 par-

486 5665 736 5722 Ρηιιοι..
775 5665 882 5723 Glt.
914 5661 1066 5724 CXL.

1827 4490 2050 4564 quibus
2097 4485 2447 4560 temperatio
2495 4483 2830 4556 superiores
2851 4486 3050 4556 partes
3071 4485 3127 4538 et
3145 4480 3391 4548 obtinet,
3416 4481 3478 4537 in

1827 4582 1940 4638 illis
1979 4580 2149 4636 locus
2181 4577 2396 4649 aliquis
2427 4578 2659 4631 natura:
2688 4573 3059 4646 relinquatur
3088 4577 3145 4628 et
3169 4572 3229 4628 in
3255 4571 3479 4645 quibus

1830 4669 2164 4742 superiores
2210 4671 2410 4738 partes
2441 4663 2669 4720 obtinet
2697 4668 2932 4730 natura,
2971 4662 3035 4718 in
3083 4660 3196 4718 illis
3233 4676 3480 4733 quoque

1829 4755 2244 4830 temperationi
2273 4755 2440 4810 locus
2470 4752 2684 4824 aliquis
2714 4752 3103 4824 relinquatur.
3121 4753 3335 4806 Verum
3357 4763 3478 4820 quo

1829 4847 1965 4921 quis
1980 4845 2175 4915 magis
2193 4841 2527 4899 naturalem
2547 4840 2730 4898 habet
2741 4839 3252 4901 communionem,
3265 4853 3338 4893 eo
3355 4852 3479 4892 ine-

1827 4935 1942 4992 lius
1967 4934 2349 4992 constitutam
2371 4935 2431 4988 et
2461 4931 2864 5003 compositam
2894 4927 3078 4984 habet
3106 4925 3481 4997 temperatiod

1827 5018 2556 5094 nem.Coutra,quomagis
2588 5035 2663 5074 ex
2701 5016 3117 5089 temperatione
3143 5011 3480 5070 communio

1831 5118 2067 5172 constat
2093 5127 2164 5169 eo
2186 5110 2379 5182 magis
2399 5109 2492 5165 vis
2527 5106 2814 5166 naturalis
2839 5110 3020 5175 atque
3057 5102 3329 5174 facultas,
3359 5116 3483 5176 qua

1831 5204 2107 5280 praeditta
2144 5207 2254 5266 est,
2278 5198 2576 5257 imbecilla
2612 5201 2672 5252 et-
2694 5195 2771 5253 ad
2806 5193 2994 5258 aliud,
3019 5208 3208 5266 quam
3233 5209 3342 5266 par
3372 5198 3480 5262 est,

1833 5292 2112 5370 proclivis
2142 5297 2249 5360 est,
2281 5289 2446 5363 quod
2476 5288 2657 5344 etiam
2694 5289 2907 5341 notum
2939 5287 3048 5340 est.
3083 5284 3197 5341 Sed
3217 5283 3345 5340 haec
3367 5283 3486 5340 alia

1833 5383 2233 5442 declaratione
2259 5395 2413 5452 opus
2428 5376 2650 5433 habent
2673 5377 2736 5429 ut
2755 5372 3148 5429 ostendamus
3160 5372 3340 5428 etiam
3361 5386 3484 5443 quo

1837 5479 2011 5548 pacto
2081 5487 2154 5528 ex
2179 5471 2314 5541 ghec
2365 5462 2790 5524 communione
2829 5461 3224 5520 constituatur
3260 5458 3488 5533 aliquid

1836 5560 2234 5638 prastantius.
2276 5553 2605 5618 Declaratio
2643 5555 2848 5622 autem
2882 5551 3015 5612 haec
3051 5557 3164 5611 est.
3192 5607 3195 5611 _
