4064 6308
585 171 724 226 1355

2122 178 2358 235 ΛΒΒΕΝ
2367 180 2478 232 ΒΑ.

3874 181 4004 234 1256

673 293 718 355 ξ
773 293 1109 366 Ἀλέξανδρος
1158 302 1248 370 μεν
1322 299 1668 374 Ἀριστοτέλει
1722 314 1972 374 κοινωνεῖ,
2026 307 2206 377 Ἕρμος
2267 302 2311 355 Α
2370 307 2621 355 καὶκατὰ
2651 307 2825 375 φύσιν,
2867 299 3047 361 ἐπειδὴ
3104 304 3184 355 ὅτι
3245 311 3334 356 καί
3389 307 3438 357 οἱ
3484 308 3676 366 πάντες
3741 303 3978 366 παιδείας

598 386 733 453 γένει
798 380 858 436 δε
933 387 1166 459 Μάρκοςο
1244 386 1525 463 ἀμφότεροι
1596 402 1720 464 γοῦν
1800 395 2038 468 βασιλεῖς
2116 398 2205 445 καὶ

603 477 776 543 σοφοὶ,
825 477 913 523 καὶ
973 475 1021 525 οί
1101 475 1257 544 φίλοι,
1312 475 1554 541 παιδείας
1615 491 1819 553 μεστοὶ,
1895 482 2205 557 διαφέρουσι

600 556 661 613 δέ
686 580 763 632 γε·
800 558 996 623 Μηδεὶς
1045 559 1104 616 δὲ
1134 562 1377 625 ἁπατηθῆ
1447 574 1518 640 μη
1566 569 1808 634 παιδείας
1847 574 2024 646 φίλους
2051 556 2203 625 εἶναι

595 652 718 711 τοὺς
741 647 1000 721 βασιλεῖς,
1031 652 1126 703 κάν
1189 655 1216 705 ὅ
1264 657 1354 725 μὶν
1409 665 1504 718 τῆς
1570 658 1882 734 ἀκροτάτης,
1932 664 1958 715 6
2006 659 2065 715 δε
2112 670 2203 721 τῆς

595 737 726 825 πολὺ
775 741 968 800 ταύτης
1015 737 1394 816 ὑποδεεστέρας
1420 762 1434 774 ·
1491 747 1595 800 εἰσὶ
1661 753 1762 825 γάρ
1829 753 1983 824 ἄμφω
2063 751 2203 822 φιλο-

595 824 736 897 λόγοι
788 827 1201 901 καὶφιλολόγιοι.
1255 838 1590 904 προσκείσθω
1650 824 1853 892 δεκαὶ
1903 844 1960 892 τὸ
2003 839 2198 910 λόγιονο

596 916 742 987 εἶχον
793 919 891 991 γάρ
975 923 1065 972 καὶ
1125 927 1279 973 τοῦτο
1331 927 1465 976 κατά
1515 925 1646 978 πολύ
1692 931 1822 986 αὕτη
1880 931 1910 987 ἡ
1962 933 2204 980 κὸινωνία

595 1010 815 1078 φυσικὴ,
872 1008 989 1078 ἔχει
1019 1004 1080 1061 δε
1126 1013 1186 1061 τὸ
1235 1019 1466 1082 κρεῖττον
1494 1016 1522 1072 ἡ
1583 1019 1782 1078 ταύτης
1821 1015 2048 1091 διαφορά
2102 1017 2202 1080 κάξ

594 1098 878 1158 επιτάσεως
916 1102 1008 1150 καὶ
1054 1106 1147 1151 τοῦ
1203 1098 1454 1173 ἔτεροίου.·
1517 1105 1576 1157 ’0
1632 1110 1721 1178 μεν
1773 1110 1873 1180 γάρ
1931 1108 2203 1180 φιλόσοφος

592 1189 683 1236 καὶ
705 1183 880 1259 ῥήτωρ
906 1189 999 1238 καί
1015 1193 1117 1240 πᾶν
1140 1187 1281 1256 ἄλλο,
1317 1192 1343 1242 6
1395 1187 1456 1244 δι
1501 1194 1676 1268 ῥητωρ
1730 1199 1818 1247 καὶ
1883 1197 2200 1270 πολυίστωρ.

594 1272 1015 1346 Ἐπίτασις’γοῦν
1064 1275 1114 1328 ἕν
1161 1285 1237 1348 τῷ
1295 1277 1390 1342 ἐνὶ,
1431 1281 1596 1334 πολλά
1647 1289 1777 1358 μέρη
1815 1286 1855 1336 ὡ
1903 1289 1991 1337 καὶ
2035 1287 2206 1338 πάντα

590 1363 792 1433 ἔχοντι,
819 1367 911 1415 καὶ
949 1371 1054 1416 οἷον
1095 1369 1191 1423 τὴν
1237 1367 1359 1426 ὅλην
1410 1374 1669 1430 ποιότητα
1698 1415 1714 1442 ,
1773 1372 2060 1445 ἑτεροιότης
2121 1371 2201 1438 δὲ,

591 1449 674 1502 ὃτι
700 1456 792 1503 καὶ
818 1454 884 1504 τά
903 1456 1034 1524 μέρη
1058 1451 1239 1507 ἀλλοῖα
1267 1455 1391 1509 ὃντὰ
1438 1460 1550 1529 ἔχει
1592 1467 1919 1532 συναγαγὼν,
1972 1464 2206 1535 ὑπάρχει

592 1534 654 1592 δέ
703 1543 794 1592 καὶ
863 1538 1203 1614 Ἀλεξάνδρου
1273 1544 1536 1618 ὑπηρεσία
1577 1553 1667 1600 καὶ
1725 1547 1972 1622 βασιλεία
1993 1550 2206 1625 ῥήτορες

588 1631 680 1680 καὶ
706 1629 927 1701 Μάρκοῦ
956 1629 1247 1703 φιλόσοφοι.
1279 1633 1404 1708 Ἐρα
1457 1631 1517 1688 δέ
1570 1637 1596 1688 6
1785 1637 2198 1718 Ἀριστοτέλους⁹
2264 1651 2304 1706 Β

589 1717 617 1769 ὁ
647 1712 708 1770 δε
762 1718 1102 1791 Ἑρμογένους
1144 1720 1332 1792 ἁγαθοὶ
1396 1732 1521 1795 γοῦν
1569 1728 1780 1790 πάντες.
1838 1734 1992 1799 Ἔχει
2051 1726 2111 1782 δε

591 1806 840 1881 ἀναλογία
895 1810 966 1873 εἰς
1037 1812 1221 1874 αὐτούς
1296 1815 1487 1875 πολλὴν
1567 1823 1660 1876 τὴν
1743 1819 1924 1890 ἰσχύν·
1977 1823 2046 1880 ὡς
2097 1823 2200 1893 γάρ

588 1897 865 1970 φιλοσοφία
915 1901 1191 1976 ῥητορικῆ,
1276 1903 1569 1976 Ἑρμογένει
1661 1907 2047 1982 Ἀριστοτέλης,
2136 1913 2200 1970 ὡς

588 1982 640 2038 δ’
695 1986 984 2060 Ἑρμογένει
1072 1991 1458 2064 Ἀριστοτέλης,
1557 1992 1894 2070 Ἀλέξανδρος
1978 2001 2196 2072 Μάρκῳ·

587 2077 658 2136 ὡς
711 2076 814 2150 ἄρα
872 2078 1150 2151 φιλοσοφία
1209 2081 1488 2156 ῥητορικῇ,
1563 2082 1904 2159 Ἀλέξανδρος
1971 2090 2197 2159 Μάρκῳ,

584 2162 740 2218 Ἐστι
768 2168 859 2237 μὶν
913 2167 1002 2219 οὖν
1059 2171 1089 2226 ἡ
1151 2165 1380 2243 διαφορὰ
1433 2171 1528 2224 ούκ
1587 2173 1763 2236 ἄλλοις
1829 2174 2023 2246 λόγοις,
2085 2175 2198 2228 ἄλλ’
2281 2239 2288 2246 ,

585 2253 829 2320 ἀλλοίοις,
887 2253 1069 2315 ἔπειδὴ
1124 2263 1339 2322 ποιότης
1418 2265 1494 2322 τίς
1539 2261 1680 2314 ἔστιν
1733 2265 1763 2321 ἡ
1823 2265 2044 2317 καθόλου
2089 2263 2196 2317 ἔπι-

591 2348 788 2416 στὴμη.
828 2343 886 2396 Ἠ
927 2353 1051 2416 γοῦν
1107 2345 1349 2409 ἓπίτασις
1403 2353 1491 2401 καὶ
1548 2351 1723 2413 ἄνεσις
1777 2355 1834 2403 τὸ
1890 2359 2193 2429 τιμιὼτερον

586 2431 748 2502 ἔφερε,
817 2434 997 2493 πάντες
1064 2430 1123 2486 δε
1176 2441 1266 2487 και
1329 2441 1500 2488 πᾶσαι
1554 2438 1939 2511 καλοκαγαθίας
1980 2448 2189 2514 μεσταί.

584 2515 738 2571 Ἐστι
768 2517 828 2573 δε
868 2523 1075 2583 τούτοις
1129 2524 1159 2581 ἡ
1218 2529 1460 2578 κοινωνία
1521 2531 1612 2580 καὶ
1664 2531 1798 2580 κατὰ
1844 2536 2031 2602 κρᾶσιν
2088 2529 2191 2584 οἷον

629 2663 685 2716 7.
715 2660 1048 2719 Alexander
1075 2664 1322 2736 quidem
1343 2682 1483 2722 cum
1509 2669 1818 2726 Aristotele
1839 2673 2215 2728 communio-

558 2765 700 2806 nem
721 2753 1048 2822 constituit,
1070 2758 1128 2809 et
1154 2770 1294 2810 cum
1317 2758 1686 2828 Hermogene
1722 2762 1950 2816 Marcus
1979 2779 1992 2828 ;
2027 2762 2212 2817 ambo

558 2837 738 2908 igitur
763 2844 902 2898 sunt
938 2857 1109 2913 reges
1167 2846 1224 2899 et
1269 2844 1454 2901 ambo
1483 2848 1785 2918 sapientes
1819 2867 1832 2915 ;
1882 2849 2065 2906 ambo
2128 2849 2213 2906 illi
2246 2830 2286 2884 ί)

557 2943 728 2999 reges
752 2930 1102 2987 eruditionis
1141 2939 1281 2989 sunt
1318 2935 1572 2991 studiosi
1597 2942 1654 2992 et
1675 2937 1860 2993 ambo
1887 2939 2210 3010 sapientes.

561 3031 633 3074 ac
691 3018 774 3074 illi
827 3019 1070 3092 quidem
1139 3037 1278 3077 cum
1317 3023 1539 3094 quibus
1601 3025 1924 3081 amicitiam
1992 3028 2212 3082 consti-

559 3110 754 3172 tuunt,
796 3108 1127 3166 eruditione
1183 3111 1518 3182 abundant,
1586 3113 1669 3169 ita
1705 3120 1906 3171 tamen
1940 3122 2006 3171 ut
2033 3116 2212 3171 unius

561 3195 815 3253 eruditio
879 3196 960 3253 ab
1016 3198 1258 3255 alterius
1302 3200 1635 3258 eruditione
1701 3203 1959 3261 differat.
2029 3207 2214 3260 Nemo

559 3301 700 3341 vero
738 3301 935 3341 errore
972 3287 1259 3359 deceptus
1278 3295 1456 3360 neget
1486 3306 1660 3361 reges
1696 3307 1827 3348 esse
1865 3293 2213 3348 eruditionis

561 3373 882 3431 studiosos.
911 3375 1194 3440 Quamvis
1206 3377 1367 3434 enim
1387 3378 1722 3436 Alexander
1733 3397 2030 3453 supremas
2056 3381 2213 3438 illius

561 3462 979 3536 philosophiae,
1014 3467 1242 3520 Marcus
1271 3473 1470 3524 autem
1484 3469 1833 3526 eruditionis
1860 3471 2049 3527 multo
2067 3471 2212 3528 infe-

559 3551 733 3607 rioris
755 3551 828 3607 sit
851 3551 1174 3621 studiosus,
1206 3555 1389 3612 ambo
1412 3561 1612 3614 tamen
1638 3559 1954 3616 meliorum
1996 3560 2212 3616 littera-

557 3655 695 3697 rum
721 3643 778 3697 et
801 3641 1152 3714 eloquentiae
1182 3649 1324 3700 sunt
1349 3660 1644 3718 perquam
1663 3648 1934 3705 studiosi.
1969 3650 2212 3706 Addidi-

556 3745 696 3786 mus
722 3730 937 3787 ambos
974 3730 1328 3804 eloquentia;
1393 3750 1635 3808 quoque
1668 3737 1845 3793 fuisse
1885 3738 2205 3794 studiosos.

557 3823 799 3892 Magnos
828 3821 987 3877 enim
1007 3827 1068 3878 in
1084 3838 1156 3879 ea
1183 3837 1535 3896 progressus
1557 3825 1838 3883 fecerant.
1871 3833 2061 3900 Atque
2081 3827 2208 3884 hinc

557 3915 645 3968 est
679 3911 966 3968 naturalis
1023 3913 1390 3985 communio,
1449 3915 1621 3986 cujus
1651 3916 1986 3974 differentia
2024 3917 2209 3975 habet

555 4001 964 4074 prastantiam
993 4007 1050 4058 et
1078 4001 1490 4059 excellentiam
1511 4019 1583 4060 ex
1612 4005 1944 4062 intensione
1965 4011 2020 4062 et
2039 4007 2209 4064 dissi-

553 4089 904 4146 militudinis
955 4092 1182 4147 ratione
1233 4109 1247 4160 ;
1278 4106 1419 4147 nam
1445 4108 1600 4148 unus
1628 4093 2023 4167 philosophus
2045 4103 2134 4151 est
2151 4101 2210 4152 et

2369 393 2612 464 ύπῆρχον
2633 402 2811 454 κοινῶς
2863 395 2945 445 ὅτι
2991 388 3048 444 δε
3094 397 3183 445 καὶ
3238 401 3335 453 τῆς
3377 399 3669 466 κρείττονος
3717 401 3815 446 καὶ
3871 397 3975 446 ὅσον

2367 489 2460 540 τῆς
2519 487 2806 554 κρείττονος
2889 486 2978 533 καὶ
3045 501 3420 554 φυσικωτερας.
3479 482 3742 556 ’Υπάρχει
3799 479 3858 535 ὄε
3903 505 3969 534 1m

2364 575 2501 640 Τίτῳ
2544 569 2880 630 Ἀπολλώνιος
2941 570 3104 641 φίλος,
3164 570 3466 641 Ἰάμϐλιχός
3522 577 3613 623 καὶ
3667 575 3966 642 [Ιορφύριος.

2364 662 2536 731 Νέρων
2589 655 2648 710 δε
2722 664 2810 710 καὶ
2863 659 3150 732 αὐλητῆρες
3226 665 3314 710 καὶ
3361 659 3663 730 αύλήτριαι.
3745 667 3850 712 Καὶ
3910 663 3970 712 ἐτι

2362 751 2452 819 μὲν
2477 749 2626 805 καὶή
2660 746 2759 799 τῶν
2815 744 3018 822 ἀνδρῶν
3071 747 3350 820 φιλοσοφία
3396 756 3492 809 τῆς
3547 751 3780 820 φύσεως,
3839 753 3967 806 καὶὴ

2364 835 2656 908 ἐμπνευστὴ
2715 842 2873 908 τέχνη
2963 845 3057 898 τῆς
3119 838 3313 908 φύσεῶς
3361 836 3492 891 ἐστι.
3556 837 3870 909 Παράλογον
3923 836 3971 890 δε

2364 925 2546 988 ὀλικῶς
2597 934 2852 978 κοινωνεῖν
2932 930 3018 978 τὸν
3066 927 3324 1000 ἄρχονται
3377 933 3492 986 ταῖς
3537 923 3727 996 ᾠδαῖς·
3791 927 3970 979 ἑκλελυ.

2361 1020 2516 1087 μένης
2577 1017 2680 1089 γὰρ
2742 1023 2893 1067 τοῦτο
2971 1020 3061 1068 καὶ
3117 1013 3516 1086 ἐκτεθηλυμένης
3597 1014 3718 1068 ἐστὶ
3774 1017 3967 1086 tholi;-

2364 1103 2540 1175 φίλους
2572 1100 2623 1156 δ’
2654 1106 2794 1175 ἔχειν
2833 1112 2954 1164 τοῦς
3013 1101 3261 1175 βασιλέας
3319 1108 3529 1175 σοφούς,
3591 1106 3845 1176 οἰρισ-τον.
3897 1105 3968 1162 Ὠ..

2361 1200 2484 1263 γοῦν
2540 1195 2607 1245 τὰ
2689 1190 2891 1265 ἀνδρῶν
2973 1192 3091 1250 τέλη
3167 1197 3295 1266 πρὸς
3369 1196 3437 1245 τὰ
3509 1201 3611 1244 τῶν
3686 1193 3970 1266 αύλητριὼν

2363 1286 2452 1332 καὶ
2502 1281 2826 1354 αύλητηρων,
2886 1281 3052 1342 οὕτως
3100 1286 3191 1333 καὶ
3251 1277 3401 1334 οὖτοι
3447 1284 3573 1356 πρὸς
3633 1286 3859 1344 ταύτας·
3919 1287 3976 1343 ὡς

2367 1367 2425 1422 δε
2459 1366 2602 1422 οὗτοι
2631 1375 2761 1444 πρὸς
2802 1373 3016 1441 ταύτας,
3057 1376 3147 1423 καὶ
3195 1371 3394 1433 Τῖτοςό
3452 1380 3551 1422 τῶν
3609 1379 3789 1443 σοφῶν
3845 1372 3976 1444 φίλος

2366 1463 2494 1532 πρὸς
2518 1463 2604 1511 τόν
2629 1462 3056 1532 γυναικωνιτικὸν
3113 1463 3338 1532 Νέρωνα.
3394 1459 3478 1520 Ὠς
3531 1461 3640 1532 ἄρα
3696 1461 3974 1533 φιλοσοφία

2369 1553 2496 1622 προς
2546 1551 2611 1600 τὰ
2682 1556 2777 1609 τῆς
2832 1555 3094 1621 μουσικῆς
3166 1546 3546 1620 ἁποπτώματα,
3625 1549 3771 1600 οὕτω
3829 1556 3915 1601 καὶ
3957 1552 3978 1601 6

2369 1641 2520 1709 σοφὸς
2558 1644 2711 1698 Τῖτος
2774 1641 2905 1710 πρὸς
2952 1639 3039 1688 τόν
3098 1638 3320 1709 ἄσεμνον
3368 1643 3600 1709 Νερωναι.
3660 1644 3806 1692 Φασί
3857 1659 3979 1700 τινες

2366 1722 2426 1778 δέ
2477 1745 2602 1778 ποτε
2655 1733 2807 1779 Τῖτον
2881 1723 3126 1792 ἀκοῦσαι,
3212 1721 3370 1778 τούδε
3460 1729 3580 1786 τούς
3669 1726 3980 1798 φιλοσόφους

2365 1816 2618 1866 ἵστασθαι
2667 1820 2786 1886 περὶ
2847 1816 2936 1874 τὰς
2988 1813 3154 1876 πύλας
3199 1813 3359 1865 αύτοῦ
3413 1817 3572 1875 οὔσας
3627 1813 3980 1886 ἐσαλισμὲεις

2363 1902 2669 1975 βασιλικῶς,
2722 1908 2810 1954 καὶ
2862 1906 3036 1974 φάναι·
3087 1905 3150 1955 Δὶ
3203 1901 3323 1973 ἐμαὶ
3385 1904 3541 1975 θύραι
3596 1910 3740 1955 πᾶσι
3805 1913 3978 1976 σοφοῖς

2362 1980 2821 2065 ἁνεῳγμεναιείσὶ,
2874 2000 2965 2044 τοῦ
3013 1992 3119 2052 ἑνὸς
3171 1997 3289 2066 περὶ
3340 2001 3437 2043 τῶν
3483 1987 3580 2043 δύο
3638 1993 3822 2044 αὐτῶν
3881 2015 3977 2065 μη-

2358 2086 2608 2144 νύσαντος
2656 2087 2744 2133 καὶ
2827 2081 3068 2134 εἰσελθεῖν
3177 2081 3365 2143 αύτούς
3446 2081 3489 2132 εἰ
3553 2080 3783 2154 ἀρεστὸν
3841 2082 3977 2151 αὐτῷ

2358 2171 2726 2243 ἐρωτήσαντος.
2786 2175 2958 2244 Νέρων
3017 2165 3076 2222 δε
3143 2174 3447 2242 στεφόμενος
3499 2165 3737 2230 ἀναιδῶς
3789 2168 3878 2222 ἐπὶ
3923 2177 3975 2222 τό

2361 2261 2570 2330 θέατρον
2623 2258 2856 2330 ἀσέμνως
2920 2255 3109 2330 ἐλήρει.
3184 2258 3246 2311 Αἰ
3313 2267 3412 2310 τῶν
3491 2257 3612 2309 κατ’
3669 2257 3975 2330 ἐπιστήμην

2355 2352 2617 2400 κοινωνίαι
2673 2353 2761 2398 καὶ
2835 2348 2940 2398 οἷον
3018 2352 3386 2418 φυσικώτεραι·
3503 2347 3585 2421 αἶρ’
3683 2343 3777 2398 οὖν
3853 2348 3974 2400 πολὺ

2354 2442 2658 2509 τιμιώτεραι
2685 2441 2775 2486 καὶ
2801 2439 3060 2508 κρείττους
3120 2443 3219 2486 τῶν
3267 2437 3400 2486 κατά
3447 2441 3641 2506 κρᾶσιν
3700 2443 3799 2488 καὶ
3859 2436 3968 2488 αλο-

2352 2529 2609 2600 γωτέρων,
2638 2527 2700 2584 ὡς
2721 2529 2810 2576 καὶ
2833 2527 2890 2576 τό
2912 2532 3012 2574 τῶν
3068 2521 3338 2595 ἀρχόντων
3399 2519 3561 2585 εδειξε
3590 2524 3768 2586 τέλος.

2327 2665 2665 2732 dissimiles,
2734 2665 3231 2738 quandoquidem
3273 2665 3568 2735 generalis
3612 2666 3882 2722 scientia
3919 2677 3990 2720 est

2325 2755 2586 2828 qualitas
2615 2755 2920 2827 quaedam.
2964 2755 3223 2810 lntensio
3247 2769 3389 2824 ergo
3411 2760 3466 2808 et
3488 2754 3781 2811 remissio
3800 2757 3967 2812 elices

2323 2861 2350 2900 r
2360 2851 2462 2900 unt
2478 2851 2538 2900 ut
2564 2844 2793 2917 aliquid
2806 2845 3184 2916 praestantius
3204 2844 3533 2899 exsisteret.
3550 2845 3793 2900 Omnes
3806 2853 3987 2901 autem

2322 2933 2424 3002 illi,
2473 2939 2529 2989 et
2586 2949 2798 2990 omnes
2862 2933 2975 2988 ille:
3034 2931 3292 2988 scientia
3322 2932 3536 2987 virtute
3607 2940 3672 2988 et
3701 2936 3984 3005 probitate

2325 3022 2656 3078 abundant.
2693 3025 2872 3077 Porro
2893 3021 3224 3076 intercessit
3243 3020 3355 3075 illis
3377 3024 3748 3077 communio
3772 3041 3838 3077 ex
3863 3030 3990 3077 tem-

2323 3111 2648 3183 peratione,
2682 3108 3207 3182 quemadmodum
3236 3109 3415 3164 etiam
3452 3125 3530 3164 ex
3569 3117 3828 3175 natura,
3859 3113 3987 3182 quia

2321 3216 2533 3256 omnes
2582 3199 2794 3255 eruditi
2824 3198 3103 3266 fuerunt;
3161 3197 3264 3252 sed
3294 3204 3600 3268 quatenus
3641 3202 3987 3271 temperatio

2319 3289 2560 3344 illorum
2599 3288 2679 3344 ad
2714 3289 3188 3360 prmstantiorem
3218 3287 3622 3342 eruditionem
3667 3289 3985 3350 ferebatur,

2321 3393 2391 3434 eo
2419 3379 2610 3448 magis
2654 3376 2940 3432 naturalis
2989 3374 3118 3431 fuit.
3143 3374 3542 3432 Consimiliter
3561 3376 3738 3432 Titus
3755 3377 3980 3450 Apollo-

2321 3469 2509 3526 nium.
2563 3466 2965 3522 Jamblichum
3025 3470 3082 3520 et
3103 3464 3503 3536 Porphyrium
3543 3469 3815 3536 amavit,
3849 3471 3976 3524 Nero

2321 3571 2463 3611 vero
2494 3554 2762 3610 tibicines
2800 3558 2858 3608 et
2886 3552 3180 3608 tibicinas.
3229 3555 3293 3607 Et
3327 3552 3472 3623 quia
3503 3552 3788 3610 virorum
3813 3556 3977 3627 philo-

2320 3644 2532 3716 sophia
2588 3643 2663 3699 ad
2724 3648 3002 3698 naturam
3056 3641 3323 3707 refertur,
3355 3641 3535 3696 etiam
3585 3658 3692 3697 ars
3741 3643 3974 3700 inﬂandi

2321 3732 2496 3788 tibias
2515 3731 2594 3788 ad
2616 3729 3295 3796 naturam.refertur,sed
3315 3730 3427 3785 hoc
3443 3737 3669 3801 praeter
3691 3734 3972 3790 rationem

2318 3827 2383 3877 ut
2407 3821 2735 3892 imperator
2760 3836 2823 3875 se
2846 3824 3037 3875 totum
3066 3818 3375 3875 cantilenis
3397 3818 3621 3886 tradat,
3669 3820 3802 3878 hoc
3839 3823 3972 3878 enim

2317 3909 2585 3966 dissoluti
2606 3914 2664 3964 et
2683 3907 3007 3963 eﬂ‘eminati
3039 3911 3127 3963 est
3175 3907 3359 3963 animi
3394 3905 3536 3973 ;sed
3559 3923 3751 3978 reges
3765 3911 3971 3982 sapien-

2317 4002 2443 4054 tum
2499 3998 2761 4053 virorum
2817 3999 3092 4052 amantes
3147 4010 3296 4062 esse,
3351 4010 3444 4049 res
3505 3998 3760 4067 optima
3810 3997 3968 4054 maxi-

2316 4102 2532 4159 meque
2555 4085 2894 4141 laudabitis.
2925 4085 2992 4139 Ut
3015 4084 3192 4154 igitur
3218 4099 3279 4139 se
3291 4083 3519 4140 habent
3530 4084 3822 4144 virorum
3847 4088 3967 4141 ﬁnes

551 4178 753 4234 rhetor
775 4183 833 4234 et
855 4179 1204 4235 omniscius.
1241 4179 1389 4236 alter
1424 4197 1568 4238 vero
1589 4188 1679 4237 est
1703 4183 1905 4240 rhetor
1925 4189 1983 4239 et
2003 4183 2206 4240 multa
2238 4183 2281 4236 D
2315 4175 2394 4232 ad
2421 4175 2573 4231 ﬁnes
2603 4174 2914 4230 tibicinum
2947 4178 3004 4228 et
3023 4173 3429 4237 tibicinarum,
3464 4173 3548 4229 ita
3589 4189 3853 4248 quoque
3867 4176 3964 4228 duo:

551 4265 821 4322 lectionis
847 4267 956 4322 vir.
994 4269 1088 4323 Est
1112 4269 1290 4338 igitur
1307 4270 1368 4325 in
1399 4285 1522 4326 uno
1546 4270 1819 4342 intensio,
1853 4274 1996 4344 quia
2016 4272 2206 4345 philo-

553 4353 782 4426 sophiae
807 4355 1024 4411 multas
1055 4361 1274 4427 partes,
1316 4362 1494 4430 atque
1519 4357 1672 4415 adeo
1701 4374 1914 4415 omnes
1946 4360 2129 4417 habet
2149 4367 2206 4418 et

552 4441 733 4514 quasi
758 4447 944 4498 totam
980 4443 1142 4499 illam
1173 4445 1523 4517 qualitatem
1557 4447 1769 4504 induit.
1817 4448 2110 4505 Praeterea
2130 4465 2202 4506 ex

551 4530 781 4586 ratione
796 4530 1291 4589 dissimilitudinis
1310 4534 1639 4592 discrimen
1656 4537 2015 4608 assignatur,
2035 4538 2202 4611 quod

550 4618 890 4675 Aristoteles
905 4635 1116 4675 omnes
1135 4621 1533 4695 philosophias
1554 4630 1752 4696 partes
1763 4641 1985 4698 easque
2006 4627 2200 4683 varias

551 4712 609 4765 et
631 4707 954 4765 dissimiles
976 4708 1155 4764 simul
1176 4709 1451 4767 collectas
1467 4714 1936 4785 comprehensas
1955 4714 2198 4774 habeat.

546 4797 982 4854 AcAlexander
1000 4796 1247 4870 quidem
1270 4798 1531 4856 inﬁnitos
1553 4816 1728 4872 pmne
1741 4802 2000 4859 famulos
2018 4803 2198 4862 habet

547 4893 710 4944 etest
735 4903 858 4953 rex,
898 4887 1082 4943 habet
1107 4902 1352 4958 quoque
1381 4888 1792 4961 philosophos.
1827 4893 2054 4947 Marcus
2095 4909 2198 4948 au-

545 4979 667 5032 tem
706 4981 794 5032 est
821 4975 1086 5032 similiter
1121 4976 1448 5047 imperator
1473 4983 1528 5033 et
1564 4979 1828 5035 rhetores
1852 4979 2052 5036 habet.
2097 4982 2196 5038 llle

544 5063 794 5135 quidem
823 5063 1194 5121 Aristotelem
1225 5069 1408 5136 amat,
1459 5066 1555 5121 hic
1576 5081 1718 5123 vero
1735 5071 2194 5139 Hermogenem.

547 5151 698 5207 Sunt
743 5151 922 5220 igitur
965 5168 1177 5209 omnes
1213 5152 1274 5209 hi
1304 5153 1458 5209 inter
1495 5170 1559 5210 se
1606 5157 1799 5228 probi.
1834 5156 1996 5212 Valet
2014 5158 2193 5215 etiam

543 5240 876 5311 propositio
892 5242 951 5296 in
975 5241 1072 5296 his
1094 5241 1440 5314 plurimum.
1468 5245 1535 5299 Ut
1554 5245 1712 5300 enim
1727 5245 2111 5318 philosophia
2130 5263 2192 5304 se

541 5326 726 5384 habet
755 5327 834 5384 ad
863 5335 1051 5385 artem
1093 5329 1352 5398 dicendi,
1409 5331 1491 5387 ita
1535 5347 1600 5387 se
1646 5333 1830 5388 habet
1855 5335 2192 5392 Aristoteles

541 5415 624 5472 ad
655 5417 1096 5486 Hermogenem
1133 5423 1190 5474 et
1251 5417 1587 5475 Alexander
1635 5419 1715 5475 ad
1753 5422 2036 5481 Marcum.
2094 5425 2193 5480 Est

535 5503 719 5577 igitur
755 5504 1092 5564 diﬂ'erentia
1124 5521 1251 5564 non
1265 5507 1436 5580 quod
1456 5507 1589 5565 alia
1609 5508 1728 5566 sint
1751 5509 2038 5584 rationes,
2078 5511 2190 5590 sed

2313 4267 2424 4322 viri
2452 4281 2515 4322 se.
2531 4263 2755 4321 habent
2776 4263 2854 4318 ad
2893 4262 3164 4318 tibicines
3195 4267 3251 4318 et
3289 4261 3570 4318 tibicinas
3609 4282 3623 4328 ;
3669 4270 3732 4320 et
3794 4271 3855 4320 ut
3877 4260 3965 4317 viri

2313 4371 2376 4411 se
2402 4354 2626 4410 habent
2649 4352 2727 4408 ad
2748 4351 2898 4408 ﬁnes
2924 4366 3085 4418 suos,
3130 4351 3212 4407 ita
3253 4352 3434 4407 etiam
3473 4367 3539 4407 se
3561 4352 3806 4411 habent
3831 4355 3964 4409 Titus

2312 4444 2651 4516 sapientum
2677 4441 2979 4497 studiosus
2997 4439 3075 4496 ad
3099 4439 3462 4496 dissolutum
3479 4445 3540 4496 et
3556 4440 3963 4499 eﬁeminatum

2311 4539 2603 4592 Neronem
2639 4551 2652 4601 ;
2685 4537 2741 4588 et
2767 4536 2831 4587 ut
2857 4530 3240 4603 philosophia
3277 4547 3340 4586 se
3370 4530 3558 4588 habet
3588 4533 3673 4589 ad
3721 4535 3961 4590 musices

2310 4622 2688 4698 quisquilias,
2740 4621 2822 4676 ita
2867 4619 3047 4676 etiam
3093 4619 3333 4691 sapiens
3375 4620 3537 4676 Titus
3566 4637 3629 4676 se
3671 4623 3857 4679 habet
3895 4619 3958 4675 ad

2307 4709 2662 4767 illaudatum
2685 4712 2984 4764 Nerorem.
3006 4711 3184 4764 Porro
3205 4724 3344 4764 cum
3375 4709 3802 4767 renuntiatum
3825 4715 3958 4765 esset

2309 4799 2440 4855 Tito
2456 4797 2848 4870 philosophos
2864 4796 2995 4853 illos
3018 4813 3127 4870 pro
3147 4796 3376 4854 foribus
3397 4801 3559 4852 stare
3590 4799 3792 4866 (erant
3816 4798 3953 4854 enim

2305 4887 2462 4944 fores
2498 4887 2660 4957 regio
2681 4901 2846 4942 more
2867 4885 3122 4942 occlusa;
3151 4891 3208 4941 et
3239 4883 3562 4956 obseratae)
3582 4889 3697 4943 uni
3715 4887 3948 4960 philoso-

2303 4977 2564 5049 phorum
2610 4975 2850 5032 illorum
2879 4974 3183 5044 iudicanti,
3219 4974 3354 5029 utsi
3381 4973 3656 5044 placeret
3692 4975 3951 5033 intromit-

2306 5069 2584 5129 terentur,
2615 5064 2806 5120 Titum
2864 5061 3249 5134 respondisse
3302 5061 3630 5133 perhibent
3672 5065 3940 5138 quidam:

2303 5153 2456 5220 volo,
2488 5153 2673 5224 inqui,
2699 5167 2864 5207 meas
2905 5150 3063 5206 fores
3110 5149 3395 5207 omnibus
3422 5150 3812 5225 philosophis
3839 5163 3938 5206 esse

2301 5247 2526 5313 aperta.
2566 5247 2636 5296 At
2676 5243 2825 5297 Nero
2873 5239 3252 5312 impudenter
3300 5254 3531 5295 corona
3556 5242 3864 5298 redimitus
3889 5239 3928 5288 in

2299 5335 2624 5403 conspectu
2640 5329 2848 5385 theatri
2860 5328 3106 5400 turpiter
3119 5327 3364 5383 saltavit.
3384 5335 3605 5386 Annon
3622 5331 3797 5405 igitur
3812 5343 3924 5384 com-

2297 5421 2618 5478 muniones
2633 5435 2767 5491 quae
2799 5435 2873 5474 ex
2884 5417 3130 5474 scientia
3149 5418 3450 5474 exsistunt
3471 5421 3682 5490 magis
3697 5426 3830 5476 sunt
3851 5429 3916 5471 n.1-

2298 5508 2516 5588 turales
2526 5508 2838 5580 multoque
2860 5506 3364 5578 majoreinpretio
3376 5505 3678 5566 habendo
3693 5510 3722 5567 ?
3741 5511 3906 5564 Ann-ﬁ
