4064 6308
73 267 198 320 1357

931 261 1285 318 THEODORI
1327 263 1373 316 ιι
1409 263 1544 317 1MP.
1588 245 1678 314 Dii
1715 257 2174 318 COMMUNIONE
2212 260 2581 318 NATURALI.

3331 264 3474 318 1358

162 386 319 444 η’.Τό
355 390 446 459 μεν
483 384 570 438 οὖν
602 388 754 457 φύσει
806 386 884 439 ἀεὶ
944 394 1037 439 τοῦ
1104 389 1242 439 θέσει
1304 392 1396 438 καὶ
1449 393 1680 458 κριὶττον
1735 388 1786 440 Α
1845 385 2127 457 καταλήγει
2153 391 2211 438 τό
2257 388 2444 438 τούτου
2469 381 2760 458 σπούδσμα
2791 407 2803 420 '
2829 393 2958 460 τιμᾷ
3015 383 3074 439 δὲ
3114 386 3139 438 ὀ
3322 392 3442 449 τοὺς

95 480 178 528 καὶ
229 494 555 550 τιμιωτερον,
629 475 673 527 εἰ
723 481 792 546 μή
842 494 924 535 τις
982 475 1390 546 παραλογίζεται
1436 477 1501 525 τά
1553 475 1680 547 πρά-

97 584 282 635 γματα,
313 570 403 616 καὶ
449 569 624 634 γένους
675 565 706 622 ἠ
775 561 1026 636 πατρίδος
1087 565 1116 622 ἣ
1183 569 1414 622 τεκόντος
1458 563 1684 632 εὐγενείᾳ

101 653 418 726 ἀπατώμενος
463 653 791 724 παραλόγους
845 660 983 705 ποιεῖ
1048 654 1139 712 τάς
1181 656 1448 711 κοινωνίας
1500 651 1681 706 αὐτοῦ.

102 750 233 795 ῐιᾶσι
298 743 399 814 γάρ
464 748 570 802 τοῖς
629 749 806 813 σοφοῖς
856 747 945 792 καὶ
984 748 1090 802 τοῖς
1137 749 1300 812 σοφῶς
1363 743 1684 814 πράττουσιν

99 831 268 902 ἀρεταὶ
332 835 422 883 καὶ
489 829 600 902 βίος
682 829 1020 896 ἐλετάξονται,
1080 832 1109 887 ἡ
1171 829 1368 889 ἀληθὴς
1429 833 1515 880 καὶ
1575 829 1687 880 θεία

99 920 330 989 εὐγένεια.
356 923 431 972 Τά
454 916 503 971 δ’
527 919 656 971 ἄλλα
683 921 818 970 θέσει
866 924 956 970 καὶ
1002 917 1178 992 πόρρω
1214 927 1305 969 του
1364 921 1514 990 φύσει
1564 922 1687 968 ὄντα

99 1012 564 1083 παραθεωροῦνται.
586 1005 912 1062 Διδάσκουσι
931 1011 1032 1082 γάρ
1059 1013 1149 1059 καὶ
1171 1010 1219 1060 οἰ
1241 1012 1355 1067 τοὺς
1378 1007 1580 1078 ἁγῶκας
1596 1011 1685 1057 καὶ

99 1102 162 1150 τά
188 1097 406 1174 βραϐεῖα
435 1106 702 1158 ποιοῦντες
730 1102 818 1149 καὶ
846 1093 1081 1156 διδόντες
1109 1102 1203 1154 τὴν
1233 1101 1402 1164 νικὴν,
1431 1101 1520 1148 καὶ
1544 1098 1592 1146 οἱ
1621 1097 1688 1146 τὰ

104 1193 370 1259 συμπόσια
388 1186 646 1247 τελοῦντες
666 1205 760 1242 την
789 1204 955 1241 νικην.
997 1183 1117 1237 Ὀτι
1144 1187 1233 1256 μὲν
1264 1181 1351 1236 οὖν
1378 1184 1470 1236 οὐκ
1490 1185 1597 1235 ἴσοι
1615 1190 1686 1252 τῷ

100 1280 227 1346 γένιι
255 1279 298 1328 si
319 1294 373 1327 τε
397 1277 446 1328 οἱ
467 1274 740 1334 ἀθλοῦντες
764 1276 916 1343 εἰσιν,
941 1276 1037 1324 εἴτι
1052 1272 1101 1324 οἰ
1122 1269 1650 1347 πίνοντες,πρόδηλον
1670 1292 1683 1305 ·

104 1363 208 1417 ἶσοι
234 1361 292 1417 δε
321 1372 383 1436 τῇ
412 1371 561 1436 τιμῇ,
586 1365 720 1415 ὥστε
743 1358 916 1421 οὐδεὶς
938 1360 998 1412 ἂν
1017 1360 1252 1432 λήψηται
1271 1364 1330 1412 τὸ
1350 1365 1527 1433 γέρας,
1551 1360 1686 1432 εἰμὴ

101 1456 126 1506 6
153 1459 378 1511 νικήσων
407 1458 491 1504 καὶ
530 1457 680 1524 μόνος
718 1451 852 1502 κατά
881 1469 932 1502 τε
978 1451 1044 1501 τά
1093 1444 1225 1502 ἆθλα
1261 1455 1351 1501 καὶ
1391 1453 1477 1501 τὸν
1511 1455 1686 1504 πότον.

104 1546 348 1603 Κοινωνός
378 1539 438 1595 δε
464 1551 565 1594 τῶν
589 1540 878 1593 ἀθλούντων
903 1541 928 1591 6
955 1546 1252 1613 κορυφαῖος,
1284 1543 1374 1590 καὶ
1400 1547 1499 1591 τῶν
1523 1544 1692 1591 πινόν-

97 1653 197 1684 των
226 1634 250 1684 ό
280 1631 448 1684 αὐτῶν
491 1633 690 1704 ἔφορος,
727 1632 792 1690 ὡς
825 1631 1004 1703 ἔφορος
1032 1633 1121 1680 καὶ
1154 1630 1256 1699 γάρ
1305 1630 1500 1680 τούτων
1529 1627 1688 1680 ἐστίν.

95 1721 215 1796 ”Αρ’
239 1717 324 1773 οὖν
345 1721 566 1772 ἓνταυθα
618 1723 704 1770 καὶ
759 1719 948 1792 κρᾶσις
989 1736 1045 1770 τε
1080 1736 1171 1768 και
1211 1714 1451 1786 παιδεία,
1502 1721 1593 1768 καὶ
1633 1715 1693 1768 οὗ
1747 1732 1790 1788 Β

93 1810 184 1884 μὲν
209 1810 589 1883 φυσικωτέραή
621 1813 762 1873 νίκη,
795 1806 854 1858 οὗ
909 1803 968 1858 δε
1025 1808 1162 1858 θέσει
1207 1811 1298 1858 καὶ
1335 1811 1507 1878 μόνον.
1568 1811 1696 1866 Ταῖς

95 1900 402 1973 ἀμφοτέραις
441 1894 501 1950 δε
526 1901 718 1971 κρᾶσίς
776 1895 909 1962 ἐστι,
963 1900 1054 1948 καὶ
1092 1902 1156 1968 τῇ
1215 1899 1304 1968 μὲν
1353 1896 1482 1968 μέθῃ
1537 1892 1691 1968 τριϐὴ

99 1989 421 2060 ἀλογωτάτη,
441 1995 503 2060 τῇ
533 1982 592 2039 δε
622 1985 841 2043 ἀθλήσει
877 1981 1100 2038 παιδεία
1142 2004 1222 2046 τις
1247 2005 1260 2017 ·
1291 1987 1448 2056 φύσιν
1490 1986 1588 2056 γάρ
1636 1986 1696 2035 τὸ

101 2077 252 2132 αθλον
308 2083 567 2130 συνιστῶν
611 2074 1048 2147 φιλοτιμούρενος,
1107 2080 1258 2125 τοῦτο
1311 2077 1623 2131 συνίστησιν
1679 2088 1692 2101 ·

103 2168 208 2221 ἐκεῖ
227 2168 328 2242 γάρ
361 2167 546 2238 μάχης
582 2167 728 2237 ἔργα,
763 2159 972 2228 δίσκος,
1014 2159 1246 2232 δίαυλος,
1309 2166 1517 2233 πυγμὴ,
1557 2160 1694 2219 πάλη

105 2262 196 2310 καὶ
231 2255 388 2322 ἅλμα,
429 2259 670 2328 γρήσιμα
715 2254 904 2318 πάντα,
951 2253 1186 2322 πολιτείᾳ
1230 2255 1321 2302 καὶ
1380 2256 1564 2322 κόσμῳ
1609 2256 1700 2304 καὶ

111 2344 215 2419 βίῳ
287 2343 536 2416 ὠφέλιμα,
591 2339 687 2393 κᾶν
743 2342 822 2398 εἴη
877 2339 934 2392 ἐκ
986 2348 1087 2392 τῶν
1133 2341 1380 2392 τοιούτων
1431 2359 1508 2400 τις
1558 2339 1700 2410 αὐτῷ

107 2431 373 2492 ἡδονή.’0
405 2429 464 2485 δὲ
510 2427 956 2503 Σαρδαναπάλειος
1003 2433 1093 2481 καὶ
1143 2431 1482 2489 Διονυσιακὰς
1529 2429 1702 2502 έφορος

107 2528 258 2596 μόνον
304 2527 399 2580 τὴν
455 2520 643 2592 ἄλογον
699 2515 895 2577 ἡδονὴν
952 2516 1175 2590 βλέπων,
1239 2517 1309 2580 εἰς
1361 2514 1512 2571 οὐδὲν
1563 2517 1704 2580 τέλος

74 2733 220 2787 sunt
245 2724 686 2800 prmstantiores
709 2721 1354 2778 communicationibus
1375 2721 1486 2777 illis
1504 2737 1636 2794 quae
1653 2738 1726 2778 ex

75 2815 522 2889 temperatione,
553 2828 675 2868 non
702 2827 776 2868 ex
798 2811 1028 2867 ratione
1065 2812 1378 2876 exsistunt,
1426 2816 1491 2868 ut
1545 2813 1725 2869 etiam

75 2909 336 2964 duorum
365 2903 600 2959 illorum
631 2902 1059 2972 imperatorum
1080 2900 1233 2956 ﬁnes
1249 2901 1622 2956 ostendunt?

1845 472 2276 541 ἀθλοῦντας,όὸ“ὲ
2313 479 2428 535 τοὺς
2477 480 2730 535 πίνοντας.
2784 479 2843 527 τὸ
2895 481 2984 548 μὲν
3021 484 3223 549 πρῶτον
3280 497 3442 549 φυσι-

1844 569 2084 635 κώτερον,
2153 567 2211 615 τό
2271 560 2320 615 δ’
2365 563 2588 615 ὕστατον
2635 562 2927 636 ἁτιμόττον.
2979 564 3088 616 Οὐκ
3151 568 3290 617 ἔστιν
3343 568 3446 639 ἄρα

1844 659 1936 702 τοῦ
1983 654 2120 704 θέσει
2165 656 2220 704 τό
2287 655 2440 723 φύσει
2496 660 2774 727 κρεῖττον;
2819 657 2918 705 Καὶ
2971 657 3094 724 μὴν,
3152 661 3249 714 πᾶς
3302 657 3444 727 εἴπῃ,

1847 743 1959 811 ἔχει
2001 744 2099 814 γάρ
2147 740 2337 799 πολλὴν
2406 745 2499 798 τὴν
2576 739 2841 798 ἀλήθειαν.
2899 742 3019 793 Εἰσὶ
3072 738 3132 793 δε
3183 747 3273 794 καὶ
3319 743 3447 794 ἄλλα

1843 832 1979 888 τινά,
2010 838 2118 890 πῶς
2153 833 2242 901 μὲν
2273 828 2554 901 ἐξεχόμενα
2583 833 2798 898 τούτων,
2839 838 2948 890 πῶς
2992 827 3050 882 δὲ
3111 827 3441 905 διαφέροντα,

1847 922 2136 990 στρατῦγία
2179 939 2192 951 ·
2225 921 2355 990 μετά
2400 915 2459 970 δὲ
2525 919 2751 992 ἰατρικὴ,
2801 921 3157 994 φιλάνθρωπος
3208 924 3308 994 γάρ
3357 927 3446 973 καὶ
3519 915 3540 924 ⁸

1846 1008 1991 1070 αὐ.ἡ,
2044 1012 2196 1065 Κοινὴ
2255 1004 2314 1059 δὲ
2360 1012 2641 1080 γεωργικὴ.
2706 1013 2805 1060 Καὶ
2849 1014 2942 1066 τὴν
2995 1013 3084 1081 μεν
3131 1013 3443 1084 γεωργικὴν,

1845 1097 1889 1148 εἰ
1912 1099 2047 1147 κατά
2075 1100 2196 1158 τοὺς
2217 1096 2422 1158 ἀληθεῖς
2450 1115 2530 1157 τις
2573 1093 2662 1169 ἴδῃ
2713 1096 2920 1167 λόγους,
2988 1103 3184 1169 μεστὴν
3239 1101 3452 1173 εὑρήσει

1846 1181 2216 1245 παιδείας.Μή
2247 1189 2431 1237 σκόπει
2498 1181 2557 1236 δε
2610 1187 2690 1237 ὅτι
2735 1185 2830 1237 οὐκ
2878 1183 2990 1239 οἶδε
3033 1191 3151 1248 τοὺς
3203 1188 3388 1260 λόγους
3421 1191 3446 1240 ό

1846 1269 2092 1348 γεωργός,
2125 1273 2250 1325 ἀλλά
2273 1279 2455 1326 σκόπει
2486 1278 2565 1325 ὅτι
2597 1277 2732 1326 κατά
2757 1274 2906 1346 λόγον
2954 1277 2984 1333 ἡ
3037 1281 3198 1348 τέχνη
3229 1282 3447 1349 γίνεται,

1846 1363 2046 1436 Ὠσπερ
2113 1364 2213 1437 γάρ
2267 1383 2356 1414 και
2408 1362 2749 1437 κυϐερνητικὴ
2824 1363 2880 1415 έϐ
2929 1373 3022 1426 τῆς
3078 1372 3291 1439 πρώτης
3337 1370 3450 1439 ἔχει

1849 1455 1914 1504 τά
1993 1459 2206 1525 σημεῖα,
2285 1453 2378 1504 οὐκ
2453 1449 2567 1505 οἶδε
2624 1451 2684 1505 δὲ
2737 1454 2870 1514 ὃπως
2920 1460 3145 1526 γίνοιντο
3180 1465 3381 1510 ταῡῦτα
3422 1460 3449 1509 6

1850 1538 2194 1614 κυδερνήτης,
2253 1542 2414 1601 οὕτως
2462 1547 2552 1594 καὶ
2604 1544 2630 1594 6
2683 1547 2927 1616 γεωργὸς,
2995 1543 3049 1596 ἐκ
3101 1553 3197 1607 τῆς
3239 1552 3452 1621 πρὼτης

1853 1635 1989 1703 ἔχων
2042 1633 2136 1692 τὰς
2198 1632 2267 1692 ὡς
2324 1631 2460 1690 εἰκὸς
2507 1631 2723 1704 πράξεις
2773 1628 3177 1705 δεδιδαγμένος,
3240 1639 3452 1710 πράττει

1853 1725 1924 1792 μὴ
1997 1720 2249 1783 ἐξετάζων
2308 1741 2320 1753 ·
2379 1717 2871 1793 ἀποδεικτικοίςγὰρ
2944 1721 3119 1792 λόγοις
3183 1730 3273 1776 καὶ
3331 1723 3452 1777 ἀνα-

1852 1818 2054 1880 γκαίοις
2083 1811 2114 1867 ἡ
2147 1815 2326 1881 πρώτη
2371 1809 2558 1871 συνῆξε
2581 1813 2776 1868 ταύτην
2829 1815 2924 1869 τὴν
2966 1815 3178 1883 τέχνην.
3239 1811 3451 1873 Ἐπειδὴ

1853 1903 1912 1950 τὸ
1964 1898 2161 1958 πλῆθος
2239 1898 2402 1956 αὐτὴν
2458 1897 2772 1971 έργάζεσθαι
2817 1899 3014 1972 ἔμελλεν
3069 1901 3456 1974 ὁμολογούμενα

1857 1985 1916 2041 δε
1935 2007 2052 2040 τινα
2083 1984 2327 2060 δόγματα
2354 1983 2672 2060 παραδοῦσα
2716 1996 2821 2049 τοῖς
2863 1995 3108 2064 πρώτοις,
3167 1995 3293 2065 πρὸς
3340 1999 3457 2054 τοὺς

1857 2076 2036 2149 ἐφεξῆς
2081 2084 2249 2128 ταῦτα
2319 2072 2696 2148 μεταδίδονται
2759 2079 2896 2152 ἄχρι
2950 2086 3038 2129 νῦν
3089 2077 3458 2142 ἀϐασανίστως

1855 2170 1945 2217 καὶ
1977 2164 2343 2226 ἁνοξετάστως.
2385 2170 2655 2237 Μαρτυρεῖ
2685 2161 2744 2217 δε
2772 2171 2863 2217 καὶ
2917 2167 2944 2217 6
2999 2172 3216 2228 ποιητὴς
3283 2168 3458 2221 Ἠσίο-

1861 2251 1973 2321 δος,
2005 2256 2085 2306 ὅτι
2116 2273 2206 2326 περ
2263 2261 2356 2314 τῆς
2401 2258 2614 2324 πρώτης
2665 2254 2694 2311 ἠ
2753 2255 3008 2326 θεωργική
3064 2252 3204 2306 ἔστιν
3252 2259 3317 2317 ὡς
3367 2262 3457 2310 καὶ

1861 2349 2030 2394 πᾶσαι
2081 2363 2094 2375 ·
2135 2340 2363 2404 ἐξετάζει
2420 2343 2521 2414 γὰρ
2578 2347 2668 2393 καὶ
2719 2346 2936 2416 καιροὺς
2986 2347 3076 2395 καὶ
3123 2348 3314 2406 τόπους
3369 2351 3459 2398 καὶ

1859 2429 2040 2501 λόγους
2069 2435 2158 2482 καὶ
2210 2432 2512 2502 πράγματα,
2563 2435 2653 2482 καὶ
2694 2429 2940 2493 ἐξετάσας
2997 2431 3102 2484 οἷον
3160 2430 3460 2507 παράδοσιν

1862 2539 1979 2572 τινα
2051 2527 2278 2572 ποιεῖται
2347 2518 2726 2592 εὐγενεστέραν.
2807 2524 2909 2572 Καὶ
2983 2529 3138 2574 τοῦτο
3209 2517 3303 2574 διὰ
3366 2526 3461 2580 τὴν

1836 2728 1929 2780 tur
1945 2727 1999 2778 et
2021 2723 2077 2778 in
2107 2723 2239 2778 aliis
2269 2722 2448 2778 rebus
2484 2722 2828 2794 reipublicae
2859 2723 3090 2780 mundo
3135 2730 3316 2798 atque
3352 2728 3488 2783 vitae

1835 2811 2079 2869 utilibus
2098 2827 2170 2867 ex
2190 2811 2412 2884 quibus
2428 2810 2706 2882 voluptas
2724 2812 2977 2868 honesta
2991 2814 3276 2885 quaedam
3305 2816 3491 2870 exsis-

1837 2902 1919 2957 tit.
1954 2906 2022 2956 At
2057 2915 2276 2972 praeses
2301 2899 2396 2954 ille
2439 2899 2910 2970 Sardanapalius
2937 2908 2994 2955 et
3025 2902 3342 2956 Bacchicus
3385 2919 3491 2959 vo-

150 3000 203 3051 8.
227 2992 396 3059 Quod
417 2991 597 3062 igitur
611 2995 827 3045 natura
841 2993 1073 3044 constat
1095 3004 1321 3060 semper
1335 2995 1424 3044 est
1451 2993 1729 3058 praestan-
1762 3029 1803 3084 Ο
1834 2989 2113 3061 luptatem
2127 2987 2373 3043 rationis
2386 2992 2677 3058 expertem
2691 2987 3109 3044 duntaxatsibi
3120 3005 3485 3062 proponens,

69 3087 194 3144 tius
206 3090 259 3138 et
270 3081 510 3151 dignius
523 3094 594 3135 eo
605 3079 769 3150 quod
784 3078 1073 3148 positione
1086 3077 1456 3136 constat.nisi
1479 3077 1623 3133 forte
1636 3078 1730 3133 ali-

71 3174 216 3248 quis
229 3171 430 3226 fucum
445 3168 625 3224 rebus
637 3167 830 3222 facere
844 3165 978 3221 velit
991 3172 1047 3222 et
1065 3166 1319 3236 generis,
1335 3167 1540 3239 patriae
1556 3172 1611 3222 et
1624 3182 1730 3239 pa-

72 3266 317 3320 rentum
326 3257 507 3314 nobili
517 3262 629 3313 tate
639 3255 1165 3326 deceptas,prteter
1177 3256 1459 3311 rationem
1471 3271 1604 3310 com
1615 3273 1662 3308 m
1674 3271 1733 3309 u-

73 3351 281 3409 nicare
303 3346 490 3402 soleat
513 3365 526 3413 ;
559 3360 704 3400 nam
717 3343 956 3398 virtutes
976 3349 1033 3398 et
1055 3343 1177 3398 vita
1189 3343 1438 3399 honesta
1451 3344 1734 3399 omnibus

76 3436 456 3512 sapientibus
473 3442 529 3490 et
553 3433 850 3505 sapienter
867 3431 1182 3501 agentibus
1203 3431 1501 3488 habentur
1527 3439 1583 3487 et
1598 3438 1736 3488 sunt

75 3544 226 3584 vera
252 3543 322 3582 ac
342 3524 545 3580 divina
566 3521 867 3578 nobilitas.
883 3519 1010 3576 Alia
1033 3536 1172 3576 vero
1193 3521 1399 3576 omnia
1426 3521 1734 3594 negligun-

77 3625 182 3675 tur
211 3612 594 3688 sapientibus,
623 3610 908 3682 nulloque
936 3609 996 3664 in
1029 3609 1216 3680 pretio
1244 3609 1563 3676 habentur,
1597 3625 1734 3680 quas

71 3704 370 3763 nimirum
394 3699 686 3774 positione
711 3703 1009 3762 constant,
1032 3702 1089 3753 et
1115 3697 1194 3754 ab
1224 3713 1295 3753 eo
1323 3697 1491 3770 quod
1520 3704 1738 3754 natura

67 3797 320 3853 constat
335 3790 434 3846 lon
443 3789 684 3858 gissime
699 3787 952 3853 distant;
971 3802 1114 3842 nam
1129 3803 1166 3858 q
1177 3786 1233 3841 ui
1254 3787 1582 3842 certamina
1597 3802 1730 3843 con-

67 3885 332 3941 stituunt
358 3884 415 3935 et
437 3876 689 3950 prmmia
718 3880 1062 3946 proponunt
1097 3875 1317 3930 docent
1340 3876 1650 3931 victoriam
1678 3881 1737 3931 et

63 3973 179 4046 qui
200 3971 265 4027 in
287 3966 576 4024 conviviis
601 3963 868 4037 potando
885 3968 1112 4020 certant
1135 3964 1448 4020 victoriam
1469 3964 1580 4018 sibi
1599 3980 1734 4036 pro-

63 4062 333 4135 ponunt.
356 4053 526 4121 Quod
549 4058 749 4109 autem
780 4066 904 4106 non
926 4050 1046 4106 sint
1070 4066 1286 4122 genere
1312 4051 1578 4124 mquales
1610 4059 1734 4107 tum

64 4143 516 4207 exercitationis
539 4156 725 4197 causa
753 4144 1064 4211 certantes,
1095 4146 1222 4196 tum
1253 4140 1430 4197 etiam
1462 4146 1736 4212 potantes

62 4241 230 4296 inter
248 4248 463 4291 omnes
480 4234 742 4287 constat:
758 4227 864 4284 sed
880 4227 1144 4300 aequales
1163 4229 1563 4300 suntprsemio
1574 4227 1738 4301 quod

68 4324 286 4385 nullus
307 4321 623 4394 praemium
653 4317 929 4389 accipiat,
963 4316 1074 4371 nisi
1105 4315 1270 4372 solus
1300 4316 1394 4372 ille
1422 4316 1528 4389 qui
1560 4317 1742 4372 victor

65 4413 258 4474 fuerit
287 4413 408 4467 sive
421 4411 483 4465 in
501 4406 925 4465 certaminibus
957 4406 1082 4462 sive
1099 4406 1158 4461 in
1173 4404 1738 4478 compotationibus.

68 4503 235 4561 Acin
252 4497 679 4556 certaminibus
699 4494 946 4568 quidem
965 4495 1351 4567 quiprinceps
1372 4500 1460 4548 est
1475 4509 1746 4554 commu.

65 4595 327 4654 nionem
339 4589 586 4644 instituti
611 4602 750 4642 cum
761 4584 1128 4641 certantibus
1156 4584 1260 4640 init
1272 4590 1476 4639 etcum
1491 4584 1744 4654 potanti-

67 4687 193 4742 bus
205 4680 480 4752 ipsorum
493 4691 716 4748 praeses
732 4694 746 4742 ;
762 4690 905 4730 nam
921 4672 1158 4730 illorum
1171 4674 1448 4746 princeps
1459 4676 1547 4728 est
1565 4672 1743 4728 utho-

71 4786 215 4831 rum
234 4782 475 4840 praeses.
500 4770 713 4820 Annon
733 4763 913 4833 igitur
935 4762 1032 4818 hic
1053 4768 1140 4818 est
1161 4761 1509 4834 temperatio
1534 4765 1591 4816 et
1613 4776 1741 4815 eru-

73 4860 225 4919 iitio
238 4859 267 4914 ?
281 4859 478 4928 thuo
493 4852 686 4926 magis
697 4853 774 4909 ad
789 4856 1066 4908 naturam
1079 4851 1308 4908 accedit
1335 4851 1394 4906 in
1409 4849 1735 4906 certamini-

75 4966 191 5009 )us
205 4945 458 5003 victoria
468 4959 540 5000 eo
551 4941 1086 5016 praestantior.Quo
1101 4947 1303 4998 autem
1315 4940 1506 5010 magis
1521 4939 1740 4994 consti-

78 5038 305 5098 utione
333 5038 569 5091 constat
597 5031 700 5087 illa
725 5031 785 5086 in
817 5030 1365 5102 compotationibus
1403 5028 1641 5084 victoria
1669 5043 1740 5084 eo

79 5124 421 5202 gnobilior.
440 5125 617 5177 Porro
628 5120 688 5176 in
701 5118 1003 5175 ambabus
1017 5118 1276 5174 victoriis
1287 5117 1439 5173 inest
1451 5121 1569 5172 tem
1578 5132 1741 5187 pera-

82 5219 150 5278 io
186 5232 200 5281 ;
237 5229 312 5270 ac
339 5213 398 5269 in
428 5209 778 5267 temulentia
798 5213 1034 5280 tempus
1057 5212 1269 5279 praeter
1297 5222 1540 5262 omnem
1563 5205 1739 5261 ratio-

83 5321 214 5364 tem
237 5301 510 5374 ponitur,
528 5298 589 5354 in
610 5297 1036 5353 certaminibus
1051 5311 1192 5351 vero
1208 5300 1297 5350 est
1310 5293 1595 5367 quaedam
1611 5309 1739 5349 eru-

85 5393 404 5455 litiomam
419 5388 524 5460 qui
543 5385 861 5460 praemium
877 5385 1220 5441 certaminis
1238 5382 1545 5439 constituit
1569 5387 1738 5440 natu-

89 5482 178 5546 ali
204 5487 264 5538 et
286 5475 587 5538 laudabili
617 5474 814 5532 studio
845 5473 1084 5541 ductus,
1116 5472 1261 5529 illud
1300 5470 1626 5528 constituit.
1657 5469 1740 5527 lbi

92 5573 240 5634 nim
266 5571 465 5637 disco,
498 5581 701 5632 cursu,
728 5579 937 5637 pugna
961 5568 1019 5619 et
1044 5563 1206 5621 lucta
1233 5576 1449 5646 omnes
1476 5573 1750 5616 exercen-

1837 3079 1914 3134 ad
1944 3077 2178 3132 nullum
2194 3075 2377 3131 tinem
2398 3076 2720 3131 honestum
2741 3075 3178 3132 etlaudahilem
3199 3080 3489 3149 pervenit.

1839 3174 1918 3221 Ac
1939 3165 2034 3221 ille
2063 3165 2308 3236 quidem
2341 3169 2630 3220 certantes
2666 3164 2897 3220 honore
2953 3165 3152 3233 afﬁcit,
3213 3166 3312 3222 hic
3350 3183 3490 3224 vero

1839 3262 2135 3328 potantes.
2160 3257 2226 3310 Et
2258 3254 2402 3309 illud
2429 3253 2676 3326 quidem
2726 3255 2921 3323 magis
2963 3255 3042 3311 ad
3085 3264 3365 3313 naturam
3390 3273 3488 3314 ac-

1840 3344 1990 3410 cedi,
2022 3342 2182 3399 istud
2198 3359 2336 3398 vero
2362 3348 2727 3414 postremum
2756 3349 2844 3398 est
2863 3345 3293 3415 turpissimum.
3328 3349 3492 3402 Nun-

1839 3433 1982 3506 quid
2031 3433 2209 3502 igitur
2285 3432 2451 3504 quod
2511 3437 2726 3488 natura
2781 3440 3011 3489 constat
3075 3442 3162 3491 est
3211 3443 3494 3507 praestan-

1841 3526 1956 3577 tius
1987 3537 2059 3576 eo
2088 3521 2249 3593 quod
2275 3520 2566 3592 positione
2587 3521 2614 3576 ?
2646 3525 2809 3578 Certe
2829 3523 3221 3595 compellente
3249 3527 3492 3582 veritate

1840 3610 2087 3684 quilibet
2137 3610 2437 3666 fatebitur.
2495 3612 2644 3666 Sunt
2690 3617 2892 3667 autem
2939 3615 3119 3668 etiam
3167 3614 3284 3670 alia
3331 3632 3493 3688 quae-

1841 3701 1984 3756 dam
2014 3715 2149 3771 quas
2184 3699 2403 3771 partim
2431 3714 2572 3754 cum
2601 3700 2692 3754 his
2752 3701 3069 3767 cohaerent,
3139 3705 3355 3773 partim
3413 3706 3492 3760 ab

1840 3789 2050 3844 iisdem
2084 3787 2385 3844 differunt.
2431 3790 2496 3843 Ut
2521 3803 2619 3843 ars
2671 3788 2926 3844 ducendi
2991 3791 3315 3846 exercitum
3367 3793 3494 3864 pri-

1841 3894 1956 3932 mas
1985 3876 2458 3933 architectonicas
2488 3882 2574 3930 est
2604 3877 2896 3948 proxima.
2932 3877 3152 3932 Deinde
3173 3880 3501 3936 medicina.-

1842 3969 1989 4022 Nam
2021 3966 2145 4020 haec
2172 3979 2416 4036 quoque
2450 3964 2724 4019 homines
2755 3964 3082 4036 plurimum
3103 3966 3294 4036 juvat.
3328 3970 3494 4037 Agri-

1841 4055 2073 4110 cultura
2094 4070 2235 4109 vero
2257 4059 2348 4108 est
2363 4054 2725 4108 communis.
2745 4055 2828 4108 Ac
2850 4054 2898 4107 si
2915 4055 3050 4125 quis
3068 4055 3494 4126 agriculturam

1842 4161 1914 4199 ex
1944 4143 2098 4198 veris
2134 4141 2464 4197 rationibus
2493 4141 2850 4210 consideret,
2881 4142 3121 4213 plenam
3151 4145 3495 4202 eruditionis

1843 4247 1976 4288 esse
2015 4230 2357 4302 comperiet.
2404 4232 2586 4285 Nemo
2637 4245 2780 4285 vero
2809 4230 3148 4287 oﬁendatur
3203 4249 3274 4288 eo
3329 4235 3497 4304 quod

1849 4319 2112 4390 agricola
2140 4319 2398 4374 rationes
2419 4333 2542 4373 non
2568 4318 2767 4387 novit;
2794 4318 2840 4373 is
2865 4321 3062 4391 potius
3104 4328 3291 4378 artem
3347 4325 3500 4394 agri-

1849 4409 2096 4464 culturae
2117 4423 2189 4462 ex
2205 4406 2432 4462 ratione
2453 4406 2733 4462 exsistere
2751 4407 3064 4478 diligenter
3081 4417 3260 4467 notet.
3285 4414 3500 4479 Quem-

1849 4496 2182 4554 admodum
2209 4495 2368 4551 enim
2399 4509 2494 4550 ars
2523 4495 2931 4564 gubernanda:
2983 4500 3154 4555 navis
3189 4501 3498 4573 signorum

1851 4587 2252 4657 cognitionem
2277 4600 2314 4640 a
2349 4584 2546 4656 prima
2575 4585 2823 4657 accepit,
2865 4603 3124 4659 quorum
3174 4595 3372 4648 tamen
3409 4609 3501 4650 ra-

1850 4677 2074 4732 tionem
2098 4673 2346 4730 reddere
2393 4673 2618 4745 nequit,
2650 4674 2729 4730 ita
2753 4675 2934 4731 etiam
2965 4679 3230 4748 agricola
3249 4696 3286 4735 a
3306 4682 3504 4752 prima

1849 4764 1950 4820 illa
1977 4762 2241 4829 scientia,
2273 4768 2334 4818 ut
2384 4767 2477 4818 est
2502 4777 2766 4833 necesse,
2807 4763 3141 4822 doctrinam
3199 4769 3502 4824 actionum

1849 4852 2076 4924 accepit
2103 4868 2116 4906 :
2149 4852 2270 4920 agit
2294 4855 2494 4906 autem
2513 4851 2769 4907 rationes
2795 4868 2916 4908 non
2945 4854 3330 4922 investigans.
3353 4855 3502 4911 Nam

1848 4942 2044 5014 prima
2074 4940 2320 4996 scientia
2350 4939 2698 4996 certissimis
2730 4946 2787 4996 et
2818 4942 3146 4996 verissimis
3173 4943 3506 5002 conclusio-

1847 5031 2025 5086 nibus
2087 5029 2245 5085 hanc
2294 5033 2483 5085 artem
2537 5027 2786 5084 confecit
2843 5027 2992 5083 Cum
3041 5034 3242 5085 autem
3291 5031 3506 5103 vulgus

1846 5118 2003 5173 hanc
2041 5121 2231 5173 artem
2287 5131 2559 5171 exercere
2620 5115 2806 5184 vellet,
2871 5117 3175 5172 sententiae
3221 5120 3508 5190 quaedam

1847 5207 1925 5264 ab
1946 5206 2230 5262 omnibus
2258 5211 2532 5277 receptae,
2557 5203 2636 5259 ab
2660 5203 2758 5258 illa
2789 5204 2981 5274 prima
3027 5207 3275 5263 scientia
3331 5220 3514 5281 quasi

1845 5311 1953 5368 per
1978 5309 2196 5352 manus
2231 5293 2460 5349 traditae
2489 5299 2544 5348 et
2578 5291 2656 5347 ad
2679 5295 2950 5362 posteros
2971 5301 3322 5367 propagatae
3348 5304 3508 5370 sunt,

1849 5400 2100 5456 quarum
2115 5381 2351 5454 quidem
2373 5381 2790 5437 sententiarum
2817 5381 3077 5437 rationes
3103 5399 3272 5438 nemo
3294 5392 3517 5442 scruta-

1856 5475 2240 5529 tur.Testatur
2255 5471 2432 5526 etiam
2447 5467 2733 5524 Hesiodus
2749 5473 2925 5537 poeta
2938 5477 3126 5527 artem
3141 5473 3516 5543 agriculturae

1858 5567 1925 5617 ut
1961 5567 2018 5619 et
2036 5576 2249 5618 omnes
2269 5563 2447 5627 artes,
2475 5573 2514 5613 a
2539 5556 2733 5628 prima
2760 5555 2865 5614 ilta
2895 5559 3150 5619 scientia
3188 5576 3518 5630 manasse;
