4064 6308
648 225 783 279 1359

2161 208 2518 269 ΑΒΒΕΝΒΑ.

3856 214 3947 269 ηιο

644 347 911 418 ὑπόθεσιν,
949 365 1039 398 και
1069 362 1184 416 περι
1214 361 1304 414 μεν
1331 341 1524 401 ταύτης
1559 339 1612 402 ἐς
1663 342 1837 393 τόσόν.
1895 338 2128 409 Εἱπωμεν
2183 333 2241 388 δὲ
2300 339 2347 393 Α
2406 341 2760 410 φυσικωτέραν
2830 344 3018 413 κρᾶσιν
3093 339 3336 390 κοινωνία
3388 338 3478 388 καὶ
3557 334 3731 408 μᾶλλον
3808 340 3926 408 «γαθή

644 441 762 510 περὶ
798 438 864 487 ὧν
895 435 1282 507 ύπεσχέθημεν.

717 522 785 584 η’.
813 527 1108 598 Στρατηγία
1141 525 1230 595 μὲν
1269 517 1356 572 οὖν
1405 523 1564 592 τέχνη
1618 517 1749 576 καλὴ
1797 521 1884 570 καὶ
1946 519 2239 591 πρωτίστη,

643 617 983 685 χρυσοχοικὴ
1020 607 1078 664 δε
1107 614 1341 684 περιττή.
1372 614 1613 662 Κοινωνιί
1642 604 1700 660 δὲ
1753 613 1918 678 Κῦρος
1974 607 2062 676 μὲν
2125 621 2244 654 ⁴παι-

646 697 762 774 δείᾳ
791 709 862 772 τῷ
886 701 1056 771 οἰκείῳ
1090 702 1444 773 στρατεύματι
1501 693 1776 750 διδάσκων
1825 696 1951 747 αὐτὸ
1993 697 2050 745 1'6
2104 691 2240 743 λιτόν

640 797 729 844 καὶ
802 794 927 865 πρὸς
973 792 1214 865 περιττὰς
1261 787 1534 858 ἀπέριττον
1598 791 1847 860 χρήσεις.
1910 790 2132 857 Κροῖσος
2183 776 2240 832 δὲ

641 878 921 933 Πακτωλοῦ
950 879 1100 954 ῥύσει
1136 877 1292 932 πολὺν
1347 878 1701 950 συναθροίσας
1753 876 1982 948 χρυσὸν,
2017 877 2241 924 ποιεῖται

638 973 768 1044 πρὸς
796 973 1142 1045 χρυσοχόους
1171 970 1260 1028 τὰς
1303 971 1586 1033 κοινωνίας,
1619 962 1714 1018 διὰ
1748 968 1833 1017 τὸν
1882 963 2239 1036 μακαρισμὸν,

639 1055 795 1130 οὗπερ
818 1057 912 1110 οὐκ
961 1057 1152 1120 ἠξιώθη
1189 1055 1284 1108 κᾶν
1317 1058 1458 1130 παρά
1515 1054 1753 1120 Σόλωνος,
1809 1059 2044 1126 χρυσοῦς
2099 1067 2241 1110 τινας

637 1143 890 1220 τρίποδας
929 1145 1335 1206 κατασκευάζων
1395 1149 1483 1198 καὶ
1549 1143 1813 1204 πλίνθους,
1876 1147 2072 1216 Κρᾶσις
2131 1133 2238 1197 ἤδη

641 1239 840 1298 τούτοις
879 1256 970 1288 και
1010 1239 1230 1288 κονωνία
1259 1257 1272 1268 -
1305 1239 1396 1286 καὶ
1453 1236 1481 1292 ἠ
1541 1237 1632 1306 μεν
1691 1234 2038 1304 φυσικωτέρα,
2099 1220 2260 1285 16‘6".

637 1325 763 1383 άλλη
788 1325 837 1386 ἐς
874 1329 1027 1378 τόσον
1083 1323 1295 1398 βασιλεῖ
1351 1322 1599 1397 ἀπρεπής.
1655 1326 1724 1374 T6
1779 1322 1869 1393 μεν
1926 1322 2027 1391 γὰρ
2083 1314 2239 1370 διδά-

639 1435 780 1468 σκειν
809 1419 867 1467 1'6
905 1417 1203 1490 στράτευμα
1229 1418 1316 1466 τόν
1371 1413 1593 1485 βασιλέα
1641 1415 1915 1486 καρτερίας
1946 1404 2242 1479 ὑπόδειγμα

638 1504 815 1557 ἑαυτὸν
847 1500 1148 1556 δεικνύοντα
1197 1502 1496 1575 φιλόσοφον.
1555 1504 1779 1554 Βασιλέα
1832 1502 1935 1572 γὰρ
1985 1497 2044 1550 ού
2091 1497 2236 1564 λαοῦ,

638 1592 766 1645 ἀλλὰ
799 1596 893 1645 σὺν
917 1595 1083 1664 τούτῳ
1127 1596 1218 1644 καὶ
1270 1599 1368 1643 τῶν
1421 1592 1598 1643 παθῶν
1651 1589 1805 1642 αὐτὸν
1859 1585 2123 1641 δείκνυσιν
2153 1587 2241 1650 ·έξ

637 1681 696 1732 οὗ
757 1682 1035 1752 συνάγεται
1090 1681 1170 1732 61':
1226 1678 1460 1753 βασιλεῖς
1517 1680 1694 1731 παθῶν
1750 1681 1868 1738 τοὺς
1929 1678 2029 1730 ὑπὸ
2081 1683 2239 1748 χεῖρα

635 1776 799 1821 ποιεῖν
852 1767 1026 1823 ἐθέλει.
1077 1768 1144 1820 Ὦ.
1197 1776 1286 1821 τοῦ
1333 1774 1672 1841 μακαρισμοῦ
1705 1766 1809 1821 1Τὸ
1873 1763 1930 1819 δε
1982 1762 2239 1840 τρίποδας

635 1859 1040 1920 κατασκευάζειν
1099 1865 1340 1931 χρυσοῦς
1376 1862 1464 1909 καὶ
1507 1857 1746 1917 πλίνθους
1785 1860 1876 1908 καὶ
1905 1854 2019 1916 ὅλας
2049 1855 2237 1928 λαμίας

634 1954 864 2022 χρυσοῦ,
948 1947 1289 2018 ὑφασμάτων,
1369 1949 1649 2020 μαργάρων
1749 1944 2027 2018 ἐμπιπλᾲν,
2122 1948 2240 1997 οὔτε

633 2035 816 2088 ἑαυτὸν
847 2034 1071 2107 βασιλέα
1101 2033 1364 2088 δείκνυσιν
1396 2038 1422 2088 6
1481 2043 1632 2088 τοῦτο
1683 2043 1864 2105 ποιῶν,
1912 2038 2027 2086 οὔτε
2081 2032 2238 2106 βασι-

631 2122 747 2184 λεας
774 2131 891 2176 ποεῖ
911 2130 1030 2186 τοὺς
1089 2122 1545 2197 βασιλευομένους,
1601 2133 1783 2177 πασῶν
1830 2120 2032 2182 ἡδονῶν
2091 2119 2151 2174 ὃε
2179 2141 2238 2194 γε

629 2217 718 2265 καὶ
747 2212 976 2284 μάλιστα
1006 2209 1246 2276 δούλους.
1280 2212 1423 2266 Ἴσοι
1455 2210 1514 2265 δὲ
1560 2217 1651 2265 καὶ
1703 2215 1761 2265 τὸ
1802 2212 1942 2274 τελος
1994 2220 2092 2264 τῶν
2139 2211 2236 2284 ἁμ-

629 2305 868 2374 φοτέρων,
925 2304 1114 2354 πιστὸν
1178 2302 1244 2363 εἰς
1297 2299 1564 2365 ἀπόδειξιν
1631 2303 1657 2354 ὃ
1713 2307 1804 2354 καὶ
1849 2298 2136 2374 πρόδηλον.
2175 2300 2233 2353 Ὀ

626 2392 716 2459 μὲν
745 2392 844 2463 γὰρ
875 2389 930 2442 ἐκ
959 2398 1150 2464 μικροῦ
1176 2395 1335 2462 μέγας
1363 2387 1456 2444 διὰ
1475 2394 1534 2443 τὸ
1575 2390 1779 2463 ἔλλονγον
1812 2389 1912 2442 ἀπὸ
1952 2393 2180 2464 περάτων
2215 2411 2228 2424 ο

541 2494 544 2498 ’
625 2479 720 2539 ἕως
744 2481 978 2552 περάτων
1039 2499 1052 2512 ·
1105 2481 1130 2531 ὁ
1190 2476 1249 2532 δε
1306 2477 1525 2541 ἰδιώτης
1564 2485 1654 2533 καὶ
1706 2483 1944 2552 ἄχρυσος
1990 2485 2080 2532 καὶ
2127 2478 2230 2533 ἀπὸ

622 2567 856 2641 περάτων
927 2572 1017 2620 καὶ
1073 2569 1306 2642 περάτων
1361 2570 1451 2631 ἓως
1514 2576 1762 2641 στιγμῆς,
1827 2570 1961 2630 ᾧστε
2014 2571 2044 2628 ἠ
2093 2571 2230 2622 κατά

948 1947 1289 2018 ὑφασμάτων,

2405 433 2496 487 τῆς
2517 430 2669 498 μόνον
2699 430 2832 480 κατά
2857 433 3046 500 κρᾶσιν
3074 431 3164 479 καὶ
3196 427 3357 480 θέσιν.
3398 424 3531 478 Ἴσοι
3583 427 3678 498 γὰρ
3738 432 3788 496 τῇ
3841 433 3925 498 τιμῇ

2405 513 2569 586 οὗτοι,
2640 517 2748 570 ἐπεὶ
2829 516 3091 590 βασιλεῖς,
3159 515 3262 568 ἀλλ’
3315 517 3340 567 ό
3407 519 3494 588 μεν
3543 514 3830 589 μεγαλοφυής
3872 527 3928 571 καὶ

2403 605 2734 678 μεγαλοφυὼν
2755 611 3014 669 κοινωνός,
3057 608 3083 658 6
3138 602 3197 658 δὲ
3244 610 3516 681 μικρόνους
3562 611 3648 656 καὶ
3687 603 3926 662 κωπηλασὶη

2403 699 2644 757 κοινωνός
2676 716 2688 728 ·
2723 695 3026 768 ὠνόμασται
3055 696 3156 768 γὰρ
3211 712 3336 746 ποτε
3394 699 3480 746 καὶ
3528 696 3760 768 Τραῐανὸς
3806 698 3923 764 πατὴρ

2405 779 2498 836 διὰ
2523 787 2581 836 τό
2613 782 2826 856 ἀγαθόν,
2861 789 3034 858 Νέρων
3059 780 3117 837 δε
3168 786 3365 858 Θηρίον,
3413 783 3602 855 Ξέρξης
3655 779 3709 836 δὲ
3743 781 3922 845 κάπηλος,

2403 874 2482 925 ὃτι
2558 875 2687 946 άγαν
2737 876 2784 926 ἐν
2835 884 2906 945 τῷ
2991 878 3083 936 τὰς
3159 877 3337 946 φύσεις
3403 872 3696 931 καπηλεύειν
3751 872 3925 924 ἐθιοποίεί

2404 962 2579 1030 αὑτὸν,
2649 961 2936 1024 πλατάνους
3000 965 3407 1025 κατασκευάζων
3472 967 3671 1036 χρυσᾶς
3723 959 3923 1032 rio-[669'

2405 1071 2516 1119 σας,
2568 1053 2597 1112 ἡ
2675 1052 2866 1126 μᾶλλον
2944 1056 3037 1104 σὺν
3114 1051 3253 1122 αύτῷ
3319 1053 3510 1122 τάχιον
3575 1049 3920 1124 φυλλορροούεαςι

2401 1141 2559 1194 Ὥστε
2641 1141 2768 1194 αύτὸ
2843 1143 2978 1194 θέσει
3051 1142 3165 1192 τινὰ
3224 1143 3418 1193 τούτων
3475 1141 3506 1198 ἦ
3554 1140 3721 1214 ἐτέρων
3769 1143 3838 1189 καί
3873 1156 3920 1188 τιι

2403 1236 2601 1306 μυρίων
2644 1235 2798 1284 ὤτων
2875 1227 3113 1298 ἕδόξασε,
3181 1229 3276 1281 κᾶν
3330 1225 3605 1292 έδόξάζετο
3652 1230 3789 1293 θέσει,

2402 1325 2460 1373 1'6
2489 1323 2661 1392 φύσει,
2693 1322 2814 1394 ὅπερ
2855 1324 2944 1372 καὶ
2984 1324 3154 1391 τίμιον
3209 1322 3298 1371 καὶ
3351 1322 3544 1392 κυρίως
3597 1325 3677 1369 και
3725 1312 3919 1368 ἰδιαίτατα

2401 1415 2731 1483 τιμιώτατον.
2794 1409 2918 1483 Ἐρᾷ
2975 1405 3033 1462 δὲ
3079 1413 3170 1460 καὶ
3237 1406 3498 1480 βασιλεως
3574 1407 3778 1479 ὑφάντης
3816 1411 3919 1456 τοῦτο

2403 1504 2620 1572 φυσικόν
2645 1520 2656 1532 ·
2688 1497 2934 1570 ἀνάγεται
2989 1500 3091 1573 ’γὰρ
3149 1501 3207 1549 τὸ
3265 1496 3544 1569 ἐλάχιστον
3588 1499 3704 1571 πρὸς
3744 1499 3792 1547 τὸ
3830 1493 3918 1558 ὅλον,

2404 1593 2491 1641 καὶ
2524 1587 2773 1661 βασιλεύς
2813 1583 3134 1659 ἀποδέχεται
3187 1585 3444 1650 λιθοξόον.
3500 1589 3658 1638 Τοῦτο
3709 1583 3920 1656 φιλάνθρω-

2402 1697 2496 1732 πον
2535 1698 2548 1712 ο
2583 1682 2719 1750 φέρει
2747 1679 2848 1751 γὰρ
2888 1681 2947 1729 τὸ
3000 1676 3112 1729 ὅλον
3159 1678 3226 1728 τὰ
3258 1680 3411 1751 μέρη.
3482 1681 3735 1733 Σκὸπησον
3788 1669 3834 1725 δε
3870 1673 3922 1723 ὅτι

2403 1768 2585 1840 ἔλλογα
2610 1776 2813 1820 ταῦτα’
2844 1767 2937 1820 οὐκ
2991 1764 3130 1820 εἶπον
3182 1769 3282 1842 γὰρ
3338 1768 3420 1819 61':
3466 1771 3688 1819 κοινωνεῖ
3734 1761 3922 1837 βασιλέως

2403 1861 2646 1933 ὑφάντης,
2674 1857 2778 1910 ἀλλ’
2815 1860 2897 1910 ὅτι
2940 1855 3050 1930 ἐρᾷ,
3107 1856 3211 1909 ἀλλ’
3263 1853 3388 1910 οὐδὲ
3439 1855 3682 1929 βασιλεὺς
3715 1862 3792 1907 τοῦ
3830 1852 3923 1902 λιθο-

2403 1949 2521 2012 ξόου
2580 1947 2686 2000 ἀλλ’
2736 1944 3058 2019 ἀποδέχεται
3104 1948 3236 1998 ὥστε
3291 1949 3350 1998 τό
3432 1941 3790 2016 ἀποδέχεσθαι,
3831 1945 3923 1998 τινὸς

2402 2037 2512 2092 ἐστι
2568 2042 2656 2090 καὶ
2727 2036 2832 2109 οὐχ
2889 2036 3008 2097 ῶης
3082 2043 3174 2096 τῆς
3231 2039 3514 2096 κοινωνίας.
3572 2034 3726 2087 Ὀπον
3773 2034 3852 2102 γὰρ
3887 2033 3923 2078 τὸ

2399 2129 2695 2180 κοινωνικόν
2776 2127 2938 2198 ὄνομα
3015 2131 3202 2190 κεῖται,
3283 2128 3376 2183 τὴν
3457 2131 3554 2176 τῶν
3629 2122 3922 2174 κοινωνούντων

2401 2212 2672 2276 δηλοποιεῖ
2737 2217 3057 2288 συμφωνίαν.
3137 2219 3378 2274 Τοιοῦτος
3448 2215 3551 2286 γάρ
3619 2211 3720 2264 ἐστι
3767 2211 3923 2265 ἕκαστος

2398 2303 2578 2379 οἷσπερ
2618 2301 2802 2365 ἣδεται
2830 2304 3012 2371 ξυνὼν,
3046 2305 3113 2364 ὡς
3140 2307 3230 2355 καὶ
3279 2305 3338 2354 τὸ
3395 2301 3538 2374 φίλος
3573 2305 3623 2353 τί
3668 2299 3787 2352 ἐστιν
3817 2295 3921 2352 illo;

2397 2395 2553 2457 αὐτός
2608 2415 2619 2429 ο
2662 2402 2890 2447 κοινωνεῖ
2937 2397 3026 2466 μὲν
3087 2394 3187 2466 γὰρ
3239 2398 3348 2454 τοῖς
3407 2392 3623 2464 ὁμοίοις,
3673 2383 3918 2456 ἀποδέχεται

2397 2480 2456 2537 δὲ
2483 2488 2572 2536 καί
2599 2502 2721 2537 ποτε
2749 2485 2815 2535 τὰ
2869 2487 2940 2556 μὴ
2992 2484 3146 2554 ὅμοιά
3190 2500 3292 2550 τις,
3348 2481 3457 2533 οἷον
3518 2481 3665 2533 ἰππον
3709 2473 3914 2564 ἦβούνξ

2394 2580 2545 2631 κῦνα.
2579 2568 2772 2634 Οὐδεὶς
2796 2574 2897 2646 γὰρ
2938 2576 3170 2623 κοινωνεῖ
3224 2571 3365 2640 ἱππῳ
3418 2572 3542 2641 τινὶ,
3595 2570 3679 2620 καὶ
3728 2559 3914 2620 οὖδεὶςοὺ

618 2787 765 2828 nam
794 2775 1088 2844 tempora,
1104 2772 1288 2844 locos,
1307 2773 1588 2844 rationes,
1606 2778 1663 2830 et
1686 2789 1780 2831 res
1810 2779 2122 2840 scrutatur,
2143 2777 2271 2849 qui-
2310 2776 2351 2829 C
2380 2776 2528 2834 alter
2551 2789 2692 2833 vero
2722 2791 2760 2832 a
2787 2773 2905 2831 ﬁne
2927 2777 2985 2830 et
3003 2774 3124 2830 ﬁne
3149 2787 3345 2846 usque
3365 2773 3450 2830 ad
3469 2774 3744 2846 punctum
3770 2785 3781 2823 :
3810 2761 3929 2820 idiota

617 2861 732 2918 bus
767 2862 1135 2932 investigatis
1170 2863 1507 2920 doctrinam
1545 2863 1880 2936 quamdam
1914 2865 2269 2922 nobiliorem

615 2952 813 3008 tradit.
834 2954 953 3008 Hoc
968 2952 1027 3008 in
1047 2953 1362 3024 praesentia
1377 2954 1715 3027 exemplum
1741 2971 2074 3027 proponere
2087 2955 2268 3011 volui-

611 3056 769 3098 mus.
790 3045 870 3097 Ac
890 3041 964 3098 de
985 3040 1346 3111 agricultura
1366 3043 1614 3115 quidem
1637 3044 1952 3100 hactenus.
1990 3044 2266 3100 Dicamus

609 3145 753 3186 vero
769 3129 843 3186 de
866 3130 998 3198 illis,
1021 3130 1096 3186 de
1116 3131 1338 3203 quibus
1358 3147 1469 3188 nos
1486 3132 1749 3189 dicturos
1770 3133 2013 3205 polliciti
2031 3149 2260 3189 sumus.

680 3222 731 3273 8.
756 3225 864 3274 Ars
890 3219 1068 3288 igitur
1097 3219 1356 3276 ducendi
1409 3222 1729 3278 exercitum
1782 3222 2034 3278 honesta
2069 3227 2162 3279 est
2207 3228 2264 3279 et

607 3306 916 3378 prreclara,
971 3311 1031 3364 at
1079 3323 1176 3363 ars
1224 3309 1541 3366 auriﬁcum
1588 3315 1677 3366 est
1720 3309 2042 3382 superﬂua.
2076 3310 2260 3368 Porro

609 3398 796 3465 Cyrus
827 3411 966 3450 cum
997 3411 1108 3450 suo
1137 3398 1396 3452 exercitu
1425 3398 1772 3454 eruditionis
1809 3404 2037 3455 ratione
2093 3415 2256 3455 com-

605 3483 894 3549 municat,
920 3482 1145 3538 docens
1163 3483 1358 3556 ipsam
1383 3485 1782 3555 frugalitatem
1807 3493 1864 3541 et
1891 3486 1948 3541 in
1999 3502 2115 3542 usu
2153 3501 2256 3540 su-

605 3571 838 3642 perﬂuo
859 3571 1355 3628 moderationem.
1381 3576 1615 3630 Croesus
1653 3580 1875 3639 autem,
1918 3591 1991 3630 ex
2021 3573 2255 3630 Pactolo

606 3673 832 3729 magna
862 3659 914 3716 vi
954 3660 1083 3716 auri
1114 3660 1378 3727 collecta,
1431 3663 1734 3719 constituit
1763 3665 2256 3723 communionem

605 3764 744 3804 cum
770 3749 1140 3818 auriﬁcibus,
1173 3750 1288 3806 hoc
1309 3749 1493 3807 modo
1533 3750 1780 3807 beatum
1823 3767 1886 3808 se
1915 3752 2041 3809 fore
2065 3753 2256 3809 existi-

603 3853 802 3895 mans.
833 3840 963 3904 Qua
1009 3844 1212 3895 tamen
1268 3839 1570 3907 beatitate,
1617 3855 1808 3912 quam
1854 3841 2137 3914 sperabat
2190 3858 2255 3898 se

602 3933 1086 3994 consecuturum,
1120 3944 1156 3984 a
1187 3927 1400 3985 Solone
1425 3928 1644 4000 dignus
1672 3944 1796 3986 non
1824 3936 1912 3986 est
1928 3931 2251 4002 judicatus,

603 4031 742 4073 cum
766 4017 1026 4088 tripodes
1066 4017 1368 4090 quosdam
1392 4033 1606 4074 aureos
1654 4022 1710 4075 et
1758 4018 1972 4075 lateres
2009 4035 2253 4092 quoque

2379 2870 2436 2922 et
2463 2866 2594 2922 auri
2631 2879 2844 2937 expers
2869 2863 3074 2920 evasit.
3109 2865 3302 2929 Quare
3350 2859 3693 2918 communio
3732 2855 3813 2912 illa
3845 2863 3926 2922 qus

2376 2958 2466 3010 est
2519 2969 2594 3010 ex
2662 2952 3090 3024 temperatione
3159 2949 3436 3017 naturali,
3493 2947 3674 3006 multo
3714 2941 3874 3002 melior
3895 2940 3926 2990 et

2371 3042 2751 3115 praestantior
2797 3045 2886 3097 est
2932 3056 3024 3110 ea,
3056 3055 3194 3112 qua:
3233 3044 3324 3095 est
3376 3054 3452 3094 ex
3507 3029 3925 3110 temperationeei

2372 3131 2812 3188 constitutione.
2841 3133 2989 3187 Nam
3005 3145 3175 3201 reges
3200 3127 3293 3184 isti
3314 3128 3546 3184 honore
3574 3129 3702 3182 sunt
3726 3116 3923 3194 aequales.

2372 3220 2487 3277 Sed
2514 3235 2667 3276 unus
2683 3224 2775 3276 est
2802 3219 3228 3290 magnanimus
3244 3233 3313 3274 ac
3330 3217 3520 3283 fortis,
3538 3221 3594 3273 et
3607 3208 3923 3298 magnonitiw'

2368 3325 2502 3366 rum
2523 3325 2594 3366 ac
2613 3310 2854 3366 fortium
2873 3308 3072 3364 socius
3099 3325 3112 3375 ;
3137 3307 3283 3364 alter
3301 3321 3448 3363 vero
3467 3311 3555 3362 est
3574 3299 3785 3375 angusti
3800 3295 3922 3354 animi

2367 3403 2425 3454 et
2452 3413 2798 3471 cauponum
2838 3397 3055 3454 socius.
3081 3399 3145 3452 Et
3171 3395 3466 3467 Trajanus
3496 3394 3636 3451 olim
3675 3385 3920 3464 appellatus

2365 3492 2453 3544 est
2495 3493 2663 3560 pater
2699 3491 2942 3560 propter
3005 3485 3356 3550 bonitatem,
3398 3487 3550 3541 Nero
3604 3483 3733 3546 fera,
3779 3477 3918 3532 Xerxes

2363 3591 2582 3648 caupo,
2627 3576 2920 3648 quoniam
2962 3578 3212 3631 naturas
3264 3588 3469 3629 rerum
3515 3563 3858 3642 cauponando
3883 3571 3916 3611 st

2365 3668 2484 3722 Deo
2505 3681 2712 3738 parem
2746 3663 2991 3721 reddere
3012 3663 3253 3720 volebat
3285 3681 3297 3718 :
3328 3677 3467 3718 cum
3499 3661 3753 3734 platanos
3776 3661 3916 3709 aureas

2364 3753 2476 3809 sibi
2533 3752 2938 3810 conﬁciendas
3010 3755 3247 3808 curaret
3293 3749 3624 3806 virentibus
3674 3744 3817 3809 foliis,
3851 3749 3916 3835 seu
3963 3747 3967 3841 i‘

2363 3843 2559 3915 potius
2579 3859 2718 3899 cum
2749 3843 2880 3915 ipso
2911 3841 3108 3898 ﬂuxis.
3130 3842 3326 3906 Quare
3347 3839 3516 3909 illud,
3546 3835 3700 3911 quod
3716 3833 3915 3924 constitit-

2363 3932 2522 3989 tione
2553 3937 2786 3989 constat
2807 3938 3086 3988 neutrum
3115 3931 3355 3987 illorum
3385 3946 3618 4001 regum,
3656 3937 3818 3996 neque
3831 3917 3916 3974 alio-

2359 4037 2495 4078 rum
2525 4021 2842 4078 hominum
2887 4020 3168 4094 quamvis
3211 4018 3602 4084 infinitorum,
3642 4016 3912 4094 queln‘luaf£1

602 4120 818 4160 aureos
851 4104 1388 4162 sihiconﬁciendos
1409 4111 1663 4163 curaret.
1707 4108 1999 4180 Estigitur
2026 4109 2088 4165 in
2123 4125 2250 4165 am-
2285 4133 2330 4188 ι)
2360 4110 2687 4181 gloriosum
2718 4093 2995 4166 reddidit.
3041 4109 3156 4167 Sed
3202 4108 3300 4164 fac
3345 4108 3666 4178 gloriosum
3701 4097 3832 4193 reddi
3851 4093 3910 4193 ελλξ
3955 4099 3959 4193 ρ

599 4192 799 4249 bobus
819 4195 1166 4267 temperatio
1179 4212 1247 4252 ac
1265 4196 1749 4267 communicatio,
1776 4213 1846 4253 ac
1867 4213 1988 4255 una
2011 4199 2249 4270 quidem

601 4283 796 4352 magis
822 4285 895 4338 ad
915 4289 1193 4341 naturam
1222 4287 1470 4350 accedit,
1520 4287 1702 4343 altera
1733 4303 1870 4344 vero
1903 4305 2106 4359 regem
2127 4305 2250 4347 non

601 4371 792 4428 decet.
820 4375 915 4428 Est
938 4375 1099 4430 enim
1136 4377 1291 4445 regis
1323 4376 1537 4433 docere
1591 4378 1914 4434 exercitum
1945 4382 2249 4436 continen-

599 4460 747 4516 tiam
773 4466 829 4516 et
849 4460 1290 4530 abstinentiam,
1331 4464 1596 4536 seipsum
1653 4467 1940 4523 exhibens
1993 4468 2250 4540 philoso-

601 4548 813 4619 phum.
844 4552 990 4604 Nam
1016 4566 1139 4606 non
1169 4553 1365 4608 solum
1393 4554 1601 4626 populi
1648 4570 1850 4624 regem
1910 4557 2016 4612 sed
2067 4558 2247 4614 etiam

601 4637 1116 4710 perturbationum
1147 4657 1209 4696 se
1229 4642 1487 4698 ostendit
1511 4661 1523 4710 ;
1542 4659 1615 4699 ex
1634 4660 1755 4716 quo
1779 4643 1846 4701 ﬁt
1875 4645 2078 4718 ipsum
2097 4647 2247 4704 velle

597 4743 839 4799 quoque
857 4744 999 4783 suos
1017 4728 1232 4784 milites
1258 4731 1774 4802 perturbationum
1791 4749 1962 4804 reges
1979 4734 2210 4792 efﬁcere
2223 4780 2236 4793 .

597 4819 640 4872 Ο
673 4833 877 4874 veram
898 4817 1242 4874 beatitatem
1274 4819 1285 4874 !
1327 4821 1506 4891 Atqui
1535 4821 1797 4892 tripodes
1815 4828 1872 4879 et
1890 4823 2105 4881 lateres
2137 4842 2244 4882 au-

594 4921 728 4962 reos
748 4907 906 4974 facit,
938 4913 992 4964 et
1021 4908 1331 4964 conclavia
1355 4910 1489 4980 ipsa
1529 4911 1693 4966 omni
1732 4927 1805 4967 ex
1852 4918 2020 4983 parte
2072 4931 2241 4986 auro,

595 4997 837 5049 texturis
865 5001 922 5052 et
961 4997 1283 5054 unionibus
1313 4998 1571 5070 complet
1606 5017 1618 5054 :
1649 5015 1773 5056 non
1794 5001 1918 5072 ipse
1945 5019 2008 5059 se
2040 5018 2243 5075 regem

594 5084 875 5153 ostendit,
905 5101 1100 5158 neque
1127 5087 1232 5160 qui
1262 5087 1377 5143 hoc
1395 5087 1538 5144 facit
1561 5088 1694 5144 illos
1745 5106 1900 5162 quos
1956 5093 2107 5163 regit
2146 5110 2244 5150 re-

596 5185 700 5240 ges
735 5172 932 5241 efflcit,
962 5191 1100 5232 cum
1130 5177 1678 5248 perturbationibus
1722 5185 1778 5234 et
1831 5180 2241 5253 voluptatibus

593 5259 933 5330 turpissime
989 5266 1266 5320 serviunt.
1335 5267 1519 5322 Porro
1589 5267 1909 5324 amborum
1957 5271 2091 5326 ﬁnis
2151 5271 2240 5329 fa-

593 5346 810 5403 cillime
852 5352 1079 5408 ostendi
1127 5357 1338 5425 potest,
1387 5359 1443 5410 et
1497 5355 1723 5410 nemini
1774 5361 1862 5412 est
1919 5358 2234 5416 obscurus.

598 5436 758 5492 Unus
782 5439 942 5495 enim
971 5456 1042 5497 ex
1070 5457 1256 5514 parvo
1281 5459 1539 5513 magnus
1564 5443 1774 5510 evasit,
1814 5459 1850 5500 a
1895 5449 2012 5502 ﬁne
2042 5465 2237 5522 usque

591 5524 671 5585 ad
689 5524 895 5599 ﬁnem,
915 5528 1096 5603 idque
1121 5545 1228 5604 per
1267 5533 1650 5605 prudentiam
1688 5537 1745 5591 et
1800 5536 2159 5607 sapientiam
2217 5558 2232 5596 :

2357 4215 2540 4270 quem
2561 4215 2632 4256 eo
2657 4199 2824 4272 quod
2850 4198 3143 4271 positione
3168 4203 3404 4254 constat
3430 4196 3614 4253 multo
3648 4188 3806 4259 magis
3820 4191 3906 4281 sane
3953 4255 3955 4281 Ι

2357 4303 2429 4344 eo
2453 4289 2620 4362 quod
2657 4293 2874 4345 natura
2911 4293 2999 4344 est
3026 4292 3083 4344 et
3123 4291 3380 4357 constat,
3433 4283 3600 4359 quod
3641 4295 3746 4371 non
3780 4272 3905 4371 solani
3951 4333 3953 4371 ἰ

2355 4377 2583 4433 honore
2607 4377 2861 4448 dignum
2887 4382 2994 4441 est,
3024 4375 3132 4432 sed
3151 4375 3333 4432 etiam
3363 4376 3426 4431 in
3461 4373 3659 4447 primis
3697 4369 3899 4459 Ιονιιεθίιυε
3949 4441 3951 4459 Ι

2355 4466 2797 4536 dignissimum.
2817 4469 3026 4523 Textor
3047 4471 3247 4523 autem
3270 4469 3441 4522 amat
3458 4479 3652 4536 regem
3672 4477 3684 4516 :
3703 4453 3897 4514 nimirum

2355 4553 2469 4610 hoc
2499 4561 2586 4611 est
2615 4555 2905 4621 naturale,
2938 4571 3078 4611 cum
3099 4553 3266 4620 illud,
3320 4555 3493 4626 quod
3540 4556 3623 4608 est
3655 4545 3892 4628 minimnnl:

2355 4643 2431 4699 ad
2454 4648 2646 4700 totum
2693 4644 3004 4700 referatur.
3032 4646 3146 4700 Rex
3195 4657 3443 4716 quoque
3471 4638 3894 4714 lapicidamsustl'

2354 4734 2459 4805 Pit,
2478 4733 2762 4790 nimirum
2780 4735 2895 4790 hoc
2916 4733 3253 4790 humanum
3273 4737 3384 4788 est.
3409 4735 3560 4788 Nam
3598 4733 3752 4786 totum
3768 4720 3891 4811 partes
3942 4805 3943 4811 γ

2354 4839 2496 4879 suas
2523 4838 2647 4879 non
2677 4823 2900 4894 abjicit.
2928 4821 3249 4878 Considera
3285 4836 3433 4877 vero
3469 4834 3648 4893 quam
3673 4815 3789 4872 bene
3813 4805 3889 4860 hic

2352 4928 2490 4968 cum
2518 4912 2748 4968 ratione
2776 4911 3092 4984 quadrent.
3116 4913 3242 4966 Non
3271 4910 3396 4966 dixi
3426 4915 3693 4966 textorem
3711 4905 3886 4986 comniu'

2349 5002 2594 5058 nionem
2620 5001 2974 5057 constituere
2999 5015 3138 5055 cum
3161 5013 3321 5070 rege,
3355 4999 3464 5056 sed
3501 5011 3686 5069 regem
3723 4989 3883 5081 aui:tha

2350 5095 2592 5148 textore.
2620 5093 2820 5162 Neque
2847 5104 2953 5145 rex
2972 5087 3297 5161 lapicidam
3344 5103 3550 5144 amore
3595 5080 3878 5169 prosequitur:

2349 5180 2455 5236 sed
2472 5179 2722 5251 suscipit
2739 5178 3052 5233 duntaxat.
3082 5179 3275 5242 Quare
3324 5175 3621 5247 suscipere
3662 5163 3878 5261 est-6W?

2347 5269 2528 5326 modo
2542 5284 2661 5325 non
2676 5268 2912 5340 penitus
2924 5266 3240 5324 etomnino
3251 5255 3873 5348 communicarevbi
3929 5311 3931 5341 Ι

2345 5339 2786 5416 communionis
2867 5372 3091 5414 nomen
3143 5354 3425 5426 iauditur,
3483 5352 3762 5410 concentus
3788 5339 3870 5431 int?
3927 5381 3929 5431 Ι

2345 5449 2770 5507 communione
2801 5448 3043 5518 junctos
3087 5425 3444 5502 declaratur.
3507 5442 3645 5500 Talis
3675 5425 3865 5519 enimsi
3925 5459 3927 5519 ι

2343 5538 2779 5612 unusquisque,
2802 5513 3022 5610 quales
3049 5538 3190 5592 sunt
3225 5549 3368 5592 cum
3409 5532 3620 5606 quibus
3657 5513 3862 5584 versarin-
