4064 6308
147 359 270 414 1361

1033 356 1387 414 THEODORI
1414 356 1464 413 ΙΙ
1490 352 1633 412 IMP.
1668 351 1759 408 DE
1789 348 2248 410 COMHUNIONE
2277 352 2652 412 NATURALI.

3418 356 3553 412 {362

164 481 393 535 κοὶνωνεῖ
430 477 683 556 ἀνθρώπῳ
722 483 873 534 τινί·
934 481 1044 534 ἔστι
1082 478 1143 535 δὲ
1205 501 1309 535 τινι
1373 484 1445 555 μὴ
1504 484 1760 532 κοινωνεῖν
1823 478 1872 533 Α
1928 476 2066 538 ζῶον
2118 477 2283 550 φύλαξ
2336 478 2631 555 ἀνθρώπου,
2685 477 2712 536 ἡ
2783 473 2843 530 6's
2886 477 3030 552 παρὰ
3089 480 3257 550 μέρος.
3323 465 3528 554 Ἰητρὸς

166 568 417 643 ἀνθρώπῳ
444 573 567 637 τινὶ,
611 567 717 621 ἀλλ’
750 567 1114 643 ἀποδέχεσθαι
1159 572 1264 626 οἷόν
1303 590 1378 634 τις
1437 572 1764 645 στρατιώτης

167 654 488 731 ἀποδέχεται
548 657 783 731 ύέλοψον,
824 659 883 712 ού
921 666 1153 713 κοινωνεί
1203 656 1312 713 δέ·
1358 664 1651 733 στρατιώτῃ
1704 652 1764 710 δέ

166 768 265 803 τινι
293 754 543 819 κοινωνεῖ,
584 749 726 821 ’ίππῳ
766 745 845 818 δὲ,
897 749 926 810 ἢ
968 747 1116 822 λίθῳ,
1148 749 1179 810 ἢ
1209 752 1482 825 μαργαρῳ,
1534 749 1564 808 ἦ
1609 745 1763 820 ἑτέρῳ

165 842 265 893 τινὶ
318 837 378 891 ού
422 844 670 905 κοινωνεῖ,
734 845 964 894 κοινωνεῖ
995 835 1055 892 δὲ
1097 843 1187 894 καὶ
1223 846 1341 903 ταῖς
1390 843 1605 913 τροφαῖς
1670 832 1763 891 διὰ

165 933 258 987 τήν
284 929 563 984 σύστασιν.
592 934 756 982 Τοῦτο
784 925 843 982 δὲ
869 931 1039 982 κοινὸν
1085 932 1196 1002 μὲν,
1258 932 1371 1002 ἔχει
1419 925 1478 982 6's
1528 947 1619 981 και
1648 946 1763 980 τινα

166 1014 419 1093 διαφοράν
448 1039 462 1053 ·
493 1018 639 1072 ἄλλοι
674 1020 777 1094 γάρ
816 1018 993 1086 ἄλλας,
1024 1024 1116 1072 καὶ
1166 1018 1319 1080 ἄλλας
1355 1019 1541 1092 ἕτεροι,
1593 1013 1764 1078 οὐδεὶς

166 1103 225 1162 δί
261 1107 319 1160 ού
375 1115 604 1162 κοινωνεί
654 1115 850 1182 τροφῆς
905 1108 935 1168 ἣ
988 1105 1331 1182 ἀποδέχεται.
1399 1108 1640 1183 Ἐναργὶς
1703 1102 1764 1160 δὲ

163 1199 252 1249 καὶ
281 1194 336 1249 ἐκ
372 1205 472 1250 τῶν
521 1205 743 1271 τροφῶν,
800 1197 882 1251 ὃτι
918 1201 1008 1250 καὶ
1066 1199 1217 1271 φύσις
1271 1201 1362 1250 καὶ
1419 1202 1629 1271 κρᾶσις,
1672 1199 1764 1248 καὶ

162 1289 445 1361 τιμιωτέρα
508 1287 539 1344 ἡ
593 1288 750 1360 φύσις
793 1294 889 1350 τῆς
938 1288 1167 1360 κράσεως
1221 1305 1236 1319 ’
1293 1285 1359 1348 εἷς
1410 1305 1462 1339 τι
1523 1287 1626 1360 γὰρ
1674 1288 1763 1338 καὶ

164 1381 378 1450 τροφαῖς
414 1376 446 1434 ἠ
511 1371 739 1452 διαφορά
793 1379 882 1429 καὶ
929 1378 978 1428 ἓν
1026 1395 1157 1442 τισι,
1209 1378 1303 1437 τάς
1356 1371 1415 1429 δε
1443 1377 1618 1436 κοινάς
1674 1377 1761 1427 καὶ

164 1467 520 1539 φυσικωτέρας
575 1466 624 1518 οἱ
680 1463 869 1538 μᾶλλον
926 1466 1214 1539 αἱροῦνται.
1299 1463 1455 1536 Ἔχει
1528 1466 1618 1537 μὶν
1675 1459 1762 1516 οὖν

161 1554 298 1606 κατά
347 1554 537 1623 πάντα,
599 1555 671 1617 ὡς
717 1549 963 1626 ἐδείχθη,
1021 1557 1080 1608 τὸ
1137 1557 1288 1627 φύσει
1337 1559 1431 1606 τοῦ
1484 1555 1621 1607 θέσει
1669 1556 1762 1612 τὴν

163 1643 434 1718 ὑπεροχήν
468 1663 482 1677 -
519 1650 752 1696 κοινωνεῖ
788 1639 848 1696 δε
870 1648 961 1698 καὶ
1001 1643 1160 1719 ἰατρῷ
1208 1645 1234 1696 6
1292 1641 1557 1716 βασιλεὺς,
1608 1648 1763 1695 τοῦτο

160 1733 382 1803 φυσικὸν
427 1735 517 1784 καὶ
569 1730 926 1807 φιλάνθρωπον
968 1753 980 1766 ·
1034 1738 1167 1806 τρεῖς
1202 1734 1303 1807 γὰρ
1360 1735 1625 1785 κοινωνίαι
1689 1738 1762 1802 τῷ

154 1821 382 1894 ἄρχοντι
418 1816 825 1895 ἀρμοδιώτατοι,
858 1820 1154 1895 φιλοσοφία,
1227 1826 1495 1897 στρατεία,
1550 1820 1758 1896 ἰατρικὴ

151 1912 280 1983 μετὰ
315 1917 417 1962 τῶν
458 1906 757 1984 ἰδιωμάτων
787 1910 979 1980 αὐτῶν,
1010 1914 1101 1963 καὶ
1139 1918 1231 1972 τῆς
1268 1913 1358 1984 μὲν
1388 1916 1531 1982 μιᾶς,
1581 1916 1763 1973 κοινῆς

150 2002 319 2061 οὔσης
346 2003 439 2052 καὶ
478 1995 763 2062 διεπούσης
800 2001 971 2053 πάντα
1025 1998 1330 2073 πολλαχῶς,
1386 2001 1455 2062 ὡς
1513 1995 1599 2052 δεῖ
1640 2018 1756 2052 κοι-

149 2096 322 2143 νωνεῖν
392 2091 578 2163 ταύτῃ,
678 2086 1102 2163 διασαφήσαντες
1188 2091 1413 2163 εἴπομεν.
1498 2092 1759 2163 Σωτήριος

149 2177 247 2251 γάρ
300 2175 419 2230 ἐστι
473 2184 655 2230 πασῶν
717 2181 807 2230 καὶ
870 2180 1074 2231 πάντων
1122 2177 1278 2247 αὕτη,
1324 2180 1414 2229 καὶ
1459 2172 1554 2229 διά
1604 2183 1757 2230 τοῦτο

155 2260 237 2318 δεῖ
261 2271 522 2319 κοινωνεῖν
553 2267 717 2340 ταύτῃ
759 2268 847 2319 τὸν
876 2267 1134 2342 ἄρχοντα,
1194 2261 1373 2324 ἐπειδὴ
1433 2270 1607 2340 σωτήρ
1666 2270 1757 2319 καὶ

153 2351 473 2427 ἐπιμελητής
502 2352 694 2426 ψυχῶν
749 2359 840 2408 καὶ
881 2355 1134 2427 σωμάτων
1164 2352 1297 2422 ἐστὶ,
1363 2361 1459 2407 τῶν
1493 2350 1640 2407 δυοῖν
1673 2350 1752 2423 δὲ,

153 2444 221 2505 ὡς
278 2444 417 2517 μετά
473 2445 671 2502 ταύτην
748 2444 1001 2517 σωμάτων
1071 2443 1238 2497 ούσῶν
1307 2447 1594 2517 σωτηρίων,
1674 2444 1756 2496 ἐπὶ

155 2531 354 2606 μείζονι
405 2534 491 2586 καὶ
548 2531 779 2587 ἐλάττονι
841 2536 1034 2609 τρόπῳ,
1074 2539 1133 2586 Ἣ
1195 2535 1286 2607 μὲν
1340 2533 1443 2607 γὰρ
1495 2538 1587 2586 τοῦ
1635 2531 1753 2586 ὅλον

130 2759 272 2819 bens
297 2762 488 2822 solet:
530 2763 680 2838 quid
707 2763 869 2822 enim
899 2767 993 2822 est
1012 2762 1178 2821 aliud
1227 2763 1458 2821 amicus
1487 2779 1673 2836 quam
1705 2761 1787 2819 al-

128 2853 209 2907 ter
227 2851 354 2925 ipse
384 2854 413 2910 ?
441 2856 592 2911 Nam
631 2852 858 2919 similes
903 2869 1043 2910 cum
1099 2852 1393 2927 similibus
1447 2853 1790 2909 societatem

122 2943 459 3001 consituere
480 2943 702 3004 solent.
716 2947 790 3001 At
806 2944 1055 3018 suscipit
1072 2958 1198 3001 non
1227 2942 1444 3001 similia
1460 2942 1789 3016 aliquando

1925 569 2027 640 γὰρ
2055 564 2182 639 ἀνήρ
2209 566 2406 620 πολλῶν
2437 566 2675 630 ἀντάξιος
2705 563 2888 630 ἄλλων,
2923 569 3042 639 περὶ
3096 560 3156 618 δε
3201 576 3523 640 στρατηγοῦ,

1928 657 2001 716 εἷς
2028 660 2228 730 μυρίοι,
2263 651 2505 714 δηλονότι
2536 656 2605 719 εἷς
2636 656 2820 716 πάντες
2852 672 2865 685 ·
2895 654 2954 706 ού
3005 657 3107 727 γὰρ
3163 653 3269 710 εἶπε
3323 660 3522 731 μύριοι,

1926 740 2056 795 ἀλλά
2084 748 2283 820 μυρίοι,
2332 750 2488 797 τοῦτο
2544 740 2604 797 δε
2632 746 2692 796 τὸ
2738 745 2927 805 πάντες
2973 738 3146 801 δηλοῖ.
3192 749 3379 818 Πρώτη
3433 748 3524 818 μὶν

1927 828 2012 886 οὖν
2072 835 2101 892 ἠ
2155 837 2506 908 στρατιωτικὴ
2583 834 2646 896 ἧς
2715 830 2827 886 ἐστι
2882 837 2972 884 καὶ
3010 831 3062 895 ἐξ
3112 833 3177 896 ἧς
3231 836 3374 907 παρά
3428 842 3526 897 τῆς

1925 926 2137 999 πρώτης
2165 927 2255 976 καὶ
2283 924 2308 976 ὁ
2339 925 2489 997 φύσει
2530 924 2846 996 στρατηγὸς,
2904 918 3149 997 δευτέραν
3189 919 3249 976 δε
3291 929 3524 995 κρίνομεν

1922 1017 2018 1072 τήν
2076 1013 2336 1087 ἰατρικὴν,
2391 1015 2524 1087 μετά
2598 1009 2658 1066 6‘s
2708 1015 2900 1074 ταύτας
2973 1011 3033 1065 ού
3093 1021 3350 1067 κοινωνεῖν
3416 1011 3526 1067 δεῖν

1927 1109 2044 1164 ταῖς
2086 1101 2269 1165 ἄλλαις
2336 1105 2424 1157 τὸν
2476 1103 2714 1178 ἄρχοντα
2788 1100 2998 1173 λέγομεν
3057 1098 3166 1152 ἀλλ’
3213 1100 3523 1175 οἰκονομεῖν,

1927 1189 2223 1244 ἐπιτάσσων
2276 1192 2449 1264 ὥσπερ
2526 1189 2578 1254 ἐξ
2676 1189 2958 1266 ἀκρωρείας
3035 1192 3176 1253 τινὸς
3238 1192 3525 1264 καθήμενος

1927 1280 2062 1342 ὅπως
2112 1280 2227 1333 κατ’
2279 1278 2574 1353 ἐπιστήμην
2627 1283 2716 1332 καὶ
2782 1298 2938 1353 φυσιν
2983 1281 3042 1332 τὸ
3093 1285 3195 1332 πᾶν
3252 1276 3522 1349 διίπηται,

1924 1373 2167 1443 καὶπερὶ
2222 1372 2314 1442 μὲν
2370 1376 2461 1421 τοῦ
2500 1373 2704 1441 πρώτου
2761 1376 2947 1436 ταῦτα,
2997 1376 3097 1421 τῶν
3137 1365 3188 1422 δ’
3242 1369 3407 1422 ἄλλων
3461 1372 3527 1423 τά

1928 1458 2151 1532 ἑπόμενα
2225 1463 2314 1511 καὶ
2374 1460 2494 1512 ὅσον
2548 1460 2612 1510 τά
2676 1457 2880 1530 ἔλλογα.
2963 1461 3165 1532 Χρήζει
3201 1460 3303 1534 γὰρ
3370 1463 3460 1512 καὶ
3497 1460 3524 1512 ὁ

1925 1548 2207 1621 ἐλάχιστος
2258 1545 2551 1620 βλάναυσὸς
2626 1565 2764 1609 τινος
2821 1546 3177 1619 λογικότητος.
3249 1546 3343 1611 ⁸ος
3399 1555 3524 1620 γοῦν

1927 1637 2107 1710 οὕτως,
2150 1640 2218 1700 ὡς
2246 1640 2470 1711 εἴρηται,
2520 1634 2767 1711 βιοτεύει,
2830 1638 3087 1711 μακάριος
3136 1636 3193 1699 ὃς
3221 1632 3272 1689 δ’
3303 1641 3361 1690 ού
3392 1644 3525 1710 φαῦ-

1924 1726 2025 1789 λος.
2049 1727 2192 1781 Ἐπεὶ
2223 1724 2284 1781 δε
2311 1729 2617 1799 πανταχόσε
2671 1729 2731 1779 τὸ
2762 1728 2912 1798 φύσει
2948 1732 3041 1778 τοῦ
3106 1727 3242 1779 οίσει
3293 1733 3524 1800 κρεῖττον

1925 1817 2105 1890 εὑρέθη
2139 1814 2193 1868 ἐκ
2222 1817 2426 1870 πάντων
2476 1824 2575 1869 τῶν
2627 1813 2676 1867 ἐν
2731 1823 2803 1886 τῷ
2869 1818 3051 1888 κόσμῳ
3103 1818 3281 1884 ὄντων,
3338 1812 3526 1887 μηδεὶς

1924 1905 2215 1959 ἀπατάσθω
2275 1910 2432 1978 τιμᾷν
2474 1908 2535 1957 τὸ
2581 1909 2652 1976 μή
2713 1908 2886 1977 τίμιον
2938 1904 2968 1963 ἦ
3025 1911 3281 1957 κοινωνεῖν
3328 1904 3469 1976 αὐτῷ
3507 1925 3520 1938 ·

1921 2001 2019 2068 μία
2045 1996 2147 2070 γάρ
2180 1992 2322 2047 ἐστιν
2359 1996 2390 2053 ἠ
2445 1992 2638 2055 ἀληθής
2688 1993 2914 2065 εὐγένεια
2951 1996 3040 2045 καὶ
3068 1996 3195 2066 τιμὴ
3250 1991 3298 2045 ἐν
3351 1992 3524 2065 ἐμψύ-

1920 2103 2041 2158 χοις
2085 2103 2140 2137 τε
2214 2088 2306 2137 καὶ
2357 2080 2590 2154 ἀψύχοις
2642 2085 2691 2135 ἐν
2738 2081 2963 2154 λογικοῖς
3020 2086 3110 2134 καὶ
3172 2081 3377 2155 ἀλόγοις
3432 2087 3524 2136 καὶ

1917 2180 2097 2246 πᾶσιν,
2137 2174 2167 2232 ἡ
2219 2174 2372 2245 φύσει
2410 2171 2655 2243 εὐγένεια,
2704 2175 2796 2226 καὶ
2857 2175 2953 2244 μία
3006 2175 3248 2224 κοινωνία
3303 2173 3333 2229 ἡ
3388 2174 3523 2224 κατά

1917 2265 2071 2336 φύσιν
2110 2265 2201 2314 καὶ
2268 2263 2389 2314 ὅσον
2440 2263 2571 2335 πρὸς
2625 2259 2942 2334 ἐπιστήμην,
3011 2262 3066 2313 αἱ
3110 2256 3161 2313 δ’
3214 2259 3366 2313 ἄλλαι
3428 2260 3522 2313 οὐκ

1914 2352 2134 2424 ἀγαθαί.
2229 2357 2408 2404 Ταῦτα
2472 2358 2597 2421 γοῦν
2648 2348 2998 2421 ἐξετάσαντες,
3056 2357 3261 2425 πρῶτον
3315 2352 3520 2422 εἴπομεν

1915 2439 1949 2493 ἂ
1976 2445 2066 2494 καὶ
2096 2436 2466 2513 κεφαλαιωδῶς
2497 2437 2692 2514 ἀπάρτι
2749 2438 2798 2492 ἐν
2854 2440 2983 2511 ἕκτῳ
3036 2438 3171 2511 λόγῳ
3223 2435 3523 2500 δηλωποιή-

1917 2549 2098 2593 σαντες
2126 2535 2218 2590 τήν
2241 2533 2601 2607 πραγματείαν
2630 2528 2907 2603 ἐντελεχῶς
2937 2527 3282 2604 ἀπολύσομεν.

1891 2765 2065 2828 artes,
2079 2778 2216 2837 quas
2233 2778 2370 2820 cum
2388 2761 2488 2819 illa
2504 2762 3115 2834 supremahominum
3132 2777 3390 2836 corpora
3401 2775 3546 2819 con-

1891 2860 2151 2923 servant,
2181 2850 2363 2924 idque
2389 2852 2619 2923 majore
2640 2856 2697 2908 et
2722 2852 2951 2908 minore
3007 2852 3192 2909 modo
3224 2870 3237 2909 :
3274 2866 3396 2908 una
3415 2851 3545 2924 qui-

1888 2940 2030 2997 dem
2071 2944 2163 2999 est
2231 2944 2432 2998 custos
2481 2940 2664 2997 totius
2715 2939 2977 2998 hominis
3009 2958 3022 2997 :
3057 2939 3243 2998 altera
3280 2955 3422 2997 vero
3470 2955 3545 2996 ex

116 3030 349 3105 aliquis,
385 3035 450 3089 ut
473 3048 721 3106 equum,
734 3032 976 3101 bovem,
999 3048 1242 3090 canem:
1264 3047 1442 3089 nemo
1467 3032 1626 3088 enim
1648 3047 1787 3089 cum
1811 3082 1851 3106 ρ
1887 3033 2069 3103 parte.
2101 3034 2272 3098 Nam,
2304 3034 2370 3087 ut
2398 3030 2479 3087 ait
2514 3030 2827 3099 Homerus,
2860 3030 2946 3086 vir
3016 3029 3286 3086 medicus
3337 3028 3541 3084 multis

115 3133 268 3192 equo
294 3121 797 3179 communionem
842 3121 1117 3193 instituit.
1166 3122 1229 3177 Et
1247 3120 1449 3177 nullus
1475 3135 1600 3177 non
1629 3135 1790 3177 com-

116 3211 472 3268 munionem
488 3211 597 3269 init
617 3227 758 3269 cum
788 3211 994 3285 aliquo
1028 3211 1293 3268 homine.
1330 3211 1447 3267 Usu
1469 3213 1672 3267 autem
1694 3225 1787 3267 ve-

117 3295 202 3353 nit
223 3298 580 3372 aliquando,
614 3304 679 3357 ut
694 3299 879 3365 homo
901 3315 1041 3357 cum
1103 3298 1306 3372 aliquo
1344 3298 1588 3355 homine
1617 3314 1783 3355 com-

119 3388 470 3447 munionem
496 3403 620 3447 non
647 3388 827 3456 ineat,
859 3388 967 3449 sed
993 3404 1135 3445 eum
1185 3386 1494 3460 suscipiat,
1527 3391 1590 3444 ut
1614 3386 1786 3444 miles

121 3473 329 3548 aliquis
366 3476 776 3550 hyeldopsum
808 3477 1074 3549 suscipit,
1108 3476 1214 3533 sed
1237 3492 1362 3533 non
1410 3476 1783 3533 communio-

117 3577 254 3620 nem
274 3564 384 3623 init
417 3583 434 3623 :
464 3569 679 3622 atcum
701 3565 885 3623 milite
907 3565 1110 3639 aliquo
1141 3565 1631 3622 communionem
1653 3564 1778 3635 init,

116 3668 252 3710 cum
274 3670 437 3729 equo
464 3671 607 3711 vero
636 3660 740 3712 aut
766 3655 990 3728 lapide,
1034 3659 1137 3712 aut
1176 3655 1397 3711 unione
1418 3657 1552 3724 ,θυι
1579 3653 1784 3727 aliqua

113 3743 413 3812 ejusmodi
426 3760 493 3801 re
516 3759 640 3801 non
657 3743 762 3801 init
784 3744 1274 3802 communionem
1296 3741 1776 3800 autsocietatem-

112 3830 426 3903 Praeterea,
462 3848 603 3890 cum
632 3832 933 3889 alimentis
983 3832 1476 3889 communionem
1500 3830 1609 3887 init
1639 3846 1781 3904 pro-

110 3923 239 3990 pter
260 3920 538 3995 corporis
569 3919 1078 3991 constitutionem,
1114 3919 1220 3977 sed
1249 3924 1340 3976 est
1390 3918 1637 3992 aliquod
1689 3919 1776 3975 di-

108 4008 388 4066 scrimen.
420 4008 538 4065 Alii
560 4009 725 4067 enim
751 4008 904 4065 alios
936 4008 1049 4065 sibi
1084 4008 1251 4065 cibos
1298 4012 1528 4081 optant.
1587 4010 1775 4065 Nemo

108 4110 244 4154 vero
269 4112 395 4155 non
407 4097 735 4173 participat
753 4098 1126 4170 alimentum,
1147 4102 1252 4154 aut
1269 4097 1468 4169 ipsum
1490 4097 1770 4170 suscipit;

107 4188 287 4259 atque
312 4203 389 4245 ex
418 4187 720 4245 alimentis
740 4186 1073 4258 intelligunt
1105 4202 1320 4276 omnes
1338 4202 1468 4242 esse
1489 4191 1772 4244 naturam
1798 4222 1841 4276 υ

104 4277 161 4329 et
182 4277 812 4350 temperationem:ac
844 4281 1125 4332 naturam
1180 4274 1428 4349 quidem
1475 4279 1771 4347 tempera-

103 4362 261 4419 tione
292 4381 425 4423 esse
446 4365 945 4440 praestantiorem.
978 4368 1124 4422 Nam
1155 4364 1480 4421 discrimen
1529 4363 1770 4421 alimen-

104 4453 301 4509 torum
325 4454 406 4511 ad
424 4455 693 4527 aliquem
723 4453 908 4511 tinem
934 4458 1160 4527 spectat
1194 4457 1253 4511 et
1288 4453 1349 4509 in
1402 4452 1769 4525 quibusdam

102 4541 397 4600 consistit.
433 4542 793 4601 Communia
822 4548 1025 4600 autem
1067 4547 1125 4599 et
1145 4542 1339 4613 magis
1364 4541 1444 4599 ad
1486 4547 1770 4599 naturam

102 4629 454 4689 accedentia
483 4631 784 4688 elementa
805 4632 1104 4705 sapientes
1130 4631 1242 4687 sibi
1274 4631 1470 4702 potius
1521 4630 1766 4702 eligunt.

100 4720 342 4778 Excellit
368 4722 556 4792 igitur
584 4722 646 4778 in
672 4722 959 4778 omnibus
997 4720 1144 4777 illud
1176 4720 1345 4794 quod
1370 4725 1582 4777 natura
1606 4724 1692 4778 est
1712 4725 1769 4779 et

100 4812 344 4878 praestat
356 4810 594 4884 eiquod
616 4815 702 4867 est
731 4811 1047 4883 positione.
1078 4810 1260 4866 Porro
1279 4825 1353 4866 ex
1368 4824 1611 4882 quoque
1628 4825 1768 4867 cum

94 4896 336 4955 medico
351 4899 851 4957 communionem
869 4898 1000 4956 init.
1012 4900 1150 4954 Tres
1163 4898 1322 4955 enim
1336 4902 1477 4954 sunt
1492 4913 1760 4955 commu-

88 4984 428 5045 nicationes
446 4988 795 5062 imperatori
812 4987 1477 5053 accommodatissima,
1501 4988 1759 5060 philoso-

81 5075 249 5148 phia,
276 5077 518 5144 militia,
560 5077 860 5136 medicina
883 5094 1022 5135 cum
1051 5078 1177 5134 suis
1216 5093 1473 5150 quisque
1495 5078 1756 5151 proprie-

79 5164 333 5222 tatibus.
375 5172 462 5223 Ac
486 5182 600 5223 nos
620 5166 869 5241 quidem
935 5168 1078 5224 satis
1135 5166 1575 5223 declaravimus
1629 5183 1753 5240 quo

74 5259 259 5326 pacto
277 5255 478 5312 multis
500 5256 702 5313 modis
724 5256 1217 5314 communionem
1240 5255 1403 5313 illam
1425 5259 1480 5313 et
1500 5271 1607 5329 per
1626 5273 1754 5314 om-

73 5342 179 5399 nia
207 5349 631 5415 permeantem
657 5345 967 5402 scientiam
1009 5344 1363 5419 participare
1395 5344 1746 5402 debeamus.

72 5432 211 5504 Ipsa
225 5430 393 5489 enim
414 5436 511 5490 est
533 5434 806 5492 omnium
829 5433 1214 5490 scientiarum
1247 5437 1303 5490 et
1343 5433 1617 5493 omnium
1644 5434 1749 5490 ho-

73 5520 317 5578 minum
338 5523 774 5594 conservatrix,
801 5522 976 5594 cujus
1000 5526 1343 5594 compotem
1360 5525 1593 5595 oportet
1619 5538 1750 5580 esse

74 5609 541 5684 imperatorem,
557 5611 1055 5687 quandoquidem
1085 5611 1431 5670 animorum
1459 5616 1518 5669 et
1544 5627 1753 5687 corpo-

76 5702 219 5761 rum
241 5703 337 5761 est
362 5705 637 5762 servator
653 5706 712 5762 et
728 5706 988 5762 curator.
1029 5702 1178 5761 Cum
1230 5705 1431 5761 autem
1480 5699 1617 5758 duas
1637 5702 1755 5762 sint

1889 3118 2021 3176 aliis
2051 3123 2312 3193 prtestat.
2345 3119 2494 3175 Cum
2527 3122 2727 3176 autem
2753 3118 2828 3175 de
2853 3117 3006 3174 duce
3045 3117 3338 3175 exercitus
3396 3117 3540 3187 agit.

1888 3209 2075 3278 Unus,
2100 3208 2314 3283 inquit,
2341 3212 2430 3266 est
2450 3210 2640 3266 instar
2667 3205 3219 3274 innumerabilium,
3252 3206 3539 3264 nimirum

1885 3303 1974 3356 est
2024 3314 2182 3355 unus
2237 3313 2709 3371 omneszneque
2749 3297 2910 3354 enim
2966 3296 3114 3354 dixit
3167 3299 3370 3371 μύριοι,
3430 3296 3539 3353 sed

1883 3391 2083 3462 μυρίοι.
2109 3387 2281 3453 Quod
2310 3387 2454 3444 satis
2493 3386 2837 3458 intelligitur
2886 3401 2958 3442 ex
3018 3401 3089 3442 eo
3149 3384 3317 3458 quod
3372 3384 3536 3452 dicit,

1883 3491 2117 3533 omnes.
2149 3482 2257 3533 Ars
2278 3476 2457 3548 igitur
2479 3475 2746 3532 militaris
2763 3479 2855 3532 est
2876 3475 3070 3549 prima
3090 3489 3279 3549 quam
3318 3472 3536 3531 deinde

1883 3571 2336 3640 consequuntur
2379 3565 2657 3640 reliquas:
2718 3569 2775 3623 et
2831 3565 2936 3639 qui
2996 3569 3212 3621 natura
3270 3568 3399 3621 est:
3443 3581 3534 3620 se-

1884 3653 2152 3711 cundum
2182 3670 2320 3711 vero
2341 3654 2420 3712 ab
2450 3653 2551 3711 illa
2587 3653 2953 3710 medicinam
3009 3668 3140 3709 esse
3184 3651 3531 3724 judicamus

1882 3759 2020 3801 cum
2041 3743 2190 3812 aliis,
2217 3758 2353 3818 quae
2383 3747 2832 3817 consequuntur
2851 3741 3339 3798 communionem
3369 3741 3531 3797 inere

1878 3848 2003 3891 non
2027 3833 2204 3891 debet
2226 3834 2567 3907 imperator,
2598 3832 2703 3890 sed
2721 3831 2853 3888 illas
2877 3845 3081 3901 regere
3124 3834 3418 3903 tanquam
3457 3844 3530 3885 ex

1877 3926 2003 3979 arte
2032 3924 2300 3996 quadam
2326 3922 2656 3996 imperans,
2705 3925 2767 3976 ut
2812 3919 3019 3976 omnia
3047 3934 3121 3974 ex
3179 3917 3426 3974 scientia
3473 3923 3529 3974 et

1874 4016 2089 4069 natura
2117 4010 2468 4068 efﬁciantur.
2501 4014 2583 4067 Ac
2610 4010 2685 4066 de
2722 4008 2920 4082 prima
2981 4007 3227 4081 quidem
3282 4006 3530 4064 scientia

1873 4100 2003 4157 haec
2032 4100 2192 4157 dicta
2207 4101 2341 4156 sint.
2370 4099 2508 4156 Alite
2527 4114 2666 4155 vero
2687 4100 3140 4170 consequuntur
3177 4110 3300 4168 quo
3330 4094 3525 4166 magis

1871 4205 2010 4246 cum
2030 4190 2258 4245 ratione
2282 4186 2666 4244 conveniunt.
2693 4189 2844 4245 Nam
2901 4201 3000 4242 ars
3029 4183 3124 4241 vel
3151 4182 3404 4240 minima
3431 4200 3524 4240 se-

1870 4277 2140 4335 dentaria
2169 4277 2414 4334 rationis
2458 4292 2573 4350 ope
2600 4275 2848 4345 indiget.
2882 4275 2994 4340 Qui
3036 4273 3216 4344 igitur
3255 4273 3337 4329 ita
3384 4271 3525 4330 vivit

1872 4368 1960 4439 (ut
1987 4366 2214 4423 dictum
2244 4367 2356 4437 est)
2376 4365 2590 4422 beatus
2618 4370 2708 4422 est
2737 4383 2749 4421 :
2773 4364 2877 4437 qui
2908 4362 3094 4435 aliter,
3121 4362 3318 4419 miser.
3360 4364 3521 4428 Quo-

1867 4457 2032 4512 niam
2063 4460 2264 4512 autem
2294 4471 2368 4511 ex
2396 4453 2679 4512 omnibus
2707 4469 2843 4528 quae
2897 4453 2958 4510 in
3005 4452 3286 4510 universo
3337 4451 3521 4509 modo

1870 4548 2002 4603 sunl
2021 4545 2169 4602 illud
2190 4545 2356 4619 quod
2381 4549 2597 4602 natura
2608 4548 2842 4602 constat
2866 4543 3246 4618 prmstantius
3268 4558 3423 4608 esse,
3447 4558 3519 4599 eo

1867 4634 2033 4709 quod
2056 4635 2349 4708 positione
2393 4638 2647 4704 constat,
2698 4637 3077 4706 compertum
3106 4637 3228 4690 est:
3254 4647 3436 4689 nemo
3454 4631 3517 4688 in

1867 4740 2130 4782 errorem
2158 4723 2477 4781 inducatur
2498 4728 2561 4780 ut
2583 4723 2739 4780 colat
2762 4722 2930 4791 illud,
2963 4722 3129 4797 quod
3166 4737 3289 4778 non
3309 4725 3396 4777 est
3421 4736 3516 4776 co-

1864 4812 2132 4881 lendum,
2162 4811 2430 4885 illudque
2457 4812 2790 4885 participat.
2828 4813 2956 4868 Una
2984 4810 3145 4868 enim
3174 4824 3313 4865 vera
3348 4808 3516 4865 nobi-

1864 4901 1998 4960 litas
2013 4906 2120 4971 est,
2144 4917 2436 4975 verasque
2458 4901 2654 4959 honor
2675 4901 2732 4957 in
2753 4899 3031 4957 animatis
3058 4903 3115 4954 et
3147 4896 3512 4966 inanimatis,

1863 4991 1924 5048 in
1950 4992 2178 5048 ratione
2204 4990 2472 5063 prteditis
2498 4994 2554 5047 et
2579 4990 2828 5047 rationis
2868 4985 3233 5061 expertibus,
3292 5000 3513 5059 nempe

1860 5080 1961 5137 illa
1986 5081 2265 5137 nobilitas
2296 5096 2431 5153 quas
2450 5086 2665 5136 natura
2693 5080 2946 5144 constat,
2975 5079 3035 5131 et
3084 5089 3204 5132 una
3243 5090 3513 5133 commu-

1859 5169 2078 5227 nicatio
2107 5175 2214 5237 est,
2237 5184 2445 5241 nempe
2466 5168 2565 5225 illa
2594 5182 2731 5239 qum
2756 5181 2830 5221 ex
2907 5168 3122 5222 natura
3168 5169 3255 5222 est
3286 5185 3299 5225 :
3327 5165 3511 5239 idque

1857 5264 2156 5332 quatenus
2179 5257 2259 5315 ad
2288 5257 2595 5314 scientiam
2649 5253 2989 5327 requiritur,
3037 5253 3167 5312 alite
3221 5270 3365 5311 vero
3387 5271 3509 5311 non

1858 5354 1998 5405 sunt
2025 5348 2221 5405 boum.
2255 5350 2388 5404 Haec
2411 5346 2592 5418 igitur
2611 5344 2873 5417 primum
2906 5343 3512 5415 anobisinvestigata

1859 5436 2166 5496 attulimus
2191 5452 2326 5509 quae
2374 5433 2721 5492 summatim
2775 5431 2835 5489 in
2876 5439 3044 5490 sexto
3102 5448 3380 5490 sermone
3422 5449 3510 5488 se-

1857 5527 2061 5601 quenti
2093 5524 2409 5599 complexi,
2434 5523 2849 5581 tractationem
2882 5523 3040 5582 hanc
3084 5523 3367 5582 omnibus
3395 5538 3508 5579 nu-

1859 5617 2041 5676 meris
2061 5614 2410 5675 absolutam
2428 5612 2777 5672 reddemus.
