4064 6308
2080 323 2439 379 ADDENDA.
3772 330 3862 382 136i

783 585 2017 768 ΘΕΟΔΩΡΟΥ
2127 591 2572 765 ΤΟΥ
2672 591 3687 764 ΛΑΣΚΑΡΙ

1243 863 1373 908 ΤΟΥ
1409 862 1564 908 ΥΙΟΥ
1601 862 1916 909 ΜΕΓΑΑΟΥ
1953 863 2273 910 ΒΛΣΙΛΕΩΣ
2315 863 2527 909 ΚΥΡΟΥ
2561 863 2862 911 ΙΩΑΝΝΟΥ
2896 864 3027 910 ΤΟΥ
3064 863 3277 910 ΔΟΥΚΑ

1258 1022 1568 1135 ΤΗΣ
1653 1021 2336 1136 ΦΥΣΙΚΗΣ
2415 1019 3278 1138 ΚΟΪΝΩΝΙΑΣ

1807 1265 2199 1352 ΛΟΓΟΣ
2311 1263 2721 1350 ΕΚΤΟΣ.

1281 1631 2249 1771 THEODORI
2309 1629 3259 1768 LASCARIS

1386 1869 1542 1926 FILII
1583 1871 1802 1926 SUMMI
1837 1870 2310 1928 IMPERATORIS
2347 1870 2592 1928 DOMINI
2629 1869 2919 1926 JOANNIS
2959 1867 3161 1924 DUCIE

1066 2039 1263 2145 DE
1366 2038 2242 2147 NATUBALI
2356 2033 3483 2148 COMMUNIONE

1873 2234 2195 2324 SERMO
2266 2232 2678 2324 SEXTUS.

563 327 579 378 l
593 326 694 381 363

673 2589 978 2658 ’Λναγκαῖαι
1007 2591 1095 2639 καὶ
1124 2596 1326 2660 πρῶται
1380 2589 1584 2639 πάντων
1639 2591 1797 2659 φύσις
1847 2593 1932 2639 καὶ
1973 2587 2194 2646 ἐπιστὴ-
2251 2591 2296 2642 Α
2356 2609 2437 2649 τις
2466 2584 2519 2640 εὖ
2549 2609 2607 2661 γε
2638 2591 2835 2660 φύσεως
2883 2589 2972 2654 ὡν,
3005 2587 3047 2640 εἰ
3103 2592 3174 2659 μή
3203 2607 3285 2639 τοι
3320 2592 3413 2639 καὶ
3450 2585 3770 2658 ἐπιστήμηνῆ

600 2696 671 2749 μη
713 2697 724 2708 ο
760 2684 820 2748 τῇ
855 2679 944 2747 μὲν
975 2678 1073 2748 γὰρ
1109 2677 1390 2745 συνάγεται
1420 2682 1564 2727 πᾶσα
1590 2683 1798 2744 κρᾶσις,
1843 2685 1903 2748 τῇ
1961 2673 2019 2728 δὲ
2048 2683 2197 2729 πᾶσα

599 2761 816 2817 παιδεία
858 2785 870 2797 ·
905 2765 988 2825 αἷς
1020 2763 1132 2815 ἐστι
1163 2767 1219 2815 τὸ
1252 2768 1402 2836 φύσει
1431 2783 1484 2816 τε
1523 2763 1696 2816 καὶτό
1747 2767 1902 2817 θέσει.
1937 2769 2086 2837 Λέγω
2137 2761 2196 2818 δὲ

601 2857 752 2926 φύσει
782 2859 881 2905 πᾶν
935 2855 960 2904 ὅ
1007 2873 1058 2904 τι
1111 2852 1282 2921 καλὸν,
1335 2855 1473 2905 θέσει
1532 2851 1591 2905 δὲ
1629 2857 1684 2904 τὸ
1734 2850 1993 2906 δεικτικὸν
2036 2854 2194 2906 καλοῦ

599 2947 781 3014 καὶμὴ
816 2941 973 2993 καλοῦ
1002 2946 1088 2992 καὶ
1114 2949 1296 2996 κακοῦ.
1357 2948 1578 3015 Πότερον
1645 2938 1730 2994 οὖν
1769 2947 1826 2994 τὸ
1877 2947 2022 3015 φύσει
2073 2942 2193 2995 πολ-

597 3031 773 3103 λαχῶς
818 3037 908 3082 τοῦ
961 3033 1096 3082 θέσει
1145 3027 1461 3102 ἀποδειχθὲν
1512 3038 1810 3105 τιμιώτερον
1899 3029 2194 3089 δηλοποιεῖν

599 3121 676 3172 ὅτι
707 3123 873 3172 καὶτὸ
913 3120 1024 3171 κατ’
1055 3119 1350 3193 ἐπιστήμην
1398 3129 1487 3172 τοῦ
1539 3124 1674 3172 κατὰ
1724 3125 1916 3192 τέχνην
1966 3124 2076 3173 ἐστὶ
2109 3140 2194 3172 τι-

597 3214 891 3281 μιώτερον;
937 3207 1022 3267 Ὠς
1065 3211 1166 3282 γὰρ
1208 3209 1277 3270 εἰς
1322 3212 1476 3280 φύσιν
1533 3215 1741 3282 κρᾶσις,
1792 3211 1926 3261 οὕτω
1980 3205 2048 3266 δὴ
2103 3213 2193 3259 καὶ

599 3297 668 3358 εἰς
727 3296 1020 3367 ἐπιστήμην
1069 3301 1250 3367 τέχνη,
1327 3302 1415 3348 καὶ
1488 3301 1555 3358 ὡς
1631 3302 1912 3372 τιμιωτέρα
1962 3300 2195 3370 κράσεως

600 3388 774 3457 φύσις,
834 3385 968 3435 οὕτω
1025 3391 1305 3456 τιμιωτέρα
1355 3390 1547 3456 τέχνης
1603 3389 1632 3444 ἡ
1687 3386 1949 3459 ἐπιστήμη
2028 3409 2040 3420 ·
2103 3383 2196 3438 διὰ

597 3480 748 3524 τοῦτο
796 3477 884 3522 καὶ
936 3475 994 3523 τὸ
1048 3472 1162 3523 κατ’
1203 3471 1494 3544 ἐπιστήμην
1537 3481 1834 3546 γιγνόμενον
1892 3481 2195 3550 τιμιώτερόν

601 3560 836 3611 ἐστιτοῦ
875 3562 1009 3611 κατὰ
1064 3565 1254 3631 τέχνην
1306 3567 1628 3635 γιγνομένου,
1685 3567 1752 3623 ὡς
1807 3569 1895 3614 καὶ
1948 3568 2004 3615 τὸ
2061 3567 2196 3616 κατὰ

601 3652 754 3720 φύσιν
799 3656 889 3700 τοῦ
929 3651 1063 3700 κατὰ
1100 3655 1308 3722 κρᾶσιν.
1343 3657 1425 3702 Δεί
1475 3660 1599 3722 γοῦν
1653 3649 1744 3703 διὰ
1798 3660 1961 3703 ταῦτα
2018 3652 2196 3728 ἀρετῆς

599 3744 852 3789 κοινωνεῖν
885 3758 897 3770 ·
927 3745 1080 3789 τοῦτο
1132 3741 1230 3812 γὰρ
1285 3744 1458 3812 μίγμα
1495 3745 1584 3791 καὶ
1633 3739 1925 3812 ἐπιστήμης
1975 3747 2064 3792 καὶ
2104 3745 2192 3814 φύ-

2355 2697 2440 2750 ρος
2487 2683 2574 2729 καὶ
2631 2679 2734 2729 οἷον
2817 2675 3084 2748 ὰπήχημα
3137 2679 3326 2736 ταύτης
3406 2679 3540 2748 ἔχει,
3579 2675 3665 2726 οὐκ
3708 2673 3756 2724 ἄν
3793 2685 3872 2721 ποτε

2358 2764 2543 2839 ἀρετὴν
2574 2765 2854 2840 ἐργάσεται
2896 2765 2976 2830 ἂν,
3006 2767 3177 2837 ὥσπερ
3219 2761 3342 2816 οὐδὲ
3383 2766 3408 2816 ὁ
3453 2769 3600 2836 μόνον
3653 2763 3872 2828 ἐπιστήμης

2357 2853 2608 2918 ἀκούσας,
2675 2855 2766 2906 οὐκ
2842 2857 2953 2925 ἔχει
3025 2851 3082 2905 δὲ
3160 2857 3315 2925 φύσιν
3379 2853 3645 2926 ἐργάσεται
3711 2848 3866 2920 ἀγαθον.

2356 2941 2639 2995 Ἀδύνατον
2695 2939 2754 2995 δὲ
2805 2941 3100 3014 ἐπιστήμην
3153 2937 3347 2994 εἰδέναι
3399 2945 3516 2994 τινὰ
3569 2941 3719 2998 καλῶς
3759 2935 3874 3004 κᾶγιο

2359 3035 2477 3099 θῶς,
2508 3033 2550 3084 εἰ
2598 3037 2668 3104 μὴ
2701 3035 2790 3083 καὶ
2845 3036 2997 3103 φύσιν
3051 3034 3163 3102 ἔχει
3217 3033 3350 3082 πάνυ
3391 3035 3651 3104 χρηστήν.
3706 3021 3870 3078 Trogi-

2359 3123 2457 3193 θρα
2493 3123 2582 3193 μὲν
2640 3116 2725 3172 οὖν
2779 3120 2892 3172 ἐστι
2925 3123 3075 3191 φύσις
3120 3124 3210 3170 καὶ
3265 3121 3372 3171 οἷον
3417 3119 3532 3177 ὕλη,
3573 3117 3795 3184 ἐπιστήμη
3837 3106 3874 3160 δε

2356 3205 2496 3270 εἶδος
2566 3210 2670 3260 οἷον
2753 3213 2842 3260 καὶ
2915 3211 3173 3280 ἔκφανσις.
3227 3207 3430 3283 ’ςὶσπερ
3494 3211 3593 3280 γὰρ
3640 3208 3718 3255 καὶ
3755 3201 3876 3253 λίθους

2357 3295 2674 3371 ἀδιαφόρους
2732 3305 2802 3367 τῷ
2859 3302 3104 3368 σχήματι
3179 3295 3438 3369 βλέπομεν
3485 3301 3572 3347 καὶ
3600 3291 3649 3347 εὖ
3693 3311 3741 3364 γε
3779 3287 3876 3360 μέλα

2356 3385 2556 3459 ἐτέρους
2609 3383 2885 3458 μονοειδῶς
2959 3384 3471 3457 ἐσχηματισμένους,
3536 3389 3621 3435 καὶ
3680 3378 3878 3450 citari»-

2355 3495 2442 3546 μεν
2496 3477 2631 3536 ὅπως
2685 3475 2848 3526 ἐκεῖσε
2910 3477 2968 3525 τὸ
3037 3471 3174 3536 εἶδος
3253 3479 3345 3532 τὴν
3413 3473 3540 3531 ὕλην
3596 3472 3654 3544 ἐμ

2354 3565 2383 3622 ἢ
2418 3566 2553 3636 φυτά
2601 3564 2631 3621 ἦ
2683 3564 2829 3636 ἕτερά
2860 3582 2996 3626 τινα,
3038 3563 3172 3614 οὕτω
3209 3560 3276 3620 δὴ
3319 3569 3410 3614 καὶ
3457 3567 3576 3623 τοὺς
3630 3558 3760 3632 βίους
3797 3549 3875 3603 δια-

2353 3658 2542 3726 κρίνειν
2626 3648 2910 3723 δυνοξμεθα.
2990 3652 3083 3703 εἷθ’
3149 3652 3312 3712 οὕτως
3394 3656 3481 3703 καὶ
3538 3652 3766 3702 κοινωνεῖν
3805 3645 3880 3696 τοῖς

2355 3740 2566 3814 βιοῦσιν
2601 3761 2612 3773 ·
2657 3740 2728 3801 εἰς
2755 3742 2857 3814 γὰρ
2909 3741 2974 3792 τὰ
3019 3736 3327 3813 σφαιροειδῆ
3384 3741 3415 3798 ἦ
3471 3744 3744 3814 τετράγωνα
3782 3734 3878 3799 (ι’χή⁵

602 3847 747 3888 σεως.
788 3833 959 3879 Δείται
1002 3829 1102 3902 γὰρ
1158 3827 1289 3886 αὕτη
1357 3837 1456 3880 τῶν
1519 3827 1814 3902 ἀμφοτέρων
1863 3851 1874 3863 ·
1918 3831 2038 3882 ὅσον
2091 3833 2191 3906 γάρ
2351 3850 2493 3903 ματα
2554 3832 2746 3902 ἔχοντα
2786 3836 2998 3901 νοοῦμεν
3073 3830 3151 3880 ὅτι
3213 3826 3424 3900 ἆγαθῶς
3479 3828 3637 3880 ἐκεῖσε
3682 3827 3732 3876 τὸ
3784 3813 3879 3872 εἶδθς
3976 3857 3977 3866 ι

644 4005 926 4060 Omnium
961 4021 1159 4061 rerum
1201 4006 1461 4063 maxime
1504 4008 1854 4062 necessariae
1896 4013 1952 4062 et
2011 4008 2217 4080 primae
2247 4009 2290 4060 Β
2325 4008 2398 4064 tis
2421 4023 2554 4064 esse
2581 4006 2899 4079 participes
2931 4025 2944 4072 ;
2975 4006 3106 4061 haec
3134 4006 3294 4061 enim
3338 4012 3429 4061 est
3457 4009 3676 4060 natura
3695 4004 3742 4054 et
3765 3995 3886 4050 scier

570 4099 707 4149 sunt
727 4099 942 4150 natura
979 4101 1034 4150 et
1063 4095 1342 4160 scientia;
1375 4097 1451 4152 ad
1484 4096 1644 4151 illam
1669 4098 1824 4152 enim
1857 4098 2053 4151 omnis
2076 4102 2218 4152 tem-
2326 4098 2418 4152 tia:
2432 4096 2730 4152 admistio.
2751 4099 2968 4152 Natura
2985 4096 3144 4150 enim
3170 4100 3445 4167 utraque,
3465 4107 3672 4164 nemqe
3686 4083 3892 4143 virtuteet

570 4183 796 4252 peratio
826 4188 1159 4248 revocatur,
1185 4185 1260 4238 ad
1283 4185 1437 4239 hanc
1462 4184 1657 4240 omnis
1680 4185 1930 4240 eruditio
1957 4203 1969 4239 :
1994 4185 2216 4257 quibus
2326 4186 2565 4240 scientia
2603 4189 2753 4253 eget.
2788 4187 2932 4239 Nam
2953 4199 3076 4256 quo
3111 4184 3327 4256 aliquis
3347 4188 3436 4239 est
3459 4189 3662 4238 natura
3687 4173 3889 4232 feliciore.

568 4269 782 4324 deinde
813 4271 965 4326 inest
991 4271 1135 4326 illud.
1166 4273 1324 4344 quod
1374 4280 1588 4328 natura
1635 4279 1722 4328 est
1775 4281 1827 4329 et
1885 4280 2115 4329 constat
2161 4279 2217 4328 et
2323 4275 2434 4330 nisi
2458 4275 2764 4329 scientiam
2788 4273 3163 4329 autscientim
3184 4277 3436 4344 partem.
3467 4261 3889 4341 autipsiusscien-

567 4358 733 4428 quod
752 4359 1062 4427 positione.
1094 4361 1262 4425 Quod
1287 4367 1500 4417 natura
1525 4368 1757 4418 constat
1777 4362 1918 4418 illud
1953 4363 2211 4435 appello,
2322 4362 2758 4429 tiaeimaginem
2773 4360 3105 4434 quamdam
3118 4359 3520 4427 habeat,nihil
3536 4353 3873 4428 unquampow

569 4444 1908 4518 quodcunquehonestnmestetbonum.Quod
1925 4452 2214 4523 positione
2322 4453 2486 4508 ritex
2509 4453 2719 4507 virtute
2745 4466 2942 4521 agere,
2972 4455 3035 4506 ut
3059 4451 3238 4506 etiam
3299 4450 3405 4522 qui
3463 4447 3748 4533 scientiam
3788 4437 3887 4533 dli”:

570 4539 807 4589 constat
836 4534 978 4590 illud
1001 4537 1256 4608 appello,
1277 4540 1439 4609 quod
1465 4541 1780 4596 honestum
1804 4547 1860 4597 et
1887 4518 2005 4596 non
2035 4542 2215 4596 hone-
2323 4547 2486 4597 taxat
2533 4518 2814 4615 percepit;
2886 4555 2996 4595 nec
3052 4539 3232 4596 habet
3283 4518 3585 4604 naturam,
3629 4530 3748 4590 boni
3767 4518 3886 4618 “nihil

567 4628 724 4678 stum
749 4627 927 4695 atque
946 4623 1173 4680 malum
1205 4631 1532 4698 susscipere
1555 4635 1765 4701 potest.
1800 4633 2005 4685 Utrum
2037 4631 2216 4697 igitur
2323 4634 2604 4702 praestare
2665 4635 2876 4702 potest.
2941 4628 3084 4683 Fieri
3129 4633 3328 4683 autem
3381 4627 3587 4700 nequit
3645 4629 3698 4677 ut
3738 4616 3884 4684 aliqui!

565 4712 730 4785 quod
753 4717 967 4768 natura
983 4719 1217 4769 constat
1240 4718 1617 4787 praestantius
1637 4734 1766 4773 esse
1787 4735 1877 4784 eo,
1921 4719 2084 4790 quod
2111 4737 2214 4791 po-
2320 4719 2474 4774 bene
2504 4725 2557 4774 et
2586 4717 2962 4773 laudabiliter
2983 4716 3291 4773 scientiam
3323 4719 3540 4772 teneat.
3585 4712 3687 4768 nisi
3738 4708 3882 4791 natura

567 4800 777 4856 sitione
809 4800 1009 4856 multis
1043 4802 1240 4857 modis
1281 4803 1756 4860 demonstratum
1808 4812 1896 4862 est
1924 4790 2136 4873 ?Quod
2167 4809 2212 4862 si
2322 4808 2570 4865 omnino
2600 4807 2760 4862 bona
2793 4807 2867 4861 sit
2893 4807 3203 4878 praeditus.
3241 4790 3883 4874 Naturaigiturvelutfuno

565 4907 773 4947 verum
806 4899 891 4948 est
913 4892 1298 4949 manifestum
1333 4894 1457 4961 erit,
1501 4895 1649 4950 illud
1697 4897 1861 4969 quod
1907 4914 1978 4952 ex
2031 4899 2215 4952 scien-
2322 4897 2674 4952 damentum
2706 4901 2762 4950 et
2801 4895 3086 4959 materia;
3133 4895 3378 4949 scientia
3417 4909 3560 4948 vero
3581 4895 3661 4946 est
3684 4879 3879 4976 ferrati.“

567 4979 646 5034 tia
681 4997 751 5035 eo
772 4981 935 5052 quod
963 4987 1050 5036 est
1076 4998 1148 5037 ex
1170 4989 1316 5049 arte,
1345 4998 1474 5037 esse
1511 4963 1906 5055 praestantius.
1944 4987 2008 5040 Ut
2053 4986 2212 5040 enim
2320 4988 2496 5042 veluti
2528 4984 2860 5058 patefactio.
2904 4985 3146 5040 Utenim
3171 4982 3400 5055 lapides
3437 4983 3627 5053 ﬁgura
3653 4990 3753 5064 non
3773 4963 3880 5064 diﬁc-

565 5071 916 5139 temperatio
947 5086 1008 5124 se
1031 5070 1210 5126 habet
1238 5071 1314 5127 ad
1374 5077 1688 5127 naturam:
1722 5073 1802 5128 ita
1843 5090 2085 5146 quoque
2116 5092 2212 5129 ars
2319 5081 2515 5129 rentes
2535 5074 2836 5128 cernimus
2876 5077 2931 5127 et
2961 5073 3109 5128 alios
3147 5071 3467 5126 artiﬁciose
3507 5076 3561 5125 et
3600 5063 3879 5122 uniformuer

567 5171 629 5210 se
658 5155 840 5211 habet
870 5157 942 5211 ad
968 5158 1297 5216 scientiam.
1329 5163 1395 5215 Et
1425 5165 1488 5215 ut
1513 5167 1723 5217 natura
1781 5167 1867 5217 est
1918 5167 2211 5234 tempera-
2247 5146 2286 5200 (ἶ
2320 5163 2630 5231 (ἰτέαι-δῖος,
2657 5167 2836 5233 atque
2857 5159 3254 5215 discernimus
3281 5175 3408 5231 quo
3437 5164 3609 5232 pacto
3633 5152 3732 5210 illic
3749 5146 3877 5242 f0»th

2320 5250 2630 5306 materiam
2708 5249 3069 5318 informavit,
3141 5255 3267 5304 tum
3311 5247 3570 5320 plantas,
3608 5249 3713 5299 tum
3759 5240 3876 5290 etiam

2319 5339 2600 5412 quaelibet
2639 5339 2774 5395 alia.
2806 5339 2887 5394 ita
2913 5353 3157 5411 quoque
3195 5336 3432 5393 vivendi
3487 5347 3689 5407 genera

2321 5405 2460 5486 nere
2483 5443 2839 5502 possumus:
2870 5427 3086 5482 deinde
3119 5443 3255 5482 cum
3312 5427 3430 5482 hoc
3486 5432 3585 5480 aut
3638 5419 3724 5475 illo
3754 5405 3875 5501 moll0

2320 5518 2658 5574 viventibus
2695 5516 3185 5572 communionem
3207 5515 3450 5570 habere.
3475 5516 3614 5570 Cum
3634 5505 3766 5564 enim
3797 5507 3874 5552 an"

2317 5607 2754 5679 madvertimus
2783 5606 3043 5673 formam
3061 5605 3223 5669 illam
3244 5603 3319 5669 de
3339 5603 3600 5662 bonitate
3621 5591 3874 5680 praedicam

566 5243 722 5298 tione
754 5247 1144 5318 praastantior,
1187 5249 1268 5303 ita
1294 5250 1470 5304 etiam
1505 5250 1753 5306 scientia
1779 5257 1866 5307 est
1894 5259 2015 5307 arte
2067 5269 2212 5324 prie-

565 5332 834 5387 stantior.
862 5335 1264 5398 Quamobrem
1292 5337 1433 5392 illud
1474 5339 1637 5410 quod
1671 5356 1739 5394 ex
1770 5340 2011 5395 scientia
2039 5341 2216 5395 efﬁci-

564 5427 660 5475 tur
680 5422 1062 5493 praestantius
1105 5429 1192 5479 est
1234 5441 1304 5481 eo
1347 5427 1511 5498 quod
1567 5443 1636 5482 ex
1696 5434 1818 5483 arte
1858 5428 2128 5495 efﬁcitur,
2153 5435 2215 5484 ut

563 5511 742 5566 etiam
765 5510 908 5565 illud
949 5511 1112 5582 quod
1140 5518 1230 5568 est
1284 5530 1354 5569 ex
1382 5531 1597 5571 natura
1635 5518 2014 5588 praestantius
2035 5525 2212 5574 esteo

562 5599 728 5675 quod
760 5605 937 5665 estex
956 5601 1402 5690 temperatione.
1429 5605 1623 5689 Quare
1657 5611 1890 5681 oportet
1903 5621 2016 5682 nos
2035 5608 2210 5662 virtu-
