4064 6308
113 355 253 414 1865

979 348 1335 406 THEODORI
1370 349 1417 402 Ιῐ
1454 343 1600 401 ΙΜΡ.
1640 341 1733 399 DE
1775 342 2238 404 COMMUNIONE
2274 351 2658 410 NATURALI.

3396 357 3536 418 1300

137 482 432 550 ἑμὸρᾳωσεν
489 477 518 534 ἣ
573 477 640 528 τὰ
687 479 938 548 τρίγωνα,
992 474 1247 547 έξαίρετον
1303 468 1362 524 δὲ
1408 473 1466 522 τὸ
1532 476 1741 555 πρῶτον
1804 475 1851 524 Α
1905 488 2002 533 τως
2059 472 2206 542 αὐτὸ,
2267 477 2401 528 ἔστω
2453 479 2511 528 τὸ
2568 482 2670 530 ΔΒ
2702 481 2740 529 Γ
2778 479 3173 551 Δτιτράγωνον,
3234 474 3511 555 διάμετροι

143 573 229 619 καὶ
261 562 363 617 οἷον
393 564 514 624 ὅλην
542 569 636 623 τὴν
661 572 750 616 τοῦ
790 560 959 624 (Edon;
1011 566 1132 635 ἔχον
1195 563 1380 632 ἰσχύν-
1402 581 1414 592 ·
1467 555 1646 616 ἐπειδὴ
1683 553 1742 609 δὲ

145 661 287 707 πᾶσα
353 656 383 711 ἡ
445 653 601 704 αὐτου
647 652 916 723 ἐπιφάνεια
977 656 1104 725 πρὸς
1185 653 1242 702 τὸ
1283 647 1550 721 κέντρονῆ
1607 649 1739 719 πρὸς

147 749 292 814 ὄγκον
322 743 492 804 έξίσου
524 739 804 814 ἐκδέχεται
857 741 1026 812 λεῐψιν
1058 742 1085 800 ἡ
1123 741 1383 803 ἐπίτασιν,
1435 736 1528 788 οὐκ
1566 737 1740 788 οἰνισοι

147 831 414 905 συμϐῶσιν
441 832 634 884 sacrm
661 834 715 883 αἱ
759 834 889 905 πρὸς
926 833 986 883 τὸ
1042 833 1248 902 κέντρον
1294 827 1598 901 ἐρχόμεναι,
1626 828 1742 878 οὔτε

145 928 243 996 μὴν
273 924 327 974 αἱ
356 925 481 996 πρὸς
510 925 596 973 τὸν
633 921 785 992 ὄγκον
840 924 1124 992 τιινόμεναι
1177 915 1271 971 διὰ
1317 921 1409 976 τὴν
1459 916 1741 988 πρόσθεσιν

146 1011 288 1070 ἦτὴν
317 1011 504 1082 λιῖψιν,
538 1009 645 1063 ἀλλ’
699 1007 810 1064 ἶσαι
847 1008 1089 1071 domat;
1138 1011 1400 1080 μένουσιν.
1447 1003 1602 1058 Ἀλλὰ
1651 1009 1742 1057 καὶ

142 1106 285 1152 πᾶσα
322 1097 605 1172 διάμετρος
641 1103 985 1174 πιραιουμένη
1048 1094 1144 1151 διὰ
1206 1103 1296 1148 τοῦ
1334 1099 1546 1169 κέντρου
1578 1093 1742 1146 αὐτοῦ

142 1191 228 1246 In
273 1195 362 1241 ταῖ
434 1191 629 1250 πάσαις
680 1187 812 1250 ἐστὶ,
875 1187 970 1240 κᾶν
1015 1193 1108 1239 τοῦ
1167 1184 1452 1247 ἐλάττονος,
1503 1180 1597 1234 κᾶν
1649 1188 1742 1234 τοῦ

139 1282 386 1350 μείζονος.
423 1285 628 1352 Πρῶτος
656 1280 746 1350 μὶν
769 1273 855 1330 οὖν
920 1280 978 1328 τὸ
1009 1271 1151 1336 εἶδος
1194 1274 1330 1326 κατά
1373 1273 1522 1324 ποιὸν
1574 1289 1742 1343 κρειτ-

137 1373 295 1428 τόνως
368 1372 463 1426 τὴν
540 1374 763 1441 σφαῖραν
821 1365 1108 1439 έμὸρφωσι,
1169 1360 1424 1434 δευτέρως
1468 1355 1528 1412 δέ
1578 1378 1638 1430 γε
1683 1361 1741 1411 τὸ

137 1458 478 1528 τετράγωνον,
507 1453 740 1529 διαφέριι
765 1453 824 1510 δὴ
879 1457 960 1508 ὅτι
1011 1457 1070 1507 τὸ
1137 1455 1228 1525 μὲν
1283 1450 1365 1502 ἀεὶ
1411 1454 1502 1501 καὶ
1552 1466 1742 1501 παντα-

137 1545 313 1613 χόθεν,
378 1545 469 1606 τάς
532 1565 588 1599 τι
646 1541 954 1618 διαμέτρους
1000 1545 1094 1605 τοὶς
1150 1560 1204 1594 τι
1259 1542 1390 1612 πρὸς
1429 1540 1488 1589 τὸ
1535 1540 1741 1611 κέντρον

142 1631 511 1706 εἰσερχομένας
561 1637 831 1708 γραμμὰς,
888 1631 1068 1686 διόλου
1137 1633 1276 1704 φέρει
1331 1625 1527 1692 ἐξίσου,
1579 1628 1636 1676 τὸ
1681 1620 1741 1677 δὲ

134 1721 197 1772 τὰ
225 1723 314 1792 μὲν
371 1726 502 1796 μέρη
563 1721 654 1776 ἶσα
691 1726 806 1795 ἔχει
850 1726 961 1790 καὶ,
1013 1721 1057 1774 εἰ
1106 1722 1360 1791 τέμνοιτο,
1417 1714 1446 1773 ἡ
1504 1711 1735 1781 αὔξοιτο,

945 2644 1282 2853 κ

121 2923 206 2978 ἶσα
255 2934 343 2982 καὶ
379 2927 537 2981 πάλιν
589 2928 704 2996 ἔχει
741 2927 805 2976 τὰ
869 2928 1024 2998 μέρη,
1084 2923 1216 2982 πλην
1263 2926 1354 2984 τὰς
1408 2921 1721 2998 διαμέτρους

117 3011 322 3078 ἀνίσους
351 3019 488 3092 πρὸς
525 3017 584 3066 τὸ
623 3017 828 3085 κέντρον
867 3015 981 3084 ἔχει
1035 3031 1089 3065 τι
1146 3017 1234 3064 καὶ
1287 3015 1456 3073 ἴσους.
1502 3007 1716 3068 Ἐπιιδὴ

112 3105 210 3177 γὰρ
289 3105 342 3156 αἱ
409 3106 504 3176 μιν
555 3103 1014 3174 σχηματισθεῖσαι
1071 3099 1184 3153 ἶσον
1238 3100 1362 3154 αὑτὸ
1418 3106 1510 3153 καὶ
1568 3099 1718 3152 πάλιν

10 3211 12 3218 ·
112 3200 362 3262 ποιοῦσιν,
396 3195 456 3246 αἱ
489 3188 548 3245 δι
579 3193 766 3243 τούτου
809 3186 1108 3256 διπλάσιον,
1164 3185 1334 3252 δεῖξαι
1383 3185 1443 3242 δὲ
1492 3185 1572 3242 δεῖ
1624 3189 1712 3240 οὗ·

83 3367 242 3437 dam,
259 3370 626 3426 informasse
639 3367 945 3438 globosus,
963 3368 1382 3437 triangulares,
1407 3367 1731 3438 etquadra-

83 3458 168 3509 tas
205 3457 449 3528 ﬁguras,
486 3463 606 3513 tum
631 3456 776 3511 illud
809 3456 868 3510 in
885 3461 1146 3510 mentem
1177 3470 1531 3510 revocamus
1563 3453 1731 3526 quod

81 3541 352 3602 diximus.
388 3550 494 3603 Est
523 3553 725 3601 autem
775 3544 969 3616 prima
1029 3543 1131 3599 illa
1200 3543 1397 3612 ﬁgura
1440 3541 1731 3614 sphaerica

78 3635 591 3702 praestantissima,
617 3648 753 3706 quae
779 3631 956 3688 veluti
985 3638 1172 3688 totam
1203 3631 1413 3688 formae
1436 3631 1559 3687 vim
1576 3631 1727 3686 obti-

75 3728 186 3776 net.
222 3725 523 3789 Quoniam
549 3723 711 3778 enim
737 3727 858 3778 tota
886 3721 1077 3793 ipsius
1109 3720 1457 3792 superﬁcies
1487 3720 1565 3775 ad
1587 3736 1730 3776 cen-

77 3815 252 3874 trum,
278 3817 330 3869 et
367 3813 444 3869 ad
499 3811 723 3868 molem
782 3815 870 3866 est
924 3811 1231 3882 aequaliter
1287 3810 1620 3880 composita
1675 3815 1732 3867 et

79 3900 377 3970 aequaliter
407 3900 666 3971 suscipit
712 3899 1180 3955 subtractionem
1235 3905 1292 3954 et
1335 3899 1727 3955 additionem.

80 4003 219 4044 sane
246 3998 420 4048 rectae
446 3991 642 4056 lineas,
673 4005 808 4059 quae
840 3988 917 4043 ad
957 3995 1228 4044 centrum
1244 3987 1611 4055 deferuntur,
1643 3988 1729 4043 in-

80 4078 334 4148 aequales
355 4095 486 4135 esse
507 4093 632 4134 non
661 4082 959 4149 poterunt,
991 4093 1189 4149 neque
1220 4076 1399 4134 etiam
1432 4076 1546 4132 illae
1590 4093 1730 4148 quas

78 4164 151 4218 ad
182 4168 402 4224 molem
431 4166 709 4229 tendunt,
752 4165 874 4220 sive
905 4165 1098 4222 addas
1129 4165 1252 4221 sive
1309 4165 1565 4229 adimas,
1622 4165 1729 4220 sed

76 4255 332 4324 tequales
355 4257 516 4313 inter
541 4271 603 4310 se
629 4253 984 4311 manebunt.
1013 4254 1166 4319 Quin
1193 4253 1371 4310 etiam
1395 4254 1592 4309 omnis
1604 4253 1730 4308 dia-

72 4343 444 4400 meterducta
465 4359 577 4416 per
603 4342 1098 4414 centrumipsius,
1137 4341 1496 4413 esttequalis
1531 4342 1726 4398 omni-

70 4425 180 4483 bus
204 4430 535 4500 diametris,
563 4432 766 4487 tumin
798 4431 1050 4498 minore,
1079 4436 1206 4486 tum
1253 4431 1433 4486 etiam
1487 4432 1547 4486 in
1603 4447 1728 4487 ma-
1758 4428 1803 4480 D

64 4516 189 4586 jore
211 4520 409 4589 globo.
437 4521 704 4577 Primum
733 4519 912 4589 igitur
937 4517 1133 4575 forma
1158 4535 1230 4574 ex
1259 4518 1542 4592 qualitate
1567 4534 1726 4590 prae-

69 4609 317 4663 stantius
350 4610 605 4680 globum
623 4609 986 4665 informavit.
1017 4607 1292 4664 Secundo
1312 4607 1447 4664 loco
1465 4607 1723 4678 quadra-

72 4699 214 4751 tum.
247 4698 541 4755 Differunt
573 4704 774 4754 autem
801 4698 954 4754 inter
982 4713 1066 4766 se,
1096 4696 1260 4770 quod
1290 4698 1528 4770 sphaera
1556 4698 1722 4754 omni

68 4797 140 4838 ex
167 4792 331 4856 parte
365 4789 698 4844 diametros
731 4793 788 4842 et
815 4787 891 4842 ad
945 4793 1216 4843 centrum
1271 4787 1486 4843 ductas
1534 4788 1720 4844 lineas

66 4871 598 4949 habeataaquales.
669 4877 1039 4941 Quadratum
1106 4892 1246 4932 vero
1296 4883 1496 4948 partes
1539 4877 1721 4933 habet

65 4964 324 5033 requales
351 4977 410 5021 et
459 4967 588 5022 sive
622 4971 854 5020 secetur
868 4967 993 5020 sive
1014 4965 1408 5021 arcretionem
1427 4967 1716 5037 suscipiat

63 5050 320 5122 aequales
351 5071 566 5111 rursus
605 5053 787 5110 habet
848 5059 1043 5125 partes
1099 5055 1361 5126 exceptis
1410 5054 1713 5110 diametris

58 5154 209 5209 quos
238 5157 346 5213 per
371 5150 647 5199 centrum
679 5143 892 5198 ductas
940 5141 1152 5212 partim
1203 5143 1466 5214 requales
1512 5143 1714 5213 habet,

55 5229 270 5298 partim
328 5231 687 5304 inaequales,
741 5230 1242 5303 quandoquidem
1294 5248 1367 5286 ex
1409 5231 1715 5288 diametris

50 5317 487 5386 quadratorum
516 5319 800 5390 quaedam
835 5319 891 5374 in
924 5317 1152 5387 ﬁguras
1193 5318 1448 5376 redactae
1482 5321 1714 5392 aequale

51 5406 412 5477 quadratum
431 5425 639 5464 rursus
650 5407 936 5474 efﬁciunt,
951 5407 1082 5464 alite
1099 5424 1238 5464 vero
1249 5409 1525 5480 duplum.
1543 5414 1714 5474 Quod

51 5494 164 5550 hoc
191 5499 378 5554 modo
408 5499 953 5554 demonstrandum
970 5505 1076 5552 est.
1112 5499 1435 5556 EstoABCD
1459 5500 1714 5570 quadra-

53 5589 199 5650 tum,
231 5585 511 5642 diametri
546 5601 682 5643 vero
711 5587 833 5643 duo
866 5587 972 5652 BC,
998 5587 1092 5642 NO
1112 5601 1246 5657 quas
1271 5596 1471 5644 secent
1495 5589 1554 5643 in
1577 5604 1713 5646 cen-

55 5676 142 5728 tro
173 5673 238 5729 P.
269 5677 486 5733 Totum
515 5675 886 5746 quadratum
915 5675 978 5732 in
1015 5673 1138 5730 duo
1170 5676 1428 5748 trapesia
1463 5675 1713 5734 eodem-

1908 555 1967 611 δὲ
1988 561 2018 619 ἡ
2050 568 2086 613 Β
2107 569 2144 614 Γ
2172 569 2218 616 Ν
2247 573 2293 616 Ω
2321 570 2568 637 τέμνουσι
2596 562 2656 618 δὴ
2696 569 3108 637 συζευγνύμεναι
3166 566 3324 620 αὗται
3375 571 3511 622 κατὰ

1904 650 1960 701 τὸ
2008 655 2214 725 κέντρον
2244 659 2374 706 Χτὸ
2419 653 2531 706 ὅλον
2583 657 2651 715 εἷς
2693 673 2748 706 τι
2799 649 2896 706 δύο
2945 654 3204 727 τραπέζια
3257 660 3348 709 καὶ
3399 661 3508 731 τρέ-

1903 757 2046 808 Ὶωνα
2120 741 2164 793 θ’
2238 745 2489 804 ὡσαύτως
2557 740 2675 809 δύο,
2714 741 3044 801 έκϐιϐλήσθω
3078 745 3109 802 ἡ
3140 750 3187 797 Ν
3218 751 3257 798 Δ
3290 745 3385 807 ἕως
3411 754 3510 808 τῆς

1906 832 1939 878 Σ
1971 847 1984 859 ο
2017 829 2150 879 ἔστω
2181 825 2241 881 δί
2266 831 2386 892 digii
2420 837 2465 883 N
2506 839 2545 886 Δ
2577 834 2606 891 ἠ
2653 839 2682 888 ι
2711 839 2743 884 Σ
2781 852 2796 866 ο
2829 830 3159 890 ἐκϐεϐλήσθω
3189 828 3248 886 δέ
3277 838 3368 886 καὶ
3397 835 3428 892 ἢ
3459 841 3508 888 Ω.

1907 920 1944 968 Γ
1967 921 2056 968 καὶ
2114 920 2142 975 ἡ
2175 925 2211 970 Γ
2241 927 2286 972 Ψ
2320 923 2439 981 ὡςή
2477 927 2516 974 Α
2544 927 2582 973 Γ
2611 942 2623 956 ο
2652 919 2975 993 ἀχθήτωσαν
3042 917 3102 975 δὲ
3144 926 3234 976 καὶ
3281 921 3382 976 ἀπὸ
3411 931 3506 978 τοῦ

1903 1009 2114 1080 κέντρου
2155 1007 2347 1061 εὐθεῖαι
2398 1013 2530 1083 πρὸς
2577 1012 2644 1064 τὰ
2674 1018 2719 1064 Θ
2749 1015 2913 1064 Μκαὶ
2972 1007 3123 1074 αὖθις
3176 1010 3506 1072 ἂκϐσϐλήσθω

2037 1177 3380 2228 ς

1886 2381 1917 2438 ἡ
1953 2387 2000 2434 Θ
2030 2381 2123 2443 ἓως
2141 2389 2239 2445 τῆς
2266 2389 2299 2434 Σ
2329 2384 2396 2444 ὡς
2434 2385 2493 2435 τὸ
2521 2389 2567 2437 Θ
2597 2387 2688 2435 καὶ
2733 2385 2794 2436 τό
2849 2387 3052 2459 κέντρον
3072 2391 3123 2441 X
3152 2385 3378 2460 ἀχθήτω
3429 2383 3492 2441 δι

1884 2472 2034 2530 καὶή
2068 2479 2100 2524 Σ
2129 2473 2286 2535 Ρέως
2308 2480 2400 2534 τῆς
2454 2479 2503 2526 Ψ
2555 2491 2648 2535 κας
2695 2475 2810 2527 ἔστι
2867 2477 2927 2528 τὸ
2975 2481 3076 2539 τῆς
3117 2481 3241 2530 ΝΩ.
3296 2473 3491 2550 διαμέ-

1883 2579 2030 2636 τρου,
2081 2563 2201 2622 ἴσας
2256 2563 2380 2634 ἔχον
2429 2564 2747 2636 τετράγωνον
2792 2565 2884 2624 τὰς
2938 2563 3160 2642 πλευρὰς
3190 2561 3304 2618 ἶσον
3348 2573 3420 2637 τῷ
3444 2568 3485 2618 Α

1884 2657 1980 2703 ΒΓ
2016 2655 2396 2726 Δτιτραγώνῳ.
2463 2650 2552 2714 Ὠς
2636 2653 2736 2728 γὰρ
2811 2656 2970 2725 μέσον
3054 2660 3150 2718 τῆς
3204 2654 3408 2709 ΝΩτὸ
3437 2661 3488 2710 Χ

1881 2744 2108 2813 κέντρον,
2163 2741 2324 2800 οὕτως
2376 2736 2444 2798 δὴ
2502 2744 2591 2793 καὶ
2642 2748 2738 2802 τῆς
2793 2747 2896 2795 ΒΑ
2923 2744 3082 2815 μέσον
3136 2745 3487 2797 τὸΝὼσαύ-

1881 2849 1983 2889 τως
2003 2825 2062 2880 δὲ
2091 2833 2300 2889 καὶτῆς
2327 2835 2361 2878 Δ
2388 2834 2425 2880 Γ
2451 2833 2509 2881 τὸ
2548 2836 2614 2895 Ω,
2663 2829 2791 2881 me
2826 2836 2917 2883 καὶ
2971 2839 3063 2892 τῆς
3092 2837 3131 2884 Γ
3155 2835 3204 2885 Α
3233 2835 3293 2885 τὸ
3323 2840 3370 2886 Θ
3390 2837 3482 2886 καὶ

1881 2926 1971 2978 τῆς
2001 2924 2038 2968 Β
2063 2925 2097 2967 Δ
2129 2921 2185 2968 τὸ
2215 2922 2289 2973 Μ,
2347 2917 2489 2969 Ἐπιὶ
2543 2914 2602 2969 δὲ
2617 2921 2673 2969 τὸ
2695 2925 2745 2970 Μ
2777 2926 2823 2971 Χ
2879 2915 3156 2991 διάστημα
3208 2918 3320 2973 ἶσόν
3368 2919 3483 2973 ἔστι

1783 3037 1822 3092 C
1879 3013 1951 3092 τῷ
1981 3013 2030 3059 Χ
2059 3013 2104 3058 Θ
2131 3010 2221 3056 καὶ
2246 3008 2304 3055 τὸ
2336 3011 2445 3092 ΘᾹΡ
2481 3001 2592 3057 ἶσόν
2623 3003 2736 3058 ἔστι
2762 3013 2834 3075 τῷ
2865 3013 2913 3060 X
2941 3014 2994 3060 Μ
3024 3010 3091 3060 τὰ
3120 3003 3180 3060 δι
3223 3015 3294 3078 τῷ
3336 3008 3481 3080 αὐτῷ

1881 3091 1973 3147 ἶσα
2008 3099 2098 3148 καὶ
2128 3092 2363 3153 ἀλλήλοις
2389 3090 2481 3146 ἷσά
2509 3092 2640 3165 ἐστι,
2675 3099 2765 3147 καὶ
2793 3097 2860 3148 τά
2885 3096 2990 3169 ἄρα
3024 3100 3078 3150 Π
3107 3103 3175 3160 X,
3196 3103 3248 3152 Χ
3275 3104 3342 3164 Θ,
3373 3101 3416 3152 Θ
3441 3103 3479 3151 P

1878 3181 2224 3256 διαστήματα
2252 3178 2348 3236 ἶσοι
2376 3182 2618 3246 ἀλλήλοις
2671 3181 2782 3237 ἐστὶ
2808 3188 2920 3251 καὶ,
2958 3183 3044 3240 ἐπὶ
3077 3189 3137 3238 τὸ
3189 3192 3240 3241 X
3270 3188 3478 3262 κέντρον

1841 3377 1961 3435 que
1989 3360 2164 3418 modo
2195 3361 2255 3416 in
2285 3361 2409 3417 duo
2450 3361 2768 3433 triangula.
2793 3361 2972 3420 Linea
3001 3367 3204 3421 autem
3233 3365 3330 3420 NA
3355 3379 3498 3437 pro-

1840 3451 2094 3508 ducatur
2127 3465 2314 3523 usque
2341 3452 2406 3516 Q.
2433 3453 2570 3508 Esto
2589 3456 2792 3508 autem
2823 3451 2982 3510 linea
3007 3454 3104 3520 ΑΟ
3119 3451 3353 3512 utlinea
3379 3456 3494 3511 NA.

1970 3594 3349 4646 ἐκ

1828 4797 2194 4854 Prorlucatur
2220 4813 2465 4871 quoque
2485 4798 2644 4857 linea
2669 4800 2760 4857 0C
2788 4815 2980 4873 usque
3025 4801 3104 4858 ad
3162 4801 3202 4856 S
3253 4801 3313 4855 et
3346 4800 3478 4855 esto

1824 4885 1987 4942 linea
2009 4888 2091 4943 CS
2126 4892 2188 4943 ut
2213 4887 2374 4944 linea
2416 4887 2525 4944 OC.
2572 4891 2860 4946 Prmterea
2941 4889 3243 4945 ducantur
3299 4886 3478 4942 linem

1822 4979 1998 5030 rectas
2019 4991 2056 5031 a
2080 4981 2282 5032 centro
2304 4976 2381 5032 ad
2404 4979 2446 5032 T
2465 4982 2522 5033 et
2545 4979 2615 5046 Μ,
2643 4993 2714 5034 ac
2739 4993 2948 5033 rursus
3002 4978 3045 5032 T
3097 4974 3474 5047 producatur

1822 5078 2018 5135 usque
2043 5063 2124 5120 ad
2152 5067 2195 5120 R
2225 5081 2238 5119 :
2259 5064 2455 5137 sitque
2474 5070 2746 5122 centrum
2772 5066 2814 5119 P
2839 5069 2906 5120 ut
2923 5068 3196 5120 centrum
3223 5066 3266 5120 Τ
3289 5077 3303 5118 :
3325 5078 3479 5138 pro-

1821 5149 2077 5208 ducatur
2096 5151 2279 5208 etiam
2302 5152 2461 5209 linea
2489 5154 2585 5219 QR
2614 5167 2801 5224 usque
2839 5151 2920 5208 ad
2948 5152 2986 5204 S
3035 5168 3050 5208 :
3109 5151 3478 5224 quadratum

1822 5239 2096 5298 diametri
2131 5241 2224 5297 ΝΟ
2254 5240 2444 5297 latera
2484 5240 2742 5312 aequalia
2789 5239 3024 5296 habens
3077 5241 3188 5298 erit
3241 5240 3478 5314 inquale

1821 5327 2120 5400 quadrato
2148 5328 2356 5386 ABCD.
2387 5331 2455 5384 Ut
2484 5327 2646 5384 enim
2671 5327 2948 5384 diametri
2971 5329 3067 5386 ΝΟ
3083 5333 3355 5386 centrum
3385 5333 3478 5386 est

1824 5419 1886 5486 P,
1923 5417 2006 5473 ita
2027 5417 2209 5473 etiam
2237 5416 2410 5472 linem
2433 5419 2520 5472 BA
2533 5415 2857 5474 mediumN
2892 5433 2906 5473 :
2929 5417 3267 5490 eodemque
3289 5416 3476 5474 modo

1823 5502 1995 5560 lineas
2026 5505 2114 5560 DC
2143 5505 2410 5560 modium
2440 5509 2532 5560 est
2561 5505 2626 5560 Ο.
2660 5505 2948 5562 Praeterea
2970 5505 3143 5564 linem
3205 5506 3300 5562 CA
3350 5519 3474 5560 me-

1823 5592 1991 5649 dium
2020 5597 2109 5649 est
2131 5595 2191 5658 Τ,
2209 5597 2268 5649 et
2294 5591 2464 5647 lineae
2495 5594 2583 5647 BD
2614 5591 2884 5648 medium
2913 5599 3004 5654 est
3046 5597 3115 5652 Μ.
3173 5593 3474 5660 Quoniam

1823 5687 2025 5738 autem
2053 5679 2430 5737 intervallum
2459 5678 2627 5752 quod
2661 5684 2751 5737 est
2785 5680 2938 5740 inter
2960 5685 3012 5738 Il
3045 5687 3105 5740 et
3149 5687 3188 5734 P
3241 5677 3474 5752 aequale
