4064 6308
514 369 655 429 1367

2043 353 2400 419 ΑΒΒΕΝΒΑ.

3813 366 3924 420 1388

536 495 650 551 εστὶ
687 501 780 548 τοῦ
819 493 925 550 ΑΒ
955 498 992 545 Γ
1015 494 1050 545 Α
1092 493 1432 566 τετραγώνου,
1484 489 1546 542 οὗ
1594 486 1869 565 διάμετροι
1927 489 1982 541 αἱ
2024 495 2071 542 Ν
2096 495 2142 540 Ω,
2196 489 2243 542 Α
2305 483 2432 536 ἀλλά
2461 486 2551 538 καὶ
2581 483 2682 538 ἀπό
2721 491 2818 548 τῆς
2857 492 2894 540 Γ
2924 485 3006 539 ἐπὶ
3038 490 3132 546 τὴν
3164 493 3286 540 Κατ
3326 491 3575 559 τέμνουσι
3630 489 3779 540 κατὰ
3801 494 3855 542 τό
3878 498 3901 544 Δ

535 593 590 641 Μ
620 590 660 640 Θ
715 587 826 638 ἔστι
884 580 942 636 δε
992 578 1334 653 διαστήματα
1395 580 1488 632 ἶσα
1543 588 1603 652 τῇ
1668 587 1719 634 Μ
1752 587 1818 642 Χ,
1853 584 1900 632 Χ
1931 586 1998 648 Θ,
2032 586 2139 631 ΘΡ

537 677 832 746 αναγκαίως
883 676 973 724 καὶ
1017 674 1076 724 τὸ
1118 678 1163 723 Θ
1215 673 1419 743 κέντρον
1478 667 1591 721 ἐστὶ
1655 676 1747 722 τοῦ
1773 676 1819 722 Ν
1847 675 1894 721 Ω.
1921 675 1968 723 Ψ
1997 672 2140 721 Σκαὶ

536 763 645 816 imi
670 764 738 822 ὡς
794 764 925 832 πρὸς
971 763 1029 813 τὸ
1051 767 1098 813 Χ
1119 761 1178 811 16
1211 765 1250 811 Α
1281 765 1316 810 Β
1341 764 1378 810 Γ
1408 764 1443 810 Δ
1472 756 1634 827 ἐστὶν,
1690 757 1816 810 ἀλλὰ
1865 764 1954 812 καὶ
2011 761 2068 810 τὸ
2094 765 2140 810 Ν

536 859 748 919 Ω,ΩΘ
801 857 892 904 καὶ
949 852 1186 926 πρὸςτό
1237 856 1282 902 Θ
1341 851 1398 900 16
1449 849 1713 917 ΝΩΨΣ,
1763 847 1891 900 ἀλλὰ
1943 852 2142 901 τόΑΓ

532 949 582 996 Χ
612 949 670 1007 Ρ,
703 945 793 993 καὶ
821 944 878 992 16
909 942 952 995 Ν
981 946 1014 990 Σ
1040 944 1171 1006 ΨΩ,
1201 939 1303 1013 ἄρα
1332 938 1648 1010 τετράγωνον
1689 941 1747 990 τό
1805 939 1859 989 ἐκ
1910 945 2000 999 τῆς
2025 944 2070 990 Ν
2097 944 2144 989 Ω.

539 1027 826 1104 διαμέτρου
883 1031 1210 1094 συνεστακός,
1248 1025 1360 1079 ἶσόν
1414 1026 1530 1078 ἐστι
1579 1034 1652 1096 τῷ
1709 1027 1814 1080 ΑΒ
1844 1031 1936 1079 ΓΔ
1966 1046 2144 1100 τετρα-

531 1126 681 1194 γώνῳ
707 1141 720 1154 ο
746 1119 813 1170 ὧν
850 1120 952 1191 γὰρ
986 1115 1078 1170 ἶσα
1105 1118 1173 1169 τὰ
1216 1120 1367 1190 μέρη,
1425 1119 1513 1168 καὶ
1555 1112 1646 1167 ἶσα
1700 1117 1866 1168 ταύτά
1910 1114 2036 1170 ἐστι.
2073 1119 2142 1168 T6

537 1211 642 1285 ἄρα
691 1216 789 1271 τῆς
846 1207 902 1260 ἐκ
955 1215 1051 1268 τῆς
1097 1214 1347 1279 γραμμῆς
1376 1204 1740 1277 ἀρχομένηςΝ
1775 1212 1822 1259 Ω.
1857 1201 2142 1280 διαμέτρου

534 1300 876 1373 τετράγωνον,
929 1299 1048 1358 ἴσας
1085 1297 1208 1366 ἔχον
1249 1293 1493 1368 πλευρὰς,
1533 1292 1644 1346 ἶσόν
1672 1293 1783 1347 ἐστι
1810 1302 1881 1365 τῷ
1907 1301 1944 1348 Α
1977 1301 2012 1347 Β
2043 1300 2079 1346 Γ
2109 1300 2143 1347 Δ

535 1391 842 1461 τετραγώνῳ
865 1385 1020 1460 οὗπέρ
1062 1382 1175 1436 ἐστι
1237 1379 1519 1455 διάμετρος
1542 1385 1570 1440 ἡ
1609 1389 1740 1439 ΝΩ.
1776 1387 1874 1434 Καὶ
1923 1379 2141 1454 ἐδείχθη

533 1479 663 1551 παρ’
684 1477 831 1548 ἡμῶν
860 1482 1014 1527 τοῦτο
1053 1474 1224 1533 καθὼς
1254 1468 1381 1527 ἔδει.
1445 1473 1801 1543 Δειχθήσεται
1849 1467 1908 1524 6":
1951 1477 2040 1525 καὶ
2089 1476 2145 1525 16

535 1562 838 1620 διπλάσιον.
870 1570 1020 1616 Ἔστι
1061 1558 1118 1614 δὲ
1160 1561 1319 1617 οὕτως
1345 1581 1358 1594 ·

607 1653 677 1727 β’.
726 1652 787 1707 Ἠ
871 1659 964 1704 τοῦ
1033 1655 1358 1724 τετραγώνου
1447 1646 1730 1723 διάμετρος
1781 1655 1955 1723 τρισὶν
2006 1653 2150 1714 ἴσαις

535 1745 694 1815 ταύτῃ
771 1741 1136 1812 συζευχθεῐσα
1193 1738 1414 1801 εὐθείαις
1492 1735 1771 1792 διπλάσιον
1806 1745 2032 1798 ,ποιήσει
2075 1759 2153 1794 τε’

2137 1821 2154 1853 ι

2303 577 2508 648 κέντρον
2538 573 2777 637 ἀλλήλας.
2799 576 2859 629 Εἰ
2891 579 2995 648 ἄρα
3016 583 3053 628 Γ
3084 583 3120 629 Β
3145 584 3204 648 τῇ
3240 583 3275 629 Β
3307 583 3344 630 Κ
3367 580 3458 636 ἴση
3490 575 3590 635 ἐστι
3627 576 3805 645 ἐστὶν,

2304 667 2462 740 ἄρχει
2496 661 2554 718 δὲ
2596 663 2753 738 βάσις
2789 674 2878 719 τοῦ
2907 673 2942 718 Β
2973 671 3010 718 Γ
3035 672 3071 719 Δ
3127 672 3401 739 τριγώνου,
3450 672 3542 720 καὶ
3603 670 3637 726 ἡ
3676 674 3716 720 Β
3751 675 3791 722 Κ
3823 668 3908 742 βά-

2308 774 2388 817 σις
2421 753 2536 807 ἐστὶ
2565 762 2656 806 τοῦ
2686 761 2720 807 Δ
2753 761 2796 808 Κ
2829 761 2864 808 Β
2900 761 3176 830 τριγώνου,
3209 761 3297 809 καὶ
3347 758 3377 814 ἡ
3438 757 3546 829 ἄρα
3573 762 3615 809 Γ
3638 765 3676 810 Δ
3705 757 3907 832 πλευρα,

2303 847 2396 902 ἴση
2426 841 2536 896 ἐστὶ
2565 851 2627 916 τῇ
2661 849 2698 897 Β
2727 849 2762 896 Δ
2794 849 2882 897 καὶ
2911 851 2952 898 Κ
2983 852 3019 898 Δ
3045 849 3136 904 ἴση
3197 844 3308 898 ἐστὶ
3350 853 3412 917 τῇ
3438 851 3472 898 Δ
3496 852 3534 899 Β
3560 846 3792 922 πλευρᾷ,
3835 854 3911 901 καὶ

2305 935 2335 991 ἡ
2365 939 2402 985 Β
2425 940 2459 986 Δ
2483 936 2575 991 ἴση
2610 931 2720 986 ἄστὶ
2750 941 2811 1006 τῇ
2855 940 2892 986 Γ
2922 940 2974 988 Δ.
3008 934 3105 988 Ὧν
3161 931 3219 988 δὲ
3257 936 3312 987 αἱ
3356 935 3579 1010 πλευραὶ
3646 935 3789 1004 ἶσαι,
3835 943 3911 990 καὶ

2304 1025 2360 1075 αἱ
2389 1022 2577 1096 βάσεις
2606 1020 2739 1090 ἶσαι,
2776 1021 2888 1076 ἶσαι
2935 1029 3024 1078 καὶ
3069 1027 3124 1077 αἱ
3179 1029 3359 1097 γωνίαι
3384 1047 3396 1059 ·
3426 1026 3494 1077 ὧν
3554 1028 3668 1101 γάρ
3722 1024 3817 1080 ἶσα
3858 1031 3911 1080 τὰ

2305 1117 2458 1186 μέρη,
2515 1117 2606 1166 καὶ
2657 1121 2824 1166 ταῦτα
2859 1115 2951 1167 ἶσά
2982 1117 3115 1171 ἑστι.
3173 1122 3256 1186 Τῷ
3307 1116 3469 1188 ἄραΓ
3501 1122 3540 1168 Β
3588 1122 3630 1168 Δ
3687 1122 3912 1191 τριγώνῳ

2307 1197 2419 1256 ἶσόν
2451 1201 2640 1255 ἔστιτὸ
2667 1209 2704 1255 Β
2737 1209 2780 1256 Κ
2809 1209 2844 1256 Δ
2897 1208 3165 1278 τρίγωνον.
3215 1203 3354 1258 Ἐπεὶ
3392 1211 3518 1275 γοῦν
3567 1208 3635 1258 τό
3667 1211 3708 1258 Β
3735 1212 3773 1258 Δ
3817 1203 3914 1258 ἴσον

2308 1290 2420 1344 ἔστι
2448 1300 2519 1362 τῷ
2547 1296 2584 1344 Γ
2616 1297 2651 1343 Β
2678 1299 2712 1344 Δ
2740 1301 2994 1363 τριγώνῳ,
3046 1296 3156 1345 ἔστι
3206 1289 3265 1346 δὲ
3317 1295 3485 1366 ἣμισυ
3546 1301 3648 1346 τοῦ
3682 1300 3724 1346 Δ
3773 1300 3862 1347 ΒΓ
3887 1303 3915 1346 Δ

2309 1386 2631 1455 τετραγώνου
2678 1387 2853 1447 τοῦτο,
2899 1386 2988 1434 καὶ
3025 1386 3083 1434 16
3116 1389 3150 1434 Δ
3173 1389 3208 1452 Β
3238 1389 3275 1435 Γ
3301 1383 3341 1433 ὡ
3372 1389 3626 1457 τρίγωνον
3667 1391 3765 1436 τοῦ
3816 1390 3852 1436 Β
3887 1390 3917 1436 Γ

2312 1474 2776 1539 ΛΚτετραγώνου
2838 1470 2949 1522 ἶσόν
3007 1469 3120 1523 ἐστι
3174 1478 3247 1541 τῷ
3307 1477 3345 1524 Α
3379 1476 3472 1524 ΓΒ
3500 1478 3774 1547 τριγώνῳ.
3829 1478 3919 1525 Καὶ

2311 1557 2417 1611 ἐπεὶ
2490 1565 2581 1609 τοῦ
2647 1561 2736 1630 μὲν
2783 1564 2820 1610 Β
2852 1565 2893 1612 Κ
2926 1564 2970 1612 Λ
2999 1565 3036 1611 Γ
3076 1566 3398 1635 τετραγώνου
3467 1565 3520 1612 τί
3581 1564 3628 1614 Κ
3658 1569 3694 1614 Δ
3729 1568 3769 1613 Β
3823 1565 3919 1636 τρί·

2310 1666 2471 1718 γωνον
2551 1649 2793 1719 τέταρτόν
2868 1645 3005 1699 ἐστιν
3039 1669 3052 1682 ·
3082 1649 3315 1721 ὑπάρχει
3354 1645 3413 1702 δὲ
3475 1645 3591 1701 ἶσον
3673 1659 3752 1722 τῷ
3774 1657 3813 1703 Β
3841 1656 3875 1703 Γ
3892 1657 3922 1702 Δ

2313 1741 2612 1808 τετραγώνῳ
2664 1740 2754 1788 καὶ
2808 1740 2865 1788 16
2905 1743 2940 1789 Δ
2972 1744 3009 1789 Β
3037 1743 3092 1792 Γ.
3157 1737 3296 1812 Ἀρα
3330 1739 3581 1812 τετάρτου
3616 1747 3712 1791 τοῦ
3744 1747 3784 1792 Β
3824 1744 3921 1793 ΚΔ

535 1837 816 1909 τράγωνον,
903 1831 963 1884 οὗ
1019 1829 1132 1884 ἔστι
1187 1826 1493 1903 διάμετμος.
1559 1836 1639 1883 Δεῖ
1714 1827 1781 1888 δὴ
1841 1827 2012 1895 δεῖξαι
2077 1826 2154 1884 ὅτΙι
2214 1839 2258 1895 Β
2316 1832 2354 1880 Γ
2392 1832 2713 1898 τετραγώνου
2767 1827 2880 1880 ἶσόν
2929 1826 3042 1880 ἐστι
3081 1835 3352 1899 τῷΒΒΛ
3387 1834 3682 1903 Γτριγώνῳ
3739 1840 3819 1902 τῷ
3846 1837 3926 1883 τοῦ

538 1923 670 1982 αὐτή
724 1924 755 1981 ἡ
824 1918 1107 1996 διάμετρος
1178 1925 1349 1994 τρισὶν
1423 1922 1561 1981 ἴσαις
1629 1922 1792 1994 ταύτῃ
1855 1922 2158 1974 συντεθεῖσα

538 2012 804 2088 πλευραῖς,
839 2007 1119 2064 διπλάσιον
1171 2012 1384 2066 ποιήσει
1428 2009 1746 2081 τετράγωνον
1780 2016 1870 2060 τοῦ
1930 2009 1990 2060 οὗ
2038 2007 2156 2061 ἔστι

544 2100 840 2176 διάμετρος.
923 2100 1200 2175 Γεγράφθω
1283 2101 1339 2151 16
1390 2104 1430 2152 A
1459 2104 1496 2150 Β
1525 2103 1562 2150 Γ
1593 2104 1628 2152 Δ
1672 2101 2009 2173 τετράγωνον,
2072 2104 2162 2152 καὶ

549 2191 774 2265 ἀχθήτω
828 2187 1109 2263 διάμετρος
1146 2189 1176 2246 ἡ
1203 2193 1243 2240 Β
1275 2193 1420 2241 Γκαὶ
1470 2192 1685 2246 ποιήσει
1739 2189 1895 2261 ὅμοια
1937 2190 2002 2241 τὰ
2031 2195 2068 2241 Β
2095 2195 2157 2245 Δ»

545 2287 585 2335 Γ
616 2285 678 2347 Α,
711 2287 749 2334 Β
778 2286 834 2335 Γ.
892 2277 1085 2350 ’Ἤχθω
1131 2275 1232 2330 ἀπὸ
1310 2285 1405 2340 τῆς
1456 2283 1552 2330 ΒΓ
1595 2274 1880 2352 διαμτρου
1939 2282 2159 2351 γραμμὴ

550 2371 722 2425 εὐθεῖα
773 2368 857 2422 ἐπὶ
906 2372 998 2427 τὴν
1032 2369 1187 2438 Κῖση
1237 2369 1424 2439 ταύτῃ,
1479 2369 1726 2434 ὡσαύτως
1772 2372 1861 2422 καὶ
1917 2365 2018 2420 διπό
2072 2375 2169 2431 τῆς

552 2459 637 2514 ὶπὶ
693 2462 786 2517 τὴν
838 2463 883 2512 Λ
913 2507 916 2510 .
945 2460 1034 2527 ἴση
1064 2455 1426 2529 ταύτῃλοῖλλὰ
1483 2452 1548 2513 δὴ
1593 2460 1681 2508 καὶ
1735 2454 1837 2508 ἀπὸ
1887 2463 1982 2521 τῆς
2012 2462 2057 2511 Λ
2086 2455 2169 2510 ἐπὶ

552 2552 644 2606 τὴν
679 2553 716 2599 Γ
742 2548 879 2599 κατὰ
903 2549 989 2599 τόν
1047 2544 1198 2615 αὐτόν
1250 2544 1422 2616 λόγον,
1478 2549 1568 2596 καὶ
1602 2543 1705 2598 ἀπό
1754 2554 1850 2607 τῆς
1884 2551 1921 2599 Γ
1965 2544 2048 2598 ἐπὶ
2075 2549 2168 2604 τὴν

558 2643 613 2703 Β,
647 2637 922 2710 τετμήσθω
948 2630 1012 2711 δε
1037 2635 1170 2687 κατὰ
1208 2630 1493 2708 διαμέτρου
1541 2638 1597 2686 τό
1649 2632 1703 2686 ἐκ
1746 2637 1940 2687 τούτων
1987 2635 2169 2708 τετράς

557 2745 720 2802 γωνον
752 2725 947 2800 ,ἤχθω
965 2729 1092 2797 γοῦν
1122 2720 1223 2779 ἰ(πό
1282 2729 1380 2788 τῆς
1436 2730 1473 2776 Β
1515 2721 1598 2778 ἐπὶ
1641 2727 1734 2783 τὴν
1782 2729 1822 2779 Α
1865 2720 2166 2800 διάμετρος,

536 3013 625 3070 est
646 3009 1155 3084 intervalloquod
1173 3014 1263 3067 est
1293 3008 1448 3066 inter
1471 3009 1586 3079 PT,
1645 3009 1754 3066 erit
1813 3025 2059 3084 quoque
2103 3013 2192 3068 ΤΒ

538 3099 770 3174 aequale
794 3099 909 3174 ipsi
930 3099 1049 3156 PM.
1067 3101 1245 3172 Atqui
1267 3115 1406 3173 quae
1418 3099 1613 3156 eidem
1627 3099 2052 3173 suntmqualia,
2095 3099 2197 3157 illa

540 3194 680 3246 sunt
708 3190 858 3246 inter
890 3205 955 3246 se
985 3188 1261 3263 aequalia.
1307 3187 1502 3250 Quare
1562 3188 1874 3246 intervalla
1933 3191 2042 3260 MP,
2094 3192 2195 3257 PT,

540 3282 648 3348 ΤΒ,
677 3277 930 3353 aequalia
962 3279 1114 3335 inter
1134 3294 1196 3335 se
1219 3282 1410 3335 erunt.
1443 3281 1510 3335 Et
1537 3279 1829 3352 quoniam
1860 3281 1899 3335 P
1929 3283 2017 3336 est
2065 3295 2190 3336 cen-

543 3333 1507 3442 {sagumaiimogei“;
1543 3333 1828 3426 ὅέᾉῷέῶ
1861 3333 2019 3426 Quill
2073 3333 2196 3436 i6,
2233 3333 2272 3388 C
2311 3333 2523 3425 add;
2573 3333 2661 3424 {si

548 3461 666 3526 ΜΤ,
699 3461 840 3513 sunt
867 3460 1068 3514 autem
1098 3456 1407 3514 intervalla
1441 3460 1553 3524 MP,
1614 3459 1718 3523 PT,
1773 3461 1880 3526 ΤΒ,
1944 3459 2202 3532 mqualia

549 3548 700 3606 inter
729 3560 810 3611 se,
837 3545 1177 3602 necessario
1215 3547 1536 3603 Tcentrum
1551 3545 1966 3620 eritquadradi
1990 3550 2196 3616 NOSQ.

551 3639 618 3693 Et
647 3635 938 3708 quoniam
987 3640 1050 3691 ut
1109 3650 1171 3692 se
1227 3635 1410 3692 habet
1464 3638 1649 3694 ABCD
1703 3637 2068 3710 quadratum
2124 3638 2202 3695 ad

554 3741 732 3782 suum
772 3729 1041 3781 centrum
1071 3727 1110 3780 P
1143 3743 1156 3781 :
1189 3728 1551 3797 etpraeterea
1603 3727 1717 3792 NO,
1769 3729 1860 3783 MT
1923 3727 2002 3783 ad
2042 3727 2203 3785 idem

555 3817 826 3873 centrum
858 3832 871 3870 :
903 3812 987 3870 ita
1010 3829 1254 3887 quoque
1285 3815 1464 3880 NOSQ
1499 3829 1562 3870 se
1590 3813 1774 3871 habet
1818 3815 1898 3871 ad
1943 3820 2004 3888 Τ,
2061 3834 2203 3875 cen-

554 3909 713 3964 trum
743 3922 755 3960 :
780 3909 837 3961 et
861 3907 1147 3977 praeterea
1169 3906 1278 3970 AC,
1313 3906 1398 3959 PR
1430 3921 1443 3959 ε
1481 3904 1848 3977 quadratum
1893 3922 2034 3978 ergo
2085 3910 2202 3974 NQ,

557 3997 664 4064 SO,
690 3993 857 4068 quod
886 4009 957 4049 ex
989 3993 1282 4050 diametro
1313 3994 1406 4050 ΝΟ
1434 3993 1822 4050 constitutum
1852 4001 1942 4051 est
1976 3996 2206 4070 mquale

554 4084 852 4158 quadrato
880 4083 1080 4139 ABCD.
1110 4085 1379 4150 Quorum
1403 4084 1564 4139 enim
1602 4089 1800 4157 partes
1831 4091 1975 4142 cunt
2001 4102 2205 4159 aequa-

554 4174 659 4242 les,
690 4178 747 4230 et
774 4187 845 4232 ea
865 4173 1018 4230 inter
1043 4187 1104 4228 se
1133 4172 1408 4246 aequalia.
1441 4172 1810 4238 Quadratum
1862 4176 2004 4245 ergo
2044 4175 2209 4247 quod

555 4278 628 4319 ex
657 4261 950 4318 diametro
981 4263 1096 4328 ΝΟ,
1121 4264 1413 4333 tanquam
1443 4260 1604 4317 linea
1644 4261 1868 4333 initiati,
1904 4263 2212 4320 constitui-

554 4356 669 4420 tur,
697 4350 882 4407 latera
911 4349 1172 4422 aequalia
1198 4349 1450 4417 habens,
1497 4355 1586 4407 est
1631 4351 1864 4424 mquale
1911 4354 2210 4426 quadrato

554 4441 760 4506 ABCD,
794 4439 966 4509 cujus
996 4438 1286 4495 diamcter
1324 4446 1413 4496 est
1447 4441 1561 4496 NO.
1594 4445 1784 4514 Atque
1814 4443 1929 4498 hoc
1969 4459 2006 4499 a
2034 4443 2210 4500 nobis

554 4527 1033 4584 demonstratum
1063 4531 1152 4582 est
1179 4533 1241 4582 ut
1266 4533 1356 4582 est
1376 4531 1441 4584 ut
1469 4529 1746 4600 oportuit.
1775 4532 2212 4588 Demonstrabi-

553 4622 652 4673 tur
685 4615 948 4673 etiamex
965 4613 1722 4689 alteradiametroduplum
1736 4621 2015 4692 quadrati
2060 4620 2212 4678 eﬂlci

552 4705 716 4764 hunc
745 4705 808 4762 in
844 4703 1120 4760 modum.

585 4801 677 4856 v.2.
701 4795 990 4865 Quadrati
1027 4793 1320 4853 diameter
1349 4794 1531 4852 tribus
1589 4797 1703 4854 sibi
1744 4799 2078 4872 aequalibus
2126 4817 2210 4857 re-

550 4889 657 4947 ctis
686 4884 1231 4961 copulata-,etiiciet
1255 4885 1554 4957 quadrati,
1587 4888 1760 4958 cujus
1791 4893 1884 4945 est
1914 4890 2211 4948 diameter

551 4977 830 5050 duplum.
862 4975 1325 5048 Oportetautem
1350 4972 1761 5034 demonstrare
1815 4977 1973 5034 hanc
2012 4978 2208 5051 ipsam

551 5065 914 5123 diametrum
944 5065 1058 5123 hac
1088 5062 1318 5120 ratione
1343 5079 1484 5120 cum
1515 5063 1850 5136 aequalibus
1881 5066 1996 5121 sibi
2021 5067 2210 5126 lateri-

549 5153 716 5210 ribus
742 5153 1143 5222 conjunctam,
1168 5150 1516 5210 effecturam
1537 5152 1792 5223 duplum
1818 5155 2099 5226 quadrati
2135 5158 2208 5213 il-

549 5241 664 5299 lius
685 5241 858 5312 cujus
887 5245 976 5298 est
1001 5241 1310 5298 diameter.
1349 5239 1731 5298 Describatur
1758 5249 1798 5296 Α
1825 5245 1916 5299 BC
1967 5247 2010 5300 υ
2055 5261 2206 5318 qua-

550 5328 814 5386 dratum.
845 5331 1105 5389 Ducatur
1133 5329 1422 5386 diameter
1454 5331 1492 5385 Β
1523 5332 1562 5386 C
1633 5334 1688 5384 et
1711 5329 1943 5388 efﬁciat
1990 5334 2207 5392 similia

555 5418 752 5474 BDCA.
823 5419 1082 5476 Ducatur
1123 5457 1126 5460 ~
1159 5416 1238 5476 ab
1320 5415 1535 5473 eadem
1586 5417 1673 5473 BC
1713 5417 2008 5477 diametro
2048 5422 2205 5481 linea.

550 5510 713 5564 recta
740 5506 803 5563 in
835 5507 879 5562 K
904 5521 1041 5579 quae
1069 5505 1142 5562 sit
1181 5505 1297 5578 ipsi
1335 5505 1645 5564 diametro
1665 5507 1938 5580 aequalis.
1981 5512 2203 5570 Eodem

549 5594 894 5661 modoKin,
947 5597 987 5652 L
1040 5610 1176 5667 quae
1245 5594 1321 5651 sit
1367 5593 1450 5652 illi
1499 5595 1770 5667 aequalis.
1821 5603 2109 5670 praeterea
2161 5601 2202 5656 L

548 5688 612 5745 in
639 5687 680 5741 C
702 5684 916 5747 eadem
944 5685 1195 5756 ratione,
1219 5685 1276 5742 et
1306 5698 1344 5742 a
1375 5686 1416 5742 C
1437 5683 1500 5741 in
1520 5686 1564 5740 Β
1588 5700 1602 5741 :
1631 5691 1863 5746 secetur
1891 5704 2034 5749 vero
2073 5691 2203 5750 dia-

2315 1919 2358 1972 Α
2389 1922 2426 1968 Β
2455 1922 2493 1969 Γ
2519 1924 2552 1968 Δ
2582 1917 2782 1988 ἡμίσει.
2827 1915 2967 1970 Ἐπεὶ
2995 1925 3119 1988 γοῦν
3149 1919 3214 1970 τὰ
3249 1925 3338 1970 τοῦ
3388 1925 3424 1971 Β
3455 1925 3497 1972 Κ
3521 1925 3564 1972 Α
3591 1925 3631 1971 Γ
3659 1916 3766 1972 δύο
3792 1925 3931 1973 τέτα-

2318 2025 2418 2080 ρτα
2447 2006 2540 2058 ἶσα
2581 2005 2680 2058 εἰσι
2728 2013 2839 2068 τοίς
2885 2003 3042 2059 δυσὶν
3107 2009 3328 2079 ἡμίσεσι
3358 2015 3449 2059 τοῦ
3479 2012 3517 2060 Α
3542 2014 3581 2061 Β
3612 2014 3652 2061 Γ
3681 2015 3722 2062 Δ
3747 2009 3808 2062 οὗ
3832 2009 3935 2063 ἐστι

2325 2091 2652 2170 διάμετροςή
2689 2101 2726 2148 Γ
2756 2103 2811 2158 Β,
2852 2100 2942 2148 καὶ
2971 2100 3084 2149 16B
3114 2103 3157 2150 K
3189 2101 3234 2151 A
3267 2103 3302 2150 Γ
3335 2093 3622 2152 διπλάσιόν
3677 2097 3800 2152 ἔστι
3843 2107 3928 2154 τοῦ

2326 2191 2366 2240 Α
2396 2191 2432 2238 Β
2461 2191 2498 2236 Γ
2528 2189 2563 2237 Δ
2593 2206 2605 2218 ·
2639 2184 2665 2236 ὃ
2690 2187 2788 2258 γὰρ
2822 2185 2882 2237 οὗ
2920 2182 3030 2238 ἶσον
3069 2185 3258 2258 ἣμισυ,
3299 2191 3357 2240 τό
3387 2185 3500 2240 ὅλον
3532 2187 3702 2240 αὐτοῦ
3749 2185 3937 2242 διπλα-

2329 2295 2441 2330 σιον
2494 2296 2506 2309 ·
2558 2277 2587 2334 ἠ
2645 2277 2746 2349 ἄρα
2797 2283 2886 2328 τοῦ
2945 2281 3266 2350 τετραγώνου
3314 2285 3412 2329 τῶν
3483 2287 3689 2349 γωνιῶν
3757 2276 3936 2351 διαμι-

2327 2384 2446 2438 τρος
2502 2370 2822 2440 τετραγώνου
2893 2366 3096 2418 τιθεῖσα
3168 2364 3363 2440 πλευρὰ
3447 2361 3741 2420 διπλάσιον
3820 2368 3936 2421 αὐτό

2330 2461 2487 2519 ποιεῖ,
2536 2461 2628 2506 τοῦ
2679 2455 2836 2527 οὗπέρ
2887 2453 3002 2507 ἐστι
3073 2451 3375 2529 διάμετρος,
3425 2455 3546 2530 ὅπερ
3604 2453 3718 2512 ἔδει
3769 2455 3933 2524 δεῖξαι

2400 2543 2465 2615 γ’,
2518 2544 2640 2616 Οὐχ
2715 2544 2877 2606 οὕτως
2935 2541 2994 2597 δὲ
3065 2549 3155 2597 καὶ
3208 2553 3305 2607 τῆς
3355 2550 3599 2619 σφαίρας,
3675 2545 3796 2598 ἀλλ’
3862 2547 3938 2599 ἰλ-

2329 2632 2446 2704 λως,
2490 2637 2578 2686 καὶ
2610 2629 2703 2686 διὰ
2739 2640 2890 2686 τοῦτο
2942 2632 3046 2707 ἄρα
3094 2630 3510 2710 μονοειδῆ-τερον
3579 2639 3639 2687 τό
3698 2635 3941 2698 κυκλικὸς

2336 2731 2527 2798 σχῆμα
2579 2730 2666 2778 τοῦ
2713 2726 3034 2799 τετραγώνου
3092 2742 3147 2781 τε
3183 2728 3274 2777 καὶ
3329 2723 3582 2801 ἰσότερον.
3643 2725 3793 2780 Ἐκεῖ
3846 2728 3938 2800 γὰρ

2305 3009 2510 3068 metris
2547 3009 2914 3084 quadratum
2937 3009 3115 3067 exhis
3131 3010 3544 3068 constitutum.
3563 3013 3842 3070 Ducatur
3859 3013 3965 3085 igi-

2305 3103 2401 3156 tur
2431 3116 2467 3157 a
2508 3101 2546 3156 Β
2579 3101 2640 3156 in
2673 3102 2711 3156 L
2735 3099 3064 3157 diameter:
3096 3104 3443 3173 prretereaA
3487 3103 3528 3158 C
3566 3100 3632 3158 in
3692 3103 3896 3176 anze
3915 3105 3971 3158 in

2307 3194 2510 3247 centro
2545 3192 2585 3246 Β
2635 3205 2764 3246 sese
2843 3193 3054 3246 mutuo
3098 3195 3316 3247 secent.
3370 3191 3428 3249 Si
3467 3191 3653 3261 igitur
3712 3195 3755 3248 C
3810 3197 3849 3249 Β
3887 3196 3975 3250 est

2308 3277 2557 3352 aqualis
2587 3277 2757 3335 lineae
2784 3281 2822 3335 Β
2854 3279 2926 3346 Κ,
2952 3283 3041 3336 est
3067 3285 3271 3336 autem
3297 3280 3428 3352 ipsa
3465 3279 3631 3337 basis
3691 3281 3972 3355 trianguli

2773 3384 3017 3442 quoque
3092 3371 3132 3424 Β
3180 3368 3408 3425 Kbasis
3464 3370 3760 3440 trianguli
3817 3374 3967 3428 DKB.

2312 3459 2464 3529 Ergo
2488 3456 2644 3514 latus
2679 3457 2768 3514 CD
2787 3462 2876 3514 est
2913 3457 3146 3531 aequale
3193 3457 3360 3514 lateri
3418 3461 3505 3516 BD
3555 3464 3615 3515 et
3665 3459 3838 3517 latus
3895 3461 3978 3516 KD

2311 3553 2400 3603 est
2421 3547 2652 3620 aequale
2676 3546 2845 3604 lateri
2878 3549 3068 3616 BD,et
3108 3547 3266 3604 latus
3314 3549 3400 3603 BD
3461 3553 3549 3604 est
3595 3550 3850 3621 aequale
3911 3550 3978 3605 la-

2313 3636 2529 3695 teriCD
2549 3637 2817 3702 Qnorum
2855 3652 3000 3692 vero
3036 3636 3224 3693 latera
3284 3642 3422 3692 sunt
3468 3637 3742 3709 aequalia
3781 3645 3846 3695 et
3885 3638 3975 3694 ba-

2313 3741 2406 3780 ses
2439 3731 2578 3781 sunt
2605 3725 2888 3798 aequales,
2938 3725 3147 3797 anguli
3208 3741 3452 3798 quoque
3506 3731 3654 3782 sunt
3699 3727 3976 3801 aequales,

2315 3817 2578 3881 Quorum
2611 3815 2770 3872 enim
2802 3820 3004 3888 partes
3034 3819 3176 3873 sunt
3204 3815 3468 3888 aequales
3506 3821 3566 3871 et
3591 3815 3702 3873 illa
3743 3832 3974 3890 quoque

2315 3903 2467 3960 inter
2533 3920 2595 3960 se
2637 3908 2776 3961 sunt
2855 3903 3115 3977 aequalia
3199 3907 3349 3977 Ergo
3429 3904 3744 3974 triangula
3793 3909 3904 3964 CB
3944 3909 3973 3961 Β

2316 3992 2546 4066 aequale
2576 4000 2664 4050 est
2692 3994 3062 4065 triangulum
3123 3994 3166 4049 Β
3221 3997 3266 4052 Κ
3312 3997 3379 4050 υ.
3439 3995 3756 4060 Quoniam
3815 3997 3977 4067 igitur

2319 4082 2680 4153 triangulum
2715 4085 2753 4138 Β
2792 4085 2838 4139 Κ
2863 4087 2903 4139 ι)
2935 4088 3021 4140 est
3043 4082 3274 4156 aequale
3304 4083 3609 4152 triungulo
3644 4083 3690 4140 C
3718 4085 3759 4137 Β
3790 4088 3860 4142 D.
3903 4090 3979 4137 Est

2320 4177 2519 4228 autem
2547 4171 2863 4228 dimidium
2889 4172 3173 4244 quadrati
3198 4175 3245 4226 A
3276 4174 3316 4227 Β
3374 4173 3415 4226 C
3465 4172 3528 4227 D.
3591 4173 3976 4244 Triangulum

2319 4277 2561 4334 quoque
2582 4261 2627 4316 D
2652 4264 2688 4316 Β
2715 4262 2754 4317 C
2777 4261 3056 4333 quadrati
3077 4263 3115 4317 Β
3142 4263 3182 4318 C
3213 4263 3250 4316 L
3281 4263 3323 4317 Κ
3381 4266 3469 4317 est
3501 4262 3750 4334 aequale
3800 4263 3982 4318 triam-

2321 4352 2462 4422 gulo
2489 4355 2527 4407 Α
2557 4354 2596 4408 C
2622 4355 2677 4418 Β,
2717 4354 2782 4408 Et
2805 4352 3095 4424 quoniam
3149 4351 3427 4424 quadrati
3471 4351 3734 4423 quidem
3766 4354 3812 4406 Β
3834 4357 3875 4410 C
3893 4355 3925 4407 L
3944 4353 3980 4405 ii

2324 4441 2687 4509 triangulum
2709 4441 2754 4495 Κ
2799 4443 2838 4496 D
2862 4441 2904 4493 Β
2935 4440 3103 4497 tertia
3124 4456 3264 4512 pars
3295 4445 3401 4509 est,
3417 4446 3505 4495 est
3519 4447 3730 4496 autem
3757 4439 3978 4514 aequale

2323 4529 2750 4599 trianguloAB
2804 4531 2842 4585 C
2893 4532 2954 4585 D.
3016 4531 3238 4596 Quarta
3289 4545 3429 4601 pars
3495 4544 3645 4597 ergo
3706 4530 3976 4601 quadrati

2326 4620 2422 4673 BK
2458 4622 2493 4673 l.
2526 4620 2744 4691 C,quae
2796 4625 2888 4673 est
2955 4621 2997 4674 υ
3033 4621 3070 4674 Β
3118 4621 3180 4685 C,
3223 4624 3311 4674 est
3362 4618 3613 4690 aequalis
3685 4619 3974 4688 triangula

2246 4676 2288 4730 θ
2321 4710 2523 4774 ABC,
2571 4676 2737 4781 ὲιίιοά
2792 4713 2880 4764 est
2933 4676 3251 4764 dimidium
3311 4676 3590 4779 quadrati
3652 4713 3697 4762 A
3748 4711 3788 4762 Β
3825 4676 3883 4764 (ἴ
3916 4713 3971 4762 υ.

2323 4798 2617 4862 Quoniam
2657 4796 2996 4866 igiturde
3018 4801 3249 4868 quartae
3295 4803 3493 4868 partes
3547 4797 3839 4868 quadrati
3891 4797 3968 4850 ΒΚ

2321 4889 2362 4944 L
2387 4891 2446 4954 C,
2479 4893 2618 4942 sunt
2643 4885 2906 4958 aequales
2931 4885 3172 4942 duabus
3200 4886 3462 4941 dimidiis
3484 4885 3768 4956 partibus
3833 4900 3967 4956 qua-

2319 4976 2472 5032 drati
2503 4980 2549 5029 A
2581 4976 2622 5029 Β
2647 4978 2685 5031 C
2720 4979 2761 5032 D
2790 4975 2964 5046 cujus
2992 4980 3081 5031 est
3129 4975 3418 5031 diameter
3474 4977 3515 5030 C
3568 4976 3629 5040 Β,
3687 4974 3964 5044 colligitur

2323 5069 2360 5122 Β
2379 5066 2428 5120 Κ
2459 5067 2496 5120 L
2525 5067 2564 5120 C
2600 5081 2728 5120 esse
2750 5064 3004 5137 duplum
3030 5064 3307 5137 quadrati
3333 5069 3368 5118 Α
3413 5066 3449 5118 Β
3473 5065 3514 5118 C
3548 5065 3611 5118 D.
3631 5066 3786 5120 Nam
3810 5064 3961 5133 cujus

2317 5155 2625 5213 dimidium
2648 5153 2982 5226 estmquale
3007 5153 3173 5209 alteri
3201 5153 3326 5220 toti,
3347 5156 3538 5208 totum
3566 5152 3732 5208 illius
3754 5151 3959 5209 dimidii

2315 5249 2408 5301 est
2435 5243 2675 5300 alterius
2703 5243 2977 5315 duplum.
3011 5243 3208 5308 Quare
3262 5241 3557 5297 diameter
3613 5242 3956 5311 angulorum

2315 5333 2593 5408 quadrati
2620 5332 2778 5390 facta
2803 5332 3082 5406 quadrati
3104 5332 3260 5388 latus
3283 5331 3545 5404 duplum
3593 5331 3782 5389 efﬁcit
3833 5331 3954 5387 illius

2315 5425 2489 5496 cujus
2516 5427 2603 5478 est
2630 5421 2942 5491 diameter,
2959 5421 3125 5495 quod
3153 5421 3418 5495 oportuit
3434 5420 3882 5478 demonstrare.

2386 5518 2438 5570 3.
2460 5513 2572 5570 Sed
2598 5512 2658 5568 in
2679 5511 2927 5584 sphaera
2941 5526 3062 5567 non
3081 5509 3298 5577 ita,sed
3320 5510 3490 5568 aliter
3523 5525 3586 5566 se
3624 5527 3726 5568 res
3755 5511 3951 5566 habet:

2313 5605 2494 5675 atque
2523 5601 2658 5658 ideo
2679 5601 2876 5672 ﬁgura
2895 5598 3201 5656 circularis
3221 5603 3310 5656 est
3337 5599 3535 5670 magis
3585 5599 3900 5658 uniformis
3916 5599 3956 5648 et

2312 5691 2510 5764 magis
2529 5689 2798 5765 aequalis,
2831 5704 3020 5764 quam
3051 5688 3445 5762 trtangulum;
3478 5692 3636 5748 Nam
3656 5690 3723 5749 in
3765 5683 3953 5747 circulo
