4064 6308
165 391 290 448 1369

1038 397 1389 458 THEODOBI
1427 401 1471 458 Il
1510 399 1648 459 IMP.
1689 401 1780 457 DE
1819 398 2276 462 COMMUNIONE
2313 404 2690 464 NATURALI.

3425 409 3562 469 1370

186 529 270 578 καὶ
294 523 347 576 αἱ
371 515 644 592 διάμετροι
673 520 764 570 καὶ
795 519 850 571 αἱ
905 523 1035 593 πρὸς
1084 526 1144 576 τὸ
1187 529 1392 600 κέντρον
1436 525 1629 583 εὐθεῖαι
1689 529 1779 579 καὶ
1835 527 1884 581 Α
1941 547 2030 580 και
2055 525 2292 588 ἁπάντων
2316 534 2511 590 τούτων
2556 535 2708 610 πέρας
2757 533 2817 586 τὸ
2864 538 2938 589 Χ.
2986 533 3064 587 Τὰ
3113 541 3239 608 γοῦν
3292 541 3383 589 τοῦ
3433 543 3470 589 Β
3525 543 3564 592 Γ

184 613 214 672 ἠ
269 611 322 664 ἔκ
362 616 454 664 τοῦ
511 611 722 682 κέντρου
781 607 876 660 κᾶν
939 608 1268 681 έλαττῶνται,
1322 616 1416 668 κάν
1478 616 1631 690 αύξῃ,
1701 615 1780 668 ἀεὶ

186 698 290 755 ἶσαί
319 702 444 767 εἰσι,
475 701 532 750 τὸ
566 694 625 752 δὲ
647 697 964 770 τετράγωνον
995 705 1129 755 κατὰ
1155 705 1246 764 τὰς
1300 700 1615 779 διαμέτρους
1670 706 1777 777 οὐχ

182 793 334 852 οὑτως
364 791 496 862 ἔχει,
537 786 596 840 ἸΙ
652 788 754 859 γὰρ
810 790 865 840 εκ
908 797 999 849 τῆς
1048 801 1297 865 γραμμῆς
1350 793 1608 868 ληφθεῖσα
1660 791 1778 848 διά.

180 899 356 954 μιτρος
401 879 610 933 τεθεῖσα
663 875 860 952 πλευρὰ
913 876 1024 931 ἴσον
1079 889 1152 953 τῷ
1206 878 1266 935 οὗ
1317 883 1428 939 ἔστι
1504 881 1780 960 διάμετρος

179 973 311 1026 ποιεῖ
335 968 726 1043 τετράγωνον,ἠ
780 963 841 1021 δὲ
892 973 1087 1044 κυρίως
1144 968 1419 1049 διάμετρος
1476 977 1506 1034 ἡ
1566 974 1622 1028 έκ
1677 983 1778 1028 τῶν

179 1067 372 1132 γωνιῶν
431 1064 570 1111 ποιεῖ
611 1054 913 1114 διπλάσιον.
964 1063 1106 1114 Εἴπω
1156 1058 1216 1115 δε
1266 1068 1356 1116 καὶ
1424 1061 1567 1131 ἄλλο,
1645 1065 1779 1125 ὅπως

183 1145 334 1213 δείξω
365 1149 446 1202 ὃτι
471 1151 530 1201 τό
562 1142 703 1210 εἶδος
732 1152 1038 1221 κρειττόνως
1073 1170 1132 1203 το
1175 1151 1418 1205 κυκλικὸν
1474 1149 1778 1212 eidemin“

184 1246 370 1312 σχῆμα
387 1245 480 1291 τοῦ
509 1243 832 1313 τετραγώνου
888 1243 979 1291 καὶ
1035 1243 1239 1294 πάντων
1293 1244 1422 1316 πρὸς
1469 1246 1528 1296 τὸ
1583 1239 1773 1310 δεῖξαι,

180 1329 257 1383 ὅτι
291 1329 352 1382 τὰ
371 1335 462 1382 τοῦ
491 1325 682 1382 κύκλου
725 1329 854 1402 μέρη
902 1328 1108 1382 ἅπαντα
1148 1327 1240 1384 ἶσα
1290 1335 1416 1404 πρὸς
1463 1335 1520 1385 τὸ
1570 1335 1776 1408 κέντρον

178 1421 267 1470 καὶ
283 1416 444 1471 αὐτοῦ
474 1421 796 1489 τετραγώνου
824 1437 836 1450 ο
865 1413 949 1470 δεῖ
985 1415 1048 1471 δε
1112 1423 1306 1492 τέμνειν
1373 1417 1467 1475 διὰ
1516 1429 1618 1474 τῶν
1685 1418 1778 1475 δια

178 1511 372 1582 μέτρων
394 1505 564 1560 αὐτῶν
595 1511 685 1558 καὶ
708 1501 878 1569 δεῖξαι
903 1508 980 1560 ὃτι
1011 1509 1106 1560 ἶσα
1145 1511 1214 1562 τὰ
1265 1513 1394 1583 μέρη
1445 1513 1615 1564 πάντα
1676 1510 1776 1563 αύ-

178 1603 286 1652 τοῡ.
319 1595 537 1649 ’Ἐστωὸ
569 1601 666 1648 ΒΓ
723 1594 929 1664 κύκλος,
986 1600 1194 1670 κέντρον
1248 1595 1308 1652 δὲ
1358 1601 1544 1652 τούτου
1599 1602 1656 1653 τὸ
1706 1607 1775 1656 Χ.

178 1690 518 1757 Διαστήματα
545 1680 604 1738 δὲ
632 1687 690 1738 τὸ
715 1690 754 1738 Α
782 1691 820 1737 Γ
858 1691 895 1737 Β
924 1692 959 1739 Δ
996 1691 1086 1739 καὶ
1112 1688 1269 1758 ἤχθω
1298 1686 1400 1742 ἀπὸ
1426 1697 1522 1752 τῆς
1587 1695 1626 1743 Α
1681 1707 1776 1742 περ

177 1778 460 1850 ρατουμένη
491 1773 662 1828 εὐθεῖα
718 1773 803 1827 ἐπὶ
862 1778 954 1834 τὴν
1014 1782 1052 1828 Γ
1100 1774 1194 1829 διὰ
1257 1785 1349 1831 τοῦ
1407 1786 1474 1844 Χ,
1527 1779 1776 1841 ὡσαύτως

177 1883 265 1916 και
284 1861 384 1916 ἀπὸ
413 1871 506 1924 τῆς
551 1871 584 1916 Δ
642 1861 725 1916 έπὶ
778 1872 868 1925 τῆς
922 1870 958 1916 Β
997 1866 1054 1916 αἵ
1098 1865 1203 1919 εἰσι
1254 1873 1345 1920 τοῦ
1389 1873 1426 1919 Β
1475 1873 1512 1920 Γ
1585 1866 1775 1919 κύκλου

179 1950 467 2029 διάμετροι.
511 1956 711 2028 Κέντρῳ
747 1949 806 2005 δὲ
834 1953 988 2005 πάλιν
1026 1962 1098 2025 τῷ
1155 1961 1212 2024 Β,
1260 1954 1447 2019 κύκλος
1497 1957 1776 2030 γεγράφθω

177 2043 205 2098 ὁ
231 2049 276 2096 Ν
298 2049 361 2112 ll,
395 2039 675 2116 διάμετρος
701 2039 760 2095 δε
784 2043 814 2103 ἡ
852 2049 897 2096 Χ
923 2049 992 2108 Ν,
1020 2042 1166 2118 ἑτέρα
1194 2041 1253 2097 δὲ
1289 2046 1318 2103 ἡ
1378 2051 1416 2100 Φ
1461 2051 1526 2104 Η.
1585 2046 1775 2098 Ὡσαύ-

175 2152 269 2194 τως
299 2128 357 2185 δὲ
387 2135 575 2206 κέντρῳ
605 2138 677 2202 τῷ
701 2137 736 2185 Δ
775 2131 962 2193 κύκλος
981 2134 1258 2207 γεγράφθω
1333 2135 1360 2186 ὁ
1417 2142 1463 2188 Χ
1520 2143 1587 2201 Θ,
1649 2129 1775 2188 διά-

173 2241 352 2296 μετρος
391 2217 503 2278 diu
551 2226 688 2286 ΛΘ,
722 2220 868 2294 ἑτέρα
889 2217 948 2275 δὲ
1006 2223 1036 2280 ἠ
1089 2229 1125 2275 Ρ
1177 2230 1245 2278 Χ.
1299 2228 1400 2277 Καὶ
1459 2224 1609 2286 αὖθις
1665 2227 1776 2277 κέν-

173 2329 276 2384 τρῳ
297 2318 367 2382 τῷ
399 2315 456 2380 Γ,
487 2310 675 2372 κύκλος
700 2311 1008 2383 γεγράρφθω
1048 2313 1073 2363 ὁ
1106 2317 1147 2364 Η
1180 2318 1254 2378 Μ,
1289 2308 1567 2388 διάμετρος
1621 2309 1681 2367 δε
1738 2315 1768 2372 ἠ

174 2407 218 2456 Χ
251 2406 322 2469 Μ,
355 2403 443 2451 καὶ
474 2397 598 2458 ἄλλη
633 2401 661 2458 ἠ
699 2407 744 2452 Θ
775 2406 838 2453 Η.
877 2405 974 2453 Καὶ
1014 2399 1167 2453 πάλιν
1206 2405 1398 2478 κέντρῳ
1437 2411 1508 2474 τῷ
1569 2409 1629 2469 Α,
1687 2406 1773 2456 κό-

171 2487 291 2551 κλος
317 2488 648 2562 γεγράφθωό
709 2492 748 2540 Φ
809 2496 876 2555 Χ,
941 2485 1224 2564 διάμετρος
1263 2487 1324 2544 δι
1376 2492 1406 2551 ἠ
1467 2499 1506 2546 Ε
1561 2498 1628 2562 Χ,
1681 2495 1773 2543 καὶ

173 2576 318 2652 ἀτέρα
359 2578 389 2635 ἠ
442 2582 487 2630 Λ
563 2583 624 2634 Φ.
709 2579 857 2649 Λέγω
934 2586 1061 2650 γοῦν
1129 2581 1210 2632 ὅτι
1276 2582 1343 2633 τὰ
1401 2587 1500 2634 τῶν
1569 2587 1662 2635 τού
1736 2585 1774 2632 Β

172 2672 212 2720 Γ
270 2664 458 2720 κύκλου
515 2669 715 2741 πέρατα
789 2663 1082 2740 διαμέτρων
1158 2674 1196 2722 Β
1280 2675 1318 2722 Γ
1421 2676 1456 2724 Δ
1537 2675 1578 2724 Α
1662 2672 1772 2724 κέν·

171 2755 823 2831 τραέστίτῶνΦΝΗΗ
862 2762 1060 2812 ΜΘΘ
1100 2763 1214 2812 ΡΛ
1255 2763 1303 2814 Λ
1352 2765 1390 2813 Ε
1451 2763 1490 2814 Φ
1546 2759 1767 2830 κύκλων,

143 2879 418 2938 diametri
463 2881 520 2936 et
581 2879 753 2936 linem
803 2884 978 2938 rectae
1030 2880 1110 2938 ad
1147 2887 1421 2940 centrum
1479 2883 1703 2951 ductae,
1751 2886 1810 2942 et

141 2986 280 3044 qum
311 2972 578 3028 acentro
621 2968 944 3039 ducuntur,
1006 2972 1126 3028 sive
1183 2973 1381 3031 minor
1429 2973 1557 3032 sive
1610 2975 1810 3047 major

139 3059 249 3115 ﬁat
297 3057 575 3126 circulus,
627 3074 864 3132 semper
942 3065 1080 3117 sunt
1144 3063 1436 3135 requales.
1512 3067 1585 3121 At
1651 3079 1804 3138 qua-

139 3147 380 3205 dratum
413 3147 643 3205 ratione
692 3147 1124 3206 diametrorum
1171 3166 1292 3208 non
1348 3152 1432 3209 ita
1480 3167 1543 3209 se
1591 3152 1797 3210 habet.

138 3239 291 3296 Nam
313 3241 556 3309 sumpta
575 3235 672 3294 illa
691 3253 828 3310 quae
852 3243 940 3295 est
963 3238 1258 3296 linearum
1275 3241 1501 3298 ratione
1515 3241 1808 3299 diameter

138 3331 198 3383 et
217 3327 370 3382 latus
391 3326 600 3383 effecta
627 3325 860 3400 aequale
885 3327 1256 3401 quadratum
1282 3328 1460 3387 efﬁcit
1481 3331 1611 3402 ejus
1631 3331 1809 3402 cujus
1839 3313 1879 3369 (ἶ

138 3420 230 3473 est
265 3415 572 3472 diameter.
629 3420 700 3471 At
745 3432 879 3488 quin
929 3418 1169 3490 proprie
1227 3419 1448 3476 dicitur
1495 3419 1806 3488 diameter,

139 3519 358 3576 nempe
389 3503 749 3574 angulorum
790 3506 1018 3562 ratione
1073 3505 1233 3563 dicta
1287 3507 1578 3564 diameter
1630 3508 1809 3565 efﬁcit

137 3593 419 3666 quadrati
448 3591 724 3664 duplum.
752 3592 1030 3651 Dicamus
1053 3596 1233 3653 etiam
1257 3596 1425 3652 aliud
1447 3601 1511 3652 ut
1531 3596 1808 3653 ostenda-

136 3697 276 3740 mus
307 3682 562 3738 formam
588 3680 950 3739 circularem
977 3685 1418 3756 prmtentiorem
1466 3701 1599 3741 esse
1650 3701 1807 3758 qua-

137 3771 314 3828 drato
341 3776 397 3828 et
416 3771 548 3827 aliis
571 3769 942 3843 quibuslibet
968 3773 1196 3842 ﬁguris.
1238 3773 1327 3830 Ad
1363 3773 1807 3832 ostendendum

136 3875 354 3916 omnes
381 3861 583 3921 circuli
614 3865 814 3935 partes
843 3862 1107 3934 eaquales
1131 3878 1263 3918 esse
1285 3861 1364 3918 ad
1389 3867 1657 3919 centrum
1681 3878 1806 3919 non

133 3954 341 4006 autem
371 3951 650 4022 quadrati
678 3955 876 4023 partes
921 3968 934 4017 ;
995 3956 1230 4024 oportet
1275 3966 1477 4009 secare
1515 3951 1806 4008 circulum

133 4038 448 4095 diametris
474 4039 637 4117 ipsis.
665 4043 797 4095 Esto
827 4042 862 4095 Β
921 4042 960 4095 C
1009 4041 1290 4107 circulus,
1339 4047 1610 4098 centrum
1661 4057 1805 4098 vero

131 4127 321 4199 hujus
349 4127 421 4183 sit
443 4129 500 4184 Χ.
538 4127 852 4186 Intervalla
882 4144 1019 4184 vero
1048 4129 1166 4185 sint
1208 4137 1248 4184 Α
1277 4133 1316 4187 C
1351 4132 1388 4185 Β
1432 4133 1496 4189 D.
1548 4133 1806 4186 Ducatur

130 4216 299 4274 linea
328 4216 473 4274 abA
503 4233 609 4290 per
651 4222 691 4276 X
735 4234 868 4291 qua:
916 4219 1266 4275 terminetur
1312 4221 1371 4275 in
1414 4222 1453 4276 C
1505 4237 1519 4275 :
1586 4219 1803 4275 eodem

134 4306 326 4363 modo
349 4322 386 4362 a
415 4311 638 4380 puncto
673 4309 713 4362 D
735 4307 796 4362 in
820 4312 1109 4378 punctum
1143 4307 1184 4360 Β
1214 4307 1468 4364 ducatur
1494 4308 1678 4365 altera
1733 4308 1803 4363 li-

132 4410 278 4463 nea,
325 4394 560 4468 sintque
593 4394 789 4452 ambae
834 4394 1107 4451 diametri
1137 4395 1342 4451 circuli
1379 4396 1420 4448 Β
1469 4397 1530 4452 C.
1575 4399 1802 4451 Rursus

131 4485 368 4542 circum
397 4488 671 4540 centrum
706 4486 744 4539 Β
771 4483 1026 4540 circulus
1042 4483 1402 4550 describitur
1427 4487 1468 4540 N
1498 4487 1542 4540 Κ
1569 4502 1582 4552 ;
1608 4483 1801 4557 sitque

128 4588 266 4630 una
285 4573 576 4629 diameter
601 4576 638 4629 Χ
665 4576 731 4639 Ν,
765 4571 950 4629 altera
971 4589 1113 4629 vero
1138 4575 1179 4628 ll
1213 4573 1282 4626 K.
1338 4573 1561 4629 Eodem
1617 4573 1799 4630 modo

1967 760 3452 2146 επ

2305 1447 3379 2137 E49

1936 2309 2127 2362 κύκλου
2153 2313 2351 2382 πέρατα
2374 2317 2474 2362 τῶν
2509 2304 2802 2383 διαμέτρων
2845 2315 2882 2360 Β
2938 2313 2976 2360 Γ
3029 2313 3064 2361 Δ
3097 2311 3134 2360 Α
3186 2311 3370 2378 κέντρα
3421 2310 3536 2360 ἐστὶ

1935 2408 2034 2455 τῶν
2066 2398 2245 2474 ἐτέρων
2273 2399 2489 2466 κύκλων,
2524 2401 2582 2452 τὸ
2611 2393 2669 2452 δὲ
2709 2406 2756 2454 Χ
2818 2400 2974 2472 πέρας
3021 2396 3208 2452 αὐτῶν.
3272 2397 3421 2453 Ἐπεί
3479 2393 3538 2452 δί

1935 2493 2091 2565 πέρας
2128 2496 2343 2542 τώνΒΡ
2385 2495 2421 2541 Γ
2465 2496 2500 2542 Δ
2558 2493 2598 2540 Α
2656 2491 2874 2562 κέντρων
2923 2487 3036 2542 ἐστί
3091 2490 3149 2539 τὸ
3203 2495 3250 2541 Χ
3305 2487 3538 2560 ὑπάρχει

1937 2575 1996 2631 δε
2033 2579 2090 2631 τὸ
2152 2586 2252 2632 τῶν
2317 2579 2547 2650 ἡμίσεων
2609 2577 2774 2629 αὐτῶν
2847 2573 3162 2651 διαμέτρων,
3238 2573 3536 2647 ἀναγκαίως

1935 2669 2168 2741 ὑπάρχει
2206 2669 2393 2720 καιτὰ
2446 2675 2492 2721 Ν
2561 2674 2613 2720 Μ
2661 2674 2696 2720 Ρ
2743 2673 2780 2720 Ε
2829 2669 3028 2738 πέρατα
3070 2672 3168 2718 τῶν
3223 2664 3368 2727 ἐκτὸς
3417 2665 3540 2737 iapi-

1935 2757 2156 2810 κυκλίων
2176 2759 2372 2831 ἡμίσεα
2409 2765 2510 2811 τῶν
2547 2764 2594 2810 Ν
2652 2764 2700 2812 Χ
2765 2762 2817 2810 Μ
2880 2761 2931 2810 Χ
2992 2761 3029 2808 Ρ
3094 2762 3144 2809 Χ
3197 2751 3537 2828 δταμέτρωνο

1917 2883 2211 2950 Quoniam
2239 2886 2439 2940 autem
2465 2882 2754 2940 terminus
2787 2879 3219 2938 diametrorum
3247 2881 3287 2935 Β
3316 2879 3378 2948 C,
3408 2880 3451 2933 D
3519 2881 3567 2936 Α

2017 3087 3483 4455 ε

2081 3778 3413 4448 199!

1909 4570 1998 4621 est
2018 4570 2287 4622 centrum
2318 4569 2375 4622 X.
2414 4570 2504 4623 Est
2533 4571 2739 4623 aulam
2768 4567 2947 4623 etiam
2978 4569 3250 4623 centrum
3281 4563 3564 4620 dimidia-

129 4662 368 4718 circum
396 4669 670 4716 centrum
695 4663 735 4715 Ι)
759 4660 1132 4716 describatur
1153 4660 1411 4716 circulus
1440 4661 1478 4715 X
1504 4663 1544 4716 Τ
1568 4677 1581 4716 :
1608 4661 1799 4733 sitque
1837 4668 1876 4721 D
1907 4671 2041 4710 rum
2062 4655 2516 4718 diametrorum.
2553 4657 2887 4712 necessario
2913 4671 3156 4730 quoque
3185 4658 3228 4712 N
3250 4656 3358 4713 ΜΒ
3385 4656 3423 4709 Ε
3447 4651 3552 4726 qui

133 4764 269 4805 una
299 4748 588 4804 diameter
621 4749 658 4805 L
687 4751 748 4816 Τ,
767 4747 952 4803 altara
986 4765 1126 4803 vero
1156 4751 1198 4804 Β
1258 4750 1317 4803 Χ.
1371 4751 1627 4805 Rursum
1683 4750 1798 4804 cir-

129 4855 285 4896 cum
317 4845 588 4895 centrum
621 4841 659 4893 C
691 4838 948 4894 circulus
990 4838 1366 4895 describatur
1421 4841 1539 4905 KM,
1605 4840 1800 4912 sitque

126 4928 445 4985 diametur
477 4943 596 4983 una
618 4925 666 4981 X
688 4929 758 4992 Μ,
799 4926 986 4984 altera
1016 4942 1156 4983 vero
1186 4927 1304 4983 TK.
1334 4930 1401 4984 Et
1421 4943 1631 4983 rursus
1685 4932 1798 4984 cir-

125 5032 282 5074 cum
310 5021 581 5072 centrum
622 5016 670 5068 Α
701 5014 957 5071 circulus
978 5013 1354 5072 describatur
1387 5015 1429 5069 II
1480 5017 1542 5084 X,
1604 5016 1800 5089 sitque

125 5105 435 5162 diameter
476 5119 597 5161 una
627 5105 665 5158 Ε
689 5105 747 5175 Χ,
778 5104 964 5160 altera
991 5120 1128 5160 vero
1161 5105 1198 5160 L
1223 5103 1292 5161 Η.
1329 5105 1466 5160 Dico
1505 5103 1686 5174 igitur
1739 5105 1799 5161 in

123 5194 365 5252 circulo
395 5197 431 5249 Β
455 5197 494 5250 C
515 5192 663 5248 ﬁnes
685 5207 790 5248 seu
810 5193 1095 5248 terminos
1117 5193 1548 5249 diametrorum
1582 5209 1800 5266 nempe

129 5287 176 5340 Β
211 5284 254 5338 C
296 5285 340 5336 D
370 5288 415 5339 Α
447 5297 582 5338 esse
607 5285 809 5337 centra
829 5280 1188 5336 circulorum
1218 5283 1259 5336 ll
1294 5284 1335 5336 N
1368 5281 1491 5348 K,K
1539 5283 1588 5338 Μ
1633 5281 1702 5352 Τ,
1760 5284 1802 5338 Τ

125 5374 178 5429 Β
217 5372 277 5443 L,
316 5373 353 5428 L
382 5373 422 5428 Ε
457 5373 522 5440 Η,
554 5372 614 5425 et
640 5368 858 5425 horum
911 5369 1186 5426 omnium
1245 5372 1518 5426 centrum
1559 5384 1692 5425 esse
1739 5371 1800 5438 Χ,

1906 4749 2043 4799 sunt
2075 4745 2307 4800 termini
2337 4761 2439 4800 seu
2467 4745 2868 4802 extremitates
2904 4745 3262 4801 exteriorum
3297 4740 3561 4798 semicir-

1907 4832 2178 4889 culorum
2195 4839 2351 4897 ,sunt
2379 4834 2643 4891 dimidiae
2669 4839 2869 4908 partes
2899 4834 3331 4891 diametrorum
3355 4833 3396 4886 N
3425 4832 3486 4897 Χ,
3512 4832 3562 4885 Μ

1908 4923 1984 4992 Χ,
2004 4925 2119 4978 EX.
2150 4925 2443 4988 Quoniam
2465 4929 2664 4981 autem
2706 4927 2745 4979 X
2779 4927 2816 4978 B
2841 4927 2932 4979 est
2959 4921 3210 4978 dimidia
3267 4919 3562 4975 diameter

1905 5010 2150 5081 integrae
2163 5012 2386 5069 dimetri
2410 5015 2498 5069 DX
2517 5017 2571 5079 Β,
2588 5011 3075 5086 quandoquidem
3092 5009 3273 5080 hujus
3291 5012 3556 5064 centrum

1907 5106 1995 5156 est
2024 5103 2085 5168 Χ,
2120 5103 2158 5156 Β
2191 5105 2227 5157 Χ
2253 5117 2495 5174 quoque
2534 5102 2643 5157 erit
2671 5099 2922 5154 dimidia
2968 5097 3258 5154 diameter
3313 5097 3560 5169 integrae

1906 5187 2180 5245 diametri
2199 5194 2240 5246 N
2266 5193 2326 5254 Χ,
2360 5191 2417 5246 in
2437 5189 2656 5246 circulo
2672 5191 2712 5243 N
2731 5190 2795 5245 ll.
2811 5187 3103 5252 Quoniam
3118 5186 3277 5244 enim
3293 5185 3494 5244 circuli
3514 5189 3560 5242 A

1911 5284 1952 5333 K
1970 5283 2238 5335 centrum
2260 5285 2347 5335 est
2373 5281 2409 5334 Β
2423 5293 2680 5350 quorum
2695 5291 2835 5332 vero
2852 5275 3102 5332 dimidia
3123 5280 3262 5332 sunt
3279 5273 3558 5350 aequalia,

1911 5372 2030 5424 tota
2058 5367 2210 5424 inter
2223 5383 2282 5423 se
2295 5383 2538 5440 quoque
2558 5370 2696 5422 sunt
2709 5364 2964 5438 aequalia
2981 5381 2993 5420 :
3011 5379 3154 5421 sane
3170 5363 3445 5421 diametri
3466 5363 3559 5420 in-

126 5462 561 5519 Extremitates
592 5472 736 5527 ergo
759 5457 1193 5514 diametrorum
1213 5472 1339 5530 (ιι-ω
1367 5462 1506 5514 sunt
1530 5459 1568 5514 Β
1600 5459 1640 5514 C
1681 5461 1723 5512 ι)
1755 5463 1802 5514 Α
1910 5463 1994 5514 ter
2023 5473 2084 5513 se
2113 5462 2284 5513 erunt
2309 5455 2684 5529 aequales(t).
2705 5453 2925 5510 Eadem
2944 5454 3195 5511 ratioest
3214 5455 3394 5510 etiam
3411 5452 3560 5508 alia-

121 5553 193 5610 in
237 5549 469 5607 circulo
501 5549 541 5605 Β
568 5546 633 5606 C.
665 5549 803 5603 sunt
831 5545 1088 5604 aliorum
1135 5544 1496 5603 circulorum
1541 5551 1677 5604 cent
1742 5563 1799 5614 a,

125 5639 521 5701 Circulorum
548 5651 692 5694 vero
721 5635 976 5693 istorum
1006 5634 1281 5692 omnium
1309 5634 1598 5694 terminus
1631 5639 1721 5693 est
1739 5637 1799 5692 Χ.

200 5745 294 5843 (1)
320 5769 514 5826 Locus
541 5763 606 5821 in
633 5744 836 5822 Greca
862 5739 1192 5822 mendosus
1229 5739 1337 5820 esti

1907 5559 2042 5602 rum
2075 5544 2506 5602 diametrorum
2534 5545 2592 5599 in
2623 5540 2753 5598 aliis
2784 5541 3040 5598 circulis.
3092 5545 3243 5600 Nam
3283 5538 3560 5598 diametri

1907 5632 2152 5707 integrae
2183 5636 2222 5691 X
2251 5635 2300 5689 Μ
2332 5631 2581 5689 dimidia
2617 5645 2759 5704 pars
2788 5633 2880 5689 est
2903 5633 2946 5689 Χ
2971 5629 3034 5688 Ε.
3063 5630 3361 5697 Quoniam
3387 5624 3548 5686 enim
