4064 6308
464 361 598 418 13⁸71

1985 345 2341 406 ΔΒΠΕΝΠΑ.

3746 354 3874 406 £372

491 490 672 551 ἔπειδή
715 490 777 545 δέ
807 501 897 552 τῆς
955 498 1048 543 τοῦ
1100 497 1137 542 Β
1193 496 1214 543 Ι
1283 492 1476 544 κύκλου
1529 489 1812 567 διαμέτρου
1872 497 1906 542 Δ
1953 495 1998 540 Χ
2051 489 2088 533 Β
2143 474 2194 526 Α
2253 475 2639 567 τερᾳιονξιένη’
2683 471 2840 567 ’ξλλέ
2887 491 2976 523 καί
3019 474 3080 524 ἄν
3138 477 3420 567 “VT-'50“;
3476 482 3710 549 σφαῖραν»
3771 476 3856 533 ἶση

492 583 660 655 ἥμισύ
692 582 831 634 ἐστιν
871 584 900 639 ἡ
953 587 1000 632 Χ
1042 588 1078 632 Β
1125 577 1305 638 ἐπειδὴ
1366 587 1567 656 κέντρον
1622 583 1734 635 ἐστί
1787 583 1972 631 τούτου
2027 579 2086 626 τὸ

491 680 557 742 Χ,
591 673 729 728 καιή
762 678 796 722 Β
827 679 873 724 Χ
935 671 1100 742 ἣμισύ
1151 669 1262 722 ἐστι
1320 680 1417 734 τῆς
1467 679 1512 724 Ν
1565 678 1615 724 Χ
1660 670 1944 742 διαμέτρου
1998 673 2085 716 τοῦ

488 769 534 814 Ν
575 767 615 813 Η
643 760 834 812 κύκλου
865 781 877 792 ·
921 757 1102 818 ἐπειδὴ
1129 763 1230 833 γὰρ
1253 764 1485 834 ὑπάρχει
1537 763 1722 813 τούτου
1771 763 1974 830 κέντρον
2027 758 2085 806 τὸ

488 857 526 902 Β
553 851 620 900 ὧν
652 845 711 900 δὲ
733 847 823 900 ἶσα
849 852 914 900 τὰ
938 851 1134 916 ἡμίσεα
1157 870 1246 902 και
1279 855 1345 904 τὰ
1384 851 1476 903 ὅλα
1497 848 1588 902 ἶσοὶ
1639 849 1770 913 ἐστι,
1819 849 1953 897 κατὰ
2000 847 2087 895 τὸν

490 938 644 990 αὐτὸν
677 934 736 990 δὲ
764 937 913 1008 λόγον
939 957 1028 990 και
1049 938 1133 990 ἐπί
1161 949 1258 991 τῶν
1283 939 1444 991 ἄλλων
1472 961 1484 972 ·
1520 947 1615 998 τῆς
1633 941 1734 1011 γὰρ
1772 945 1810 989 Α
1833 944 1879 989 Χ
1907 941 1943 986 Γ
1970 932 2087 986 δια-

489 1032 676 1102 μέτρου
706 1034 797 1078 τοῠ
823 1033 859 1078 Β
884 1033 922 1078 Γ
950 1027 1140 1080 κύκλου
1163 1031 1329 1101 ἥμισύ
1356 1029 1497 1080 ἐστιν
1523 1030 1553 1084 ὴ
1582 1033 1631 1079 Χ
1659 1033 1696 1080 Γ
1747 1021 1924 1082 ἐπειδὴ
1973 1026 2088 1075 κεν-

489 1135 609 1190 τρον
632 1115 743 1167 ἐστί
767 1117 952 1167 τούτου
983 1119 1040 1167 τὸ
1066 1121 1115 1168 Χ
1145 1136 1234 1168 και
1263 1119 1292 1174 ἠ
1329 1123 1365 1168 Γ
1385 1125 1431 1169 Χ
1453 1117 1620 1187 ἧμισύ
1645 1115 1757 1167 ἐστι
1781 1121 1876 1173 τῆς
1911 1119 1961 1165 Μ
1994 1117 2012 1163 Ι
2043 1118 2088 1163 Χ

492 1202 775 1277 διαμέτρου
804 1211 897 1256 τοῦ
929 1211 969 1256 Η
1003 1211 1053 1258 Μ
1105 1205 1297 1257 κύκλου
1331 1227 1344 1238 ο

490 1297 696 1366 κέντρον
723 1294 782 1345 τὸ
814 1298 852 1344 Γ
893 1314 906 1325 ο
938 1293 1004 1342 ὧν
1033 1289 1092 1345 δὲ
1112 1294 1207 1345 ἶσα
1247 1296 1315 1345 τὰ
1343 1296 1561 1364 ἡμίσεα,
1602 1312 1692 1343 και
1744 1294 1811 1342 τὰ
1861 1290 1953 1341 ὅλα
1997 1296 2091 1340 ῖσα

493 1382 650 1434 ἐστιν.
721 1380 992 1444 Ὡσαύτως
1051 1401 1141 1433 και
1197 1390 1292 1443 τῆς
1340 1388 1376 1434 Β
1424 1387 1474 1434 Χ
1534 1389 1568 1433 Δ
1647 1377 1928 1451 διαμέτρου
1998 1385 2090 1428 τοῦ

492 1469 850 1526 ΒΓκύκλουή
908 1475 956 1521 Χ
1016 1478 1050 1522 Δ
1095 1474 1264 1541 ἥμισύ
1314 1469 1427 1523 ἔστι
1478 1477 1573 1530 τῆς
1623 1475 1661 1522 Φ
1714 1474 1759 1520 Χ
1805 1465 2090 1538 διαμέτρου

491 1566 583 1610 τοῦ
614 1566 664 1612 Χ
694 1567 738 1611 Θ
777 1557 989 1623 κύκλου,
1028 1555 1209 1616 ἐπειδὴ
1243 1562 1449 1630 κέντρον
1477 1560 1590 1609 ἔστί
1629 1559 1816 1608 τούτου
1873 1558 1931 1606 τὸ
1984 1561 2018 1606 Δ
2076 1575 2087 1586 '

1396 1202 1571 1262 ἐπειδὴ
1625 1206 1857 1277 ὑπάρχει
1903 1203 2088 1252 τούτου

494 1647 562 1697 ὧν
585 1643 644 1699 δὲ
674 1644 765 1698 ἶσα
794 1649 860 1698 τὰ
880 1648 1097 1718 ἡμίσεα,
1126 1651 1215 1699 καί
1263 1649 1330 1698 τὰ
1391 1646 1484 1699 ὅλα
1539 1646 1634 1698 ἶσοὶ
1683 1645 1844 1698 ἐστιν.
1897 1644 2092 1696 Ὠσαύ-

492 1755 594 1796 τως
616 1731 675 1787 δὲ
705 1754 795 1785 και
822 1741 982 1795 τῆςΓ
1019 1739 1068 1787 Χ
1129 1743 1160 1788 Α
1221 1732 1505 1808 διαμέτρου
1567 1742 1659 1787 τοῦ
1719 1741 1752 1786 Β
1819 1739 1855 1785 Γ
1903 1732 2092 1783 κύκλου

493 1826 524 1881 ἠ
553 1822 864 1886 ΧΑῆμισύ
913 1823 1076 1893 ἐστιν,
1123 1821 1304 1882 ἐπειδὴ
1362 1827 1567 1898 κέντρον
1617 1823 1729 1876 ἐστί
1784 1824 1970 1874 τούτου
2034 1824 2094 1871 τὸ

494 1920 543 1967 Χ
571 1931 660 1964 και
689 1914 719 1970 ἡ
764 1919 804 1965 Δ
835 1917 884 1964 Χ
949 1911 1118 1984 ἥμισύ
1168 1915 1280 1965 ἔστι
1337 1920 1434 1974 τῆς
1479 1919 1515 1964 Ε
1565 1920 1614 1966 Χ
1671 1908 1956 1983 διαμέτρου
2004 1916 2096 1960 τοῦ

495 2008 608 2056 ΦΧ
637 2000 850 2070 κύκλου,
883 1998 1061 2060 ἐπειδὴ
1094 2005 1299 2075 κέντρον
1345 2002 1458 2054 ἐστί
1505 2004 1690 2053 τούτου
1730 2003 1789 2052 τὸ
1873 2005 1912 2052 Α
1971 2020 1982 2030 ·
2035 1999 2102 2048 ὧν

496 2087 556 2142 δὲ
583 2092 650 2141 τὰ
686 2092 881 2161 ἡμίσεα
909 2090 1021 2156 ἶσα,
1082 2110 1172 2142 και
1204 2093 1272 2142 τὰ
1326 2090 1420 2143 ὃλα
1473 2086 1564 2142 ἶσα
1613 2089 1724 2141 ἐστι
1778 2107 1867 2139 και
1910 2089 1940 2144 ἡ
1999 2086 2102 2161 ἂρα

493 2184 612 2231 ΝΧ
673 2174 951 2252 διάμετρος
991 2186 1053 2250 τῇ
1102 2186 1140 2231 Β
1189 2186 1224 2232 Δ
1279 2181 1368 2236 ἴση
1422 2178 1556 2238 ἐστί,
1623 2198 1713 2230 και
1755 2179 1784 2234 ἠ
1835 2179 1883 2232 M
1939 2181 1988 2227 Χ
2035 2182 2097 2246 τῇ

495 2265 1311 2340 ΛΓὰλλακαιὴΦΧτῇΒΔ
1348 2269 1507 2324 κοιιὴ
1561 2273 1784 2338 ΕΧτῇ
1839 2272 1878 2318 Α
1929 2270 1966 2316 Γ
2012 2267 2102 2314 καί

493 2357 710 2430 ἑκατέρα
736 2363 799 2427 τῇ
833 2355 1051 2428 ἑκατέρᾳ
1080 2356 1196 2408 ἵσαί
1228 2356 1331 2408 εἰσι
1361 2377 1373 2387 ·
1407 2357 1472 2406 τά
1494 2357 1597 2428 γάρ
1664 2363 1736 2424 τῷ
1787 2353 1926 2423 αὐτῷ
1983 2351 2097 2416 ἶσα,

493 2464 584 2496 και
621 2443 859 2505 ἀλλήλοις
884 2442 976 2496 ἶσά
1023 2445 1155 2510 ἐστι,
1200 2464 1291 2496 και
1318 2445 1386 2495 ὧν
1424 2446 1490 2496 τά
1547 2448 1676 2518 μέρη
1725 2439 1836 2503 ἶσα,
1901 2462 1992 2494 και
2033 2443 2101 2493 τά

494 2533 589 2585 ὅλα
625 2529 717 2584 ἶσοὶ
741 2532 855 2584 ἐστι
884 2540 985 2586 Kac
1006 2541 1106 2584 τῶν
1120 2532 1224 2606 ἆρα
1247 2534 1374 2584 ἰσων
1423 2530 1771 2606 διαμέτρωνοὶ
1814 2533 1864 2584 οἱ
1916 2529 2094 2582 κύκλοι

494 2618 605 2673 ἶσοί
654 2624 780 2685 εἰσι,
828 2641 920 2672 και
971 2623 1140 2674 πάντα
1196 2623 1260 2674 τά
1326 2629 1417 2673 τοῦ
1471 2621 1664 2672 κύκλου
1731 2624 1932 2692 πέρατα
2004 2616 2099 2670 ἶσά

495 2710 657 2765 ἐστιν.
683 2708 823 2762 Ἐπεί
849 2707 909 2763 δὲ
934 2730 1023 2762 και
1065 2712 1132 2762 τά
1177 2719 1270 2773 τῆς
1324 2715 1550 2785 σφαίρας
1599 2714 1800 2785 πέρατα
1843 2706 2097 2781 δέχονται

492 2802 612 2862 τοὺς
677 2798 867 2862 αὐτοὺς
916 2799 1132 2862 κύκλους
1189 2821 1278 2852 και
1333 2805 1548 2876 πέρατα,
1592 2799 1659 2850 ὧν
1719 2800 1910 2874 θάτερα
1951 2799 2095 2850 θατέ-

492 2909 617 2964 ρους
677 2909 768 2942 και
819 2891 954 2941 κατά
1000 2899 1088 2950 τῆς
1147 2896 1374 2964 σφαίρας
1419 2894 1549 2964 μέρη
1599 2891 1770 2942 πάντα
1815 2885 1907 2940 ἷσά
1957 2887 2090 2949 ἐστι,

493 2999 585 3031 και
643 2984 792 3032 πᾶσα
857 2982 1049 3040 ταύτης
1113 2976 1392 3054 διάμετρος
1443 2987 1515 3050 τῷ
1615 2981 1806 3038 ταύτης
1900 2981 2092 3048 κέντρῳ

2250 560 2438 632 ἐστίτῇ
2468 562 2531 620 ἧς
2571 561 2682 612 ἐστι
2718 558 3022 633 διάμετρος,
3061 581 3150 612 και
3214 561 3240 613 ὃ
3286 572 3478 634 σχῆμα
3534 570 3859 621 ποιήσουσιν

2250 650 2305 701 αἰ
2334 659 2423 710 τῆς
2451 647 2734 722 διαμέτρου
2771 652 2960 703 εὐθεῖαι
3012 654 3176 723 ταύτῃ
3237 649 3350 704 ἶσόν
3397 653 3526 718 ἐστι,
3585 656 3728 705 καθά
3791 652 3856 711 δὲ

2248 759 2339 790 και
2362 748 2455 791 τοῦ
2484 740 2675 791 κύκλου
2711 761 2723 772 ·
2751 745 3077 798 συνέστησαν
3105 744 3207 812 γάρ
3233 743 3286 792 αἱ
3317 750 3363 795 Θ
3422 749 3460 794 Γ
3529 750 3572 795 Η
3620 750 3662 796 Φ
3723 751 3761 796 Β
3815 751 3854 796 ll

2253 836 2296 882 Λ
2329 835 2366 880 Α
2409 835 2447 881 Φ
2487 836 2533 881 Θ
2565 837 2599 881 Δ
2634 835 2678 881 Λ
2715 837 2815 880 τῶν
2854 829 3054 881 κύκλων
3086 825 3357 903 διάμετροι
3405 836 3463 883 τὸ
3520 838 3560 884 Φ
3623 833 3694 884 Η”
3719 841 3769 885 Θ
3818 841 3854 886 Α

2249 937 2586 989 τιτραγωνον,
2623 925 2774 969 τοῦτο
2805 914 2864 969 δε
2901 923 3189 976 ποιήσουσι
3237 939 3327 971 και
3374 923 3429 972 αἱ
3479 930 3576 982 τῆς
3636 927 3860 995 σφαίρας

2252 1003 2528 1078 διάμετροι
2548 1008 2669 1078 ὅπερ
2703 1003 2810 1058 ἔδει
2837 1003 3027 1069 δεῖξαι.

2324 1091 2359 1146 δ
2363 1094 2394 1148 ’.
2426 1101 2591 1147 Τοῦτο
2611 1091 2671 1147 δέ
2693 1095 2799 1166 οὐχ
2827 1102 2947 1168 αὔρῃ
2977 1115 3054 1155 τις
3084 1097 3158 1158 εἰς
3185 1103 3360 1149 πᾶσαν
3379 1104 3638 1170 γραμμήν
3665 1119 3759 1150 και
3805 1103 3862 1151 τὸ

2250 1187 2353 1254 μὴν
2379 1191 2471 1234 τοῦ
2519 1189 2840 1256 τετραγώνου
2886 1182 2978 1244 τὰς
3033 1181 3128 1237 δια
3170 1193 3264 1237 τοῦ
3302 1190 3465 1258 μσου
3507 1206 3602 1239 και
3651 1193 3864 1262 κέντρον

2251 1272 2602 1342 ἠγμένας,και
2631 1271 2783 1334 αὖθις
2811 1276 2938 1344 πρὸς
2966 1277 3025 1326 τό
3065 1270 3237 1336 δεῖξαι
3288 1276 3371 1326 ὅτι
3436 1278 3556 1328 οὔτε
3617 1278 3736 1328 ἶσον
3793 1287 3865 1347 τῷ

2253 1367 2554 1433 τετραγώνῳ
2603 1367 2752 1413 πᾶσα
2811 1358 3093 1434 διὰμετρος
3155 1360 3250 1414 διὰ
3319 1371 3412 1415 τοῦ
3483 1369 3704 1438 κέντρου
3778 1386 3866 1419 και

2253 1452 2414 1520 μέσον
2473 1449 2690 1519 ἠγμένη,
2750 1454 2807 1502 τό
2853 1450 2983 1503 αὐτὸ
3028 1459 3172 1504 ποιεῖ
3215 1449 3274 1504 οὗ
3355 1449 3660 1528 διᾶμετρος,
3751 1459 3869 1509 οὔτε

2255 1539 2421 1610 ἕτερον
2453 1538 2566 1588 ἴσον
2596 1557 2684 1589 και
2704 1545 2775 1607 τῷ
2802 1539 2940 1608 αὐτῷ
2965 1560 2978 1572 ·
3037 1536 3120 1592 δεῖ
3170 1547 3293 1610 γοῦν
3350 1538 3562 1601 ἀνίσους
3621 1541 3719 1604 τὰς
3778 1553 3870 1597 τοῦ

2255 1631 2578 1697 τετραγώνου
2608 1622 2778 1688 δεῖξαι
2800 1623 3113 1702 διαμέτρους
3133 1647 3220 1680 και
3253 1627 3320 1680 τὰ
3375 1629 3431 1681 ἐκ
3468 1632 3671 1682 τούτων
3730 1639 3868 1702 7mi-

2349 1720 3752 2786 ξ,

2253 2912 2381 2962 μενα
2478 2897 2735 2963 σχήματα
2829 2890 2929 2944 εἴτε
3027 2890 3252 2953 κύκλους
3343 2889 3438 2943 εἶτε
3540 2891 3867 2964 τετράγωνα.

2249 2981 2423 3034 Ἔστω
2449 2988 2505 3032 το
2538 2987 2576 3032 Α
2612 2987 2708 3032 ΒΓ
2737 2989 2792 3046 Δ,
2824 2977 3220 3054 προαπεδείχθη
3267 2982 3346 3033 ὃτι
3388 2981 3418 3038 ἡ
3491 2985 3529 3032 Β
3574 2985 3613 3032 Γ
3681 2976 3876 3049 διαξιεᾴ

467 3165 670 3221 circuli
692 3167 738 3220 K
758 3167 808 3221 Μ
833 3168 1104 3220 centrum
1133 3168 1225 3218 est
1260 3165 1322 3232 C,
1353 3164 1601 3229 integra
1653 3160 1928 3217 diametri
1981 3161 2029 3215 Μ
2083 3160 2121 3213 Χ
2159 3157 2199 3212 C
2230 3153 2330 3212 illa
2355 3156 2584 3212 ratione
2617 3156 2869 3228 aqualis
2887 3156 3195 3212 diametris
3211 3155 3465 3212 utetiam
3488 3154 3779 3211 diametri
3793 3156 3897 3210 cir-

467 3254 722 3310 dimidia
745 3268 890 3325 pars
922 3252 1028 3308 erit
1061 3255 1101 3308 C
1135 3254 1175 3306 Χ
1203 3252 1264 3307 in
1323 3251 1544 3307 circulo
1595 3253 1638 3306 K
1697 3253 1761 3311 Μ,
1823 3248 2119 3314 Quoniam

467 3341 628 3398 enim
657 3341 840 3411 hujus
870 3339 1072 3396 circuli
1106 3345 1376 3395 centrum
1419 3342 1568 3395 estC
1599 3356 1612 3393 :
1662 3352 1924 3409 quorum
1982 3349 2121 3389 vero

467 3429 719 3485 dimidia
747 3433 885 3483 sunt
907 3427 1183 3499 aqualia,
1209 3432 1335 3482 tota
1355 3428 1514 3483 enim
1532 3432 1670 3482 sunt
1686 3424 1964 3496 aqualia,
1985 3428 2092 3477 etc.
2106 3466 2118 3490 ,

467 3523 534 3573 ut
553 3517 781 3572 dictum
811 3520 916 3581 est,
941 3515 1016 3570 de
1046 3515 1400 3570 diametroB
1442 3519 1482 3570 X
1517 3519 1557 3570 D
1591 3516 1651 3570 in
1697 3512 1918 3569 circulo
1970 3517 2007 3566 Β
2059 3516 2118 3567 t1.

468 3604 694 3661 Eodem
722 3603 906 3660 modo
941 3606 981 3659 X
1005 3606 1047 3657 D
1078 3608 1166 3658 est
1192 3603 1442 3659 dimidia
1474 3620 1614 3676 pars
1637 3604 1882 3672 integra
1898 3601 2122 3656 diame-

467 3693 538 3749 tri
561 3692 760 3748 circuli
786 3694 883 3747 XT
909 3694 974 3750 R.
1013 3693 1279 3758 Quorum
1304 3707 1442 3747 vero
1471 3692 1722 3747 dimidia
1743 3696 1883 3745 sunt
1930 3705 2122 3761 aqua-

467 3781 568 3850 lia,
600 3787 690 3837 etc
716 3785 780 3837 Et
808 3782 933 3837 utC
975 3783 1016 3837 X
1064 3783 1108 3834 A
1164 3781 1407 3851 integra
1467 3780 1742 3836 diametri
1787 3780 1847 3834 in
1899 3777 2120 3833 circulo

468 3873 509 3926 B
539 3873 579 3927 C
610 3869 858 3926 dimidia
897 3885 1039 3942 pars
1083 3875 1171 3926 est
1211 3873 1252 3926 Χ
1308 3873 1374 3934 Α,
1430 3868 1928 3941 quandoquidem
1983 3883 2120 3921 cen-

466 3956 626 4015 trum
653 3960 834 4032 hujus
863 3960 1065 4016 circuli
1088 3964 1180 4015 est
1201 3962 1260 4028 X,
1283 3959 1364 4015 ita
1392 3959 1454 4014 in
1486 3958 1707 4014 circulo
1734 3972 1977 4029 quoque
1997 3959 2036 4011 H
2082 3958 2120 4010 Χ

466 4050 577 4106 erit
602 4055 648 4104 Α
676 4051 716 4105 Χ
753 4049 1003 4105 dimidia
1033 4065 1173 4121 pars
1199 4050 1442 4117 integra
1483 4048 1760 4102 diametri
1785 4050 1823 4101 E
1852 4049 1909 4100 Χ.
1955 4047 2118 4111 Quo-

466 4155 603 4194 rum
630 4143 830 4194 autem
856 4138 1106 4194 dimidia
1124 4143 1261 4193 sunt
1291 4137 1548 4209 aqualia
1567 4137 2118 4205 interse,totaquo-

468 4242 587 4298 que
613 4231 750 4282 sunt
768 4227 1040 4299 aqualia.
1083 4227 1272 4290 Quare
1299 4226 1591 4280 diameter
1621 4228 1663 4279 Ν
1709 4226 1748 4278 Χ
1788 4225 1894 4278 erit
1921 4239 2115 4293 aqua-

466 4315 538 4370 lis
559 4314 909 4369 diametroB
934 4317 976 4369 Ι)
999 4319 1056 4369 et
1075 4314 1363 4370 diameter
1387 4316 1434 4368 M
1469 4316 1510 4368 X
1539 4313 1647 4368 erit
1695 4311 1942 4384 aqualis
1995 4310 2117 4365 dia-

469 4405 720 4458 metroA
749 4400 808 4455 C.
837 4403 1124 4457 Praterea
1177 4402 1469 4457 diameter
1509 4404 1554 4456 Β
1610 4404 1650 4456 Χ
1719 4401 1826 4456 erit
1869 4398 2116 4471 aqualis

469 4490 762 4546 diametro
791 4491 833 4543 D
861 4493 919 4557 Β,
953 4496 1010 4545 et
1031 4490 1324 4545 diameter
1366 4493 1407 4545 E
1465 4493 1504 4546 Χ
1557 4489 1823 4544 similiter
1867 4487 2116 4559 aqualis
2146 4502 2192 4556 1)

470 4579 763 4635 diametro
787 4584 835 4634 Α
861 4580 919 4646 C,
952 4584 1008 4634 et
1029 4579 1243 4649 singuli
1268 4580 1513 4649 singulis
1528 4579 1788 4652 aequales
1802 4585 1956 4634 sunt.
1975 4580 2116 4643 Qua

471 4667 633 4723 enim
652 4666 847 4723 eidem
879 4674 1018 4723 sunt
1047 4668 1325 4740 aqualia,
1356 4668 1506 4723 inter
1545 4684 1607 4723 se
1661 4673 1801 4724 sunt
1839 4666 2113 4738 aqualia.

467 4758 535 4812 Et
561 4772 821 4830 quorum
865 4761 1063 4830 partes
1107 4761 1245 4811 sunt
1289 4757 1552 4830 aquales
1600 4759 2120 4830 integra_quoque

469 4825 623 4902 inter
659 4862 722 4902 se
745 4825 887 4902 sunt
907 4844 1183 4918 aqualia.
1211 4825 1420 4901 Circuin
1458 4861 1600 4916 ergo
1631 4825 1955 4918 aequalium
1995 4825 2118 4900 dia-

469 4939 792 4991 metrorum
823 4940 962 4990 sunt
983 4933 1268 5006 aquales,
1302 4940 1359 4990 et
1384 4949 1595 4990 omnes
1625 4933 1828 4989 circuli
1848 4934 2119 4989 extremi—

466 5027 620 5078 tates
647 5029 788 5078 sunt
807 5024 960 5080 inter
972 5041 1032 5079 se
1048 5023 1634 5095 aquales,Quoniam
1651 5029 1851 5078 autem
1866 5023 2118 5095 sphara

472 5115 876 5167 extremitates
933 5112 1179 5168 eosdem
1225 5111 1479 5168 circulos
1537 5113 1800 5183 capiunt,
1857 5128 2118 5185 quorum

470 5199 814 5269 singillatim
843 5205 1042 5272 partes
1061 5201 1212 5257 inter
1225 5217 1285 5256 se
1301 5200 1734 5272 suntaquales,
1750 5215 1956 5256 eorum
1973 5217 2119 5272 quo-

468 5302 588 5359 que
614 5303 824 5343 omnes
855 5288 1030 5344 simul
1051 5296 1252 5360 partes
1284 5289 1734 5361 eruutaquales
1762 5296 1818 5343 et
1839 5289 2119 5361 qualibet

468 5376 651 5447 hujus
703 5375 989 5432 diameter
1045 5378 1157 5432 illis
1212 5384 1416 5433 ceutro
1470 5375 1904 5432 tcrminabitur.
1965 5379 2118 5443 Quin

473 5466 654 5522 etiam
685 5464 734 5519 si
760 5466 987 5536 sphara
1000 5482 1058 5521 ω
1072 5468 1420 5534 constituas,
1435 5470 1560 5520 erat
1577 5465 1824 5536 aqualis
1844 5465 2116 5536 sphaera,

471 5555 642 5626 cujns
659 5553 946 5610 diameter
975 5560 1064 5609 est
1087 5554 1356 5625 aqualis,
1383 5559 1440 5610 et
1470 5569 1654 5625 quam
1690 5552 1943 5621 ﬁguram
1985 5554 2116 5609 efﬁ-

470 5642 628 5704 cient
653 5649 829 5700 recta
854 5642 1109 5701 diametr
1137 5642 1349 5713 illnea,
1387 5657 1456 5697 ea
1480 5642 1612 5713 ipsa
1638 5641 1833 5710 ﬁgura
1881 5642 1990 5698 erit
2044 5660 2117 5699 ex

2231 3245 2501 3300 culorum
2527 3251 2693 3300 erant
2725 3243 3010 3317 aquales.
3039 3247 3185 3302 Nam
3216 3242 3581 3300 circulorum
3611 3244 3894 3300 diametri

2229 3335 2470 3391 fuerunt
2498 3334 2690 3402 TCK,
2725 3337 2766 3389 Η
2803 3341 2837 3386 Β
2869 3337 2911 3390 Κ
2941 3376 2958 3404 ,
2986 3334 3026 3388 L
3049 3342 3094 3390 Α
3125 3336 3188 3399 Il,
3221 3337 3261 3390 T
3292 3336 3334 3388 D
3359 3333 3421 3399 L,
3455 3348 3529 3389 ex
3560 3333 3797 3406 quibus
3830 3333 3896 3390 ﬁt

2231 3423 2597 3498 quadratum
2619 3424 2660 3477 ll
2695 3426 2742 3478 Κ
2774 3426 2811 3478 L
2834 3425 2896 3481 T.
2929 3427 3046 3480 Hoc
3072 3429 3273 3479 autem
3313 3421 3584 3479 efﬁciunt
3633 3423 3896 3494 sphara

2231 3510 2528 3578 diametri,
2552 3511 2719 3583 quod
2741 3511 3004 3583 oportuit
3022 3511 3455 3567 demonstrare.

2302 3601 2353 3654 4.
2383 3603 2502 3654 Hoc
2526 3605 2724 3655 autem
2757 3599 2923 3672 quod
2951 3599 3013 3654 in
3044 3599 3264 3655 circulo
3309 3598 3721 3669 ostendimus,
3766 3615 3890 3656 non

2231 3689 2389 3748 cadit
2413 3689 2473 3743 in
2505 3704 2750 3744 omnem
2770 3687 2987 3743 lineam
3011 3688 3311 3760 quadrati,
3336 3688 3895 3760 etomnequadrati

2233 3784 2633 3848 segmentum,
2652 3794 2787 3850 qua
2802 3793 2906 3849 per
2919 3779 3185 3834 medium
3199 3782 3256 3833 et
3266 3782 3539 3832 centrum
3553 3776 3894 3834 ducuntur.

2229 3869 2422 3940 Atque
2447 3867 2561 3922 hoc
2592 3866 2751 3922 idem
2768 3866 2925 3922 valet
2953 3867 3032 3922 ad
3058 3865 3464 3937 probandum,
3489 3880 3616 3920 non
3639 3881 3894 3923 omnem

2228 3955 2503 4029 quadrati
2523 3955 2881 4010 diametrum
2897 3961 3283 4028 percentrum
3296 3961 3349 4009 et
3362 3954 3627 4010 medium
3643 3954 3896 4012 ductam

2227 4045 2385 4101 idem
2416 4045 2782 4118 quadratum
2797 4044 3030 4100 efficere
3051 4060 3189 4100 cum
3203 4059 3272 4099 eo
3285 4044 3458 4114 cujus
3471 4048 3563 4098 est
3575 4044 3895 4111 diameter,

2225 4149 2422 4206 neque
2447 4132 3357 4204 omnemquadratidlametrum
3373 4132 3632 4189 alterum
3656 4133 3896 4191 efﬁcere

2226 4222 2592 4295 quadratum
2623 4221 2851 4294 aequale
2873 4222 2924 4276 ei
2955 4221 3126 4292 cujus
3149 4227 3234 4277 est
3280 4221 3597 4278 diameter.
3650 4224 3898 4297 Oportet

2355 4374 3732 5417 ἒ

2221 5555 2399 5624 igitur
2419 5551 2732 5610 ostendere
2751 5550 3078 5623 inaquales
3091 5566 3219 5606 esse
3233 5550 3517 5623 quadrati
3541 5552 3884 5610 diametros:

2219 5661 2348 5701 esse
2373 5659 2616 5718 quoque
2639 5641 2966 5715 inaquales
3000 5641 3243 5712 ﬁguras,
3265 5655 3402 5713 qua
3434 5656 3508 5696 ex
3543 5642 3645 5699 his
3705 5639 3880 5698 conti-
