4064 6308
133 418 254 474 1373

1012 417 1362 474 ΤΗΕΟΒΟΒΙ
1388 415 1437 470 II
1466 414 1611 473 IMP.
1638 413 1730 470 DE
1756 413 2216 470 COMMUNIONE
2241 414 2617 470 NATURALI.

3381 414 3518 470 1374

150 562 260 616 τρος
290 546 577 600 συνέστησε
605 543 663 593 τὸ
711 548 748 593 Β
775 546 818 593 1(
851 547 896 594 Λ
943 547 981 593 Γ
1029 542 1366 616 τετράγωνον,
1426 538 1486 590 οὗ
1537 537 1734 611 πλευρά
1787 555 1836 606 Α
1892 541 2098 610 κέντρον
2147 541 2204 589 τὸ
2243 546 2292 593 Χ
2339 542 2501 599 οὕτως
2527 543 2618 590 καὶ
2677 544 2769 590 τοῦ
2815 544 2862 590 Ν
2897 543 2946 589 Ω
2991 542 3030 588 Γ
3073 537 3114 590 Ξ
3167 541 3489 610 τετραγώνου

149 636 352 702 γέγονεν.
385 630 540 703 Ἔχει
567 627 626 683 δι
657 633 716 682 τό
747 633 858 702 μὲν,
893 637 931 683 Α
993 637 1028 682 Β
1074 637 1110 681 Γ
1158 637 1192 680 Δ
1238 625 1335 681 δύο
1387 632 1616 699 τρίγωνα
1670 628 1734 678 τά

151 726 184 771 Δ
213 725 302 771 ΒΓ
343 721 402 772 τό
448 717 508 772 δὲ
562 726 600 771 Β
641 726 682 772 Κ
728 724 771 771 Λ
804 724 842 770 Γ
883 739 895 752 ο
931 723 1165 790 τέσσαρα
1218 715 1311 770 ἶσα
1351 724 1459 778 τοῖς
1500 712 1628 768 δυσὶ
1673 718 1732 768 τὸ

150 813 853 862 ΔΒΚΔΛΚΔΓΛΔΓ
891 815 946 873 Β,
994 804 1144 860 οὔδε
1207 809 1272 859 τά
1321 801 1577 878 τεταρδύο
1624 810 1734 866 τοῖς

148 916 271 959 τινος
303 893 460 949 δυσὶν
515 899 764 969 ἡμίσεσιν
817 894 928 962 ἶσοι,
980 899 1039 948 τό
1097 895 1210 948 ὅλον
1268 892 1546 947 διπλάσιόν
1595 893 1732 946 ἐστιν

150 987 318 1055 αὐτοῦ,
361 993 452 1038 τοῦ
501 991 540 1037 Α
597 993 634 1038 Β
662 992 699 1037 Γ
754 993 788 1038 Δ
844 1005 858 1018 ο
887 985 991 1058 ἄρα
1018 989 1075 1036 τό
1136 992 1172 1037 Β
1228 991 1271 1038 Κ
1313 990 1356 1037 Λ
1396 989 1434 1036 Γ
1479 983 1734 1056 τετράγως

147 1093 224 1125 νον
272 1068 547 1128 διπλάσιόν
587 1073 746 1127 ἐστιν.
805 1073 862 1126 Ἡ
929 1075 1034 1145 ἄρα
1092 1079 1185 1125 τοῦ
1264 1077 1588 1145 τετραγώνου
1632 1078 1731 1121 τῶν

146 1170 329 1234 γωνιῶν
390 1159 666 1237 διάμετρος
741 1159 1020 1216 διπλάσιον
1080 1161 1240 1214 αὐτοῦ
1285 1165 1596 1218 συνίστησιν
1655 1156 1734 1211 ἀεὶ

144 1253 467 1325 τετράγωνον,
557 1253 680 1326 ὅπερ
743 1248 852 1304 ἔδει
938 1247 1126 1314 δεῖξαι.
1221 1251 1472 1304 Δεικνύειν
1535 1245 1593 1300 δὲ
1651 1243 1735 1299 δεῖ

146 1337 546 1412 ὁμολογουμένως
619 1342 687 1392 τὰ
770 1337 1179 1411 ἀποδειχθέντα.
1265 1343 1351 1390 Δεῖ
1398 1344 1521 1411 γοῦν
1562 1333 1733 1399 δεῖξαι

145 1428 223 1481 ὃτι
247 1433 332 1480 καὶ
369 1430 400 1487 ἡ
459 1436 504 1482 Ν
548 1436 596 1481 Ω
648 1425 928 1503 διάμετρος
983 1437 1082 1481 τῶν
1140 1427 1346 1481 εὐθειῶν
1392 1433 1486 1478 τοῦ
1529 1431 1566 1478 Α
1613 1431 1651 1477 Β
1696 1430 1732 1475 Δ

145 1523 473 1592 τετραγώνου,
535 1522 858 1593 τετραγώνου
911 1537 965 1571 τε
1023 1518 1172 1570 θεῖσα
1222 1516 1420 1591 πλευρὰ
1469 1513 1582 1567 ἶσον
1642 1517 1732 1565 καὶ

144 1607 287 1659 πάλιν
321 1606 446 1658 αὐτό
498 1613 636 1660 ποιεῖ
665 1605 819 1681 οὗπέρ
869 1604 982 1658 ἔστι
1022 1602 1319 1679 διάμετρος.
1367 1607 1512 1658 Ἐπεὶ
1561 1605 1731 1654 τοίνυν

146 1699 292 1768 μέσον
320 1703 418 1747 τῶν
472 1695 547 1768 ἔφ’
581 1695 818 1769 ἑκάτερον
867 1693 1114 1766 ἀνάλογόν
1146 1693 1258 1746 ἐστι
1303 1697 1362 1746 τὸ
1415 1699 1463 1746 Ν
1499 1699 1589 1752 τῆς
1624 1697 1662 1743 Β
1691 1696 1731 1744 Α

148 1784 376 1858 πλευρᾶς,
431 1791 524 1837 τοῦ
574 1790 611 1837 Δ
643 1791 682 1838 Β
711 1790 813 1836 ΓΔ
865 1803 1208 1858 τετραγώνου,
1275 1785 1389 1836 ἔστι
1441 1778 1500 1835 δε
1551 1784 1640 1832 καὶ
1697 1781 1728 1837 ἠ

145 1879 192 1927 Ν
218 1876 361 1932 Σῖση
413 1880 478 1946 τῇ
533 1880 572 1926 Α
612 1880 669 1943 Β,
701 1875 771 1935 ὡς
800 1869 1119 1944 ἀπεδείχθη,
1149 1877 1239 1925 καὶ
1279 1874 1310 1930 ἦ
1349 1878 1390 1926 Α
1439 1874 1572 1943 μέση
1610 1867 1732 1921 ἆνάο
1787 1907 1827 1960 Β

142 1963 282 2034 λογός
306 1961 534 2024 έστιτῆς
563 1969 598 2015 Σ
624 1968 690 2017 Ν.
743 1962 876 2016 Ἐπεὶ
911 1958 972 2015 δε
1017 1969 1114 2024 τῆς
1142 1969 1188 2015 Ν
1232 1957 1515 2034 διαμέτρου
1571 1961 1733 2030 πέρας

140 2051 250 2104 έστὶ
285 2054 342 2103 τὸ
371 2058 420 2103 Ω
444 2057 538 2103 τοῦ
573 2057 614 2105 Α
646 2058 682 2104 Β
708 2057 748 2103 Γ
774 2057 810 2102 Δ
848 2055 1193 2125 τετραγώνου,
1236 2052 1351 2102 ἔστι
1417 2045 1477 2102 δὲ
1530 2051 1732 2120 πέρατα

137 2147 230 2202 τῆς
261 2147 298 2194 Α
330 2145 366 2192 Β
411 2139 634 2213 πλευρᾶς
683 2141 716 2197 ἡ
773 2145 811 2192 Γ
876 2147 930 2210 Δ,
990 2145 1082 2192 καὶ
1135 2142 1167 2198 ἡ
1212 2146 1261 2192 Ω
1479 2135 1727 2206 ἀνάλογος

137 2227 243 2281 ἔστι
268 2236 328 2300 τῇ
370 2235 405 2281 Δ
446 2234 502 2284 Γ.
543 2233 644 2282 Καὶ
674 2227 780 2282 ἐπεὶ
846 2225 906 2281 δὲ
951 2229 983 2287 ἡ
1028 2234 1068 2281 Δ
1096 2233 1256 2300 γωνία
1287 2230 1421 2300 μέση
1481 2224 1729 2296 ἀνάλογὸς

137 2317 327 2390 έστιτῇ
378 2325 425 2371 Ν
453 2325 486 2370 Σ
515 2317 730 2391 πλευρᾷ,
787 2322 878 2371 καὶ
911 2319 942 2376 ἠ
999 2322 1228 2389 Γγωνία
1285 2320 1420 2389 μέση
1482 2314 1728 2386 ἀνάλογος

136 2407 247 2460 ἔστι
274 2416 335 2482 τῇ
366 2413 413 2460 Ω
441 2414 478 2460 Ρ
515 2410 711 2482 πλευρᾷ
755 2429 769 2442 '
799 2415 913 2470 τοῖς
935 2410 1034 2482 γὰρ
1063 2411 1198 2468 ἴσοις
1237 2403 1329 2458 ἶσα
1355 2406 1724 2479 προστεθέντα,

135 2498 298 2549 πάντα
335 2493 426 2548 ἷσά
464 2495 601 2548 ἔστιν
641 2517 656 2531 ·
690 2496 798 2550 ἐπεὶ
855 2494 915 2550 δε
963 2505 1024 2568 τῇ
1079 2503 1126 2550 Ν
1171 2503 1218 2548 Ω
1269 2491 1534 2567 διαμέτρῳ
1589 2497 1723 2564 μέση

138 2585 380 2657 ἀνάλογος
405 2584 547 2639 έστιν
583 2587 616 2643 ἠ
648 2593 697 2640 Χ
726 2588 795 2648 ὣς
818 2593 912 2638 τοῦ
961 2593 1003 2640 Α
1048 2593 1084 2638 Β
1108 2591 1146 2639 Γ
1192 2592 1229 2638 Δ
1275 2589 1508 2658 κέντρου,
1555 2584 1726 2654 ὑπάρ-

137 2693 225 2746 χει
255 2670 312 2727 δὲ
333 2677 361 2732 ἡ
389 2681 436 2727 Ν
464 2682 511 2726 Ω
538 2683 601 2748 τῇ
634 2676 683 2728 Α
712 2681 749 2727 Β
775 2677 890 2739 ἴση,
923 2674 1052 2727 ἀλλὰ
1083 2671 1150 2733 δὴ
1206 2673 1295 2726 καὶ
1323 2681 1386 2745 τῇ
1420 2679 1456 2725 Δ
1486 2679 1524 2724 Γ
1571 2670 1728 2742 ἀναγ-

137 2768 293 2816 καίως
335 2769 426 2815 καὶ
453 2767 510 2816 τὸ
551 2771 596 2816 Θ
625 2768 816 2838 κέντρῳ
846 2766 960 2817 ἐστι
986 2771 1078 2816 τοῦ
1110 2771 1154 2817 Ν
1181 2771 1228 2816 Ω
1257 2770 1294 2815 Γ
1324 2771 1356 2814 Σ
1384 2768 1725 2836 τετραγώνου,

137 2848 313 2910 ἐπειδὴ
344 2855 402 2904 τὸ
435 2859 473 2904 Α
535 2856 668 2924 μέση
725 2852 971 2922 ἀνάλογος
999 2856 1112 2906 ἐστι
1145 2861 1206 2925 τῇ
1259 2859 1302 2905 Ν
1337 2859 1368 2903 Σ
1398 2851 1614 2922 πλευρᾷ.
1643 2848 1727 2908 Ὠς

132 2943 232 3014 γὰρ
262 2949 353 2993 τοῦ
406 2947 444 2993 Α
480 2947 516 2993 Β
544 2947 581 2993 Γ
610 2950 646 2994 Δ
674 2947 996 3015 τετραγώνου
1027 2944 1058 3000 ἡ
1099 2949 1145 2994 Ν
1191 2948 1264 3004 Ως
1331 2937 1630 3014 διάμετρος,
1662 2938 1694 2995 ἧ
1706 2959 1728 2999 ς

1896 623 2170 700 διάμετρος
2200 628 2258 687 ἧς
2297 626 2412 679 ἐστι
2448 631 2654 701 κέντρον
2682 630 2741 678 τὸ
2773 634 2840 680 θ.
2872 626 2962 687 Ὠς
3002 627 3103 699 γὰρ
3130 626 3160 683 ἡ
3216 631 3268 679 Μ
3329 633 3375 679 Θ

1893 716 2688 788 ΩΝἴση,οὗτωκαὶήΧΨτῇ
2726 717 3490 787 ΑΓ·καὶὼςὴΑΓτῇΝΣ

1891 809 2008 873 ἴση,
2041 805 2204 867 οὕτως
2229 810 2318 858 καὶ
2342 807 2374 864 ἠ
2401 813 2449 858 Ω
2478 812 2516 858 Φ
2546 813 2608 878 τῇ
2639 813 2672 858 Σ
2705 812 2739 857 Ρ
2760 809 2849 857 καὶ
2877 807 2906 862 ἡ
2939 812 2987 858 Χ
3015 810 3060 858 Ψ
3079 801 3183 878 ἆρα
3207 806 3398 875 ὁμοίως
3422 812 3486 877 τῇ

1895 900 1940 946 Θ
1969 901 2042 948 Μ.
2074 894 2216 947 Ἐπεὶ
2248 896 2346 968 γὰρ
2379 897 2409 952 ἡ
2453 901 2492 948 Α
2545 901 2582 946 Β
2612 897 2700 951 ἴση
2733 892 2846 946 έστὶ
2882 901 2944 964 τῇ
2991 899 3038 945 Ν
3063 899 3095 946 Σ
3126 891 3253 945 ἀλλὰ
3279 897 3369 945 καὶ

1894 990 1931 1035 Β
1957 989 2012 1051 Δ,
2041 988 2131 1036 καὶ
2161 986 2191 1042 ἡ
2218 990 2253 1036 Β
2280 987 2430 1042 Δῖση
2460 983 2573 1036 ἐστὶ
2604 993 2666 1056 τῇ
2696 990 2730 1036 Δ
2757 989 2814 1049 Γ,
2844 987 2934 1034 καὶ
2960 984 2990 1040 ἡ
3021 989 3055 1034 Δ
3094 987 3133 1033 Γ
3159 984 3251 1040 ἴση
3280 980 3391 1034 ἐστὶ
3423 990 3485 1054 τῇ

1894 1078 1932 1124 Γ
1957 1076 2023 1139 Α,
2049 1077 2136 1124 καὶ
2160 1075 2189 1132 ἠ
2217 1077 2425 1131 ΓΛῖση
2449 1072 2560 1125 ἐστὶ
2580 1081 2643 1145 τῇ
2675 1079 2713 1126 Α
2740 1079 2797 1138 Β,
2825 1091 2916 1122 και
2945 1071 3163 1131 εὶτῆςΑ
3193 1073 3491 1131 Βῖσηςπά-

1894 1181 2011 1223 σαις
2035 1161 2174 1215 ἐστίν
2199 1165 2228 1220 ἡ
2258 1170 2340 1216 ΝΣ
2364 1166 2457 1221 ἴση
2483 1165 2677 1223 πάσαις
2702 1161 2814 1216 ἐστί
2838 1168 2952 1222 ταῖς
2972 1162 3116 1221 ἴσαις
3144 1159 3299 1232 αὐτῇ.
3329 1159 3490 1212 Πάλιν

1893 1250 2073 1311 ἐπειδὴ
2109 1253 2139 1310 ἡ
2173 1259 2220 1306 Ν
2249 1261 2282 1306 Σ
2332 1255 2424 1309 ἴση
2458 1251 2572 1304 έστί
2607 1259 2670 1324 τῇ
2734 1257 2778 1308 Α
2828 1255 2866 1302 Β
2891 1247 3020 1300 ἀλλὰ
3048 1268 3138 1300 και
3166 1249 3197 1305 ἠ
3230 1255 3264 1300 Σ
3320 1255 3358 1302 Φ
3395 1251 3505 1323 ἴση.

2275 1371 3146 2010 ῑ

1891 2064 2105 2133 intra
2170 2068 2300 2128 ΡΩ,
2351 2065 2570 2121 καιήΡ
2632 2064 2800 2120 Ωἴση
2858 2061 3156 2133 έστίτῇΩ
3203 2064 3269 2127 Ν,
3309 2074 3402 2107 και
3453 2053 3484 2110 ἡ

1890 2155 1936 2201 Ν
1964 2157 2012 2201 Ω
2047 2152 2138 2208 ἴση
2171 2149 2370 2225 ἐστίτῇ
2402 2159 2449 2205 Ν
2492 2159 2526 2205 Σ
2555 2154 2598 2204 εἰ
2637 2159 2729 2212 τῆς
2773 2157 2820 2204 Ν
2875 2157 2908 2204 Σ
2961 2152 3054 2207 ἴση
3103 2147 3220 2201 ἔστί
3269 2147 3485 2210 πάσαις,

1889 2239 1920 2296 ἡ
1977 2243 2015 2290 Α
2067 2241 2224 2298 Βῖση
2257 2239 2370 2293 έστί
2425 2247 2542 2302 ταῖς
2586 2243 2733 2302 ἴσαις
2785 2239 2938 2311 αὐτῇ.
2984 2241 3086 2292 Καί
3143 2236 3252 2290 imi
3292 2235 3347 2286 αἱ
3392 2237 3485 2284 τοῦ

1889 2332 1926 2379 Δ
1964 2334 2000 2380 Β
2042 2333 2080 2380 Γ
2109 2335 2144 2380 Δ
2207 2335 2530 2402 τετραγώνου
2587 2327 2804 2402 πλευραί
2858 2323 2970 2380 ἶσαί
3054 2325 3157 2379 εἰσι
3229 2329 3346 2384 ταῖς
3392 2327 3485 2374 τοῦ

1887 2423 1930 2470 Ν
1960 2424 1992 2469 Σ
2021 2424 2145 2488 ΡΩ,
2180 2437 2272 2469 και
2324 2425 2488 2470 ταῦτα
2543 2414 2632 2470 {ad
2697 2415 2829 2473 ἐστι.
2873 2417 2952 2469 Τὰ
3000 2416 3102 2488 γὰρ
3144 2409 3236 2466 ἶσα
3279 2412 3488 2464 τεθέντα

1886 2508 2040 2569 ἴσοις.
2077 2509 2242 2559 πάντα
2267 2503 2361 2559 ἶσᾶ
2395 2505 2529 2572 ἐστι,
2583 2525 2674 2558 και
2703 2504 2770 2556 ὦν
2811 2501 2904 2556 ἶσα
2929 2507 2996 2557 τὰ
3019 2507 3149 2578 μέρη
3201 2520 3292 2554 και.
3319 2504 3488 2552 ταῦτα

1888 2593 1980 2648 ἷσά
2010 2594 2144 2664 ἐστι,
2173 2615 2264 2648 και
2315 2598 2371 2648 αἱ
2423 2593 2700 2669 διάμετροι
2743 2594 2908 2647 αὐτῶν
2948 2590 3063 2646 ἶσαί
3117 2591 3221 2646 εἰσι
3276 2609 3366 2644 και
3420 2590 3488 2642 τὰ

1886 2689 2070 2758 κέντρα
2106 2685 2274 2737 αὐτῶν
2297 2689 2448 2746 ἴσους
2477 2687 2668 2756 ἔχουσι
2715 2687 2926 2745 τόπους,
2979 2702 3066 2734 και
3103 2683 3162 2733 τὸ
3193 2687 3242 2734 Χ
3295 2680 3399 2750 ἄρα
3439 2685 3484 2730 Θ

1889 2774 1956 2834 εἰς
2029 2775 2081 2825 ὃν
2119 2775 2224 2828 εἰσι
2281 2779 2487 2847 κέντρα,
2536 2794 2628 2825 και
2680 2780 2848 2826 ταῦτα
2905 2771 2997 2825 ἶσά
3052 2770 3212 2825 ἐστιν.
3266 2776 3326 2822 Ἡ
3381 2771 3485 2839 ἄρα

1885 2869 1976 2914 τοῦ
2029 2867 2349 2937 τετραγώνου
2406 2859 2686 2936 διάμετρος
2739 2865 2770 2920 ἡ
2824 2861 2880 2913 ἐκ
2927 2869 3018 2921 τῆς
3068 2859 3307 2934 πλευρᾶς,
3370 2855 3484 2909 ἴσον

1885 2959 1958 3012 τῷ
1989 2951 2048 3003 οὗ
2110 2949 2170 3010 ἧν
2235 2957 2575 3024 τετραγώνου,
2634 2952 2756 3026 ὅπερ
2818 2947 2926 3004 ἔδει
2965 2947 3132 3012 δεῖξαι
3177 2969 3190 2982 ο
3244 2967 3334 3000 και
3371 2947 3480 2998 ἐπεί

104 3163 357 3225 ciuntur,
382 3163 505 3218 sive
523 3162 640 3218 sint
668 3161 892 3229 circuli,
923 3163 1045 3218 sive
1063 3161 1380 3234 quadrata.
1411 3164 1543 3216 Esto
1574 3163 1620 3213 Α
1652 3161 1688 3212 Β
1710 3159 1749 3213 C
1787 3161 1826 3216 C
1859 3155 1962 3210 dia
1981 3153 2447 3226 proportionalis
2476 3151 2751 3209 diametri
2777 3153 2821 3208 N
2853 3152 2918 3209 0.
2945 3155 3001 3206 et
3029 3154 3117 3207 est
3158 3149 3359 3205 media
3411 3147 3512 3204 illa

105 3255 147 3307 D
174 3252 556 3324 quadratum,
591 3267 776 3323 supra
795 3255 1103 3307 ostensum
1134 3257 1221 3306 est
1248 3254 1284 3306 Β
1312 3252 1352 3306 C
1389 3251 1749 3304 diametrum

102 3340 477 3395 constituisse
506 3342 544 3394 Β
574 3341 624 3393 Κ
650 3343 686 3394 L
726 3341 765 3395 C
788 3339 1170 3412 quadratum,
1221 3341 1394 3409 cujus
1436 3338 1590 3394 latus
1619 3336 1752 3407 ipsa

100 3429 390 3484 diameter
400 3428 610 3484 eﬂecta
623 3434 732 3492 est,
750 3428 941 3484 Habet
954 3435 1152 3484 autem
1181 3427 1546 3501 quadratum
1564 3424 1749 3479 ABCD

100 3516 222 3570 duo
238 3517 556 3588 triangula,
576 3533 793 3589 nempe
820 3519 860 3570 D
889 3521 927 3572 Β
949 3520 988 3574 C
1004 3522 1059 3573 et
1076 3519 1123 3572 A
1146 3521 1184 3573 Β
1206 3519 1263 3572 C.
1288 3522 1360 3573 At
1385 3516 1748 3589 quadratum

100 3605 141 3658 Β
171 3606 214 3659 Κ
250 3608 286 3660 L
325 3607 364 3658 (ἶ
396 3605 578 3661 habet
605 3611 864 3678 quatuor
892 3606 1191 3677 triangula
1221 3605 1498 3678 aequalia.
1531 3617 1751 3674 nempe

94 3695 140 3748 Ι)
167 3696 204 3747 Β
233 3693 306 3760 Κ,
339 3693 384 3746 D
410 3695 446 3748 L
475 3696 541 3763 K,
595 3697 636 3750 Β
687 3697 726 3751 C
777 3697 835 3763 L,
859 3694 905 3748 D
945 3697 987 3752 C
1020 3698 1076 3750 Β.
1123 3697 1388 3760 Quorum
1444 3693 1566 3748 duo
1611 3695 1751 3746 sunt

91 3780 356 3854 aqualia
375 3781 614 3837 duobus
644 3781 758 3838 illis
776 3797 914 3855 qua
935 3781 1077 3838 illud
1096 3783 1368 3854 superius
1385 3781 1749 3853 quadratum

88 3870 482 3927 constituunt.
511 3871 690 3941 Cujus
716 3887 860 3926 vero
880 3877 1140 3943 quatuor
1166 3876 1364 3943 partes
1385 3875 1523 3926 sunt
1548 3875 1746 3936 tanta,

86 3959 383 4015 utharum
406 3959 541 4014 dua
553 3960 795 4016 duabus
806 3961 1069 4016 dimidiis
1081 3960 1354 4032 partibus
1367 3959 1620 4029 alicujus
1632 3958 1750 4014 sint

84 4049 381 4120 aquales,
398 4053 555 4104 certe
569 4052 759 4104 totum
777 4049 924 4105 illud
944 4054 1038 4104 est
1057 4049 1309 4120 duplum
1333 4048 1532 4120 hujus.
1555 4049 1748 4113 Quare

83 4136 460 4207 quadratum
484 4139 522 4192 Β
552 4139 598 4193 Κ
629 4139 664 4192 Ι.
694 4139 737 4190 C
764 4137 1128 4210 estduplum
1167 4137 1445 4210 quadrati
1475 4143 1522 4194 Α
1543 4138 1584 4190 Β
1615 4139 1654 4193 C
1677 4137 1745 4192 D.

82 4227 394 4282 Diameter
439 4240 580 4296 ergo
638 4226 992 4297 angulorum
1035 4226 1311 4299 quadrati
1359 4226 1612 4298 duplum
1657 4226 1746 4297 ip-

77 4315 212 4369 sius
237 4313 521 4385 quadrati
549 4315 853 4370 constituit
879 4315 1260 4387 quadratum,
1288 4316 1452 4387 quod
1483 4315 1746 4386 oportuit

76 4403 528 4459 demonstrare.
543 4404 782 4475 Oportet
803 4409 1002 4460 autem
1018 4405 1129 4460 hoc
1143 4406 1338 4476 ipsum
1352 4420 1425 4460 ex
1453 4403 1742 4459 confessis

73 4490 463 4562 apertissime
486 4491 812 4549 declarare.
867 4493 1409 4548 Demonstrandum
1439 4496 1528 4548 est
1565 4492 1744 4560 igitur
1773 4512 1815 4564 ι)

68 4580 251 4652 quod
278 4581 572 4636 diameter
597 4586 897 4636 rectarum
925 4580 1220 4637 linearum
1251 4584 1293 4637 N
1348 4582 1412 4649 0,
1462 4581 1742 4652 quadrati

66 4675 117 4725 Α
155 4671 196 4723 Β
221 4671 265 4724 C
294 4671 361 4734 D,
394 4668 443 4723 si
471 4668 748 4726 ﬁatlatus
776 4669 1139 4742 quadratum
1155 4669 1387 4742 aquale
1417 4670 1742 4726 constituat

65 4758 124 4815 ei
158 4755 495 4829 quadrato,
519 4760 692 4830 cujus
721 4763 807 4814 est
834 4757 1144 4814 diameter.
1195 4758 1492 4824 Quoniam
1537 4763 1736 4815 autem

62 4851 111 4905 N
149 4853 246 4902 est
265 4845 537 4902 medium
559 4847 838 4919 utrinque
865 4847 1309 4918 proportionale
1326 4847 1525 4903 lateris
1546 4857 1589 4903 Α
1614 4848 1654 4900 Β
1679 4849 1738 4906 in

58 4936 384 5010 quadrato
414 4941 458 4990 Α
483 4938 522 4991 Β
541 4938 580 4993 C
614 4940 676 4992 Ι).
702 4938 798 4993 Est
814 4941 1014 4993 autem
1037 4939 1078 4993 N
1104 4938 1148 5002 Ο
1171 4936 1604 5010 aqualislinea
1629 4941 1736 5003 AB,

56 5031 133 5082 ut
150 5025 330 5097 prius
351 5025 828 5082 demonstratum
848 5029 959 5093 est,
976 5041 1122 5081 sane
1139 5029 1184 5080 A
1201 5026 1467 5082 medium
1485 5026 1738 5082 alterum

54 5111 534 5186 proportionale
583 5115 692 5169 erit
772 5113 945 5168 linea
986 5115 1030 5178 0
1077 5116 1144 5169 N.
1199 5115 1497 5180 Quoniam
1537 5121 1734 5171 autem

52 5203 360 5259 diametri
390 5205 434 5259 N
462 5202 814 5275 quadratiA
854 5203 896 5256 Β
947 5203 986 5257 C
1025 5205 1088 5268 D,
1144 5203 1432 5258 terminus
1482 5209 1569 5259 est
1621 5206 1664 5261 0
1721 5223 1734 5260 :

51 5296 214 5350 sunt
235 5296 446 5348 autem
469 5294 509 5347 C
539 5293 582 5344 D
604 5291 838 5348 termini
877 5291 1078 5347 lateris
1121 5299 1168 5347 A
1200 5294 1258 5361 Β,
1308 5291 1417 5348 erit
1463 5295 1506 5349 0
1540 5293 1734 5348 simili-

47 5387 148 5438 ter
172 5381 458 5438 medium
481 5379 928 5454 proportionale
950 5379 1148 5436 lateris
1181 5384 1220 5436 Ι)
1243 5381 1306 5437 C.
1343 5384 1407 5436 Et
1445 5382 1736 5453 quoniam

45 5469 341 5541 angulus
391 5469 628 5526 medius
709 5475 756 5525 A
822 5472 913 5525 est
983 5469 1486 5541 proportionnalis
1535 5471 1737 5527 lateris

41 5564 91 5618 N
130 5561 206 5629 Ο,
253 5559 522 5630 angulus
578 5575 822 5631 quoque
876 5559 916 5613 C
969 5558 1077 5613 erit
1123 5559 1359 5614 medius
1405 5561 1737 5631 proportio-

37 5650 210 5708 nalis
234 5649 414 5706 lateri
436 5651 480 5706 0
499 5650 556 5704 8.
584 5647 935 5720 Εᾳυᾶιὶδυε
957 5646 1116 5702 enim
1139 5647 1398 5719 aequalia
1426 5646 1474 5700 si
1503 5648 1736 5706 addan-

35 5747 143 5802 tur
164 5740 394 5798 omnia
419 5741 560 5794 sunt
585 5736 862 5817 aqualis.
897 5736 1195 5809 Quoniam
1225 5741 1428 5793 autem
1450 5736 1489 5788 P
1505 5739 1594 5793 est
1613 5753 1736 5794 me-

1859 3242 2200 3316 qnadratiA
2229 3243 2708 3297 BCDcentrum.
2751 3243 2849 3296 Est
2906 3244 3105 3296 autem
3165 3241 3210 3294 N
3253 3240 3296 3294 0
3354 3237 3511 3293 linea

1858 3331 2107 3405 aqualis
2129 3330 2298 3386 linea
2321 3335 2363 3384 A
2394 3333 2451 3394 Β,
2475 3334 2531 3385 et
2561 3333 2849 3401 praterea
2876 3328 3047 3384 linea
3081 3330 3124 3382 Ι)
3157 3329 3215 3393 C,
3241 3342 3508 3383 necessa-

2255 3449 3104 4014 κ

1852 4140 1943 4194 rio
1962 4143 2004 4195 T
2027 4144 2293 4195 centrum
2318 4140 2427 4194 erit
2453 4138 2732 4211 quadrati
2756 4138 2798 4191 N
2822 4137 2866 4192 0
2907 4136 2943 4191 S
2992 4135 3060 4200 Ο.
3106 4135 3174 4189 Ut
3203 4130 3363 4186 enim
3391 4131 3432 4185 N
3457 4129 3502 4184 0

1853 4233 1942 4283 est
1971 4228 2262 4283 diameter
2282 4226 2558 4298 quadrati
2590 4232 2636 4280 Α
2666 4227 2705 4280 Β
2736 4227 2776 4280 C
2796 4227 2858 4290 Β,
2894 4223 3067 4293 cujus
3111 4225 3382 4278 centrum
3415 4224 3506 4274 est

1852 4319 1892 4371 P
1920 4334 1932 4370 :
1958 4318 2038 4372 ita
2061 4318 2366 4389 quoqueA
2395 4318 2435 4371 C
2467 4321 2554 4371 est
2591 4315 2876 4370 diameter
2925 4311 3199 4383 quadrati
3222 4313 3264 4367 N
3288 4310 3332 4366 0
3362 4310 3398 4365 S
3431 4309 3500 4378 Q,

1850 4407 2023 4478 cujus
2051 4413 2315 4461 centrum
2341 4411 2427 4462 est
2444 4408 2501 4460 T.
2535 4407 2601 4460 Ut
2629 4404 2788 4458 enim
2813 4406 2859 4460 Μ
2885 4406 2928 4458 Τ
2956 4402 3113 4458 linea
3144 4405 3232 4457 est
3253 4398 3503 4472 aqualis

1847 4495 2019 4550 linea
2049 4494 2174 4560 ΝΟ,
2192 4496 2273 4550 ita
2293 4510 2538 4567 quoque
2560 4494 2601 4548 P
2626 4496 2667 4549 Β
2685 4498 2775 4548 est
2791 4492 3041 4564 aqualis
3076 4490 3249 4546 linea
3277 4494 3326 4544 Α
3351 4491 3412 4545 C.
3437 4490 3504 4544 Et

1848 4591 1912 4639 ut
1931 4588 1976 4639 Α
2000 4584 2045 4636 Β
2074 4590 2166 4638 est
2193 4583 2440 4656 aqualis
2463 4583 2634 4638 linea
2656 4585 2699 4638 N
2723 4583 2768 4647 Ο
2793 4598 2807 4637 :
2841 4581 2925 4636 ita
2943 4595 3185 4652 quoque
3229 4579 3388 4635 linea
3415 4579 3501 4634 OS

1846 4678 1934 4729 est
1953 4672 2201 4745 aqualis
2221 4673 2455 4738 lineaQ
2495 4674 2551 4728 8.
2596 4672 2774 4728 Linea
2821 4687 2964 4741 ergo
2987 4673 3025 4725 P
3063 4673 3217 4726 Rest
3252 4667 3503 4740 aqualis

1846 4762 2017 4818 linea
2046 4765 2088 4819 Τ
2119 4765 2190 4819 Μ.
2233 4765 2380 4817 Cum
2411 4762 2568 4817 enim
2603 4761 2764 4817 linea
2792 4763 2840 4815 A
2873 4765 2906 4816 Β
2950 4762 3024 4814 sit
3052 4757 3300 4831 aqualis
3327 4757 3500 4812 linea

1847 4855 1889 4908 N
1923 4854 1967 4916 Ο
2015 4858 2196 4924 atque
2237 4852 2414 4907 etiam
2452 4850 2622 4907 linea
2669 4851 2710 4905 Β
2762 4853 2826 4917 ι),
2869 4849 3027 4905 linea
3069 4862 3312 4919 quoque
3356 4847 3394 4900 Β
3456 4847 3499 4900 D

1847 4942 1954 4998 erit
1977 4941 2225 5014 aqualis
2253 4941 2424 4996 linea
2447 4944 2488 4996 Β
2513 4943 2574 5010 C,
2605 4946 2661 4996 et
2689 4940 2844 4995 linea
2873 4939 2918 4991 υ
2956 4941 2996 4993 C
3037 4935 3286 5007 aqualis
3328 4935 3499 4992 linea

1849 5031 1889 5086 C
1919 5037 1984 5099 A,
2013 5035 2071 5086 et
2097 5029 2254 5086 linea
2273 5029 2314 5083 C
2351 5033 2398 5082 A
2427 5028 2675 5100 aqualis
2691 5028 2861 5082 linea
2882 5032 2924 5080 Α
2951 5029 3007 5079 Β.
3063 5022 3234 5088 Quod
3275 5022 3322 5077 si
3343 5022 3500 5079 linea

1847 5119 1891 5172 N
1953 5121 1997 5184 Ο
2049 5118 2218 5174 linea
2283 5125 2328 5174 Α
2389 5118 2431 5169 Β
2484 5123 2571 5172 est
2618 5115 2889 5188 aqualis,
2945 5112 3192 5185 aqualis
3244 5116 3330 5167 est
3373 5128 3498 5168 om-

1845 5208 2025 5262 nibus
2047 5207 2183 5262 huic
2204 5205 2555 5278 aqualibus.
2583 5207 2808 5259 Rursus
2839 5202 3128 5274 quoniam
3183 5201 3341 5257 linea
3379 5204 3422 5257 N
3455 5203 3498 5258 G

1846 5302 1934 5352 est
1962 5295 2211 5368 aqualis
2241 5295 2408 5350 lineas
2458 5299 2502 5347 A
2551 5296 2588 5347 Β
2637 5307 2652 5358 ;
2698 5297 2988 5362 praterea
3035 5290 3195 5346 linea
3242 5291 3285 5356 Ο
3336 5291 3371 5346 8
3411 5295 3500 5346 est

1846 5385 2099 5457 aqualis
2123 5384 2293 5439 linea
2331 5385 2368 5437 S
2394 5383 2462 5451 0,
2485 5387 2541 5437 et
2571 5383 2606 5436 S
2639 5382 2683 5436 0
2730 5379 2978 5451 aqualis
3007 5385 3100 5436 est
3139 5379 3310 5436 linea
3362 5379 3405 5434 0
3451 5382 3494 5434 Ν

1846 5481 1902 5529 et
1925 5474 2077 5530 linea
2103 5475 2146 5529 0
2171 5475 2211 5527 Ν
2240 5469 2490 5543 aqualis
2528 5475 2616 5524 est
2652 5468 2824 5524 linea
2867 5471 2910 5524 N
2939 5471 3020 5534 Q:
3063 5469 3107 5524 si
3154 5468 3311 5524 linea
3361 5473 3408 5522 A
3459 5471 3496 5522 Β

1845 5563 2094 5635 aqualis
2123 5569 2214 5617 est
2235 5562 2402 5616 lineae
2427 5562 2468 5614 N
2511 5560 2578 5626 Ο,
2606 5563 2668 5613 ut
2693 5562 2781 5613 est
2835 5558 3082 5630 aqualis
3137 5563 3224 5612 est
3252 5571 3498 5627 quoque

1843 5652 2128 5708 omnibus
2161 5655 2219 5705 et
2245 5647 2494 5721 aqualis
2516 5645 2799 5701 omnibus
2862 5647 2977 5719 ipsi
3033 5643 3385 5717 aqualibus.
3432 5645 3496 5697 Et

1842 5739 2132 5819 quoniam
2151 5735 2337 5793 latera
2355 5731 2632 5812 quadrati
2649 5737 2696 5792 Α
2719 5736 2756 5787 Β
2777 5735 2818 5790 C
2848 5733 2895 5793 D
2921 5738 3060 5790 sunt
3073 5727 3331 5810 aequalia
3353 5727 3493 5784 late.
