4064 6308
173 196 317 253 1377

203 323 296 374 τὸν
328 325 442 373 ΠΘ
471 312 818 392 προσελάϐετο
873 316 1059 371 κύκλὸν
1110 317 1158 372 ἒν
1211 319 1364 392 ἑαυτῇ
1424 316 1802 393 περιγράψασα

201 415 276 474 ὡς
295 411 478 462 τούτου
507 404 805 484 διάμετρος,
834 409 863 467 ἡ
890 405 948 462 δὲ
996 417 1043 463 Ν
1089 418 1136 463 Ω.
1182 407 1244 474 ἧς
1295 415 1384 464 καὶ
1430 409 1593 471 αὐτῆς
1643 413 1800 482 μέσον

199 503 262 554 τὸ
303 501 459 555 Χτὸν
488 505 528 552 Τ
558 504 610 552 Μ
643 515 655 527 '
687 497 794 551 ἐπεὶ
822 517 992 551 τοινυν
1039 501 1069 559 ἡ
1125 506 1162 554 Β
1201 506 1240 554 Γ
1291 496 1568 553 διπλάσιον
1615 499 1802 571 τετρά-

197 608 366 662 γωνον
391 594 548 658 ποιεῖ,
576 586 638 640 οὗ
668 585 777 640 ἐστι
799 583 1095 662 διάμετρος,
1145 592 1204 642 τὸ
1251 592 1352 663 γὰρ
1403 587 1504 641 ἀπὸ
1560 595 1656 650 τῆς
1708 593 1800 640 τοῦ

198 683 527 755 τετραγώνου
587 673 869 750 διαμέτρου
926 681 1254 754 καταγραφὴ
1320 679 1637 752 τετράγωνον
1721 673 1802 730 δι-

196 769 422 822 πλάσιον
436 767 570 836 ἐστὶ,
595 774 688 820 τοῦ
715 767 775 820 οὗ
796 767 908 821 ἐστι
926 765 1206 844 διάμετρος
1230 770 1259 828 ἡ
1283 777 1436 823 τοῦτο
1460 772 1626 828 συστή
1637 787 1798 839 σασα,

199 861 232 918 ἠ
294 854 354 913 δε
400 857 523 933 παρ’
573 858 716 931 ἡμῶν
763 855 1115 932 ὀνομαζομένη
1167 855 1442 934 διάμετρος
1497 858 1588 919 ’ὶση
1667 859 1802 913 οὖσα

1326 1099 1378 1152 θ

749 1286 789 1342 Π
1405 1307 1450 1359 θ

825 1528 926 1597 ’κ

195 1845 316 1893 οῦτε
340 1843 510 1893 πᾶσαι
538 1837 754 1913 πλευραὶ
792 1838 1022 1890 τεθεῖσαί
1087 1842 1200 1889 ἴσον
1239 1837 1405 1909 τούτῳ
1457 1843 1670 1890 ποιοῦσι
1716 1853 1798 1889 τε-

189 1931 481 2004 τράγωνον,
538 1927 655 1981 οὒτε
701 1933 872 1981 πᾶσαι
930 1931 1002 2000 μὴ
1062 1923 1194 1999 ἴσον,
1253 1926 1371 1979 οὔτε
1441 1932 1610 1980 πᾶσαι
1671 1928 1796 1978 ἴσων

190 2017 394 2070 κύκλων
440 2021 672 2092 ὑπάρχει
721 2014 1014 2092 διάμετροι·
1075 2019 1210 2069 κατὰ
1247 2019 1335 2068 τὸν
1387 2015 1542 2070 αὐτὸν
1601 2011 1660 2068 δὲ
1714 2013 1796 2068 )6-

187 2126 285 2180 γον
313 2104 437 2161 οὐδὲ
465 2115 688 2182 σφαῖραν
749 2113 919 2160 πᾶσαι
951 2105 1070 2165 ὶσην
1116 2109 1378 2178 ποίοῦσιν,
1432 2103 1564 2159 ἀλλὰ
1601 2107 1655 2158 αἰ
1704 2107 1795 2180 μὲν

189 2197 429 2270 μείζονα,
463 2193 603 2251 αἰδὲ
624 2196 888 2266 ἐλάττονα,
936 2192 1116 2254 ἐπειδὴ
1185 2200 1275 2248 καὶ
1329 2196 1360 2254 ἡ
1417 2202 1514 2260 τῆς
1571 2200 1797 2270 σφαίρας

189 2289 332 2340 κατὰ
385 2286 606 2348 κύκλους
663 2290 803 2340 ἐστὶν
860 2287 1147 2358 ἐπιφάνεια,
1181 2285 1212 2344 ἦ
1257 2303 1313 2337 τε
1354 2286 1525 2338 θεῖσαι
1568 2287 1624 2338 αἱ
1703 2292 1795 2338 τοῦ

189 2382 518 2450 τετραγώνου
577 2371 851 2451 διάμετροι
917 2374 1189 2436 ἐλάττονας
1253 2377 1341 2426 καὶ
1389 2374 1634 2447 μείζονας
1682 2393 1796 2427 ποι-

192 2471 391 2524 ήσουσι
420 2469 644 2542 σφαίρας
679 2467 746 2527 ὡς
776 2469 865 2517 καὶ
885 2463 1122 2533 κύκλους,
1157 2463 1290 2516 ὥστε
1318 2461 1424 2536 οὐχ
1470 2467 1540 2527 ὡς
1591 2463 1657 2525 εἰς
1709 2468 1795 2516 τόν

193 2553 384 2607 κύκλον
407 2559 496 2608 καὶ
524 2559 618 2613 τὴν
648 2560 872 2628 σφαῖραν
898 2556 956 2606 τό
987 2549 1122 2614 εἶδος
1162 2548 1464 2611 εἰδοποίησε
1510 2558 1604 2613 τὴν
1645 2549 1793 2624 ὓλην,

191 2642 359 2706 οὕτως
396 2647 486 2696 καὶ
513 2643 580 2705 εἰς
605 2642 750 2712 αὐτο,
789 2646 908 2696 οὔτε
945 2644 1018 2705 εἶς
1073 2644 1122 2696 ἕν
1182 2640 1367 2716 ἕτερον·
1431 2644 1496 2696 τά
1540 2645 1642 2716 γάρ
1700 2650 1794 2696 τοῦ

1078 193 1432 254 THEODORI
1459 194 1505 249 ll
1533 193 1667 251 1MP.
1702 191 1791 249 DE
1820 191 2272 250 COMMUNIONE
2303 194 2672 253 NATURALI.

3457 197 3592 254 l3'78

1963 315 2178 391 πλευρά,
2208 319 2321 373 ἴσον
2341 325 2429 374 καὶ
2458 321 2780 394 καταγράφει
2806 320 3120 396 τετράγωνον
3158 317 3218 374 οὗ
3273 321 3387 374 ἐστι
3445 318 3564 374 διά-

1962 425 2147 484 μετρος
2173 414 2232 462 τό
2263 407 2323 464 δὲ
2353 406 2631 465 διπλασιον
2651 418 2744 464 τοῦ
2770 412 3003 484 ἡμίσεως
3031 410 3224 483 μεῖξον,
3253 430 3343 464 και
3374 411 3429 474 ὃς
3455 413 3561 486 οῖρα

1961 497 2150 562 κύκλος
2175 500 2536 576 συμπεριλαϐῃ
2567 506 2662 561 τὴν
2682 501 2896 576 μείζονα
2923 497 2958 554 δ
2963 519 3202 577 ιαμετρον
3249 501 3318 564 εἰς
3370 501 3564 555 οἰκείαν

1963 584 2262 666 διαμετρον,
2294 590 2347 653 ἐξ
2374 589 2605 664 ἀναγκης
2633 591 2819 664 μείζων
2869 593 2983 644 ἐστί
3030 597 3122 644 τοῦ
3178 594 3272 651 τὴν
3321 590 3566 645 ἐλάττονα

1964 677 2436 752 σύμ-περιλαϐόντος
2477 680 2544 741 εὶς
2585 684 2778 734 οικείαν
2817 676 3097 755 διάμετρον
3129 695 3141 711 ·
3184 680 3211 732 ὁ
3271 677 3376 756 ἄρα
3423 687 3467 734 Π
3516 687 3563 734 Θ

1961 766 2164 839 κύκλος,
2192 768 2219 820 ὁ
2248 773 2403 828 τὴνΒ
2432 768 2684 838 Γλαϐὡν,
2727 770 2918 843 μείζων
2966 773 3078 823 ἐστί
3128 777 3221 823 τοῦ
3272 773 3367 829 τὴν
3416 776 3463 823 Ν
3518 775 3566 822 Ω.

1963 855 2208 921 λαϐόντος
2260 864 2301 912 Τ
2351 866 2422 916 Μ.
2471 861 2536 912 Ai
2587 859 2690 934 ἄρα
2740 866 2832 913 τοῦ
2907 865 3226 937 τετραγώνου
3290 855 3564 932 διαμετροι

2602 1026 2657 1082 Ν

2605 1689 2656 1744 Ω

1959 1836 2148 1890 κύκλου
2179 1839 2310 1913 μέρη
2345 1835 2437 1890 ἶσα
2457 1855 2648 1905 παντα,
2669 1854 2760 1889 και
2808 1837 2910 1890 ὅσα
2963 1837 3023 1890 ἂν
3069 1842 3288 1892 ποιῶσιν
3339 1843 3395 1896 αἱ
3441 1844 3562 1896 τού.

1957 1931 2048 1980 τὸῦ
2080 1924 2371 2002 διαμετροι,
2410 1923 2500 1979 ἶσα
2540 1929 2697 1994 ἐστιν,
2736 1927 2806 1987 ὡς
2841 1923 3081 2000 ἐδείχθη,
3141 1932 3195 1982 αἱ
3244 1927 3303 1985 δὲ
3344 1940 3437 1986 τοῦ
3488 1953 3566 1987 τε·

1959 2023 2226 2090 τραγώνου
2249 2019 2367 2070 οὔτε
2389 2015 2545 2091 αὐτῶ,
2584 2021 2695 2068 ἴσον
2746 2021 2916 2069 πᾶσαι
2960 2025 3200 2072 ποιοῦσιν
3243 2021 3269 2073 ὃ
3321 2030 3563 2076 ποιοῦσιν

2369 2104 2470 2128 axx:
2506 2106 2552 2128 --τ
2590 2108 2672 2128 με.-.
2701 2101 2722 2128 ‘1'

1961 2191 2020 2249 δὲ
2049 2215 2139 2248 και
2171 2195 2238 2258 εἰς
2262 2195 2424 2269 ἔτερα,
2459 2196 2627 2256 καθὼς
2659 2192 2706 2246 ἐν
2763 2195 2868 2256 τοῖς
2923 2195 3131 2260 κύκλοις
3197 2195 3440 2274 ἐδείχθη.
3493 2204 3564 2255 Τὸ

1958 2285 2062 2358 ἄρα
2093 2281 2233 2364 εἶδος
2271 2288 2570 2358 κρειττόνως
2625 2288 2720 2343 τὴν
2769 2282 2896 2344 ὓλὴν
2965 2293 3186 2362 σφαῖραν
3242 2293 3330 2342 καὶ
3376 2289 3564 2343 κύκλον

1959 2376 1989 2436 ἣ
2045 2376 2364 2450 τετράγωνον
2413 2371 2741 2447 εἰδοποίησε,
2791 2379 2880 2427 καὶ
2936 2371 3160 2448 ἐδείχθη
3228 2380 3396 2441 καθὼς
3455 2373 3565 2436 ἔδει

1957 2472 2111 2519 τοῦτο
2152 2459 2454 2538 δειχθῆναι.
2497 2471 2662 2518 Τοῦτο
2687 2461 2745 2518 δὲ
2773 2470 2864 2518 καὶ
2920 2463 3005 2519 ἐπὶ
3051 2475 3144 2520 τοῦ
3191 2475 3442 2544 τριγώνου
3474 2477 3566 2526 καὶ

1958 2555 2182 2610 πάντων.
2222 2560 2374 2608 Ἐστι
2401 2551 2461 2607 δὲ
2499 2553 2681 2615 οὕτως.
2720 2555 2776 2606 αὶ
2826 2561 2919 2606 τοῦ
2980 2560 3233 2630 τριγώνου
3289 2554 3567 2635 διάμετροι

1959 2646 2014 2698 αἱ
2040 2643 2095 2698 ἐκ
2118 2651 2210 2698 τοῦ
2239 2648 2448 2719 κέντρου
2502 2647 2587 2698 καὶ
2637 2648 2800 2718 μέσον
2871 2640 3234 2720 διερχόμεναι,
3275 2648 3320 2702 εἰ
3364 2651 3562 2706 τεθῶσι

167 2822 506 2888 terminata,
529 2821 692 2895 ipsas
724 2819 967 2896 copulat
986 2823 1052 2878 ut
1089 2823 1128 2876 Β
1156 2821 1214 2888 C,
1242 2820 1506 2879 maxime
1530 2835 1673 2879 vero
1687 2838 1826 2896 pro-
1857 2824 1896 2881 C
1935 2821 2250 2894 diametro,
2281 2821 2536 2897 duplum
2565 2826 2659 2881 est
2682 2822 2836 2880 illius
2855 2823 3133 2898 quadrati
3169 2824 3339 2899 cujus
3357 2832 3446 2886 est
3472 2829 3595 2888 dia-

164 2912 299 2986 pria
327 2917 385 2969 et
407 2911 559 2968 inter
586 2926 797 2968 omnes
832 2909 1048 2983 prima,
1073 2912 1196 2966 utX
1224 2911 1285 2975 T,
1314 2925 1450 2983 quae
1495 2915 1582 2967 est
1627 2927 1827 2985 aequa-

165 3002 240 3059 lis
267 3001 552 3058 omnibus
589 2999 899 3056 diametris
923 2997 1125 3054 circuli
1174 2996 1352 3068 illius,
1388 2999 1559 3070 cujus
1588 3004 1676 3057 est
1704 3000 1828 3058 dia-

167 3096 374 3148 meter.
410 3089 548 3146 Dico
605 3088 784 3160 igitur
841 3087 1198 3144 diametrum
1228 3087 1272 3141 B
1324 3089 1384 3158 C,
1444 3088 1615 3159 cujus
1662 3092 1703 3145 X
1740 3092 1831 3146 est

166 3179 438 3238 medium
469 3177 757 3235 circulum
788 3179 828 3232 P
867 3176 909 3232 T
971 3176 1494 3248 circumscriptum
1531 3177 1826 3249 majorem

169 3284 483 3328 assumere
513 3267 732 3324 circulo
760 3268 802 3322 T
825 3268 894 3336 Μ,
915 3281 1097 3338 quem
1137 3265 1388 3322 assumit
1408 3265 1689 3323 diameter
1713 3269 1756 3322 N
1783 3269 1826 3325 Ο

169 3359 345 3432 cujus
366 3357 634 3414 medium
655 3354 860 3412 itidem
887 3358 974 3412 est
1001 3356 1054 3410 ἶ.
1093 3353 1390 3420 Quoniam
1413 3354 1592 3426 igitur
1606 3355 1829 3414 diame-

165 3460 254 3511 ter
275 3448 647 3526 quadratum
676 3445 980 3503 constituit
1007 3443 1263 3517 duplum
1315 3443 1490 3516 illius,
1544 3446 1716 3516 cujus
1745 3451 1834 3506 est

181 3543 468 3610 Ezameter
498 3538 664 3611 (nam
689 3534 1052 3608 quadratum
1080 3532 1442 3606 descriptum
1470 3550 1507 3591 a
1554 3536 1835 3608 quadrati

1303 3765 1362 3823 κς»

837 4245 889 4295 .1

1934 2917 2122 2970 meter
2144 2928 2217 2970 ex
2254 2929 2380 2986 qua
2403 2912 2679 2970 effectum
2703 2911 2835 2980 est).
2889 2913 2961 2969 At
3003 2913 3104 2969 illa
3144 2913 3440 2975 diamater
3457 2934 3594 2992 quae

1935 3002 2113 3059 nobis
2144 3001 2360 3058 dicitur
2385 3001 2628 3074 aequalis
2670 3000 2836 3058 lateri
2875 3001 3155 3074 quadrati
3211 3003 3326 3060 illis
3353 3006 3484 3078 ejus
3509 3012 3596 3066 est

1937 3091 2243 3163 diameter,
2298 3090 2665 3164 quadratum
2727 3090 3031 3146 constituit
3094 3092 3328 3164 aequale
3370 3093 3454 3152 illi
3490 3111 3594 3154 cu-

1934 3181 2035 3252 jus
2101 3185 2190 3237 est
2258 3180 2567 3238 diameter.
2628 3179 2804 3252 Atqui
2870 3179 3128 3252 duplum
3195 3185 3285 3240 est
3342 3183 3596 3244 dimidio

1938 3271 2168 3342 majus.
2203 3269 2468 3327 Circulus
2520 3284 2684 3341 ergo,
2734 3267 2838 3342 qui
2878 3267 3175 3341 majorem
3230 3271 3596 3334 diametrum

1941 3358 2399 3431 comprehendit
2419 3362 2476 3415 et
2496 3357 2614 3415 sibi
2630 3357 3072 3428 accommodat,
3101 3363 3440 3422 necessario
3467 3380 3594 3424 ma-

1937 3449 2035 3521 jor
2071 3452 2160 3505 est
2191 3447 2412 3505 circulo
2455 3447 2556 3506 illo
2610 3447 2714 3521 qui
2766 3446 3062 3505 minorem
3115 3452 3593 3526 comprehendit,

1943 3542 2001 3596 et
2029 3538 2142 3595 sibi
2162 3537 2583 3596 accommodat
2605 3537 2986 3596 diametrum.
3018 3539 3280 3598 Circulus
3335 3558 3479 3618 ergo
3498 3545 3596 3602 PT

2873 3795 2920 3841 0

2349 4201 2415 4262 ὁ

155 4456 281 4532 qui
301 4457 594 4529 majorem
615 4457 1448 4531 comprehenditdiametrum
1479 4463 1524 4514 Α
1547 4459 1609 4527 Β,
1631 4457 1827 4529 major
1855 4461 1900 4515 D
1935 4457 1992 4513 et
2012 4470 2385 4529 quaecunque
2437 4457 2704 4517 efﬁciunt
2757 4459 2961 4519 circuli
3016 4460 3294 4521 diametri
3338 4461 3596 4537 aequalia

157 4552 269 4606 est
306 4547 528 4604 circulo
554 4551 594 4604 P
619 4550 688 4619 Μ,
719 4548 822 4621 qui
854 4551 897 4606 N
931 4551 975 4606 Ο
1030 4551 1328 4607 minorem
1377 4549 1650 4608 assumit.
1698 4550 1831 4605 Non

159 4652 388 4696 omnes
416 4653 559 4708 ergo
602 4637 883 4694 diametri
925 4639 1360 4712 quadratorum
1388 4639 1576 4696 latera
1608 4637 1830 4694 effecta;

161 4725 738 4800 aequaliaquadrata
756 4726 1034 4799 efﬁciunt,
1050 4743 1246 4801 neque
1257 4744 1470 4785 omnes
1485 4727 1828 4800 inaequalia,

162 4832 373 4889 neque
401 4831 612 4872 omnes
637 4815 962 4888 aequalium
984 4817 1343 4874 circulorum
1360 4820 1498 4874 sunt
1515 4815 1785 4872 diametri
1809 4839 1826 4891 ;

165 4923 250 4966 ex
279 4905 494 4962 eadem
521 4905 750 4961 ratione
779 4920 901 4960 non
935 4921 1147 4962 omnes
1181 4907 1485 4978 sphaeram
1533 4903 1830 4978 aequalem

167 4996 463 5061 efﬁciunt,
497 4992 604 5049 sed
630 4994 848 5065 partim
869 4994 1184 5065 majorem,
1241 4995 1462 5067 partim
1508 4993 1825 5050 minorem.

169 5083 476 5153 Quoniam
505 5085 708 5138 autem
765 5083 1015 5154 sphaerae
1058 5084 1404 5155 superﬁcies
1464 5099 1536 5139 ex
1591 5081 1829 5139 circulis

172 5176 414 5234 constat
448 5170 727 5228 diametri
758 5171 1194 5243 quadratorum
1242 5171 1474 5229 circulis
1494 5187 1833 5228 accommo-

171 5263 352 5335 datae,
374 5261 639 5332 majores
662 5263 719 5316 et
747 5259 1011 5316 minores
1041 5260 1308 5332 sphreras
1334 5261 1602 5318 efﬁciunt
1628 5265 1694 5318 ut
1722 5261 1830 5317 cir-

173 5354 364 5412 culos.
397 5353 591 5417 Quare
617 5363 739 5404 non
794 5348 880 5406 ita
924 5348 1123 5406 forma
1174 5349 1491 5407 materiam
1546 5349 1750 5406 circuli
1773 5352 1834 5407 et

174 5443 426 5520 sphaerae
447 5437 895 5506 informavit,ut
915 5437 1027 5495 sibi
1049 5442 1106 5495 et
1134 5437 1264 5496 aliis
1292 5439 1502 5510 ﬁguris
1517 5437 1828 5508 haberent,

171 5532 342 5610 quod
353 5524 762 5592 habent.Nam
774 5526 973 5598 circuli
987 5532 1189 5615 partes
1201 5532 1555 5617 suntornnes
1568 5527 1832 5618 aequales

1939 4548 2098 4614 sunt,
2125 4549 2189 4601 ut
2203 4544 2686 4604 demonstratum
2707 4553 2812 4606 est.
2832 4554 2904 4608 At
2927 4566 3051 4609 non
3081 4568 3294 4610 omnes
3315 4553 3595 4628 quadrati

1939 4633 2217 4690 diametri
2231 4635 2465 4707 ecquale
2481 4637 2646 4708 quod
2662 4637 2911 4710 faciunt,
2933 4641 3296 4714 quadratum
3309 4641 3594 4699 reddunt-

1938 4737 2136 4795 neque
2170 4723 2468 4796 inmquale
2499 4723 2606 4782 sed
2633 4726 2852 4797 partim
2887 4729 3138 4802 aequale,
3178 4731 3398 4802 partim
3454 4730 3596 4786 inae-

1940 4811 2140 4884 quale.
2169 4818 2360 4885 Atque
2372 4812 2531 4870 hanc
2553 4831 2728 4872 suam
2754 4817 3178 4890 proprietatem
3205 4818 3334 4874 aliis
3350 4833 3594 4890 quoque

1938 4901 2149 4972 ﬁguris
2164 4903 2633 4974 communicant,
2647 4909 2714 4961 ut
2729 4906 2787 4960 in
2806 4906 3042 4962 circulis
3060 4906 3393 4976 majoribus
3411 4910 3468 4962 et
3482 4907 3592 4963 mi-

1939 4991 2190 5048 noribus
2208 4991 2684 5049 demonstratum
2714 4998 2823 5050 est.
2859 4997 3070 5050 Forma
3097 5009 3239 5064 ergo
3277 4994 3592 5052 materiam

1941 5081 2100 5152 globi
2133 5086 2190 5139 et
2210 5081 2412 5138 circuli
2431 5082 2827 5154 prcestantiori
2844 5082 3049 5151 modo,
3072 5098 3260 5155 quam
3275 5084 3592 5142 materiam

1939 5169 2221 5243 quadrati
2243 5169 2603 5228 informavit.
2628 5174 2817 5242 Atque
2837 5169 2954 5227 hoc
2999 5173 3480 5231 demonstratum
3501 5176 3594 5231 est

1940 5275 2012 5316 eo
2037 5257 2242 5330 modo,
2266 5276 2390 5333 quo
2403 5257 2946 5318 demonstrandum
2965 5259 3094 5338 fuit.
3128 5261 3301 5328 Quod
3317 5263 3496 5321 etiam
3527 5261 3592 5318 in

1939 5349 2239 5421 triangula
2258 5347 2564 5408 observari
2585 5351 2777 5420 potest
2806 5350 2862 5404 et
2891 5347 2953 5404 in
2976 5350 3262 5412 omnibus
3278 5351 3412 5410 aliis
3434 5351 3592 5421 ﬁgu-

1939 5438 2043 5497 ris.
2073 5443 2156 5496 Ac
2177 5439 2340 5496 hunc
2366 5437 2430 5494 in
2456 5433 2709 5516 modum
2738 5434 3297 5516 demonstratratur,
3353 5456 3490 5516 quas
3516 5453 3593 5495 ex

1942 5532 2145 5614 0.9mm
2161 5511 2556 5614 Ρθξςωθάίωῆ
2574 5511 3594 5624 iﬁcuetwwsullimiimi
