4064 6308
571 162 710 218 1379

2090 155 2450 213 ADDENDA.
3777 159 3868 214 1380

598 281 894 358 διάμετροι,
951 283 1195 355 μείζονας
1247 287 1337 334 καὶ
1391 281 1661 344 ἐλάττονας
1727 288 2014 340 ποιήσουσι
2106 301 2194 333 κυ-
2253 283 2298 333 Λ
2354 285 2565 352 κέντρῳ,
2596 279 2782 342 κύκλος
2811 280 3134 353 γεγράφθωὸ
3175 285 3219 332 Π
3250 276 3628 352 Θδιασκήματι
3663 291 3724 352 τῷ
3765 293 3793 336 Δ
3834 292 3858 336 Β

595 373 766 439 κλους,
803 371 930 424 ἀλλὰ
968 377 1058 423 καὶ
1109 376 1370 446 τριγώνων
1429 371 1474 422 εἰ
1525 373 1716 423 τεθῶσι
1773 371 2012 444 πλευραὶ,
2076 375 2193 443 μαί-

599 463 724 523 ζονα
788 465 874 512 καὶ
935 461 1180 512 έλάττονα
1215 465 1504 518 ποιήσουσι
1556 464 1798 532 τρίγωνα,
1845 463 1900 512 αὶ
1957 456 2017 512 δὲ
2100 468 2193 511 τού

596 551 786 603 κύκλου
827 549 883 600 έκ
919 556 1011 601 τού
1050 553 1236 622 κυρίως
1283 553 1492 621 κέντρου
1549 554 1638 602 καὶ
1695 554 1858 621 μέσου
1911 545 2191 622 διερχομέ-

595 659 680 690 ναι
717 644 806 691 καὶ
846 638 1067 698 κύκλους
1117 640 1286 703 ἴσους,
1338 638 1382 688 εἰ
1440 639 1650 704 τεθῶσι,
1697 645 2007 706 ποιήσουσι,
2065 637 2192 689 ἀλλὰ

596 734 685 780 καὶ
713 735 814 779 πᾶν
835 726 956 778 ἄλλο
989 735 1098 798 σχῆ
1107 747 1199 798 μα.
1236 734 1319 780 Δεῖ
1348 735 1470 798 γοῦν
1488 731 1638 789 ἴσους
1667 724 1836 790 δεῖξαι
1851 733 1972 788 τοὺς
2001 723 2168 780 τούσδ
2173 747 2190 777 ι

594 821 716 878 τούς
744 817 980 882 κύκλους,
1009 820 1174 867 καὶτὸ
1205 815 1260 866 ἐκ
1289 825 1388 867 των
1439 813 1727 890 διαμέτρων
1782 816 1948 868 αὐτῶν
2003 822 2186 889 τρίγω-

593 925 694 957 νον⁹
726 903 835 957 εἶτα
864 907 942 956 ὅτι
971 903 1076 974 ούχ
1097 903 1261 964 οὓτως
1288 909 1377 956 καὶ
1406 903 1488 956 ἐπὶ
1541 914 1632 956 τού
1691 911 1940 978 τριγώνου
2015 914 2088 976 τῷ
2144 911 2187 957 Ν

2353 376 2441 422 καὶ
2468 378 2540 440 τῷ
2575 378 2612 423 Α
2645 375 2854 444 κέντρῳ,
2897 369 3081 430 κύκλος
3118 371 3394 443 γεγράφθῳ
3449 371 3474 421 ὁ
3527 376 3562 422 Γ
3611 377 3648 423 Η
3699 368 3857 429 διαστή-

2351 478 2476 529 ματι
2507 467 2578 528 τῷ
2609 464 2645 510 Ε
2685 465 2726 511 Ν
2781 464 2872 510 καὶ
2936 466 3005 528 τῷ
3064 465 3099 510 Β
3152 462 3362 532 κέντρῳ,
3430 457 3607 519 κύκλος
3653 463 3858 533 γιγράγϐθ

2351 551 2380 606 ἡ
2413 555 2444 600 Σ
2478 555 2522 601 Λ
2563 545 2892 620 διαστήματι
2952 556 3022 617 τῷ
3083 554 3128 601 Χ
3184 554 3229 599 Ν
3291 555 3360 616 τῷ
3428 552 3447 599 Ι
3493 551 3687 620 κέντρῳ,
3730 550 3857 610 κύκὶις

2356 637 2625 709 γεγράφθω
2659 638 2684 687 ὁ
2716 643 2754 688 Ζ
2785 641 2805 688 Ι
2845 632 3175 708 διαστήματι
3203 643 3275 704 τῷ
3307 641 3351 689 Ψ
3403 641 3445 688 Ν
3485 641 3570 687 καὶ
3606 645 3671 708 τῳ
3717 645 3748 690 Υ
3790 643 3862 690 κέν.

2349 745 2473 798 τρῳ,
2513 724 2698 786 κύκλος
2735 726 3011 798 γεγράφθω
3051 725 3077 775 ὁ
3115 732 3154 776 Ζ
3205 731 3247 777 K
3287 720 3606 795 διαστήματι
3654 735 3716 794 τῷ
3747 734 3783 777 Ω.
3818 733 3859 779 N-

2350 817 2404 866 αἱ
2426 823 2551 884 γούν
2593 822 2632 866 Α
2675 821 2710 865 Β
2747 821 2785 867 Ε
2822 820 2868 866 Ν
2908 821 2955 867 Χ
2983 819 3027 865 Ν
3068 820 3116 866 Ω.
3145 821 3190 866 Ν
3228 820 3274 867 Ψ
3310 820 3353 866 Ν
3396 810 3658 885 διάμετροι
3694 814 3776 866 εἰσι
3801 824 3861 865 τῶν

2353 912 2390 956 Π
2435 912 2479 955 Θ
2520 911 2570 956 Μ
2613 911 2654 955 ll
2697 911 2728 955 Σ
2769 908 2811 954 Λ
2852 910 2890 954 Ζ
2933 910 2972 954 Κ
3011 909 3050 953 Ζ
3090 909 3131 955 Τ
3165 901 3384 967 κύκλων,
3428 902 3634 975 ἑκατέρα
3668 903 3859 973 ἐκατέρου,

1280 1021 3183 1580 ῩῩΛ

587 2542 718 2592 κατὰ
741 2541 835 2595 τήν
859 2545 960 2588 τῶν
988 2539 1262 2605 στοιχιίων
1305 2534 1464 2584 θέσιν.
1504 2538 1589 2591 Ὦς
1609 2532 1711 2605 ἄρα
1742 2537 1834 2583 τοῦ
1887 2537 1930 2583 Π
1977 2535 2183 2606 κέντρον
2237 2537 2282 2591 Β
2345 2532 2505 2584 αὐτοῦ
2546 2528 2850 2606 διαμέτρου,
2888 2539 2978 2584 καὶ
3035 2541 3127 2586 τοῦ
3178 2542 3212 2586 Σ
3269 2539 3314 2588 Λ
3371 2537 3585 2610 κέντρον
3766 2536 3812 2585 τὸ
3860 2537 3884 2582 Β

585 2633 645 2682 τὸ
682 2635 728 2680 Ν
758 2631 846 2678 καὶ
877 2629 1078 2698 πέρατα
1103 2631 1198 2684 τῆς
1245 2621 1408 2672 αὐτοῦ
1466 2616 1750 2694 διαμέτρου
1794 2624 1852 2672 τὸ
1909 2627 1948 2674 Α
2015 2627 2052 2672 Β
2099 2623 2182 2672 οῦ-

585 2738 688 2780 τως
715 2721 915 2769 καὶτοῦ
940 2720 976 2766 Α
1002 2720 1042 2766 H
1065 2717 1270 2784 κέντρον
1297 2714 1356 2762 τὸ
1388 2716 1427 2761 Α
1459 2714 1659 2782 πέρατα
1698 2706 1757 2761 δὲ
1795 2713 1853 2761 τό
1908 2715 1944 2761 Ε
1992 2716 2036 2762 Ν
2092 2718 2182 2770 τῆς

557 2814 804 2888 quidem
821 2810 1054 2867 circulis
1069 2805 1668 2870 accommandantur,
1679 2805 1935 2875 majores
1947 2811 2002 2861 et
2017 2806 2205 2860 mino-

557 2920 652 2960 res
665 2897 1212 2959 efﬁciuntcirculos.
1229 2898 1525 2965 Praeterea,
1555 2894 1602 2948 si
1627 2893 2055 2964 triangulorum
2071 2894 2204 2950 dia-

557 2993 729 3050 metri
757 2992 944 3047 latera
973 2987 1429 3045 constituantur,
1461 2984 1695 3053 majora
1749 2990 1929 3055 atque
1971 2984 2206 3039 minora

558 3083 818 3140 efﬁcient
863 3075 1179 3147 triangula.
1222 3075 1294 3128 At
1336 3071 1541 3128 circuli
1594 3071 1866 3128 diametri
1923 3087 2058 3144 quae
2103 3088 2209 3144 per

556 3172 824 3228 medium
841 3173 1108 3225 centrum
1125 3163 1362 3236 proprie
1376 3161 1598 3217 dictum
1617 3160 1936 3225 ducuntur,
1953 3163 2205 3217 circulos

559 3259 820 3333 aequales
850 3269 1084 3327 semper
1104 3251 1390 3317 efﬁciunt,
1409 3257 1588 3322 atque
1639 3250 1819 3306 etiam
1875 3251 2209 3322 quamlibet

559 3349 740 3406 aliam
767 3347 1023 3417 ﬁguram
1050 3340 1363 3413 aequalem.
1433 3341 1673 3410 Oportet
1719 3340 1899 3407 igitur
1945 3340 2208 3410 aequales

559 3437 812 3494 circulos
833 3437 943 3491 hos
957 3433 1368 3488 demonstrare
1388 3427 1602 3484 etillud
1621 3429 1784 3500 quod
1808 3445 1881 3484 ex
1900 3429 2208 3486 diametris

2343 2623 2542 2692 πέρατα
2580 2617 2640 2672 δὲ
2676 2627 2767 2680 τῆς
2806 2621 2966 2676 αύτοῦ
3006 2618 3292 2696 διαμέτρου
3347 2627 3407 2675 τὸ
3473 2630 3520 2676 Χ
3573 2630 3636 2690 Ν,
3693 2624 3884 2677 ὡσαύτως

2345 2713 2434 2760 καὶ
2467 2716 2558 2760 τοῦ
2593 2715 2633 2760 Ζ
2667 2715 2708 2760 Τ
2745 2713 2950 2782 κέντρον
2985 2713 3075 2781 μὲν
3108 2713 3167 2763 τό
3205 2717 3224 2764 Ι
3281 2715 3486 2784 πέρατα
3525 2708 3583 2765 δί
3636 2719 3723 2773 τῆς
3770 2709 3889 2760 αὐτοῦ

2314 2806 2584 2877 ipsorum
2616 2807 2990 2862 constituitur
3019 2809 3400 2880 triangulum,
3428 2809 3645 2865 deinde
3668 2807 3893 2865 nonidem

2313 2893 2535 2950 habere
2557 2893 2752 2950 locum
2781 2894 2842 2950 in
2860 2895 3179 2964 triangula.
3205 2897 3417 2954 Centro
3437 2901 3504 2968 Ν,
3533 2895 3807 2954 intervallo
3824 2893 3895 2948 AB

2314 2982 2568 3038 circulus
2599 2984 2642 3049 Ο
2665 2985 2727 3049 Η,
2751 2983 3158 3051 describatur;
3182 2986 3320 3041 item
3357 2991 3568 3043 centro
3589 2989 3655 3056 Α,
3677 2981 3896 3041 interval-

2313 3073 2371 3129 lo
2394 3075 2433 3128 Ε
2461 3075 2526 3144 Ν,
2564 3073 2817 3128 circulus
2857 3071 3229 3130 describatur
3271 3077 3309 3131 C
3341 3077 3382 3132 G
3413 3094 3429 3141 ς
3491 3076 3632 3132 item
3673 3072 3886 3132 centh

2315 3160 2624 3217 intervallo
2647 3165 2686 3217 Y
2712 3164 2775 3231 Ν,
2799 3163 3058 3217 circulus
3079 3163 3462 3220 describatur
3482 3168 3516 3222 S
3551 3165 3592 3218 L
3625 3182 3637 3231 ;
3677 3165 3795 3220 item
3813 3175 3906 3216 cen'

2319 3257 2406 3306 tro
2439 3254 2478 3314 l,
2513 3251 2863 3306 intervallol
2893 3255 2934 3306 N
2961 3251 3219 3307 circulus
3268 3252 3648 3311 describatur
3672 3254 3784 3315 FT;
3809 3250 3904 3304 item

2319 3344 2520 3395 centro
2542 3341 2606 3401 U,
2629 3340 2940 3395 intervallo
2968 3342 3098 3396 FFU
3129 3341 3385 3398 circulus
3421 3343 3779 3399 describatur
3804 3342 3836 3396 0
3859 3338 3903 3391 K-

2319 3429 2598 3485 Diametri
2620 3429 2796 3500 igitur
2821 3435 2864 3483 A
2898 3432 2936 3485 Β
2959 3431 3000 3484 E
3022 3433 3064 3486 N
3097 3433 3136 3485 Υ
3162 3434 3204 3486 Ν
3229 3433 3268 3486 F
3301 3434 3339 3487 F
3377 3437 3426 3489 N
3448 3437 3486 3490 Ζ
3515 3436 3557 3489 Ν
3615 3429 3906 3489 circulorum

1247 3549 3261 4115 γ

559 5098 664 5162 QH
687 5097 792 5152 ΜΟ
818 5097 853 5151 S
885 5097 924 5150 L
949 5095 992 5150 Ο
1016 5095 1059 5148 Κ
1088 5094 1186 5149 FT
1232 5087 1482 5163 singulas
1532 5101 1777 5142 suorum
1844 5083 2202 5140 circulorum
2239 5079 2279 5135 C
2315 5082 2349 5136 S
2375 5081 2431 5147 L,
2460 5087 2517 5138 et
2570 5084 2806 5140 termini
2865 5081 3140 5140 diametri
3201 5099 3424 5156 nempe
3487 5085 3576 5139 YN
3604 5079 3713 5149 ;ita
3773 5069 3901 5128 etiam

560 5189 716 5256 sunt.
745 5186 806 5238 Et
836 5199 906 5238 ex
945 5183 1152 5237 ordine
1198 5179 1627 5236 elementorum
1682 5173 2078 5231 collocanturr
2137 5175 2204 5229 Ut

559 5272 736 5343 igitur
767 5287 830 5328 se
857 5272 1038 5327 habet
1066 5275 1335 5326 centrum
1366 5270 1408 5324 Ν
1433 5265 1631 5322 circuli
1656 5265 1698 5329 Ο
1724 5263 1791 5325 Η,
1823 5264 1903 5320 ita
1943 5265 2118 5318 etiam
2142 5278 2204 5318 se

558 5361 786 5417 habent
799 5361 1026 5416 termini
1039 5359 1301 5432 ejusdem
1314 5355 1817 5424 diametri,nempe
1833 5351 2203 5407 intervallum

561 5453 609 5505 A
635 5451 680 5504 Β
706 5466 719 5518 ;
748 5450 828 5506 ita
853 5450 1032 5506 etiam
1060 5452 1107 5504 A
1135 5453 1402 5505 centrum
1427 5443 1630 5502 circuli
1668 5445 1716 5501 Μ
1747 5444 1811 5508 G,
1863 5446 1918 5498 et
1971 5442 2206 5497 termini

558 5539 835 5601 diametri
849 5538 1042 5613 ipsius
1072 5541 1116 5596 E
1143 5541 1188 5597 Ν
1221 5556 1234 5609 ;
1271 5538 1358 5595 ita
1382 5537 1566 5594 etiam
1599 5534 1646 5590 Β
1692 5535 1964 5592 centrum
2005 5529 2207 5589 circuli

2313 5177 2620 5228 centruml
2652 5173 2852 5229 circuli
2877 5175 2916 5229 F
2943 5176 3004 5242 T,
3037 5179 3093 5229 et
3150 5172 3390 5229 termini
3418 5167 3688 5228 diemetri
3743 5165 3899 5242 nempe

2314 5261 2692 5318 intervallum
2715 5265 2751 5318 Ζ
2775 5265 2842 5332 Ν,
2867 5263 2948 5319 ita
2972 5239 3214 5335 duoque
3239 5264 3280 5317 Ν
3304 5267 3582 5317 centrum
3605 5239 3897 5340 circuli

2314 5359 2371 5408 et
2390 5352 2618 5408 termini
2641 5353 2832 5426 ipsius
2854 5334 3149 5418 diametri,
3164 5367 3384 5423 nempe
3411 5345 3771 5406 intervallum
3789 5334 3891 5392 FW-

2314 5448 2463 5502 Nam
2487 5441 2688 5499 temini
2709 5443 2910 5498 circuli
2953 5444 2995 5508 Ο
3066 5443 3107 5497 Η
3150 5445 3288 5497 sunt
3333 5444 3547 5496 centra
3609 5430 3895 5519 circulari}!n

2313 5537 2375 5593 M
2399 5537 2441 5593 G
2466 5537 2502 5592 S
2534 5535 2575 5592 L
2602 5533 2706 5590 ΡΤ
2761 5533 2804 5589 Ο
2862 5531 2932 5588 Κ.
2975 5529 3272 5598 Quoniam
3329 5528 3519 5600 igitur
3556 5518 3770 5585 termini
3809 5511 3897 5569 di"
