4064 6308
189 180 324 234 1381

1085 178 1444 236 THEODORI
1474 177 1521 230 II
1553 178 1693 232 IMP.
1726 173 1817 228 DE
1851 173 2305 235 COMMUNIONE
2334 180 2711 238 NATUBALI.

3459 182 3599 239 1382

216 300 520 375 διαμέτρου,
550 303 608 353 1'6
656 307 701 354 Ψ
751 307 796 352 Ν
849 306 938 352 καὶ
991 309 1081 353 τοῦ
1135 310 1173 354 Ζ
1205 309 1246 355 Ι(
1278 307 1482 374 κέντρον
1527 304 1616 374 μὲν
1668 302 1726 352 16
1776 306 1816 352 Υ
1869 301 1918 354 Α
1975 302 2303 370 ΒΑκέντρον
2328 311 2453 359 τὸΝ
2495 305 2626 362 ἀλλά
2673 309 2764 356 καὶ
2819 306 2878 354 τὸ
2930 309 2968 355 Γ
3008 309 3047 355 Α
3107 312 3149 357 Υ
3203 310 3241 356 Α
3304 303 3397 358 ἶσά
3459 305 3574 358 ἐστι

214 411 418 466 περατα
449 387 506 442 δὲ
530 398 624 451 τῆς
657 389 816 441 αὐτοῦ
849 386 1132 465 διαμέτρου
1163 395 1220 443 τὸ
1257 399 1303 442 Ω
1327 398 1388 444 N.
1419 393 1496 444 Τὰ
1527 393 1627 463 γὰρ
1666 396 1707 441 Π
1768 395 1813 441 Θ

215 486 417 554 πέρατα
441 483 626 553 κέντρα
657 477 768 530 ἐστὶ
800 487 897 530 τῶν
927 482 976 536 Μ
1008 487 1047 531 Η
1073 488 1104 532 Σ
1160 486 1202 532 Λ
1233 487 1271 531 Ζ
1326 487 1366 531 Τ
1425 483 1464 532 Ξ
1507 485 1547 531 K
1587 479 1809 531 κύκλων.

219 570 363 622 Ἐπεὶ
414 577 539 639 γοῦν
595 570 660 618 τὰ
718 575 809 618 τοῦ
869 574 911 618 ΙΙ
989 576 1034 621 Θ
1115 577 1210 620 τών
1268 564 1560 640 διαμέτρων
1618 571 1817 639 πέρατα

218 661 802 730 ΑΒΥΟΙΔκέντρα
837 655 948 708 ἐστὶ
997 664 1174 709 τῶνΜ
1227 663 1263 708 Η
1329 665 1359 708 Σ
1408 663 1452 708 Λ.
1501 660 1539 708 Ξ
1595 663 1635 708 K
1690 663 1728 707 Z
1776 663 1815 708 T

218 745 438 813 κύκλων,
479 749 537 796 16
572 741 629 796 δε
668 749 872 817 κέντρον
930 750 1087 816 μέσον
1145 745 1259 797 ἐστὶ
1317 753 1408 796 τοῦ
1451 745 1639 796 κύκλου
1688 746 1817 819 πρὸς

220 834 246 885 ὃ
273 854 442 886 πασαι
470 836 524 885 αἱ
571 839 1003 905 προσπίπτουσαι
1034 835 1226 886 εὐθεῖαι
1250 833 1304 885 ἐκ
1360 842 1453 895 τῆς
1507 836 1692 885 τούτου
1733 852 1816 885 πε-

220 927 479 998 ριφερείας
509 920 623 974 ἶσαι
657 921 902 982 ἀλλήλαις
936 923 1090 991 εἰσὶν,
1121 927 1184 983 ὡς
1228 927 1286 974 16
1339 930 1385 974 Ν
1437 925 1540 996 ἄρα
1581 907 1816 994 πρὸςχτό

222 1018 376 1064 Βκαὶ
431 1032 487 1063 το
519 1015 710 1084 Χπρὸς
766 1015 824 1062 16
881 1019 916 1063 Β
967 1020 1066 1062 τῶν
1131 1015 1230 1085 γὰρ
1300 1012 1548 1084 ἑκατέρων
1614 1017 1816 1082 κέντρον

221 1106 340 1154 16B
381 1104 450 1163 ὡς
489 1106 577 1153 καὶ
635 1109 732 1151 τῶν
789 1108 827 1154 Α
886 1107 923 1152 Β
977 1105 1181 1176 κέντρον
1237 1105 1294 1152 16
1347 1109 1392 1154 Ν
1441 1100 1566 1152 ἀλλὰ
1623 1106 1710 1152 καὶ
1759 1104 1817 1152 τὸ

223 1199 260 1243 Ρ
295 1197 330 1242 Β
360 1197 376 1243 Ι
412 1197 469 1251 Β,
520 1189 609 1242 ῖσά
647 1189 758 1241 ἐστι
802 1196 913 1251 τοῖς
963 1197 1006 1242 Ν
1060 1197 1094 1242 Β
1147 1198 1190 1243 Χ
1253 1197 1290 1242 Β
1322 1212 1333 1222 ·
1386 1195 1589 1263 κέντρον
1654 1193 1820 1240 κοινὸι

221 1282 324 1354 γάρ
356 1284 414 1331 τὸ
442 1287 494 1333 Β.
529 1279 585 1332 Ἠ
614 1279 717 1353 ἆρα
745 1287 781 1331 Ρ
811 1276 1086 1354 διάμετρος
1140 1287 1232 1331 τοῦ
1286 1287 1318 1331 Σ
1381 1286 1424 1332 Λ
1481 1279 1671 1331 κύκλου
1727 1281 1814 1336 ἰση

220 1367 336 1421 ἐστὶ
373 1377 434 1441 τῇ
471 1377 517 1422 Χ
547 1375 590 1421 Ν
621 1368 781 1420 αὐτού
814 1365 1096 1442 διαμέτρῳ·
1150 1365 1216 1418 ὧν
1271 1369 1369 1442 γάρ
1416 1364 1529 1420 ἶσαι
1579 1371 1642 1419 τά
1696 1369 1817 1439 ἠμί-

221 1477 334 1524 σεα,
392 1462 480 1509 καὶ
509 1460 572 1508 τά
618 1457 709 1508 ὅλα
736 1453 827 1509 ἴσά
876 1457 1004 1518 ἐστι,
1035 1459 1166 1507 κατά
1195 1459 1282 1508 τὸν
1337 1457 1492 1507 αὐτὸν
1539 1456 1704 1526 λόγον·
1749 1459 1818 1516 ὡς

214 1545 318 1617 ἆρα
348 1549 404 1597 τὸ
433 1553 476 1598 Ν
515 1549 642 1618 πρὸς
670 1550 727 1597 τὸ
781 1551 800 1599 Ι
845 1552 934 1597 καὶ
989 1549 1047 1597 τὸ
1093 1552 1138 1599 Ψ
1183 1549 1310 1616 πρὸς
1358 1549 1414 1597 τὸ
1464 1550 1504 1598 Ι·
1560 1555 1659 1596 τών
1714 1549 1812 1619 γάρ

212 1636 461 1706 ἔκατέρων
515 1637 718 1708 κέντρον
749 1638 806 1684 τὸ
853 1639 870 1685 Ι
928 1636 992 1693 ὡς
1045 1638 1133 1685 καὶ
1193 1642 1290 1684 τῶν
1322 1641 1357 1685 Δ
1391 1639 1407 1685 Ι
1450 1638 1653 1706 κέντρον
1680 1636 1738 1684 1'6
1769 1640 1813 1685 N

207 1721 339 1774 ἀλλά
368 1729 458 1774 καὶ
487 1721 543 1773 1'6
570 1727 654 1775 BI
691 1728 778 1775 ΦΙ
820 1720 910 1773 ἶσοὶ
971 1721 1084 1774 ἐστι
1130 1729 1232 1782 τοῖς
1275 1728 1321 1773 Ν
1371 1728 1390 1774 Ι
1450 1729 1491 1774 Ψ
1532 1728 1551 1774 Ι
1610 1726 1812 1795 κίντρον

207 1815 378 1863 κοινὸν
406 1813 506 1884 γάρ
539 1814 596 1862 τὸ
627 1817 647 1863 Ι
679 1813 708 1868 ἡ
745 1812 847 1884 ἄρα
879 1817 915 1861 Β
981 1817 1018 1863 Φ
1075 1806 1354 1882 διάμετρος
1404 1817 1494 1862 τοῦ
1541 1817 1578 1861 Ζ
1629 1817 1668 1862 Τ
1722 1812 1812 1860 κύ-

205 1901 352 1970 κλου,
391 1903 478 1958 ἱση
512 1899 626 1952 ἐστὶ
656 1907 718 1972 τῇ
751 1906 797 1953 Ψ
829 1905 874 1951 Ν
905 1899 1062 1951 αὐτοῦ
1106 1895 1389 1971 διαμέτρῳ·
1441 1896 1509 1950 ὧν
1569 1902 1670 1973 ’γάρ
1722 1897 1814 1951 ἶσα

207 1991 274 2041 τά
296 1991 511 2062 ἡμίσεα,
545 1994 634 2041 καὶ
699 1991 764 2040 τά
831 1988 924 2040 ὅλα
976 1986 1067 2040 ἶσά
1124 1987 1282 2042 ἐστιν.
1335 1987 1599 2048 Ὡσαύτως
1645 1984 1703 2040 δὲ
1746 1990 1815 2049 ὡς

207 2083 266 2130 16
286 2085 333 2131 Ν
361 2081 493 2152 πρὸς
521 2080 576 2129 τὸ
609 2085 648 2129 Υ
678 2082 768 2129 καὶ
799 2080 857 2128 16
884 2084 931 2128 Ω
959 2079 1089 2151 πρὸς
1143 2079 1202 2128 τὸ
1247 2085 1286 2129 Υ
1340 2084 1440 2128 τῶν
1483 2077 1584 2150 γάρ
1638 2075 1811 2128 ἐκατέ-

211 2187 312 2240 ρων
338 2170 544 2240 κέντρον
569 2169 627 2218 τὸ
683 2173 722 2218 Υ
774 2169 838 2226 ὡς
881 2171 971 2216 καὶ
1020 2172 1112 2217 τοῦ
1171 2173 1210 2217 Υ
1277 2172 1322 2218 Ψ
1378 2170 1582 2236 κέντρον
1636 2169 1694 2216 τὸ
1743 2172 1812 2220 Ν.

216 2254 371 2308 Ἀλλά
400 2259 490 2306 καὶ
519 2257 579 2306 τὸ
603 2259 641 2306 Α
676 2261 715 2306 Υ
745 2260 826 2306 ΦΥ
856 2254 948 2305 ἷσά
971 2251 1085 2304 ἐστι
1113 2260 1223 2314 τοῖς
1279 2259 1324 2306 Ν
1387 2261 1426 2304 Υ
1488 2259 1536 2304 Ω
1589 2261 1646 2305 Υ·
1706 2257 1809 2305 γέν-

212 2362 334 2418 τρον
367 2346 532 2394 κοινὸν
577 2345 678 2416 γὰρ
730 2346 788 2393 τὸ
838 2349 898 2397 Υ.
957 2341 1016 2393 Ἡ
1066 2341 1169 2414 ἆρα
1226 2344 1273 2394 Α
1314 2347 1352 2394 Φ
1405 2338 1686 2416 διάμετρος
1721 2349 1812 2393 τοῦ

211 2436 252 2485 Ξ
283 2439 324 2485 Κ
354 2431 566 2492 κύκλου,
599 2433 685 2488 ἱση
728 2429 839 2482 ἐστὶ
887 2438 949 2502 τῇ
1009 2438 1056 2481 Ω.
1102 2437 1149 2482 Ν
1199 2430 1354 2481 αὐτοῦ
1409 2427 1693 2504 διαμέτρῳ·
1747 2431 1812 2481 ὧν

210 2522 313 2593 γάρ
336 2521 402 2571 τά
431 2522 627 2592 ἡμίσεα
657 2517 767 2584 ἶσα,
789 2523 879 2571 καὶ
944 2520 1005 2570 τά
1057 2517 1150 2570 ὃλα
1197 2515 1290 2570 ἶσά
1343 2517 1477 2585 ἐστι,
1533 2520 1665 2570 κατά
1724 2521 1812 2571 τὸν

211 2609 368 2661 αὐτὸν
393 2608 565 2680 λόγον·
597 2607 684 2670 Ὠς
712 2607 814 2680 ἆρα
833 2611 892 2659 τὸ
917 2615 958 2660 Υ
984 2611 1114 2679 πρὸς
1141 2611 1198 2659 1'6
1258 2612 1302 2662 A
1355 2613 1444 2660 καὶ
1500 2611 1558 2660 16
1612 2613 1651 2660 Ε
1687 2611 1814 2677 πρὸς

210 2701 270 2751 16
301 2704 343 2752 Α
372 2706 472 2750 τῶν
516 2701 618 2772 ’γὰρ
669 2697 916 2770 ἑκατέρων
967 2701 1172 2770 κέντρον
1219 2699 1278 2748 τὸ
1333 2702 1372 2748 Α
1442 2700 1511 2758 ὡς
1566 2701 1656 2749 καὶ
1713 2705 1811 2749 τῶν

181 2898 511 2948 metrorum
541 2891 742 2949 circuli
774 2893 818 2957 Ο
848 2893 912 2960 Η,
937 2895 1075 2946 sunt
1109 2894 1149 2946 υ
1183 2893 1221 2945 Β
1247 2892 1290 2946 U
1317 2892 1361 2957 Ο
1398 2891 1417 2944 Ι
1449 2895 1492 2945 Α
1527 2909 1539 2955 ;
1574 2895 1630 2946 et
1659 2892 1718 2946 in
1748 2891 1838 2946 his

1972 399 2151 452 τοῖςΝ
2181 399 2280 448 ΑΕ
2335 404 2393 450 Α·
2453 399 2657 468 κέντρον
2706 398 2875 445 κοινὸν
2934 395 3032 468 γάρ
3079 397 3137 446 τὸ
3205 399 3267 449 Α.
3317 393 3328 409 ’
3379 401 3424 447 Η
3472 394 3574 468 ἆρα

1973 486 2010 532 Γ
2032 489 2070 533 Υ
2100 479 2378 557 διάμετρος
2400 492 2488 537 τοῦ
2518 491 2568 537 Μ
2603 490 2642 536 Ι·Ι
2682 483 2871 534 κύκλου
2893 485 2984 540 ἴση
3027 481 3140 535 ἐστὶ
3190 491 3252 554 τῇ
3299 490 3341 538 Ε
3388 491 3433 538 Ν
3473 486 3572 537 αύ-

1974 578 2064 620 τού
2104 567 2386 646 διαμέτρῳ.
2449 571 2514 624 ὧν
2565 575 2667 645 γάρ
2723 575 2788 624 τά
2827 576 3024 643 ἡμίσεα
3077 571 3187 641 ἶσα,
3237 578 3327 624 καὶ
3373 577 3439 624 τά
3480 575 3573 627 ὃλα

1975 661 2066 710 ἰσά
2094 660 2246 712 ἐστιν·
2282 664 2422 715 Ἐπεὶ
2448 670 2571 732 γοῦν
2601 663 2631 719 ἡ
2693 667 2730 713 Γ
2773 669 2812 713 Υ
2870 664 2962 717 ἴση
3019 660 3132 713 ἐστὶ
3177 670 3241 733 κῇ
3294 669 3334 715 Ε
3377 670 3423 716 Ν
3479 669 3570 716 καὶ

1975 752 2996 822 ἡΑΒτῇΝΧκαὶήΡΙτῇΒΦκαι
3047 752 3074 806 ἱ)
3138 757 3184 802 Ψ
3240 758 3284 802 Ν
3338 759 3399 824 τῇ
3457 759 3475 806 Ι
3536 759 3571 804 Δ

1977 840 2125 894 καὶὴ
2166 841 2762 912 ΩΝτῇΥΟκαὶὴΦ
2827 844 2866 889 Α
2927 847 2989 910 τῇ
3049 846 3090 890 Υ
3140 845 3178 890 Γ
3230 843 3319 890 καὶ
3373 840 3567 898 ἑκάστη

1976 923 2167 984 ἑκάστη
2198 930 2288 984 ἰση
2317 927 2446 987 ἐστὶ,
2475 928 2540 978 τά
2589 929 2691 999 γάρ
2721 934 2792 997 τῷ
2839 926 2979 998 αύτῴ
3035 924 3145 990 ἶσα,
3196 933 3285 980 καὶ
3334 927 3572 992 αλλήλοις

1978 1009 2069 1065 ἶσα
2097 1013 2207 1066 ἐστι
2238 1022 2327 1068 καὶ
2370 1019 2418 1067 οὶ
2463 1023 2504 1068 Π
2534 1025 2578 1069 Θ
2625 1023 2655 1067 Σ
2713 1022 2756 1067 Λ
2811 1023 2848 1066 Ζ
2899 1023 2939 1067 Τ
2990 1017 3028 1067 Ξ
3080 1022 3118 1068 Κ
3177 1023 3226 1068 Μ
3277 1023 3320 1068 Η
3367 1019 3568 1086 κύκλοι,

1979 1100 2085 1154 ἶσοί
2105 1105 2256 1156 εἰσιν·
2286 1106 2352 1156 ὧν
2377 1107 2477 1176 γάρ
2501 1104 2557 1155 αἱ
2601 1100 2875 1178 διάμετροι
2926 1101 3059 1171 ἶσαι,
3115 1110 3204 1156 καὶ
3267 1113 3432 1158 ταῦτα
3480 1104 3571 1160 ῖσά

1978 1189 2136 1242 ἐστιν·
2172 1195 2221 1244 οἱ
2248 1192 2350 1265 ἆρα
2379 1193 2558 1244 κύκλοι
2591 1196 2771 1252 πάντες
2796 1189 2901 1244 ἷσοὶ
2940 1192 3059 1260 εἰσι,
3121 1199 3210 1245 καὶ
3257 1198 3316 1246 τὸ
3369 1193 3424 1246 ἐκ
3471 1205 3570 1248 τῶν

1979 1275 2267 1354 διαμέτρων
2321 1290 2488 1332 αυτών
2549 1286 2866 1342 συνεστακὸς
2919 1287 3167 1355 τρίγωνον
3217 1279 3329 1335 ἶσον
3408 1283 3570 1342 ἐστιν.

1974 1367 2031 1420 Ἠ
2083 1378 2206 1440 ’γοῦν
2250 1377 2290 1422 Α
2343 1377 2379 1421 Β
2428 1366 2709 1444 διάμετρος
2748 1379 2840 1422 τοῦ
2898 1377 2937 1422 [Ι
2991 1379 3035 1423 Θ
3084 1371 3275 1423 κύκλου
3332 1378 3426 1430 τὴν
3475 1376 3567 1432 ἷση

1975 1460 2138 1529 ταύτῃ
2183 1455 2460 1530 διάμέτρον
2515 1465 2554 1511 Α
2610 1464 2648 1510 Φ
2706 1467 2799 1510 τοῦ
2844 1466 2882 1510 Ζ
2926 1465 2967 1511 Κ
3015 1459 3206 1511 κύκλου
3255 1460 3571 1535 προσλαϐἐτε

1974 1545 2216 1620 πλευράν,
2250 1552 2338 1598 καὶ
2365 1551 2494 1604 αὕτη
2517 1551 2605 1606 τὴς
2651 1554 2689 1599 Φ
2747 1553 2784 1599 Β
2837 1543 3116 1621 διάμετρον
3165 1557 3256 1600 τοῦ
3308 1557 3347 1601 Ζ
3403 1553 3438 1605 Γ
3478 1553 3571 1602 κύ-

1973 1633 2096 1685 κλου
2123 1635 2365 1708 πλευράν,
2393 1641 2484 1688 καὶ
2515 1640 2762 1693 πστὴτω
2786 1638 2845 1686 τὸ
2877 1641 2916 1687 Α
2948 1642 2983 1688 Β
3038 1642 3076 1688 Φ
3129 1641 3394 1709 τρίγωνον.
3452 1639 3571 1691 Ἐπι

1972 1729 2141 1775 τοίνυν
2174 1721 2286 1776 ἵσαί
2349 1725 2480 1776 εἰσιν
2524 1727 2579 1776 αἱ
2637 1721 2930 1797 διάμετροι,
2996 1727 3064 1786 ὡς
3122 1721 3366 1797 ἐδείχθη,
3426 1725 3570 1778 ἀνοιο

1971 1816 2168 1881 γκαίως
2197 1817 2286 1864 καὶ
2337 1815 2394 1863 16
2436 1811 2491 1863 ἐκ
2550 1816 2744 1864 τούτων
2802 1817 3116 1872 συνεστακὸς
3171 1818 3443 1887 τρίγωνον,
3487 1818 3570 1867 ἱσό

1971 1898 2186 1970 πλευρὸν
2216 1904 2331 1952 ἐστι
2360 1921 2450 1952 και
2483 1901 2772 1972 ἰσογώνιον,
2801 1904 2858 1952 τὸ
2908 1901 3011 1976 ἄρα
3063 1904 3106 1955 Α
3156 1907 3194 1954 Β
3242 1908 3280 1956 Φ
3322 1906 3570 1977 τρίγωνον

1975 1984 2086 2039 ἶσόν
2142 1993 2301 2060 ἐστιν,
2362 1985 2541 2046 ἐπειδὴ
2597 1988 2898 2062 ἰσόπλευρόν
2952 1994 3063 2041 έστι
3113 2010 3204 2041 και
3278 1991 3566 2062 ἰσογώνιον.

1974 2078 2038 2129 Αἱ
2095 2077 2196 2148 ἄρα
2244 2085 2335 2129 τοῦ
2387 2078 2578 2130 κύκλου
2634 2075 2908 2150 διάμετροι
2959 2082 3013 2129 ἐκ
3056 2087 3145 2129 τοῦ
3198 2083 3409 2154 κέντρου
3481 2100 3571 2132 και

1973 2170 2133 2227 μέσου
2155 2167 2378 2238 ἠγμέναι
2423 2163 2513 2218 ἶσα
2576 2173 2791 2219 ποιοῦσι
2846 2171 3123 2239 σχήματα,
3186 2164 3367 2226 ἐπειδὴ
3425 2174 3572 2221 πᾶσα

1973 2255 2134 2306 αὐτοῦ
2162 2251 2437 2328 διάμετρος
2477 2257 2565 2313 ἰση
2608 2254 2738 2322 ἐστὶ,
2771 2253 2864 2307 διὰ
2910 2263 3060 2307 τοῦτο
3112 2262 3202 2308 καὶ
3252 2263 3356 2309 πᾶν
3409 2257 3571 2310 αὐτοῦ

1971 2348 2126 2418 μέρος
2153 2347 2278 2416 πρὸς
2315 2347 2373 2396 τὸ
2431 2348 2634 2417 κέντρον
2688 2339 2798 2396 ἶσον
2845 2351 2950 2404 τοῖς
3001 2344 3176 2405 ἄλλοις
3240 2345 3401 2398 αὐτοῦ
3459 2345 3572 2398 ἔστι

1971 2435 2171 2505 μέρεσι,
2203 2435 2372 2494 καθώς
2400 2429 2718 2504 ἀπεδείχθη.
2745 2432 2909 2485 Τοῦτο
2955 2430 3014 2485 δὲ
3066 2433 3160 2484 οὐκ
3210 2433 3296 2486 ἐπὶ
3342 2439 3432 2486 τοῦ
3459 2455 3572 2509 τρι-

1970 2523 2234 2592 γώνου,αἰ
2265 2524 2365 2594 γὰρ
2393 2523 2579 2572 τούτου
2625 2520 2842 2592 πλευραὶ
2895 2520 2989 2572 ούκ
3041 2517 3154 2574 ἴσον
3210 2529 3426 2574 ποιοῦσι
3481 2531 3574 2584 τῆς

1974 2609 2133 2660 αὐτοῦ
2175 2605 2458 2682 διαμέτρου
2519 2614 2609 2662 καὶ
2661 2611 2879 2661 καθέτου
2937 2609 3121 2662 κύκλον
3197 2611 3226 2670 ἣ
3295 2616 3568 2684 τρίγωνον·

1971 2705 2062 2748 τοῦ
2093 2701 2190 2772 γὰρ
2217 2697 2406 2750 κύκλου
2433 2701 2462 2758 ἡ
2499 2696 2773 2772 διάμετρος
2830 2703 3004 2774 τρίτον
3068 2697 3181 2751 ἐστὶ
3236 2707 3332 2761 τῆς
3386 2703 3572 2753 τούτου

1945 2892 2220 2965 aqualia,
2263 2895 2318 2947 et
2354 2894 2476 2946 tota
2495 2891 2628 2963 ipsa
2654 2892 3390 2966 suntaqualia.Quoniam
3420 2895 3600 2965 igitur

181 2986 324 3036 sunt
347 2987 553 3036 contra
583 2980 943 3036 circulorum
970 2982 1018 3035 Μ
1050 2983 1091 3035 G
1122 2982 1156 3035 S
1190 2981 1226 3034 L
1249 2981 1292 3035 Ο
1323 2980 1372 3032 Κ
1403 2981 1446 3032 F
1471 2983 1536 3049 T;
1569 2985 1837 3036 centrum
1877 2999 1916 3053 ο
1947 2981 2243 3036 diametur
2269 2982 2308 3036 C
2342 2982 2383 3035 U
2418 2985 2505 3034 est
2544 2979 2792 3052 aequalis
2817 2980 3110 3036 diametro
3145 2984 3182 3035 E
3213 2985 3276 3051 N,
3309 2983 3600 3052 diameter

183 3075 384 3126 autem
409 3075 496 3126 est
528 3069 794 3124 medium
827 3069 1029 3124 circuli
1061 3067 1138 3123 ad
1161 3068 1326 3139 quod
1357 3068 1550 3123 ducta
1574 3085 1784 3123 omnes
1806 3085 1841 3124 a

186 3158 665 3213 circumferentia
693 3157 864 3212 linea
891 3163 1031 3213 sunt
1060 3158 1210 3211 inter
1273 3173 1333 3211 se
1378 3157 1642 3227 aquales
1691 3175 1704 3212 :
1777 3162 1843 3212 ut

186 3241 366 3315 igitur
387 3250 429 3302 N
453 3263 515 3302 se
547 3247 728 3302 habet
756 3246 832 3301 ad
859 3249 914 3316 Β,
948 3247 1032 3302 ita
1061 3246 1241 3300 etiam
1275 3247 1314 3299 Y
1341 3262 1401 3300 se
1433 3245 1614 3300 habet
1646 3245 1719 3302 ad
1755 3248 1793 3301 Β
1826 3261 1840 3300 :

188 3338 500 3409 utriusque
531 3339 689 3392 enim
715 3349 983 3391 centrum
1025 3341 1114 3390 est
1144 3337 1204 3399 Β,
1242 3339 1303 3389 ut
1332 3335 1508 3390 etiam
1563 3336 1842 3390 termino-

187 3442 325 3482 rum
351 3431 398 3480 A
430 3429 489 3494 Β,
517 3433 788 3481 centrum
809 3430 896 3480 est
920 3428 982 3479 N.
1009 3424 1182 3495 Atqui
1207 3426 1247 3478 R
1268 3426 1323 3489 Β,
1359 3425 1446 3491 lB,
1473 3430 1607 3478 sunt
1644 3440 1847 3494 aqua-

187 3516 269 3571 lia
289 3515 438 3586 ipsis
466 3518 508 3569 Ν
541 3517 598 3579 Β,
631 3517 672 3568 Y
709 3517 766 3569 Β.
802 3516 951 3568 Nam
977 3513 1020 3564 B
1047 3517 1318 3567 centrum
1362 3519 1448 3566 est
1498 3528 1840 3579 commune,

192 3605 486 3660 Diameter
514 3619 658 3673 ergo
685 3605 729 3658 R
756 3604 797 3668 Ι,
832 3602 1037 3657 circuli
1069 3603 1104 3657 S
1130 3604 1187 3661 L,
1221 3606 1312 3656 est
1337 3602 1586 3673 aqualis
1618 3601 1844 3657 diame-

183 3698 276 3749 tro
330 3694 371 3748 Y
421 3695 486 3761 N,
547 3693 814 3757 Quorum
872 3690 1033 3745 enim
1088 3689 1353 3744 dimidia
1432 3696 1632 3760 partes
1703 3696 1843 3746 sunt

181 3780 470 3853 aquales,
503 3781 636 3852 ipsa
668 3785 789 3835 tota
820 3784 958 3834 sunt
981 3777 1258 3850 aqualia.
1289 3780 1367 3832 Ex
1381 3779 1592 3834 eadem
1615 3780 1842 3836 ratione

183 3875 249 3924 ut
275 3885 338 3924 se
361 3868 606 3924 habetN
654 3868 732 3922 ad
787 3871 829 3937 1,
877 3867 958 3922 ita
1001 3867 1181 3922 etiam
1234 3869 1271 3921 Ζ
1333 3866 1410 3922 ad
1469 3869 1487 3920 l
1535 3868 1843 3939 utriusque

183 3958 348 4014 enim
379 3963 648 4012 centrum
687 3960 778 4012 est
809 3958 846 4010 Ι.
875 3958 1000 4011 Non
1033 3971 1206 4010 secus
1229 3961 1408 4026 atque
1445 3957 1837 4012 terminorum

185 4049 231 4114 Ο
263 4051 280 4102 ι
310 4050 582 4102 centrum
612 4052 702 4100 est
728 4047 791 4100 N.
821 4044 1000 4116 Atqui
1045 4044 1087 4097 Β
1146 4044 1164 4097 Ι
1211 4047 1249 4098 Χ
1304 4044 1325 4097 I
1382 4045 1640 4116 aqualia
1706 4051 1845 4101 sunt

184 4135 302 4192 illis
329 4137 370 4189 Ν
404 4135 424 4189 l
455 4137 491 4189 Ζ
523 4137 542 4188 l
577 4150 590 4199 ;
619 4149 754 4189 nam
784 4135 1137 4188 [commune
1158 4137 1420 4187 centrum
1435 4137 1540 4188 est.
1562 4133 1845 4189 Diameter

189 4239 335 4293 ergo
365 4226 406 4278 Β
447 4225 507 4292 Χ,
537 4222 738 4278 circuli
770 4225 807 4277 F
837 4224 898 4292 Τ,
929 4220 1176 4293 aequalis
1217 4225 1304 4274 est
1349 4221 1642 4277 diametro
1680 4229 1719 4274 Z
1776 4225 1843 4280 N.

1947 3070 2126 3125 etiam
2154 3072 2201 3122 A
2233 3071 2269 3122 Β
2291 3069 2398 3123 erit
2427 3067 2673 3141 aqualis
2702 3067 2995 3124 diametro
3022 3072 3066 3124 N
3096 3071 3157 3140 Y,
3185 3075 3239 3125 et
3283 3073 3325 3126 R
3399 3074 3417 3125 Ι
3464 3070 3597 3127 dia-

1948 3163 2135 3213 meter
2164 3155 2411 3230 aqualis
2467 3157 2760 3211 diametro
2819 3159 2855 3210 Β
2905 3159 2965 3224 Χ,
3014 3161 3069 3212 et
3120 3157 3411 3214 diameter
3465 3160 3504 3211 Ζ
3553 3162 3597 3216 Ν

1949 3245 2196 3318 aqualis
2218 3245 2559 3301 diametrol
2601 3246 2667 3314 Q,
2709 3248 2765 3299 et
2792 3243 3081 3301 diameter
3115 3243 3196 3301 FF
3247 3251 3288 3303 Ν
3349 3247 3598 3320 aqualis

1949 3335 2241 3390 diametro
2273 3335 2315 3389 U
2340 3335 2382 3386 D
2415 3353 2428 3401 ;
2457 3340 2512 3388 et
2532 3333 2880 3388 diameterx
2917 3340 2956 3389 Α
2996 3333 3245 3406 aqualis
3305 3336 3597 3393 diametro

1951 3426 1994 3480 U
2026 3425 2064 3479 C
2088 3441 2100 3492 ;
2125 3423 2385 3494 denique
2408 3422 2656 3492 singula
2678 3423 2925 3493 singulis
2961 3428 3100 3478 sunt
3126 3425 3390 3496 aequales
3415 3444 3428 3494 ;
3454 3442 3597 3481 nam

1950 3529 2087 3585 qua
2125 3511 2321 3567 eidem
2355 3516 2492 3566 sunt
2517 3511 2885 3583 aqualiailla
2905 3511 3057 3567 inter
3074 3530 3134 3570 se
3166 3510 3598 3586 suntaqualia.

1949 3603 2014 3656 Et
2046 3602 2088 3666 Ο
2131 3601 2236 3657 HS
2268 3601 2308 3653 L
2339 3599 2439 3656 FT
2471 3601 2513 3656 Ο
2543 3601 2656 3656 ΚΜ
2716 3601 2756 3656 G
2815 3605 2955 3656 sunt
2994 3602 3272 3672 aequales,
3334 3602 3533 3659 circuli
3583 3623 3597 3675 ;

1948 3706 2093 3746 nam
2115 3690 2343 3760 ﬁgura,
2373 3705 2632 3761 quarum
2663 3689 2938 3745 diametri
2968 3695 3105 3746 sunt
3134 3691 3420 3764 aquales,
3451 3693 3601 3765 ipsa

1947 3780 2099 3834 inter
2117 3795 2177 3835 se
2212 3783 2350 3834 sunt
2383 3777 2646 3850 aquales
2691 3797 2703 3847 ;
2737 3784 2792 3834 et
2820 3779 3078 3850 quodex
3108 3779 3252 3851 ipsis
3298 3780 3601 3837 diametris

1949 3868 2326 3923 constituitur
2357 3866 2722 3936 triangulum
2746 3867 2975 3939 aquale
3008 3874 3113 3923 est.
3139 3869 3434 3923 Diameter
3458 3885 3600 3940 ergo

1949 3960 1995 4010 A
2035 3959 2097 4024 Β,
2132 3955 2335 4011 circuli
2367 3957 2408 4012 G
2431 3956 2478 4008 H
2500 3960 2763 4012 assumat
2783 3955 3072 4028 aqualem
3095 3956 3206 4010 sibi
3246 3956 3600 4013 diametrum

1951 4049 1998 4099 A
2035 4047 2073 4099 X
2107 4043 2306 4099 circuli
2342 4045 2384 4100 Ο
2406 4044 2459 4096 Κ
2485 4063 2498 4110 ;
2527 4047 2582 4098 et
2602 4044 2734 4115 ipsa
2767 4047 3036 4098 assumat
3059 4043 3422 4100 diametrum
3457 4046 3510 4098 X
3559 4044 3619 4096 B‘

1952 4133 2295 4189 circuliFT.
2337 4133 2621 4204 Fiantque
2667 4131 2855 4187 latera
2901 4137 2957 4187 et
3000 4132 3394 4189 constituatur
3423 4133 3601 4189 trian-

1953 4222 2158 4292 gulum
2189 4226 2229 4276 A
2270 4227 2308 4278 C
2329 4224 2391 4278 X.
2416 4219 2910 4290 Quoniamigitur
2925 4221 3190 4292 aquales
3215 4226 3352 4278 sunt
3377 4221 3602 4278 diameo

191 4316 463 4378 Quorum
486 4312 646 4367 enim
667 4310 933 4366 dimidia
957 4315 1154 4382 partes
1186 4309 1620 4382 suntaquales,
1647 4318 1702 4367 et
1721 4315 1846 4367 tota
1879 4336 1922 4390 ι)
1952 4311 2043 4380 tri,
2059 4314 2122 4365 ut
2138 4310 2612 4365 demonstratum
2643 4313 2753 4377 est,
2783 4311 3125 4365 necessario
3144 4310 3506 4381 triangulum
3530 4328 3604 4367 ex

188 4402 326 4473 ipsa
346 4399 771 4473 suntaqualia.
798 4399 1010 4454 Eodem
1043 4397 1218 4453 modo
1242 4401 1360 4454 utN
1386 4413 1447 4453 se
1469 4399 1652 4455 habet
1674 4400 1750 4454 ad
1778 4401 1841 4466 U,

188 4491 277 4547 ita
299 4490 476 4546 etiam
497 4490 578 4545 FF
605 4487 684 4544 ad
711 4491 779 4556 U;
805 4487 1110 4560 utriusque
1127 4487 1288 4542 enim
1319 4488 1551 4542 termini
1573 4493 1844 4543 centrum

189 4583 282 4636 est
313 4581 378 4647 U,
407 4582 471 4634 ut
498 4582 540 4634 N
576 4597 588 4636 :
624 4583 893 4633 centrum
923 4581 1010 4631 est
1035 4576 1427 4632 terminorum
1460 4578 1502 4632 U
1553 4579 1615 4631 D.
1668 4577 1845 4650 Atqui

185 4675 236 4723 Α
270 4668 314 4722 U
348 4668 387 4721 Χ
419 4669 461 4722 U
484 4670 621 4721 sunt
646 4663 904 4737 aqualia
924 4664 1049 4719 istis
1081 4666 1124 4719 N
1161 4666 1200 4720 U
1259 4665 1300 4720 U
1348 4665 1447 4719 FF.
1498 4655 1646 4720 Nam
1705 4681 1844 4720 cen-

184 4763 348 4813 trum
390 4769 711 4811 commune
743 4759 829 4809 est
859 4755 922 4808 U.
959 4753 1254 4810 Diameter
1286 4769 1427 4822 ergo
1465 4755 1514 4806 A
1552 4756 1593 4809 Χ
1642 4754 1845 4810 circuli

184 4847 232 4902 0
256 4846 302 4899 Κ
330 4843 582 4916 aqualis
614 4849 702 4899 est
727 4842 1021 4899 diametro
1051 4841 1244 4913 ipsius
1304 4843 1383 4896 FF
1442 4844 1506 4896 N.
1577 4844 1844 4907 Quorum

179 4935 346 4991 enim
369 4933 622 4988 dimidia
657 4935 795 4987 sunt
807 4930 1086 5002 aqualia,
1106 4935 1228 4986 tota
1249 4930 1381 5002 ipsa
1405 4935 1543 4985 sunt
1567 4930 1842 5003 aqualia,

178 5026 268 5081 Ex
289 5021 503 5079 eadem
527 5022 759 5078 ratione
794 5027 859 5075 ut
891 5035 954 5075 se
984 5018 1168 5074 habet
1197 5022 1240 5074 N
1281 5019 1358 5073 ad
1397 5023 1467 5088 A,
1496 5020 1579 5075 ita
1601 5019 1776 5075 etiam
1804 5022 1845 5074 E

176 5112 262 5171 ad
296 5116 340 5166 A
362 5131 379 5184 ;
407 5113 716 5183 utriusque
737 5110 891 5165 enim
919 5115 1185 5164 centrum
1207 5114 1294 5164 est
1323 5115 1389 5164 A.
1415 5111 1542 5165 Non
1561 5125 1730 5166 secus
1761 5115 1843 5166 at-

179 5217 301 5275 que
318 5201 713 5258 terminorum
731 5202 768 5254 Β
799 5203 864 5270 Α,
893 5203 1160 5253 centrum
1186 5202 1274 5253 est
1302 5199 1560 5269 N.Atqui
1579 5201 1618 5255 C
1642 5203 1688 5251 A
1721 5201 1841 5269 UA,

184 5293 445 5364 aqualia
470 5294 614 5346 sunt
630 5288 755 5344 istis
782 5292 823 5344 Ν
852 5293 894 5342 Α
929 5289 970 5342 U
1001 5293 1076 5354 A;
1097 5302 1231 5342 nam
1248 5291 1512 5342 centrum
1535 5302 1844 5344 commune

191 5387 284 5439 est
307 5385 377 5438 Α.
418 5381 722 5437 Diameter
745 5391 886 5448 ergo
920 5378 960 5431 C
991 5377 1056 5439 U,
1089 5375 1290 5430 circuli
1312 5379 1360 5432 Μ
1391 5378 1451 5446 C,
1477 5377 1728 5449 aqualis
1758 5380 1846 5432 est

187 5473 385 5548 ipsius
435 5469 735 5527 diametro
765 5470 804 5521 Β
830 5469 873 5522 Ν
911 5481 927 5532 ;
957 5479 1218 5536 quorum
1257 5464 1418 5521 enim
1441 5465 1692 5522 dimidia
1705 5469 1846 5522 sunt

1952 4398 2042 4453 his
2073 4398 2461 4454 constitutum
2499 4402 2586 4452 est
2610 4396 3021 4470 aquilaterum
3048 4403 3105 4454 et
3124 4399 3601 4472 aquiangulum.

1953 4486 2234 4542 Diametri
2269 4502 2410 4556 ergo
2441 4503 2512 4542 ex
2531 4491 2733 4541 centro
2772 4502 2842 4542 ex
2896 4487 3097 4544 medio
3123 4488 3316 4544 ducta
3341 4489 3605 4562 aquales

1952 4577 2320 4631 constituunt
2347 4576 2594 4648 ﬁguras,
2631 4576 3130 4649 quandoquidem
3169 4579 3364 4635 omnis
3404 4577 3606 4635 circuli

1952 4663 2235 4720 diameter
2255 4671 2341 4720 est
2371 4663 2883 4738 aqualis;idcirco
2895 4666 3144 4739 quilibet
3161 4668 3352 4740 ipsius
3378 4685 3518 4740 pars
3545 4668 3606 4723 in

1953 4759 2220 4809 centrum
2253 4769 2614 4809 concurrens
2637 4753 2883 4826 reliquis
2911 4756 3184 4827 partibus
3207 4761 3296 4811 est
3332 4755 3602 4828 aqualis,

1953 4848 2018 4898 ut
2048 4859 2233 4915 supra
2254 4843 2732 4899 demonstratum
2762 4849 2872 4899 est.
2907 4849 2976 4899 At
3037 4845 3151 4900 hoc
3206 4846 3269 4899 in
3307 4843 3605 4914 triangula

1951 4932 2153 4988 locum
2185 4948 2306 4988 non
2327 4932 2513 4988 habet
2546 4948 2559 4998 ;
2588 4949 2734 4988 nam
2755 4932 2942 5004 ipsius
2963 4931 3148 4988 latera
3180 4947 3302 4987 non
3343 4931 3608 4988 efﬁciunt

1952 5021 2262 5088 circulum,
2314 5026 2418 5077 aut
2468 5021 2835 5091 triangulum
2883 5020 3114 5091 aquale
3158 5019 3457 5092 triangulo
3504 5024 3609 5076 aut

1952 5109 2172 5165 circulo
2202 5110 2305 5182 qui
2358 5125 2430 5164 ex
2481 5110 2668 5182 ipsius
2725 5108 3016 5162 diametro
3070 5107 3398 5180 conﬁcitur,
3461 5124 3606 5164 nam

1951 5197 2243 5253 diameter
2281 5197 2485 5253 circuli
2507 5202 2560 5251 et
2584 5196 2754 5251 tertia
2780 5209 2919 5265 pars
2977 5195 3398 5251 circumducta
3436 5195 3607 5251 linea

1951 5301 2138 5358 quam
2179 5287 2227 5342 si
2253 5287 2386 5359 quis
2409 5289 2675 5342 assumat
2697 5288 2754 5338 et
2778 5281 3082 5354 adhibeat,
3109 5287 3609 5342 utsecetcircum-

1953 5375 2260 5432 ferentiam
2286 5375 2508 5443 circuli,
2535 5380 2649 5428 tres
2684 5371 2944 5443 aequales
2959 5372 3456 5432 diametrolineas
3487 5372 3610 5434 eiﬁ-

1956 5466 2090 5537 ciet;
2123 5481 2306 5538 quam
2338 5463 2583 5536 quidem
2607 5461 2795 5516 lineas
2815 5459 2862 5515 si
2882 5460 3018 5532 quis
3048 5467 3114 5520 ut
3165 5464 3352 5522 latera
3397 5465 3606 5536 ponat,
