  <div class='ocr_page' id='page_1' title='image "/cluster/home/n/w/nwhite01/storage/ocr_20150623/140/mdp.39015022213980/701.png"; bbox 0 0 4064 6308; ppageno 0'>
   <div class='ocr_carea' id='block_1_1' title="bbox 469 117 602 182">
    <p class='ocr_par' dir='ltr' id='par_1_1' title="bbox 469 117 602 182">
     <span class='ocr_line' id='line_1_1' title="bbox 469 117 602 182; baseline -0.015 0"><span class='ocrx_word' id='word_1_1' title='bbox 469 117 602 182; x_wconf 71' lang='grc'>1383</span> 
     </span>
    </p>
   </div>
   <div class='ocr_carea' id='block_1_2' title="bbox 1928 100 2344 201">
    <p class='ocr_par' dir='ltr' id='par_1_2' title="bbox 1928 100 2344 201">
     <span class='ocr_line' id='line_1_2' title="bbox 1928 100 2344 201; baseline 0.01 -30"><span class='ocrx_word' id='word_1_2' title='bbox 1928 198 1934 201; x_wconf 90' lang='lat'>_</span> <span class='ocrx_word' id='word_1_3' title='bbox 1989 100 2344 176; x_wconf 73' lang='lat' dir='ltr'>ADDENDA.</span> 
     </span>
    </p>
   </div>
   <div class='ocr_carea' id='block_1_3' title="bbox 3751 115 3877 181">
    <p class='ocr_par' dir='ltr' id='par_1_3' title="bbox 3751 115 3877 181">
     <span class='ocr_line' id='line_1_3' title="bbox 3751 115 3877 181; baseline 0.008 -1"><span class='ocrx_word' id='word_1_4' title='bbox 3751 115 3877 181; x_wconf 76' lang='grc'>1384</span> 
     </span>
    </p>
   </div>
   <div class='ocr_carea' id='block_1_4' title="bbox 492 238 3856 325">
    <p class='ocr_par' dir='ltr' id='par_1_4' title="bbox 492 238 3856 325">
     <span class='ocr_line' id='line_1_4' title="bbox 492 238 3856 325; baseline -0.001 -22"><span class='ocrx_word' id='word_1_5' title='bbox 492 250 835 325; x_wconf 78' lang='grc' dir='ltr'>περιφερείας,</span> <span class='ocrx_word' id='word_1_6' title='bbox 871 245 932 306; x_wconf 81' lang='grc' dir='ltr'>ἣν</span> <span class='ocrx_word' id='word_1_7' title='bbox 987 264 1068 308; x_wconf 83' lang='grc' dir='ltr'>τις</span> <span class='ocrx_word' id='word_1_8' title='bbox 1118 243 1163 298; x_wconf 83' lang='grc' dir='ltr'>εἰ</span> <span class='ocrx_word' id='word_1_9' title='bbox 1197 241 1327 317; x_wconf 78' lang='grc' dir='ltr'>λάϐῃ</span> <span class='ocrx_word' id='word_1_10' title='bbox 1387 246 1477 295; x_wconf 85' lang='grc' dir='ltr'>καὶ</span> <span class='ocrx_word' id='word_1_11' title='bbox 1537 249 1600 316; x_wconf 75' lang='grc' dir='ltr'>τῇ</span> <span class='ocrx_word' id='word_1_12' title='bbox 1661 238 1924 317; x_wconf 71' lang='grc' dir='ltr'>διαμέτρῳ</span> <span class='ocrx_word' id='word_1_13' title='bbox 1983 243 2085 306; x_wconf 86' lang='grc' dir='ltr'>θεὶς</span> <span class='ocrx_word' id='word_1_14' title='bbox 2141 247 2187 301; x_wconf 84' lang='grc' dir='ltr'><strong>Α</strong></span> <span class='ocrx_word' id='word_1_15' title='bbox 2249 265 2352 317; x_wconf 88' lang='grc' dir='ltr'>τος,</span> <span class='ocrx_word' id='word_1_16' title='bbox 2375 252 2525 302; x_wconf 82' lang='grc' dir='ltr'>τοῦΑ</span> <span class='ocrx_word' id='word_1_17' title='bbox 2593 257 2631 303; x_wconf 88' lang='grc' dir='ltr'><strong>Β</strong></span> <span class='ocrx_word' id='word_1_18' title='bbox 2689 256 2727 303; x_wconf 96' lang='grc' dir='ltr'><strong>Γ</strong></span> <span class='ocrx_word' id='word_1_19' title='bbox 2771 251 3048 322; x_wconf 77' lang='grc' dir='ltr'>τριγώνου,</span> <span class='ocrx_word' id='word_1_20' title='bbox 3096 243 3374 323; x_wconf 74' lang='grc' dir='ltr'>διάμετρος</span> <span class='ocrx_word' id='word_1_21' title='bbox 3439 244 3501 301; x_wconf 65' lang='grc' dir='ltr'>δὲ</span> <span class='ocrx_word' id='word_1_22' title='bbox 3560 254 3660 300; x_wconf 74' lang='grc' dir='ltr'>τοῦ</span> <span class='ocrx_word' id='word_1_23' title='bbox 3717 255 3763 301; x_wconf 87' lang='lat' dir='ltr'>II</span> <span class='ocrx_word' id='word_1_24' title='bbox 3823 257 3856 300; x_wconf 84' lang='grc' dir='ltr'>Σ</span> 
     </span>
    </p>
   </div>
   <div class='ocr_carea' id='block_1_5' title="bbox 492 331 2088 413">
    <p class='ocr_par' dir='ltr' id='par_1_5' title="bbox 492 331 2088 413">
     <span class='ocr_line' id='line_1_5' title="bbox 492 331 2088 413; baseline -0.005 -21"><span class='ocrx_word' id='word_1_25' title='bbox 492 347 652 413; x_wconf 82' lang='grc' dir='ltr'>τεμεῖ,</span> <span class='ocrx_word' id='word_1_26' title='bbox 708 343 843 413; x_wconf 84' lang='grc' dir='ltr'>τρεῖς</span> <span class='ocrx_word' id='word_1_27' title='bbox 896 336 1016 396; x_wconf 81' lang='grc' dir='ltr'>ἴσας</span> <span class='ocrx_word' id='word_1_28' title='bbox 1081 336 1242 407; x_wconf 71' lang='grc' dir='ltr'>ταύτῃ</span> <span class='ocrx_word' id='word_1_29' title='bbox 1312 338 1523 392; x_wconf 82' lang='grc' dir='ltr'>ποιήσιι</span> <span class='ocrx_word' id='word_1_30' title='bbox 1579 331 1636 394; x_wconf 81' lang='grc' dir='ltr'>ἃς</span> <span class='ocrx_word' id='word_1_31' title='bbox 1702 334 1808 395; x_wconf 84' lang='grc' dir='ltr'>θεὶς</span> <span class='ocrx_word' id='word_1_32' title='bbox 1862 331 2088 407; x_wconf 80' lang='grc' dir='ltr'>πλευρὰς</span> 
     </span>
    </p>
   </div>
   <div class='ocr_carea' id='block_1_6' title="bbox 497 419 2089 502">
    <p class='ocr_par' dir='ltr' id='par_1_6' title="bbox 497 419 2089 502">
     <span class='ocr_line' id='line_1_6' title="bbox 497 419 2089 502; baseline -0.004 -20"><span class='ocrx_word' id='word_1_33' title='bbox 497 429 767 502; x_wconf 82' lang='grc' dir='ltr'>ἰσογώνιον</span> <span class='ocrx_word' id='word_1_34' title='bbox 825 430 916 479; x_wconf 84' lang='grc' dir='ltr'>καὶ</span> <span class='ocrx_word' id='word_1_35' title='bbox 973 422 1274 498; x_wconf 81' lang='grc' dir='ltr'>ἰσόπλευρον</span> <span class='ocrx_word' id='word_1_36' title='bbox 1339 427 1547 481; x_wconf 79' lang='grc' dir='ltr'>ποιησει</span> <span class='ocrx_word' id='word_1_37' title='bbox 1595 426 1862 496; x_wconf 79' lang='grc' dir='ltr'>τρίγωνον,</span> <span class='ocrx_word' id='word_1_38' title='bbox 1928 422 1972 475; x_wconf 84' lang='grc' dir='ltr'>εἰ</span> <span class='ocrx_word' id='word_1_39' title='bbox 2030 419 2089 475; x_wconf 65' lang='grc' dir='ltr'>δὲ</span> 
     </span>
    </p>
   </div>
   <div class='ocr_carea' id='block_1_7' title="bbox 492 509 2088 594">
    <p class='ocr_par' dir='ltr' id='par_1_7' title="bbox 492 509 2088 594">
     <span class='ocr_line' id='line_1_7' title="bbox 492 509 2088 594; baseline -0.006 -22"><span class='ocrx_word' id='word_1_40' title='bbox 492 523 628 594; x_wconf 69' lang='grc' dir='ltr'>τρεῖς</span> <span class='ocrx_word' id='word_1_41' title='bbox 712 515 1029 590; x_wconf 75' lang='grc' dir='ltr'>διαμέτρους</span> <span class='ocrx_word' id='word_1_42' title='bbox 1091 512 1366 580; x_wconf 75' lang='grc' dir='ltr'>κυκλώσει,</span> <span class='ocrx_word' id='word_1_43' title='bbox 1419 517 1592 588; x_wconf 84' lang='grc' dir='ltr'>τρίτον</span> <span class='ocrx_word' id='word_1_44' title='bbox 1646 509 1705 565; x_wconf 68' lang='grc' dir='ltr'>δὲ</span> <span class='ocrx_word' id='word_1_45' title='bbox 1779 516 2088 587; x_wconf 75' lang='grc' dir='ltr'>περιμέτρου</span> 
     </span>
    </p>
   </div>
   <div class='ocr_carea' id='block_1_8' title="bbox 496 600 2090 680">
    <p class='ocr_par' dir='ltr' id='par_1_8' title="bbox 496 600 2090 680">
     <span class='ocr_line' id='line_1_8' title="bbox 496 600 2090 680; baseline -0.005 -18"><span class='ocrx_word' id='word_1_46' title='bbox 496 611 647 667; x_wconf 79' lang='grc' dir='ltr'>θήσει</span> <span class='ocrx_word' id='word_1_47' title='bbox 688 603 986 680; x_wconf 79' lang='grc' dir='ltr'>διάμετρον,</span> <span class='ocrx_word' id='word_1_48' title='bbox 1039 603 1064 656; x_wconf 86' lang='grc' dir='ltr'><strong><em>ὁ</em></strong></span> <span class='ocrx_word' id='word_1_49' title='bbox 1123 602 1282 667; x_wconf 71' lang='grc' dir='ltr'>αὐτὸς</span> <span class='ocrx_word' id='word_1_50' title='bbox 1327 607 1418 655; x_wconf 84' lang='grc' dir='ltr'>καὶ</span> <span class='ocrx_word' id='word_1_51' title='bbox 1467 602 1620 656; x_wconf 76' lang='grc' dir='ltr'>πάλιν</span> <span class='ocrx_word' id='word_1_52' title='bbox 1677 600 1866 664; x_wconf 79' lang='grc' dir='ltr'>κύκλος</span> <span class='ocrx_word' id='word_1_53' title='bbox 1935 605 2090 674; x_wconf 79' lang='grc' dir='ltr'>γενή-</span> 
     </span>
    </p>
   </div>
   <div class='ocr_carea' id='block_1_9' title="bbox 495 717 661 752">
    <p class='ocr_par' dir='ltr' id='par_1_9' title="bbox 495 717 661 752">
     <span class='ocr_line' id='line_1_9' title="bbox 495 717 661 752; baseline 0.012 -2"><span class='ocrx_word' id='word_1_54' title='bbox 495 717 661 752; x_wconf 89' lang='grc' dir='ltr'>σεται.</span> 
     </span>
    </p>
   </div>
   <div class='ocr_carea' id='block_1_10' title="bbox 565 796 2094 876">
    <p class='ocr_par' dir='ltr' id='par_1_10' title="bbox 565 796 2094 876">
     <span class='ocr_line' id='line_1_10' title="bbox 565 796 2094 876; baseline -0.005 -19"><span class='ocrx_word' id='word_1_55' title='bbox 565 803 618 861; x_wconf 82' lang='grc' dir='ltr'>ι“.</span> <span class='ocrx_word' id='word_1_56' title='bbox 657 802 780 876; x_wconf 82' lang='grc' dir='ltr'>Ούχ</span> <span class='ocrx_word' id='word_1_57' title='bbox 806 800 971 862; x_wconf 83' lang='grc' dir='ltr'>οὕτως</span> <span class='ocrx_word' id='word_1_58' title='bbox 996 796 1056 854; x_wconf 70' lang='grc' dir='ltr'>δὲ</span> <span class='ocrx_word' id='word_1_59' title='bbox 1095 797 1180 853; x_wconf 74' lang='grc' dir='ltr'>ἐπὶ</span> <span class='ocrx_word' id='word_1_60' title='bbox 1227 806 1320 852; x_wconf 80' lang='grc' dir='ltr'>τοῦ</span> <span class='ocrx_word' id='word_1_61' title='bbox 1349 803 1624 875; x_wconf 77' lang='grc' dir='ltr'>τριγώνου·</span> <span class='ocrx_word' id='word_1_62' title='bbox 1667 797 1726 851; x_wconf 84' lang='grc' dir='ltr'>ού</span> <span class='ocrx_word' id='word_1_63' title='bbox 1756 799 1858 872; x_wconf 82' lang='grc' dir='ltr'>γὰρ</span> <span class='ocrx_word' id='word_1_64' title='bbox 1890 800 1948 850; x_wconf 86' lang='grc' dir='ltr'>τό</span> <span class='ocrx_word' id='word_1_65' title='bbox 1981 801 2094 871; x_wconf 84' lang='grc' dir='ltr'>τρί-</span> 
     </span>
    </p>
   </div>
   <div class='ocr_carea' id='block_1_11' title="bbox 492 887 2096 966">
    <p class='ocr_par' dir='ltr' id='par_1_11' title="bbox 492 887 2096 966">
     <span class='ocr_line' id='line_1_11' title="bbox 492 887 2096 966; baseline -0.005 -19"><span class='ocrx_word' id='word_1_66' title='bbox 492 913 579 948; x_wconf 88' lang='grc' dir='ltr'>τον</span> <span class='ocrx_word' id='word_1_67' title='bbox 607 900 698 955; x_wconf 85' lang='grc' dir='ltr'>τςῆ</span> <span class='ocrx_word' id='word_1_68' title='bbox 733 891 892 946; x_wconf 73' lang='grc' dir='ltr'>αὐτοῦ</span> <span class='ocrx_word' id='word_1_69' title='bbox 929 892 1240 966; x_wconf 81' lang='grc' dir='ltr'>περιμέτρου</span> <span class='ocrx_word' id='word_1_70' title='bbox 1280 889 1310 948; x_wconf 76' lang='grc' dir='ltr'>ἦ</span> <span class='ocrx_word' id='word_1_71' title='bbox 1371 890 1590 942; x_wconf 88' lang='grc' dir='ltr'>καθέτου</span> <span class='ocrx_word' id='word_1_72' title='bbox 1655 895 1767 941; x_wconf 83' lang='grc' dir='ltr'>ἴσον</span> <span class='ocrx_word' id='word_1_73' title='bbox 1828 895 1890 961; x_wconf 72' lang='grc' dir='ltr'>τῇ</span> <span class='ocrx_word' id='word_1_74' title='bbox 1936 887 2096 940; x_wconf 75' lang='grc' dir='ltr'>αὐτοῦ</span> 
     </span>
    </p>
   </div>
   <div class='ocr_carea' id='block_1_12' title="bbox 495 975 2098 1058">
    <p class='ocr_par' dir='ltr' id='par_1_12' title="bbox 495 975 2098 1058">
     <span class='ocr_line' id='line_1_12' title="bbox 495 975 2098 1058; baseline -0.004 -21"><span class='ocrx_word' id='word_1_75' title='bbox 495 980 783 1058; x_wconf 76' lang='grc' dir='ltr'>διαμέτρῳ,</span> <span class='ocrx_word' id='word_1_76' title='bbox 838 979 967 1034; x_wconf 77' lang='grc' dir='ltr'>ἀλλὰ</span> <span class='ocrx_word' id='word_1_77' title='bbox 1004 980 1203 1053; x_wconf 79' lang='grc' dir='ltr'>μεῖζον,</span> <span class='ocrx_word' id='word_1_78' title='bbox 1246 980 1382 1032; x_wconf 82' lang='grc' dir='ltr'>ὥστε</span> <span class='ocrx_word' id='word_1_79' title='bbox 1430 981 1647 1052; x_wconf 83' lang='grc' dir='ltr'>μείζονα</span> <span class='ocrx_word' id='word_1_80' title='bbox 1708 982 1799 1030; x_wconf 86' lang='grc' dir='ltr'>καὶ</span> <span class='ocrx_word' id='word_1_81' title='bbox 1852 975 2098 1031; x_wconf 75' lang='grc' dir='ltr'>ἐλάττονα</span> 
     </span>
    </p>
   </div>
   <div class='ocr_carea' id='block_1_13' title="bbox 493 1067 2094 1144">
    <p class='ocr_par' dir='ltr' id='par_1_13' title="bbox 493 1067 2094 1144">
     <span class='ocr_line' id='line_1_13' title="bbox 493 1067 2094 1144; baseline -0.004 -18"><span class='ocrx_word' id='word_1_82' title='bbox 493 1077 582 1126; x_wconf 82' lang='grc' dir='ltr'>καὶ</span> <span class='ocrx_word' id='word_1_83' title='bbox 603 1071 788 1125; x_wconf 89' lang='grc' dir='ltr'>κύκλον</span> <span class='ocrx_word' id='word_1_84' title='bbox 813 1075 902 1123; x_wconf 82' lang='grc' dir='ltr'>καὶ</span> <span class='ocrx_word' id='word_1_85' title='bbox 932 1075 1182 1144; x_wconf 80' lang='grc' dir='ltr'>τρίγωνον</span> <span class='ocrx_word' id='word_1_86' title='bbox 1213 1072 1530 1128; x_wconf 79' lang='grc' dir='ltr'>ποιήσουσιν</span> <span class='ocrx_word' id='word_1_87' title='bbox 1571 1069 1626 1122; x_wconf 88' lang='grc' dir='ltr'>αἰ</span> <span class='ocrx_word' id='word_1_88' title='bbox 1683 1069 1869 1120; x_wconf 87' lang='grc' dir='ltr'>τούτου</span> <span class='ocrx_word' id='word_1_89' title='bbox 1936 1067 2094 1120; x_wconf 86' lang='grc' dir='ltr'>πλευ-</span> 
     </span>
    </p>
   </div>
   <div class='ocr_carea' id='block_1_14' title="bbox 493 1153 2097 1236">
    <p class='ocr_par' dir='ltr' id='par_1_14' title="bbox 493 1153 2097 1236">
     <span class='ocr_line' id='line_1_14' title="bbox 493 1153 2097 1236; baseline -0.004 -21"><span class='ocrx_word' id='word_1_90' title='bbox 493 1166 583 1236; x_wconf 83' lang='grc' dir='ltr'>ραί</span> <span class='ocrx_word' id='word_1_91' title='bbox 611 1178 666 1215; x_wconf 84' lang='grc' dir='ltr'>τε</span> <span class='ocrx_word' id='word_1_92' title='bbox 694 1166 785 1214; x_wconf 82' lang='grc' dir='ltr'>καὶ</span> <span class='ocrx_word' id='word_1_93' title='bbox 815 1162 844 1220; x_wconf 81' lang='grc' dir='ltr'><strong>ἠ</strong></span> <span class='ocrx_word' id='word_1_94' title='bbox 890 1155 1173 1234; x_wconf 73' lang='grc' dir='ltr'>διάμετρος</span> <span class='ocrx_word' id='word_1_95' title='bbox 1197 1163 1286 1210; x_wconf 85' lang='grc' dir='ltr'>καὶ</span> <span class='ocrx_word' id='word_1_96' title='bbox 1316 1159 1346 1217; x_wconf 82' lang='grc' dir='ltr'>ἡ</span> <span class='ocrx_word' id='word_1_97' title='bbox 1389 1159 1624 1219; x_wconf 74' lang='grc' dir='ltr'>κάθετος·</span> <span class='ocrx_word' id='word_1_98' title='bbox 1669 1160 1780 1210; x_wconf 82' lang='grc' dir='ltr'>ἔστι</span> <span class='ocrx_word' id='word_1_99' title='bbox 1829 1153 1888 1210; x_wconf 74' lang='grc' dir='ltr'>δὲ</span> <span class='ocrx_word' id='word_1_100' title='bbox 1945 1165 2097 1209; x_wconf 84' lang='grc' dir='ltr'>τοῦτο</span> 
     </span>
    </p>
   </div>
   <div class='ocr_carea' id='block_1_15' title="bbox 493 1245 2097 1324">
    <p class='ocr_par' dir='ltr' id='par_1_15' title="bbox 493 1245 2097 1324">
     <span class='ocr_line' id='line_1_15' title="bbox 493 1245 2097 1324; baseline -0.004 -19"><span class='ocrx_word' id='word_1_101' title='bbox 493 1260 587 1315; x_wconf 82' lang='grc' dir='ltr'>τῆς</span> <span class='ocrx_word' id='word_1_102' title='bbox 647 1247 975 1316; x_wconf 79' lang='grc' dir='ltr'>ἀνισότητος,</span> <span class='ocrx_word' id='word_1_103' title='bbox 1031 1252 1120 1300; x_wconf 80' lang='grc' dir='ltr'>καὶ</span> <span class='ocrx_word' id='word_1_104' title='bbox 1160 1250 1278 1324; x_wconf 73' lang='grc' dir='ltr'>περὶ</span> <span class='ocrx_word' id='word_1_105' title='bbox 1317 1250 1407 1320; x_wconf 71' lang='grc' dir='ltr'>μὲν</span> <span class='ocrx_word' id='word_1_106' title='bbox 1458 1255 1558 1301; x_wconf 90' lang='grc' dir='ltr'>τῶν</span> <span class='ocrx_word' id='word_1_107' title='bbox 1617 1245 1779 1300; x_wconf 76' lang='grc' dir='ltr'>ἄλλων</span> <span class='ocrx_word' id='word_1_108' title='bbox 1836 1252 2097 1320; x_wconf 81' lang='grc' dir='ltr'>τριγώνων</span> 
     </span>
    </p>
   </div>
   <div class='ocr_carea' id='block_1_16' title="bbox 493 1334 2097 1412">
    <p class='ocr_par' dir='ltr' id='par_1_16' title="bbox 493 1334 2097 1412">
     <span class='ocr_line' id='line_1_16' title="bbox 493 1334 2097 1412; baseline -0.004 -18"><span class='ocrx_word' id='word_1_109' title='bbox 493 1337 671 1404; x_wconf 74' lang='grc' dir='ltr'>οὐδεὶς</span> <span class='ocrx_word' id='word_1_110' title='bbox 720 1340 788 1401; x_wconf 85' lang='grc' dir='ltr'>εἰς</span> <span class='ocrx_word' id='word_1_111' title='bbox 845 1334 1116 1401; x_wconf 71' lang='grc' dir='ltr'>ἀπόδειξιν</span> <span class='ocrx_word' id='word_1_112' title='bbox 1181 1337 1353 1409; x_wconf 74' lang='grc' dir='ltr'>λόγος⁸</span> <span class='ocrx_word' id='word_1_113' title='bbox 1422 1337 1644 1412; x_wconf 73' lang='grc' dir='ltr'>ἐναργὴς</span> <span class='ocrx_word' id='word_1_114' title='bbox 1700 1337 1799 1410; x_wconf 82' lang='grc' dir='ltr'>γὰρ</span> <span class='ocrx_word' id='word_1_115' title='bbox 1858 1334 1887 1394; x_wconf 85' lang='grc' dir='ltr'><strong>ἠ</strong></span> <span class='ocrx_word' id='word_1_116' title='bbox 1989 1337 2097 1404; x_wconf 89' lang='grc' dir='ltr'>θεα,</span> 
     </span>
    </p>
   </div>
   <div class='ocr_carea' id='block_1_17' title="bbox 495 1421 2101 1498">
    <p class='ocr_par' dir='ltr' id='par_1_17' title="bbox 495 1421 2101 1498">
     <span class='ocr_line' id='line_1_17' title="bbox 495 1421 2101 1498; baseline -0.005 -14"><span class='ocrx_word' id='word_1_117' title='bbox 495 1426 600 1484; x_wconf 81' lang='grc' dir='ltr'>οἷον</span> <span class='ocrx_word' id='word_1_118' title='bbox 630 1436 721 1483; x_wconf 81' lang='grc' dir='ltr'>τοῦ</span> <span class='ocrx_word' id='word_1_119' title='bbox 771 1427 1089 1492; x_wconf 80' lang='grc' dir='ltr'>ἰσοσκελοῦς,</span> <span class='ocrx_word' id='word_1_120' title='bbox 1154 1433 1247 1478; x_wconf 74' lang='grc' dir='ltr'>τοῦ</span> <span class='ocrx_word' id='word_1_121' title='bbox 1307 1425 1611 1498; x_wconf 83' lang='grc' dir='ltr'>ὀξυγωνίου,</span> <span class='ocrx_word' id='word_1_122' title='bbox 1679 1432 1772 1478; x_wconf 77' lang='grc' dir='ltr'>τοῦ</span> <span class='ocrx_word' id='word_1_123' title='bbox 1827 1421 2101 1497; x_wconf 80' lang='grc' dir='ltr'>ἀμϐλυγω-</span> 
     </span>
    </p>
   </div>
   <div class='ocr_carea' id='block_1_18' title="bbox 495 1509 2102 1592">
    <p class='ocr_par' dir='ltr' id='par_1_18' title="bbox 495 1509 2102 1592">
     <span class='ocr_line' id='line_1_18' title="bbox 495 1509 2102 1592; baseline -0.005 -20"><span class='ocrx_word' id='word_1_124' title='bbox 495 1521 688 1592; x_wconf 84' lang='grc' dir='ltr'>νίου,ἠ</span> <span class='ocrx_word' id='word_1_125' title='bbox 750 1513 1020 1579; x_wconf 76' lang='grc' dir='ltr'>ἀπόδειξις</span> <span class='ocrx_word' id='word_1_126' title='bbox 1079 1511 1137 1567; x_wconf 67' lang='grc' dir='ltr'>δὲ</span> <span class='ocrx_word' id='word_1_127' title='bbox 1191 1518 1464 1587; x_wconf 79' lang='grc' dir='ltr'>χρήσιμός</span> <span class='ocrx_word' id='word_1_128' title='bbox 1524 1513 1638 1566; x_wconf 81' lang='grc' dir='ltr'>ἐστι</span> <span class='ocrx_word' id='word_1_129' title='bbox 1678 1509 1962 1585; x_wconf 75' lang='grc' dir='ltr'>δειχθῆναι</span> <span class='ocrx_word' id='word_1_130' title='bbox 2015 1511 2102 1565; x_wconf 81' lang='grc' dir='ltr'>ἐπὶ</span> 
     </span>
    </p>
   </div>
   <div class='ocr_carea' id='block_1_19' title="bbox 496 1600 2200 1681">
    <p class='ocr_par' dir='ltr' id='par_1_19' title="bbox 496 1600 2200 1681">
     <span class='ocr_line' id='line_1_19' title="bbox 496 1600 2200 1681; baseline -0.005 -17"><span class='ocrx_word' id='word_1_131' title='bbox 496 1616 592 1664; x_wconf 75' lang='grc' dir='ltr'>τού</span> <span class='ocrx_word' id='word_1_132' title='bbox 655 1607 982 1681; x_wconf 76' lang='grc' dir='ltr'>ἰσοπλεύρου.</span> <span class='ocrx_word' id='word_1_133' title='bbox 1057 1603 1208 1658; x_wconf 83' lang='grc' dir='ltr'>Ἐστι</span> <span class='ocrx_word' id='word_1_134' title='bbox 1265 1600 1324 1656; x_wconf 73' lang='grc' dir='ltr'>δέ</span> <span class='ocrx_word' id='word_1_135' title='bbox 1377 1607 1531 1662; x_wconf 75' lang='grc' dir='ltr'>αύτηο</span> <span class='ocrx_word' id='word_1_136' title='bbox 1584 1605 1614 1662; x_wconf 79' lang='grc' dir='ltr'>η</span> <span class='ocrx_word' id='word_1_137' title='bbox 1679 1610 1771 1656; x_wconf 86' lang='grc' dir='ltr'>τοῦ</span> <span class='ocrx_word' id='word_1_138' title='bbox 1848 1607 2099 1679; x_wconf 86' lang='grc' dir='ltr'>τριγώνου</span> <span class='ocrx_word' id='word_1_139' title='bbox 2155 1601 2200 1656; x_wconf 88' lang='grc' dir='ltr'>Β</span> 
     </span>
    </p>
   </div>
   <div class='ocr_carea' id='block_1_20' title="bbox 497 1689 2100 1771">
    <p class='ocr_par' dir='ltr' id='par_1_20' title="bbox 497 1689 2100 1771">
     <span class='ocr_line' id='line_1_20' title="bbox 497 1689 2100 1771; baseline -0.006 -18"><span class='ocrx_word' id='word_1_140' title='bbox 497 1699 696 1771; x_wconf 82' lang='grc' dir='ltr'>πλευρὰ</span> <span class='ocrx_word' id='word_1_141' title='bbox 717 1702 808 1750; x_wconf 82' lang='grc' dir='ltr'>καὶ</span> <span class='ocrx_word' id='word_1_142' title='bbox 837 1697 866 1754; x_wconf 80' lang='grc' dir='ltr'>ἡ</span> <span class='ocrx_word' id='word_1_143' title='bbox 912 1690 1187 1768; x_wconf 72' lang='grc' dir='ltr'>ἃιὰμετρος</span> <span class='ocrx_word' id='word_1_144' title='bbox 1223 1695 1252 1752; x_wconf 79' lang='grc' dir='ltr'>ἡ</span> <span class='ocrx_word' id='word_1_145' title='bbox 1289 1689 1384 1746; x_wconf 84' lang='grc' dir='ltr'>διὰ</span> <span class='ocrx_word' id='word_1_146' title='bbox 1439 1700 1532 1746; x_wconf 84' lang='grc' dir='ltr'>τοῦ</span> <span class='ocrx_word' id='word_1_147' title='bbox 1590 1696 1802 1766; x_wconf 86' lang='grc' dir='ltr'>κέντρου</span> <span class='ocrx_word' id='word_1_148' title='bbox 1868 1697 1959 1744; x_wconf 81' lang='grc' dir='ltr'>καὶ</span> <span class='ocrx_word' id='word_1_149' title='bbox 2011 1693 2100 1764; x_wconf 74' lang='grc' dir='ltr'>μὲ-</span> 
     </span>
    </p>
   </div>
   <div class='ocr_carea' id='block_1_21' title="bbox 500 1780 2101 1860">
    <p class='ocr_par' dir='ltr' id='par_1_21' title="bbox 500 1780 2101 1860">
     <span class='ocr_line' id='line_1_21' title="bbox 500 1780 2101 1860; baseline -0.006 -18"><span class='ocrx_word' id='word_1_150' title='bbox 500 1809 593 1842; x_wconf 83' lang='grc' dir='ltr'>σου</span> <span class='ocrx_word' id='word_1_151' title='bbox 634 1788 832 1860; x_wconf 80' lang='grc' dir='ltr'>ἠγμένη</span> <span class='ocrx_word' id='word_1_152' title='bbox 879 1788 969 1837; x_wconf 84' lang='grc' dir='ltr'>καὶ</span> <span class='ocrx_word' id='word_1_153' title='bbox 1016 1786 1046 1842; x_wconf 82' lang='grc' dir='ltr'><strong>ἠ</strong></span> <span class='ocrx_word' id='word_1_154' title='bbox 1095 1784 1325 1852; x_wconf 75' lang='grc' dir='ltr'>κάθετος,</span> <span class='ocrx_word' id='word_1_155' title='bbox 1385 1781 1479 1835; x_wconf 73' lang='grc' dir='ltr'>οὐκ</span> <span class='ocrx_word' id='word_1_156' title='bbox 1519 1784 1666 1844; x_wconf 82' lang='grc' dir='ltr'>ἰσους</span> <span class='ocrx_word' id='word_1_157' title='bbox 1720 1780 1939 1843; x_wconf 81' lang='grc' dir='ltr'>κύκλους</span> <span class='ocrx_word' id='word_1_158' title='bbox 1987 1799 2101 1833; x_wconf 84' lang='grc' dir='ltr'>ποι-</span> 
     </span>
    </p>
   </div>
   <div class='ocr_carea' id='block_1_22' title="bbox 497 1866 2093 1946">
    <p class='ocr_par' dir='ltr' id='par_1_22' title="bbox 497 1866 2093 1946">
     <span class='ocr_line' id='line_1_22' title="bbox 497 1866 2093 1946; baseline -0.008 -15"><span class='ocrx_word' id='word_1_159' title='bbox 497 1886 666 1946; x_wconf 78' lang='grc' dir='ltr'>οῦσιν,</span> <span class='ocrx_word' id='word_1_160' title='bbox 702 1875 807 1929; x_wconf 82' lang='grc' dir='ltr'>ἀλλ’</span> <span class='ocrx_word' id='word_1_161' title='bbox 837 1873 1072 1937; x_wconf 82' lang='grc' dir='ltr'>ἁνὶσους,</span> <span class='ocrx_word' id='word_1_162' title='bbox 1107 1871 1214 1924; x_wconf 76' lang='grc' dir='ltr'>ἀλλ’</span> <span class='ocrx_word' id='word_1_163' title='bbox 1239 1866 1363 1924; x_wconf 62' lang='grc' dir='ltr'>οὐδὲ</span> <span class='ocrx_word' id='word_1_164' title='bbox 1393 1876 1622 1944; x_wconf 83' lang='grc' dir='ltr'>τρίγωνα</span> <span class='ocrx_word' id='word_1_165' title='bbox 1678 1866 1771 1922; x_wconf 85' lang='grc' dir='ltr'>ἶσα</span> <span class='ocrx_word' id='word_1_166' title='bbox 1815 1878 1887 1941; x_wconf 83' lang='grc' dir='ltr'>τῷ</span> <span class='ocrx_word' id='word_1_167' title='bbox 1933 1867 2093 1939; x_wconf 67' lang='grc' dir='ltr'>αὐτῷ’</span> 
     </span>
    </p>
   </div>
   <div class='ocr_carea' id='block_1_23' title="bbox 498 1961 2098 2037">
    <p class='ocr_par' dir='ltr' id='par_1_23' title="bbox 498 1961 2098 2037">
     <span class='ocr_line' id='line_1_23' title="bbox 498 1961 2098 2037; baseline -0.006 -18"><span class='ocrx_word' id='word_1_168' title='bbox 498 1963 585 2020; x_wconf 71' lang='grc' dir='ltr'>δεῖ</span> <span class='ocrx_word' id='word_1_169' title='bbox 630 1961 689 2018; x_wconf 65' lang='grc' dir='ltr'>δὲ</span> <span class='ocrx_word' id='word_1_170' title='bbox 748 1968 993 2037; x_wconf 82' lang='grc' dir='ltr'>τρίγωνον</span> <span class='ocrx_word' id='word_1_171' title='bbox 1048 1967 1133 2014; x_wconf 75' lang='grc' dir='ltr'>καὶ</span> <span class='ocrx_word' id='word_1_172' title='bbox 1188 1961 1375 2014; x_wconf 86' lang='grc' dir='ltr'>κύκλον</span> <span class='ocrx_word' id='word_1_173' title='bbox 1441 1968 1970 2036; x_wconf 68' lang='grc' dir='ltr'>σχηματογραφῆσαι</span> <span class='ocrx_word' id='word_1_174' title='bbox 2009 1963 2098 2010; x_wconf 82' lang='grc' dir='ltr'>καὶ</span> 
     </span>
    </p>
   </div>
   <div class='ocr_carea' id='block_1_24' title="bbox 498 2048 2097 2123">
    <p class='ocr_par' dir='ltr' id='par_1_24' title="bbox 498 2048 2097 2123">
     <span class='ocr_line' id='line_1_24' title="bbox 498 2048 2097 2123; baseline -0.006 -13"><span class='ocrx_word' id='word_1_175' title='bbox 498 2054 672 2117; x_wconf 71' lang='grc' dir='ltr'>δεῖξαι</span> <span class='ocrx_word' id='word_1_176' title='bbox 701 2052 910 2113; x_wconf 79' lang='grc' dir='ltr'>ἀνίσους</span> <span class='ocrx_word' id='word_1_177' title='bbox 935 2050 1158 2112; x_wconf 78' lang='grc' dir='ltr'>κύκλους</span> <span class='ocrx_word' id='word_1_178' title='bbox 1185 2053 1302 2112; x_wconf 87' lang='grc' dir='ltr'>τούς</span> <span class='ocrx_word' id='word_1_179' title='bbox 1333 2048 1388 2102; x_wconf 68' lang='grc' dir='ltr'>ἐκ</span> <span class='ocrx_word' id='word_1_180' title='bbox 1426 2058 1522 2112; x_wconf 87' lang='grc' dir='ltr'>τῆς</span> <span class='ocrx_word' id='word_1_181' title='bbox 1544 2049 1765 2123; x_wconf 75' lang='grc' dir='ltr'>πλευροῖς</span> <span class='ocrx_word' id='word_1_182' title='bbox 1830 2056 1922 2101; x_wconf 84' lang='grc' dir='ltr'>τοῦ</span> <span class='ocrx_word' id='word_1_183' title='bbox 1986 2067 2097 2122; x_wconf 88' lang='grc' dir='ltr'>τρι-</span> 
     </span>
    </p>
   </div>
   <div class='ocr_carea' id='block_1_25' title="bbox 494 2136 2098 2220">
    <p class='ocr_par' dir='ltr' id='par_1_25' title="bbox 494 2136 2098 2220">
     <span class='ocr_line' id='line_1_25' title="bbox 494 2136 2098 2220; baseline -0.005 -21"><span class='ocrx_word' id='word_1_184' title='bbox 494 2153 662 2220; x_wconf 89' lang='grc' dir='ltr'>γώνου</span> <span class='ocrx_word' id='word_1_185' title='bbox 698 2147 998 2216; x_wconf 79' lang='grc' dir='ltr'>γινομένους</span> <span class='ocrx_word' id='word_1_186' title='bbox 1021 2147 1111 2194; x_wconf 81' lang='grc' dir='ltr'>καὶ</span> <span class='ocrx_word' id='word_1_187' title='bbox 1150 2149 1241 2202; x_wconf 81' lang='grc' dir='ltr'>τῆς</span> <span class='ocrx_word' id='word_1_188' title='bbox 1309 2136 1594 2214; x_wconf 71' lang='grc' dir='ltr'>διαμέτρου</span> <span class='ocrx_word' id='word_1_189' title='bbox 1661 2145 1751 2193; x_wconf 86' lang='grc' dir='ltr'>καὶ</span> <span class='ocrx_word' id='word_1_190' title='bbox 1799 2148 1891 2202; x_wconf 82' lang='grc' dir='ltr'>τῆς</span> <span class='ocrx_word' id='word_1_191' title='bbox 1948 2140 2098 2192; x_wconf 77' lang='grc' dir='ltr'>καθέ-</span> 
     </span>
    </p>
   </div>
   <div class='ocr_carea' id='block_1_26' title="bbox 494 2227 2094 2308">
    <p class='ocr_par' dir='ltr' id='par_1_26' title="bbox 494 2227 2094 2308">
     <span class='ocr_line' id='line_1_26' title="bbox 494 2227 2094 2308; baseline -0.005 -19"><span class='ocrx_word' id='word_1_192' title='bbox 494 2256 606 2304; x_wconf 87' lang='grc' dir='ltr'>του,</span> <span class='ocrx_word' id='word_1_193' title='bbox 636 2239 838 2306; x_wconf 79' lang='grc' dir='ltr'>τῷΑΒ</span> <span class='ocrx_word' id='word_1_194' title='bbox 890 2238 927 2284; x_wconf 90' lang='grc' dir='ltr'><strong>Γ</strong></span> <span class='ocrx_word' id='word_1_195' title='bbox 973 2232 1228 2308; x_wconf 79' lang='grc' dir='ltr'>τριγώνῲ-</span> <span class='ocrx_word' id='word_1_196' title='bbox 1289 2227 1477 2291; x_wconf 82' lang='grc' dir='ltr'>κύκλος</span> <span class='ocrx_word' id='word_1_197' title='bbox 1527 2230 1806 2304; x_wconf 77' lang='grc' dir='ltr'>γεγράφθω</span> <span class='ocrx_word' id='word_1_198' title='bbox 1863 2230 1889 2280; x_wconf 87' lang='grc' dir='ltr'><strong><em>ὁ</em></strong></span> <span class='ocrx_word' id='word_1_199' title='bbox 1948 2235 2000 2281; x_wconf 83' lang='grc' dir='ltr'><strong>Μ</strong></span> <span class='ocrx_word' id='word_1_200' title='bbox 2057 2234 2094 2281; x_wconf 81' lang='grc' dir='ltr'>Φ</span> 
     </span>
    </p>
   </div>
   <div class='ocr_carea' id='block_1_27' title="bbox 495 2313 2096 2398">
    <p class='ocr_par' dir='ltr' id='par_1_27' title="bbox 495 2313 2096 2398">
     <span class='ocr_line' id='line_1_27' title="bbox 495 2313 2096 2398; baseline -0.009 -19"><span class='ocrx_word' id='word_1_201' title='bbox 495 2330 684 2398; x_wconf 76' lang='grc' dir='ltr'>κέντρῳ</span> <span class='ocrx_word' id='word_1_202' title='bbox 708 2325 767 2376; x_wconf 85' lang='grc' dir='ltr'>τὸ</span> <span class='ocrx_word' id='word_1_203' title='bbox 808 2321 857 2376; x_wconf 86' lang='grc' dir='ltr'>Κ</span> <span class='ocrx_word' id='word_1_204' title='bbox 895 2326 985 2374; x_wconf 84' lang='grc' dir='ltr'>καὶ</span> <span class='ocrx_word' id='word_1_205' title='bbox 1011 2327 1074 2392; x_wconf 71' lang='grc' dir='ltr'>τῇ</span> <span class='ocrx_word' id='word_1_206' title='bbox 1103 2323 1140 2372; x_wconf 87' lang='grc' dir='ltr'>Β</span> <span class='ocrx_word' id='word_1_207' title='bbox 1179 2326 1216 2373; x_wconf 88' lang='grc' dir='ltr'>Ε</span> <span class='ocrx_word' id='word_1_208' title='bbox 1272 2313 1557 2394; x_wconf 70' lang='grc' dir='ltr'>διαμέτρῳ,</span> <span class='ocrx_word' id='word_1_209' title='bbox 1615 2319 1640 2369; x_wconf 88' lang='grc' dir='ltr'><strong><em>ὁ</em></strong></span> <span class='ocrx_word' id='word_1_210' title='bbox 1697 2325 1746 2372; x_wconf 81' lang='grc' dir='ltr'>Χ</span> <span class='ocrx_word' id='word_1_211' title='bbox 1804 2323 1844 2370; x_wconf 79' lang='grc' dir='ltr'>Α</span> <span class='ocrx_word' id='word_1_212' title='bbox 1903 2320 2096 2392; x_wconf 84' lang='grc' dir='ltr'>κέντρῳ</span> 
     </span>
    </p>
   </div>
   <div class='ocr_carea' id='block_1_28' title="bbox 493 2405 2098 2485">
    <p class='ocr_par' dir='ltr' id='par_1_28' title="bbox 493 2405 2098 2485">
     <span class='ocr_line' id='line_1_28' title="bbox 493 2405 2098 2485; baseline -0.007 -17"><span class='ocrx_word' id='word_1_213' title='bbox 493 2417 550 2469; x_wconf 85' lang='grc' dir='ltr'>τὸ</span> <span class='ocrx_word' id='word_1_214' title='bbox 571 2417 726 2467; x_wconf 83' lang='grc' dir='ltr'>Νκαὶ</span> <span class='ocrx_word' id='word_1_215' title='bbox 746 2418 807 2485; x_wconf 74' lang='grc' dir='ltr'>τῇ</span> <span class='ocrx_word' id='word_1_216' title='bbox 841 2417 883 2463; x_wconf 84' lang='grc' dir='ltr'><em>Η</em></span> <span class='ocrx_word' id='word_1_217' title='bbox 915 2416 952 2462; x_wconf 90' lang='grc' dir='ltr'><strong>Γ</strong></span> <span class='ocrx_word' id='word_1_218' title='bbox 980 2409 1200 2480; x_wconf 79' lang='grc' dir='ltr'>καθέτῳ,</span> <span class='ocrx_word' id='word_1_219' title='bbox 1233 2406 1258 2459; x_wconf 85' lang='grc' dir='ltr'>ὁ</span> <span class='ocrx_word' id='word_1_220' title='bbox 1292 2413 1334 2460; x_wconf 72' lang='lat' dir='ltr'>Il</span> <span class='ocrx_word' id='word_1_221' title='bbox 1367 2412 1401 2459; x_wconf 86' lang='grc' dir='ltr'>Σ</span> <span class='ocrx_word' id='word_1_222' title='bbox 1431 2411 1622 2481; x_wconf 85' lang='grc' dir='ltr'>κέντρῳ</span> <span class='ocrx_word' id='word_1_223' title='bbox 1679 2408 1736 2458; x_wconf 90' lang='grc' dir='ltr'>τὸ</span> <span class='ocrx_word' id='word_1_224' title='bbox 1792 2413 1828 2458; x_wconf 86' lang='grc' dir='ltr'><strong>Ρ</strong></span> <span class='ocrx_word' id='word_1_225' title='bbox 1893 2405 1924 2463; x_wconf 82' lang='grc' dir='ltr'>ἡ</span> <span class='ocrx_word' id='word_1_226' title='bbox 1994 2407 2098 2480; x_wconf 80' lang='grc' dir='ltr'>ἄρα</span> 
     </span>
    </p>
   </div>
   <div class='ocr_carea' id='block_1_29' title="bbox 496 2491 2098 2575">
    <p class='ocr_par' dir='ltr' id='par_1_29' title="bbox 496 2491 2098 2575">
     <span class='ocr_line' id='line_1_29' title="bbox 496 2491 2098 2575; baseline -0.007 -19"><span class='ocrx_word' id='word_1_227' title='bbox 496 2507 535 2555; x_wconf 83' lang='grc' dir='ltr'><strong>Α</strong></span> <span class='ocrx_word' id='word_1_228' title='bbox 571 2510 606 2555; x_wconf 88' lang='grc' dir='ltr'>Β</span> <span class='ocrx_word' id='word_1_229' title='bbox 656 2500 872 2575; x_wconf 81' lang='grc' dir='ltr'>πλευρὰ,</span> <span class='ocrx_word' id='word_1_230' title='bbox 918 2501 1051 2550; x_wconf 80' lang='grc' dir='ltr'>ἔστω</span> <span class='ocrx_word' id='word_1_231' title='bbox 1098 2504 1188 2548; x_wconf 76' lang='grc' dir='ltr'>τοῦ</span> <span class='ocrx_word' id='word_1_232' title='bbox 1227 2502 1279 2549; x_wconf 84' lang='grc' dir='ltr'><strong>Μ</strong></span> <span class='ocrx_word' id='word_1_233' title='bbox 1319 2501 1356 2548; x_wconf 77' lang='grc' dir='ltr'>Φ</span> <span class='ocrx_word' id='word_1_234' title='bbox 1422 2491 1717 2568; x_wconf 76' lang='grc' dir='ltr'>διάμετρος,</span> <span class='ocrx_word' id='word_1_235' title='bbox 1746 2500 1838 2546; x_wconf 85' lang='grc' dir='ltr'>τοῦ</span> <span class='ocrx_word' id='word_1_236' title='bbox 1888 2500 1927 2547; x_wconf 86' lang='grc' dir='ltr'><strong>Α</strong></span> <span class='ocrx_word' id='word_1_237' title='bbox 1993 2500 2030 2546; x_wconf 82' lang='grc' dir='ltr'>Β</span> <span class='ocrx_word' id='word_1_238' title='bbox 2059 2497 2098 2545; x_wconf 92' lang='grc' dir='ltr'>Γ</span> 
     </span>
    </p>
   </div>
   <div class='ocr_carea' id='block_1_30' title="bbox 494 2581 2096 2668">
    <p class='ocr_par' dir='ltr' id='par_1_30' title="bbox 494 2581 2096 2668">
     <span class='ocr_line' id='line_1_30' title="bbox 494 2581 2096 2668; baseline -0.007 -23"><span class='ocrx_word' id='word_1_239' title='bbox 494 2596 748 2668; x_wconf 86' lang='grc' dir='ltr'>τριγώνου</span> <span class='ocrx_word' id='word_1_240' title='bbox 787 2593 878 2642; x_wconf 85' lang='grc' dir='ltr'>καὶ</span> <span class='ocrx_word' id='word_1_241' title='bbox 909 2592 998 2640; x_wconf 76' lang='grc' dir='ltr'>τοῦ</span> <span class='ocrx_word' id='word_1_242' title='bbox 1040 2594 1086 2640; x_wconf 85' lang='grc' dir='ltr'>Χ</span> <span class='ocrx_word' id='word_1_243' title='bbox 1118 2592 1154 2638; x_wconf 90' lang='grc' dir='ltr'>Γ</span> <span class='ocrx_word' id='word_1_244' title='bbox 1181 2584 1370 2638; x_wconf 81' lang='grc' dir='ltr'>κύκλου</span> <span class='ocrx_word' id='word_1_245' title='bbox 1413 2581 1693 2659; x_wconf 78' lang='grc' dir='ltr'>διάμετρος</span> <span class='ocrx_word' id='word_1_246' title='bbox 1737 2587 1767 2644; x_wconf 84' lang='grc' dir='ltr'>ἡ</span> <span class='ocrx_word' id='word_1_247' title='bbox 1827 2592 1864 2638; x_wconf 94' lang='grc' dir='ltr'><strong>Β</strong></span> <span class='ocrx_word' id='word_1_248' title='bbox 1909 2592 1948 2639; x_wconf 86' lang='grc' dir='ltr'>Ε</span> <span class='ocrx_word' id='word_1_249' title='bbox 1991 2588 2096 2644; x_wconf 77' lang='grc' dir='ltr'>ἤτω</span> 
     </span>
    </p>
   </div>
   <div class='ocr_carea' id='block_1_31' title="bbox 494 2671 2095 2755">
    <p class='ocr_par' dir='ltr' id='par_1_31' title="bbox 494 2671 2095 2755">
     <span class='ocr_line' id='line_1_31' title="bbox 494 2671 2095 2755; baseline -0.014 -19"><span class='ocrx_word' id='word_1_250' title='bbox 494 2675 709 2755; x_wconf 77' lang='grc' dir='ltr'>πλευρὰ,</span> <span class='ocrx_word' id='word_1_251' title='bbox 732 2686 824 2732; x_wconf 86' lang='grc' dir='ltr'>τοῦ</span> <span class='ocrx_word' id='word_1_252' title='bbox 864 2683 901 2730; x_wconf 84' lang='grc' dir='ltr'>Ε</span> <span class='ocrx_word' id='word_1_253' title='bbox 928 2682 965 2730; x_wconf 89' lang='grc' dir='ltr'><strong>Β</strong></span> <span class='ocrx_word' id='word_1_254' title='bbox 991 2683 1030 2728; x_wconf 89' lang='grc' dir='ltr'>Ζ</span> <span class='ocrx_word' id='word_1_255' title='bbox 1055 2680 1314 2751; x_wconf 78' lang='grc' dir='ltr'>τρογώνου</span> <span class='ocrx_word' id='word_1_256' title='bbox 1363 2671 1490 2726; x_wconf 76' lang='grc' dir='ltr'>ἀλλὰ</span> <span class='ocrx_word' id='word_1_257' title='bbox 1541 2679 1631 2727; x_wconf 78' lang='grc' dir='ltr'>καὶ</span> <span class='ocrx_word' id='word_1_258' title='bbox 1694 2677 1724 2734; x_wconf 82' lang='grc' dir='ltr'><em>ὴ</em></span> <span class='ocrx_word' id='word_1_259' title='bbox 1778 2681 1819 2728; x_wconf 85' lang='lat' dir='ltr'><strong>H</strong></span> <span class='ocrx_word' id='word_1_260' title='bbox 1869 2680 1907 2727; x_wconf 91' lang='grc' dir='ltr'>Γ</span> <span class='ocrx_word' id='word_1_261' title='bbox 1943 2676 2095 2726; x_wconf 77' lang='grc' dir='ltr'>κάθι-</span> 
     </span>
    </p>
   </div>
   <div class='ocr_carea' id='block_1_32' title="bbox 2248 335 3854 414">
    <p class='ocr_par' dir='ltr' id='par_1_32' title="bbox 2248 335 3854 414">
     <span class='ocr_line' id='line_1_32' title="bbox 2248 335 3854 414; baseline 0 -26"><span class='ocrx_word' id='word_1_262' title='bbox 2248 335 2462 406; x_wconf 78' lang='grc' dir='ltr'>κύκλου,</span> <span class='ocrx_word' id='word_1_263' title='bbox 2503 341 2612 396; x_wconf 84' lang='grc' dir='ltr'>ἤτω</span> <span class='ocrx_word' id='word_1_264' title='bbox 2641 339 2835 414; x_wconf 80' lang='grc' dir='ltr'>πλευρὰ</span> <span class='ocrx_word' id='word_1_265' title='bbox 2866 345 2956 390; x_wconf 82' lang='grc' dir='ltr'>τοῦ</span> <span class='ocrx_word' id='word_1_266' title='bbox 3017 341 3054 389; x_wconf 90' lang='grc' dir='ltr'>Γ</span> <span class='ocrx_word' id='word_1_267' title='bbox 3114 342 3156 389; x_wconf 85' lang='grc' dir='ltr'>Η</span> <span class='ocrx_word' id='word_1_268' title='bbox 3211 344 3256 390; x_wconf 85' lang='grc' dir='ltr'>Θ</span> <span class='ocrx_word' id='word_1_269' title='bbox 3322 341 3608 408; x_wconf 78' lang='grc' dir='ltr'>τριγώνου,</span> <span class='ocrx_word' id='word_1_270' title='bbox 3671 340 3771 388; x_wconf 79' lang='grc' dir='ltr'>καὶ</span> <span class='ocrx_word' id='word_1_271' title='bbox 3826 337 3854 393; x_wconf 80' lang='grc' dir='ltr'>ἡ</span> 
     </span>
    </p>
   </div>
   <div class='ocr_carea' id='block_1_33' title="bbox 2249 421 3862 502">
    <p class='ocr_par' dir='ltr' id='par_1_33' title="bbox 2249 421 3862 502">
     <span class='ocr_line' id='line_1_33' title="bbox 2249 421 3862 502; baseline 0 -24"><span class='ocrx_word' id='word_1_272' title='bbox 2249 433 2341 479; x_wconf 85' lang='grc' dir='ltr'>τοῦ</span> <span class='ocrx_word' id='word_1_273' title='bbox 2380 427 2710 482; x_wconf 80' lang='grc' dir='ltr'>ΜΦκύκ).ου</span> <span class='ocrx_word' id='word_1_274' title='bbox 2769 425 3062 502; x_wconf 79' lang='grc' dir='ltr'>διάμετρος,</span> <span class='ocrx_word' id='word_1_275' title='bbox 3122 425 3314 501; x_wconf 81' lang='grc' dir='ltr'>πλευρὰ</span> <span class='ocrx_word' id='word_1_276' title='bbox 3369 421 3430 478; x_wconf 74' lang='grc' dir='ltr'>δὲ</span> <span class='ocrx_word' id='word_1_277' title='bbox 3490 433 3587 478; x_wconf 76' lang='grc' dir='ltr'>τοῦ</span> <span class='ocrx_word' id='word_1_278' title='bbox 3645 431 3686 478; x_wconf 82' lang='grc' dir='ltr'><strong>Α</strong></span> <span class='ocrx_word' id='word_1_279' title='bbox 3740 432 3780 477; x_wconf 88' lang='grc' dir='ltr'>Β</span> <span class='ocrx_word' id='word_1_280' title='bbox 3828 430 3862 478; x_wconf 89' lang='grc' dir='ltr'>Γ</span> 
     </span>
    </p>
   </div>
   <div class='ocr_carea' id='block_1_34' title="bbox 2251 515 3861 594">
    <p class='ocr_par' dir='ltr' id='par_1_34' title="bbox 2251 515 3861 594">
     <span class='ocr_line' id='line_1_34' title="bbox 2251 515 3861 594; baseline -0.001 -26"><span class='ocrx_word' id='word_1_281' title='bbox 2251 520 2523 590; x_wconf 75' lang='grc' dir='ltr'>τριγώνου,</span> <span class='ocrx_word' id='word_1_282' title='bbox 2556 518 2662 577; x_wconf 75' lang='grc' dir='ltr'>ἤτω</span> <span class='ocrx_word' id='word_1_283' title='bbox 2723 517 2920 594; x_wconf 81' lang='grc' dir='ltr'>πλευρὰ</span> <span class='ocrx_word' id='word_1_284' title='bbox 2965 522 3058 570; x_wconf 85' lang='grc' dir='ltr'>τοῦ</span> <span class='ocrx_word' id='word_1_285' title='bbox 3110 520 3150 570; x_wconf 83' lang='grc' dir='ltr'>Α</span> <span class='ocrx_word' id='word_1_286' title='bbox 3205 521 3241 569; x_wconf 88' lang='grc' dir='ltr'><strong>Β</strong></span> <span class='ocrx_word' id='word_1_287' title='bbox 3287 522 3334 569; x_wconf 88' lang='grc' dir='ltr'>Ω.</span> <span class='ocrx_word' id='word_1_288' title='bbox 3383 519 3666 591; x_wconf 78' lang='grc' dir='ltr'>τριγώνου.</span> <span class='ocrx_word' id='word_1_289' title='bbox 3722 515 3861 568; x_wconf 83' lang='grc' dir='ltr'>Ἐπιὶ</span> 
     </span>
    </p>
   </div>
   <div class='ocr_carea' id='block_1_35' title="bbox 2262 657 3864 2361">
    <p class='ocr_par' dir='ltr' id='par_1_35' title="bbox 2273 724 3853 2288">
     <span class='ocr_line' id='line_1_35' title="bbox 2433 747 3515 1619; baseline -0.005 -18"><span class='ocrx_word' id='word_1_290' title='bbox 2497 747 3515 1619; x_wconf 37' lang='grc' dir='ltr'>λ,</span> 
     </span>
     <span class='ocr_line' id='line_1_36' title="bbox 2273 724 3853 2288; baseline -0.015 9"><span class='ocrx_word' id='word_1_291' title='bbox 2273 724 3853 2288; x_wconf 52' lang='grc' dir='ltr'>οι</span> 
     </span>
    </p>
   </div>
   <div class='ocr_carea' id='block_1_36' title="bbox 2256 2408 3869 2490">
    <p class='ocr_par' dir='ltr' id='par_1_36' title="bbox 2256 2408 3869 2490">
     <span class='ocr_line' id='line_1_37' title="bbox 2256 2408 3869 2490; baseline -0.004 -20"><span class='ocrx_word' id='word_1_292' title='bbox 2256 2419 2427 2470; x_wconf 85' lang='grc' dir='ltr'>τοίνυν</span> <span class='ocrx_word' id='word_1_293' title='bbox 2457 2417 2487 2476; x_wconf 80' lang='grc' dir='ltr'><strong>ἠ</strong></span> <span class='ocrx_word' id='word_1_294' title='bbox 2520 2411 2797 2490; x_wconf 76' lang='grc' dir='ltr'>διάμετρος</span> <span class='ocrx_word' id='word_1_295' title='bbox 2824 2416 2996 2488; x_wconf 83' lang='grc' dir='ltr'>τρίτον</span> <span class='ocrx_word' id='word_1_296' title='bbox 3035 2408 3144 2466; x_wconf 74' lang='grc' dir='ltr'>ἐστι</span> <span class='ocrx_word' id='word_1_297' title='bbox 3205 2420 3299 2474; x_wconf 83' lang='grc' dir='ltr'>τῆς</span> <span class='ocrx_word' id='word_1_298' title='bbox 3361 2408 3487 2474; x_wconf 83' lang='grc' dir='ltr'>ὅλης</span> <span class='ocrx_word' id='word_1_299' title='bbox 3531 2418 3628 2464; x_wconf 76' lang='grc' dir='ltr'>τοῦ</span> <span class='ocrx_word' id='word_1_300' title='bbox 3669 2409 3869 2465; x_wconf 80' lang='grc' dir='ltr'>κύκλου</span> 
     </span>
    </p>
   </div>
   <div class='ocr_carea' id='block_1_37' title="bbox 2257 2499 3870 2581">
    <p class='ocr_par' dir='ltr' id='par_1_37' title="bbox 2257 2499 3870 2581">
     <span class='ocr_line' id='line_1_38' title="bbox 2257 2499 3870 2581; baseline -0.002 -21"><span class='ocrx_word' id='word_1_301' title='bbox 2257 2511 2594 2581; x_wconf 79' lang='grc' dir='ltr'>περιφερείας,</span> <span class='ocrx_word' id='word_1_302' title='bbox 2618 2507 2851 2580; x_wconf 75' lang='grc' dir='ltr'>ὑπάρχει</span> <span class='ocrx_word' id='word_1_303' title='bbox 2881 2499 2940 2557; x_wconf 63' lang='grc' dir='ltr'>δὲ</span> <span class='ocrx_word' id='word_1_304' title='bbox 2979 2505 3009 2562; x_wconf 79' lang='grc' dir='ltr'>ἡ</span> <span class='ocrx_word' id='word_1_305' title='bbox 3054 2509 3156 2557; x_wconf 81' lang='grc' dir='ltr'>ΑΒ</span> <span class='ocrx_word' id='word_1_306' title='bbox 3214 2500 3495 2579; x_wconf 79' lang='grc' dir='ltr'>διαμετρος</span> <span class='ocrx_word' id='word_1_307' title='bbox 3547 2510 3644 2555; x_wconf 79' lang='grc' dir='ltr'>τοῦ</span> <span class='ocrx_word' id='word_1_308' title='bbox 3715 2509 3771 2556; x_wconf 81' lang='lat' dir='ltr'><strong>M</strong></span> <span class='ocrx_word' id='word_1_309' title='bbox 3833 2509 3870 2556; x_wconf 61' lang='grc' dir='ltr'>Φ</span> 
     </span>
    </p>
   </div>
   <div class='ocr_carea' id='block_1_38' title="bbox 2257 2594 3870 2669">
    <p class='ocr_par' dir='ltr' id='par_1_38' title="bbox 2257 2594 3870 2669">
     <span class='ocr_line' id='line_1_39' title="bbox 2257 2594 3870 2669; baseline -0.004 -20"><span class='ocrx_word' id='word_1_310' title='bbox 2257 2595 2469 2665; x_wconf 89' lang='grc' dir='ltr'>κύκλου,</span> <span class='ocrx_word' id='word_1_311' title='bbox 2501 2600 2590 2650; x_wconf 79' lang='grc' dir='ltr'>καὶ</span> <span class='ocrx_word' id='word_1_312' title='bbox 2628 2594 2824 2669; x_wconf 77' lang='grc' dir='ltr'>πλευρὰ</span> <span class='ocrx_word' id='word_1_313' title='bbox 2855 2600 2948 2647; x_wconf 78' lang='grc' dir='ltr'>τοῦ</span> <span class='ocrx_word' id='word_1_314' title='bbox 3000 2599 3040 2647; x_wconf 85' lang='grc' dir='ltr'><strong>Α</strong></span> <span class='ocrx_word' id='word_1_315' title='bbox 3099 2599 3136 2646; x_wconf 91' lang='grc' dir='ltr'><strong>Β</strong></span> <span class='ocrx_word' id='word_1_316' title='bbox 3181 2598 3219 2646; x_wconf 94' lang='grc' dir='ltr'>Γ</span> <span class='ocrx_word' id='word_1_317' title='bbox 3270 2597 3527 2666; x_wconf 84' lang='grc' dir='ltr'>τριγώνου</span> <span class='ocrx_word' id='word_1_318' title='bbox 3582 2598 3680 2645; x_wconf 77' lang='grc' dir='ltr'>καὶ</span> <span class='ocrx_word' id='word_1_319' title='bbox 3727 2597 3870 2645; x_wconf 72' lang='grc' dir='ltr'>ἔστιν</span> 
     </span>
    </p>
   </div>
   <div class='ocr_carea' id='block_1_39' title="bbox 2259 2678 3872 2758">
    <p class='ocr_par' dir='ltr' id='par_1_39' title="bbox 2259 2678 3872 2758">
     <span class='ocr_line' id='line_1_40' title="bbox 2259 2678 3872 2758; baseline -0.004 -20"><span class='ocrx_word' id='word_1_320' title='bbox 2259 2685 2312 2750; x_wconf 79' lang='grc' dir='ltr'>ἐξ</span> <span class='ocrx_word' id='word_1_321' title='bbox 2364 2684 2589 2758; x_wconf 79' lang='grc' dir='ltr'>ἀνάγκης</span> <span class='ocrx_word' id='word_1_322' title='bbox 2655 2689 2746 2737; x_wconf 85' lang='grc' dir='ltr'>καὶ</span> <span class='ocrx_word' id='word_1_323' title='bbox 2797 2686 2980 2737; x_wconf 88' lang='grc' dir='ltr'>τούτου</span> <span class='ocrx_word' id='word_1_324' title='bbox 3042 2687 3236 2757; x_wconf 73' lang='grc' dir='ltr'>τρίτονο</span> <span class='ocrx_word' id='word_1_325' title='bbox 3296 2678 3477 2739; x_wconf 76' lang='grc' dir='ltr'>ἐπειδὴ</span> <span class='ocrx_word' id='word_1_326' title='bbox 3563 2685 3615 2734; x_wconf 81' lang='grc' dir='ltr'>ἐν</span> <span class='ocrx_word' id='word_1_327' title='bbox 3678 2682 3872 2754; x_wconf 76' lang='grc' dir='ltr'>ἑτέραις</span> 
     </span>
    </p>
   </div>
   <div class='ocr_carea' id='block_1_40' title="bbox 467 2749 3893 2852">
    <p class='ocr_par' dir='ltr' id='par_1_40' title="bbox 467 2749 3893 2852">
     <span class='ocr_line' id='line_1_41' title="bbox 467 2749 3893 2852; baseline -0.006 1"><span class='ocrx_word' id='word_1_328' title='bbox 467 2749 834 2852; x_wconf 39' lang='lat' dir='ltr'>man-Summ</span> <span class='ocrx_word' id='word_1_329' title='bbox 863 2749 1554 2846; x_wconf 31' lang='lat' dir='ltr'>efﬁCiet-‘quangumm</span> <span class='ocrx_word' id='word_1_330' title='bbox 1587 2776 1645 2828; x_wconf 66' lang='lat' dir='ltr'>et</span> <span class='ocrx_word' id='word_1_331' title='bbox 1676 2772 2114 2846; x_wconf 62' lang='lat' dir='ltr'>*qulalerum,</span> <span class='ocrx_word' id='word_1_332' title='bbox 2151 2749 2191 2804; x_wconf 62' lang='grc' dir='ltr'><strong>Ο</strong></span> <span class='ocrx_word' id='word_1_333' title='bbox 2227 2749 2313 2840; x_wconf 89' lang='lat' dir='ltr'>ter</span> <span class='ocrx_word' id='word_1_334' title='bbox 2350 2749 2552 2840; x_wconf 80' lang='lat' dir='ltr'>autem</span> <span class='ocrx_word' id='word_1_335' title='bbox 2576 2781 2783 2839; x_wconf 83' lang='lat' dir='ltr'>circuit</span> <span class='ocrx_word' id='word_1_336' title='bbox 2811 2784 2856 2848; x_wconf 86' lang='lat'>0</span> <span class='ocrx_word' id='word_1_337' title='bbox 2887 2782 2946 2851; x_wconf 91' lang='lat' dir='ltr'>S,</span> <span class='ocrx_word' id='word_1_338' title='bbox 2978 2781 3052 2838; x_wconf 87' lang='lat' dir='ltr'>sit</span> <span class='ocrx_word' id='word_1_339' title='bbox 3073 2749 3244 2838; x_wconf 76' lang='lat' dir='ltr'>latus</span> <span class='ocrx_word' id='word_1_340' title='bbox 3295 2779 3582 2850; x_wconf 81' lang='lat' dir='ltr'>trianguli</span> <span class='ocrx_word' id='word_1_341' title='bbox 3637 2782 3681 2836; x_wconf 87' lang='lat' dir='ltr'>C</span> <span class='ocrx_word' id='word_1_342' title='bbox 3833 2782 3893 2834; x_wconf 88' lang='grc' dir='ltr'>Η.</span> 
     </span>
    </p>
   </div>
   <div class='ocr_carea' id='block_1_41' title="bbox 467 2861 2115 2947">
    <p class='ocr_par' dir='ltr' id='par_1_41' title="bbox 467 2861 2115 2947">
     <span class='ocr_line' id='line_1_42' title="bbox 467 2861 2115 2947; baseline -0.007 -18"><span class='ocrx_word' id='word_1_343' title='bbox 467 2871 635 2947; x_wconf 93' lang='lat' dir='ltr'>quod</span> <span class='ocrx_word' id='word_1_344' title='bbox 655 2868 705 2925; x_wconf 89' lang='lat' dir='ltr'>si</span> <span class='ocrx_word' id='word_1_345' title='bbox 732 2867 836 2940; x_wconf 87' lang='lat' dir='ltr'>qui</span> <span class='ocrx_word' id='word_1_346' title='bbox 861 2871 979 2923; x_wconf 88' lang='lat' dir='ltr'>tres</span> <span class='ocrx_word' id='word_1_347' title='bbox 1019 2864 1344 2920; x_wconf 77' lang='lat' dir='ltr'>diametros</span> <span class='ocrx_word' id='word_1_348' title='bbox 1380 2861 1440 2918; x_wconf 91' lang='lat' dir='ltr'>in</span> <span class='ocrx_word' id='word_1_349' title='bbox 1495 2861 1783 2918; x_wconf 82' lang='lat' dir='ltr'>circulum</span> <span class='ocrx_word' id='word_1_350' title='bbox 1824 2865 2115 2934; x_wconf 81' lang='lat' dir='ltr'>torqueat.</span> 
     </span>
    </p>
   </div>
   <div class='ocr_carea' id='block_1_42' title="bbox 468 2950 2119 3030">
    <p class='ocr_par' dir='ltr' id='par_1_42' title="bbox 468 2950 2119 3030">
     <span class='ocr_line' id='line_1_43' title="bbox 468 2950 2119 3030; baseline -0.008 -10"><span class='ocrx_word' id='word_1_351' title='bbox 468 2962 701 3020; x_wconf 88' lang='lat' dir='ltr'>tertiam</span> <span class='ocrx_word' id='word_1_352' title='bbox 727 2960 958 3030; x_wconf 85' lang='lat' dir='ltr'>partem</span> <span class='ocrx_word' id='word_1_353' title='bbox 978 2951 1467 3010; x_wconf 72' lang='lat' dir='ltr'>circumferentias</span> <span class='ocrx_word' id='word_1_354' title='bbox 1509 2958 1694 3023; x_wconf 89' lang='lat' dir='ltr'>ponat</span> <span class='ocrx_word' id='word_1_355' title='bbox 1740 2950 1943 3008; x_wconf 89' lang='lat' dir='ltr'>circuli</span> <span class='ocrx_word' id='word_1_356' title='bbox 1996 2951 2119 3008; x_wconf 89' lang='lat' dir='ltr'>dia-</span> 
     </span>
    </p>
   </div>
   <div class='ocr_carea' id='block_1_43' title="bbox 469 3039 1718 3118">
    <p class='ocr_par' dir='ltr' id='par_1_43' title="bbox 469 3039 1718 3118">
     <span class='ocr_line' id='line_1_44' title="bbox 469 3039 1718 3118; baseline -0.01 -10"><span class='ocrx_word' id='word_1_357' title='bbox 469 3055 747 3118; x_wconf 89' lang='lat' dir='ltr'>metrum,</span> <span class='ocrx_word' id='word_1_358' title='bbox 780 3045 940 3102; x_wconf 90' lang='lat' dir='ltr'>idem</span> <span class='ocrx_word' id='word_1_359' title='bbox 965 3058 1170 3099; x_wconf 87' lang='lat' dir='ltr'>rursus</span> <span class='ocrx_word' id='word_1_360' title='bbox 1190 3039 1403 3096; x_wconf 82' lang='lat' dir='ltr'>redibit</span> <span class='ocrx_word' id='word_1_361' title='bbox 1443 3039 1718 3096; x_wconf 86' lang='lat' dir='ltr'>circulus.</span> 
     </span>
    </p>
   </div>
   <div class='ocr_carea' id='block_1_44' title="bbox 539 3128 2119 3202">
    <p class='ocr_par' dir='ltr' id='par_1_44' title="bbox 539 3128 2119 3202">
     <span class='ocr_line' id='line_1_45' title="bbox 539 3128 2119 3202; baseline -0.006 -7"><span class='ocrx_word' id='word_1_362' title='bbox 539 3145 592 3196; x_wconf 79' lang='lat'>5.</span> <span class='ocrx_word' id='word_1_363' title='bbox 624 3139 700 3192; x_wconf 86' lang='lat' dir='ltr'>At</span> <span class='ocrx_word' id='word_1_364' title='bbox 736 3135 898 3191; x_wconf 89' lang='lat' dir='ltr'>idem</span> <span class='ocrx_word' id='word_1_365' title='bbox 934 3132 1048 3188; x_wconf 88' lang='lat' dir='ltr'>hoc</span> <span class='ocrx_word' id='word_1_366' title='bbox 1077 3146 1202 3188; x_wconf 92' lang='lat' dir='ltr'>non</span> <span class='ocrx_word' id='word_1_367' title='bbox 1249 3128 1654 3186; x_wconf 87' lang='lat' dir='ltr'>habetlocum</span> <span class='ocrx_word' id='word_1_368' title='bbox 1701 3129 1763 3184; x_wconf 87' lang='lat' dir='ltr'>in</span> <span class='ocrx_word' id='word_1_369' title='bbox 1798 3128 2119 3202; x_wconf 88' lang='lat' dir='ltr'>triangulo,</span> 
     </span>
    </p>
   </div>
   <div class='ocr_carea' id='block_1_45' title="bbox 467 3218 2124 3296">
    <p class='ocr_par' dir='ltr' id='par_1_45' title="bbox 467 3218 2124 3296">
     <span class='ocr_line' id='line_1_46' title="bbox 467 3218 2124 3296; baseline -0.006 -10"><span class='ocrx_word' id='word_1_370' title='bbox 467 3244 612 3286; x_wconf 90' lang='lat' dir='ltr'>nam</span> <span class='ocrx_word' id='word_1_371' title='bbox 632 3225 806 3284; x_wconf 82' lang='lat' dir='ltr'>tertia</span> <span class='ocrx_word' id='word_1_372' title='bbox 824 3238 964 3296; x_wconf 88' lang='lat' dir='ltr'>pars</span> <span class='ocrx_word' id='word_1_373' title='bbox 989 3219 1291 3293; x_wconf 89' lang='lat' dir='ltr'>perimetri</span> <span class='ocrx_word' id='word_1_374' title='bbox 1316 3224 1421 3276; x_wconf 86' lang='lat' dir='ltr'>aut</span> <span class='ocrx_word' id='word_1_375' title='bbox 1459 3218 1617 3276; x_wconf 89' lang='lat' dir='ltr'>linea</span> <span class='ocrx_word' id='word_1_376' title='bbox 1676 3219 2124 3292; x_wconf 87' lang='lat' dir='ltr'>perpendicula-</span> 
     </span>
    </p>
   </div>
   <div class='ocr_carea' id='block_1_46' title="bbox 469 3307 2122 3388">
    <p class='ocr_par' dir='ltr' id='par_1_46' title="bbox 469 3307 2122 3388">
     <span class='ocr_line' id='line_1_47' title="bbox 469 3307 2122 3388; baseline -0.005 -14"><span class='ocrx_word' id='word_1_377' title='bbox 469 3317 550 3373; x_wconf 90' lang='lat' dir='ltr'>ris</span> <span class='ocrx_word' id='word_1_378' title='bbox 570 3313 801 3388; x_wconf 66' lang='lat' dir='ltr'>aequale</span> <span class='ocrx_word' id='word_1_379' title='bbox 824 3309 1186 3380; x_wconf 86' lang='lat' dir='ltr'>triangulum</span> <span class='ocrx_word' id='word_1_380' title='bbox 1215 3307 1265 3362; x_wconf 90' lang='lat' dir='ltr'>ei</span> <span class='ocrx_word' id='word_1_381' title='bbox 1286 3308 1453 3379; x_wconf 88' lang='lat' dir='ltr'>quod</span> <span class='ocrx_word' id='word_1_382' title='bbox 1483 3309 1549 3364; x_wconf 88' lang='lat' dir='ltr'>ﬁt</span> <span class='ocrx_word' id='word_1_383' title='bbox 1577 3324 1650 3364; x_wconf 84' lang='lat' dir='ltr'>ex</span> <span class='ocrx_word' id='word_1_384' title='bbox 1686 3308 1879 3382; x_wconf 82' lang='lat' dir='ltr'>ipsius</span> <span class='ocrx_word' id='word_1_385' title='bbox 1900 3309 2122 3366; x_wconf 89' lang='lat' dir='ltr'>diame-</span> 
     </span>
    </p>
   </div>
   <div class='ocr_carea' id='block_1_47' title="bbox 469 3396 2126 3471">
    <p class='ocr_par' dir='ltr' id='par_1_47' title="bbox 469 3396 2126 3471">
     <span class='ocr_line' id='line_1_48' title="bbox 469 3396 2126 3471; baseline -0.005 -7"><span class='ocrx_word' id='word_1_386' title='bbox 469 3411 560 3463; x_wconf 90' lang='lat' dir='ltr'>tro</span> <span class='ocrx_word' id='word_1_387' title='bbox 581 3421 704 3462; x_wconf 89' lang='lat' dir='ltr'>non</span> <span class='ocrx_word' id='word_1_388' title='bbox 725 3400 1112 3463; x_wconf 89' lang='lat' dir='ltr'>constituunt,</span> <span class='ocrx_word' id='word_1_389' title='bbox 1139 3396 1247 3453; x_wconf 89' lang='lat' dir='ltr'>sed</span> <span class='ocrx_word' id='word_1_390' title='bbox 1277 3397 1495 3468; x_wconf 87' lang='lat' dir='ltr'>majus.</span> <span class='ocrx_word' id='word_1_391' title='bbox 1516 3399 1709 3464; x_wconf 87' lang='lat' dir='ltr'>Quare</span> <span class='ocrx_word' id='word_1_392' title='bbox 1749 3399 2043 3471; x_wconf 85' lang='lat' dir='ltr'>majorem</span> <span class='ocrx_word' id='word_1_393' title='bbox 2070 3403 2126 3456; x_wconf 91' lang='lat' dir='ltr'>et</span> 
     </span>
    </p>
   </div>
   <div class='ocr_carea' id='block_1_48' title="bbox 470 3484 2127 3557">
    <p class='ocr_par' dir='ltr' id='par_1_48' title="bbox 470 3484 2127 3557">
     <span class='ocr_line' id='line_1_49' title="bbox 470 3484 2127 3557; baseline -0.011 -7"><span class='ocrx_word' id='word_1_394' title='bbox 470 3494 752 3550; x_wconf 87' lang='lat' dir='ltr'>minorem</span> <span class='ocrx_word' id='word_1_395' title='bbox 783 3486 1064 3546; x_wconf 87' lang='lat' dir='ltr'>circulum</span> <span class='ocrx_word' id='word_1_396' title='bbox 1101 3484 1386 3557; x_wconf 90' lang='lat' dir='ltr'>:itemque</span> <span class='ocrx_word' id='word_1_397' title='bbox 1413 3485 1604 3556; x_wconf 86' lang='lat' dir='ltr'>majus</span> <span class='ocrx_word' id='word_1_398' title='bbox 1629 3502 1700 3543; x_wconf 88' lang='lat' dir='ltr'>ac</span> <span class='ocrx_word' id='word_1_399' title='bbox 1729 3488 1925 3544; x_wconf 89' lang='lat' dir='ltr'>minus</span> <span class='ocrx_word' id='word_1_400' title='bbox 1947 3488 2127 3545; x_wconf 89' lang='lat' dir='ltr'>trian.</span> 
     </span>
    </p>
   </div>
   <div class='ocr_carea' id='block_1_49' title="bbox 470 3571 2128 3654">
    <p class='ocr_par' dir='ltr' id='par_1_49' title="bbox 470 3571 2128 3654">
     <span class='ocr_line' id='line_1_50' title="bbox 470 3571 2128 3654; baseline -0.004 -16"><span class='ocrx_word' id='word_1_401' title='bbox 470 3580 677 3654; x_wconf 86' lang='lat' dir='ltr'>gulum</span> <span class='ocrx_word' id='word_1_402' title='bbox 692 3578 877 3634; x_wconf 78' lang='lat' dir='ltr'>latera</span> <span class='ocrx_word' id='word_1_403' title='bbox 897 3574 1091 3647; x_wconf 79' lang='lat' dir='ltr'>ipsius</span> <span class='ocrx_word' id='word_1_404' title='bbox 1107 3571 1386 3642; x_wconf 77' lang='lat' dir='ltr'>efﬁcient,</span> <span class='ocrx_word' id='word_1_405' title='bbox 1401 3572 1656 3646; x_wconf 83' lang='lat' dir='ltr'>itemque</span> <span class='ocrx_word' id='word_1_406' title='bbox 1676 3575 1966 3633; x_wconf 89' lang='lat' dir='ltr'>diameter</span> <span class='ocrx_word' id='word_1_407' title='bbox 1993 3581 2048 3634; x_wconf 88' lang='lat' dir='ltr'>et</span> <span class='ocrx_word' id='word_1_408' title='bbox 2063 3576 2128 3633; x_wconf 89' lang='lat' dir='ltr'>li-</span> 
     </span>
    </p>
   </div>
   <div class='ocr_carea' id='block_1_50' title="bbox 469 3662 2126 3743">
    <p class='ocr_par' dir='ltr' id='par_1_50' title="bbox 469 3662 2126 3743">
     <span class='ocr_line' id='line_1_51' title="bbox 469 3662 2126 3743; baseline -0.005 -15"><span class='ocrx_word' id='word_1_409' title='bbox 469 3686 586 3728; x_wconf 89' lang='lat' dir='ltr'>nea</span> <span class='ocrx_word' id='word_1_410' title='bbox 613 3663 1146 3743; x_wconf 88' lang='lat' dir='ltr'>perpendicularis.</span> <span class='ocrx_word' id='word_1_411' title='bbox 1174 3664 1273 3718; x_wconf 91' lang='lat' dir='ltr'>Est</span> <span class='ocrx_word' id='word_1_412' title='bbox 1311 3665 1512 3718; x_wconf 90' lang='lat' dir='ltr'>autem</span> <span class='ocrx_word' id='word_1_413' title='bbox 1541 3662 1657 3718; x_wconf 92' lang='lat' dir='ltr'>hoc</span> <span class='ocrx_word' id='word_1_414' title='bbox 1684 3665 2126 3737; x_wconf 69' lang='lat' dir='ltr'>inaequalitatis.</span> 
     </span>
    </p>
   </div>
   <div class='ocr_carea' id='block_1_51' title="bbox 465 3750 2129 3829">
    <p class='ocr_par' dir='ltr' id='par_1_51' title="bbox 465 3750 2129 3829">
     <span class='ocr_line' id='line_1_52' title="bbox 465 3750 2129 3829; baseline -0.004 -12"><span class='ocrx_word' id='word_1_415' title='bbox 465 3763 547 3816; x_wconf 82' lang='lat' dir='ltr'>Ac</span> <span class='ocrx_word' id='word_1_416' title='bbox 576 3759 652 3816; x_wconf 94' lang='lat' dir='ltr'>de</span> <span class='ocrx_word' id='word_1_417' title='bbox 673 3757 806 3814; x_wconf 87' lang='lat' dir='ltr'>aliis</span> <span class='ocrx_word' id='word_1_418' title='bbox 822 3753 1072 3829; x_wconf 86' lang='lat' dir='ltr'>quidem</span> <span class='ocrx_word' id='word_1_419' title='bbox 1092 3750 1400 3822; x_wconf 82' lang='lat' dir='ltr'>triangulis</span> <span class='ocrx_word' id='word_1_420' title='bbox 1423 3767 1546 3807; x_wconf 89' lang='lat' dir='ltr'>non</span> <span class='ocrx_word' id='word_1_421' title='bbox 1572 3757 1664 3809; x_wconf 91' lang='lat' dir='ltr'>est</span> <span class='ocrx_word' id='word_1_422' title='bbox 1691 3753 1859 3825; x_wconf 92' lang='lat' dir='ltr'>quod</span> <span class='ocrx_word' id='word_1_423' title='bbox 1879 3753 2129 3811; x_wconf 87' lang='lat' dir='ltr'>demou-</span> 
     </span>
    </p>
   </div>
   <div class='ocr_carea' id='block_1_52' title="bbox 467 3841 2130 3914">
    <p class='ocr_par' dir='ltr' id='par_1_52' title="bbox 467 3841 2130 3914">
     <span class='ocr_line' id='line_1_53' title="bbox 467 3841 2130 3914; baseline -0.005 -7"><span class='ocrx_word' id='word_1_424' title='bbox 467 3849 813 3906; x_wconf 85' lang='lat' dir='ltr'>strationem</span> <span class='ocrx_word' id='word_1_425' title='bbox 827 3845 1200 3902; x_wconf 88' lang='lat' dir='ltr'>instituamus</span> <span class='ocrx_word' id='word_1_426' title='bbox 1217 3857 1229 3907; x_wconf 91' lang='lat'><strong>;</strong></span> <span class='ocrx_word' id='word_1_427' title='bbox 1247 3845 1446 3914; x_wconf 88' lang='lat' dir='ltr'>potest</span> <span class='ocrx_word' id='word_1_428' title='bbox 1461 3841 1621 3897; x_wconf 89' lang='lat' dir='ltr'>enim</span> <span class='ocrx_word' id='word_1_429' title='bbox 1633 3841 1935 3898; x_wconf 88' lang='lat' dir='ltr'>evidenter</span> <span class='ocrx_word' id='word_1_430' title='bbox 1950 3844 2130 3899; x_wconf 88' lang='lat' dir='ltr'>anim-</span> 
     </span>
    </p>
   </div>
   <div class='ocr_carea' id='block_1_53' title="bbox 469 3929 2130 4004">
    <p class='ocr_par' dir='ltr' id='par_1_53' title="bbox 469 3929 2130 4004">
     <span class='ocr_line' id='line_1_54' title="bbox 469 3929 2130 4004; baseline -0.005 -7"><span class='ocrx_word' id='word_1_431' title='bbox 469 3937 699 3998; x_wconf 83' lang='lat' dir='ltr'>adverti</span> <span class='ocrx_word' id='word_1_432' title='bbox 720 3937 780 3993; x_wconf 91' lang='lat' dir='ltr'>in</span> <span class='ocrx_word' id='word_1_433' title='bbox 793 3932 1094 4004; x_wconf 87' lang='lat' dir='ltr'>triangulo</span> <span class='ocrx_word' id='word_1_434' title='bbox 1105 3947 1341 3987; x_wconf 87' lang='lat' dir='ltr'>crurum</span> <span class='ocrx_word' id='word_1_435' title='bbox 1359 3929 1700 4002; x_wconf 70' lang='lat' dir='ltr'>aequalium,</span> <span class='ocrx_word' id='word_1_436' title='bbox 1718 3931 1779 3986; x_wconf 90' lang='lat' dir='ltr'>in</span> <span class='ocrx_word' id='word_1_437' title='bbox 1795 3937 2130 4003; x_wconf 88' lang='lat' dir='ltr'>acutangu-</span> 
     </span>
    </p>
   </div>
   <div class='ocr_carea' id='block_1_54' title="bbox 465 4019 2132 4098">
    <p class='ocr_par' dir='ltr' id='par_1_54' title="bbox 465 4019 2132 4098">
     <span class='ocr_line' id='line_1_55' title="bbox 465 4019 2132 4098; baseline -0.003 -13"><span class='ocrx_word' id='word_1_438' title='bbox 465 4029 526 4087; x_wconf 93' lang='lat' dir='ltr'>lo</span> <span class='ocrx_word' id='word_1_439' title='bbox 547 4024 844 4098; x_wconf 86' lang='lat' dir='ltr'>triangulo</span> <span class='ocrx_word' id='word_1_440' title='bbox 874 4023 1115 4081; x_wconf 89' lang='lat' dir='ltr'>obtuso.</span> <span class='ocrx_word' id='word_1_441' title='bbox 1137 4020 1252 4078; x_wconf 87' lang='lat' dir='ltr'>Sed</span> <span class='ocrx_word' id='word_1_442' title='bbox 1275 4035 1473 4093; x_wconf 70' lang='lat' dir='ltr'>operte</span> <span class='ocrx_word' id='word_1_443' title='bbox 1495 4019 1754 4091; x_wconf 89' lang='lat' dir='ltr'>pretium</span> <span class='ocrx_word' id='word_1_444' title='bbox 1774 4025 1862 4077; x_wconf 91' lang='lat' dir='ltr'>est</span> <span class='ocrx_word' id='word_1_445' title='bbox 1879 4022 2132 4080; x_wconf 89' lang='lat' dir='ltr'>demon-</span> 
     </span>
    </p>
   </div>
   <div class='ocr_carea' id='block_1_55' title="bbox 468 4104 2130 4184">
    <p class='ocr_par' dir='ltr' id='par_1_55' title="bbox 468 4104 2130 4184">
     <span class='ocr_line' id='line_1_56' title="bbox 468 4104 2130 4184; baseline -0.002 -12"><span class='ocrx_word' id='word_1_446' title='bbox 468 4121 655 4175; x_wconf 88' lang='lat' dir='ltr'>strare</span> <span class='ocrx_word' id='word_1_447' title='bbox 683 4117 747 4173; x_wconf 92' lang='lat' dir='ltr'>in</span> <span class='ocrx_word' id='word_1_448' title='bbox 785 4111 1083 4184; x_wconf 91' lang='lat' dir='ltr'>triangulo</span> <span class='ocrx_word' id='word_1_449' title='bbox 1115 4108 1721 4183; x_wconf 58' lang='lat' dir='ltr'>requaliumlaterum.</span> <span class='ocrx_word' id='word_1_450' title='bbox 1755 4104 2130 4170; x_wconf 88' lang='lat' dir='ltr'>Demonstra-</span> 
     </span>
    </p>
   </div>
   <div class='ocr_carea' id='block_1_56' title="bbox 467 4198 2130 4262">
    <p class='ocr_par' dir='ltr' id='par_1_56' title="bbox 467 4198 2130 4262">
     <span class='ocr_line' id='line_1_57' title="bbox 467 4198 2130 4262; baseline -0.003 1"><span class='ocrx_word' id='word_1_451' title='bbox 467 4206 549 4262; x_wconf 85' lang='lat' dir='ltr'>tio</span> <span class='ocrx_word' id='word_1_452' title='bbox 575 4209 775 4262; x_wconf 90' lang='lat' dir='ltr'>autem</span> <span class='ocrx_word' id='word_1_453' title='bbox 803 4203 867 4259; x_wconf 89' lang='lat' dir='ltr'>in</span> <span class='ocrx_word' id='word_1_454' title='bbox 903 4202 1066 4258; x_wconf 91' lang='lat' dir='ltr'>hunc</span> <span class='ocrx_word' id='word_1_455' title='bbox 1090 4199 1340 4257; x_wconf 90' lang='lat' dir='ltr'>modum</span> <span class='ocrx_word' id='word_1_456' title='bbox 1368 4198 1701 4256; x_wconf 88' lang='lat' dir='ltr'>conﬁcitur.</span> <span class='ocrx_word' id='word_1_457' title='bbox 1736 4202 1912 4258; x_wconf 87' lang='lat' dir='ltr'>Latus</span> <span class='ocrx_word' id='word_1_458' title='bbox 1951 4201 2130 4259; x_wconf 85' lang='lat' dir='ltr'>trian-</span> 
     </span>
    </p>
   </div>
   <div class='ocr_carea' id='block_1_57' title="bbox 470 4293 2129 4365">
    <p class='ocr_par' dir='ltr' id='par_1_57' title="bbox 470 4293 2129 4365">
     <span class='ocr_line' id='line_1_58' title="bbox 470 4293 2129 4365; baseline 0 -15"><span class='ocrx_word' id='word_1_459' title='bbox 470 4294 596 4365; x_wconf 90' lang='lat' dir='ltr'>guli</span> <span class='ocrx_word' id='word_1_460' title='bbox 625 4299 682 4350; x_wconf 93' lang='lat' dir='ltr'>et</span> <span class='ocrx_word' id='word_1_461' title='bbox 711 4293 1023 4360; x_wconf 88' lang='lat' dir='ltr'>diameter,</span> <span class='ocrx_word' id='word_1_462' title='bbox 1072 4305 1208 4362; x_wconf 63' lang='lat' dir='ltr'>quas</span> <span class='ocrx_word' id='word_1_463' title='bbox 1260 4304 1366 4361; x_wconf 89' lang='lat' dir='ltr'>per</span> <span class='ocrx_word' id='word_1_464' title='bbox 1419 4294 1690 4346; x_wconf 89' lang='lat' dir='ltr'>centrum</span> <span class='ocrx_word' id='word_1_465' title='bbox 1737 4306 1808 4347; x_wconf 87' lang='lat' dir='ltr'>ac</span> <span class='ocrx_word' id='word_1_466' title='bbox 1859 4293 2129 4350; x_wconf 90' lang='lat' dir='ltr'>medium</span> 
     </span>
    </p>
   </div>
   <div class='ocr_carea' id='block_1_58' title="bbox 469 4377 2130 4452">
    <p class='ocr_par' dir='ltr' id='par_1_58' title="bbox 469 4377 2130 4452">
     <span class='ocr_line' id='line_1_59' title="bbox 469 4377 2130 4452; baseline 0.001 -13"><span class='ocrx_word' id='word_1_467' title='bbox 469 4382 654 4440; x_wconf 86' lang='lat' dir='ltr'>ducta</span> <span class='ocrx_word' id='word_1_468' title='bbox 679 4385 787 4448; x_wconf 89' lang='lat' dir='ltr'>est,</span> <span class='ocrx_word' id='word_1_469' title='bbox 830 4383 887 4436; x_wconf 93' lang='lat' dir='ltr'>et</span> <span class='ocrx_word' id='word_1_470' title='bbox 939 4377 1453 4452; x_wconf 87' lang='lat' dir='ltr'>perpendicularis</span> <span class='ocrx_word' id='word_1_471' title='bbox 1508 4378 1667 4436; x_wconf 90' lang='lat' dir='ltr'>linea</span> <span class='ocrx_word' id='word_1_472' title='bbox 1704 4395 1828 4437; x_wconf 93' lang='lat' dir='ltr'>non</span> <span class='ocrx_word' id='word_1_473' title='bbox 1866 4380 2130 4440; x_wconf 80' lang='lat' dir='ltr'>efﬁciunt</span> 
     </span>
    </p>
   </div>
   <div class='ocr_carea' id='block_1_59' title="bbox 471 4465 2131 4542">
    <p class='ocr_par' dir='ltr' id='par_1_59' title="bbox 471 4465 2131 4542">
     <span class='ocr_line' id='line_1_60' title="bbox 471 4465 2131 4542; baseline -0.001 -14"><span class='ocrx_word' id='word_1_474' title='bbox 471 4470 729 4542; x_wconf 66' lang='lat' dir='ltr'>aequales</span> <span class='ocrx_word' id='word_1_475' title='bbox 746 4467 1023 4536; x_wconf 86' lang='lat' dir='ltr'>circulos,</span> <span class='ocrx_word' id='word_1_476' title='bbox 1047 4466 1152 4521; x_wconf 90' lang='lat' dir='ltr'>sed</span> <span class='ocrx_word' id='word_1_477' title='bbox 1172 4465 1528 4537; x_wconf 73' lang='lat' dir='ltr'>inaequales,</span> <span class='ocrx_word' id='word_1_478' title='bbox 1565 4467 1691 4524; x_wconf 89' lang='lat' dir='ltr'>imo</span> <span class='ocrx_word' id='word_1_479' title='bbox 1723 4484 1919 4541; x_wconf 90' lang='lat' dir='ltr'>neque</span> <span class='ocrx_word' id='word_1_480' title='bbox 1945 4471 2131 4528; x_wconf 89' lang='lat' dir='ltr'>trian-</span> 
     </span>
    </p>
   </div>
   <div class='ocr_carea' id='block_1_60' title="bbox 472 4553 2130 4632">
    <p class='ocr_par' dir='ltr' id='par_1_60' title="bbox 472 4553 2130 4632">
     <span class='ocr_line' id='line_1_61' title="bbox 472 4553 2130 4632; baseline 0.001 -16"><span class='ocrx_word' id='word_1_481' title='bbox 472 4559 616 4632; x_wconf 83' lang='lat' dir='ltr'>gula</span> <span class='ocrx_word' id='word_1_482' title='bbox 662 4556 858 4614; x_wconf 91' lang='lat' dir='ltr'>eidem</span> <span class='ocrx_word' id='word_1_483' title='bbox 898 4553 1157 4627; x_wconf 67' lang='lat' dir='ltr'>aequalia</span> <span class='ocrx_word' id='word_1_484' title='bbox 1193 4553 1450 4609; x_wconf 78' lang='lat' dir='ltr'>eiﬁciun.</span> <span class='ocrx_word' id='word_1_485' title='bbox 1495 4558 1736 4627; x_wconf 85' lang='lat' dir='ltr'>Oportet</span> <span class='ocrx_word' id='word_1_486' title='bbox 1793 4557 2130 4619; x_wconf 89' lang='lat' dir='ltr'>describere</span> 
     </span>
    </p>
   </div>
   <div class='ocr_carea' id='block_1_61' title="bbox 471 4642 2131 4723">
    <p class='ocr_par' dir='ltr' id='par_1_61' title="bbox 471 4642 2131 4723">
     <span class='ocr_line' id='line_1_62' title="bbox 471 4642 2131 4723; baseline -0.001 -16"><span class='ocrx_word' id='word_1_487' title='bbox 471 4647 753 4720; x_wconf 83' lang='lat' dir='ltr'>trianguli</span> <span class='ocrx_word' id='word_1_488' title='bbox 783 4651 839 4702; x_wconf 93' lang='lat' dir='ltr'>et</span> <span class='ocrx_word' id='word_1_489' title='bbox 869 4642 1070 4701; x_wconf 86' lang='lat' dir='ltr'>circuli</span> <span class='ocrx_word' id='word_1_490' title='bbox 1107 4643 1360 4714; x_wconf 84' lang='lat' dir='ltr'>ﬁguram</span> <span class='ocrx_word' id='word_1_491' title='bbox 1407 4659 1478 4700; x_wconf 92' lang='lat' dir='ltr'>ac</span> <span class='ocrx_word' id='word_1_492' title='bbox 1511 4647 1822 4703; x_wconf 90' lang='lat' dir='ltr'>ostendere</span> <span class='ocrx_word' id='word_1_493' title='bbox 1862 4648 2131 4723; x_wconf 73' lang='lat' dir='ltr'>inaequa-</span> 
     </span>
    </p>
   </div>
   <div class='ocr_carea' id='block_1_62' title="bbox 469 4731 2129 4809">
    <p class='ocr_par' dir='ltr' id='par_1_62' title="bbox 469 4731 2129 4809">
     <span class='ocr_line' id='line_1_63' title="bbox 469 4731 2129 4809; baseline 0.001 -13"><span class='ocrx_word' id='word_1_494' title='bbox 469 4738 558 4796; x_wconf 89' lang='lat' dir='ltr'>les</span> <span class='ocrx_word' id='word_1_495' title='bbox 585 4753 718 4795; x_wconf 87' lang='lat' dir='ltr'>esse</span> <span class='ocrx_word' id='word_1_496' title='bbox 757 4733 1012 4792; x_wconf 89' lang='lat' dir='ltr'>circulos</span> <span class='ocrx_word' id='word_1_497' title='bbox 1044 4731 1150 4806; x_wconf 88' lang='lat' dir='ltr'>qui</span> <span class='ocrx_word' id='word_1_498' title='bbox 1201 4747 1272 4787; x_wconf 83' lang='lat' dir='ltr'>ex</span> <span class='ocrx_word' id='word_1_499' title='bbox 1321 4731 1504 4789; x_wconf 88' lang='lat' dir='ltr'>latere</span> <span class='ocrx_word' id='word_1_500' title='bbox 1543 4736 1785 4807; x_wconf 87' lang='lat' dir='ltr'>tringuli</span> <span class='ocrx_word' id='word_1_501' title='bbox 1808 4737 2129 4809; x_wconf 62' lang='lat' dir='ltr'>[diametro</span> 
     </span>
    </p>
   </div>
   <div class='ocr_carea' id='block_1_63' title="bbox 472 4820 1630 4901">
    <p class='ocr_par' dir='ltr' id='par_1_63' title="bbox 472 4820 1630 4901">
     <span class='ocr_line' id='line_1_64' title="bbox 472 4820 1630 4901; baseline -0.004 -15"><span class='ocrx_word' id='word_1_502' title='bbox 472 4844 544 4886; x_wconf 89' lang='lat' dir='ltr'>ac</span> <span class='ocrx_word' id='word_1_503' title='bbox 571 4827 729 4886; x_wconf 86' lang='lat' dir='ltr'>linea</span> <span class='ocrx_word' id='word_1_504' title='bbox 751 4820 1234 4901; x_wconf 89' lang='lat' dir='ltr'>perpendiculari</span> <span class='ocrx_word' id='word_1_505' title='bbox 1272 4820 1630 4881; x_wconf 83' lang='lat' dir='ltr'>efﬁciuntur.</span> 
     </span>
    </p>
   </div>
   <div class='ocr_carea' id='block_1_64' title="bbox 544 4909 2127 4991">
    <p class='ocr_par' dir='ltr' id='par_1_64' title="bbox 544 4909 2127 4991">
     <span class='ocr_line' id='line_1_65' title="bbox 544 4909 2127 4991; baseline 0.004 -20"><span class='ocrx_word' id='word_1_506' title='bbox 544 4917 608 4973; x_wconf 89' lang='lat' dir='ltr'>In</span> <span class='ocrx_word' id='word_1_507' title='bbox 633 4915 932 4987; x_wconf 89' lang='lat' dir='ltr'>triangulo</span> <span class='ocrx_word' id='word_1_508' title='bbox 953 4918 1000 4970; x_wconf 82' lang='lat' dir='ltr'><strong>A</strong></span> <span class='ocrx_word' id='word_1_509' title='bbox 1028 4912 1073 4968; x_wconf 88' lang='grc' dir='ltr'>Β</span> <span class='ocrx_word' id='word_1_510' title='bbox 1105 4913 1144 4969; x_wconf 90' lang='lat' dir='ltr'>C</span> <span class='ocrx_word' id='word_1_511' title='bbox 1174 4909 1433 4967; x_wconf 89' lang='lat' dir='ltr'>circulus</span> <span class='ocrx_word' id='word_1_512' title='bbox 1461 4913 1510 4969; x_wconf 82' lang='grc' dir='ltr'><strong>Μ</strong></span> <span class='ocrx_word' id='word_1_513' title='bbox 1532 4912 1576 4970; x_wconf 93' lang='lat' dir='ltr'><strong>U</strong></span> <span class='ocrx_word' id='word_1_514' title='bbox 1599 4913 1989 4991; x_wconf 88' lang='lat' dir='ltr'>describatur,</span> <span class='ocrx_word' id='word_1_515' title='bbox 2028 4920 2127 4978; x_wconf 89' lang='lat' dir='ltr'>sit-</span> 
     </span>
    </p>
   </div>
   <div class='ocr_carea' id='block_1_65' title="bbox 472 5001 2126 5081">
    <p class='ocr_par' dir='ltr' id='par_1_65' title="bbox 472 5001 2126 5081">
     <span class='ocr_line' id='line_1_66' title="bbox 472 5001 2126 5081; baseline 0.001 -17"><span class='ocrx_word' id='word_1_516' title='bbox 472 5023 592 5081; x_wconf 90' lang='lat' dir='ltr'>que</span> <span class='ocrx_word' id='word_1_517' title='bbox 621 5012 894 5063; x_wconf 88' lang='lat' dir='ltr'>centrum</span> <span class='ocrx_word' id='word_1_518' title='bbox 924 5006 986 5061; x_wconf 90' lang='lat' dir='ltr'>G.</span> <span class='ocrx_word' id='word_1_519' title='bbox 1020 5003 1287 5075; x_wconf 85' lang='lat' dir='ltr'>Itemque</span> <span class='ocrx_word' id='word_1_520' title='bbox 1339 5001 1566 5058; x_wconf 80' lang='lat' dir='ltr'>circum</span> <span class='ocrx_word' id='word_1_521' title='bbox 1594 5003 1954 5064; x_wconf 87' lang='lat' dir='ltr'>diametrum</span> <span class='ocrx_word' id='word_1_522' title='bbox 2024 5013 2062 5066; x_wconf 97' lang='grc' dir='ltr'>Β</span> <span class='ocrx_word' id='word_1_523' title='bbox 2089 5013 2126 5066; x_wconf 71' lang='grc' dir='ltr'><strong>Ιιέ</strong></span> 
     </span>
    </p>
   </div>
   <div class='ocr_carea' id='block_1_66' title="bbox 474 5091 2126 5173">
    <p class='ocr_par' dir='ltr' id='par_1_66' title="bbox 474 5091 2126 5173">
     <span class='ocr_line' id='line_1_67' title="bbox 474 5091 2126 5173; baseline 0.004 -20"><span class='ocrx_word' id='word_1_524' title='bbox 474 5095 730 5153; x_wconf 89' lang='lat' dir='ltr'>circulus</span> <span class='ocrx_word' id='word_1_525' title='bbox 759 5098 802 5151; x_wconf 88' lang='grc' dir='ltr'><strong>Χ</strong></span> <span class='ocrx_word' id='word_1_526' title='bbox 833 5097 871 5150; x_wconf 90' lang='lat' dir='ltr'><strong>L</strong></span> <span class='ocrx_word' id='word_1_527' title='bbox 895 5093 1148 5151; x_wconf 89' lang='lat' dir='ltr'>ducatur</span> <span class='ocrx_word' id='word_1_528' title='bbox 1178 5091 1372 5163; x_wconf 90' lang='lat' dir='ltr'>sitque</span> <span class='ocrx_word' id='word_1_529' title='bbox 1422 5096 1694 5150; x_wconf 86' lang='lat' dir='ltr'>centrum</span> <span class='ocrx_word' id='word_1_530' title='bbox 1735 5099 1800 5152; x_wconf 87' lang='lat' dir='ltr'>N.</span> <span class='ocrx_word' id='word_1_531' title='bbox 1861 5101 2126 5173; x_wconf 88' lang='lat' dir='ltr'>Itemque</span> 
     </span>
    </p>
   </div>
   <div class='ocr_carea' id='block_1_67' title="bbox 475 5178 2125 5256">
    <p class='ocr_par' dir='ltr' id='par_1_67' title="bbox 475 5178 2125 5256">
     <span class='ocr_line' id='line_1_68' title="bbox 475 5178 2125 5256; baseline 0.002 -15"><span class='ocrx_word' id='word_1_532' title='bbox 475 5184 702 5242; x_wconf 88' lang='lat' dir='ltr'>circum</span> <span class='ocrx_word' id='word_1_533' title='bbox 731 5181 1288 5255; x_wconf 88' lang='lat' dir='ltr'>perpendicularem</span> <span class='ocrx_word' id='word_1_534' title='bbox 1318 5178 1542 5237; x_wconf 83' lang='lat' dir='ltr'>lineam</span> <span class='ocrx_word' id='word_1_535' title='bbox 1573 5184 1612 5239; x_wconf 64' lang='grc' dir='ltr'><strong>ἑ]</strong></span> <span class='ocrx_word' id='word_1_536' title='bbox 1639 5185 1700 5252; x_wconf 91' lang='lat' dir='ltr'>C,</span> <span class='ocrx_word' id='word_1_537' title='bbox 1731 5185 1990 5246; x_wconf 88' lang='lat' dir='ltr'>circulus</span> <span class='ocrx_word' id='word_1_538' title='bbox 2021 5192 2064 5256; x_wconf 90' lang='lat' dir='ltr'><strong>Q</strong></span> <span class='ocrx_word' id='word_1_539' title='bbox 2089 5191 2125 5244; x_wconf 95' lang='lat' dir='ltr'>S</span> 
     </span>
    </p>
   </div>
   <div class='ocr_carea' id='block_1_68' title="bbox 477 5272 2127 5348">
    <p class='ocr_par' dir='ltr' id='par_1_68' title="bbox 477 5272 2127 5348">
     <span class='ocr_line' id='line_1_69' title="bbox 477 5272 2127 5348; baseline 0.004 -18"><span class='ocrx_word' id='word_1_540' title='bbox 477 5273 867 5338; x_wconf 86' lang='lat' dir='ltr'>describatur,</span> <span class='ocrx_word' id='word_1_541' title='bbox 899 5272 1092 5342; x_wconf 88' lang='lat' dir='ltr'>sitque</span> <span class='ocrx_word' id='word_1_542' title='bbox 1117 5276 1390 5327; x_wconf 88' lang='lat' dir='ltr'>centrum</span> <span class='ocrx_word' id='word_1_543' title='bbox 1441 5273 1504 5327; x_wconf 78' lang='grc' dir='ltr'><strong>Β.</strong></span> <span class='ocrx_word' id='word_1_544' title='bbox 1559 5273 1735 5330; x_wconf 85' lang='lat' dir='ltr'>Latus</span> <span class='ocrx_word' id='word_1_545' title='bbox 1785 5292 1929 5348; x_wconf 85' lang='lat' dir='ltr'>ergo</span> <span class='ocrx_word' id='word_1_546' title='bbox 1983 5282 2030 5334; x_wconf 91' lang='lat' dir='ltr'><strong>A</strong></span> <span class='ocrx_word' id='word_1_547' title='bbox 2082 5282 2127 5336; x_wconf 90' lang='lat' dir='ltr'><strong>B</strong></span> 
     </span>
    </p>
   </div>
   <div class='ocr_carea' id='block_1_69' title="bbox 479 5359 2128 5432">
    <p class='ocr_par' dir='ltr' id='par_1_69' title="bbox 479 5359 2128 5432">
     <span class='ocr_line' id='line_1_70' title="bbox 479 5359 2128 5432; baseline 0.007 -13"><span class='ocrx_word' id='word_1_548' title='bbox 479 5361 718 5432; x_wconf 79' lang='lat' dir='ltr'>iringuli</span> <span class='ocrx_word' id='word_1_549' title='bbox 739 5366 784 5417; x_wconf 75' lang='grc' dir='ltr'><strong>Α</strong></span> <span class='ocrx_word' id='word_1_550' title='bbox 813 5363 850 5416; x_wconf 89' lang='grc' dir='ltr'>Β</span> <span class='ocrx_word' id='word_1_551' title='bbox 872 5362 912 5416; x_wconf 90' lang='lat' dir='ltr'>C</span> <span class='ocrx_word' id='word_1_552' title='bbox 948 5361 1023 5416; x_wconf 87' lang='lat' dir='ltr'>sit</span> <span class='ocrx_word' id='word_1_553' title='bbox 1059 5359 1350 5416; x_wconf 87' lang='lat' dir='ltr'>diameter</span> <span class='ocrx_word' id='word_1_554' title='bbox 1379 5359 1581 5417; x_wconf 88' lang='lat' dir='ltr'>circuli</span> <span class='ocrx_word' id='word_1_555' title='bbox 1600 5364 1650 5420; x_wconf 86' lang='lat' dir='ltr'><strong>M</strong></span> <span class='ocrx_word' id='word_1_556' title='bbox 1676 5363 1721 5420; x_wconf 96' lang='lat' dir='ltr'><strong>U</strong></span> <span class='ocrx_word' id='word_1_557' title='bbox 1750 5369 1808 5423; x_wconf 92' lang='lat' dir='ltr'>et</span> <span class='ocrx_word' id='word_1_558' title='bbox 1839 5368 2128 5431; x_wconf 89' lang='lat' dir='ltr'>diameter</span> 
     </span>
    </p>
   </div>
   <div class='ocr_carea' id='block_1_70' title="bbox 479 5447 2130 5523">
    <p class='ocr_par' dir='ltr' id='par_1_70' title="bbox 479 5447 2130 5523">
     <span class='ocr_line' id='line_1_71' title="bbox 479 5447 2130 5523; baseline 0.008 -15"><span class='ocrx_word' id='word_1_559' title='bbox 479 5453 522 5508; x_wconf 89' lang='lat' dir='ltr'><strong>B</strong></span> <span class='ocrx_word' id='word_1_560' title='bbox 551 5451 594 5506; x_wconf 89' lang='lat' dir='ltr'><strong>E</strong></span> <span class='ocrx_word' id='word_1_561' title='bbox 614 5449 817 5508; x_wconf 87' lang='lat' dir='ltr'>circuli</span> <span class='ocrx_word' id='word_1_562' title='bbox 847 5451 887 5505; x_wconf 82' lang='grc' dir='ltr'>Χ</span> <span class='ocrx_word' id='word_1_563' title='bbox 912 5447 954 5504; x_wconf 90' lang='lat' dir='ltr'><strong>L</strong></span> <span class='ocrx_word' id='word_1_564' title='bbox 981 5447 1055 5505; x_wconf 88' lang='lat' dir='ltr'>sit</span> <span class='ocrx_word' id='word_1_565' title='bbox 1072 5447 1228 5505; x_wconf 89' lang='lat' dir='ltr'>latus</span> <span class='ocrx_word' id='word_1_566' title='bbox 1249 5447 1489 5519; x_wconf 84' lang='lat' dir='ltr'>tringuli</span> <span class='ocrx_word' id='word_1_567' title='bbox 1517 5452 1560 5506; x_wconf 88' lang='lat' dir='ltr'><strong><em>E</em></strong></span> <span class='ocrx_word' id='word_1_568' title='bbox 1626 5455 1668 5509; x_wconf 88' lang='grc' dir='ltr'>Β</span> <span class='ocrx_word' id='word_1_569' title='bbox 1724 5455 1785 5513; x_wconf 86' lang='lat' dir='ltr'>F.</span> <span class='ocrx_word' id='word_1_570' title='bbox 1835 5459 2130 5523; x_wconf 66' lang='lat' dir='ltr'>Praeterea</span> 
     </span>
    </p>
   </div>
   <div class='ocr_carea' id='block_1_71' title="bbox 479 5534 2128 5619">
    <p class='ocr_par' dir='ltr' id='par_1_71' title="bbox 479 5534 2128 5619">
     <span class='ocr_line' id='line_1_72' title="bbox 479 5534 2128 5619; baseline -0.002 -17"><span class='ocrx_word' id='word_1_571' title='bbox 479 5543 524 5602; x_wconf 91' lang='lat' dir='ltr'><strong>G</strong></span> <span class='ocrx_word' id='word_1_572' title='bbox 553 5543 596 5602; x_wconf 88' lang='lat' dir='ltr'><strong><em>C</em></strong></span> <span class='ocrx_word' id='word_1_573' title='bbox 629 5535 1140 5618; x_wconf 82' lang='lat' dir='ltr'>perpendicularis</span> <span class='ocrx_word' id='word_1_574' title='bbox 1163 5534 1324 5599; x_wconf 83' lang='lat' dir='ltr'>linea.</span> <span class='ocrx_word' id='word_1_575' title='bbox 1345 5536 1628 5614; x_wconf 78' lang='lat' dir='ltr'>trianguli</span> <span class='ocrx_word' id='word_1_576' title='bbox 1651 5544 1700 5603; x_wconf 76' lang='grc' dir='ltr'><strong>Δ</strong></span> <span class='ocrx_word' id='word_1_577' title='bbox 1723 5541 1769 5600; x_wconf 75' lang='grc' dir='ltr'>Β</span> <span class='ocrx_word' id='word_1_578' title='bbox 1797 5547 1855 5619; x_wconf 83' lang='lat' dir='ltr'>C,</span> <span class='ocrx_word' id='word_1_579' title='bbox 1905 5550 2128 5616; x_wconf 77' lang='lat' dir='ltr'>diame.</span> 
     </span>
    </p>
   </div>
   <div class='ocr_carea' id='block_1_72' title="bbox 2233 2868 3897 2942">
    <p class='ocr_par' dir='ltr' id='par_1_72' title="bbox 2233 2868 3897 2942">
     <span class='ocr_line' id='line_1_73' title="bbox 2233 2868 3897 2942; baseline -0.004 -13"><span class='ocrx_word' id='word_1_580' title='bbox 2233 2872 2453 2929; x_wconf 84' lang='lat' dir='ltr'>Eodem</span> <span class='ocrx_word' id='word_1_581' title='bbox 2481 2872 2666 2928; x_wconf 91' lang='lat' dir='ltr'>modo</span> <span class='ocrx_word' id='word_1_582' title='bbox 2697 2869 2990 2927; x_wconf 90' lang='lat' dir='ltr'>diameter</span> <span class='ocrx_word' id='word_1_583' title='bbox 3014 2869 3216 2927; x_wconf 90' lang='lat' dir='ltr'>circuli</span> <span class='ocrx_word' id='word_1_584' title='bbox 3241 2869 3290 2926; x_wconf 88' lang='lat' dir='ltr'><strong><em>M</em></strong></span> <span class='ocrx_word' id='word_1_585' title='bbox 3325 2871 3367 2925; x_wconf 89' lang='lat' dir='ltr'>U</span> <span class='ocrx_word' id='word_1_586' title='bbox 3393 2885 3536 2942; x_wconf 64' lang='lat' dir='ltr'>qua;</span> <span class='ocrx_word' id='word_1_587' title='bbox 3563 2868 3792 2925; x_wconf 89' lang='lat' dir='ltr'>eadem</span> <span class='ocrx_word' id='word_1_588' title='bbox 3817 2873 3897 2924; x_wconf 85' lang='lat' dir='ltr'>est</span> 
     </span>
    </p>
   </div>
   <div class='ocr_carea' id='block_1_73' title="bbox 2226 2957 3897 3032">
    <p class='ocr_par' dir='ltr' id='par_1_73' title="bbox 2226 2957 3897 3032">
     <span class='ocr_line' id='line_1_74' title="bbox 2226 2957 3897 3032; baseline -0.004 -12"><span class='ocrx_word' id='word_1_589' title='bbox 2226 2962 2383 3020; x_wconf 89' lang='lat' dir='ltr'>latus</span> <span class='ocrx_word' id='word_1_590' title='bbox 2412 2961 2693 3032; x_wconf 83' lang='lat' dir='ltr'>trianguli</span> <span class='ocrx_word' id='word_1_591' title='bbox 2719 2965 2765 3016; x_wconf 85' lang='lat' dir='ltr'><strong>A</strong></span> <span class='ocrx_word' id='word_1_592' title='bbox 2792 2962 2885 3016; x_wconf 89' lang='lat' dir='ltr'>BC</span> <span class='ocrx_word' id='word_1_593' title='bbox 2917 2959 2992 3015; x_wconf 90' lang='lat' dir='ltr'>sit</span> <span class='ocrx_word' id='word_1_594' title='bbox 3015 2958 3171 3016; x_wconf 88' lang='lat' dir='ltr'>latus</span> <span class='ocrx_word' id='word_1_595' title='bbox 3201 2957 3484 3029; x_wconf 77' lang='lat' dir='ltr'>trianguli</span> <span class='ocrx_word' id='word_1_596' title='bbox 3511 2963 3558 3013; x_wconf 82' lang='grc' dir='ltr'><strong>Α</strong></span> <span class='ocrx_word' id='word_1_597' title='bbox 3587 2960 3710 3014; x_wconf 84' lang='grc' dir='ltr'>ΒΟ.</span> <span class='ocrx_word' id='word_1_598' title='bbox 3745 2961 3897 3024; x_wconf 85' lang='lat' dir='ltr'>Quo-</span> 
     </span>
    </p>
   </div>
   <div class='ocr_carea' id='block_1_74' title="bbox 2228 3046 3895 3119">
    <p class='ocr_par' dir='ltr' id='par_1_74' title="bbox 2228 3046 3895 3119">
     <span class='ocr_line' id='line_1_75' title="bbox 2228 3046 3895 3119; baseline -0.004 -13"><span class='ocrx_word' id='word_1_599' title='bbox 2228 3051 2394 3106; x_wconf 87' lang='lat' dir='ltr'>niam</span> <span class='ocrx_word' id='word_1_600' title='bbox 2424 3049 2603 3119; x_wconf 84' lang='lat' dir='ltr'>igitur</span> <span class='ocrx_word' id='word_1_601' title='bbox 2649 3047 2938 3104; x_wconf 89' lang='lat' dir='ltr'>diameter</span> <span class='ocrx_word' id='word_1_602' title='bbox 2987 3053 3074 3103; x_wconf 88' lang='lat' dir='ltr'>est</span> <span class='ocrx_word' id='word_1_603' title='bbox 3124 3046 3293 3103; x_wconf 87' lang='lat' dir='ltr'>tertia</span> <span class='ocrx_word' id='word_1_604' title='bbox 3343 3059 3489 3118; x_wconf 89' lang='lat' dir='ltr'>pars</span> <span class='ocrx_word' id='word_1_605' title='bbox 3539 3046 3733 3101; x_wconf 86' lang='lat' dir='ltr'>totius</span> <span class='ocrx_word' id='word_1_606' title='bbox 3786 3046 3895 3101; x_wconf 86' lang='lat' dir='ltr'>cir-</span> 
     </span>
    </p>
   </div>
   <div class='ocr_carea' id='block_1_75' title="bbox 2231 3134 3898 3203">
    <p class='ocr_par' dir='ltr' id='par_1_75' title="bbox 2231 3134 3898 3203">
     <span class='ocr_line' id='line_1_76' title="bbox 2231 3134 3898 3203; baseline -0.003 -8"><span class='ocrx_word' id='word_1_607' title='bbox 2231 3137 2664 3196; x_wconf 88' lang='lat' dir='ltr'>cumcurrentis</span> <span class='ocrx_word' id='word_1_608' title='bbox 2686 3137 2859 3193; x_wconf 64' lang='lat' dir='ltr'>lineas</span> <span class='ocrx_word' id='word_1_609' title='bbox 2889 3134 3112 3203; x_wconf 89' lang='lat' dir='ltr'>circuli,</span> <span class='ocrx_word' id='word_1_610' title='bbox 3137 3139 3441 3191; x_wconf 90' lang='lat' dir='ltr'>estautem</span> <span class='ocrx_word' id='word_1_611' title='bbox 3469 3138 3518 3189; x_wconf 86' lang='lat' dir='ltr'><strong>A</strong></span> <span class='ocrx_word' id='word_1_612' title='bbox 3543 3136 3584 3189; x_wconf 91' lang='grc' dir='ltr'>Β</span> <span class='ocrx_word' id='word_1_613' title='bbox 3603 3134 3898 3190; x_wconf 78' lang='lat' dir='ltr'>diameter</span> 
     </span>
    </p>
   </div>
   <div class='ocr_carea' id='block_1_76' title="bbox 2231 3222 3899 3298">
    <p class='ocr_par' dir='ltr' id='par_1_76' title="bbox 2231 3222 3899 3298">
     <span class='ocr_line' id='line_1_77' title="bbox 2231 3222 3899 3298; baseline -0.004 -14"><span class='ocrx_word' id='word_1_614' title='bbox 2231 3227 2435 3284; x_wconf 90' lang='lat' dir='ltr'>circuli</span> <span class='ocrx_word' id='word_1_615' title='bbox 2464 3229 2512 3284; x_wconf 87' lang='lat' dir='ltr'><strong>M</strong></span> <span class='ocrx_word' id='word_1_616' title='bbox 2539 3228 2604 3298; x_wconf 89' lang='lat' dir='ltr'>U,</span> <span class='ocrx_word' id='word_1_617' title='bbox 2632 3231 2690 3283; x_wconf 92' lang='lat' dir='ltr'>et</span> <span class='ocrx_word' id='word_1_618' title='bbox 2735 3225 2891 3283; x_wconf 92' lang='lat' dir='ltr'>latus</span> <span class='ocrx_word' id='word_1_619' title='bbox 2920 3222 3196 3296; x_wconf 85' lang='lat' dir='ltr'>trianguli</span> <span class='ocrx_word' id='word_1_620' title='bbox 3227 3224 3276 3277; x_wconf 83' lang='grc' dir='ltr'><strong>Α</strong></span> <span class='ocrx_word' id='word_1_621' title='bbox 3301 3223 3343 3276; x_wconf 87' lang='grc' dir='ltr'>Β</span> <span class='ocrx_word' id='word_1_622' title='bbox 3373 3224 3446 3289; x_wconf 89' lang='lat' dir='ltr'>C;</span> <span class='ocrx_word' id='word_1_623' title='bbox 3504 3227 3599 3280; x_wconf 89' lang='lat' dir='ltr'>est</span> <span class='ocrx_word' id='word_1_624' title='bbox 3654 3238 3899 3297; x_wconf 88' lang='lat' dir='ltr'>quoque</span> 
     </span>
    </p>
   </div>
   <div class='ocr_carea' id='block_1_77' title="bbox 2307 3373 3873 5055">
    <p class='ocr_par' dir='ltr' id='par_1_77' title="bbox 2318 4448 3862 4977">
     <span class='ocr_line' id='line_1_78' title="bbox 2318 4448 3862 4977; baseline -0.006 -184"><span class='ocrx_word' id='word_1_625' title='bbox 2318 4448 3862 4977; x_wconf 30' lang='lat' dir='ltr'>me;</span> 
     </span>
    </p>
   </div>
   <div class='ocr_carea' id='block_1_78' title="bbox 2233 5116 3894 5191">
    <p class='ocr_par' dir='ltr' id='par_1_78' title="bbox 2233 5116 3894 5191">
     <span class='ocr_line' id='line_1_79' title="bbox 2233 5116 3894 5191; baseline 0.003 -19"><span class='ocrx_word' id='word_1_626' title='bbox 2233 5117 2575 5175; x_wconf 88' lang='lat' dir='ltr'>necessario</span> <span class='ocrx_word' id='word_1_627' title='bbox 2588 5117 3099 5175; x_wconf 87' lang='lat' dir='ltr'>circumcurrentis</span> <span class='ocrx_word' id='word_1_628' title='bbox 3114 5117 3286 5174; x_wconf 67' lang='lat' dir='ltr'>lineae</span> <span class='ocrx_word' id='word_1_629' title='bbox 3300 5116 3472 5174; x_wconf 86' lang='lat' dir='ltr'>tertia</span> <span class='ocrx_word' id='word_1_630' title='bbox 3501 5132 3677 5191; x_wconf 87' lang='lat' dir='ltr'>pars.</span> <span class='ocrx_word' id='word_1_631' title='bbox 3703 5121 3894 5186; x_wconf 83' lang='lat' dir='ltr'>Quan-</span> 
     </span>
    </p>
   </div>
   <div class='ocr_carea' id='block_1_79' title="bbox 2233 5203 3890 5284">
    <p class='ocr_par' dir='ltr' id='par_1_79' title="bbox 2233 5203 3890 5284">
     <span class='ocr_line' id='line_1_80' title="bbox 2233 5203 3890 5284; baseline 0.002 -23"><span class='ocrx_word' id='word_1_632' title='bbox 2233 5203 2562 5278; x_wconf 87' lang='lat' dir='ltr'>doquidem</span> <span class='ocrx_word' id='word_1_633' title='bbox 2591 5207 2653 5264; x_wconf 91' lang='lat' dir='ltr'>in</span> <span class='ocrx_word' id='word_1_634' title='bbox 2679 5207 2811 5264; x_wconf 89' lang='lat' dir='ltr'>aliis</span> <span class='ocrx_word' id='word_1_635' title='bbox 2834 5206 3170 5281; x_wconf 69' lang='lat' dir='ltr'>aequalibus</span> <span class='ocrx_word' id='word_1_636' title='bbox 3198 5206 3492 5264; x_wconf 88' lang='lat' dir='ltr'>lateribus</span> <span class='ocrx_word' id='word_1_637' title='bbox 3534 5207 3660 5265; x_wconf 91' lang='lat' dir='ltr'>hoc</span> <span class='ocrx_word' id='word_1_638' title='bbox 3697 5209 3890 5284; x_wconf 81' lang='lat' dir='ltr'>ipsum</span> 
     </span>
    </p>
   </div>
   <div class='ocr_carea' id='block_1_80' title="bbox 2231 5292 3891 5372">
    <p class='ocr_par' dir='ltr' id='par_1_80' title="bbox 2231 5292 3891 5372">
     <span class='ocr_line' id='line_1_81' title="bbox 2231 5292 3891 5372; baseline 0.002 -22"><span class='ocrx_word' id='word_1_639' title='bbox 2231 5292 2416 5352; x_wconf 89' lang='lat' dir='ltr'>habet</span> <span class='ocrx_word' id='word_1_640' title='bbox 2437 5296 2662 5363; x_wconf 80' lang='lat' dir='ltr'>locum,</span> <span class='ocrx_word' id='word_1_641' title='bbox 2684 5297 2967 5370; x_wconf 88' lang='lat' dir='ltr'>quoniam</span> <span class='ocrx_word' id='word_1_642' title='bbox 2993 5298 3097 5352; x_wconf 86' lang='grc' dir='ltr'>ΑΒ</span> <span class='ocrx_word' id='word_1_643' title='bbox 3149 5298 3189 5354; x_wconf 88' lang='lat' dir='ltr'>C</span> <span class='ocrx_word' id='word_1_644' title='bbox 3245 5295 3480 5369; x_wconf 83' lang='lat' dir='ltr'>perﬁcit</span> <span class='ocrx_word' id='word_1_645' title='bbox 3517 5297 3891 5372; x_wconf 80' lang='lat' dir='ltr'>triangulum</span> 
     </span>
    </p>
   </div>
   <div class='ocr_carea' id='block_1_81' title="bbox 2232 5384 3892 5458">
    <p class='ocr_par' dir='ltr' id='par_1_81' title="bbox 2232 5384 3892 5458">
     <span class='ocr_line' id='line_1_82' title="bbox 2232 5384 3892 5458; baseline 0.003 -20"><span class='ocrx_word' id='word_1_646' title='bbox 2232 5387 2281 5438; x_wconf 80' lang='grc' dir='ltr'><strong>Α</strong></span> <span class='ocrx_word' id='word_1_647' title='bbox 2311 5385 2350 5438; x_wconf 89' lang='grc' dir='ltr'>Β</span> <span class='ocrx_word' id='word_1_648' title='bbox 2378 5385 2438 5455; x_wconf 92' lang='lat' dir='ltr'>C,</span> <span class='ocrx_word' id='word_1_649' title='bbox 2455 5386 2796 5444; x_wconf 86' lang='lat' dir='ltr'>necessario</span> <span class='ocrx_word' id='word_1_650' title='bbox 2814 5391 2859 5442; x_wconf 85' lang='grc' dir='ltr'><strong>Α</strong></span> <span class='ocrx_word' id='word_1_651' title='bbox 2890 5387 2932 5441; x_wconf 89' lang='grc' dir='ltr'>Β</span> <span class='ocrx_word' id='word_1_652' title='bbox 2954 5385 3244 5444; x_wconf 87' lang='lat' dir='ltr'>diameter</span> <span class='ocrx_word' id='word_1_653' title='bbox 3262 5384 3424 5442; x_wconf 84' lang='lat' dir='ltr'>latus</span> <span class='ocrx_word' id='word_1_654' title='bbox 3445 5385 3690 5456; x_wconf 81' lang='lat' dir='ltr'>affecta,</span> <span class='ocrx_word' id='word_1_655' title='bbox 3713 5388 3892 5458; x_wconf 82' lang='lat' dir='ltr'>majo-</span> 
     </span>
    </p>
   </div>
   <div class='ocr_carea' id='block_1_82' title="bbox 2232 5473 3889 5550">
    <p class='ocr_par' dir='ltr' id='par_1_82' title="bbox 2232 5473 3889 5550">
     <span class='ocr_line' id='line_1_83' title="bbox 2232 5473 3889 5550; baseline 0.005 -21"><span class='ocrx_word' id='word_1_656' title='bbox 2232 5485 2363 5530; x_wconf 88' lang='lat' dir='ltr'>rem</span> <span class='ocrx_word' id='word_1_657' title='bbox 2390 5473 2682 5534; x_wconf 90' lang='lat' dir='ltr'>circulum</span> <span class='ocrx_word' id='word_1_658' title='bbox 2710 5474 3072 5535; x_wconf 88' lang='lat' dir='ltr'>constituent</span> <span class='ocrx_word' id='word_1_659' title='bbox 3118 5490 3309 5550; x_wconf 83' lang='lat' dir='ltr'>quam</span> <span class='ocrx_word' id='word_1_660' title='bbox 3357 5474 3481 5534; x_wconf 83' lang='lat' dir='ltr'>sint</span> <span class='ocrx_word' id='word_1_661' title='bbox 3537 5475 3627 5535; x_wconf 88' lang='lat' dir='ltr'>illi</span> <span class='ocrx_word' id='word_1_662' title='bbox 3673 5475 3889 5545; x_wconf 82' lang='lat' dir='ltr'>circuli,</span> 
     </span>
    </p>
   </div>
   <div class='ocr_carea' id='block_1_83' title="bbox 2229 5559 3888 5644">
    <p class='ocr_par' dir='ltr' id='par_1_83' title="bbox 2229 5559 3888 5644">
     <span class='ocr_line' id='line_1_84' title="bbox 2229 5559 3888 5644; baseline 0.001 -20"><span class='ocrx_word' id='word_1_663' title='bbox 2229 5559 2340 5637; x_wconf 85' lang='lat' dir='ltr'>qui</span> <span class='ocrx_word' id='word_1_664' title='bbox 2367 5561 2594 5626; x_wconf 76' lang='lat' dir='ltr'>circum</span> <span class='ocrx_word' id='word_1_665' title='bbox 2622 5565 2902 5643; x_wconf 79' lang='lat' dir='ltr'>trianguli</span> <span class='ocrx_word' id='word_1_666' title='bbox 2927 5562 3497 5643; x_wconf 81' lang='lat' dir='ltr'>perpendicularem</span> <span class='ocrx_word' id='word_1_667' title='bbox 3519 5565 3775 5644; x_wconf 81' lang='lat' dir='ltr'>lineam,</span> <span class='ocrx_word' id='word_1_668' title='bbox 3791 5565 3888 5629; x_wconf 68' lang='lat' dir='ltr'>aut</span> 
     </span>
    </p>
   </div>
  </div>
