4064 6308
146 256 259 328 1385

979 261 1334 327 THEODORI
1372 266 1419 326 Il
1456 268 1592 328 1MP.
1633 269 1724 327 DE
1764 269 2222 328 COMMUNIONE
2261 259 2638 327 THEODORI.

3374 265 3512 326 £386

162 395 283 455 ἴσαις
351 392 508 466 ταύτῃ
556 397 598 447 Α
630 399 667 446 Β
697 397 734 446 Γ
780 391 1058 468 ἀπαρτίζει
1109 398 1167 448 τὸ
1224 399 1474 469 τρίγωνον
1525 404 1568 451 Α
1599 401 1720 464 ΒΓ,
1777 392 1824 447 Α
1886 393 2140 464 λαϐοῦσα,
2199 395 2252 460 ἐξ
2303 394 2532 468 ἀνάγκης
2591 400 2662 466 τῷ
2719 391 2780 446 οὗ
2819 391 3048 468 ἷπλιυρά,
3107 391 3220 447 ἴσον
3272 391 3487 454 ἐποίησε

165 479 415 553 ἀναγκαίως
444 483 474 540 ἡ
515 488 606 534 106
648 488 686 536 Α
710 489 746 534 Β
780 488 818 535 Γ
850 487 888 534 Α
926 490 962 535 Β
1011 480 1292 560 διάμετρος
1347 487 1554 538 τεθεῖσα
1604 489 1722 557 μεί-

163 573 268 633 ζονα
326 570 502 624 κύκλον
568 575 858 630 συνέστησε
901 580 1008 634 τοῖς
1052 581 1144 626 τοῦ
1193 579 1446 648 τριγώνου
1500 575 1720 626 καθέτου

159 664 236 712 καὶ
286 656 552 733 διαμέτρου
622 664 1107 734 συσταθησομένοις
1179 662 1384 723 κύκλοις
1447 667 1609 716 τόνΜ
1643 670 1717 717 Φ·

157 747 250 801 ἐπεὶ
307 745 358 801 δὲ
385 750 412 808 ἡ
446 755 484 801 Γ
515 755 557 802 Η
586 751 802 812 κάθετος
852 750 946 803 ούκ
1002 754 1092 810 ἴση
1147 758 1208 824 τῇ
1239 758 1279 805 Α
1311 759 1347 804 Β
1373 751 1570 828 πλευρᾴ
1606 750 1720 805 κατ’

155 836 350 903 ἔλαττον,
399 840 512 890 ἔστι
592 835 651 891 δὲ
715 844 804 892 καὶ
858 839 988 898 αὕτη
1048 836 1320 916 διάμετρος
1365 849 1458 893 1'06
1494 849 1538 895 Il
1569 849 1602 895 Σ
1635 843 1724 894 κύ-

154 926 282 997 κλου,
311 926 589 999 ἀναγκαίως
640 926 753 981 ἐστὶ
800 933 890 982 καὶ
937 929 962 980 6
987 929 1170 991 κύκλος
1229 931 1290 983 οὗ
1361 931 1492 990 αὕτη
1542 926 1722 1004 διάμε-

153 1034 259 1090 τρος
305 1023 343 1068 Π
369 1023 418 1082 Σ,
469 1015 583 1068 κατ’
639 1016 847 1070 ἔλαττον
903 1019 1083 1079 ἄνισος
1133 1026 1203 1090 τῷ
1251 1025 1367 1073 ΜΦ
1426 1019 1617 1092 κύκλῳ,
1661 1019 1722 1072 οὗ

156 1102 398 1181 διάμετρος
454 1107 485 1165 ἡ
538 1110 662 1173 ΑΒ,
737 1111 826 1160 καὶ
898 1111 957 1160 16
1017 1110 1178 1184 ἄραΓ
1207 1117 1331 1163 ΜΘ
1375 1115 1620 1184 τρίγωνον
1693 1108 1720 1162 ὃ

153 1194 181 1252 ἡ
212 1199 247 1247 Α
273 1196 529 1256 Γκάθιτος
611 1199 700 1248 καὶ
781 1192 1079 1271 διάμετρος,
1140 1205 1231 1250 1'06
1263 1205 1302 1252 Δ
1337 1204 1374 1251 Β
1403 1204 1442 1250 Γ
1465 1203 1718 1272 τριγώνου

152 1288 339 1336 καὶτοῦ
389 1291 432 1338 Π
459 1291 492 1336 Σ
523 1283 736 1354 κύκλου,
793 1285 989 1358 πλευρὰ
1039 1291 1312 1359 γεναμένη,
1381 1292 1717 1356 συνέστησεν,

151 1377 310 1427 ἄνισόν
345 1373 472 1444 ἔστι,
520 1374 636 1427 κατ’
683 1374 888 1428 ἔλαττον
942 1373 1002 1430 δὲ
1056 1384 1148 1429 106
1180 1384 1220 1432 A
1253 1384 1288 1430 Β
1325 1383 1364 1431 Γ
1415 1384 1668 1453 τριγώνου
1702 1399 1715 1414 ⁸

150 1465 200 1516 αἱ
248 1466 334 1537 γὰρ
380 1462 594 1537 πλευραὶ
641 1463 1005 1517 ὑποτείνουσαι
1062 1463 1306 1532 ἀλλήλας,
1356 1467 1566 1539 μείζους
1605 1467 1721 1520 ἑαυ-

145 1552 226 1610 τὰς
251 1557 331 1610 τῆς
377 1547 658 1624 διαμέτρου
706 1557 797 1605 καὶ
851 1556 1069 1607 καθέτου
1122 1562 1336 1607 ποιοῦσι
1391 1555 1566 1624 πάλιν,
1611 1555 1722 1617 ἐπεὶ

146 1640 173 1696 ἠ
204 1645 338 1691 Βτοῡ
387 1647 429 1695 Α
469 1645 507 1692 Γ
558 1647 814 1716 τριγώνου
866 1644 960 1695 ούκ
1015 1645 1107 1702 ἴση
1158 1651 1221 1716 τῇ
1283 1643 1470 1696 ἑαυτοῦ
1524 1644 1722 1718 πλευρᾷ

144 1733 177 1778 Β
207 1733 241 1780 Γ
289 1730 418 1780 ἔστιν
511 1730 638 1782 ὅπου
696 1729 757 1782 ἆν
801 1734 1028 1804 περάσῃ,
1091 1731 1136 1784 εἰ
1181 1737 1311 1805 μήτι
1352 1736 1488 1786 κατά
1543 1737 1601 1786 16
1628 1741 1666 1787 Γ
1694 1735 1721 1787 ὃ

143 1813 248 1868 ἐστι
309 1820 460 1890 πέρας
534 1825 630 1879 τῆς
691 1825 727 1871 Β
767 1826 805 1874 Γ
866 1820 1112 1896 πλευρᾶς,
1171 1826 1257 1874 καὶ
1308 1828 1581 1894 γενήσεται
1629 1829 1720 1878 καὶ

142 1903 264 1964 αὕτη
307 1905 515 1982 πλευρὰ,
575 1909 600 1960 ὃ
661 1927 717 1960 τε
775 1913 864 1962 καὶ
916 1918 1006 1964 τού
1062 1917 1158 1971 τῆς
1203 1906 1486 1986 διαμτρου
1511 1911 1714 1986 ἀποστῇ

142 1991 389 2065 ὀνόματος,
421 1996 619 2063 ἄνισος,
669 1997 782 2049 κατ’
821 1996 1028 2051 ἔλαττόν
1085 1997 1195 2052 ἐστι
1218 2009 1314 2062 τῆς
1343 2007 1379 2052 Β
1418 2008 1451 2054 Σ
1476 2001 1717 2075 πλευρᾶς,

143 2084 355 2155 ύπιίρχει
383 2080 441 2136 δὲ
469 2086 500 2142 ἡ
547 2085 674 2144 αὐτὴ
716 2091 806 2140 καὶ
858 2095 950 2140 τοῦ
989 2095 1032 2142 Χ
1067 2093 1115 2143 Λ
1166 2088 1357 2141 κύκλου
1418 2086 1719 2164 διάμετρος,

145 2171 422 2244 ἀναγκαίοις
472 2179 562 2226 καὶ
611 2176 636 2227 6
701 2182 747 2229 X
779 2182 824 2230 Λ
881 2177 1065 2238 κύκλος
1123 2179 1300 2240 ἄνισος
1345 2179 1460 2231 κατ’
1513 2180 1720 2233 ἔλαττόν

145 2261 250 2315 ἔστι
300 2271 364 2333 τῷ
392 2269 443 2316 Μ
473 2270 511 2318 Φ
534 2264 704 2337 κύκλῳ
761 2265 822 2318 οὗ
871 2263 1152 2341 διάμετρος
1176 2269 1206 2326 ἡ
1239 2276 1279 2322 Α
1312 2275 1348 2321 Β
1372 2289 1384 2301 ο
1414 2270 1444 2327 ἡ
1495 2273 1596 2342 γὰρ
1626 2276 1662 2322 Β
1686 2275 1724 2322 Γ

143 2355 231 2410 ἴση
295 2355 449 2426 ταύτῃ
513 2352 646 2424 έστὶ,
723 2359 812 2408 καὶ
896 2359 954 2408 τὸ
1016 2358 1122 2430 ἄρα
1151 2364 1310 2410 ΕΒΖ
1353 2362 1601 2433 τρίγωνον
1630 2358 1656 2411 ὂ
1688 2359 1718 2418 ἡ

143 2445 280 2499 κοινὴ
333 2437 626 2515 διάμετρος,
674 2451 766 2495 τοῦ
806 2449 846 2497 Α
878 2443 922 2498 Β
955 2451 992 2497 Γ
1017 2451 1271 2520 τριγώνου
1327 2452 1417 2500 καὶ
1468 2455 1560 2500 106
1599 2456 1648 2502 Χ
1679 2453 1725 2502 Λ

142 2530 322 2583 κύκλου
387 2531 580 2606 πλευρὰ
635 2536 906 2605 γεναμένη,
987 2538 1302 2594 συνέστησεν
1358 2537 1538 2589 οἷνισὸν
1590 2536 1723 2608 ἐστι,

143 2619 252 2672 κατ’
291 2619 492 2672 ἔλαττον
521 2617 600 2689 δὲ,
630 2629 703 2692 τῷ
734 2625 781 2677 Α
810 2629 846 2674 Β
871 2628 910 2675 Γ
939 2629 1173 2698 τριγώνῳ
1232 2624 1402 2678 ’πάλιν
1448 2622 1506 2678 δὲ
1536 2628 1564 2684 ἡ
1610 2622 1727 2680 διοί-

143 2725 315 2783 μετρος
359 2716 450 2762 1'06
487 2716 538 2763 Μ
568 2709 781 2781 κύκλου,
840 2708 1018 2771 ἐπειδὴ
1075 2717 1161 2766 καὶ
1213 2713 1408 2787 πλευρά
1465 2713 1579 2768 ἐστι
1636 2724 1726 2770 τοῦ

140 2802 237 2855 ΑΒ
266 2805 301 2851 Γ
348 2804 621 2874 τριγώνου,
673 2803 766 2862 τὰς
827 2808 863 2853 Β
892 2808 999 2856 ΩΑ
1029 2809 1077 2855 Ω
1117 2803 1340 2880 πλευρὰς
1383 2809 1506 2868 ’ίσας
1559 2809 1723 2881 ταύτῃ

1883 489 2128 557 τρίγωνον
2171 492 2244 555 τῷ
2313 490 2500 542 ΑΒΩ,
2529 488 2630 536 Καὶ
2675 479 2782 536 ἐπεὶ
2834 486 3005 535 τοίνυν
3060 483 3089 540 ἡ
3134 487 3237 536 ΑΒ
3290 481 3487 556 πλευρά

1883 574 2073 644 μείζων
2103 572 2218 626 ἐστὶ
2261 577 2485 636 τῆςΒΓ
2536 571 2668 644 (sic)
2723 565 3008 646 διαμέτρου
3068 574 3158 622 καὶ
3210 569 3342 629 αὕτη
3393 575 3486 632 τῆς

1886 667 1929 714 Η
1961 667 1998 714 Γ
2052 663 2288 731 καθέτου,
2358 661 2606 721 έπίστησι
2681 656 2760 729 δὲ,
2845 661 2876 718 ἡ
2929 663 3019 733 μὲν
3065 665 3106 713 Α
3138 665 3176 712 Γ
3226 662 3482 729 τόνΜΦ,

1884 750 1914 808 ἠ
1946 746 2004 803 δὲ
2035 757 2073 802 Β
2099 751 2143 804 Ε
2168 753 2254 802 τὸν
2284 755 2422 819 ΧΛ,
2455 751 2483 809 ἡ
2529 745 2588 802 δὲ
2617 755 2660 802 Η
2691 755 2730 802 Γ
2755 752 2840 802 τὸν
2871 755 2914 801 II
2941 755 3001 818 Σ,
3034 746 3328 820 ἀναγκαίως
3353 754 3407 801 Μ
3445 752 3484 802 Φ

1883 841 2074 913 μείζων
2099 840 2211 894 ἐστὶ
2250 849 2340 894 τοῦ
2375 849 2424 895 Χ
2454 845 2525 910 Λ,
2553 844 2644 892 καὶ
2670 841 2695 892 ὁ
2729 845 2771 892 Κ
2809 844 2845 891 Δ
2867 846 2959 891 τοῦ
2991 845 3034 892 Π
3064 845 3118 905 Σ,
3177 839 3344 899 καθὼς
3393 841 3486 891 καὶ

1882 929 1946 992 ἃς
1999 929 2380 1006 προσελάϐοντο
2443 932 2633 1002 ἔχουσι
2674 925 3004 1002 διαμὲτρους,
3043 931 3132 981 καὶ
3185 928 3254 980 τά
3308 926 3483 1003 ἄραΑ

1883 1025 1922 1073 Β
1958 1023 1997 1073 Γ
2026 1027 2063 1073 Ε
2093 1027 2129 1073 Β
2152 1027 2192 1073 Ζ
2222 1025 2260 1073 Γ
2287 1026 2327 1073 Η
2360 1027 2404 1074 Θ
2431 1025 2652 1092 τρίγωνα
2702 1018 2864 1079 οὕτως
2909 1020 3126 1091 ἔχουσιν
3155 1036 3168 1051 ·
3198 1019 3268 1078 ὡς
3314 1020 3416 1091 γὰρ
3457 1017 3484 1068 ὁ

1881 1114 2146 1186 ΜΦπρὸς
2172 1113 2326 1164 τόνΧ
2358 1113 2514 1164 Λκαὶ
2543 1111 2792 1163 τάΑΒΓ
2848 1111 2974 1182 πρὸς
3006 1112 3063 1161 16
3103 1113 3296 1177 ΒΕΖ,
3328 1109 3394 1168 ὠς
3425 1103 3485 1160 6":

1883 1199 2055 1253 6XA
2097 1202 2226 1275 πρὸς
2282 1202 2813 1264 τόνΠΣ,τόΒΕΖ
2857 1200 2986 1273 πρὸς
3032 1201 3091 1250 τὸ
3148 1203 3255 1251 ΓΗ
3297 1199 3484 1259 Θοὼς

1883 1289 1986 1362 ἄρα
2010 1289 2200 1361 μείζων
2229 1290 2253 1341 6
2285 1295 2336 1342 M
2369 1295 2406 1342 Φ
2434 1296 2532 1341 τῶν
2559 1295 2608 1343 Χ
2635 1294 2681 1342 Λ
2705 1294 2749 1341 Π
2789 1294 2844 1351 Σ,
2877 1287 3012 1340 οὕτω
3067 1291 3157 1340 καὶ
3209 1289 3267 1339 τὸ
3300 1292 3340 1341 Α
3379 1293 3418 1340 Β
3445 1287 3486 1340 Γ

1883 1385 1982 1429 τῶν
2016 1384 2316 1432 ΒΕΖΓΗ
2350 1386 2415 1449 Θ,
2449 1382 2602 1450 μόνον
2634 1373 2693 1430 6“:
2741 1375 2855 1429 ἶσον
2897 1379 3480 1448 τῷΛΒΓτόΑΒΩ.

1880 1465 1949 1520 Αἱ
2031 1474 2122 1519 τοῦ
2199 1473 2450 1542 τριγώνου
2523 1468 2627 1541 ἄρα
2676 1465 2895 1542 πλευραὶ
2937 1471 3028 1519 καὶ
3082 1462 3360 1542 διάμετρος
3392 1469 3484 1518 καὶ

1881 1555 2111 1623 κάθετος,
2188 1556 2283 1608 οὐκ
2363 1557 2505 1616 ἰσους
2552 1555 2768 1615 κύκλους
2829 1555 2858 1614 ἣ
2919 1556 2985 1607 τὰ
3039 1557 3267 1629 τρίγωνα
3315 1556 3485 1608 πάντα

1881 1652 2114 1708 ποιοῦσι,
2173 1648 2307 1698 κατὰ
2363 1649 2422 1698 16
2482 1648 2688 1720 κέντρον
2735 1647 2825 1697 καὶ
2883 1646 3040 1716 μέσον
3084 1645 3483 1718 περατούμεναι,

1881 1735 2002 1810 όπερ
2026 1731 2133 1786 ἔδει
2164 1731 2352 1798 δεῖξαι.

1954 1823 2020 1890 ς·’.
2074 1829 2206 1900 Πρὸς
2277 1827 2479 1886 τούτοις
2523 1818 2583 1877 δὲ
2645 1825 2882 1895 συγγενὲς
2932 1829 3030 1876 τῶν
3091 1820 3373 1896 λεγομένων
3416 1824 3487 1886 ὡς

1883 1912 2161 1985 ἀναγκαῖον
2205 1918 2440 1987 κρίνομεν
2481 1909 2652 1975 δεῖξαι
2694 1914 2864 1984 ὅτιπερ
2895 1918 2997 1964 πᾶν
3050 1916 3297 1986 τρίγωνον
3335 1915 3391 1965 τὸ
3430 1909 3486 1963 ἐκ

1886 2012 1980 2066 τῆς
2041 2010 2133 2055 τοῦ
2213 2002 2404 2054 κύκλου
2474 1997 2757 2077 διαμέτρου
2813 2003 3166 2075 καταγραφεν,
3219 2004 3276 2053 1'6
3317 2001 3485 2074 ἣμισυ

1884 2089 2110 2166 ἐμϐαδὸν
2139 2091 2362 2165 περιέξει
2395 2091 2552 2164 οὗπερ
2598 2090 2710 2163 ἔχει
2766 2085 3046 2164 διάμετρον
3099 2089 3291 2142 κύκλου
3335 2090 3487 2142 πλευ-

1882 2181 2047 2258 ρὰν,ὃ
2079 2178 2146 2240 δὴ
2181 2182 2370 2252 εὐγενὲς
2404 2182 2636 2253 ὑπάρχει
2694 2181 2937 2254 θεώρημα
2996 2181 3128 2255 πρὸς
3189 2181 3246 2232 τὸ
3315 2175 3486 2241 δεῖξαι

1884 2272 1962 2323 ὅτι
2021 2271 2046 2322 6
2097 2270 2284 2331 κύκλος
2343 2266 2636 2322 διπλασίων
2708 2269 2822 2320 ἐστὶ
2868 2275 2960 2330 1'06
3018 2267 3121 2320 ἀπὸ
3163 2275 3273 2330 ¹τῆς
3324 2267 3485 2320 αὐτοῦ

1887 2357 2171 2433 διαμέτρου
2219 2361 2634 2434 καταγραφέντος
2682 2363 2933 2433 τριγώνου
3013 2355 3340 2431 ἰσοπλεύρου·
3405 2362 3489 2410 Δεῖ

1888 2447 1948 2502 δὲ
2003 2448 2189 2502 κύκλον
2227 2447 2454 2524 γράψαι,
2509 2452 2600 2500 καὶ
2648 2445 2820 2499 λαϐεῖν
2860 2450 2955 2506 τὴν
2998 2445 3160 2510 αὐτοῦ
3209 2443 3486 2520 διάμετρον

1886 2543 1977 2592 καὶ
2005 2544 2258 2612 τριγώνου
2285 2539 2445 2590 θεῖναι
2481 2535 2725 2610 πλευρὰν,
2769 2539 2856 2588 καὶ
2913 2542 3184 2594 συστῆσαι
3225 2534 3370 2598 αὐτὸ,
3399 2539 3490 2587 καὶ

1890 2624 2060 2691 δεῖξαι
2085 2629 2165 2680 ὅτι
2187 2622 2467 2687 διπλάσιος
2520 2625 2660 2678 ἔστιν
2695 2623 2878 2682 ,αὐτοῦ
2925 2626 2952 2677 6
2998 2623 3205 2692 κύκλος,
3260 2623 3321 2676 οὗ
3377 2625 3492 2696 ἔχει

1891 2713 2170 2792 διάμετρον
2199 2715 2439 2791 -πλιυράν
2495 2723 2536 2786 ῷ
2596 2720 2616 2768 l
2668 2719 2873 2789 κέντρῳ,
2902 2733 2927 2774 ,·
2974 2713 3161 2774 κύκλος
3211 2714 3490 2788 γεγράφθω

1891 2808 1916 2859 6
1947 2813 1992 2860 Π
2020 2813 2066 2860 Θ
2099 2802 2435 2877 διαστήμασι
2477 2823 2589 2866 τοις
2636 2809 2679 2858 Α
2698 2809 2736 2856 Β
2765 2810 2805 2856 Τ
2824 2809 2872 2857 Ω.
2893 2808 2936 2856 H
2967 2809 3018 2860 Χ
3040 2823 3053 2837 ·
3089 2800 3491 2874 ἓπιζεύχθῳσαν

105 2975 462 3036 diametrum
482 2977 829 3038 ductalinea
857 2981 1529 3051 etﬁciuntur.Quoniam
1551 2989 1752 3043 autem
1791 2983 1832 3039 C
1862 2988 1908 3042 A
1934 2987 1972 3042 Β
2003 2983 2290 3041 circulum
2330 2983 2381 3039 Μ
2435 2982 2502 3047 U,
2545 2946 2837 3037 diameter
2877 2946 3020 3036 rero
3066 2981 3106 3036 Β
3135 2980 3177 3036 Ε

101 3067 265 3124 linea
289 3069 794 3141 perpendicularis
816 3075 858 3128 (ἑ
887 3074 926 3129 C
949 3088 1072 3129 non
1093 3079 1180 3130 est
1209 3074 1456 3148 aequalis
1494 3074 1610 3147 ipsi
1637 3079 1751 3145 AB,

101 3159 199 3214 est
225 3160 421 3214 autem
449 3156 738 3216 diameter
760 3160 958 3217 circuli
983 3163 1026 3228 Ο
1067 3163 1123 3230 S,
1174 3162 1515 3220 necessario
1573 3165 1756 3221 circu-

93 3247 340 3317 lusQS,
409 3247 579 3320 cujus
628 3253 716 3306 est
788 3251 919 3323 ipsa
976 3250 1288 3318 diameter,
1320 3253 1428 3309 erit
1465 3253 1662 3310 minor
1699 3258 1756 3310 et

87 3335 414 3409 inaequalis
442 3337 662 3394 circulo
681 3341 729 3394 M
752 3340 816 3407 U,
844 3341 1018 3412 cujus
1058 3339 1346 3399 diameter
1371 3346 1460 3399 est
1485 3343 1600 3397 AB.
1634 3341 1754 3399 Tri-

85 3425 392 3496 angulum
418 3441 560 3497 ergo
589 3427 634 3482 G
665 3431 707 3484 H
732 3430 794 3497 C,
844 3430 1017 3502 cujus
1049 3430 1207 3488 linea
1245 3430 1756 3505 perpendicularis

81 3521 257 3573 estA
288 3517 421 3582 C,.et
447 3516 736 3574 diameter
754 3519 1030 3590 trianguli
1052 3525 1096 3576 Α
1130 3524 1168 3575 Β
1203 3523 1242 3576 C
1267 3526 1323 3577 et
1374 3521 1578 3578 circuli
1618 3523 1661 3588 Ο
1697 3522 1752 3588 S,

78 3600 314 3664 effecta
331 3605 511 3675 latus,
526 3608 826 3664 constituit
841 3609 1205 3680 triangulum
1217 3609 1533 3684 inaequale,
1566 3616 1622 3667 et
1645 3611 1756 3667 mi-

77 3713 218 3755 nus
247 3695 542 3765 triangulo
561 3699 610 3751 Λ
643 3699 680 3751 Β
699 3700 757 3754 C.
773 3700 920 3754 Nam
947 3715 1083 3770 qua:
1095 3699 1282 3755 latera
1299 3701 1573 3756 substern
1584 3707 1760 3756 untur

79 3783 218 3843 sibi
244 3783 499 3839 invicem
526 3784 658 3856 ipsa
687 3780 920 3856 majora
967 3804 1029 3842 se
1087 3787 1351 3844 etiiciunt
1381 3781 1675 3845 diametro
1705 3793 1762 3846 et

75 3877 258 3932 linea
277 3871 772 3946 perpendiculari.
804 3878 1027 3931 Rursus
1065 3877 1355 3948 quoniam
1404 3880 1444 3933 Β
1480 3877 1761 3947 trianguli

79 3969 135 4019 A
171 3966 213 4016 Β
243 3965 283 4018 C
305 3978 431 4017 non
459 3977 529 4018 eo
549 3979 738 4036 usque
758 3965 1131 4036 protenditur
1161 3971 1225 4020 ut
1245 3966 1317 4020 sit
1340 3965 1569 4038 aequale
1594 3967 1762 4023 lateri

76 4057 128 4108 B
157 4054 223 4122 C,
250 4054 364 4106 erit
385 4051 488 4106 ubi
534 4053 896 4124 terminatur,
945 4054 993 4109 si
1049 4055 1257 4110 nonin
1297 4056 1335 4110 C
1390 4056 1757 4123 terminatur,

78 4140 202 4214 qui
233 4144 326 4195 est
356 4139 648 4194 terminus
686 4140 884 4196 lateris
914 4139 957 4193 Β
1007 4144 1068 4198 C.
1123 4142 1562 4199 Terminabitur
1619 4160 1761 4217 ergo

74 4234 145 4289 in
197 4232 260 4294 E,
297 4233 357 4284 ct
395 4228 496 4284 ﬁet
523 4228 700 4296 latus,
743 4229 1043 4302 siquidem
1085 4246 1309 4291 nomen
1347 4233 1619 4288 diametri
1641 4250 1759 4290 non

1866 3076 1905 3130 X
1928 3075 1987 3141 L,
2043 3073 2269 3143 rursus]
2293 3071 2583 3127 diameter
2608 3071 2650 3126 G
2683 3072 2723 3126 C
2757 3068 3052 3148 circulum
3087 3069 3144 3143 ¹(ζ)
3203 3069 3252 3124 S‘
3297 3084 3312 3124 :
3363 3073 3520 3126 certe

1861 3180 1970 3237 pro
1988 3163 2216 3219 ratione
2229 3160 2661 3217 diametrorum
2674 3158 3081 3229 triangul’aAB
3097 3157 3188 3214 ΟΕ
3219 3159 3258 3213 Β
3276 3159 3316 3214 F
3338 3159 3378 3214 C
3399 3159 3441 3215 G
3471 3151 3521 3213 Η

1865 3268 1928 3308 se
1952 3250 2289 3308 habebunt.
2336 3251 2403 3305 Ut
2428 3251 2586 3306 enim
2615 3263 2679 3304 se
2731 3247 2916 3305 habet
2970 3250 3021 3306 lit
3067 3247 3213 3304 Uad
3261 3248 3304 3305 X
3333 3249 3393 3315 L,
3439 3246 3523 3305 ita

1863 3341 2039 3399 etiam
2064 3338 2426 3410 triangulum
2459 3343 2500 3393 Α
2529 3339 2567 3393 Β
2585 3340 2624 3395 C
2645 3337 2724 3394 ad
2752 3335 3115 3408 triangulum
3141 3339 3178 3392 Β
3203 3339 3246 3393 Ε
3268 3339 3307 3394 F
3331 3352 3346 3393 :
3380 3339 3437 3394 et
3456 3339 3524 3394 ut

1864 3447 1926 3488 se
1945 3427 2398 3486 habetcirculus
2427 3428 2468 3482 X
2497 3429 2536 3483 t.
2565 3427 2645 3483 ad
2673 3425 2962 3483 circulum
3007 3426 3051 3493 Ο
3099 3427 3155 3495 S,
3211 3425 3294 3484 ita
3339 3424 3522 3483 etiam

1865 3519 2229 3592 triangulum
2260 3521 2299 3573 Β
2330 3519 2370 3574 Ε
2399 3520 2438 3574 F
2476 3517 2556 3574 ad
2576 3516 2938 3588 triangulum
2984 3519 3024 3574 C
3056 3518 3096 3574 G
3146 3518 3212 3573 Η.
3258 3517 3329 3573 Ut
3381 3531 3522 3588 ergo

1865 3610 2061 3682 major
2081 3612 2173 3665 est
2223 3606 2479 3664 circulus
2513 3608 2564 3662 M
2595 3608 2640 3663 U
2666 3606 2898 3664 circulis
2923 3609 2963 3662 X
2987 3608 3026 3662 L
3048 3608 3091 3672 Ο
3115 3607 3172 3674 S,
3200 3605 3285 3662 ita
3339 3605 3523 3664 etiam

1868 3698 2231 3770 triangulum
2257 3701 2303 3753 Α
2330 3699 2367 3751 Β
2395 3699 2434 3754 C
2463 3696 2661 3768 majus
2685 3695 3100 3766 esttriangulis
3126 3698 3165 3750 Β
3184 3697 3224 3750 Ε
3248 3697 3306 3764 F,
3326 3697 3366 3752 C
3388 3695 3519 3752 GH.

1867 3788 2072 3844 Solum
2101 3801 2244 3843 vero
2274 3785 2637 3856 triangulum
2669 3791 2715 3840 Α
2737 3788 2776 3840 Β
2796 3785 2837 3839 C
2864 3788 2954 3840 est
2980 3782 3522 3856 aequaletriangulo

1868 3879 2059 3934 ΑΒΟ.
2108 3875 2408 3946 Trianguli
2433 3891 2576 3946 ergo
2602 3875 2787 3931 latera
2817 3878 2874 3929 et
2919 3873 3212 3928 diameter
3265 3877 3324 3928 et
3364 3872 3526 3930 linea

1868 3964 2379 4038 perpendicularis
2397 3979 2518 4019 non
2536 3979 2746 4019 omnes
2760 3961 3014 4017 circulos
3042 3960 3305 4032 aequales
3325 3975 3524 4033 neque

1870 4054 2075 4110 omnia
2108 4052 2402 4122 triangula
2429 4054 2469 4106 E
2501 4050 2758 4124 aequalia
2778 4048 3060 4112 efﬁciunt,
3080 4065 3220 4105 cum
3258 4064 3364 4121 per
3392 4065 3526 4105 cen-

1871 4148 2028 4198 trum
2056 4148 2112 4198 et
2133 4142 2398 4197 medium
2420 4140 2721 4195 ducuntur
2778 4154 2850 4194 ac
2894 4139 3308 4205 terminantur,
3359 4137 3526 4210 quod

1871 4231 2134 4303 oportuit
2155 4228 2489 4286 ostendere.

70 4316 375 4383 retineat,
418 4316 643 4389 eritque
683 4317 995 4390 inrequalis
1041 4324 1098 4374 et
1147 4320 1343 4376 minor
1379 4320 1562 4376 latere
1615 4323 1654 4376 Β
1702 4323 1759 4377 C.
1796 4343 1838 4394 ι)
1942 4324 1994 4375 6.
2024 4318 2414 4387 Praeterea“)
2442 4331 2636 4388 operae
2674 4316 2931 4388 pretium
2971 4315 3382 4373 existimamus
3433 4331 3528 4373 os-

70 4410 189 4462 Est
220 4410 432 4460 autem
467 4407 504 4459 B
540 4408 580 4460 E
611 4405 901 4462 diameter
929 4407 1133 4464 circuli
1193 4410 1232 4463 X
1283 4411 1320 4464 L
1359 4425 1373 4474 ;
1422 4409 1762 4465 necessario

67 4495 279 4565 igitur
310 4494 572 4550 circulus
601 4498 640 4552 X
678 4497 718 4549 L
739 4497 846 4552 erit
881 4496 1197 4570 inaequalis
1228 4504 1285 4554 et
1315 4499 1510 4554 minor
1540 4499 1762 4555 circulo

66 4589 127 4644 Μ
169 4586 218 4640 U
252 4583 438 4653 cujus
466 4583 858 4642 diameterest
884 4589 932 4640 Α
987 4589 1066 4654 Β;
1109 4603 1252 4643 nam
1281 4587 1439 4643 linea
1481 4589 1517 4643 Β
1560 4591 1598 4644 C
1625 4587 1763 4644 huic

65 4673 358 4747 aequalis
384 4677 489 4741 est,
518 4679 574 4730 et
597 4675 963 4746 triangulum
992 4676 1171 4748 igitur
1200 4680 1239 4732 E
1269 4681 1305 4732 Β
1345 4680 1383 4733 F
1421 4677 1588 4748 quod
1638 4677 1763 4734 dia-

58 4767 290 4822 meter
315 4762 582 4819 circulix
612 4766 649 4818 L
678 4763 834 4820 latus
891 4764 1104 4822 etl'ecta
1146 4765 1448 4822 constituit
1491 4769 1582 4820 est
1631 4766 1766 4821 inae.

56 4851 280 4928 quale
305 4855 370 4907 et
399 4851 596 4907 minus
635 4853 927 4923 triangulo
957 4859 1004 4909 A
1030 4857 1066 4909 Β
1092 4855 1155 4911 C.
1210 4857 1432 4910 Rursus
1479 4854 1766 4911 diameter

55 4940 388 5001 circuliM
448 4943 511 5009 U,
562 4943 854 5015 quoniam
903 4943 1081 5000 etiam
1135 4944 1296 5000 latus
1340 4948 1431 4999 est
1487 4943 1767 5016 trianguli

53 5040 111 5090 Α
153 5035 202 5088 Β
224 5032 293 5097 C,
319 5032 654 5104 assumptis
677 5032 966 5089 lateribus
993 5036 1028 5088 Β
1053 5035 1118 5101 O,
1140 5039 1184 5089 A
1204 5035 1269 5100 Ο,
1287 5032 1645 5106 aequalibus,
1663 5049 1767 5090 ne-

47 5118 367 5180 cessario
399 5119 702 5176 constituit
728 5121 1094 5192 triangulum
1152 5123 1200 5176 A
1233 5125 1272 5177 Β
1326 5124 1392 5190 Ο,
1451 5121 1683 5196 aequale
1714 5123 1768 5179 ei

45 5209 270 5282 cujus
299 5213 401 5264 est
425 5207 582 5266 latus
604 5214 652 5265 Α
683 5212 740 5267 Β.
773 5213 840 5266 Et
885 5212 1174 5284 quoniam
1196 5209 1349 5267 latus
1393 5213 1440 5266 A
1493 5212 1535 5264 Β
1570 5212 1768 5282 majus

45 5304 164 5360 est
186 5297 516 5355 diametro
538 5301 576 5355 Β
603 5301 666 5365 Ε,
697 5305 755 5356 et
785 5299 984 5373 ipsum
1015 5304 1106 5357 est
1161 5315 1406 5373 quoque
1460 5301 1660 5371 majus
1706 5301 1769 5357 li-

45 5405 194 5450 nea.
219 5388 729 5462 perpendiculari
757 5391 798 5446 G
832 5393 891 5463 C,
920 5389 1224 5447 constituit
1253 5393 1455 5447 autem
1483 5390 1773 5448 diameter

1870 4407 2111 4464 tendere
2124 4406 2268 4462 illud
2292 4405 2455 4478 quod
2487 4410 2810 4474 cognatum
2825 4409 2914 4460 est
2935 4404 3154 4477 iisquae
3183 4409 3324 4462 sunt
3342 4405 3523 4477 dicta,

1871 4511 2090 4568 nempe
2116 4509 2294 4549 omne
2327 4492 2690 4563 triangulum
2743 4509 2816 4548 ex
2867 4492 3159 4549 diametro
3201 4493 3404 4550 circuli
3429 4493 3532 4550 de-

1873 4585 2159 4656 scriptum
2181 4581 2499 4637 dimidium
2539 4581 2800 4654 spatium
2839 4581 3342 4654 comprehendere
3399 4582 3530 4654 ejus

1873 4671 2151 4745 trianguli
2182 4670 2347 4743 quod
2369 4670 2551 4726 habet
2568 4685 2677 4742 pro
2698 4670 2902 4741 latere,
2921 4671 3124 4726 circuli
3141 4671 3528 4740 diametrum,

1873 4763 2040 4837 quod
2061 4776 2205 4817 sane
2233 4760 2543 4816 theorema
2566 4759 2766 4816 nobile
2789 4764 2896 4828 est,
2920 4765 2976 4816 et
3001 4759 3531 4836 accommodatum

1874 4851 1953 4908 ad
1992 4848 2435 4907 ostendendum
2474 4847 2764 4904 circulum
2801 4848 3025 4922 duplex
3083 4862 3211 4903 esse
3250 4845 3532 4915 trianguli

1876 4941 2199 5014 aequalium
2253 4939 2507 4996 laterum
2564 4955 2600 4996 ο.
2652 4939 2938 4995 subtensa
2975 4934 3177 4992 circuli
3237 4934 3532 4991 diametro

1875 5031 2172 5105 descripti.
2235 5031 2475 5103 Oportet
2517 5029 2697 5100 igitur
2743 5027 3031 5083 circulum
3093 5023 3428 5080 describere
3475 5027 3534 5081 et

1877 5137 2184 5179 assumere
2209 5119 2398 5192 ipsius
2420 5117 2800 5184 diametrum,
2831 5129 2900 5172 ac
2917 5129 3139 5188 ponere
3154 5113 3350 5186 ipsam
3371 5116 3437 5168 ut
3458 5109 3535 5169 Sit

1877 5209 2160 5282 trianguli
2197 5209 2375 5277 latus,
2399 5212 2454 5264 et
2499 5205 2824 5263 constructi
2878 5202 3160 5274 trianguli
3217 5201 3533 5259 ostendere

1879 5300 2168 5358 circulum
2191 5314 2324 5355 esse
2353 5296 2628 5368 duplum,
2654 5294 2826 5364 cujus
2886 5291 3254 5363 triangulum
3297 5307 3408 5364 pro
3439 5289 3534 5348 la-

1879 5395 2000 5449 tere
2029 5389 2212 5447 habet
2235 5386 2617 5445 diametrum.
2645 5383 2712 5438 In
2735 5384 2982 5440 centrol
3022 5380 3279 5440 circulus
3313 5379 3535 5438 scriba-

134 5567 241 5642 (ι)
291 5571 441 5629 Haec
469 5585 670 5644 usque
709 5568 787 5628 ad
817 5585 986 5629 num.
1015 5573 1048 5628 7
1078 5585 1203 5630 non
1224 5573 1372 5645 puto
1401 5583 1536 5631 esse
1560 5568 1752 5645 ipsius
1784 5568 2065 5632 auctoris.
2095 5564 2242 5627 Vide
2266 5561 2698 5628 Prtefationem.

364 5688 615 5755 pATROL.
657 5694 759 5756 Gn.
797 5696 945 5760 CXL.

2967 5681 3039 5746 44
