4064 6308
195 319 322 374 I389

1065 321 1421 381 THEODORI
1454 322 1502 378 Π
1540 325 1677 380 IMP.
1719 324 1808 380 DE
1845 323 2305 382 COMMUNIONE
2339 328 2714 385 NATURALI.

3454 339 3590 392 l390

216 440 266 492 ἔκ
293 449 388 504 τῆς
431 448 522 493 106
569 441 760 494 κύκλου
803 449 1121 516 περιφερείας
1149 450 1260 506 λκαὶ
1339 455 1439 510 τῶν
1481 455 1579 498 τῶν
1618 452 1804 519 τριγώ-
1864 450 1911 500 Α
1965 453 2098 518 τομὴ
2131 450 2264 500 ἔστω
2319 447 2412 500 διὰ
2468 458 2559 502 τοῦ
2603 455 2764 521 μέσου
2817 457 2905 504 καὶ
2945 457 3159 528 κέντρου
3220 457 3342 508 κατ’
3397 459 3593 512 εὐθεῖα

214 549 300 580 νων
328 530 558 604 πλευρῶν
586 536 829 602 γινόμενα
857 535 1090 586 ἐστωσαν
1138 538 1233 590 ἴσα
1269 542 1376 596 τοῖς
1432 531 1560 587 δυσὶ
1615 539 1802 608 τριγώ-

213 625 359 678 νοιςΤ
389 625 430 670 Η
462 626 498 670 Δ
525 626 572 673 Χ
600 626 648 671 Ω
677 625 736 674 Γ.
763 621 920 676 Δηλοῖ
963 625 1065 696 γὰρ
1123 623 1250 675 αύτό
1297 628 1384 675 καὶ
1439 625 1498 690 ἡ,
1531 625 1800 684 αἴσθησις.

212 710 276 759 T0
301 706 398 779 γὰρ
422 713 463 760 Τ
496 714 537 759 Η
567 715 750 780 τμῆμα
777 717 869 761 106
900 716 942 762 Π
972 717 1018 762 Θ
1065 711 1254 762 κύκλου
1311 715 1369 763 τό
1402 717 1440 762 Α
1471 719 1560 764 ΤΒ
1601 718 1642 763 Η
1671 715 1804 764 κατά

210 801 553 866 γεποσότητα
601 796 896 869 προσλαϐόν
963 797 1324 874 ἀναπληρώσει
1375 803 1432 851 τὸ
1479 808 1570 852 τού
1613 807 1654 852 Τ
1687 807 1726 854 ﬂ
1759 806 1804 853 Λ

209 891 457 958 τριγώνου
489 883 736 956 ἕμϐαδον.
760 885 1028 948 Ὡσαύτως
1057 894 1148 940 καὶ
1205 892 1262 940 10
1289 896 1337 942 Χ
1389 896 1436 941 Ω
1477 897 1660 961 τμῆμα
1713 896 1806 941 1'06

211 973 360 1025 αὑτοὺ
394 980 432 1025 fl
457 978 496 1026 Θ
526 973 716 1025 κύκλου
747 977 812 1026 τα
835 981 874 1028 A
924 983 971 1028 Χ
1031 981 1068 1028 Β
1118 983 1166 1028 Ω
1219 981 1471 1049 τμήματα
1511 976 1804 1049 προσλαϐόν

209 1059 561 1136 ἀναπληρώσει
594 1081 653 1116 τό
681 1069 773 1114 τού
805 1070 851 1116 Χ
897 1070 944 1115 Ω.
999 1069 1036 1115 Γ
1076 1070 1330 1136 τριγώνου
1385 1062 1634 1137 ἐμϐαδὸν·
1707 1062 1804 1124 δη-

207 1149 396 1204 λοποιεῑ
413 1153 514 1224 γὰρ
545 1159 698 1204 τοῦτο
728 1154 874 1211 καὶὴ
925 1151 1042 1222 ὄψις
1093 1155 1248 1211 αῦτη.
1302 1158 1402 1206 Καὶ
1460 1155 1590 1227 ὁμοῦ
1643 1157 1709 1206 τὰ
1756 1152 1803 1206 ἓν

206 1246 276 1308 τῷ
299 1234 510 1310 ἐμϐαδῲ
589 1247 681 1292 106
739 1246 783 1292 II
851 1247 896 1293 Θ
937 1240 1128 1292 κύκλου
1189 1248 1534 1315 περιεχόμενα
1583 1247 1806 1315 τρίγωνα

207 1327 354 1398 ὀκτὼ,
413 1325 734 1404 τετραδικῶς
798 1335 903 1389 τοῖς
953 1326 1083 1382 δυσὶ
1146 1337 1331 1402 γώνόις
1382 1336 1420 1382 Α
1470 1337 1563 1384 ΒΔ
1596 1338 1633 1384 Δ
1690 1338 1726 1383 Β
1771 1338 1807 1384 Γ

205 1417 527 1492 ὑπάρχοντα·
559 1414 838 1470 διπλάσιον
869 1419 1050 1490 ἄρατὸ
1087 1427 1178 1470 τοῦ
1211 1425 1253 1471 Π
1319 1427 1364 1472 Θ
1412 1418 1604 1470 κύκλου
1646 1418 1804 1492 ἔμϐα-

207 1499 315 1565 δὸν,
347 1513 438 1556 106
471 1512 511 1559 A
578 1512 616 1558 Β
673 1512 708 1556 Δ
765 1511 1039 1578 τριγώνου,
1095 1505 1163 1557 ὧν
1221 1508 1276 1557 αἱ
1323 1511 1624 1579 περίμετροι
1667 1507 1803 1574 ἶσαι,

205 1589 378 1651 ἐπειδη
428 1597 684 1666 τεττάρων
773 1594 822 1644 ἐν
903 1593 974 1646 ἐνὶ
1031 1593 1233 1666 ἑκάστῳ
1315 1598 1516 1668 μείζονι
1571 1602 1806 1669 τριγώνῳ

205 1681 354 1740 ὄντων
403 1687 685 1756 τριγώνων·
744 1684 859 1753 ἔχει
909 1689 1034 1753 γοῦν
1088 1684 1113 1733 0
1160 1682 1348 1744 κύκλος
1398 1686 1591 1736 καὶτὰ
1648 1690 1803 1736 οκτώ.

1966 535 2192 608 οἰμῶσα,
2253 537 2314 588 ἵν’
2399 537 2559 600 οὕτως
2611 547 2711 602 πᾶς
2773 544 3002 612 περάτων
3069 543 3285 613 εὐθεῖαν,
3342 565 3562 618 σχημα-

1965 635 2196 698 τογραφῆ
2261 629 2394 678 κατὰ
2463 627 2629 699 λόγον.
2709 634 2834 703 Περὶ
2887 626 2946 682 δὲ
2995 640 3094 682 τῶν
3141 634 3334 704 τόμέων
3390 631 3563 698 οὐδεὶς

1965 713 2109 783 λόγος
2146 719 2278 778 νυνὶ,
2337 719 2512 786 ὅτιπερ
2570 713 2694 768 ούδέ
2753 722 2941 778 σκοπὸς
2995 721 3063 780 εἰς
3112 721 3260 787 αὐτὸ,
3313 720 3421 774 ἀλλ’
3481 724 3564 774 ὅτι

1966 811 2070 861 πῶς
2125 806 2183 853 10
2236 799 2374 865 εἶδος
2438 803 2484 854 ἐν
2530 807 2742 856 ἕκαστον
2828 805 3185 879 ἐγνωμάτευσε
3269 814 3562 882 σχημάτων

1967 887 2146 960 ἐτέρων
2167 887 2504 965 διαχωρίσαν
2545 895 2836 964 σχημάτων
2875 895 3020 950 αὐτὸ.
3051 902 3203 949 Ἐστι
3262 894 3321 950 δὲ
3368 905 3562 972 πρώτι-

1968 995 2086 1028 στον
2115 983 2205 1028 καὶ
2231 979 2690 1053 οἰκλινέστατον(1)
2732 991 2922 1053 σχῆμα
2959 985 2983 1034 0
3041 985 3247 1050 κύκλος,
3275 983 3349 1038 δι’
3383 987 3444 1038 06
3473 992 3564 1039 καί

1967 1067 1996 1123 ᾖ
2034 1073 2229 1138 σφαῖρα
2282 1073 2610 1134 συνίσταται,
2655 1073 2783 1140 μετά
2813 1067 2869 1122 δὲ
2898 1075 2956 1122 10
2998 1075 3331 1145 τετράγωνον,
3357 1082 3467 1126 εϊτα
3503 1078 3562 1127 τό

1969 1154 2268 1228 ἰσόπλευρον
2294 1161 2562 1230 τρίγωνον,
2606 1164 2696 1210 καί
2726 1159 2840 1212 οὗτε
2890 1158 3180 1234 κύλινδρος,
3211 1165 3327 1214 οὔτε
3381 1172 3561 1234 κῶνος,

1966 1243 2080 1295 οὔτε
2130 1243 2391 1310 πλαίσιον,
2455 1249 2572 1298 οὔτε
2630 1253 2855 1320 πυραμίς
2920 1252 2984 1310 ὡς
3036 1251 3190 1318 αὐτά,
3234 1253 3393 1303 ἄνισοι
3436 1255 3560 1327 γάρ,

1965 1331 2154 1403 μᾶλλον
2184 1341 2276 1384 106
2323 1342 2642 1408 τετραγώνου
2695 1342 2784 1387 καί
2831 1345 2922 1389 τοῦ
2980 1344 3232 1412 τριγώνου
3281 1347 3406 1391 οῖον⁸
3452 1342 3565 1413 ἔχει

1967 1418 2027 1474 δέ
2082 1426 2172 1473 καί
2245 1425 2293 1474 ἓν
2364 1424 2580 1476 ἕκαστον
2647 1434 2839 1498 σχῆμα
2949 1434 3105 1480 παντί
3197 1427 3450 1504 διαφοράν
3499 1440 3560 1490 τῆ

1968 1512 2175 1568 ἰσότητι
2212 1516 2301 1562 καὶ
2327 1509 2618 1569 ἀνισότητι.
2679 1512 2824 1566 ”Οσα
2881 1524 3006 1586 γοῦν
3058 1519 3274 1590 ἔχουσιν
3333 1519 3566 1594 ἰσοτέραν

1965 1605 2058 1657 την
2088 1601 2248 1666 θέσιν,
2308 1599 2476 1652 ἐκεῖνα
2533 1605 2620 1652 καὶ
2694 1610 3001 1674 κρειττόνως
3056 1609 3200 1680 παρὰ
3249 1615 3340 1658 τοῦ
3396 1606 3567 1670 εἴδους

1966 1684 2396 1746 εἰδοποιὴθησαν.
2456 1697 2539 1760 Τῷ
2591 1692 2681 1762 μὲν
2739 1687 2826 1743 οὖν
2887 1692 3058 1765 κύκλῳ
3101 1699 3191 1745 καὶ
3261 1705 3320 1754 τῆ
3372 1701 3569 1771 σφαίρᾳ

203 1768 297 1831 ’ος
351 1771 455 1844 ἆρα
497 1770 686 1832 κύκλος
749 1767 913 1824 δώσει
971 1766 1250 1844 διάμετρον
1297 1776 1388 1824 καὶ
1446 1777 1720 1846 σύνει-ησει¹
1751 1771 1806 1824 ἔκ
1865 1797 1902 1850 Β
1964 1781 2067 1838 πᾶς
2126 1775 2186 1827 ἂν
2246 1777 2560 1850 ὁμολογήση,
2630 1781 2804 1853 ὅτιπερ
2861 1777 3010 1833 οὐδὲν
3066 1787 3294 1858 ὶσότερον
3352 1766 3563 1850 ἄλλο,ηῆ

198 1862 390 1921 ταύτης
448 1859 751 1932 ἰσόπλευρον
815 1859 1105 1930 ,ἰσόγώνιον
1182 1865 1448 1934 τρίγωνον,
1522 1857 1805 1924 διπλάσιος

199 1950 382 2000 τούτου
414 1946 548 2015 ἐστὶ,
579 1949 767 2008 καθώς·
800 1945 908 2001 ἔδει
953 1941 1142 2011 δεῖξαι.
1193 1955 1294 2001 Καὶ
1348 1957 1514 2001 ταῦτα
1570 1952 1662 2022 μεν
1716 1937 1803 2022 με·

197 2055 293 2110 χρι
310 2032 468 2088 τοῦδε
500 2077 515 2102 ,
548 2037 574 2105 0
606 2033 666 2089 δὲ
725 2036 878 2108 λόγος
930 2033 1274 2110 ὰναδραμέτω
1322 2037 1477 2090 πάλιν
1531 2037 1694 2110 λέγειν
1737 2041 1804 2090 τὰ

196 2137 312 2206 περὶ
375 2141 475 2184 τῶν
546 2136 676 2186 ἴσων
743 2138 834 2186 καὶ
919 2132 1108 2188 ἀνίσών
1168 2143 1269 2186 τῶν
1329 2131 1458 2187 εῖδει
1508 2138 1800 2207 σχημάτων

199 2223 686 2292 σχηματισθέντῳν,
803 2225 888 2274 ἶνα
975 2227 1032 2275 10
1108 2222 1440 2296 παρεμπεσὸν
1555 2225 1801 2296 θεώρημα

195 2309 534 2380 καταλείψας,
566 2314 693 2381 πρὸς
747 2315 836 2363 τὸν
881 2315 1074 2364 σκοπὸν
1131 2308 1416 2384 βάδιῆται,
1449 2313 1475 2364 ὃ
1512 2317 1602 2364 καὶ
1641 2318 1798 2384 γενη-

196 2417 358 2453 σεται.
371 2455 376 2458 _
1126 2455 1128 2458 ,
1250 2471 1254 2472 ν
1411 2465 1420 2472 ἰ

265 2486 307 2548 ζ
315 2526 328 2540 .
349 2491 530 2540 Τοίνυν
573 2488 632 2541 ού
676 2493 828 2560 μόνον
883 2497 957 2559 τῷ
1010 2488 1182 2560 κύκλῳ
1233 2493 1324 2546 καὶ
1369 2497 1432 2564 τῆ
1496 2489 1692 2565 σφαζρᾲ
1708 2494 1798 2542 καὶ

192 2581 424 2650 τριγώνῳ
444 2581 534 2629 καὶ
562 2582 863 2651 τετραγώνῳ
906 2581 1138 2649 γίγνεται
1178 2579 1208 2636 ἡ
1266 2576 1426 2651 ἐξοχὴ
1483 2587 1574 2630 τοῦ
1606 2577 1796 2630 κύκλου

192 2669 319 2734 πρὸς
347 2668 408 2717 1'0
435 2667 599 2724 πάντη
633 2663 764 2733 ἶσον,
793 2665 921 2717 ἀλλὰ
970 2671 1127 2718 παντὶ
1179 2671 1424 2738 σχήματι
1469 2670 1793 2738 γραφομένῳ,

193 2748 394 2813 Μηδεὶς
418 2748 667 2826 δ’ὰλόγως
696 2757 852 2826 τέμνη
883 2757 970 2806 τὸν
1020 2753 1206 2806 κύκλον
1267 2755 1297 2814 ἧ
1331 2754 1528 2821 τὀἱλλα,
1597 2754 1707 2806 αλλ’
1759 2757 1790 2814 ἠ

1966 1867 2196 1932 ὡσαυτά,
2247 1875 2346 1917 τῶν
2421 1863 2479 1918 δί
2545 1866 2708 1919 ἄλλων
2762 1872 2966 1920 πάντων
3020 1874 3044 1921 0
3101 1874 3190 1942 μὲν
3245 1870 3362 1945 ἐμός
3415 1872 3568 1945 λόγος

1967 1951 2223 2028 διακρίνει
2284 1958 2342 2006 τὸ
2425 1957 2742 2028 τετράγωνον
2792 1963 2881 2008 καὶ
2925 1961 2983 2008 τὸ
3036 1958 3338 2032 ἰσόπλευρον
3380 1965 3566 2032 τρίγω-

1963 2063 2068 2110 νον,
2108 2042 2201 2094 ούκ
2231 2044 2350 2094 ἄνευ
2380 2051 2529 2094 τινῶν
2597 2039 2655 2096 δὲ
2709 2045 2848 2096 τοῦτ’
2919 2045 3047 2096 αύτὸ
3101 2047 3281 2098 αἰτιῶν
3333 2047 3562 2120 λέγομεν,

1965 2129 2070 2183 ἀλλ’
2120 2133 2200 2183 ὅτι
2253 2136 2342 2183 καὶ
2404 2130 2705 2201 αναγκαῖον·
2765 2131 2810 2185 εἰ
2884 2129 2943 2186 δέ
2982 2134 3126 2210 παρὰ
3175 2139 3262 2187 τὸν
3319 2139 3564 2212 ἡμέτερον

1964 2224 2158 2272 σκοπόν
2182 2219 2345 2282 ἄλλως
2375 2240 2483 2281 πως
2505 2218 2632 2294 ἁνήρ
2658 2241 2737 2282 τις
2790 2223 2911 2296 εύρη
2957 2222 3080 2276 ἄλλο
3140 2223 3387 2300 ἱσότερον,
3451 2229 3564 2298 χά-

1958 2330 2043 2386 ρις
2066 2315 2154 2361 καὶ
2180 2312 2346 2380 τούτῳ
2373 2309 2554 2377 πολλὴ,
2621 2316 2933 2384 συγγνώμην
2984 2308 3043 2364 δί
3098 2317 3186 2365 καὶ
3239 2315 3386 2386 ἡμεῖς
3433 2314 3567 2377 ἐξαι-

1958 2399 2186 2468 τούμεθα
2229 2389 2308 2449 ότι
2360 2399 2487 2450 αύτό
2571 2398 2749 2450 ἄνισόν
2795 2398 3004 2472 λέγομεν
3067 2409 3140 2471 τῷ
3182 2401 3378 2456 ἁκλινεῖ
3427 2404 3558 2474 ἴσον,

1961 2475 2086 2537 ἆλλά
2119 2490 2212 2543 τὴν
2236 2490 2389 2559 τιμὴν
2410 2494 2481 2556 τῷ
2507 2489 2607 2556 ἴσῳ
2637 2485 3010 2560 ἀφόσιούμιθα.
3060 2487 3234 2542 Ἔστω
3265 2485 3323 2542 δὲ
3377 2491 3419 2543 εἰ
3469 2487 3560 2562 μὴ,

1959 2573 2026 2635 ὡς
2055 2576 2353 2648 όημέτερος
2374 2573 2519 2646 λόγος
2539 2577 2756 2648 εἴρηκεν,
2814 2573 2920 2626 ἀλλ’
2972 2579 3041 2639 ὡς
3087 2577 3113 2628 0
3171 2582 3384 2642 εκείνου,
3433 2585 3558 2652 τιμὴ

1956 2663 2079 2734 τῴὁ
2118 2667 2315 2737 εἴρηκεν
2374 2682 2540 2731 ουτος,
2591 2662 2940 2734 συμϐάλλεται
2996 2660 3056 2717 δὲ
3106 2671 3197 2718 καὶ
3245 2667 3271 2718 0
3319 2669 3560 2742 ἡμέτερός

1956 2753 2023 2814 εἰς
2061 2756 2148 2804 τόν
2192 2751 2374 2822 016106,
2446 2756 2527 2804 ὅτι
2573 2756 2632 2804 10
2655 2749 2768 2805 ἶσον
2817 2759 3120 2827 κρειττόνως
3167 2759 3226 2807 τό
3284 2753 3424 2819 εἶδος
3467 2765 3558 2810 τοῦ

164 2949 430 3008 quorum
453 2947 559 2986 sex
589 2895 735 2985 ATl
761 2931 802 2986 Τ
827 2931 869 2986 G
959 2931 1000 2986 G
1033 2931 1072 2985 Β
1104 2931 1124 2983 l
1155 2931 1194 2985 Β
1230 2931 1272 2986 Ο
1312 2933 1330 2985 ι
1359 2931 1402 2986 Ο
1451 2931 1492 2986 Χ
1543 2933 1560 2985 l
1615 2932 1655 2986 x
1698 2935 1744 2986 A
1788 2930 1812 2986 1
1843 2909 1884 2983 Β
1923 2929 2143 2982 temere
2168 2932 2324 2981 secet
2354 2923 2644 2982 circulum
2676 2929 2943 2985 autalias
2969 2931 3215 3001 ﬁguras,
3258 2931 3364 2985 sed
3397 2929 3582 2986 sectio

165 3022 427 3095 spatium
458 3018 738 3084 circuliQ
773 3017 1458 3091 Hcomprehendunt(2).
1486 3021 1815 3090 Supersunt

166 3117 368 3168 autem
399 3111 439 3168 X
470 3109 600 3168 ΟΕ,
651 3109 692 3162 Τ
731 3108 773 3162 G
826 3108 892 3161 D.
937 3109 1256 3180 Segmenta
1297 3106 1475 3175 igitur
1521 3111 1566 3160 Α
1595 3107 1636 3161 Τ
1685 3107 1724 3161 Τ
1771 3107 1814 3161 G

166 3203 210 3257 G
243 3199 286 3252 Β
317 3201 354 3253 Β
385 3198 428 3254 Ο
461 3197 567 3252 ΟΧ
599 3197 638 3250 Χ
685 3195 754 3258 Α,
805 3210 943 3267 quae
981 3209 1053 3249 ex
1111 3196 1611 3249 circumcurrente
1657 3192 1816 3248 linea

166 3285 368 3344 circuli
407 3289 464 3340 et
513 3283 802 3339 lateribus
858 3281 1294 3353 triangulorum
1338 3282 1647 3352 exsistunt,
1699 3282 1816 3336 sint

165 3373 426 3447 aequalia
456 3371 698 3428 duobus
729 3370 1036 3441 triangulis
1057 3373 1097 3426 T
1125 3372 1167 3427 G
1210 3371 1272 3437 D,
1303 3373 1344 3426 Χ
1371 3371 1414 3426 Ο
1433 3373 1492 3426 C.
1519 3372 1637 3425 Hoc
1654 3372 1812 3425 enim

164 3467 294 3538 ipse
319 3479 530 3530 sensus
557 3462 942 3535 demonstrat.
1001 3463 1151 3516 Nam
1209 3463 1250 3514 T
1302 3461 1365 3528 (ἱ,
1435 3467 1812 3530 segmentum

165 3553 367 3610 circuli
400 3553 444 3618 Ο
467 3549 532 3621 Η,
551 3556 862 3622 assumpta
883 3550 1214 3622 quantitate
1230 3554 1274 3602 A
1293 3549 1338 3602 Τ
1364 3551 1476 3614 BG,
1493 3547 1815 3616 complebit

164 3641 430 3715 spatium
450 3637 788 3709 trianguliT
815 3626 1175 3694 GD.Eodem
1220 3636 1395 3693 modo
1435 3643 1809 3706 segmentum

163 3735 208 3788 X
237 3732 279 3786 Ο
305 3727 575 3800 ejusdem
593 3726 794 3783 circuli
827 3727 870 3792 Ο
906 3728 968 3790 Η,
994 3726 1322 3797 assumptis
1349 3724 1671 3795 segmentis
1695 3729 1739 3778 A
1773 3726 1814 3779 X

165 3823 208 3876 Β
223 3816 615 3890 O,complebit
627 3815 888 3887 spatium
902 3813 1180 3884 trianguli
1196 3816 1235 3869 X
1248 3816 1290 3871 Ο
1308 3817 1415 3871 C.N
1423 3831 1518 3869 am
1534 3818 1811 3884 aspectus

160 3910 296 3981 ipse
325 3906 440 3962 hoc
477 3905 872 3959 demonstrat.
894 3902 1603 3973 Ettriangulaigiturocto
1632 3901 1812 3956 simul

161 3991 676 4066 comprehensain
701 3991 896 4063 spatio
909 3989 1166 4056 circuliQ
1184 3993 1246 4057 H,
1271 4006 1530 4062 quorum
1552 3995 1815 4062 quatuor

159 4080 536 4154 triangulum
561 4084 901 4151 utrumque,
926 4078 1124 4150 majus
1144 4094 1361 4150 nempe
1391 4084 1436 4133 Α
1467 4080 1502 4131 Β
1546 4079 1589 4133 D
1621 4083 1665 4132 Α
1705 4079 1744 4132 Β
1775 4078 1816 4130 C

160 4170 555 4238 constituunt,
583 4167 844 4238 spatium
892 4165 1095 4221 circuli
1151 4165 1560 4238 complebunt.
1620 4167 1813 4232 Quare

1922 3014 2026 3070 ﬁat
2056 3030 2162 3086 per
2192 3015 2458 3068 medium
2485 3019 2540 3070 et
2569 3021 2860 3086 centrum,
2893 3017 2975 3073 ita
2997 3023 3056 3073 ut
3087 3018 3146 3073 in
3177 3025 3401 3073 rectum
3437 3035 3573 3091 pro-

1924 3104 2097 3159 cedat
2126 3108 2186 3157 ut
2212 3103 2325 3158 hoc
2357 3103 2538 3159 modo
2561 3105 2760 3160 omnis
2784 3105 3039 3161 circulus
3070 3122 3141 3161 ex
3184 3106 3414 3162 ratione
3472 3108 3574 3164 de-

1924 3192 2221 3247 scribatur
2251 3190 2444 3247 ductis
2479 3197 2637 3247 recta
2663 3192 2832 3248 lineis
2857 3194 2932 3249 ad
2985 3195 3293 3250 terminos.
3329 3195 3443 3251 Sed
3504 3197 3579 3252 de

1923 3280 2250 3336 sectoribus
2277 3295 2438 3335 nunc
2467 3295 2588 3335 non
2636 3287 2724 3336 est
2779 3282 2949 3337 nobis
3001 3299 3198 3338 sermo
3252 3283 3578 3350 institutus,

1921 3369 2167 3443 quando
2190 3385 2385 3441 neque
2442 3385 2661 3442 scopus
2703 3371 2799 3426 hic
2839 3372 3014 3427 nobis
3076 3379 3163 3428 est
3207 3373 3572 3446 propositus,

1923 3474 2054 3512 cum
2071 3457 2380 3512 ostendere
2393 3460 2793 3515 constituerim
2804 3477 2869 3514 us
2881 3461 3183 3532 quomodo
3200 3477 3576 3534 unaquaeque

1923 3547 2112 3602 forma
2132 3561 2620 3620 unamquamque
2638 3547 2890 3619 ﬁguram
2909 3549 3338 3620 informavit,ut
3350 3551 3427 3606 ab
3443 3551 3573 3606 aliis

1922 3635 2129 3705 ﬁguris
2146 3642 2545 3706 separaretur.
2580 3639 2673 3692 Est
2704 3644 2905 3693 autem
2956 3639 3152 3710 prima
3199 3645 3256 3694 et
3299 3639 3572 3694 omnium

1924 3725 2183 3779 maxime
2204 3724 2480 3780 ordinata
2509 3725 2702 3796 ﬁgura
2734 3727 3010 3786 circulus.
3028 3745 3096 3782 ex
3111 3742 3233 3798 quo
3252 3728 3431 3782 etiam
3446 3727 3572 3795 glo-

1922 3811 2034 3867 bus
2065 3817 2314 3886 constat,
2345 3813 2560 3869 deinde
2583 3814 2966 3886 quadratum,
2992 3815 3208 3869 deinde
3235 3814 3571 3885 triangulus

1922 3901 2244 3973 aequalium
2270 3901 2520 3956 laterum
2554 3921 2571 3973 ;
2602 3918 2796 3973 nequc
2817 3901 3122 3974 cylindrus
3151 3917 3344 3973 neque
3361 3918 3570 3969 conus,

1923 4006 2117 4062 neque
2150 3988 2380 4060 prisma
2411 4004 2605 4060 neque
2630 3989 2891 4060 pyramis
2914 3993 3052 4044 sunt
3078 3989 3396 4059 ejusmodi,
3427 4005 3572 4046 nam

1923 4079 2116 4148 magis
2150 4077 2477 4148 inaequales
2502 4085 2641 4132 sunt
2662 4093 2848 4149 quam
2880 4077 3246 4150 quadratum
3292 4082 3350 4133 et
3395 4079 3575 4133 trian-

1924 4167 2152 4236 gulum,
2180 4170 2237 4220 ut
2273 4179 2650 4238 unaquaque
2681 4167 2878 4235 ﬁgura
2900 4166 3252 4221 discernitur
3278 4167 3356 4222 ab
3387 4166 3575 4223 altera

165 4260 436 4332 spatium
459 4256 660 4314 circuli
689 4257 732 4321 Ο
755 4259 794 4311 Η
830 4254 1084 4328 duplum
1107 4263 1195 4311 est
1219 4255 1496 4325 trianguli
1526 4261 1570 4310 Α
1619 4257 1655 4308 Β
1707 4257 1746 4310 C
1797 4268 1812 4320 ;
1847 4281 1887 4334 ι)
1923 4253 2258 4326 aequalitate
2289 4253 2780 4326 etinaequalitale.
2804 4255 3573 4326 Quaecunqueigitursitum

158 4365 312 4406 nam
352 4345 553 4402 circuli
574 4351 632 4400 et
677 4343 995 4400 amborum
1045 4343 1478 4413 triangulorum
1519 4342 1816 4415 perimetri

161 4441 311 4493 sunt
330 4435 616 4506 aequales,
637 4449 775 4488 cum
797 4438 1056 4504 quatuor
1081 4432 1197 4487 sint
1217 4432 1512 4502 triangula
1556 4431 1616 4486 in
1659 4435 1816 4484 utro-

157 4541 289 4599 que
322 4522 638 4595 triangulo.
668 4520 1046 4591 Habetigitur
1063 4519 1319 4576 circulus
1333 4526 1466 4577 octo
1480 4519 1775 4591 triangula
1800 4536 1813 4586 ;

157 4614 273 4689 qui
311 4613 487 4684 igitur
506 4609 763 4668 circulus
784 4609 1187 4682 suppeditabit
1206 4609 1564 4665 diametrum
1594 4625 1666 4664 ex
1695 4623 1818 4680 qua

158 4706 550 4759 construatur
569 4697 934 4768 triangulum
956 4697 1545 4769 aequaliumlaterum
1563 4701 1618 4752 et
1631 4711 1818 4765 angu-

156 4792 388 4859 lorum,
401 4790 624 4862 duplus
637 4793 723 4843 est
742 4788 927 4860 ipsius
941 4786 1247 4858 trianguli;
1261 4786 1426 4859 quod
1447 4786 1708 4858 oportuit
1723 4784 1822 4840 de-

159 4887 524 4936 monstrare.
540 4879 729 4950 Atque
743 4876 871 4932 huic
883 4874 1130 4947 quidem
1141 4876 1254 4932 hac
1263 4875 1662 4931 tenus.0ratio
1683 4889 1820 4930 vero

155 4973 498 5026 revertatur
537 4965 616 5021 ad
628 4963 1005 5037 propositum
1019 4962 1161 5019 illud
1177 4963 1249 5019 de
1262 4963 1469 5033 ﬁguris
1483 4962 1822 5036 imparibus

155 5056 364 5113 forma
384 5053 718 5128 mqualibus
739 5057 797 5108 et
815 5051 1217 5124 inaequalibus
1236 5052 1513 5108 utrelicto
1527 5058 1640 5107 hoc
1663 5051 1823 5107 theo-

154 5149 396 5202 remate
417 5141 585 5216 quod
610 5140 801 5198 obiter
831 5139 1037 5196 incidit
1059 5140 1136 5196 ad
1155 5157 1406 5213 scopum
1424 5141 1678 5196 festinet.

234 5240 294 5289 7.
326 5236 452 5289 Non
467 5228 1674 5302 estigiturcirculusduntaxataequalitate
1707 5227 1826 5284 exi-

157 5325 329 5382 mius
344 5337 526 5394 supra
538 5336 783 5376 omnem
821 5319 1082 5390 ﬁguram
1098 5319 1414 5391 aequalem,
1432 5335 1632 5373 verum
1648 5317 1823 5373 etiam

155 5428 357 5486 supra
376 5427 619 5468 omnem
650 5408 908 5479 ﬁguram
937 5407 1660 5480 qumdescribiturﬁemo
1685 5421 1826 5462 vero

1924 4344 2148 4399 habent
2172 4341 2645 4413 aequabiliorem,
2688 4341 2788 4398 illa
2834 4349 2970 4397 sunt
3017 4344 3450 4415 praestantiora,
3511 4349 3577 4400 ut

1925 4433 2104 4488 etiam
2126 4429 2265 4486 talia
2303 4430 2380 4486 ab
2428 4431 2559 4502 ipsa
2606 4431 2802 4488 forma
2857 4431 3065 4487 effecta
3113 4438 3270 4488 sunt.
3322 4433 3575 4499 Quilibet

1881 4521 1886 4524 ⁷
1924 4521 2102 4592 igitur
2127 4518 2404 4574 fatebitur
2432 4517 2581 4574 nihil
2607 4522 2801 4592 magis
2825 4519 3056 4593 mquale
3087 4536 3216 4576 esse
3254 4538 3439 4594 quam
3468 4524 3580 4578 cir-

1927 4613 2131 4665 culum
2150 4612 2207 4662 et
2238 4607 2560 4679 sphaeram,
2586 4607 2663 4663 ab
2685 4608 2814 4664 aliis
2854 4615 3055 4666 autem
3101 4610 3385 4666 omnibus
3443 4625 3578 4666 meo

1923 4697 2149 4770 judicio
2203 4695 2622 4751 discernuntur
2667 4697 3037 4769 quadratum
3091 4704 3148 4754 et
3212 4697 3580 4767 triangulum

1930 4785 2248 4858 aequalium
2279 4783 2533 4839 laterum
2579 4785 2745 4857 quod
2777 4802 2896 4841 non
2922 4786 3152 4858 absque
3183 4788 3410 4840 ratione
3439 4785 3582 4839 dici-

1879 4875 1882 4878 ⁴
1931 4889 2089 4939 mus;
2118 4874 2239 4928 imo
2261 4879 2352 4928 est
2376 4873 2489 4928 hoc
2516 4873 3124 4938 necessarium.Quod
3143 4874 3189 4926 si
3212 4872 3346 4943 quis
3365 4877 3582 4943 praeter

1931 4963 2077 5018 illud
2102 4968 2376 5017 nostrum
2400 4962 2782 5034 prOpositum
2804 4961 3059 5033 reperiat
3091 4960 3271 5014 aliam
3321 4959 3582 5028 ﬁguram

1933 5050 2154 5106 circulo
2178 5049 2374 5120 magis
2405 5049 2721 5121 aequalem,
2748 5049 2828 5103 illi
2848 5062 3136 5116 magnam
3179 5047 3433 5115 gratiam
3481 5046 3584 5102 ha-

1932 5137 2114 5195 bituri
2144 5153 2372 5192 sumus.
2398 5138 2643 5193 Veniam
2658 5143 2854 5192 autem
2871 5151 2980 5190 nos
2994 5135 3391 5206 deprecamur
3416 5135 3583 5208 quod

1937 5243 2229 5299 negemus
2253 5225 2609 5298 inaequalem
2643 5224 2898 5293 figuram
2915 5239 3041 5279 esse
3074 5224 3586 5293 ordinataaﬁguraa

1939 5316 2219 5390 mqualem
2259 5331 2396 5369 cum
2424 5317 2751 5385 praesertim
2769 5312 2882 5366 hoc
2906 5313 3084 5367 modo
3106 5311 3246 5367 illud
3282 5311 3447 5383 quod
3501 5318 3588 5366 est

1941 5404 2171 5477 aequale
2191 5401 2475 5474 inaequali
2499 5399 2908 5472 praeferamus.
2942 5401 3054 5456 Sed
3080 5406 3205 5457 esto
3236 5401 3440 5472 aliqua
3470 5399 3588 5455 alia.

232 5560 322 5634 (1)
358 5565 658 5634 Τεταγμένα
686 5563 948 5634 σχήματα
973 5555 1058 5634 ab
1079 5563 1320 5634 auctore
1349 5557 1728 5634 appellantur
1746 5555 1824 5608 άκῖ

1945 5574 2111 5610 ι’τατα.
2149 5551 2291 5607 Vide
2319 5548 2692 5606 Aristotelem
2724 5549 2918 5620 primo
2943 5552 3028 5607 De
3057 5551 3225 5608 caelo.

229 5628 319 5726 ('2)
357 5628 573 5706 Αἴτημιι
601 5628 921 5692 λίανεύήθες
951 5633 1017 5685 ut
1044 5628 1306 5702 loquitur
1335 5628 1698 5685 aristoteles.
