4064 6308
552 304 682 360 1591

2079 289 2436 359 ADDENDA.

3830 306 3949 360 1392

559 436 741 489 “id”
791 428 1125 486 εἰδοποιῆσαι
1195 427 1400 500 φάσκεν
1457 424 1627 489 οὐδεὶς
1678 429 1779 503 γὰρ
1833 443 1927 485 ιπη
1979 428 2162 501 δπιπερ
2219 431 2267 484 Α
2323 426 2531 499 ἀγαθῶν
2561 427 2885 502 μένπλὴρης
2919 424 3067 499 γαῖα,
3128 430 3187 481 τὸ
3227 425 3273 481 τ’
3327 420 3389 480 ἂν
3440 426 3649 502 πλήρης
3720 424 3929 499 δ’ὑοίρά.

558 529 617 578 τὸ
654 524 832 576 ἁνισον
895 536 1195 593 κρειττονως
1251 513 1554 577 εἰδοποίησε
1578 520 1637 571 τό
1668 514 1829 587 εἶδος,
1888 516 1932 569 εἰ
1974 521 2044 590 μή
2110 535 2161 567 τι

559 610 1002 687 παραλογίζηται.

630 702 695 761 η’.
728 704 946 771 Δέγομςι
967 696 1056 749 οὖν
1086 694 1169 748 ὅτι
1193 696 1365 769 ὥσπερ
1389 698 1437 749 ἓν
1485 696 1578 755 ὕλη
1638 700 1696 748 τό
1755 692 1913 759 εἶδος,
1968 692 2017 746 ἐν
2062 695 2161 766 φύ-

561 811 642 845 σει
667 786 903 854 παιδεία,
926 790 1014 838 καὶ
1046 787 1220 857 ὥσπερ
1249 786 1275 837 ὃ
1309 794 1500 858 σχῆμα
1570 785 1799 859 ἰσότερον
1863 787 2162 859 κρειττόνως

557 883 701 957 παρὰ
725 886 817 932 τοῦ
849 873 1025 937 είδους
1047 871 1354 934 εἰδοποιήθη
1417 882 1511 928 τοῦ
1566 880 1635 948 μὴ
1696 876 1901 933 ἰσότητι
1922 878 2020 945 ἴσῳ
2072 872 2162 925 αὖ·

557 971 862 1041 τοῠ,οῦτῶς
925 967 1064 1024 καὶὴ
1127 967 1327 1038 φύσιςὴ
1382 964 1737 1039 ρυθμισθείσα
1791 960 2009 1017 παιδεία
2071 968 2161 1015 καὶ

557 1059 662 1114 οἷον
710 1056 1103 1114 εἰδοποιηοείσα
1166 1059 1405 1129 κρείττων
1478 1054 1587 1107 ἔστί
1648 1063 1737 1115 τῆς
1789 1057 1858 1126 μή
1914 1048 2159 1105 παιδείαν

561 1152 819 1223 σχούσης.
854 1144 1008 1218 Ἐχει
1034 1141 1093 1197 δε
1120 1143 1311 1205 πλάτος
1332 1144 1461 1197 πολὺ
1486 1153 1582 1207 τῆς
1601 1147 1843 1216 σχούσης
1874 1144 1903 1201 ἡ
1932 1138 2160 1215 διαφορὰ

558 1242 639 1293 ὅτι
658 1244 738 1301 τὶς
768 1240 857 1311 μιν
886 1239 1041 1309 φύσις
1067 1236 1222 1307 ἴσχεν
1240 1232 1360 1291 ὃλην
1386 1230 1650 1302 παιδείαν,
1706 1238 1786 1295 τὶς
1852 1228 1910 1285 δὲ
1966 1236 2156 1303 ἣμισυ,

558 1334 629 1391 τὶς
653 1325 711 1381 δε
740 1326 861 1385 ὅλην
900 1326 1044 1400 παρά
1094 1342 1148 1376 τε
1208 1323 1355 1394 ἕτερα
1420 1320 1480 1375 δέ
1534 1321 1670 1375 κατὰ
1718 1317 1991 1395 βαθμίδας
2031 1317 2157 1390 οἷον,

559 1417 648 1479 ἕως
675 1426 771 1479 τῆς
796 1420 973 1488 μέσον,
1004 1418 1093 1465 καὶ
1155 1411 1209 1463 ἔκ
1271 1414 1453 1464 τούτου
1481 1413 1574 1472 ἕως
1629 1418 1720 1463 τοῦ
1795 1419 1889 1471 τῆς
1918 1407 2160 1467 παίδείας

559 1509 694 1559 κατὰ
725 1509 811 1558 τόν
829 1494 982 1557 αὖτόν
1006 1502 1177 1573 λόγον,
1212 1501 1466 1573 ἐσχάτου,
1500 1502 1529 1559 ἡ
1576 1497 1635 1553 δί
1679 1504 1751 1573 μὴ
1811 1505 2028 1570 σχοῦσα
2078 1501 2159 1549 τέ-

559 1593 689 1666 λεον,
743 1591 1029 1666 ἀτιμοτάτη
1092 1588 1275 1645 τέλεον.
1343 1595 1491 1661 Τρεῖς
1550 1597 1676 1661 γοῦν
1724 1588 1998 1660 εἰρήκαμεν
2053 1606 2161 1639 κοι-

559 1689 742 1746 νωνίας
775 1685 1096 1755 πρωτίστας,
1145 1687 1217 1749 τῷ
1274 1680 1495 1751 ἄρχοντι
1546 1684 1801 1731 κοινωνεῖν
1854 1676 1915 1737 ἆς
1958 1678 2161 1749 εἰπομεν

558 1781 658 1825 τῶν
687 1768 739 1824 δ’
780 1770 944 1823 ἄλλων
984 1764 1338 1841 ἐπιμελεῖσθαι
1382 1769 1503 1828 ὅσας
1552 1764 1619 1826 δὴ
1680 1776 1752 1837 τῷ
1810 1770 1966 1837 κοὶνῳ
2026 1784 2162 1837 συμ-

560 1858 871 1933 ϐαλλομένας
937 1860 1054 1934 ὁρᾷ,
1119 1858 1187 1918 ιῖς
1245 1874 1299 1909 τε
1354 1859 1615 1909 σύστασιν
1693 1860 1783 1908 καὶ
1868 1856 2160 1927 εὐμάρειαν,

559 1955 680 2013 τοὺς
706 1946 765 2003 δι
793 1950 923 2022 μετὰ
950 1950 1035 2001 τόν
1056 1955 1259 2022 πρῶτον
1313 1954 1386 2016 τῷ
1440 1952 1625 2019 πρώτῳ
1680 1946 1990 2019 ὁμοιοῦσθαι
2048 1946 2164 2018 ὀρί-

560 2035 733 2112 ζομεν·
784 2039 827 2090 εἰ
878 2039 979 2110 γὰρ
1038 2034 1221 2096 ἓκεῖνος
1264 2042 1495 2088 κοινωνιί
1541 2042 1646 2095 τοῖς
1708 2041 1946 2107 φυσικοῖς
2004 2052 2057 2085 τε
2076 2036 2165 2085 καὶ

560 2124 993 2199 πεπαιδευμένοις
1020 2123 1217 2198 λόγοις,
1268 2124 1412 2177 οὗτοι
1462 2121 1521 2178 δε
1567 2128 1688 2187 τοὺς
1751 2120 1911 2176 αὑτοῦ
1961 2123 2163 2195 λόγους,

559 2216 731 2292 ὥσπερ
782 2218 923 2277 τινὰς
995 2218 1195 2289 μορφὰς
1243 2215 1467 2287 αἴροντες
1528 2212 1599 2276 εἰς
1649 2211 1896 2274 ἀλλήλους
1952 2220 2166 2265 ποιοῦσι

557 2306 651 2369 τὰς
680 2308 963 2372 κοινωνίας,
1006 2300 1158 2356 οὐδέν
1210 2301 1351 2355 ἑστιν
1418 2302 1560 2372 ἄλλο,
1603 2304 1631 2363 ἦ
1689 2304 1769 2355 ὅτι
1808 2302 1953 2356 κατὰ
2008 2306 2165 2374 φύσιν

558 2412 650 2448 και
686 2390 932 2447 παιδείαν
988 2400 1220 2446 κοινωνεῖ
1269 2401 1341 2463 τῷ
1398 2400 1572 2464 κοινῷ.
1624 2398 1771 2452 Πόση
1832 2390 1881 2447 δ’
1939 2393 2065 2446 αὑτό
2112 2413 2167 2447 τε

561 2478 777 2556 ὦφέλὲια
823 2486 1023 2555 κόσμου
1079 2482 1269 2535 ὀποταν
1325 2480 1478 2552 λόγος
1527 2484 1616 2554 μὲν
1674 2481 1847 2557 ὁρίζῃ,
1898 2486 2055 2555 φύσις
2107 2479 2167 2537 δι

560 2574 789 2647 πράττη,
817 2574 988 2623 καὶτὸ
1028 2574 1099 2644 μή
1131 2569 1286 2642 λόγου
1330 2574 1420 2622 καὶ
1468 2572 1688 2643 φύσεως,
1737 2571 1912 2647 πόρρω
1960 2571 2155 2645 βαίνει,

538 2743 733 2818 ﬁgura
757 2751 971 2821 praeter
989 2744 1286 2805 circulum
1309 2747 1571 2805 maxime
1600 2748 1871 2807 omnium
1894 2750 2192 2808 ordinata.

2322 514 2536 575 Ἐπειδή
2588 515 2647 571 δε
2694 518 2788 571 οὐκ
2840 521 2955 570 ἔστι
2996 536 3149 571 τουτο
3200 518 3381 593 εὑρεῖν,
3441 522 3663 590 χείρους
3726 520 3836 589 γὰρ
3889 520 3930 569 οἱ

2320 604 2547 673 πλείους,
2610 608 2729 669 τούς
2818 606 3065 681 ὁρισμοὺς
3106 610 3196 679 μὲν
3272 608 3417 679 ἡμεῖς
3502 606 3928 681 ἀναγεγράφαμεν

2319 699 2408 747 καὶ
2464 698 2558 754 τήν
2609 696 2849 754 ἀλήθειαν
2900 698 3126 768 εἴπομεν,
3195 695 3358 767 ἰρατω
3415 692 3475 748 δε
3519 698 3545 747 ὁ
3596 695 3926 768 βουλομινος,

2320 786 2369 835 οἱ
2395 779 2446 836 δ’
2478 784 2620 838 ἄλλοι
2651 789 2715 846 ὡς
2742 792 2831 838 καὶ
2859 784 3130 858 βούλοιντό
3175 782 3632 858 διατρεχὲτωσαν.
3676 782 3828 837 Οἶδα
3881 781 3929 836 δὶ

2319 872 2506 941 καλῶς,
2533 874 2613 926 ὁτι
2638 881 2737 937 πᾶς
2770 877 2905 946 ἔχων
2955 882 3073 927 νοῦν
3126 875 3219 927 οὔκ
3272 876 3332 925 ἀν
3375 893 3497 926 ποτε
3564 873 3782 931 ἁποστῆ
3843 882 3928 924 τῶν

2318 968 2519 1035 τρόπων
2567 974 2665 1017 τῶν
2736 968 3034 1039 εἰρημένων,
3086 967 3178 1017 ᾶτε
3225 965 3527 1037 φιλοσοφίας
3585 971 3683 1017 καὶ
3756 970 3929 1035 σοφίας

2318 1051 2743 1128 ἐγχαραττόντων
2772 1058 2865 1116 τὰς
2896 1051 3071 1121 ὀδοὺς,
3132 1053 3231 1125 ἐγὼ
3284 1051 3363 1122 δὲ,
3416 1053 3510 1106 κᾶν
3564 1056 3591 1106 ὀ
3640 1054 3808 1113 πολὺς
3859 1056 3930 1104 ἀν·

2321 1144 2521 1217 θρωπος
2580 1142 2943 1219 ἀπαρίσκηται
3005 1147 3063 1195 τὸ
3130 1142 3304 1212 καλὸν,
3386 1145 3572 1194 οὔκουν
3629 1141 3926 1195 ὑποστιὼὶη

2319 1230 2425 1283 ἀλλ’
2452 1231 2805 1293 ἀνυποστόλως
2835 1232 2959 1307 ἐρῶν
2987 1237 3077 1284 καὶ
3100 1228 3252 1294 αὖθις
3278 1233 3581 1305 εζοὴσοριαι.

2393 1321 2453 1376 θ’.
2484 1325 2593 1375 Δύο
2621 1330 2745 1394 γοῦν
2777 1319 2900 1374 οἶδα
2930 1320 3063 1374 εἶναί
3111 1324 3266 1393 φύσιν
3321 1326 3410 1373 καὶ
3465 1324 3525 1373 τό
3576 1319 3928 1394 συμϐεϐηκός,

2318 1414 2488 1463 καὶτὸ
2530 1415 2619 1484 μὲν
2650 1415 2851 1484 φύσεως
2887 1414 3090 1483 ποίημά
3122 1410 3235 1463 ἐστι
3265 1415 3351 1463 καὶ
3412 1410 3526 1463 λίαν
3585 1409 3722 1477 ἐστὶ,
3772 1414 3832 1462 τό
3878 1407 3930 1462 δι

2318 1508 2410 1552 τοῦ
2444 1499 2827 1573 συμϐεϐῆκότος
2870 1503 3007 1553 κατὰ
3058 1506 3245 1573 κρᾶσιν
3305 1504 3457 1573 μόνον
3511 1504 3775 1571 γίγνεται·
3828 1501 3933 1551 ἔστι

2322 1586 2381 1642 δε
2413 1586 2651 1642 δεκτικὸν
2672 1596 2863 1665 κρᾶσις
2892 1589 3052 1642 καλοῦ
3110 1596 3199 1642 καὶ
3263 1595 3333 1663 μή
3386 1589 3545 1641 κα)οῦ
3610 1595 3704 1641 καὶ
3755 1597 3935 1656 κακοῦ,

2320 1681 2385 1739 ὡς
2413 1684 2503 1731 καὶ
2533 1683 2591 1731 τὸ
2629 1678 2979 1752 συμϐεϐηκός,
3028 1698 3153 1743 οιον,
3208 1678 3288 1731 ὁτι
3330 1698 3407 1739 τις
3454 1685 3795 1754 στρατιώτης
3841 1698 3940 1731 κοι-

2320 1774 2466 1820 νωνεῖ
2489 1787 2610 1837 τινι,
2663 1773 2817 1821 τοῦτο
2838 1774 3047 1841 κρᾶσις·
3104 1767 3148 1820 εἰ
3197 1770 3287 1841 μὲν
3339 1767 3429 1820 οὖν
3482 1766 3664 1838 ἀγαθῷ
3718 1774 3944 1820 κοινωνεί

2323 1876 2483 1929 τεχνη
2516 1862 2606 1909 καὶ
2636 1859 2808 1929 φύσει,
2836 1859 2866 1915 ἡ
2901 1863 3085 1929 κρᾶσις
3113 1853 3221 1915 ἤδη
3271 1855 3430 1909 καλοῦ
3487 1853 3734 1926 δεκτικὴ,
3795 1858 3841 1908 εἰ
3890 1853 3941 1908 δε

2324 1952 2395 2018 μὴ
2423 1946 2563 2015 καλῷ
2610 1955 2672 2005 τῆ
2706 1965 2866 2017 τεχνη
2923 1951 3012 1998 καὶ
3063 1953 3125 2018 τῇ
3196 1948 3371 2019 φύσει,
3422 1950 3492 2007 ὠς
3541 1950 3744 2018 πέφυκε
3794 1953 3940 1998 τοῦτο

2325 2032 2904 2107 γενέσθαι,ἀλ)⁶ἁπλῶς
2944 2038 3070 2106 ὄντι,
3128 2036 3156 2092 ἡ
3217 2040 3407 2109 κρᾶσις
3456 2031 3670 2092 δεκτικὴ
3734 2038 3809 2107 μὴ
3856 2054 3943 2085 κα-

2325 2124 2436 2176 λόῦ·
2512 2123 2555 2176 εἰ
2604 2120 2663 2176 δι
2712 2128 2947 2195 κακίστῳ
2993 2124 3125 2176 κατά
3178 2142 3231 2175 τε
3298 2126 3453 2195 φύσιν
3505 2127 3597 2175 καὶ
3656 2126 3938 2195 τέχνιςν,ἡ

2326 2221 2515 2289 κρᾶσις
2567 2210 2780 2271 δεκτικὴ
2836 2220 2928 2267 τοῦ
2994 2220 3180 2279 κακοῦ,
3233 2216 3264 2271 ὴ
3312 2215 3417 2289 ἄρα
3467 2219 3664 2287 κρᾶσις
3722 2210 3934 2271 δεκτικὴ

2326 2303 2507 2372 καλοῦ,
2539 2308 2630 2355 καὶ
2655 2308 2725 2376 μὴ
2748 2302 2909 2355 καλοῦ
2954 2307 3045 2356 καὶ
3100 2309 3288 2360 κακοῦ.
3318 2309 3408 2364 Τις
3604 2298 3699 2354 οὖν
3750 2310 3939 2376 κρᾶσις

2326 2392 2577 2466 ἒνφύσει,
2632 2396 2722 2446 καὶ
2773 2396 2854 2454 τίς
2912 2395 3061 2465 φὺσίς
3125 2391 3173 2445 ἐν
3228 2394 3431 2467 κράσει,
3490 2390 3546 2443 αἱ
3600 2390 3935 2454 ἔξισαζονται

2327 2483 2394 2544 εἰς
2446 2482 2571 2535 αὐτὸ
2614 2484 2681 2549 ςὴ
2751 2484 2851 2556 γὰρ
2918 2482 3118 2554 ἀγαθοῦ
3184 2480 3365 2554 ἀγαθῷ
3401 2486 3670 2545 κοινωνία,
3722 2489 3931 2555 κρᾶσις,

2327 2571 2453 2626 ἀλλὰ
2481 2573 2617 2625 κατὰ
2653 2574 2826 2645 φύσιν·
2876 2572 2924 2625 ἔν
2975 2574 3139 2631 ταῦτη
3171 2580 3296 2645 γοῦν
3350 2576 3411 2629 τὴ
3478 2570 3669 2643 κράσει
3723 2590 3818 2623 και
3866 2590 3931 2631 τις

2302 2750 2465 2807 tione
2503 2765 2632 2807 esse
2661 2749 2940 2823 positam,
2982 2748 3082 2804 vix
3121 2752 3321 2805 autem
3351 2747 3470 2805 dici
3506 2749 3729 2821 possit,
3772 2766 3953 2823 quan-

540 2838 759 2894 Verum
795 2853 869 2894 ne
898 2837 982 2895 sic
1019 2838 1269 2913 quidem
1302 2844 1503 2896 noster
1532 2856 1729 2896 sermo
1751 2841 1973 2897 inutilis
1999 2841 2189 2898 fuerit.
2231 2861 2271 2916 C
2302 2843 2429 2895 tum
2471 2838 2891 2911 adjumentum
2923 2837 3184 2894 societati
3199 2836 3485 2893 humana;
3544 2837 3881 2909 afferretnr,
3913 2840 3953 2895 si

535 2942 658 3001 quo
672 2943 1087 2985 asseveramus
1106 2929 1465 3001 aequalitatis
1487 2929 1744 2986 formam
1761 2930 2192 3003 inaequalitatis

536 3012 732 3073 forma
747 3032 881 3074 esse
897 3019 1373 3090 praestantiorem
1406 3034 1419 3086 ;
1444 3035 1624 3076 nemo
1639 3019 1798 3076 enim
1816 3019 2025 3076 dixerit
2047 3020 2183 3077 inre-

536 3106 843 3178 qualitatis
876 3106 1136 3164 formam
1161 3108 1519 3181 tequalitatis
1545 3109 1740 3166 forma
1761 3126 1892 3167 esse
1906 3116 2193 3183 praestan-

536 3196 765 3267 tiorem,
801 3196 912 3252 nisi
944 3196 1123 3253 rebus
1162 3198 1379 3255 fucum
1410 3198 1672 3270 aliquem
1702 3198 1898 3255 faciat.

610 3287 662 3339 8.
698 3284 1148 3356 Dicimusigitur
1168 3286 1509 3343 formamin
1523 3289 1772 3344 materia
1796 3288 1857 3344 id
1885 3288 2193 3362 essequod

540 3372 709 3429 estin
733 3375 951 3429 natura
976 3372 1231 3430 eruditio
1266 3381 1360 3444 ;et
1399 3381 1464 3432 ut
1508 3377 1705 3447 ﬁgura
1756 3379 2019 3434 maxime
2067 3394 2193 3435 om-

540 3461 709 3517 nium
723 3462 969 3534 mqualis
982 3462 1239 3519 formam
1252 3469 1430 3522 nacta
1440 3466 1806 3523 estomnium
1821 3468 2191 3539 praestantis-

542 3549 782 3617 simam,
808 3550 887 3607 ita
912 3552 1091 3608 etiam
1120 3557 1335 3609 natura
1366 3555 1695 3612 eruditione
1716 3562 1931 3613 ornata
1955 3561 2011 3613 et
2038 3573 2189 3630 qua-

543 3638 594 3693 si
618 3630 942 3696 informata
972 3642 1351 3712 praestantior
1379 3648 1467 3699 est
1494 3658 1566 3699 ea
1591 3659 1725 3715 quae
1753 3644 2083 3701 eruditione
2097 3662 2191 3701 ca-

540 3732 648 3783 ret.
680 3727 793 3783 Sed
821 3744 1115 3800 magnum
1149 3746 1393 3803 quoque
1459 3730 1651 3787 latum
1734 3732 2055 3790 discrimen
2103 3750 2188 3789 re-

538 3815 765 3889 peritur
799 3816 861 3873 in
888 3822 1104 3876 natura
1118 3819 1514 3876 eruditionem
1528 3820 1805 3891 habente,
1837 3823 2002 3894 quod
2029 3839 2190 3895 qure-

538 3905 684 3961 dam
713 3910 929 3963 natura
961 3908 1305 3965 universam
1334 3909 1728 3965 eruditionem
1762 3910 2001 3980 habeat,
2030 3928 2189 3983 qure-

538 3993 683 4050 dam
721 4010 864 4052 vero
881 3996 1181 4068 simplam,
1198 3996 1479 4071 quaedam
1494 4014 1699 4054 rursus
1713 4000 2055 4056 universam
2082 4000 2193 4056 ali-

541 4083 712 4155 cujus
725 4085 931 4156 partis,
946 4085 1130 4142 altera
1142 4102 1281 4143 vero
1295 4090 1374 4143 ab
1387 4087 1611 4143 inﬁmis
1625 4088 1701 4144 ad
1717 4089 1983 4144 medium
1999 4106 2191 4162 usque

2303 2929 2455 2984 ratio
2485 2927 2896 3001 praescriberet
2920 2931 2977 2982 et
3006 2931 3223 2982 natura
3261 2930 3482 2996 ageret,
3519 2930 3576 2982 et
3601 2928 3656 2983 si
3687 2930 3953 2985 aratione

2304 3033 2375 3091 ac
2404 3023 2619 3073 natura
2648 3032 2962 3089 nunquam
2978 3015 3439 3071 declinaremus.
3467 3017 3630 3071 Tunc
3660 3017 3827 3073 enim
3858 3017 3954 3073 bo-

2301 3122 2520 3163 norum
2550 3104 3086 3178 tellusessetplena
3102 3110 3333 3161 etmare
3347 3103 3596 3177 plenum
3631 3124 3645 3171 ;
3672 3106 3958 3178 quoniam

2302 3200 2502 3253 autem
2526 3196 2641 3252 hoc
2671 3211 2793 3251 non
2824 3194 3285 3267 potestinveniri
3310 3200 3471 3261 (nam
3496 3194 3959 3267 etimperfectio-

2300 3300 2395 3341 res
2434 3289 2489 3341 et
2518 3285 2719 3358 plures
2757 3284 3221 3356 temperationes
3274 3282 3733 3355 descripsimus,
3769 3286 3855 3342 ita
3905 3290 3961 3340 ut

2299 3374 2361 3431 id
2398 3375 2564 3448 quod
2594 3389 2805 3431 verum
2825 3379 2909 3431 est
2930 3373 3296 3441 dixerimus),
3320 3377 3524 3429 nostra
3558 3374 3959 3447 amplectatur

2298 3464 2405 3537 qui
2429 3464 2609 3531 volet;
2640 3464 2739 3520 alii
2767 3478 2910 3520 vero
2975 3478 3046 3519 ea
3118 3463 3393 3518 insistant
3428 3462 3529 3518 via
3580 3478 3726 3536 quae
3772 3466 3958 3537 magis

2298 3553 2443 3625 ipsis
2482 3553 2789 3625 placuerit,
2823 3566 3179 3625 quanquam
3210 3552 3334 3608 scio
3364 3551 3705 3624 quemlibet
3762 3560 3955 3611 mente

2298 3641 2613 3713 praeditum
2652 3656 2969 3713 nunquam
3004 3640 3408 3697 discessurum
3430 3656 3465 3696 a
3488 3641 3697 3696 modis
3752 3660 3952 3717 supra-

2298 3730 2575 3798 dictis,eo
2604 3729 2770 3803 quod
2791 3730 2851 3785 in
2876 3744 3072 3786 veram
3112 3727 3505 3802 philosophia:
3539 3734 3599 3784 et
3646 3733 3953 3804 sapientia

2296 3822 2450 3878 viam
2481 3820 2881 3879 introducant.
2908 3822 3028 3891 Ego
3053 3835 3190 3876 vero
3222 3819 3452 3875 etiamsi
3474 3819 3652 3875 multi
3682 3821 3955 3879 homines

2297 3909 2679 3967 offendantur
2700 3923 3015 3981 nunquam
3045 3907 3335 3963 dubitabo
3353 3906 3415 3962 id
3436 3907 3609 3979 quod
3632 3925 3859 3968 verum
3888 3924 3957 3967 est

2301 3999 2521 4068 dicere,
2540 3999 2721 4071 idque
2746 4013 2952 4053 rursus
2972 4001 3259 4070 repetam.

2372 4090 2424 4143 9.
2458 4090 2584 4143 Duo
2614 4101 2743 4142 esse
2769 4092 2930 4142 certo
2968 4086 3090 4142 scio
3132 4090 3407 4141 naturam
3434 4089 3494 4141 et
3518 4087 3825 4145 accidens
3852 4107 3866 4155 ;
3907 4104 3957 4144 ac

541 4172 810 4230 ascendit
834 4179 893 4230 et
921 4176 1172 4232 amedio
1193 4192 1383 4249 usque
1414 4177 1492 4233 ad
1522 4178 2192 4236 eruditionem.Eadem-
2229 4212 2272 4266 Β
2302 4182 2533 4233 natum
2562 4176 2809 4266 quidem
2836 4191 2989 4266 opus
3018 4174 3374 4266 praeclarum
3400 4178 3509 4266 est,
3542 4181 3608 4231 at
3640 4180 3955 4235 accidentis

542 4275 661 4333 que
674 4262 899 4319 ratione
912 4270 1277 4337 naturaquaa
1302 4266 1380 4322 ad
1410 4267 1686 4323 ultimum
1716 4284 1902 4341 usque
1934 4268 2193 4339 gradum

543 4349 870 4406 descendit.
916 4354 1058 4419 Quae
1085 4370 1221 4411 vero
1264 4355 1499 4411 tandem
1551 4356 1798 4411 omnino
1862 4357 2193 4414 eruditione

544 4442 727 4505 caret,
752 4444 843 4495 est
864 4441 1123 4497 maxime
1164 4444 1438 4499 omnium
1477 4445 2194 4518 ignobilis.Diximusigi-

546 4529 642 4582 tur
655 4529 768 4581 tres
799 4542 931 4583 esse
944 4532 1539 4603 communicationes,
1571 4533 1797 4605 primas
1810 4534 2193 4608 scilicetquas

492 4616 497 4621 “
545 4613 769 4671 habere
782 4616 1125 4673 societatem
1138 4622 1847 4679 etcommunionemcum
1876 4625 2003 4680 viro
2029 4626 2191 4697 prin-

548 4703 679 4777 cipe
718 4704 1000 4763 diximus.
1030 4707 1182 4764 Alice
1218 4724 1361 4766 vero
1386 4709 1468 4767 ita
1494 4716 1631 4768 sunt
1659 4712 1720 4768 in
1750 4714 1940 4787 pretio
1969 4714 2194 4771 haben-

546 4792 663 4864 dae,
694 4799 873 4867 prout
901 4795 1214 4853 conferunt
1232 4797 1310 4854 ad
1338 4814 1725 4857 communem
1755 4801 1919 4858 illam
1949 4802 2194 4859 societa-

542 4885 684 4955 tem,
714 4883 836 4941 sive
867 4885 946 4941 ad
976 4886 1483 4957 constitutionem,
1535 4890 1653 4945 sive
1731 4891 1809 4946 ad
1864 4891 2191 4948 faciliorem

541 4972 837 5030 rationem
858 4975 1210 5046 pertineant.
1270 4974 1407 5032 lllos
1456 4978 1708 5049 proinde
1764 4980 1868 5053 qui
1928 4982 2193 5053 primum

542 5060 712 5117 illum
732 5062 988 5131 gradum
1000 5069 1424 5138 assequuntur,
1443 5066 1638 5137 primo
1652 5068 1873 5124 similes
1900 5085 2031 5126 esse
2051 5069 2191 5126 dici-

542 5164 681 5206 mus
700 5149 805 5221 (l).
826 5153 975 5208 Nam
997 5152 1045 5209 si
1062 5154 1399 5225 primusille
1412 5156 1711 5230 particeps
1728 5159 2190 5217 estnaturalium

542 5243 602 5295 et
631 5238 1023 5298 eruditiorum
1052 5258 1422 5311 sermonum,
1453 5244 1513 5300 hi
1543 5246 1801 5303 rationes
1852 5248 2009 5305 illius
2065 5253 2191 5306 tan-

540 5341 729 5399 quam
753 5326 974 5385 formas
1008 5331 1307 5402 quasdam
1340 5333 2192 5406 suscipientescommunicant

540 5415 694 5472 inter
718 5430 802 5472 se.
833 5418 1002 5483 Quod
1033 5421 1181 5476 nihil
1204 5422 1368 5478 aliud
1414 5427 1501 5479 est
1564 5439 1751 5496 quam
1804 5441 2189 5485 communem

536 5502 703 5563 illam
742 5507 1349 5569 communicationem
1380 5511 1443 5568 in
1493 5516 1709 5571 natura
1766 5518 1823 5572 et
1877 5514 1939 5572 in
1996 5517 2188 5574 erudi-

2304 4282 2375 4321 ex
2406 4265 2833 4338 temperatione
2862 4265 3109 4320 exsistit.
3130 4264 3505 4336 Temperatio
3533 4279 3690 4321 vero
3717 4273 3852 4325 tum
3872 4269 3952 4323 bo-

2302 4368 2450 4409 num
2483 4359 2606 4409 tum
2638 4355 2818 4409 etiam
2865 4351 3093 4409 malum
3142 4354 3440 4423 suscipere
3489 4359 3725 4425 potest,
3779 4363 3951 4429 potest

2302 4460 2545 4517 quoque
2572 4443 2869 4499 accidens.
2900 4444 2970 4498 Ut
3002 4442 3049 4497 si
3070 4441 3241 4497 miles
3273 4458 3409 4498 cum
3443 4442 3660 4515 aliquo
3689 4462 3949 4502 commu-

2302 4534 2548 4589 nionem
2567 4532 2744 4597 ineat,
2759 4531 3082 4602 hocipsum
3097 4535 3184 4587 est
3200 4531 3553 4603 temperatio
3584 4547 3599 4600 ;
3632 4535 3687 4590 si
3719 4536 3947 4607 quidem

2301 4622 2481 4693 igitur
2508 4620 2671 4677 bono
2698 4636 2758 4676 se
2771 4618 3083 4691 adjungat,
3114 4625 3564 4692 propterartem
3594 4627 3654 4678 et
3677 4630 3946 4680 naturam

2302 4710 2643 4783 temperatio
2655 4709 2877 4765 bonum
2894 4708 3257 4782 suscipit;sin
3270 4708 3412 4765 boni
3426 4710 3745 4785 particeps
3759 4718 3944 4771 exat-te

2302 4815 2425 4856 non
2438 4804 2631 4869 est,ex
2645 4803 3008 4855 naturavero
3021 4802 3214 4869 potest
3229 4797 3501 4864 esse,hoc
3514 4801 3669 4857 estsi
3687 4802 3942 4859 absolute

2302 4892 2393 4945 est
2415 4887 2477 4944 id
2504 4887 2669 4961 quod
2698 4892 2807 4955 est,
2836 4885 3138 4959 ejusmodi
3161 4888 3515 4959 temperatio
3547 4888 3796 4949 bonum
3830 4908 3943 4947 sus-

2302 4978 2499 5051 cipere
2528 4980 2742 5049 potest.
2771 4976 2870 5032 Sin
2901 4992 2973 5033 ex
2999 4979 3217 5032 natura
3245 4981 3301 5031 et
3327 4992 3399 5032 ex
3414 4984 3544 5034 arte
3582 4980 3939 5053 improbissi-

2300 5084 2438 5124 mus
2465 5072 2551 5124 est
2571 5067 2804 5141 aliquis,
2835 5066 2965 5139 cjus
2990 5066 3341 5138 temperatio
3395 5068 3635 5126 malum
3684 5072 3939 5143 suscepit

2301 5159 2493 5224 Quare
2523 5155 2872 5229 temperatio
2902 5170 3039 5227 qua:
3069 5154 3304 5211 bonum
3335 5161 3392 5213 et
3418 5171 3546 5214 non
3572 5159 3812 5218 bonum
3836 5174 3937 5215 sns-

2301 5246 2497 5321 cipere
2527 5250 2739 5320 potest.
2756 5244 2986 5302 malum
2998 5259 3243 5317 quoque
3269 5250 3470 5319 potest
3485 5250 3818 5324 suscipere.
3836 5252 3933 5315 Quo

2300 5343 2479 5411 pacto
2506 5338 2685 5410 igitur
2713 5336 3064 5410 temperatio
3096 5341 3183 5392 est
3213 5336 3276 5392 in
3307 5343 3533 5398 natura
3583 5347 3638 5399 et
3688 5359 3808 5416 quo
3859 5355 3935 5411 pa-

2301 5434 2397 5485 cto
2427 5434 2644 5486 natura
2657 5428 2814 5485 estin
2836 5425 3268 5499 temperatione
3298 5427 3571 5503 ?Nempe
3598 5447 3740 5488 cum
3768 5429 3925 5489 ambs

2304 5518 2486 5576 simul
2496 5518 2558 5576 in
2571 5518 2786 5578 eodem
2797 5518 3115 5591 aequantur
3130 5530 3301 5588 gnam
3324 5516 3480 5579 boni
3490 5536 3633 5581 cum
3644 5521 3805 5583 bono
3826 5533 3926 5577 con

606 5627 691 5705 (t)
726 5629 869 5691 Vide
905 5628 1195 5695 Thomam
1221 5635 1308 5695 De
1334 5642 1467 5695 ante
1494 5640 1552 5697 et
1576 5637 1942 5700 Averrhoem
1970 5640 2034 5701 in
2064 5632 2510 5717 Metaphysicz‘s‘.
