  <div class='ocr_page' id='page_1' title='image "/cluster/home/n/w/nwhite01/storage/ocr_20150623/140/mdp.39015022213980/707.png"; bbox 0 0 4064 6308; ppageno 0'>
   <div class='ocr_carea' id='block_1_1' title="bbox 596 273 3893 342">
    <p class='ocr_par' dir='ltr' id='par_1_1' title="bbox 596 273 3893 342">
     <span class='ocr_line' id='line_1_1' title="bbox 596 273 3893 342; baseline -0.004 -3"><span class='ocrx_word' id='word_1_1' title='bbox 596 286 732 342; x_wconf 78' lang='grc'>1395</span> <span class='ocrx_word' id='word_1_2' title='bbox 2110 280 2466 336; x_wconf 76' lang='grc' dir='ltr'>ᾹΟΒΕΝΒΑ.</span> <span class='ocrx_word' id='word_1_3' title='bbox 3809 273 3893 326; x_wconf 76' lang='lat' dir='ltr'>me</span> 
     </span>
    </p>
   </div>
   <div class='ocr_carea' id='block_1_2' title="bbox 625 385 3879 483">
    <p class='ocr_par' dir='ltr' id='par_1_2' title="bbox 625 385 3879 483">
     <span class='ocr_line' id='line_1_2' title="bbox 625 385 3879 483; baseline -0.006 -21"><span class='ocrx_word' id='word_1_4' title='bbox 625 407 686 462; x_wconf 73' lang='grc' dir='ltr'>δὲ</span> <span class='ocrx_word' id='word_1_5' title='bbox 742 410 1100 483; x_wconf 70' lang='grc' dir='ltr'>ἠρεονήσαμὲν</span> <span class='ocrx_word' id='word_1_6' title='bbox 1148 412 1508 482; x_wconf 72' lang='grc' dir='ltr'>ἐρευνήσαντες</span> <span class='ocrx_word' id='word_1_7' title='bbox 1567 405 1629 460; x_wconf 71' lang='grc' dir='ltr'>δὲ</span> <span class='ocrx_word' id='word_1_8' title='bbox 1682 406 1914 481; x_wconf 74' lang='grc' dir='ltr'>εὕρομεν,</span> <span class='ocrx_word' id='word_1_9' title='bbox 1997 408 2221 480; x_wconf 77' lang='grc' dir='ltr'>εὑρόντες</span> <span class='ocrx_word' id='word_1_10' title='bbox 2277 405 2322 457; x_wconf 84' lang='grc' dir='ltr'><strong>Α</strong></span> <span class='ocrx_word' id='word_1_11' title='bbox 2384 403 2508 474; x_wconf 81' lang='grc' dir='ltr'>ἡμὶν</span> <span class='ocrx_word' id='word_1_12' title='bbox 2539 396 2782 458; x_wconf 75' lang='grc' dir='ltr'>διενοήθη</span> <span class='ocrx_word' id='word_1_13' title='bbox 2826 385 3048 472; x_wconf 71' lang='grc' dir='ltr'>ᾶγράφη,</span> <span class='ocrx_word' id='word_1_14' title='bbox 3090 397 3354 469; x_wconf 75' lang='grc' dir='ltr'>εὐχόμιθα</span> <span class='ocrx_word' id='word_1_15' title='bbox 3422 391 3478 446; x_wconf 68' lang='grc' dir='ltr'>δὲ</span> <span class='ocrx_word' id='word_1_16' title='bbox 3535 395 3596 445; x_wconf 84' lang='grc' dir='ltr'>τὰ</span> <span class='ocrx_word' id='word_1_17' title='bbox 3765 396 3879 462; x_wconf 73' lang='grc' dir='ltr'>κρείτ-</span> 
     </span>
    </p>
   </div>
   <div class='ocr_carea' id='block_1_3' title="bbox 627 480 3878 561">
    <p class='ocr_par' dir='ltr' id='par_1_3' title="bbox 627 480 3878 561">
     <span class='ocr_line' id='line_1_3' title="bbox 627 480 3878 561; baseline -0.003 -19"><span class='ocrx_word' id='word_1_18' title='bbox 627 487 708 557; x_wconf 73' lang='grc' dir='ltr'>δὲ,</span> <span class='ocrx_word' id='word_1_19' title='bbox 747 480 787 540; x_wconf 73' lang='grc' dir='ltr'><strong><em>ὦ</em></strong></span> <span class='ocrx_word' id='word_1_20' title='bbox 826 487 1085 548; x_wconf 77' lang='grc' dir='ltr'>ἠδύτητος</span> <span class='ocrx_word' id='word_1_21' title='bbox 1124 480 1385 549; x_wconf 83' lang='grc' dir='ltr'>τοσαύτης</span> <span class='ocrx_word' id='word_1_22' title='bbox 1451 488 1464 543; x_wconf 78' lang='lat' dir='ltr'>l</span> <span class='ocrx_word' id='word_1_23' title='bbox 1527 480 2219 558; x_wconf 14' lang='grc' dir='ltr'>ὁλικῶςνσυνιζεύχθημεν,</span> <span class='ocrx_word' id='word_1_24' title='bbox 2383 511 2455 543; x_wconf 86' lang='grc' dir='ltr'>τω</span> <span class='ocrx_word' id='word_1_25' title='bbox 2518 493 2712 542; x_wconf 80' lang='grc' dir='ltr'>τούτων</span> <span class='ocrx_word' id='word_1_26' title='bbox 2775 491 2976 561; x_wconf 74' lang='grc' dir='ltr'>μαθεῖν,</span> <span class='ocrx_word' id='word_1_27' title='bbox 3044 489 3111 539; x_wconf 82' lang='grc' dir='ltr'>τὰ</span> <span class='ocrx_word' id='word_1_28' title='bbox 3199 483 3257 538; x_wconf 67' lang='grc' dir='ltr'>δὲ</span> <span class='ocrx_word' id='word_1_29' title='bbox 3369 489 3573 557; x_wconf 77' lang='grc' dir='ltr'>χείρονα</span> <span class='ocrx_word' id='word_1_30' title='bbox 3651 480 3878 552; x_wconf 65' lang='grc' dir='ltr'>ἀποφυγεῖν·</span> 
     </span>
    </p>
   </div>
   <div class='ocr_carea' id='block_1_4' title="bbox 622 571 3881 651">
    <p class='ocr_par' dir='ltr' id='par_1_4' title="bbox 622 571 3881 651">
     <span class='ocr_line' id='line_1_4' title="bbox 622 571 3881 651; baseline -0.003 -21"><span class='ocrx_word' id='word_1_31' title='bbox 622 578 896 650; x_wconf 75' lang='grc' dir='ltr'>λυθείημεν</span> <span class='ocrx_word' id='word_1_32' title='bbox 925 574 983 629; x_wconf 69' lang='grc' dir='ltr'>δὲ</span> <span class='ocrx_word' id='word_1_33' title='bbox 1021 578 1114 628; x_wconf 72' lang='grc' dir='ltr'>οὐκ</span> <span class='ocrx_word' id='word_1_34' title='bbox 1145 576 1204 628; x_wconf 79' lang='grc' dir='ltr'>ἂν</span> <span class='ocrx_word' id='word_1_35' title='bbox 1241 596 1361 629; x_wconf 82' lang='grc' dir='ltr'>ποτε</span> <span class='ocrx_word' id='word_1_36' title='bbox 1386 575 1439 639; x_wconf 70' lang='grc' dir='ltr'>ἐξ</span> <span class='ocrx_word' id='word_1_37' title='bbox 1469 577 1654 644; x_wconf 77' lang='grc' dir='ltr'>αὐτῶν,</span> <span class='ocrx_word' id='word_1_38' title='bbox 1712 586 1755 629; x_wconf 78' lang='grc' dir='ltr'>εἴ</span> <span class='ocrx_word' id='word_1_39' title='bbox 1815 582 1886 646; x_wconf 80' lang='grc' dir='ltr'>μὴ</span> <span class='ocrx_word' id='word_1_40' title='bbox 1943 582 2033 628; x_wconf 79' lang='grc' dir='ltr'>καὶ</span> <span class='ocrx_word' id='word_1_41' title='bbox 2083 576 2222 627; x_wconf 78' lang='grc' dir='ltr'>εὐσι-</span> <span class='ocrx_word' id='word_1_42' title='bbox 2385 577 2509 632; x_wconf 70' lang='grc' dir='ltr'>ἔτι-ἀν</span> <span class='ocrx_word' id='word_1_43' title='bbox 2550 575 2610 631; x_wconf 64' lang='grc' dir='ltr'>δὲ</span> <span class='ocrx_word' id='word_1_44' title='bbox 2658 587 2750 638; x_wconf 83' lang='grc' dir='ltr'>τῆς</span> <span class='ocrx_word' id='word_1_45' title='bbox 2819 580 3014 651; x_wconf 75' lang='grc' dir='ltr'>σαρκὸς</span> <span class='ocrx_word' id='word_1_46' title='bbox 3075 575 3225 628; x_wconf 77' lang='grc' dir='ltr'>λύσιν</span> <span class='ocrx_word' id='word_1_47' title='bbox 3284 578 3554 645; x_wconf 77' lang='grc' dir='ltr'>σχοίημιν,</span> <span class='ocrx_word' id='word_1_48' title='bbox 3589 571 3881 641; x_wconf 72' lang='grc' dir='ltr'>καταμάθωμεν</span> 
     </span>
    </p>
   </div>
   <div class='ocr_carea' id='block_1_5' title="bbox 624 656 3882 739">
    <p class='ocr_par' dir='ltr' id='par_1_5' title="bbox 624 656 3882 739">
     <span class='ocr_line' id='line_1_5' title="bbox 624 656 3882 739; baseline -0.003 -20"><span class='ocrx_word' id='word_1_49' title='bbox 624 666 766 727; x_wconf 80' lang='grc' dir='ltr'>ϐιίας</span> <span class='ocrx_word' id='word_1_50' title='bbox 801 666 1092 736; x_wconf 77' lang='grc' dir='ltr'>λυθιίημεν.</span> <span class='ocrx_word' id='word_1_51' title='bbox 1146 664 1408 722; x_wconf 72' lang='grc' dir='ltr'>Καλλίστη</span> <span class='ocrx_word' id='word_1_52' title='bbox 1449 673 1574 736; x_wconf 74' lang='grc' dir='ltr'>γοῦν</span> <span class='ocrx_word' id='word_1_53' title='bbox 1629 669 1867 716; x_wconf 84' lang='grc' dir='ltr'>κοινωνία</span> <span class='ocrx_word' id='word_1_54' title='bbox 1924 663 2220 736; x_wconf 73' lang='grc' dir='ltr'>φιλοσοφία,</span> <span class='ocrx_word' id='word_1_55' title='bbox 2386 668 2429 721; x_wconf 80' lang='grc' dir='ltr'>εἰ</span> <span class='ocrx_word' id='word_1_56' title='bbox 2467 671 2578 720; x_wconf 81' lang='grc' dir='ltr'>ἔστι</span> <span class='ocrx_word' id='word_1_57' title='bbox 2616 671 2682 718; x_wconf 79' lang='grc' dir='ltr'>τὰ</span> <span class='ocrx_word' id='word_1_58' title='bbox 2717 676 2812 728; x_wconf 86' lang='grc' dir='ltr'>τῆς</span> <span class='ocrx_word' id='word_1_59' title='bbox 2851 666 3159 738; x_wconf 73' lang='grc' dir='ltr'>φιλοσοφίας</span> <span class='ocrx_word' id='word_1_60' title='bbox 3213 668 3476 739; x_wconf 77' lang='grc' dir='ltr'>κρείττονα</span> <span class='ocrx_word' id='word_1_61' title='bbox 3535 669 3625 712; x_wconf 81' lang='grc' dir='ltr'>τῶν</span> <span class='ocrx_word' id='word_1_62' title='bbox 3683 667 3762 718; x_wconf 80' lang='grc' dir='ltr'>τῆς</span> <span class='ocrx_word' id='word_1_63' title='bbox 3811 656 3882 708; x_wconf 68' lang='grc' dir='ltr'>ἀλι-</span> 
     </span>
    </p>
   </div>
   <div class='ocr_carea' id='block_1_6' title="bbox 624 748 3884 828">
    <p class='ocr_par' dir='ltr' id='par_1_6' title="bbox 624 748 3884 828">
     <span class='ocr_line' id='line_1_6' title="bbox 624 748 3884 828; baseline -0.003 -22"><span class='ocrx_word' id='word_1_64' title='bbox 624 760 711 807; x_wconf 82' lang='grc' dir='ltr'>καὶ</span> <span class='ocrx_word' id='word_1_65' title='bbox 748 759 984 806; x_wconf 76' lang='grc' dir='ltr'>κοινωνοὶ</span> <span class='ocrx_word' id='word_1_66' title='bbox 1016 754 1065 804; x_wconf 87' lang='grc' dir='ltr'>οἰ</span> <span class='ocrx_word' id='word_1_67' title='bbox 1093 758 1338 827; x_wconf 76' lang='grc' dir='ltr'>τρόφιμοι</span> <span class='ocrx_word' id='word_1_68' title='bbox 1375 761 1469 814; x_wconf 85' lang='grc' dir='ltr'>τῆς</span> <span class='ocrx_word' id='word_1_69' title='bbox 1504 750 1772 816; x_wconf 80' lang='grc' dir='ltr'>παιδείας,</span> <span class='ocrx_word' id='word_1_70' title='bbox 1812 758 1902 805; x_wconf 81' lang='grc' dir='ltr'>καὶ</span> <span class='ocrx_word' id='word_1_71' title='bbox 1940 755 2057 805; x_wconf 83' lang='grc' dir='ltr'>ὅσοι</span> <span class='ocrx_word' id='word_1_72' title='bbox 2093 755 2226 803; x_wconf 79' lang='grc' dir='ltr'>κατὰ</span> <span class='ocrx_word' id='word_1_73' title='bbox 2386 761 2525 828; x_wconf 80' lang='grc' dir='ltr'>φίαςο</span> <span class='ocrx_word' id='word_1_74' title='bbox 2584 763 2670 807; x_wconf 83' lang='grc' dir='ltr'>νῦν</span> <span class='ocrx_word' id='word_1_75' title='bbox 2728 753 2788 808; x_wconf 66' lang='grc' dir='ltr'>δί</span> <span class='ocrx_word' id='word_1_76' title='bbox 2843 757 3174 827; x_wconf 66' lang='grc' dir='ltr'>γηράφαμεν</span> <span class='ocrx_word' id='word_1_77' title='bbox 3225 756 3294 814; x_wconf 81' lang='grc' dir='ltr'>ὡς</span> <span class='ocrx_word' id='word_1_78' title='bbox 3351 751 3650 822; x_wconf 76' lang='grc' dir='ltr'>ἆγνώκιιμεν,</span> <span class='ocrx_word' id='word_1_79' title='bbox 3708 748 3744 799; x_wconf 84' lang='grc' dir='ltr'><strong>ιί</strong></span> <span class='ocrx_word' id='word_1_80' title='bbox 3804 751 3884 806; x_wconf 78' lang='grc' dir='ltr'>τέως</span> 
     </span>
    </p>
   </div>
   <div class='ocr_carea' id='block_1_7' title="bbox 624 835 3884 917">
    <p class='ocr_par' dir='ltr' id='par_1_7' title="bbox 624 835 3884 917">
     <span class='ocr_line' id='line_1_7' title="bbox 624 835 3884 917; baseline -0.003 -21"><span class='ocrx_word' id='word_1_81' title='bbox 624 847 682 896; x_wconf 85' lang='grc' dir='ltr'>τὸ</span> <span class='ocrx_word' id='word_1_82' title='bbox 725 840 946 895; x_wconf 80' lang='grc' dir='ltr'>δυνατὸν</span> <span class='ocrx_word' id='word_1_83' title='bbox 994 843 1172 904; x_wconf 77' lang='grc' dir='ltr'>αὐτοῖς</span> <span class='ocrx_word' id='word_1_84' title='bbox 1211 842 1405 900; x_wconf 77' lang='grc' dir='ltr'>ἐκείνην</span> <span class='ocrx_word' id='word_1_85' title='bbox 1443 844 1792 912; x_wconf 73' lang='grc' dir='ltr'>ἀσπάζονται,</span> <span class='ocrx_word' id='word_1_86' title='bbox 1836 845 1884 895; x_wconf 84' lang='grc' dir='ltr'>οἱ</span> <span class='ocrx_word' id='word_1_87' title='bbox 1923 838 1982 894; x_wconf 66' lang='grc' dir='ltr'>δὲ</span> <span class='ocrx_word' id='word_1_88' title='bbox 2016 846 2085 914; x_wconf 80' lang='grc' dir='ltr'><em>μὴ</em></span> <span class='ocrx_word' id='word_1_89' title='bbox 2123 860 2225 894; x_wconf 60' lang='grc' dir='ltr'>τοι.</span> <span class='ocrx_word' id='word_1_90' title='bbox 2385 850 2475 897; x_wconf 81' lang='grc' dir='ltr'>καὶ</span> <span class='ocrx_word' id='word_1_91' title='bbox 2499 853 2562 917; x_wconf 74' lang='grc' dir='ltr'>τῇ</span> <span class='ocrx_word' id='word_1_92' title='bbox 2594 852 2695 896; x_wconf 84' lang='grc' dir='ltr'>τῶν</span> <span class='ocrx_word' id='word_1_93' title='bbox 2727 852 2895 916; x_wconf 84' lang='grc' dir='ltr'>σοφῶν</span> <span class='ocrx_word' id='word_1_94' title='bbox 2927 846 3177 917; x_wconf 82' lang='grc' dir='ltr'>ἁρέσουσι</span> <span class='ocrx_word' id='word_1_95' title='bbox 3209 846 3410 914; x_wconf 72' lang='grc' dir='ltr'>γνώμῃ,</span> <span class='ocrx_word' id='word_1_96' title='bbox 3441 835 3524 893; x_wconf 81' lang='grc' dir='ltr'>διὸ</span> <span class='ocrx_word' id='word_1_97' title='bbox 3568 843 3652 891; x_wconf 76' lang='grc' dir='ltr'>καὶ</span> <span class='ocrx_word' id='word_1_98' title='bbox 3687 841 3764 894; x_wconf 68' lang='grc' dir='ltr'>τὴν</span> <span class='ocrx_word' id='word_1_99' title='bbox 3805 854 3884 904; x_wconf 68' lang='grc' dir='ltr'>συγ-</span> 
     </span>
    </p>
   </div>
   <div class='ocr_carea' id='block_1_8' title="bbox 626 928 2934 1006">
    <p class='ocr_par' dir='ltr' id='par_1_8' title="bbox 626 928 2934 1006">
     <span class='ocr_line' id='line_1_8' title="bbox 626 928 2934 1006; baseline -0.001 -22"><span class='ocrx_word' id='word_1_100' title='bbox 626 940 771 984; x_wconf 90' lang='grc' dir='ltr'>οῦτοι</span> <span class='ocrx_word' id='word_1_101' title='bbox 812 928 1090 1006; x_wconf 77' lang='grc' dir='ltr'>θηριώδεις</span> <span class='ocrx_word' id='word_1_102' title='bbox 1131 937 1220 984; x_wconf 79' lang='grc' dir='ltr'>καὶ</span> <span class='ocrx_word' id='word_1_103' title='bbox 1259 931 1610 990; x_wconf 79' lang='grc' dir='ltr'>ἀκοινώνητοι.</span> <span class='ocrx_word' id='word_1_104' title='bbox 1651 940 1830 984; x_wconf 81' lang='grc' dir='ltr'>Ταῦτα</span> <span class='ocrx_word' id='word_1_105' title='bbox 1879 936 1970 1004; x_wconf 78' lang='grc' dir='ltr'>μέν</span> <span class='ocrx_word' id='word_1_106' title='bbox 2007 931 2116 1000; x_wconf 82' lang='grc' dir='ltr'>οὖν,</span> <span class='ocrx_word' id='word_1_107' title='bbox 2158 934 2224 992; x_wconf 82' lang='grc' dir='ltr'>ὡς</span> <span class='ocrx_word' id='word_1_108' title='bbox 2386 938 2600 1006; x_wconf 74' lang='grc' dir='ltr'>γνώμην</span> <span class='ocrx_word' id='word_1_109' title='bbox 2632 933 2934 1006; x_wconf 78' lang='grc' dir='ltr'>αἰτούμεθα.</span> 
     </span>
    </p>
   </div>
   <div class='ocr_carea' id='block_1_9' title="bbox 603 1153 3902 1234">
    <p class='ocr_par' dir='ltr' id='par_1_9' title="bbox 603 1153 3902 1234">
     <span class='ocr_line' id='line_1_9' title="bbox 603 1153 3902 1234; baseline -0.003 -15"><span class='ocrx_word' id='word_1_110' title='bbox 603 1163 810 1220; x_wconf 86' lang='lat' dir='ltr'>omnia.</span> <span class='ocrx_word' id='word_1_111' title='bbox 839 1179 854 1229; x_wconf 91' lang='lat'>;</span> <span class='ocrx_word' id='word_1_112' title='bbox 881 1163 1040 1218; x_wconf 90' lang='lat' dir='ltr'>idem</span> <span class='ocrx_word' id='word_1_113' title='bbox 1071 1163 1255 1219; x_wconf 83' lang='lat' dir='ltr'><strong>solvet</strong></span> <span class='ocrx_word' id='word_1_114' title='bbox 1278 1167 1334 1218; x_wconf 91' lang='lat' dir='ltr'>et</span> <span class='ocrx_word' id='word_1_115' title='bbox 1353 1162 1753 1218; x_wconf 88' lang='lat' dir='ltr'>commutabit</span> <span class='ocrx_word' id='word_1_116' title='bbox 1779 1162 1894 1219; x_wconf 90' lang='lat' dir='ltr'>hoc</span> <span class='ocrx_word' id='word_1_117' title='bbox 1917 1162 2258 1220; x_wconf 88' lang='lat' dir='ltr'>universum</span> <span class='ocrx_word' id='word_1_118' title='bbox 2286 1168 2329 1218; x_wconf 84' lang='lat' dir='ltr'><strong>A</strong></span> <span class='ocrx_word' id='word_1_119' title='bbox 2370 1167 2464 1216; x_wconf 85' lang='lat' dir='ltr'>tur</span> <span class='ocrx_word' id='word_1_120' title='bbox 2493 1160 2875 1234; x_wconf 83' lang='lat' dir='ltr'>philosophia</span> <span class='ocrx_word' id='word_1_121' title='bbox 2901 1161 3306 1234; x_wconf 87' lang='lat' dir='ltr'>pulcherrima</span> <span class='ocrx_word' id='word_1_122' title='bbox 3334 1156 3598 1214; x_wconf 90' lang='lat' dir='ltr'>omnium</span> <span class='ocrx_word' id='word_1_123' title='bbox 3633 1153 3902 1210; x_wconf 87' lang='lat' dir='ltr'>communio.</span> 
     </span>
    </p>
   </div>
   <div class='ocr_carea' id='block_1_10' title="bbox 603 1242 3904 1324">
    <p class='ocr_par' dir='ltr' id='par_1_10' title="bbox 603 1242 3904 1324">
     <span class='ocr_line' id='line_1_10' title="bbox 603 1242 3904 1324; baseline -0.004 -16"><span class='ocrx_word' id='word_1_124' title='bbox 603 1253 665 1308; x_wconf 89' lang='lat' dir='ltr'>in</span> <span class='ocrx_word' id='word_1_125' title='bbox 684 1253 897 1308; x_wconf 90' lang='lat' dir='ltr'>melius</span> <span class='ocrx_word' id='word_1_126' title='bbox 927 1252 1139 1308; x_wconf 86' lang='lat' dir='ltr'>eadem</span> <span class='ocrx_word' id='word_1_127' title='bbox 1168 1253 1459 1324; x_wconf 83' lang='lat' dir='ltr'>sapientia</span> <span class='ocrx_word' id='word_1_128' title='bbox 1481 1269 1618 1307; x_wconf 87' lang='lat' dir='ltr'>cum</span> <span class='ocrx_word' id='word_1_129' title='bbox 1662 1253 1836 1308; x_wconf 87' lang='lat' dir='ltr'>volet.</span> <span class='ocrx_word' id='word_1_130' title='bbox 1879 1253 2027 1308; x_wconf 87' lang='lat' dir='ltr'>Cum</span> <span class='ocrx_word' id='word_1_131' title='bbox 2076 1252 2256 1320; x_wconf 78' lang='lat' dir='ltr'>igitur</span> <span class='ocrx_word' id='word_1_132' title='bbox 2363 1258 2417 1307; x_wconf 88' lang='lat' dir='ltr'>et</span> <span class='ocrx_word' id='word_1_133' title='bbox 2437 1251 2788 1307; x_wconf 77' lang='lat' dir='ltr'>eruditionis</span> <span class='ocrx_word' id='word_1_134' title='bbox 2811 1251 3125 1318; x_wconf 91' lang='lat' dir='ltr'>alumni,et</span> <span class='ocrx_word' id='word_1_135' title='bbox 3140 1252 3486 1324; x_wconf 81' lang='lat' dir='ltr'>quicunque</span> <span class='ocrx_word' id='word_1_136' title='bbox 3508 1262 3609 1319; x_wconf 92' lang='lat' dir='ltr'>pro</span> <span class='ocrx_word' id='word_1_137' title='bbox 3631 1244 3812 1299; x_wconf 85' lang='lat' dir='ltr'>viribus</span> <span class='ocrx_word' id='word_1_138' title='bbox 3828 1242 3904 1312; x_wconf 81' lang='lat' dir='ltr'>phi-</span> 
     </span>
    </p>
   </div>
   <div class='ocr_carea' id='block_1_11' title="bbox 604 1329 3906 1414">
    <p class='ocr_par' dir='ltr' id='par_1_11' title="bbox 604 1329 3906 1414">
     <span class='ocr_line' id='line_1_11' title="bbox 604 1329 3906 1414; baseline -0.004 -18"><span class='ocrx_word' id='word_1_139' title='bbox 604 1341 734 1396; x_wconf 64' lang='lat' dir='ltr'>haec</span> <span class='ocrx_word' id='word_1_140' title='bbox 778 1345 836 1396; x_wconf 92' lang='lat' dir='ltr'>et</span> <span class='ocrx_word' id='word_1_141' title='bbox 883 1340 974 1395; x_wconf 87' lang='lat' dir='ltr'>his</span> <span class='ocrx_word' id='word_1_142' title='bbox 1028 1340 1200 1412; x_wconf 89' lang='lat' dir='ltr'>plura</span> <span class='ocrx_word' id='word_1_143' title='bbox 1247 1357 1358 1396; x_wconf 92' lang='lat' dir='ltr'>nos</span> <span class='ocrx_word' id='word_1_144' title='bbox 1398 1341 2033 1405; x_wconf 86' lang='lat' dir='ltr'>animadverteremus,</span> <span class='ocrx_word' id='word_1_145' title='bbox 2077 1346 2255 1413; x_wconf 89' lang='lat' dir='ltr'>atque</span> <span class='ocrx_word' id='word_1_146' title='bbox 2363 1340 2702 1414; x_wconf 87' lang='lat' dir='ltr'>losophiam</span> <span class='ocrx_word' id='word_1_147' title='bbox 2729 1341 3188 1412; x_wconf 88' lang='lat' dir='ltr'>amplectuntur,</span> <span class='ocrx_word' id='word_1_148' title='bbox 3210 1337 3600 1413; x_wconf 88' lang='lat' dir='ltr'>pulcherrime</span> <span class='ocrx_word' id='word_1_149' title='bbox 3632 1329 3906 1390; x_wconf 86' lang='lat' dir='ltr'>omniumin-</span> 
     </span>
    </p>
   </div>
   <div class='ocr_carea' id='block_1_12' title="bbox 607 1422 3910 1500">
    <p class='ocr_par' dir='ltr' id='par_1_12' title="bbox 607 1422 3910 1500">
     <span class='ocr_line' id='line_1_12' title="bbox 607 1422 3910 1500; baseline -0.005 -13"><span class='ocrx_word' id='word_1_150' title='bbox 607 1430 758 1486; x_wconf 83' lang='lat' dir='ltr'>adeo</span> <span class='ocrx_word' id='word_1_151' title='bbox 781 1429 988 1484; x_wconf 84' lang='lat' dir='ltr'>omnia</span> <span class='ocrx_word' id='word_1_152' title='bbox 1017 1428 1482 1497; x_wconf 68' lang='lat' dir='ltr'>intelligeremus</span> <span class='ocrx_word' id='word_1_153' title='bbox 1530 1445 1565 1484; x_wconf 90' lang='lat' dir='ltr'>a</span> <span class='ocrx_word' id='word_1_154' title='bbox 1607 1429 1961 1500; x_wconf 74' lang='lat' dir='ltr'>praepotenti</span> <span class='ocrx_word' id='word_1_155' title='bbox 2007 1431 2258 1486; x_wconf 84' lang='lat' dir='ltr'>Numine</span> <span class='ocrx_word' id='word_1_156' title='bbox 2366 1435 2451 1485; x_wconf 86' lang='lat' dir='ltr'>ter</span> <span class='ocrx_word' id='word_1_157' title='bbox 2512 1444 2574 1483; x_wconf 91' lang='lat' dir='ltr'>se</span> <span class='ocrx_word' id='word_1_158' title='bbox 2618 1430 3091 1487; x_wconf 88' lang='lat' dir='ltr'>communicant.</span> <span class='ocrx_word' id='word_1_159' title='bbox 3127 1427 3297 1491; x_wconf 88' lang='lat' dir='ltr'>Quod</span> <span class='ocrx_word' id='word_1_160' title='bbox 3358 1428 3407 1481; x_wconf 92' lang='lat' dir='ltr'>si</span> <span class='ocrx_word' id='word_1_161' title='bbox 3468 1422 3640 1497; x_wconf 87' lang='lat' dir='ltr'>aliqui</span> <span class='ocrx_word' id='word_1_162' title='bbox 3684 1437 3781 1476; x_wconf 89' lang='lat' dir='ltr'>non</span> <span class='ocrx_word' id='word_1_163' title='bbox 3818 1422 3910 1472; x_wconf 81' lang='lat' dir='ltr'>tales</span> 
     </span>
    </p>
   </div>
   <div class='ocr_carea' id='block_1_13' title="bbox 607 1507 3908 1590">
    <p class='ocr_par' dir='ltr' id='par_1_13' title="bbox 607 1507 3908 1590">
     <span class='ocr_line' id='line_1_13' title="bbox 607 1507 3908 1590; baseline 0.001 -18"><span class='ocrx_word' id='word_1_164' title='bbox 607 1533 715 1590; x_wconf 89' lang='lat' dir='ltr'>per</span> <span class='ocrx_word' id='word_1_165' title='bbox 739 1517 1096 1588; x_wconf 77' lang='lat' dir='ltr'>sapientiam</span> <span class='ocrx_word' id='word_1_166' title='bbox 1125 1532 1253 1571; x_wconf 90' lang='lat' dir='ltr'>esse</span> <span class='ocrx_word' id='word_1_167' title='bbox 1281 1517 1572 1573; x_wconf 81' lang='lat' dir='ltr'>fabricata</span> <span class='ocrx_word' id='word_1_168' title='bbox 1604 1532 1836 1588; x_wconf 89' lang='lat' dir='ltr'>:neque</span> <span class='ocrx_word' id='word_1_169' title='bbox 1877 1516 1994 1573; x_wconf 80' lang='lat' dir='ltr'>alia</span> <span class='ocrx_word' id='word_1_170' title='bbox 2029 1518 2260 1574; x_wconf 83' lang='lat' dir='ltr'>ratione</span> <span class='ocrx_word' id='word_1_171' title='bbox 2366 1517 2760 1590; x_wconf 87' lang='lat' dir='ltr'>reperiuntur,</span> <span class='ocrx_word' id='word_1_172' title='bbox 2809 1515 2915 1573; x_wconf 81' lang='lat' dir='ltr'>feri</span> <span class='ocrx_word' id='word_1_173' title='bbox 2965 1523 3104 1577; x_wconf 90' lang='lat' dir='ltr'>sunt</span> <span class='ocrx_word' id='word_1_174' title='bbox 3147 1523 3200 1574; x_wconf 86' lang='lat' dir='ltr'>et</span> <span class='ocrx_word' id='word_1_175' title='bbox 3268 1511 3600 1572; x_wconf 85' lang='lat' dir='ltr'>inhumani.</span> <span class='ocrx_word' id='word_1_176' title='bbox 3637 1513 3744 1566; x_wconf 80' lang='lat' dir='ltr'>Haec</span> <span class='ocrx_word' id='word_1_177' title='bbox 3793 1507 3908 1575; x_wconf 69' lang='grc' dir='ltr'>ἱὲίίυτ</span> 
     </span>
    </p>
   </div>
   <div class='ocr_carea' id='block_1_14' title="bbox 609 1599 3914 1682">
    <p class='ocr_par' dir='ltr' id='par_1_14' title="bbox 609 1599 3914 1682">
     <span class='ocr_line' id='line_1_14' title="bbox 609 1599 3914 1682; baseline -0.005 -20"><span class='ocrx_word' id='word_1_178' title='bbox 609 1606 840 1662; x_wconf 89' lang='lat' dir='ltr'>bonum</span> <span class='ocrx_word' id='word_1_179' title='bbox 883 1606 946 1661; x_wconf 89' lang='lat' dir='ltr'>in</span> <span class='ocrx_word' id='word_1_180' title='bbox 997 1606 1177 1682; x_wconf 82' lang='lat' dir='ltr'>rebus</span> <span class='ocrx_word' id='word_1_181' title='bbox 1216 1622 1368 1670; x_wconf 86' lang='lat' dir='ltr'>esse,</span> <span class='ocrx_word' id='word_1_182' title='bbox 1406 1622 1592 1677; x_wconf 89' lang='lat' dir='ltr'>quam</span> <span class='ocrx_word' id='word_1_183' title='bbox 1635 1621 1742 1678; x_wconf 89' lang='lat' dir='ltr'>per</span> <span class='ocrx_word' id='word_1_184' title='bbox 1799 1606 2155 1678; x_wconf 84' lang='lat' dir='ltr'>sapientiam</span> <span class='ocrx_word' id='word_1_185' title='bbox 2205 1613 2263 1664; x_wconf 88' lang='lat' dir='ltr'>et</span> <span class='ocrx_word' id='word_1_186' title='bbox 2368 1610 2546 1680; x_wconf 84' lang='lat' dir='ltr'>prout</span> <span class='ocrx_word' id='word_1_187' title='bbox 2575 1605 2975 1664; x_wconf 80' lang='lat' dir='ltr'>intelleximus</span> <span class='ocrx_word' id='word_1_188' title='bbox 3000 1606 3221 1680; x_wconf 87' lang='lat' dir='ltr'>scripta</span> <span class='ocrx_word' id='word_1_189' title='bbox 3249 1609 3390 1662; x_wconf 91' lang='lat' dir='ltr'>sunt</span> <span class='ocrx_word' id='word_1_190' title='bbox 3421 1621 3457 1658; x_wconf 88' lang='lat' dir='ltr'>a</span> <span class='ocrx_word' id='word_1_191' title='bbox 3485 1599 3664 1657; x_wconf 90' lang='lat' dir='ltr'>nobis.</span> <span class='ocrx_word' id='word_1_192' title='bbox 3689 1600 3914 1682; x_wconf 67' lang='lat' dir='ltr'>Hortamur</span> 
     </span>
    </p>
   </div>
   <div class='ocr_carea' id='block_1_15' title="bbox 611 1679 3914 1767">
    <p class='ocr_par' dir='ltr' id='par_1_15' title="bbox 611 1679 3914 1767">
     <span class='ocr_line' id='line_1_15' title="bbox 611 1679 3914 1767; baseline -0.004 -17"><span class='ocrx_word' id='word_1_193' title='bbox 611 1693 1024 1760; x_wconf 89' lang='lat' dir='ltr'>scientiam,in</span> <span class='ocrx_word' id='word_1_194' title='bbox 1043 1679 1297 1767; x_wconf 82' lang='lat' dir='ltr'>utraque</span> <span class='ocrx_word' id='word_1_195' title='bbox 1319 1694 1694 1766; x_wconf 84' lang='lat' dir='ltr'>acquiescere</span> <span class='ocrx_word' id='word_1_196' title='bbox 1715 1693 2263 1764; x_wconf 88' lang='lat' dir='ltr'>voluimus,etcum</span> <span class='ocrx_word' id='word_1_197' title='bbox 2370 1699 2572 1750; x_wconf 87' lang='lat' dir='ltr'>autem</span> <span class='ocrx_word' id='word_1_198' title='bbox 2603 1709 2816 1750; x_wconf 89' lang='lat' dir='ltr'>omnes</span> <span class='ocrx_word' id='word_1_199' title='bbox 2850 1700 2916 1750; x_wconf 87' lang='lat' dir='ltr'>ut</span> <span class='ocrx_word' id='word_1_200' title='bbox 2947 1679 3194 1751; x_wconf 83' lang='lat' dir='ltr'>meliora</span> <span class='ocrx_word' id='word_1_201' title='bbox 3218 1693 3468 1767; x_wconf 87' lang='lat' dir='ltr'>quidem</span> <span class='ocrx_word' id='word_1_202' title='bbox 3492 1690 3581 1746; x_wconf 91' lang='lat' dir='ltr'>his</span> <span class='ocrx_word' id='word_1_203' title='bbox 3609 1687 3815 1748; x_wconf 78' lang='lat' dir='ltr'>discant,</span> <span class='ocrx_word' id='word_1_204' title='bbox 3852 1679 3914 1734; x_wconf 77' lang='lat' dir='ltr'>sed</span> 
     </span>
    </p>
   </div>
   <div class='ocr_carea' id='block_1_16' title="bbox 610 1767 3919 1858">
    <p class='ocr_par' dir='ltr' id='par_1_16' title="bbox 610 1767 3919 1858">
     <span class='ocr_line' id='line_1_16' title="bbox 610 1767 3919 1858; baseline -0.005 -20"><span class='ocrx_word' id='word_1_205' title='bbox 610 1782 673 1839; x_wconf 88' lang='lat' dir='ltr'>in</span> <span class='ocrx_word' id='word_1_206' title='bbox 702 1785 956 1854; x_wconf 88' lang='lat' dir='ltr'>utraque</span> <span class='ocrx_word' id='word_1_207' title='bbox 985 1784 1360 1858; x_wconf 86' lang='lat' dir='ltr'>acquiescere</span> <span class='ocrx_word' id='word_1_208' title='bbox 1399 1781 1711 1842; x_wconf 90' lang='lat' dir='ltr'>vellemus,</span> <span class='ocrx_word' id='word_1_209' title='bbox 1752 1782 2262 1852; x_wconf 79' lang='lat' dir='ltr'>investigavimus.</span> <span class='ocrx_word' id='word_1_210' title='bbox 2373 1771 2580 1856; x_wconf 87' lang='lat' dir='ltr'>pejora</span> <span class='ocrx_word' id='word_1_211' title='bbox 2611 1782 2806 1838; x_wconf 82' lang='lat' dir='ltr'>vitent.</span> <span class='ocrx_word' id='word_1_212' title='bbox 2840 1781 3165 1856; x_wconf 89' lang='lat' dir='ltr'>Postquam</span> <span class='ocrx_word' id='word_1_213' title='bbox 3194 1799 3334 1839; x_wconf 86' lang='lat' dir='ltr'>vero</span> <span class='ocrx_word' id='word_1_214' title='bbox 3357 1781 3437 1838; x_wconf 86' lang='lat' dir='ltr'>ab</span> <span class='ocrx_word' id='word_1_215' title='bbox 3468 1781 3578 1835; x_wconf 89' lang='lat' dir='ltr'>hac</span> <span class='ocrx_word' id='word_1_216' title='bbox 3595 1791 3747 1832; x_wconf 86' lang='lat' dir='ltr'>carne</span> <span class='ocrx_word' id='word_1_217' title='bbox 3761 1767 3919 1827; x_wconf 83' lang='lat' dir='ltr'>liberati</span> 
     </span>
    </p>
   </div>
   <div class='ocr_carea' id='block_1_17' title="bbox 609 1858 3920 1950">
    <p class='ocr_par' dir='ltr' id='par_1_17' title="bbox 609 1858 3920 1950">
     <span class='ocr_line' id='line_1_17' title="bbox 609 1858 3920 1950; baseline -0.004 -24"><span class='ocrx_word' id='word_1_218' title='bbox 609 1871 1028 1938; x_wconf 84' lang='lat' dir='ltr'>investigatam</span> <span class='ocrx_word' id='word_1_219' title='bbox 1057 1878 1374 1945; x_wconf 89' lang='lat' dir='ltr'>utramque</span> <span class='ocrx_word' id='word_1_220' title='bbox 1393 1872 1746 1944; x_wconf 89' lang='lat' dir='ltr'>reperimus,</span> <span class='ocrx_word' id='word_1_221' title='bbox 1771 1874 2002 1946; x_wconf 89' lang='lat' dir='ltr'>utrique</span> <span class='ocrx_word' id='word_1_222' title='bbox 2020 1879 2266 1950; x_wconf 66' lang='lat' dir='ltr'>reperta:</span> <span class='ocrx_word' id='word_1_223' title='bbox 2374 1871 2682 1931; x_wconf 87' lang='lat' dir='ltr'>fuerimus,</span> <span class='ocrx_word' id='word_1_224' title='bbox 2705 1870 2960 1943; x_wconf 83' lang='lat' dir='ltr'>perfecte</span> <span class='ocrx_word' id='word_1_225' title='bbox 2974 1861 3414 1942; x_wconf 86' lang='lat' dir='ltr'>cognoscemus</span> <span class='ocrx_word' id='word_1_226' title='bbox 3433 1885 3509 1924; x_wconf 87' lang='lat' dir='ltr'>an</span> <span class='ocrx_word' id='word_1_227' title='bbox 3532 1860 3846 1939; x_wconf 84' lang='lat' dir='ltr'>philosophia</span> <span class='ocrx_word' id='word_1_228' title='bbox 3876 1858 3920 1909; x_wconf 73' lang='lat' dir='ltr'>sit</span> 
     </span>
    </p>
   </div>
   <div class='ocr_carea' id='block_1_18' title="bbox 614 1950 3921 2034">
    <p class='ocr_par' dir='ltr' id='par_1_18' title="bbox 614 1950 3921 2034">
     <span class='ocr_line' id='line_1_18' title="bbox 614 1950 3921 2034; baseline -0.003 -20"><span class='ocrx_word' id='word_1_229' title='bbox 614 1960 675 2031; x_wconf 87' lang='grc' dir='ltr'>(ο</span> <span class='ocrx_word' id='word_1_230' title='bbox 702 1959 1119 2016; x_wconf 87' lang='lat' dir='ltr'>admirabilem</span> <span class='ocrx_word' id='word_1_231' title='bbox 1142 1962 1497 2018; x_wconf 79' lang='lat' dir='ltr'>suavitatem</span> <span class='ocrx_word' id='word_1_232' title='bbox 1522 1961 1555 2025; x_wconf 92' lang='lat'>!)</span> <span class='ocrx_word' id='word_1_233' title='bbox 1587 1966 1740 2016; x_wconf 88' lang='lat' dir='ltr'>totos</span> <span class='ocrx_word' id='word_1_234' title='bbox 1764 1977 1876 2016; x_wconf 89' lang='lat' dir='ltr'>nos</span> <span class='ocrx_word' id='word_1_235' title='bbox 1908 1963 2184 2018; x_wconf 89' lang='lat' dir='ltr'>dedimus</span> <span class='ocrx_word' id='word_1_236' title='bbox 2213 1967 2271 2018; x_wconf 91' lang='lat' dir='ltr'>et</span> <span class='ocrx_word' id='word_1_237' title='bbox 2374 1957 2712 2034; x_wconf 89' lang='lat' dir='ltr'>insipientia</span> <span class='ocrx_word' id='word_1_238' title='bbox 2724 1961 3122 2031; x_wconf 63' lang='lat' dir='ltr'>praestantior.</span> <span class='ocrx_word' id='word_1_239' title='bbox 3141 1963 3306 2016; x_wconf 86' lang='lat' dir='ltr'>Nunc</span> <span class='ocrx_word' id='word_1_240' title='bbox 3328 1974 3470 2014; x_wconf 86' lang='lat' dir='ltr'>vero</span> <span class='ocrx_word' id='word_1_241' title='bbox 3488 1951 3794 2026; x_wconf 81' lang='lat' dir='ltr'>scripsimus</span> <span class='ocrx_word' id='word_1_242' title='bbox 3807 1950 3921 2018; x_wconf 73' lang='lat' dir='ltr'>prout</span> 
     </span>
    </p>
   </div>
   <div class='ocr_carea' id='block_1_19' title="bbox 615 2036 3921 2123">
    <p class='ocr_par' dir='ltr' id='par_1_19' title="bbox 615 2036 3921 2123">
     <span class='ocr_line' id='line_1_19' title="bbox 615 2036 3921 2123; baseline -0.005 -19"><span class='ocrx_word' id='word_1_243' title='bbox 615 2046 1026 2118; x_wconf 74' lang='lat' dir='ltr'>adjunxxmus.</span> <span class='ocrx_word' id='word_1_244' title='bbox 1056 2066 1252 2123; x_wconf 87' lang='lat' dir='ltr'>neque</span> <span class='ocrx_word' id='word_1_245' title='bbox 1284 2066 1552 2123; x_wconf 87' lang='lat' dir='ltr'>unquam</span> <span class='ocrx_word' id='word_1_246' title='bbox 1583 2049 1660 2105; x_wconf 91' lang='lat' dir='ltr'>ab</span> <span class='ocrx_word' id='word_1_247' title='bbox 1688 2057 1937 2122; x_wconf 86' lang='lat' dir='ltr'>utraque</span> <span class='ocrx_word' id='word_1_248' title='bbox 1968 2051 2270 2122; x_wconf 81' lang='lat' dir='ltr'>disjunge-</span> <span class='ocrx_word' id='word_1_249' title='bbox 2378 2049 2685 2118; x_wconf 80' lang='lat' dir='ltr'>cognitum</span> <span class='ocrx_word' id='word_1_250' title='bbox 2715 2046 3066 2112; x_wconf 84' lang='lat' dir='ltr'>habuimus.</span> <span class='ocrx_word' id='word_1_251' title='bbox 3094 2051 3142 2105; x_wconf 89' lang='lat' dir='ltr'>si</span> <span class='ocrx_word' id='word_1_252' title='bbox 3167 2049 3317 2105; x_wconf 89' lang='lat' dir='ltr'>forte</span> <span class='ocrx_word' id='word_1_253' title='bbox 3347 2043 3702 2122; x_wconf 85' lang='lat' dir='ltr'>sapientibus</span> <span class='ocrx_word' id='word_1_254' title='bbox 3742 2036 3921 2104; x_wconf 75' lang='lat' dir='ltr'>cogitata</span> 
     </span>
    </p>
   </div>
   <div class='ocr_carea' id='block_1_20' title="bbox 615 2136 3918 2216">
    <p class='ocr_par' dir='ltr' id='par_1_20' title="bbox 615 2136 3918 2216">
     <span class='ocr_line' id='line_1_20' title="bbox 615 2136 3918 2216; baseline 0.001 -25"><span class='ocrx_word' id='word_1_255' title='bbox 615 2151 773 2204; x_wconf 87' lang='lat' dir='ltr'>mur,</span> <span class='ocrx_word' id='word_1_256' title='bbox 802 2137 912 2192; x_wconf 87' lang='lat' dir='ltr'>nisi</span> <span class='ocrx_word' id='word_1_257' title='bbox 938 2138 1086 2195; x_wconf 85' lang='lat' dir='ltr'>forte</span> <span class='ocrx_word' id='word_1_258' title='bbox 1117 2156 1154 2196; x_wconf 91' lang='lat' dir='ltr'>a</span> <span class='ocrx_word' id='word_1_259' title='bbox 1175 2141 1389 2212; x_wconf 84' lang='lat' dir='ltr'>pietate</span> <span class='ocrx_word' id='word_1_260' title='bbox 1411 2137 1674 2210; x_wconf 83' lang='lat' dir='ltr'>disjungi</span> <span class='ocrx_word' id='word_1_261' title='bbox 1699 2139 2021 2210; x_wconf 87' lang='lat' dir='ltr'>possimus.</span> <span class='ocrx_word' id='word_1_262' title='bbox 2041 2143 2141 2198; x_wconf 83' lang='lat' dir='ltr'>Est</span> <span class='ocrx_word' id='word_1_263' title='bbox 2161 2141 2270 2216; x_wconf 74' lang='lat' dir='ltr'>igi-</span> <span class='ocrx_word' id='word_1_264' title='bbox 2381 2143 2588 2198; x_wconf 86' lang='lat' dir='ltr'>nostra</span> <span class='ocrx_word' id='word_1_265' title='bbox 2600 2136 2834 2209; x_wconf 91' lang='lat' dir='ltr'>placere</span> <span class='ocrx_word' id='word_1_266' title='bbox 2848 2151 3339 2216; x_wconf 79' lang='lat' dir='ltr'>possent,idcirco</span> <span class='ocrx_word' id='word_1_267' title='bbox 3358 2145 3596 2204; x_wconf 83' lang='lat' dir='ltr'>veniam</span> <span class='ocrx_word' id='word_1_268' title='bbox 3607 2137 3918 2208; x_wconf 53' lang='lat' dir='ltr'>deprecatum</span> 
     </span>
    </p>
   </div>
  </div>
