  <div class='ocr_page' id='page_1' title='image "/cluster/home/n/w/nwhite01/storage/ocr_20150623/140/mdp.39015022213980/709.png"; bbox 0 0 4064 6308; ppageno 0'>
   <div class='ocr_carea' id='block_1_1' title="bbox 545 291 2150 354">
    <p class='ocr_par' dir='ltr' id='par_1_1' title="bbox 545 291 2150 354">
     <span class='ocr_line' id='line_1_1' title="bbox 545 291 2150 354; baseline -0.002 -1"><span class='ocrx_word' id='word_1_1' title='bbox 545 296 682 354; x_wconf 81' lang='grc'>1399</span> <span class='ocrx_word' id='word_1_2' title='bbox 1876 291 2150 350; x_wconf 78' lang='lat' dir='ltr'><strong><em>NICEPRt</em></strong></span> 
     </span>
    </p>
   </div>
   <div class='ocr_carea' id='block_1_2' title="bbox 2294 291 3899 354">
    <p class='ocr_par' dir='ltr' id='par_1_2' title="bbox 2296 291 3899 350">
     <span class='ocr_line' id='line_1_2' title="bbox 2296 291 3899 350; baseline 0.001 -1"><span class='ocrx_word' id='word_1_3' title='bbox 2296 291 2584 349; x_wconf 83' lang='lat' dir='ltr'><strong><em>CHUMNI.</em></strong></span> <span class='ocrx_word' id='word_1_4' title='bbox 3779 295 3899 350; x_wconf 71' lang='grc'><strong><em>1400</em></strong></span> 
     </span>
    </p>
   </div>
   <div class='ocr_carea' id='block_1_3' title="bbox 545 413 3900 492">
    <p class='ocr_par' dir='ltr' id='par_1_3' title="bbox 545 413 3900 492">
     <span class='ocr_line' id='line_1_3' title="bbox 545 413 3900 492; baseline -0.001 -13"><span class='ocrx_word' id='word_1_5' title='bbox 545 424 740 492; x_wconf 81' lang='lat' dir='ltr'><strong><em>sertus</em></strong></span> <span class='ocrx_word' id='word_1_6' title='bbox 769 416 1028 492; x_wconf 77' lang='lat' dir='ltr'><strong><em>decimus</em></strong></span> <span class='ocrx_word' id='word_1_7' title='bbox 1049 416 1154 492; x_wconf 86' lang='lat' dir='ltr'><strong><em>(a),</em></strong></span> <span class='ocrx_word' id='word_1_8' title='bbox 1182 418 1356 492; x_wconf 69' lang='lat' dir='ltr'><strong><em>Apud</em></strong></span> <span class='ocrx_word' id='word_1_9' title='bbox 1383 417 1690 492; x_wconf 81' lang='lat' dir='ltr'><strong><em>Labbeum</em></strong></span> <span class='ocrx_word' id='word_1_10' title='bbox 1721 417 2225 492; x_wconf 62' lang='lat' dir='ltr'><strong><em>pag.__295._Bibl.</em></strong></span> <span class='ocrx_word' id='word_1_11' title='bbox 2253 433 2420 492; x_wconf 67' lang='lat' dir='ltr'><strong><em>novae</em></strong></span> <span class='ocrx_word' id='word_1_12' title='bbox 2445 431 2580 492; x_wconf 70' lang='lat' dir='ltr'><strong><em>mss.</em></strong></span> <span class='ocrx_word' id='word_1_13' title='bbox 2613 429 2724 492; x_wconf 82' lang='lat' dir='ltr'><strong><em>pro</em></strong></span> <span class='ocrx_word' id='word_1_14' title='bbox 2749 413 3124 492; x_wconf 25' lang='lat' dir='ltr'><strong><em>Nathan‘eelis</em></strong></span> <span class='ocrx_word' id='word_1_15' title='bbox 3147 416 3448 492; x_wconf 81' lang='lat' dir='ltr'><strong><em>Chrommi</em></strong></span> <span class='ocrx_word' id='word_1_16' title='bbox 3468 416 3724 492; x_wconf 80' lang='lat' dir='ltr'><strong><em>nomine</em></strong></span> <span class='ocrx_word' id='word_1_17' title='bbox 3750 434 3900 492; x_wconf 76' lang='lat' dir='ltr'><strong><em>repo-</em></strong></span> 
     </span>
    </p>
   </div>
   <div class='ocr_carea' id='block_1_4' title="bbox 547 487 3901 574">
    <p class='ocr_par' dir='ltr' id='par_1_4' title="bbox 547 487 3901 574">
     <span class='ocr_line' id='line_1_4' title="bbox 547 487 3901 574; baseline -0.001 -27"><span class='ocrx_word' id='word_1_18' title='bbox 547 491 774 574; x_wconf 72' lang='lat' dir='ltr'><strong><em>nedum</em></strong></span> <span class='ocrx_word' id='word_1_19' title='bbox 810 487 1067 574; x_wconf 68' lang='lat' dir='ltr'><strong><em>Chumni</em></strong></span> <span class='ocrx_word' id='word_1_20' title='bbox 1091 487 1193 546; x_wconf 85' lang='lat' dir='ltr'><strong><em>ubi</em></strong></span> <span class='ocrx_word' id='word_1_21' title='bbox 1214 487 1334 574; x_wconf 41' lang='lat' dir='ltr'><strong><em>.hos</em></strong></span> <span class='ocrx_word' id='word_1_22' title='bbox 1365 487 1795 574; x_wconf 56' lang='lat' dir='ltr'><strong><em>opusculorum</em></strong></span> <span class='ocrx_word' id='word_1_23' title='bbox 1815 487 1988 574; x_wconf 65' lang='lat' dir='ltr'><strong><em>illius</em></strong></span> <span class='ocrx_word' id='word_1_24' title='bbox 2015 488 2216 574; x_wconf 79' lang='lat' dir='ltr'><strong><em>titulos</em></strong></span> <span class='ocrx_word' id='word_1_25' title='bbox 2241 488 2416 572; x_wconf 82' lang='lat' dir='ltr'><strong><em>refert</em></strong></span> <span class='ocrx_word' id='word_1_26' title='bbox 2449 507 2461 544; x_wconf 91' lang='lat'><strong>:</strong></span> <span class='ocrx_word' id='word_1_27' title='bbox 2496 489 2581 574; x_wconf 64' lang='lat' dir='ltr'><strong><em>pe</em></strong></span> <span class='ocrx_word' id='word_1_28' title='bbox 2605 487 2820 556; x_wconf 84' lang='lat' dir='ltr'><strong><em>primis</em></strong></span> <span class='ocrx_word' id='word_1_29' title='bbox 2855 494 2908 544; x_wconf 89' lang='lat' dir='ltr'><strong><em>et</em></strong></span> <span class='ocrx_word' id='word_1_30' title='bbox 2933 487 3302 574; x_wconf 71' lang='lat' dir='ltr'><strong><em>simplicibus</em></strong></span> <span class='ocrx_word' id='word_1_31' title='bbox 3329 491 3710 574; x_wconf 76' lang='lat' dir='ltr'><strong><em>corporibus.</em></strong></span> <span class='ocrx_word' id='word_1_32' title='bbox 3753 487 3901 574; x_wconf 71' lang='lat' dir='ltr'><strong><em>_Ni}zil</em></strong></span> 
     </span>
    </p>
   </div>
   <div class='ocr_carea' id='block_1_5' title="bbox 549 562 3904 633">
    <p class='ocr_par' dir='ltr' id='par_1_5' title="bbox 549 562 3904 633">
     <span class='ocr_line' id='line_1_5' title="bbox 549 562 3904 633; baseline -0 -14"><span class='ocrx_word' id='word_1_33' title='bbox 549 563 802 632; x_wconf 78' lang='lat' dir='ltr'><strong><em>inferius</em></strong></span> <span class='ocrx_word' id='word_1_34' title='bbox 831 566 1014 627; x_wconf 86' lang='lat' dir='ltr'><strong><em>terra,</em></strong></span> <span class='ocrx_word' id='word_1_35' title='bbox 1047 576 1179 617; x_wconf 86' lang='lat' dir='ltr'><strong><em>cum</em></strong></span> <span class='ocrx_word' id='word_1_36' title='bbox 1201 563 1332 631; x_wconf 89' lang='lat' dir='ltr'><strong><em>ipsa</em></strong></span> <span class='ocrx_word' id='word_1_37' title='bbox 1369 562 1446 618; x_wconf 99' lang='lat' dir='ltr'><strong><em>sit</em></strong></span> <span class='ocrx_word' id='word_1_38' title='bbox 1492 564 1554 618; x_wconf 87' lang='lat' dir='ltr'><strong><em>in</em></strong></span> <span class='ocrx_word' id='word_1_39' title='bbox 1598 562 1811 618; x_wconf 90' lang='lat' dir='ltr'><strong><em>medio.</em></strong></span> <span class='ocrx_word' id='word_1_40' title='bbox 1843 562 2044 632; x_wconf 85' lang='lat' dir='ltr'><strong><em>Neque</em></strong></span> <span class='ocrx_word' id='word_1_41' title='bbox 2071 563 2388 633; x_wconf 79' lang='lat' dir='ltr'><strong><em>materiam</em></strong></span> <span class='ocrx_word' id='word_1_42' title='bbox 2419 566 2562 633; x_wconf 86' lang='lat' dir='ltr'><strong><em>ante</em></strong></span> <span class='ocrx_word' id='word_1_43' title='bbox 2600 573 2877 633; x_wconf 86' lang='lat' dir='ltr'><strong><em>corpora,</em></strong></span> <span class='ocrx_word' id='word_1_44' title='bbox 2908 575 3098 631; x_wconf 84' lang='lat' dir='ltr'><strong><em>neque</em></strong></span> <span class='ocrx_word' id='word_1_45' title='bbox 3119 562 3336 630; x_wconf 80' lang='lat' dir='ltr'><strong><em>species</em></strong></span> <span class='ocrx_word' id='word_1_46' title='bbox 3356 562 3476 617; x_wconf 84' lang='lat' dir='ltr'><strong><em>sive</em></strong></span> <span class='ocrx_word' id='word_1_47' title='bbox 3505 562 3674 618; x_wconf 88' lang='lat' dir='ltr'><strong><em>ideas</em></strong></span> <span class='ocrx_word' id='word_1_48' title='bbox 3698 563 3904 633; x_wconf 81' lang='lat' dir='ltr'><strong><em>absque</em></strong></span> 
     </span>
    </p>
   </div>
   <div class='ocr_carea' id='block_1_6' title="bbox 553 632 3907 703">
    <p class='ocr_par' dir='ltr' id='par_1_6' title="bbox 553 632 3907 703">
     <span class='ocr_line' id='line_1_6' title="bbox 553 632 3907 703; baseline -0.001 -12"><span class='ocrx_word' id='word_1_49' title='bbox 553 633 920 702; x_wconf 80' lang='lat' dir='ltr'><strong><em>corporibus,</em></strong></span> <span class='ocrx_word' id='word_1_50' title='bbox 967 633 1070 689; x_wconf 91' lang='lat' dir='ltr'><strong><em>sed</em></strong></span> <span class='ocrx_word' id='word_1_51' title='bbox 1128 635 1323 690; x_wconf 80' lang='lat' dir='ltr'><strong><em>omnia</em></strong></span> <span class='ocrx_word' id='word_1_52' title='bbox 1371 635 1576 690; x_wconf 91' lang='lat' dir='ltr'><strong><em>simul.</em></strong></span> <span class='ocrx_word' id='word_1_53' title='bbox 1637 633 2085 688; x_wconf 86' lang='lat' dir='ltr'><strong><em>Antirrheticus</em></strong></span> <span class='ocrx_word' id='word_1_54' title='bbox 2142 632 2430 688; x_wconf 86' lang='lat' dir='ltr'><strong><em>adversus</em></strong></span> <span class='ocrx_word' id='word_1_55' title='bbox 2491 632 2802 687; x_wconf 87' lang='lat' dir='ltr'><strong><em>Plotinum</em></strong></span> <span class='ocrx_word' id='word_1_56' title='bbox 2855 647 2869 696; x_wconf 88' lang='lat'><strong>;</strong></span> <span class='ocrx_word' id='word_1_57' title='bbox 2939 633 3173 703; x_wconf 83' lang='lat' dir='ltr'><strong><em>animos</em></strong></span> <span class='ocrx_word' id='word_1_58' title='bbox 3228 649 3346 688; x_wconf 90' lang='lat' dir='ltr'><strong><em>non</em></strong></span> <span class='ocrx_word' id='word_1_59' title='bbox 3399 634 3577 703; x_wconf 84' lang='lat' dir='ltr'><strong><em>prius</em></strong></span> <span class='ocrx_word' id='word_1_60' title='bbox 3637 632 3907 689; x_wconf 69' lang='lat' dir='ltr'><strong><em>exsistere</em></strong></span> 
     </span>
    </p>
   </div>
   <div class='ocr_carea' id='block_1_7' title="bbox 552 701 3909 782">
    <p class='ocr_par' dir='ltr' id='par_1_7' title="bbox 552 701 3909 782">
     <span class='ocr_line' id='line_1_7' title="bbox 552 701 3909 782; baseline -0 -22"><span class='ocrx_word' id='word_1_61' title='bbox 552 701 734 782; x_wconf 78' lang='lat' dir='ltr'><strong><em>quam</em></strong></span> <span class='ocrx_word' id='word_1_62' title='bbox 781 718 1054 773; x_wconf 89' lang='lat' dir='ltr'><strong><em>corpora.</em></strong></span> <span class='ocrx_word' id='word_1_63' title='bbox 1107 706 1192 761; x_wconf 90' lang='lat' dir='ltr'><strong><em>De</em></strong></span> <span class='ocrx_word' id='word_1_64' title='bbox 1241 705 1440 761; x_wconf 87' lang='lat' dir='ltr'><strong><em>anima</em></strong></span> <span class='ocrx_word' id='word_1_65' title='bbox 1493 706 1791 782; x_wconf 75' lang='lat' dir='ltr'><strong><em>nutritiva</em></strong></span> <span class='ocrx_word' id='word_1_66' title='bbox 1841 709 1902 782; x_wconf 69' lang='lat' dir='ltr'><strong><em>et</em></strong></span> <span class='ocrx_word' id='word_1_67' title='bbox 1959 705 2262 782; x_wconf 85' lang='lat' dir='ltr'><strong><em>sensitiva.</em></strong></span> <span class='ocrx_word' id='word_1_68' title='bbox 2321 704 2457 760; x_wconf 90' lang='lat' dir='ltr'><strong><em>Non</em></strong></span> <span class='ocrx_word' id='word_1_69' title='bbox 2509 717 2632 759; x_wconf 86' lang='lat' dir='ltr'><strong><em>esse</em></strong></span> <span class='ocrx_word' id='word_1_70' title='bbox 2686 701 3068 782; x_wconf 78' lang='lat' dir='ltr'><strong><em>impossibile,</em></strong></span> <span class='ocrx_word' id='word_1_71' title='bbox 3136 719 3322 782; x_wconf 70' lang='lat' dir='ltr'><strong><em>neque</em></strong></span> <span class='ocrx_word' id='word_1_72' title='bbox 3369 701 3600 774; x_wconf 65' lang='lat' dir='ltr'><strong><em>praeter</em></strong></span> <span class='ocrx_word' id='word_1_73' title='bbox 3658 706 3909 782; x_wconf 76' lang='lat' dir='ltr'><strong><em>ratione:</em></strong></span> 
     </span>
    </p>
   </div>
   <div class='ocr_carea' id='block_1_8' title="bbox 547 775 3912 850">
    <p class='ocr_par' dir='ltr' id='par_1_8' title="bbox 547 775 3912 850">
     <span class='ocr_line' id='line_1_8' title="bbox 547 775 3912 850; baseline 0 -20"><span class='ocrx_word' id='word_1_74' title='bbox 547 775 856 850; x_wconf 72' lang='lat' dir='ltr'><strong><em>physicas,</em></strong></span> <span class='ocrx_word' id='word_1_75' title='bbox 892 790 1098 850; x_wconf 81' lang='lat' dir='ltr'><strong><em>aquas</em></strong></span> <span class='ocrx_word' id='word_1_76' title='bbox 1165 791 1284 832; x_wconf 87' lang='lat' dir='ltr'><strong><em>esse</em></strong></span> <span class='ocrx_word' id='word_1_77' title='bbox 1334 791 1521 844; x_wconf 80' lang='lat' dir='ltr'><strong><em>supra</em></strong></span> <span class='ocrx_word' id='word_1_78' title='bbox 1575 776 1770 850; x_wconf 69' lang='lat' dir='ltr'><strong><em>ctelos.</em></strong></span> <span class='ocrx_word' id='word_1_79' title='bbox 1829 776 2116 850; x_wconf 80' lang='lat' dir='ltr'><strong><em>Deaere,</em></strong></span> <span class='ocrx_word' id='word_1_80' title='bbox 2168 780 2222 830; x_wconf 94' lang='lat' dir='ltr'><strong><em>et</em></strong></span> <span class='ocrx_word' id='word_1_81' title='bbox 2269 789 2639 850; x_wconf 73' lang='lat' dir='ltr'><strong><em>quarecum</em></strong></span> <span class='ocrx_word' id='word_1_82' title='bbox 2678 775 2756 828; x_wconf 88' lang='lat' dir='ltr'><strong><em>sit</em></strong></span> <span class='ocrx_word' id='word_1_83' title='bbox 2802 781 3030 850; x_wconf 80' lang='lat' dir='ltr'><strong><em>natura</em></strong></span> <span class='ocrx_word' id='word_1_84' title='bbox 3082 776 3339 850; x_wconf 75' lang='lat' dir='ltr'><strong><em>calidus,</em></strong></span> <span class='ocrx_word' id='word_1_85' title='bbox 3384 783 3586 850; x_wconf 82' lang='lat' dir='ltr'><strong><em>tamen</em></strong></span> <span class='ocrx_word' id='word_1_86' title='bbox 3612 791 3766 850; x_wconf 73' lang='lat' dir='ltr'><strong><em>cum</em></strong></span> <span class='ocrx_word' id='word_1_87' title='bbox 3804 778 3912 850; x_wconf 82' lang='lat' dir='ltr'><strong><em>agi-</em></strong></span> 
     </span>
    </p>
   </div>
   <div class='ocr_carea' id='block_1_9' title="bbox 557 845 3909 917">
    <p class='ocr_par' dir='ltr' id='par_1_9' title="bbox 557 845 3909 917">
     <span class='ocr_line' id='line_1_9' title="bbox 557 845 3909 917; baseline 0 -14"><span class='ocrx_word' id='word_1_88' title='bbox 557 845 747 916; x_wconf 84' lang='lat' dir='ltr'><strong><em>tatur,</em></strong></span> <span class='ocrx_word' id='word_1_89' title='bbox 805 845 1073 917; x_wconf 76' lang='lat' dir='ltr'><strong><em>frigidus</em></strong></span> <span class='ocrx_word' id='word_1_90' title='bbox 1140 849 1436 904; x_wconf 80' lang='lat' dir='ltr'><strong><em>sentiatur</em></strong></span> <span class='ocrx_word' id='word_1_91' title='bbox 1495 853 1549 902; x_wconf 91' lang='lat' dir='ltr'><strong><em>et</em></strong></span> <span class='ocrx_word' id='word_1_92' title='bbox 1601 848 1674 903; x_wconf 92' lang='lat' dir='ltr'><strong><em>de</em></strong></span> <span class='ocrx_word' id='word_1_93' title='bbox 1715 846 2014 916; x_wconf 76' lang='lat' dir='ltr'><strong><em>grandine</em></strong></span> <span class='ocrx_word' id='word_1_94' title='bbox 2057 851 2112 904; x_wconf 88' lang='lat' dir='ltr'><strong><em>et</em></strong></span> <span class='ocrx_word' id='word_1_95' title='bbox 2173 847 2382 902; x_wconf 83' lang='lat' dir='ltr'><strong><em>ventis.</em></strong></span> <span class='ocrx_word' id='word_1_96' title='bbox 2435 845 2750 917; x_wconf 81' lang='lat' dir='ltr'><strong><em>Adversus</em></strong></span> <span class='ocrx_word' id='word_1_97' title='bbox 2797 846 3076 916; x_wconf 86' lang='lat' dir='ltr'><strong><em>antiquos</em></strong></span> <span class='ocrx_word' id='word_1_98' title='bbox 3134 845 3520 916; x_wconf 85' lang='lat' dir='ltr'><strong><em>philosophos</em></strong></span> <span class='ocrx_word' id='word_1_99' title='bbox 3581 847 3660 903; x_wconf 88' lang='lat' dir='ltr'><strong><em>de</em></strong></span> <span class='ocrx_word' id='word_1_100' title='bbox 3725 845 3909 903; x_wconf 78' lang='lat' dir='ltr'><strong><em>eodem</em></strong></span> 
     </span>
    </p>
   </div>
   <div class='ocr_carea' id='block_1_10' title="bbox 555 916 3910 988">
    <p class='ocr_par' dir='ltr' id='par_1_10' title="bbox 555 916 3910 988">
     <span class='ocr_line' id='line_1_10' title="bbox 555 916 3910 988; baseline -0 -14"><span class='ocrx_word' id='word_1_101' title='bbox 555 916 932 988; x_wconf 88' lang='lat' dir='ltr'><strong><em>argumento.</em></strong></span> <span class='ocrx_word' id='word_1_102' title='bbox 997 919 1071 974; x_wconf 91' lang='lat' dir='ltr'><strong><em>In</em></strong></span> <span class='ocrx_word' id='word_1_103' title='bbox 1134 919 1361 975; x_wconf 81' lang='lat' dir='ltr'><strong><em>Christi</em></strong></span> <span class='ocrx_word' id='word_1_104' title='bbox 1420 919 2054 988; x_wconf 50' lang='lat' dir='ltr'><strong><em>trans/ﬁgurationem,</em></strong></span> <span class='ocrx_word' id='word_1_105' title='bbox 2102 917 2365 985; x_wconf 88' lang='lat' dir='ltr'><strong><em>Sanctio,</em></strong></span> <span class='ocrx_word' id='word_1_106' title='bbox 2416 916 2664 988; x_wconf 78' lang='lat' dir='ltr'><strong><em>Natalis</em></strong></span> <span class='ocrx_word' id='word_1_107' title='bbox 2728 916 2971 988; x_wconf 87' lang='lat' dir='ltr'><strong><em>Domini</em></strong></span> <span class='ocrx_word' id='word_1_108' title='bbox 3031 917 3250 986; x_wconf 86' lang='lat' dir='ltr'><strong><em>feriam</em></strong></span> <span class='ocrx_word' id='word_1_109' title='bbox 3313 933 3431 973; x_wconf 89' lang='lat' dir='ltr'><strong><em>non</em></strong></span> <span class='ocrx_word' id='word_1_110' title='bbox 3501 925 3750 974; x_wconf 87' lang='lat' dir='ltr'><strong><em>tantum</em></strong></span> <span class='ocrx_word' id='word_1_111' title='bbox 3811 934 3910 974; x_wconf 84' lang='lat' dir='ltr'><strong><em>uno</em></strong></span> 
     </span>
    </p>
   </div>
   <div class='ocr_carea' id='block_1_11' title="bbox 557 987 3909 1060">
    <p class='ocr_par' dir='ltr' id='par_1_11' title="bbox 557 987 3909 1060">
     <span class='ocr_line' id='line_1_11' title="bbox 557 987 3909 1060; baseline 0 -15"><span class='ocrx_word' id='word_1_112' title='bbox 557 987 671 1053; x_wconf 84' lang='lat' dir='ltr'><strong><em>die,</em></strong></span> <span class='ocrx_word' id='word_1_113' title='bbox 721 989 824 1045; x_wconf 88' lang='lat' dir='ltr'><strong><em>sed</em></strong></span> <span class='ocrx_word' id='word_1_114' title='bbox 878 1005 987 1059; x_wconf 88' lang='lat' dir='ltr'><strong><em>per</em></strong></span> <span class='ocrx_word' id='word_1_115' title='bbox 1049 991 1228 1046; x_wconf 87' lang='lat' dir='ltr'><strong><em>totum</em></strong></span> <span class='ocrx_word' id='word_1_116' title='bbox 1286 1006 1539 1046; x_wconf 84' lang='lat' dir='ltr'><strong><em>mensem</em></strong></span> <span class='ocrx_word' id='word_1_117' title='bbox 1609 987 1904 1045; x_wconf 87' lang='lat' dir='ltr'><strong><em>celebrari</em></strong></span> <span class='ocrx_word' id='word_1_118' title='bbox 1961 987 2188 1044; x_wconf 82' lang='lat' dir='ltr'><strong><em>debere.</em></strong></span> <span class='ocrx_word' id='word_1_119' title='bbox 2253 987 2732 1058; x_wconf 82' lang='lat' dir='ltr'><strong><em>Symbuleuticus</em></strong></span> <span class='ocrx_word' id='word_1_120' title='bbox 2783 987 2856 1044; x_wconf 92' lang='lat' dir='ltr'><strong><em>de</em></strong></span> <span class='ocrx_word' id='word_1_121' title='bbox 2892 990 3145 1060; x_wconf 79' lang='lat' dir='ltr'><strong><em>justitia</em></strong></span> <span class='ocrx_word' id='word_1_122' title='bbox 3205 989 3286 1044; x_wconf 91' lang='lat' dir='ltr'><strong><em>ad</em></strong></span> <span class='ocrx_word' id='word_1_123' title='bbox 3340 990 3909 1060; x_wconf 84' lang='lat' dir='ltr'><strong><em>Thessalonicenses,</em></strong></span> 
     </span>
    </p>
   </div>
   <div class='ocr_carea' id='block_1_12' title="bbox 558 1058 3914 1130">
    <p class='ocr_par' dir='ltr' id='par_1_12' title="bbox 558 1058 3914 1130">
     <span class='ocr_line' id='line_1_12' title="bbox 558 1058 3914 1130; baseline -0 -12"><span class='ocrx_word' id='word_1_124' title='bbox 558 1067 614 1118; x_wconf 88' lang='lat' dir='ltr'><strong><em>et</em></strong></span> <span class='ocrx_word' id='word_1_125' title='bbox 658 1062 824 1116; x_wconf 84' lang='lat' dir='ltr'><strong><em>urbis</em></strong></span> <span class='ocrx_word' id='word_1_126' title='bbox 881 1058 1235 1117; x_wconf 87' lang='lat' dir='ltr'><strong><em>encomium.</em></strong></span> <span class='ocrx_word' id='word_1_127' title='bbox 1290 1062 1388 1117; x_wconf 73' lang='lat' dir='ltr'><strong><em>Ex</em></strong></span> <span class='ocrx_word' id='word_1_128' title='bbox 1432 1062 1806 1130; x_wconf 79' lang='lat' dir='ltr'><strong><em>imperatoris</em></strong></span> <span class='ocrx_word' id='word_1_129' title='bbox 1859 1063 2117 1127; x_wconf 86' lang='lat' dir='ltr'><strong><em>decreto,</em></strong></span> <span class='ocrx_word' id='word_1_130' title='bbox 2165 1059 2490 1128; x_wconf 89' lang='lat' dir='ltr'><strong><em>utjudices</em></strong></span> <span class='ocrx_word' id='word_1_131' title='bbox 2526 1058 2938 1127; x_wconf 85' lang='lat' dir='ltr'><strong><em>jurejurando</em></strong></span> <span class='ocrx_word' id='word_1_132' title='bbox 2987 1059 3332 1129; x_wconf 83' lang='lat' dir='ltr'><strong><em>obligentur</em></strong></span> <span class='ocrx_word' id='word_1_133' title='bbox 3361 1061 3441 1116; x_wconf 88' lang='lat' dir='ltr'><strong><em>ad</em></strong></span> <span class='ocrx_word' id='word_1_134' title='bbox 3465 1077 3695 1116; x_wconf 87' lang='lat' dir='ltr'><strong><em>munus</em></strong></span> <span class='ocrx_word' id='word_1_135' title='bbox 3723 1058 3914 1117; x_wconf 77' lang='lat' dir='ltr'><strong><em>sancte</em></strong></span> 
     </span>
    </p>
   </div>
   <div class='ocr_carea' id='block_1_13' title="bbox 558 1129 3913 1201">
    <p class='ocr_par' dir='ltr' id='par_1_13' title="bbox 558 1129 3913 1201">
     <span class='ocr_line' id='line_1_13' title="bbox 558 1129 3913 1201; baseline -0 -12"><span class='ocrx_word' id='word_1_136' title='bbox 558 1131 916 1189; x_wconf 88' lang='lat' dir='ltr'><strong><em>obeundum.</em></strong></span> <span class='ocrx_word' id='word_1_137' title='bbox 949 1133 1299 1188; x_wconf 86' lang='lat' dir='ltr'><strong><em>Encomium</em></strong></span> <span class='ocrx_word' id='word_1_138' title='bbox 1327 1133 1409 1188; x_wconf 89' lang='lat' dir='ltr'><strong><em>ad</em></strong></span> <span class='ocrx_word' id='word_1_139' title='bbox 1438 1129 1873 1200; x_wconf 65' lang='lat' dir='ltr'><strong><em>imperatorem.</em></strong></span> <span class='ocrx_word' id='word_1_140' title='bbox 1898 1132 2149 1198; x_wconf 82' lang='lat' dir='ltr'><strong><em>Querela</em></strong></span> <span class='ocrx_word' id='word_1_141' title='bbox 2181 1132 2467 1188; x_wconf 86' lang='lat' dir='ltr'><strong><em>adversus</em></strong></span> <span class='ocrx_word' id='word_1_142' title='bbox 2492 1130 2827 1199; x_wconf 89' lang='lat' dir='ltr'><strong><em>Niphonem</em></strong></span> <span class='ocrx_word' id='word_1_143' title='bbox 2855 1129 2925 1184; x_wconf 94' lang='lat' dir='ltr'><strong><em>ob</em></strong></span> <span class='ocrx_word' id='word_1_144' title='bbox 2947 1131 3105 1186; x_wconf 90' lang='lat' dir='ltr'><strong><em>male</em></strong></span> <span class='ocrx_word' id='word_1_145' title='bbox 3133 1131 3625 1188; x_wconf 84' lang='lat' dir='ltr'><strong><em>administratam</em></strong></span> <span class='ocrx_word' id='word_1_146' title='bbox 3647 1137 3913 1201; x_wconf 66' lang='lat' dir='ltr'><strong><em>patriar-</em></strong></span> 
     </span>
    </p>
   </div>
   <div class='ocr_carea' id='block_1_14' title="bbox 561 1201 3912 1273">
    <p class='ocr_par' dir='ltr' id='par_1_14' title="bbox 561 1201 3912 1273">
     <span class='ocr_line' id='line_1_14' title="bbox 561 1201 3912 1273; baseline -0.001 -13"><span class='ocrx_word' id='word_1_147' title='bbox 561 1203 774 1260; x_wconf 85' lang='lat' dir='ltr'><strong><em>chatus</em></strong></span> <span class='ocrx_word' id='word_1_148' title='bbox 825 1205 920 1258; x_wconf 90' lang='lat' dir='ltr'><strong><em>sui</em></strong></span> <span class='ocrx_word' id='word_1_149' title='bbox 941 1201 1335 1272; x_wconf 73' lang='lat' dir='ltr'><strong><em>provinciam.</em></strong></span> <span class='ocrx_word' id='word_1_150' title='bbox 1363 1204 1567 1259; x_wconf 87' lang='lat' dir='ltr'><strong><em>Oratio</em></strong></span> <span class='ocrx_word' id='word_1_151' title='bbox 1595 1203 1867 1272; x_wconf 80' lang='lat' dir='ltr'><strong><em>funebris</em></strong></span> <span class='ocrx_word' id='word_1_152' title='bbox 1893 1204 1954 1257; x_wconf 89' lang='lat' dir='ltr'><strong><em>in</em></strong></span> <span class='ocrx_word' id='word_1_153' title='bbox 1991 1204 2394 1270; x_wconf 87' lang='lat' dir='ltr'><strong><em>Theoleplum,</em></strong></span> <span class='ocrx_word' id='word_1_154' title='bbox 2424 1202 2868 1269; x_wconf 85' lang='lat' dir='ltr'><strong><em>metropolitam</em></strong></span> <span class='ocrx_word' id='word_1_155' title='bbox 2889 1202 3350 1273; x_wconf 63' lang='lat' dir='ltr'><strong><em>Philadelphia</em></strong></span> <span class='ocrx_word' id='word_1_156' title='bbox 3377 1205 3738 1273; x_wconf 84' lang='lat' dir='ltr'><strong><em>Confutatio</em></strong></span> <span class='ocrx_word' id='word_1_157' title='bbox 3763 1206 3912 1260; x_wconf 85' lang='lat' dir='ltr'><strong><em>Lati-</em></strong></span> 
     </span>
    </p>
   </div>
   <div class='ocr_carea' id='block_1_15' title="bbox 557 1271 3914 1346">
    <p class='ocr_par' dir='ltr' id='par_1_15' title="bbox 557 1271 3914 1346">
     <span class='ocr_line' id='line_1_15' title="bbox 557 1271 3914 1346; baseline 0 -14"><span class='ocrx_word' id='word_1_158' title='bbox 557 1290 773 1332; x_wconf 88' lang='lat' dir='ltr'><strong><em>norum</em></strong></span> <span class='ocrx_word' id='word_1_159' title='bbox 803 1271 1097 1344; x_wconf 84' lang='lat' dir='ltr'><strong><em>dogmatis</em></strong></span> <span class='ocrx_word' id='word_1_160' title='bbox 1125 1276 1198 1332; x_wconf 93' lang='lat' dir='ltr'><strong><em>de</em></strong></span> <span class='ocrx_word' id='word_1_161' title='bbox 1219 1271 1872 1346; x_wconf 25' lang='lat' dir='ltr'><strong><em>processione’Spim&#39;tus</em></strong></span> <span class='ocrx_word' id='word_1_162' title='bbox 1901 1274 1962 1346; x_wconf 82' lang='lat' dir='ltr'><strong><em>S.</em></strong></span> <span class='ocrx_word' id='word_1_163' title='bbox 1977 1276 2412 1346; x_wconf 87' lang='lat' dir='ltr'><strong><em>Testamentum</em></strong></span> <span class='ocrx_word' id='word_1_164' title='bbox 2446 1273 2791 1346; x_wconf 76' lang='lat' dir='ltr'><strong><em>valetudine</em></strong></span> <span class='ocrx_word' id='word_1_165' title='bbox 2818 1271 3020 1346; x_wconf 81' lang='lat' dir='ltr'><strong><em>adhuc</em></strong></span> <span class='ocrx_word' id='word_1_166' title='bbox 3040 1277 3222 1346; x_wconf 85' lang='lat' dir='ltr'><strong><em>ﬁrma</em></strong></span> <span class='ocrx_word' id='word_1_167' title='bbox 3249 1275 3461 1346; x_wconf 87' lang='lat' dir='ltr'><strong><em>melius</em></strong></span> <span class='ocrx_word' id='word_1_168' title='bbox 3492 1271 3681 1345; x_wconf 70' lang='lat' dir='ltr'><strong><em>quam</em></strong></span> <span class='ocrx_word' id='word_1_169' title='bbox 3709 1292 3914 1346; x_wconf 81' lang='lat' dir='ltr'><strong><em>urgen~</em></strong></span> 
     </span>
    </p>
   </div>
   <div class='ocr_carea' id='block_1_16' title="bbox 562 1343 3914 1416">
    <p class='ocr_par' dir='ltr' id='par_1_16' title="bbox 562 1343 3914 1416">
     <span class='ocr_line' id='line_1_16' title="bbox 562 1343 3914 1416; baseline 0 -15"><span class='ocrx_word' id='word_1_170' title='bbox 562 1351 619 1402; x_wconf 92' lang='lat' dir='ltr'><strong><em>te</em></strong></span> <span class='ocrx_word' id='word_1_171' title='bbox 647 1347 846 1401; x_wconf 84' lang='lat' dir='ltr'><strong><em>morbo</em></strong></span> <span class='ocrx_word' id='word_1_172' title='bbox 884 1343 1188 1401; x_wconf 82' lang='lat' dir='ltr'><strong><em>ordinari.</em></strong></span> <span class='ocrx_word' id='word_1_173' title='bbox 1222 1343 1314 1401; x_wconf 69' lang='lat' dir='ltr'><strong><em>Ad</em></strong></span> <span class='ocrx_word' id='word_1_174' title='bbox 1332 1349 1662 1416; x_wconf 84' lang='lat' dir='ltr'><strong><em>episcopum</em></strong></span> <span class='ocrx_word' id='word_1_175' title='bbox 1688 1345 2135 1414; x_wconf 70' lang='lat' dir='ltr'><strong><em>Philadelphia</em></strong></span> <span class='ocrx_word' id='word_1_176' title='bbox 2164 1345 2236 1401; x_wconf 89' lang='lat' dir='ltr'><strong><em>de</em></strong></span> <span class='ocrx_word' id='word_1_177' title='bbox 2265 1344 2562 1400; x_wconf 87' lang='lat' dir='ltr'><strong><em>miraculo</em></strong></span> <span class='ocrx_word' id='word_1_178' title='bbox 2590 1346 2648 1397; x_wconf 90' lang='lat' dir='ltr'><strong><em>in</em></strong></span> <span class='ocrx_word' id='word_1_179' title='bbox 2693 1343 2881 1398; x_wconf 86' lang='lat' dir='ltr'><strong><em>Cana.</em></strong></span> <span class='ocrx_word' id='word_1_180' title='bbox 2902 1344 3000 1399; x_wconf 86' lang='lat' dir='ltr'><strong><em>Ad</em></strong></span> <span class='ocrx_word' id='word_1_181' title='bbox 3020 1345 3288 1416; x_wconf 83' lang='lat' dir='ltr'><strong><em>eumdem</em></strong></span> <span class='ocrx_word' id='word_1_182' title='bbox 3319 1345 3392 1400; x_wconf 89' lang='lat' dir='ltr'><strong><em>de</em></strong></span> <span class='ocrx_word' id='word_1_183' title='bbox 3418 1343 3719 1413; x_wconf 76' lang='lat' dir='ltr'><strong><em>petitione</em></strong></span> <span class='ocrx_word' id='word_1_184' title='bbox 3739 1343 3914 1402; x_wconf 80' lang='lat' dir='ltr'><strong><em>Elisei</em></strong></span> 
     </span>
    </p>
   </div>
   <div class='ocr_carea' id='block_1_17' title="bbox 563 1415 3914 1488">
    <p class='ocr_par' dir='ltr' id='par_1_17' title="bbox 563 1415 3914 1488">
     <span class='ocr_line' id='line_1_17' title="bbox 563 1415 3914 1488; baseline 0 -15"><span class='ocrx_word' id='word_1_185' title='bbox 563 1416 638 1473; x_wconf 91' lang='lat' dir='ltr'><strong><em>ab</em></strong></span> <span class='ocrx_word' id='word_1_186' title='bbox 663 1417 824 1472; x_wconf 90' lang='lat' dir='ltr'><strong><em>Elia.</em></strong></span> <span class='ocrx_word' id='word_1_187' title='bbox 857 1418 954 1472; x_wconf 88' lang='lat' dir='ltr'><strong><em>Ad</em></strong></span> <span class='ocrx_word' id='word_1_188' title='bbox 980 1418 1172 1487; x_wconf 85' lang='lat' dir='ltr'><strong><em>ﬁliam</em></strong></span> <span class='ocrx_word' id='word_1_189' title='bbox 1229 1415 1666 1485; x_wconf 88' lang='lat' dir='ltr'><strong><em>imperalricem</em></strong></span> <span class='ocrx_word' id='word_1_190' title='bbox 1720 1417 1792 1472; x_wconf 92' lang='lat' dir='ltr'><strong><em>de</em></strong></span> <span class='ocrx_word' id='word_1_191' title='bbox 1808 1417 2001 1488; x_wconf 84' lang='lat' dir='ltr'><strong><em>ipsius</em></strong></span> <span class='ocrx_word' id='word_1_192' title='bbox 2027 1418 2332 1472; x_wconf 85' lang='lat' dir='ltr'><strong><em>viduitate.</em></strong></span> <span class='ocrx_word' id='word_1_193' title='bbox 2383 1415 2480 1470; x_wconf 86' lang='lat' dir='ltr'><strong><em>Ad</em></strong></span> <span class='ocrx_word' id='word_1_194' title='bbox 2535 1416 2942 1488; x_wconf 84' lang='lat' dir='ltr'><strong><em>imperatorem</em></strong></span> <span class='ocrx_word' id='word_1_195' title='bbox 2990 1415 3062 1488; x_wconf 87' lang='lat' dir='ltr'><strong><em>de</em></strong></span> <span class='ocrx_word' id='word_1_196' title='bbox 3097 1416 3261 1470; x_wconf 85' lang='lat' dir='ltr'><strong><em>obitu</em></strong></span> <span class='ocrx_word' id='word_1_197' title='bbox 3314 1417 3596 1488; x_wconf 81' lang='lat' dir='ltr'><strong><em>Despotte</em></strong></span> <span class='ocrx_word' id='word_1_198' title='bbox 3625 1419 3753 1487; x_wconf 74' lang='lat' dir='ltr'><strong><em>ﬁlii</em></strong></span> <span class='ocrx_word' id='word_1_199' title='bbox 3779 1420 3914 1488; x_wconf 84' lang='lat' dir='ltr'><strong><em>ejus,</em></strong></span> 
     </span>
    </p>
   </div>
   <div class='ocr_carea' id='block_1_18' title="bbox 566 1487 3915 1558">
    <p class='ocr_par' dir='ltr' id='par_1_18' title="bbox 566 1487 3915 1558">
     <span class='ocr_line' id='line_1_18' title="bbox 566 1487 3915 1558; baseline 0 -15"><span class='ocrx_word' id='word_1_200' title='bbox 566 1488 910 1544; x_wconf 83' lang='lat' dir='ltr'><strong><em>Consolatio</em></strong></span> <span class='ocrx_word' id='word_1_201' title='bbox 939 1489 1002 1542; x_wconf 87' lang='lat' dir='ltr'><strong><em>in</em></strong></span> <span class='ocrx_word' id='word_1_202' title='bbox 1047 1489 1394 1544; x_wconf 85' lang='lat' dir='ltr'><strong><em>calamitate</em></strong></span> <span class='ocrx_word' id='word_1_203' title='bbox 1420 1490 1618 1543; x_wconf 88' lang='lat' dir='ltr'><strong><em>amici.</em></strong></span> <span class='ocrx_word' id='word_1_204' title='bbox 1650 1489 1736 1543; x_wconf 90' lang='lat' dir='ltr'><strong><em>De</em></strong></span> <span class='ocrx_word' id='word_1_205' title='bbox 1761 1487 2059 1542; x_wconf 88' lang='lat' dir='ltr'><strong><em>charitate</em></strong></span> <span class='ocrx_word' id='word_1_206' title='bbox 2085 1503 2229 1556; x_wconf 88' lang='lat' dir='ltr'><strong><em>erga</em></strong></span> <span class='ocrx_word' id='word_1_207' title='bbox 2257 1488 2623 1555; x_wconf 74' lang='lat' dir='ltr'><strong><em>proximum,</em></strong></span> <span class='ocrx_word' id='word_1_208' title='bbox 2655 1492 2709 1541; x_wconf 88' lang='lat' dir='ltr'><strong><em>et</em></strong></span> <span class='ocrx_word' id='word_1_209' title='bbox 2736 1487 2936 1558; x_wconf 91' lang='lat' dir='ltr'><strong><em>omnia</em></strong></span> <span class='ocrx_word' id='word_1_210' title='bbox 2965 1487 3361 1558; x_wconf 86' lang='lat' dir='ltr'><strong><em>relinquenda</em></strong></span> <span class='ocrx_word' id='word_1_211' title='bbox 3397 1494 3462 1542; x_wconf 86' lang='lat' dir='ltr'><strong><em>ut</em></strong></span> <span class='ocrx_word' id='word_1_212' title='bbox 3485 1487 3814 1544; x_wconf 82' lang='lat' dir='ltr'><strong><em>Christum</em></strong></span> <span class='ocrx_word' id='word_1_213' title='bbox 3844 1507 3915 1544; x_wconf 82' lang='lat' dir='ltr'><strong><em>se-</em></strong></span> 
     </span>
    </p>
   </div>
   <div class='ocr_carea' id='block_1_19' title="bbox 564 1557 3919 1630">
    <p class='ocr_par' dir='ltr' id='par_1_19' title="bbox 564 1557 3919 1630">
     <span class='ocr_line' id='line_1_19' title="bbox 564 1557 3919 1630; baseline -0.001 -16"><span class='ocrx_word' id='word_1_214' title='bbox 564 1573 842 1630; x_wconf 88' lang='lat' dir='ltr'><strong><em>quamur,</em></strong></span> <span class='ocrx_word' id='word_1_215' title='bbox 876 1565 929 1614; x_wconf 90' lang='lat' dir='ltr'><strong><em>et</em></strong></span> <span class='ocrx_word' id='word_1_216' title='bbox 954 1559 1024 1614; x_wconf 89' lang='lat' dir='ltr'><strong><em>de</em></strong></span> <span class='ocrx_word' id='word_1_217' title='bbox 1082 1559 1482 1614; x_wconf 87' lang='lat' dir='ltr'><strong><em>benedictione</em></strong></span> <span class='ocrx_word' id='word_1_218' title='bbox 1527 1565 1831 1630; x_wconf 66' lang='lat' dir='ltr'><strong><em>paterna.</em></strong></span> <span class='ocrx_word' id='word_1_219' title='bbox 1859 1574 2039 1630; x_wconf 85' lang='lat' dir='ltr'><strong><em>quam</em></strong></span> <span class='ocrx_word' id='word_1_220' title='bbox 2089 1559 2383 1630; x_wconf 83' lang='lat' dir='ltr'><strong><em>surripuit</em></strong></span> <span class='ocrx_word' id='word_1_221' title='bbox 2411 1558 2615 1621; x_wconf 88' lang='lat' dir='ltr'><strong><em>Jacob,</em></strong></span> <span class='ocrx_word' id='word_1_222' title='bbox 2636 1557 2944 1630; x_wconf 75' lang='lat' dir='ltr'><strong><em>suadente</em></strong></span> <span class='ocrx_word' id='word_1_223' title='bbox 2973 1557 3181 1612; x_wconf 86' lang='lat' dir='ltr'><strong><em>matre.</em></strong></span> <span class='ocrx_word' id='word_1_224' title='bbox 3223 1559 3700 1630; x_wconf 82' lang='lat' dir='ltr'><strong><em>Chrysobullum</em></strong></span> <span class='ocrx_word' id='word_1_225' title='bbox 3752 1577 3919 1629; x_wconf 83' lang='lat' dir='ltr'><strong><em>super</em></strong></span> 
     </span>
    </p>
   </div>
   <div class='ocr_carea' id='block_1_20' title="bbox 565 1628 3924 1704">
    <p class='ocr_par' dir='ltr' id='par_1_20' title="bbox 565 1628 3924 1704">
     <span class='ocr_line' id='line_1_20' title="bbox 565 1628 3924 1704; baseline 0.001 -20"><span class='ocrx_word' id='word_1_226' title='bbox 565 1628 828 1704; x_wconf 54' lang='lat' dir='ltr'><strong><em>Quadam</em></strong></span> <span class='ocrx_word' id='word_1_227' title='bbox 855 1631 1740 1704; x_wconf 67' lang='lat' dir='ltr'><strong><em>consultationeimperatricis.</em></strong></span> <span class='ocrx_word' id='word_1_228' title='bbox 1765 1629 2228 1704; x_wconf 72' lang='lat' dir='ltr'><strong><em>Chrysobullum</em></strong></span> <span class='ocrx_word' id='word_1_229' title='bbox 2258 1629 2339 1684; x_wconf 89' lang='lat' dir='ltr'><strong><em>ad</em></strong></span> <span class='ocrx_word' id='word_1_230' title='bbox 2363 1631 2587 1704; x_wconf 76' lang='lat' dir='ltr'><strong><em>cratem</em></strong></span> <span class='ocrx_word' id='word_1_231' title='bbox 2617 1628 2960 1704; x_wconf 59' lang='lat' dir='ltr'><strong><em>Seri&#39;iteipe</em></strong></span> <span class='ocrx_word' id='word_1_232' title='bbox 2987 1628 3804 1704; x_wconf 80' lang='lat' dir='ltr'><strong><em>recon_ciliandismonachis</em></strong></span> <span class='ocrx_word' id='word_1_233' title='bbox 3825 1628 3924 1704; x_wconf 15' lang='lat' dir='ltr'><strong><em>iqui</em></strong></span> 
     </span>
    </p>
   </div>
   <div class='ocr_carea' id='block_1_21' title="bbox 565 1698 3922 1772">
    <p class='ocr_par' dir='ltr' id='par_1_21' title="bbox 565 1698 3922 1772">
     <span class='ocr_line' id='line_1_21' title="bbox 565 1698 3922 1772; baseline 0.001 -17"><span class='ocrx_word' id='word_1_234' title='bbox 565 1698 924 1772; x_wconf 80' lang='lat' dir='ltr'><strong><em>defecerant,</em></strong></span> <span class='ocrx_word' id='word_1_235' title='bbox 958 1698 1432 1769; x_wconf 85' lang='lat' dir='ltr'><strong><em>chrysobullum.</em></strong></span> <span class='ocrx_word' id='word_1_236' title='bbox 1493 1703 1576 1757; x_wconf 89' lang='lat' dir='ltr'><em>De</em></span> <span class='ocrx_word' id='word_1_237' title='bbox 1597 1701 1831 1770; x_wconf 86' lang='lat' dir='ltr'><strong><em>judicio</em></strong></span> <span class='ocrx_word' id='word_1_238' title='bbox 1863 1701 2204 1756; x_wconf 88' lang='lat' dir='ltr'><strong><em>adhibendo</em></strong></span> <span class='ocrx_word' id='word_1_239' title='bbox 2234 1707 2286 1756; x_wconf 92' lang='lat' dir='ltr'><strong><em>et</em></strong></span> <span class='ocrx_word' id='word_1_240' title='bbox 2319 1699 2587 1772; x_wconf 86' lang='lat' dir='ltr'><strong><em>eligendo</em></strong></span> <span class='ocrx_word' id='word_1_241' title='bbox 2618 1714 2831 1772; x_wconf 83' lang='lat' dir='ltr'><strong><em>genere</em></strong></span> <span class='ocrx_word' id='word_1_242' title='bbox 2852 1698 3108 1772; x_wconf 80' lang='lat' dir='ltr'><strong><em>dicendi.</em></strong></span> <span class='ocrx_word' id='word_1_243' title='bbox 3143 1701 3226 1755; x_wconf 93' lang='lat' dir='ltr'><strong><em>De</em></strong></span> <span class='ocrx_word' id='word_1_244' title='bbox 3253 1701 3344 1755; x_wconf 92' lang='lat' dir='ltr'><strong><em>his</em></strong></span> <span class='ocrx_word' id='word_1_245' title='bbox 3365 1703 3472 1772; x_wconf 80' lang='lat' dir='ltr'><strong><em>qui</em></strong></span> <span class='ocrx_word' id='word_1_246' title='bbox 3494 1703 3709 1772; x_wconf 84' lang='lat' dir='ltr'><strong><em>iniquo</em></strong></span> <span class='ocrx_word' id='word_1_247' title='bbox 3733 1698 3922 1758; x_wconf 76' lang='lat' dir='ltr'><strong><em>animo</em></strong></span> 
     </span>
    </p>
   </div>
   <div class='ocr_carea' id='block_1_22' title="bbox 562 1770 3925 1844">
    <p class='ocr_par' dir='ltr' id='par_1_22' title="bbox 562 1770 3925 1844">
     <span class='ocr_line' id='line_1_22' title="bbox 562 1770 3925 1844; baseline 0.001 -17"><span class='ocrx_word' id='word_1_248' title='bbox 562 1771 842 1842; x_wconf 82' lang='lat' dir='ltr'><strong><em>ferebant</em></strong></span> <span class='ocrx_word' id='word_1_249' title='bbox 867 1772 1027 1842; x_wconf 88' lang='lat' dir='ltr'><strong><em>quod</em></strong></span> <span class='ocrx_word' id='word_1_250' title='bbox 1046 1773 1308 1828; x_wconf 87' lang='lat' dir='ltr'><strong><em>rhetores</em></strong></span> <span class='ocrx_word' id='word_1_251' title='bbox 1337 1773 1625 1844; x_wconf 86' lang='lat' dir='ltr'><strong><em>quosdam</em></strong></span> <span class='ocrx_word' id='word_1_252' title='bbox 1684 1772 1990 1839; x_wconf 76' lang='lat' dir='ltr'><strong><em>imperitos</em></strong></span> <span class='ocrx_word' id='word_1_253' title='bbox 2017 1772 2460 1844; x_wconf 74' lang='lat' dir='ltr'><strong><em>objurgaverat.</em></strong></span> <span class='ocrx_word' id='word_1_254' title='bbox 2494 1770 2961 1844; x_wconf 83' lang='lat' dir='ltr'><strong><em>Chrysobullum</em></strong></span> <span class='ocrx_word' id='word_1_255' title='bbox 2995 1771 3069 1826; x_wconf 89' lang='lat' dir='ltr'><strong><em>de</em></strong></span> <span class='ocrx_word' id='word_1_256' title='bbox 3098 1772 3314 1827; x_wconf 89' lang='lat' dir='ltr'><strong><em>unione</em></strong></span> <span class='ocrx_word' id='word_1_257' title='bbox 3343 1770 3702 1828; x_wconf 81' lang='lat' dir='ltr'><strong><em>monasterii</em></strong></span> <span class='ocrx_word' id='word_1_258' title='bbox 3731 1775 3794 1829; x_wconf 88' lang='lat' dir='ltr'><strong><em>in</em></strong></span> <span class='ocrx_word' id='word_1_259' title='bbox 3825 1775 3925 1829; x_wconf 88' lang='lat' dir='ltr'><strong><em>Ga-</em></strong></span> 
     </span>
    </p>
   </div>
   <div class='ocr_carea' id='block_1_23' title="bbox 571 1841 3926 1913">
    <p class='ocr_par' dir='ltr' id='par_1_23' title="bbox 571 1841 3926 1913">
     <span class='ocr_line' id='line_1_23' title="bbox 571 1841 3926 1913; baseline 0 -14"><span class='ocrx_word' id='word_1_260' title='bbox 571 1844 712 1899; x_wconf 88' lang='lat' dir='ltr'><strong><em>lesio</em></strong></span> <span class='ocrx_word' id='word_1_261' title='bbox 739 1849 793 1898; x_wconf 88' lang='lat' dir='ltr'><strong><em>et</em></strong></span> <span class='ocrx_word' id='word_1_262' title='bbox 823 1841 891 1898; x_wconf 65' lang='lat' dir='ltr'><strong><em>SI</em></strong></span> <span class='ocrx_word' id='word_1_263' title='bbox 933 1841 1423 1900; x_wconf 78' lang='lat' dir='ltr'><strong><em>Resurrectionis.</em></strong></span> <span class='ocrx_word' id='word_1_264' title='bbox 1457 1845 1749 1913; x_wconf 80' lang='lat' dir='ltr'><strong><em>Epistolte</em></strong></span> <span class='ocrx_word' id='word_1_265' title='bbox 1772 1859 1973 1898; x_wconf 80' lang='lat' dir='ltr'><strong><em>CLXXII.</em></strong></span> <span class='ocrx_word' id='word_1_266' title='bbox 2009 1841 2364 1913; x_wconf 61' lang='lat' dir='ltr'><strong><em>PosseVinus</em></strong></span> <span class='ocrx_word' id='word_1_267' title='bbox 2397 1847 2639 1898; x_wconf 78' lang='lat' dir='ltr'><strong><em>testatur</em></strong></span> <span class='ocrx_word' id='word_1_268' title='bbox 2661 1841 2725 1913; x_wconf 85' lang='lat' dir='ltr'><strong><em>id</em></strong></span> <span class='ocrx_word' id='word_1_269' title='bbox 2749 1841 3029 1913; x_wconf 84' lang='lat' dir='ltr'><strong><em>Vaticana</em></strong></span> <span class='ocrx_word' id='word_1_270' title='bbox 3058 1849 3290 1898; x_wconf 78' lang='lat' dir='ltr'><strong><em>exstare</em></strong></span> <span class='ocrx_word' id='word_1_271' title='bbox 3322 1843 3638 1913; x_wconf 78' lang='lat' dir='ltr'><strong><em>Nicephori</em></strong></span> <span class='ocrx_word' id='word_1_272' title='bbox 3674 1845 3926 1900; x_wconf 87' lang='lat' dir='ltr'><strong><em>Chumni</em></strong></span> 
     </span>
    </p>
   </div>
   <div class='ocr_carea' id='block_1_24' title="bbox 568 1911 3928 1989">
    <p class='ocr_par' dir='ltr' id='par_1_24' title="bbox 568 1911 3928 1989">
     <span class='ocr_line' id='line_1_24' title="bbox 568 1911 3928 1989; baseline 0.001 -19"><span class='ocrx_word' id='word_1_273' title='bbox 568 1915 646 1989; x_wconf 80' lang='lat' dir='ltr'><strong><em>de</em></strong></span> <span class='ocrx_word' id='word_1_274' title='bbox 670 1915 958 1979; x_wconf 84' lang='lat' dir='ltr'><strong><em>oratione,</em></strong></span> <span class='ocrx_word' id='word_1_275' title='bbox 981 1915 1215 1989; x_wconf 73' lang='lat' dir='ltr'><strong><em>judicio</em></strong></span> <span class='ocrx_word' id='word_1_276' title='bbox 1278 1920 1332 1972; x_wconf 91' lang='lat' dir='ltr'><strong><em>el</em></strong></span> <span class='ocrx_word' id='word_1_277' title='bbox 1355 1911 1719 1989; x_wconf 80' lang='lat' dir='ltr'><strong><em>operatione,</em></strong></span> <span class='ocrx_word' id='word_1_278' title='bbox 1775 1913 1933 1989; x_wconf 80' lang='lat' dir='ltr'><strong><em>quid</em></strong></span> <span class='ocrx_word' id='word_1_279' title='bbox 1973 1930 2048 1989; x_wconf 85' lang='lat' dir='ltr'><strong><em>ex_</em></strong></span> <span class='ocrx_word' id='word_1_280' title='bbox 2077 1914 2160 1989; x_wconf 81' lang='lat' dir='ltr'><strong><em>eis</em></strong></span> <span class='ocrx_word' id='word_1_281' title='bbox 2197 1912 2498 1989; x_wconf 76' lang='lat' dir='ltr'><strong><em>amplecti,</em></strong></span> <span class='ocrx_word' id='word_1_282' title='bbox 2529 1912 2675 1989; x_wconf 79' lang='lat' dir='ltr'><strong><em>quid</em></strong></span> <span class='ocrx_word' id='word_1_283' title='bbox 2706 1912 2914 1989; x_wconf 74' lang='lat' dir='ltr'><strong><em>fugere</em></strong></span> <span class='ocrx_word' id='word_1_284' title='bbox 2939 1911 3164 1968; x_wconf 87' lang='lat' dir='ltr'><strong><em>deceat.</em></strong></span> <span class='ocrx_word' id='word_1_285' title='bbox 3197 1915 3375 1970; x_wconf 86' lang='lat' dir='ltr'><strong><em>Fuere</em></strong></span> <span class='ocrx_word' id='word_1_286' title='bbox 3423 1911 3609 1971; x_wconf 85' lang='lat' dir='ltr'><strong><em>etiam</em></strong></span> <span class='ocrx_word' id='word_1_287' title='bbox 3642 1916 3928 1989; x_wconf 78' lang='lat' dir='ltr'><strong><em>Georgius</em></strong></span> 
     </span>
    </p>
   </div>
   <div class='ocr_carea' id='block_1_25' title="bbox 571 1982 2937 2056">
    <p class='ocr_par' dir='ltr' id='par_1_25' title="bbox 571 1982 2937 2056">
     <span class='ocr_line' id='line_1_25' title="bbox 571 1982 2937 2056; baseline -0.002 -14"><span class='ocrx_word' id='word_1_288' title='bbox 571 1985 902 2052; x_wconf 86' lang='lat' dir='ltr'><strong><em>Chumnus,</em></strong></span> <span class='ocrx_word' id='word_1_289' title='bbox 929 1982 994 2042; x_wconf 84' lang='lat' dir='ltr'><strong><em>et</em></strong></span> <span class='ocrx_word' id='word_1_290' title='bbox 1015 1986 1278 2042; x_wconf 87' lang='lat' dir='ltr'><strong><em>Joannes</em></strong></span> <span class='ocrx_word' id='word_1_291' title='bbox 1335 1982 1647 2054; x_wconf 81' lang='lat' dir='ltr'><strong><em>Chumnus</em></strong></span> <span class='ocrx_word' id='word_1_292' title='bbox 1677 1992 1734 2054; x_wconf 83' lang='lat' dir='ltr'><strong><em>et</em></strong></span> <span class='ocrx_word' id='word_1_293' title='bbox 1784 1982 2048 2056; x_wconf 76' lang='lat' dir='ltr'><strong><em>Michael</em></strong></span> <span class='ocrx_word' id='word_1_294' title='bbox 2081 1982 2409 2056; x_wconf 81' lang='lat' dir='ltr'><strong><em>Chumnus,</em></strong></span> <span class='ocrx_word' id='word_1_295' title='bbox 2437 1983 2512 2040; x_wconf 90' lang='lat' dir='ltr'><strong><em>de</em></strong></span> <span class='ocrx_word' id='word_1_296' title='bbox 2541 1982 2758 2056; x_wconf 61' lang='lat' dir='ltr'><strong><em>Quibus</em></strong></span> <span class='ocrx_word' id='word_1_297' title='bbox 2778 1982 2937 2040; x_wconf 87' lang='lat' dir='ltr'><strong><em>alibi.</em></strong></span> 
     </span>
    </p>
   </div>
   <div class='ocr_carea' id='block_1_26' title="bbox 567 2081 3931 2155">
    <p class='ocr_par' dir='ltr' id='par_1_26' title="bbox 567 2081 3931 2155">
     <span class='ocr_line' id='line_1_26' title="bbox 567 2081 3931 2155; baseline 0.001 -17"><span class='ocrx_word' id='word_1_298' title='bbox 567 2082 739 2138; x_wconf 88' lang='lat' dir='ltr'><strong><em>Vind.</em></strong></span> <span class='ocrx_word' id='word_1_299' title='bbox 775 2087 862 2139; x_wconf 86' lang='lat'><strong><em>67.</em></strong></span> <span class='ocrx_word' id='word_1_300' title='bbox 899 2084 958 2138; x_wconf 89' lang='lat' dir='ltr'><strong><em>V.</em></strong></span> <span class='ocrx_word' id='word_1_301' title='bbox 989 2083 1265 2139; x_wconf 87' lang='lat' dir='ltr'><strong><em>Lambec.</em></strong></span> <span class='ocrx_word' id='word_1_302' title='bbox 1301 2087 1528 2140; x_wconf 88' lang='lat' dir='ltr'><strong><em>Comm.</em></strong></span> <span class='ocrx_word' id='word_1_303' title='bbox 1569 2086 1703 2150; x_wconf 90' lang='lat' dir='ltr'>VIII,</span> <span class='ocrx_word' id='word_1_304' title='bbox 1735 2099 1793 2155; x_wconf 93' lang='lat' dir='ltr'><strong><em>p.</em></strong></span> <span class='ocrx_word' id='word_1_305' title='bbox 1830 2084 1966 2155; x_wconf 68' lang='grc'><strong><em>1069</em></strong></span> <span class='ocrx_word' id='word_1_306' title='bbox 1995 2087 2058 2155; x_wconf 87' lang='lat' dir='ltr'><strong><em>et</em></strong></span> <span class='ocrx_word' id='word_1_307' title='bbox 2085 2086 2218 2138; x_wconf 80' lang='grc'><strong><em>1072</em></strong></span> <span class='ocrx_word' id='word_1_308' title='bbox 2327 2151 2342 2155; x_wconf 88' lang='lat'><strong>_</strong></span> <span class='ocrx_word' id='word_1_309' title='bbox 2404 2081 3151 2155; x_wconf 50' lang='lat' dir='ltr'><strong><em>[NicephorusApelastua</em></strong></span> <span class='ocrx_word' id='word_1_310' title='bbox 3176 2081 3931 2155; x_wconf 86' lang='lat' dir='ltr'><strong><em>episcopuscivitatisBele-</em></strong></span> 
     </span>
    </p>
   </div>
   <div class='ocr_carea' id='block_1_27' title="bbox 568 2151 3932 2229">
    <p class='ocr_par' dir='ltr' id='par_1_27' title="bbox 568 2151 3932 2229">
     <span class='ocr_line' id='line_1_27' title="bbox 568 2151 3932 2229; baseline 0.001 -20"><span class='ocrx_word' id='word_1_311' title='bbox 568 2170 661 2229; x_wconf 77' lang='lat' dir='ltr'><strong><em>sq.</em></strong></span> <span class='ocrx_word' id='word_1_312' title='bbox 702 2185 774 2196; x_wconf 89' lang='lat'>-</span> <span class='ocrx_word' id='word_1_313' title='bbox 800 2155 1128 2229; x_wconf 80' lang='lat' dir='ltr'><strong><em>Nicephori</em></strong></span> <span class='ocrx_word' id='word_1_314' title='bbox 1147 2155 1465 2229; x_wconf 73' lang='lat' dir='ltr'><strong><em>cujusdam</em></strong></span> <span class='ocrx_word' id='word_1_315' title='bbox 1516 2151 1796 2229; x_wconf 74' lang='lat' dir='ltr'><strong><em>praetoris</em></strong></span> <span class='ocrx_word' id='word_1_316' title='bbox 1840 2153 2172 2229; x_wconf 76' lang='lat' dir='ltr'><strong><em>alloquium</em></strong></span> <span class='ocrx_word' id='word_1_317' title='bbox 2202 2171 2215 2221; x_wconf 93' lang='lat'><strong>;</strong></span> <span class='ocrx_word' id='word_1_318' title='bbox 2326 2151 2519 2220; x_wconf 50' lang='lat' dir='ltr'><strong><em>bu‘gd.</em></strong></span> <span class='ocrx_word' id='word_1_319' title='bbox 2542 2151 2605 2229; x_wconf 85' lang='lat' dir='ltr'><strong><em>i_n_</em></strong></span> <span class='ocrx_word' id='word_1_320' title='bbox 2623 2151 2884 2229; x_wconf 82' lang='lat' dir='ltr'><strong><em>tine__cod</em></strong></span> <span class='ocrx_word' id='word_1_321' title='bbox 2911 2151 3314 2229; x_wconf 63' lang='lat' dir='ltr'><strong><em>Coisl.72,_t]ui</em></strong></span> <span class='ocrx_word' id='word_1_322' title='bbox 3335 2151 3602 2229; x_wconf 81' lang='lat' dir='ltr'><strong><em>continet</em></strong></span> <span class='ocrx_word' id='word_1_323' title='bbox 3617 2157 3711 2229; x_wconf 86' lang='lat' dir='ltr'><strong><em>.Io.</em></strong></span> <span class='ocrx_word' id='word_1_324' title='bbox 3763 2157 3932 2229; x_wconf 70' lang='lat' dir='ltr'><strong><em>Chry-</em></strong></span> 
     </span>
    </p>
   </div>
   <div class='ocr_carea' id='block_1_28' title="bbox 565 2222 2170 2296">
    <p class='ocr_par' dir='ltr' id='par_1_28' title="bbox 565 2222 2170 2292">
     <span class='ocr_line' id='line_1_28' title="bbox 565 2222 2170 2292; baseline -0.002 -10"><span class='ocrx_word' id='word_1_325' title='bbox 565 2222 682 2282; x_wconf 72' lang='lat' dir='ltr'><strong><em>inc.</em></strong></span> <span class='ocrx_word' id='word_1_326' title='bbox 730 2231 822 2287; x_wconf 88' lang='grc' dir='ltr'><strong>Τίς</strong></span> <span class='ocrx_word' id='word_1_327' title='bbox 871 2224 1081 2283; x_wconf 76' lang='grc' dir='ltr'><strong><em>λαλήσει</em></strong></span> <span class='ocrx_word' id='word_1_328' title='bbox 1135 2222 1236 2286; x_wconf 65' lang='grc' dir='ltr'><strong><em>τὰς’</em></strong></span> <span class='ocrx_word' id='word_1_329' title='bbox 1277 2222 1603 2292; x_wconf 73' lang='grc' dir='ltr'><strong><em>δυναστείας,</em></strong></span> <span class='ocrx_word' id='word_1_330' title='bbox 1653 2226 1713 2281; x_wconf 86' lang='lat' dir='ltr'><strong><em>in</em></strong></span> <span class='ocrx_word' id='word_1_331' title='bbox 1767 2226 1899 2280; x_wconf 90' lang='lat' dir='ltr'><strong><em>cod.</em></strong></span> <span class='ocrx_word' id='word_1_332' title='bbox 1962 2222 2050 2281; x_wconf 60' lang='grc'><strong><em>[31</em></strong></span> <span class='ocrx_word' id='word_1_333' title='bbox 2115 2228 2170 2279; x_wconf 83' lang='lat' dir='ltr'><strong><em>Bt</em></strong></span> 
     </span>
    </p>
   </div>
   <div class='ocr_carea' id='block_1_29' title="bbox 2324 2222 3929 2296">
    <p class='ocr_par' dir='ltr' id='par_1_29' title="bbox 2327 2222 3929 2296">
     <span class='ocr_line' id='line_1_29' title="bbox 2327 2222 3929 2296; baseline 0.003 -18"><span class='ocrx_word' id='word_1_334' title='bbox 2327 2224 2576 2296; x_wconf 85' lang='lat' dir='ltr'><strong><em>sostomi</em></strong></span> <span class='ocrx_word' id='word_1_335' title='bbox 2592 2223 2901 2296; x_wconf 79' lang='lat' dir='ltr'><strong><em>homiliam</em></strong></span> <span class='ocrx_word' id='word_1_336' title='bbox 2913 2227 2979 2296; x_wconf 83' lang='lat'><strong><em>88</em></strong></span> <span class='ocrx_word' id='word_1_337' title='bbox 3003 2241 3085 2290; x_wconf 88' lang='lat' dir='ltr'><strong><em>,se</em></strong></span> <span class='ocrx_word' id='word_1_338' title='bbox 3104 2222 3451 2296; x_wconf 78' lang='lat' dir='ltr'><strong><em>scriptorem</em></strong></span> <span class='ocrx_word' id='word_1_339' title='bbox 3468 2226 3728 2296; x_wconf 84' lang='lat' dir='ltr'><strong><em>codicis,</em></strong></span> <span class='ocrx_word' id='word_1_340' title='bbox 3752 2244 3788 2283; x_wconf 86' lang='lat' dir='ltr'><strong><em>a</em></strong></span> <span class='ocrx_word' id='word_1_341' title='bbox 3806 2222 3929 2285; x_wconf 66' lang='lat'><strong><em>658131</em></strong></span> 
     </span>
    </p>
   </div>
   <div class='ocr_carea' id='block_1_30' title="bbox 565 2294 3927 2378">
    <p class='ocr_par' dir='ltr' id='par_1_30' title="bbox 565 2294 3927 2378">
     <span class='ocr_line' id='line_1_30' title="bbox 565 2294 3927 2378; baseline 0.001 -26"><span class='ocrx_word' id='word_1_342' title='bbox 565 2312 722 2378; x_wconf 62' lang='lat' dir='ltr'><strong><em>recc.</em></strong></span> <span class='ocrx_word' id='word_1_343' title='bbox 748 2299 944 2378; x_wconf 42' lang='lat' dir='ltr'><strong><em>‘Oxou.</em></strong></span> <span class='ocrx_word' id='word_1_344' title='bbox 979 2297 1037 2351; x_wconf 90' lang='lat' dir='ltr'><strong><em>in</em></strong></span> <span class='ocrx_word' id='word_1_345' title='bbox 1069 2313 1190 2378; x_wconf 80' lang='lat' dir='ltr'><strong><em>quo</em></strong></span> <span class='ocrx_word' id='word_1_346' title='bbox 1212 2297 1346 2378; x_wconf 86' lang='lat' dir='ltr'><strong><em>co_c_l.</em></strong></span> <span class='ocrx_word' id='word_1_347' title='bbox 1379 2304 1517 2354; x_wconf 88' lang='lat' dir='ltr'><strong><em>sunt</em></strong></span> <span class='ocrx_word' id='word_1_348' title='bbox 1541 2312 1782 2371; x_wconf 84' lang='lat' dir='ltr'><strong><em>quoque</em></strong></span> <span class='ocrx_word' id='word_1_349' title='bbox 1813 2296 1984 2370; x_wconf 87' lang='lat' dir='ltr'><strong><em>plura</em></strong></span> <span class='ocrx_word' id='word_1_350' title='bbox 2005 2311 2214 2369; x_wconf 89' lang='lat' dir='ltr'><strong><em>opusc.</em></strong></span> <span class='ocrx_word' id='word_1_351' title='bbox 2326 2295 2410 2366; x_wconf 93' lang='lat' dir='ltr'><strong><em>(h.</em></strong></span> <span class='ocrx_word' id='word_1_352' title='bbox 2446 2310 2496 2352; x_wconf 91' lang='lat' dir='ltr'><strong><em>e.</em></strong></span> <span class='ocrx_word' id='word_1_353' title='bbox 2530 2310 2692 2354; x_wconf 88' lang='lat' dir='ltr'><strong><em>anno</em></strong></span> <span class='ocrx_word' id='word_1_354' title='bbox 2715 2294 2926 2352; x_wconf 74' lang='lat' dir='ltr'><strong><em>Christi</em></strong></span> <span class='ocrx_word' id='word_1_355' title='bbox 2956 2299 3114 2366; x_wconf 74' lang='lat'><strong><em>1072)</em></strong></span> <span class='ocrx_word' id='word_1_356' title='bbox 3145 2294 3328 2352; x_wconf 82' lang='lat' dir='ltr'><strong><em>fuisse</em></strong></span> <span class='ocrx_word' id='word_1_357' title='bbox 3359 2295 3708 2370; x_wconf 86' lang='lat' dir='ltr'><strong><em>proﬁtetur.</em></strong></span> <span class='ocrx_word' id='word_1_358' title='bbox 3736 2301 3927 2378; x_wconf 49' lang='lat' dir='ltr'><strong><em>Hann)</em></strong></span> 
     </span>
    </p>
   </div>
   <div class='ocr_carea' id='block_1_31' title="bbox 567 2367 1444 2454">
    <p class='ocr_par' dir='ltr' id='par_1_31' title="bbox 567 2367 1444 2454">
     <span class='ocr_line' id='line_1_31' title="bbox 567 2367 1444 2454; baseline 0.002 -28"><span class='ocrx_word' id='word_1_359' title='bbox 567 2368 815 2454; x_wconf 63' lang='lat' dir='ltr'><strong><em>Niceph.</em></strong></span> <span class='ocrx_word' id='word_1_360' title='bbox 852 2367 1214 2427; x_wconf 71' lang='lat' dir='ltr'><strong><em>Blemmidaa.</em></strong></span> <span class='ocrx_word' id='word_1_361' title='bbox 1273 2370 1444 2428; x_wconf 68' lang='grc' dir='ltr'><strong><em>ΒΑΜ..</em></strong></span> 
     </span>
    </p>
   </div>
   <div class='ocr_carea' id='block_1_32' title="bbox 745 2596 2650 2626">
    <p class='ocr_par' dir='ltr' id='par_1_32' title="bbox 745 2596 2650 2626">
     <span class='ocr_line' id='line_1_32' title="bbox 745 2596 2650 2626; baseline 0.002 -6"><span class='ocrx_word' id='word_1_362' title='bbox 745 2596 2650 2626; x_wconf 58' lang='lat' dir='ltr'><strong><em>m</em></strong></span> 
     </span>
    </p>
   </div>
   <div class='ocr_carea' id='block_1_33' title="bbox 644 2795 3879 3026">
    <p class='ocr_par' dir='ltr' id='par_1_33' title="bbox 644 2795 3879 3026">
     <span class='ocr_line' id='line_1_33' title="bbox 644 2795 3879 3026; baseline 0.004 -59"><span class='ocrx_word' id='word_1_363' title='bbox 644 2795 2021 2973; x_wconf 84' lang='grc' dir='ltr'><strong><em>ΝΙΚΗΦΟΡΟΥ</em></strong></span> <span class='ocrx_word' id='word_1_364' title='bbox 2119 2797 2566 2974; x_wconf 77' lang='grc' dir='ltr'><strong><em>ΤΟΥ</em></strong></span> <span class='ocrx_word' id='word_1_365' title='bbox 2711 2799 3879 2980; x_wconf 74' lang='grc' dir='ltr'><strong><em>ΧΟΥΜΝΟΥ</em></strong></span> 
     </span>
    </p>
   </div>
   <div class='ocr_carea' id='block_1_34' title="bbox 1858 3098 2632 3190">
    <p class='ocr_par' dir='ltr' id='par_1_34' title="bbox 1858 3098 2632 3190">
     <span class='ocr_line' id='line_1_34' title="bbox 1858 3098 2632 3190; baseline -0.001 -3"><span class='ocrx_word' id='word_1_366' title='bbox 1858 3101 2006 3187; x_wconf 87' lang='lat' dir='ltr'><strong><em>AN</em></strong></span> <span class='ocrx_word' id='word_1_367' title='bbox 2013 3098 2632 3190; x_wconf 83' lang='grc' dir='ltr'><strong><em>ΤΙΘΕΤΙΚΟΣ</em></strong></span> 
     </span>
    </p>
   </div>
   <div class='ocr_carea' id='block_1_35' title="bbox 573 3310 3489 3435">
    <p class='ocr_par' dir='ltr' id='par_1_35' title="bbox 573 3310 3489 3435">
     <span class='ocr_line' id='line_1_35' title="bbox 573 3310 3489 3435; baseline 0.006 -16"><span class='ocrx_word' id='word_1_368' title='bbox 573 3310 578 3314; x_wconf 90' lang='grc'><strong>·</strong></span> <span class='ocrx_word' id='word_1_369' title='bbox 679 3359 682 3362; x_wconf 81' lang='lat'><strong><em>~</em></strong></span> <span class='ocrx_word' id='word_1_370' title='bbox 949 3314 1368 3432; x_wconf 82' lang='grc' dir='ltr'>ΗΡΟΣ</span> <span class='ocrx_word' id='word_1_371' title='bbox 1525 3310 2357 3435; x_wconf 78' lang='grc' dir='ltr'><strong><em>ΠΑΩΤΙΝΟΝ</em></strong></span> <span class='ocrx_word' id='word_1_372' title='bbox 2508 3319 2878 3434; x_wconf 84' lang='grc' dir='ltr'><strong><em>ΠΕΡΙ</em></strong></span> <span class='ocrx_word' id='word_1_373' title='bbox 2955 3321 3489 3435; x_wconf 79' lang='grc' dir='ltr'><strong><em>ΨΥΧΗΣ</em></strong></span> 
     </span>
    </p>
   </div>
   <div class='ocr_carea' id='block_1_36' title="bbox 1219 3679 2824 3928">
    <p class='ocr_par' dir='ltr' id='par_1_36' title="bbox 1219 3679 2824 3928">
     <span class='ocr_line' id='line_1_36' title="bbox 1219 3679 2824 3928; baseline 0.002 -4"><span class='ocrx_word' id='word_1_374' title='bbox 1219 3679 2362 3924; x_wconf 63' lang='grc' dir='ltr'><strong><em>ΝΙὈΕΡΗΟΒΙ</em></strong></span> <span class='ocrx_word' id='word_1_375' title='bbox 2465 3785 2824 3928; x_wconf 84' lang='lat' dir='ltr'><strong><em>CHU</em></strong></span> 
     </span>
    </p>
   </div>
   <div class='ocr_carea' id='block_1_37' title="bbox 1606 3679 3211 3928">
    <p class='ocr_par' dir='ltr' id='par_1_37' title="bbox 1606 3783 3211 3928">
     <span class='ocr_line' id='line_1_37' title="bbox 1606 3783 3211 3928; baseline 0.003 -8"><span class='ocrx_word' id='word_1_376' title='bbox 1606 3783 2362 3924; x_wconf 72' lang='lat' dir='ltr'><strong><em>IEPHORI</em></strong></span> <span class='ocrx_word' id='word_1_377' title='bbox 2465 3785 3143 3928; x_wconf 83' lang='lat' dir='ltr'><strong><em>CHUMN</em></strong></span> <span class='ocrx_word' id='word_1_378' title='bbox 3153 3789 3211 3926; x_wconf 96' lang='grc' dir='ltr'>Ι</span> 
     </span>
    </p>
   </div>
   <div class='ocr_carea' id='block_1_38' title="bbox 1881 4078 2675 4166">
    <p class='ocr_par' dir='ltr' id='par_1_38' title="bbox 1881 4078 2675 4166">
     <span class='ocr_line' id='line_1_38' title="bbox 1881 4078 2675 4166; baseline 0.005 -6"><span class='ocrx_word' id='word_1_379' title='bbox 1881 4078 2675 4166; x_wconf 88' lang='lat' dir='ltr'><strong><em>ANTITHETICUS</em></strong></span> 
     </span>
    </p>
   </div>
   <div class='ocr_carea' id='block_1_39' title="bbox 1049 4295 3485 4412">
    <p class='ocr_par' dir='ltr' id='par_1_39' title="bbox 1049 4295 3485 4412">
     <span class='ocr_line' id='line_1_39' title="bbox 1049 4295 3485 4412; baseline 0.003 -10"><span class='ocrx_word' id='word_1_380' title='bbox 1049 4295 1816 4405; x_wconf 84' lang='lat' dir='ltr'><strong><em>ADVERSUS</em></strong></span> <span class='ocrx_word' id='word_1_381' title='bbox 1891 4296 2647 4412; x_wconf 87' lang='lat' dir='ltr'><strong><em>PLOTINUM</em></strong></span> <span class='ocrx_word' id='word_1_382' title='bbox 2721 4299 2904 4408; x_wconf 91' lang='lat' dir='ltr'><strong><em>DE</em></strong></span> <span class='ocrx_word' id='word_1_383' title='bbox 2981 4299 3485 4410; x_wconf 87' lang='lat' dir='ltr'><strong><em>ANIMA.</em></strong></span> 
     </span>
    </p>
   </div>
   <div class='ocr_carea' id='block_1_40' title="bbox 663 4523 3901 4607">
    <p class='ocr_par' dir='ltr' id='par_1_40' title="bbox 663 4523 3901 4607">
     <span class='ocr_line' id='line_1_40' title="bbox 663 4523 3901 4607; baseline 0.003 -26"><span class='ocrx_word' id='word_1_384' title='bbox 663 4523 813 4599; x_wconf 87' lang='lat' dir='ltr'><strong><em>(Sub</em></strong></span> <span class='ocrx_word' id='word_1_385' title='bbox 841 4525 1084 4584; x_wconf 87' lang='lat' dir='ltr'><strong><em>nomine</em></strong></span> <span class='ocrx_word' id='word_1_386' title='bbox 1121 4526 1502 4585; x_wconf 83' lang='lat' dir='ltr'><strong><em>Nathanaelis</em></strong></span> <span class='ocrx_word' id='word_1_387' title='bbox 1541 4529 1823 4586; x_wconf 83' lang='lat' dir='ltr'><strong><em>monachi</em></strong></span> <span class='ocrx_word' id='word_1_388' title='bbox 1861 4533 2058 4588; x_wconf 65' lang='lat' dir='ltr'><strong><em>Grmce</em></strong></span> <span class='ocrx_word' id='word_1_389' title='bbox 2096 4530 2282 4589; x_wconf 85' lang='lat' dir='ltr'><strong><em>edidit</em></strong></span> <span class='ocrx_word' id='word_1_390' title='bbox 2311 4533 2462 4588; x_wconf 86' lang='lat' dir='ltr'><strong><em>Frid.</em></strong></span> <span class='ocrx_word' id='word_1_391' title='bbox 2499 4533 2816 4588; x_wconf 87' lang='lat' dir='ltr'><strong><em>Creuzerus</em></strong></span> <span class='ocrx_word' id='word_1_392' title='bbox 2842 4534 2980 4604; x_wconf 91' lang='lat' dir='ltr'><strong><em>post</em></strong></span> <span class='ocrx_word' id='word_1_393' title='bbox 3017 4531 3224 4588; x_wconf 89' lang='lat' dir='ltr'><strong><em>Plotini</em></strong></span> <span class='ocrx_word' id='word_1_394' title='bbox 3251 4530 3480 4590; x_wconf 88' lang='lat' dir='ltr'><strong><em>librum</em></strong></span> <span class='ocrx_word' id='word_1_395' title='bbox 3517 4536 3608 4593; x_wconf 90' lang='lat' dir='ltr'><strong><em>De</em></strong></span> <span class='ocrx_word' id='word_1_396' title='bbox 3635 4537 3901 4607; x_wconf 83' lang='lat' dir='ltr'><strong><em>pulchri-</em></strong></span> 
     </span>
    </p>
   </div>
   <div class='ocr_carea' id='block_1_41' title="bbox 1165 4616 3389 4696">
    <p class='ocr_par' dir='ltr' id='par_1_41' title="bbox 1165 4616 3389 4696">
     <span class='ocr_line' id='line_1_41' title="bbox 1165 4616 3389 4696; baseline 0.002 -24"><span class='ocrx_word' id='word_1_397' title='bbox 1165 4616 1390 4687; x_wconf 85' lang='lat' dir='ltr'><strong><em>tudine,</em></strong></span> <span class='ocrx_word' id='word_1_398' title='bbox 1432 4617 1855 4692; x_wconf 74' lang='lat' dir='ltr'><strong><em>Heidelbergte,</em></strong></span> <span class='ocrx_word' id='word_1_399' title='bbox 1901 4621 2056 4678; x_wconf 77' lang='grc'><strong><em>1814.</em></strong></span> <span class='ocrx_word' id='word_1_400' title='bbox 2098 4623 2649 4696; x_wconf 82' lang='lat' dir='ltr'><strong><em>Interpretationem</em></strong></span> <span class='ocrx_word' id='word_1_401' title='bbox 2685 4626 2956 4679; x_wconf 83' lang='lat' dir='ltr'><strong><em>nostram</em></strong></span> <span class='ocrx_word' id='word_1_402' title='bbox 2994 4620 3389 4694; x_wconf 83' lang='lat' dir='ltr'><strong><em>addidimus).</em></strong></span> 
     </span>
    </p>
   </div>
   <div class='ocr_carea' id='block_1_42' title="bbox 2105 4976 2438 5034">
    <p class='ocr_par' dir='ltr' id='par_1_42' title="bbox 2105 4976 2438 5034">
     <span class='ocr_line' id='line_1_42' title="bbox 2105 4976 2438 5034; baseline -0.006 -1"><span class='ocrx_word' id='word_1_403' title='bbox 2105 4976 2438 5034; x_wconf 78' lang='lat' dir='ltr'><strong><em>MONITUM.</em></strong></span> 
     </span>
    </p>
   </div>
   <div class='ocr_carea' id='block_1_43' title="bbox 670 5181 3956 5258">
    <p class='ocr_par' dir='ltr' id='par_1_43' title="bbox 670 5181 3956 5258">
     <span class='ocr_line' id='line_1_43' title="bbox 670 5181 3956 5258; baseline 0.002 -18"><span class='ocrx_word' id='word_1_404' title='bbox 670 5181 973 5240; x_wconf 84' lang='lat' dir='ltr'><strong><em>Fabricius</em></strong></span> <span class='ocrx_word' id='word_1_405' title='bbox 1001 5183 1156 5241; x_wconf 89' lang='lat' dir='ltr'><strong><em>Bibl.</em></strong></span> <span class='ocrx_word' id='word_1_406' title='bbox 1189 5184 1290 5241; x_wconf 87' lang='lat' dir='ltr'><strong><em>Gr.</em></strong></span> <span class='ocrx_word' id='word_1_407' title='bbox 1334 5183 1454 5242; x_wconf 83' lang='lat' dir='ltr'><strong><em>vol.</em></strong></span> <span class='ocrx_word' id='word_1_408' title='bbox 1481 5186 1545 5254; x_wconf 88' lang='lat' dir='ltr'><strong><em>V,</em></strong></span> <span class='ocrx_word' id='word_1_409' title='bbox 1575 5187 1784 5256; x_wconf 84' lang='lat' dir='ltr'><strong><em>p.688,</em></strong></span> <span class='ocrx_word' id='word_1_410' title='bbox 1827 5189 1948 5241; x_wconf 89' lang='lat' dir='ltr'><strong><em>not.</em></strong></span> <span class='ocrx_word' id='word_1_411' title='bbox 1973 5203 2046 5255; x_wconf 77' lang='lat' dir='ltr'><strong><em>io,</em></strong></span> <span class='ocrx_word' id='word_1_412' title='bbox 2079 5187 2174 5244; x_wconf 90' lang='lat' dir='ltr'><strong><em>ed.</em></strong></span> <span class='ocrx_word' id='word_1_413' title='bbox 2207 5187 2388 5253; x_wconf 81' lang='lat' dir='ltr'><strong><em>Harl.,</em></strong></span> <span class='ocrx_word' id='word_1_414' title='bbox 2429 5187 2677 5244; x_wconf 89' lang='lat' dir='ltr'><strong><em>edoctus</em></strong></span> <span class='ocrx_word' id='word_1_415' title='bbox 2704 5203 2740 5244; x_wconf 88' lang='lat' dir='ltr'><strong><em>a</em></strong></span> <span class='ocrx_word' id='word_1_416' title='bbox 2788 5185 3102 5244; x_wconf 88' lang='lat' dir='ltr'><strong><em>Lambecio</em></strong></span> <span class='ocrx_word' id='word_1_417' title='bbox 3148 5185 3418 5258; x_wconf 80' lang='lat' dir='ltr'><strong><em>Catalog.</em></strong></span> <span class='ocrx_word' id='word_1_418' title='bbox 3474 5187 3609 5245; x_wconf 90' lang='lat' dir='ltr'><strong><em>bibl</em></strong></span> <span class='ocrx_word' id='word_1_419' title='bbox 3645 5193 3797 5249; x_wconf 81' lang='lat' dir='ltr'><strong><em>Caes.</em></strong></span> <span class='ocrx_word' id='word_1_420' title='bbox 3852 5192 3956 5246; x_wconf 75' lang='lat' dir='ltr'><strong><em>Vin-</em></strong></span> 
     </span>
    </p>
   </div>
   <div class='ocr_carea' id='block_1_44' title="bbox 597 5270 3952 5345">
    <p class='ocr_par' dir='ltr' id='par_1_44' title="bbox 597 5270 3952 5345">
     <span class='ocr_line' id='line_1_44' title="bbox 597 5270 3952 5345; baseline 0.001 -17"><span class='ocrx_word' id='word_1_421' title='bbox 597 5270 997 5343; x_wconf 89' lang='lat' dir='ltr'><strong><em>dob.lib.VIl,</em></strong></span> <span class='ocrx_word' id='word_1_422' title='bbox 1039 5289 1096 5345; x_wconf 92' lang='lat' dir='ltr'><strong><em>p.</em></strong></span> <span class='ocrx_word' id='word_1_423' title='bbox 1130 5274 1230 5330; x_wconf 78' lang='lat'><strong><em>553</em></strong></span> <span class='ocrx_word' id='word_1_424' title='bbox 1252 5273 1497 5344; x_wconf 83' lang='lat' dir='ltr'><strong><em>Kollar.,</em></strong></span> <span class='ocrx_word' id='word_1_425' title='bbox 1538 5273 1715 5330; x_wconf 79' lang='lat' dir='ltr'><strong><em>refert</em></strong></span> <span class='ocrx_word' id='word_1_426' title='bbox 1747 5279 1981 5331; x_wconf 78' lang='lat' dir='ltr'><strong><em>exstare</em></strong></span> <span class='ocrx_word' id='word_1_427' title='bbox 2010 5276 2069 5330; x_wconf 90' lang='lat' dir='ltr'><strong><em>in</em></strong></span> <span class='ocrx_word' id='word_1_428' title='bbox 2103 5276 2476 5333; x_wconf 71' lang='lat' dir='ltr'><strong><em>bibliothecae</em></strong></span> <span class='ocrx_word' id='word_1_429' title='bbox 2528 5277 3003 5334; x_wconf 88' lang='lat' dir='ltr'><strong><em>Vindobonensis</em></strong></span> <span class='ocrx_word' id='word_1_430' title='bbox 3058 5277 3203 5332; x_wconf 68' lang='lat' dir='ltr'><strong><em>CtBS.</em></strong></span> <span class='ocrx_word' id='word_1_431' title='bbox 3267 5276 3478 5333; x_wconf 83' lang='lat' dir='ltr'><strong><em>codice</em></strong></span> <span class='ocrx_word' id='word_1_432' title='bbox 3535 5278 3819 5338; x_wconf 85' lang='lat' dir='ltr'><strong><em>libellum</em></strong></span> <span class='ocrx_word' id='word_1_433' title='bbox 3858 5283 3952 5336; x_wconf 66' lang='lat' dir='ltr'><strong><em>ine</em></strong></span> 
     </span>
    </p>
   </div>
   <div class='ocr_carea' id='block_1_45' title="bbox 544 5361 3950 5440">
    <p class='ocr_par' dir='ltr' id='par_1_45' title="bbox 544 5361 3950 5440">
     <span class='ocr_line' id='line_1_45' title="bbox 544 5361 3950 5440; baseline 0.001 -22"><span class='ocrx_word' id='word_1_434' title='bbox 544 5423 556 5429; x_wconf 93' lang='lat'>_</span> <span class='ocrx_word' id='word_1_435' title='bbox 598 5361 791 5418; x_wconf 89' lang='lat' dir='ltr'><strong><em>ditum</em></strong></span> <span class='ocrx_word' id='word_1_436' title='bbox 824 5361 1140 5433; x_wconf 82' lang='lat' dir='ltr'><strong><em>Anonymi.</em></strong></span> <span class='ocrx_word' id='word_1_437' title='bbox 1162 5364 1267 5436; x_wconf 89' lang='lat' dir='ltr'><strong><em>qui</em></strong></span> <span class='ocrx_word' id='word_1_438' title='bbox 1303 5362 1701 5420; x_wconf 86' lang='lat' dir='ltr'><strong><em>inscribatur:</em></strong></span> <span class='ocrx_word' id='word_1_439' title='bbox 1737 5363 2081 5427; x_wconf 77' lang='grc' dir='ltr'><strong><em>Ἀντιθετικὸς</em></strong></span> <span class='ocrx_word' id='word_1_440' title='bbox 2118 5369 2243 5440; x_wconf 80' lang='grc' dir='ltr'><strong><em>πρὸς</em></strong></span> <span class='ocrx_word' id='word_1_441' title='bbox 2271 5366 2546 5421; x_wconf 75' lang='grc' dir='ltr'><strong><em>Πλωτίνον.</em></strong></span> <span class='ocrx_word' id='word_1_442' title='bbox 2582 5367 2716 5438; x_wconf 85' lang='lat' dir='ltr'><strong><em>Ejus</em></strong></span> <span class='ocrx_word' id='word_1_443' title='bbox 2746 5363 3019 5438; x_wconf 88' lang='lat' dir='ltr'><strong><em>opusculi</em></strong></span> <span class='ocrx_word' id='word_1_444' title='bbox 3068 5364 3502 5436; x_wconf 86' lang='lat' dir='ltr'><strong><em>apograpbum</em></strong></span> <span class='ocrx_word' id='word_1_445' title='bbox 3553 5368 3706 5424; x_wconf 87' lang='lat' dir='ltr'><strong><em>mihi</em></strong></span> <span class='ocrx_word' id='word_1_446' title='bbox 3741 5367 3950 5440; x_wconf 58' lang='lat' dir='ltr'><strong><em>rogant;</em></strong></span> 
     </span>
    </p>
   </div>
   <div class='ocr_carea' id='block_1_46' title="bbox 598 5449 3950 5532">
    <p class='ocr_par' dir='ltr' id='par_1_46' title="bbox 598 5449 3950 5532">
     <span class='ocr_line' id='line_1_46' title="bbox 598 5449 3950 5532; baseline 0.001 -27"><span class='ocrx_word' id='word_1_447' title='bbox 598 5455 1022 5522; x_wconf 78' lang='lat' dir='ltr'><strong><em>procuraverat</em></strong></span> <span class='ocrx_word' id='word_1_448' title='bbox 1049 5453 1396 5509; x_wconf 84' lang='lat' dir='ltr'><strong><em>Hartmanni</em></strong></span> <span class='ocrx_word' id='word_1_449' title='bbox 1433 5453 1550 5512; x_wconf 87' lang='lat' dir='ltr'><strong><em>mei</em></strong></span> <span class='ocrx_word' id='word_1_450' title='bbox 1576 5453 1637 5508; x_wconf 89' lang='lat' dir='ltr'><strong><em>in</em></strong></span> <span class='ocrx_word' id='word_1_451' title='bbox 1669 5451 1797 5508; x_wconf 83' lang='lat' dir='ltr'><strong><em>aliis</em></strong></span> <span class='ocrx_word' id='word_1_452' title='bbox 1827 5449 2066 5532; x_wconf 79' lang='lat' dir='ltr'><strong><em>quoque</em></strong></span> <span class='ocrx_word' id='word_1_453' title='bbox 2092 5455 2270 5511; x_wconf 86' lang='lat' dir='ltr'><strong><em>rebus</em></strong></span> <span class='ocrx_word' id='word_1_454' title='bbox 2292 5459 2602 5532; x_wconf 81' lang='lat' dir='ltr'><strong><em>perspecta</em></strong></span> <span class='ocrx_word' id='word_1_455' title='bbox 2627 5453 2924 5532; x_wconf 83' lang='lat' dir='ltr'><strong><em>voluntas.</em></strong></span> <span class='ocrx_word' id='word_1_456' title='bbox 2947 5456 3152 5526; x_wconf 85' lang='lat' dir='ltr'><strong><em>Itaque</em></strong></span> <span class='ocrx_word' id='word_1_457' title='bbox 3184 5454 3435 5510; x_wconf 82' lang='lat' dir='ltr'><strong><em>tractavi</em></strong></span> <span class='ocrx_word' id='word_1_458' title='bbox 3472 5455 3536 5513; x_wconf 91' lang='lat' dir='ltr'><strong><em>in</em></strong></span> <span class='ocrx_word' id='word_1_459' title='bbox 3584 5459 3950 5524; x_wconf 77' lang='lat' dir='ltr'><strong><em>manibus,e:</em></strong></span> 
     </span>
    </p>
   </div>
   <div class='ocr_carea' id='block_1_47' title="bbox 599 5531 3944 5620">
    <p class='ocr_par' dir='ltr' id='par_1_47' title="bbox 599 5531 3944 5620">
     <span class='ocr_line' id='line_1_47' title="bbox 599 5531 3944 5620; baseline 0.001 -25"><span class='ocrx_word' id='word_1_460' title='bbox 599 5537 944 5620; x_wconf 78' lang='lat' dir='ltr'><strong><em>Plotinianis</em></strong></span> <span class='ocrx_word' id='word_1_461' title='bbox 963 5553 1103 5594; x_wconf 91' lang='lat' dir='ltr'><strong><em>cum</em></strong></span> <span class='ocrx_word' id='word_1_462' title='bbox 1131 5542 1432 5598; x_wconf 86' lang='lat' dir='ltr'><strong><em>sententiis</em></strong></span> <span class='ocrx_word' id='word_1_463' title='bbox 1452 5534 1794 5620; x_wconf 21' lang='lat' dir='ltr'><strong><em>tum‘verbis</em></strong></span> <span class='ocrx_word' id='word_1_464' title='bbox 1822 5557 1928 5616; x_wconf 88' lang='lat' dir='ltr'><strong><em>per</em></strong></span> <span class='ocrx_word' id='word_1_465' title='bbox 1956 5531 2366 5602; x_wconf 79' lang='lat' dir='ltr'><strong><em>Annotationis</em></strong></span> <span class='ocrx_word' id='word_1_466' title='bbox 2395 5544 2904 5617; x_wconf 83' lang='lat' dir='ltr'><strong><em>opportunitatem</em></strong></span> <span class='ocrx_word' id='word_1_467' title='bbox 2929 5541 3197 5612; x_wconf 85' lang='lat' dir='ltr'><strong><em>adhibui,</em></strong></span> <span class='ocrx_word' id='word_1_468' title='bbox 3214 5537 3377 5604; x_wconf 76' lang='lat' dir='ltr'><strong><em>usus,</em></strong></span> <span class='ocrx_word' id='word_1_469' title='bbox 3395 5543 3513 5601; x_wconf 74' lang='lat' dir='ltr'><strong><em>hac</em></strong></span> <span class='ocrx_word' id='word_1_470' title='bbox 3541 5545 3680 5619; x_wconf 87' lang='lat' dir='ltr'><strong><em>ipsa</em></strong></span> <span class='ocrx_word' id='word_1_471' title='bbox 3699 5545 3944 5620; x_wconf 73' lang='lat' dir='ltr'><strong><em>appella-</em></strong></span> 
     </span>
    </p>
   </div>
   <div class='ocr_carea' id='block_1_48' title="bbox 600 5615 3946 5706">
    <p class='ocr_par' dir='ltr' id='par_1_48' title="bbox 600 5615 3946 5706">
     <span class='ocr_line' id='line_1_48' title="bbox 600 5615 3946 5706; baseline 0 -21"><span class='ocrx_word' id='word_1_472' title='bbox 600 5620 761 5686; x_wconf 72' lang='lat' dir='ltr'><strong><em>tione</em></strong></span> <span class='ocrx_word' id='word_1_473' title='bbox 783 5617 1107 5698; x_wconf 61' lang='lat' dir='ltr'><strong><em>Anonymi,</em></strong></span> <span class='ocrx_word' id='word_1_474' title='bbox 1140 5631 1303 5701; x_wconf 84' lang='lat' dir='ltr'><strong><em>quod</em></strong></span> <span class='ocrx_word' id='word_1_475' title='bbox 1328 5615 1784 5689; x_wconf 82' lang='lat' dir='ltr'><strong><em>Vindobonense</em></strong></span> <span class='ocrx_word' id='word_1_476' title='bbox 1811 5615 2058 5704; x_wconf 58' lang='lat' dir='ltr'><strong><em>quidem</em></strong></span> <span class='ocrx_word' id='word_1_477' title='bbox 2089 5633 2312 5691; x_wconf 85' lang='lat' dir='ltr'><strong><em>lemma</em></strong></span> <span class='ocrx_word' id='word_1_478' title='bbox 2357 5615 2506 5690; x_wconf 76' lang='lat' dir='ltr'><strong><em>nihil</em></strong></span> <span class='ocrx_word' id='word_1_479' title='bbox 2553 5637 2834 5706; x_wconf 72' lang='lat' dir='ltr'><strong><em>praeterea</em></strong></span> <span class='ocrx_word' id='word_1_480' title='bbox 2864 5631 3185 5689; x_wconf 88' lang='lat' dir='ltr'><strong><em>mentionis</em></strong></span> <span class='ocrx_word' id='word_1_481' title='bbox 3217 5615 3586 5692; x_wconf 58' lang='lat' dir='ltr'><strong><em>contineret:</em></strong></span> <span class='ocrx_word' id='word_1_482' title='bbox 3619 5615 3766 5694; x_wconf 79' lang='lat' dir='ltr'><strong><em>Sero</em></strong></span> <span class='ocrx_word' id='word_1_483' title='bbox 3788 5615 3946 5692; x_wconf 78' lang='lat' dir='ltr'><strong><em>didici</em></strong></span> 
     </span>
    </p>
   </div>
  </div>
