4064 6308
521 273 660 344 1403
1866 273 2239 332 NICEPHORI
2278 273 2515 338 CHUHN
3747 269 3875 338 ηοξ

523 396 651 456 tulo
681 414 694 450 :
724 396 1116 471 Ἀντιρῥητικός
1143 400 1270 470 πρὸς
1298 399 1365 450 τὰ
1388 398 1695 473 Ἱεροκλέους
1719 399 1800 471 (7)
1832 415 1846 466 ;
1879 414 1970 464 ac,
2001 398 2052 454 Si
2082 414 2128 453 e:

2268 414 2362 454 nae
2401 397 2585 456 aetatis
2631 395 2908 468 exempla
2940 392 3162 467 quaeris
3187 407 3325 466 qua:
3378 390 3755 463 Nicephorus
3781 406 3873 464 pa-

525 485 784 546 triarcha
814 485 1157 558 Cpolitanus
1178 486 1440 558 itemque
1461 489 1753 560 Gregoras
1775 487 2064 544 adversus
2081 487 2497 544 dissentientes
2520 485 2908 543 commentati
2941 488 3102 548 sunt,
3131 498 3202 539 ea
3221 481 3761 538 Antirrheticorum
3784 495 3875 535 no-

525 574 687 634 mine
721 572 957 642 singula
986 573 1364 646 appellantur
1392 576 1490 646 (8).
1523 578 1655 632 Jam
1675 592 1813 632 cum
1836 575 2060 634 Labbei
2091 591 2331 648 quoque
2357 575 2594 632 codices
2617 573 2990 632 Antirrhetici
3018 573 3078 634 in
3110 572 3228 628 hoc
3253 571 3385 642 ipso
3411 569 3617 627 libello
3649 569 3878 626 titulum

525 677 651 736 prae
690 677 752 718 se
781 666 992 733 terant,
1025 663 1306 733 equidem
1335 665 1498 722 hunc
1527 681 1638 739 pro
1664 666 1894 724 veriore
1921 665 2260 722 habuerim.
2292 667 2512 722 Mutare
2532 664 2720 730 nolui,
2753 667 2960 736 utpote
3001 665 3314 722 secuturus
3343 676 3481 717 sum
3537 657 3880 730 exemplum

527 750 986 808 Vindobonense
1027 756 1085 808 et
1120 752 1500 810 Vaticanum.

597 839 768 904 Quod
796 839 1244 912 disceptationis
1265 843 1580 899 materiam
1609 843 1838 911 attinet,
1864 858 1999 900 eam
2039 841 2503 915 suppeditarunt
2523 842 2651 898 bini
2679 840 2978 914 imprimis
3012 837 3148 894 libri
3199 836 3535 904 Plotiniani,
3580 835 3742 892 alter
3776 842 3886 911 Περὶ

523 934 614 982 τοῦ
650 927 919 1000 εἰληχότος
949 931 1085 1000 ἡμᾶς
1115 926 1150 981 δ
1155 932 1465 1003 αἰμονοςΛε
1488 933 1660 1002 genio
1688 948 1793 988 nos
1817 933 2054 1003 sortito;
2082 932 2124 984 E

2282 945 2345 1001 ιι,
2375 933 2430 998 4,
2454 947 2519 1004 p.
2558 934 2664 987 284
2692 936 2738 986 Α
2766 946 2780 997 ς
2809 929 2955 988 alter
2984 933 3110 1004 Περὶ
3148 927 3375 1000 ἀπορίῶν
3396 925 3606 999 ψυχῆς,
3658 925 3737 982 de
3783 925 3884 981 du~

529 1016 633 1073 biis
659 1019 896 1079 animae,
932 1019 1081 1073 Enn.
1112 1034 1189 1085 Iv,
1224 1023 1279 1085 3,
1304 1035 1364 1092 p.
1397 1023 1700 1090 38l—389,
1734 1020 1956 1093 quibus
2007 1019 2274 1076 Plotinus
2331 1035 2505 1076 suam
2561 1019 2920 1080 sententiam
2942 1018 3017 1074 de
3057 1015 3566 1088 metempsychosi
3617 1015 3885 1086 exponit.

529 1106 633 1182 Qui
661 1120 800 1162 eum
831 1105 1264 1178 philosophum
1293 1107 1514 1164 favisse
1542 1109 1755 1167 diserte
1795 1112 2041 1166 testatur
2073 1107 2438 1176 Augustinus
2479 1109 2567 1164 De
2603 1111 2714 1165 civ.
2744 1109 2872 1176 Dei,
2901 1123 2962 1173 χ,
2987 1110 3078 1170 30,
3104 1122 3165 1178 p.
3193 1108 3296 1160 266
3325 1109 3394 1160 A.
3426 1105 3512 1160 Ita
3538 1102 3712 1158 enim
3742 1102 3837 1158 ille
3863 1119 3880 1162 :

528 1215 556 1242 «
575 1193 882 1250 Platonem
903 1195 1138 1252 animas
1159 1194 1476 1252 hominum
1504 1203 1642 1270 post
1664 1204 1918 1254 mortem
1941 1196 2160 1252 revolvi
2183 1211 2377 1268 usque
2402 1196 2481 1252 ad
2501 1213 2757 1268 corpora
2780 1195 3108 1252 bestiarum
3127 1193 3454 1266 scripsisse,
3481 1191 3888 1248 certissimum

528 1287 638 1363 est.
674 1284 834 1338 Hanc
852 1283 1204 1340 sententiam
1233 1285 1544 1358 Porphyrii
1572 1286 1782 1343 doctor
1814 1285 2002 1342 tenuit
2029 1285 2313 1352 Plotinus,
2346 1285 2679 1357 Porphyrio
2707 1290 2912 1341 tamen
2930 1284 3065 1354 jure
3089 1281 3413 1354 displicuit.
3439 1303 3466 1330 ››
3491 1281 3622 1346 Quo
3653 1280 3736 1335 de
3767 1279 3891 1335 loco

529 1371 772 1442 consule
804 1372 1096 1442 Wyttenb.
1121 1373 1202 1428 ad
1231 1373 1542 1444 Phaedon,
1565 1392 1624 1447 p.
1653 1375 1780 1443 'Ztt,
1815 1379 1871 1430 et
1894 1374 2050 1430 adde
2080 1390 2216 1446 quae
2240 1373 2401 1430 idem
2424 1373 2498 1429 de
2514 1375 2631 1430 hoc
2659 1372 3165 1445 philosophorum
3191 1369 3410 1442 placito
3441 1368 3691 1440 copiose
3725 1383 3895 1439 expo-

531 1458 667 1514 suit.
691 1462 839 1515 Nam
862 1459 940 1514 ad
972 1459 1332 1518 Phaedonem
1359 1468 1630 1534 spectant
1659 1462 2041 1535 potissimum
2072 1461 2200 1517 haec
2223 1462 2358 1533 ipsa
2381 1461 2529 1534 (vid.
2565 1477 2624 1536 p.
2647 1465 2735 1520 42.
2763 1463 2831 1516 90
2879 1475 3014 1532 sqq.
3054 1460 3150 1514 ed.
3210 1459 3442 1529 Wytt.);
3479 1462 3692 1513 tamen
3724 1462 3784 1512 et
3808 1455 3898 1512 alii

528 1545 784 1604 Platonis
805 1547 1028 1616 dialogi
1049 1548 1375 1604 adhibendi
1408 1557 1570 1622 sunt,
1598 1567 1658 1605 v.
1688 1567 1738 1606 c.
1762 1551 1801 1606 ii
1831 1551 2055 1622 quibus
2084 1550 2390 1625 decretum
2418 1549 2748 1622 ἀναμνήσεως
2778 1546 3348 1622 pertractatur.lllud
3367 1545 3597 1602 addam
3617 1561 3699 1602 ex
3718 1551 3900 1601 Ama-

529 1634 592 1692 tii
624 1634 885 1702 schedis,
917 1634 1189 1692 videlicet
1218 1637 1462 1708 reperiri
1482 1638 1544 1693 in
1576 1638 1711 1702 cod,
1731 1640 1853 1695 Vat.
1883 1654 1942 1698 n.
1968 1639 2071 1692 U2
2091 1637 2362 1709 ejusdem
2395 1639 2729 1712 Nicephori,
2767 1638 2853 1693 uti
2887 1635 3138 1710 quidem
3173 1635 3405 1692 videtur
3456 1634 3685 1706 (neque
3735 1635 3894 1690 enim

530 1722 790 1780 auctoris
813 1737 1036 1779 nomen
1054 1723 1279 1795 habet),
1307 1726 1637 1782 consimilis
1668 1727 2005 1797 argumenti
2034 1726 2359 1797 dialogum,
2382 1743 2505 1801 quo
2526 1727 2674 1784 illud
2703 1725 3008 1782 decretum
3039 1724 3300 1782 Platonis
3341 1723 3418 1779 de
3456 1723 3670 1778 anima
3692 1722 3894 1794 impu-

531 1814 751 1882 gnatur
778 1814 844 1868 ut
868 1816 1117 1884 apparet
1134 1827 1202 1868 ex
1218 1812 1309 1869 his
1341 1813 1531 1868 :'Ecm
1557 1819 1726 1867 τοίνυν
1753 1823 1956 1890 πρῶτον
1983 1817 2095 1887 μὲν,
2125 1835 2136 1867 ε

2290 1836 2305 1866 ι
2337 1811 2483 1868 δοκεῖ
2537 1815 2770 1888 μάλιστα
2811 1811 3068 1886 (Πλάτων)
3113 1817 3321 1886 χαίρειν
3375 1817 3438 1884 τῇ
3484 1811 3691 1883 εὑρέσει
3749 1831 3764 1844 ·
3823 1812 3895 1862 ὅτι

532 1901 693 1970 οἴεται
741 1918 832 1968 και
881 1904 1002 1974 πρὶν
1042 1908 1298 1954 κοινωνεῖν
1346 1910 1572 1974 σώματι,
1630 1909 1723 1963 τὴν
1769 1903 1955 1976 ψυχὴν
2018 1902 2149 1955 εἶναι
2217 1925 2230 1937 ο
2296 1901 2535 1979 δεύτερον
2612 1900 2691 1971 δε,
2738 1905 2818 1956 ὅτι
2889 1898 3000 1954 δέοι
3047 1904 3105 1960 τὸ
3164 1901 3266 1962 ζῶν
3315 1898 3370 1952 ἐκ
3414 1901 3698 1960 τεθνεῶτος
3757 1903 3898 1962 ὦτος

534 1987 631 2061 ζῇν
695 2009 708 2020 ·
768 1990 944 2042 ἔπειτα
992 1987 1148 2060 λέγων
1195 1989 1332 2057 ἑξῆς,
1389 1990 1470 2042 ὁτι
1515 1995 1675 2064 τύχοί
1741 2011 1990 2044 εκοιστον·
2020 1993 2100 2044 ὃτι
2153 2011 2208 2045 τε
2263 1991 2312 2045 ἐν
2374 1999 2574 2068 φρουρᾷ
2607 2013 2709 2044 τινι
2762 1990 2913 2065 ἐσμέν
2943 2009 3074 2043 ’και
3127 1988 3357 2060 ἀνάγκην
3405 1989 3558 2058 εἶναι,
3602 1988 3676 2049 εἰς
3737 1988 3902 2042 πολλὰ

529 2084 852 2154 μεταχωρεῖν
907 2082 1144 2151 σώματα,
1196 2080 1368 2152 ὥσπερ
1413 2076 1557 2155 ὕδωρ
1608 2080 1660 2144 ἐξ
1704 2081 1890 2153 ἀγγεῖα
1956 2081 2024 2142 εἰς
2090 2080 2284 2152 ἀγγίων
2347 2081 2730 2156 μεταῤῥέουσαν
2791 2102 2804 2114 ο
2865 2077 2980 2153 ἐμὸι
3031 2086 3156 2150 γοῦν
3217 2074 3361 2130 δοκεῖ
3412 2096 3531 2150 περι
3583 2084 3684 2128 τοῦ
3732 2085 3902 2150 προεῖ-

533 2187 618 2220 ναι
649 2163 756 2220 δεῖν
785 2172 878 2225 τήν
924 2167 1148 2228 ζήτησιν
1205 2172 1452 2243 πρότερον
1494 2173 1847 2228 ποιήσασθαι.
1903 2169 2077 2224 Ἐοικε
2128 2167 2186 2222 δὲ
2235 2177 2308 2241 τῷ
2364 2167 2552 2242 τοιῷδε
2617 2170 2851 2242 μάλιστα
2906 2167 3212 2242 ἐπιχειρεῖν,
3267 2170 3324 2218 τὸ
3365 2167 3519 2238 φάναι
3566 2173 3729 2218 τοῦτο
3782 2163 3906 2218 εἶναι

535 2257 615 2316 ὅτι
642 2276 722 2320 τις
748 2257 909 2329 μάθοι
940 2254 1356 2329 ἀναμνησθῆναι.
1390 2257 1562 2324 Quod
1578 2259 1881 2332 reliquum
1910 2264 2024 2328 est,
2054 2258 2140 2314 uti

2301 2259 2439 2316 :ima
2477 2276 2512 2316 ιι
2534 2259 2761 2315 Plotino
2781 2262 2957 2314 aetate
3011 2256 3180 2312 illum
3202 2255 3334 2327 ejus
3379 2253 3452 2311 de
3474 2255 3652 2326 genio
3683 2253 3906 2311 librum

533 2345 893 2404 memoravit
929 2345 1285 2402 Ammianus
1319 2345 1691 2404 Marcellinus
1719 2347 1819 2418 (9),
1853 2347 1938 2404 sic
1969 2352 2234 2404 extremo
2250 2363 2496 2420 quoque
2538 2346 2997 2418 Byzantinorum
3049 2360 3180 2400 aevo
3225 2343 3356 2399 haec
3408 2341 3622 2400 Plotini
3671 2341 3908 2402 decreta

534 2433 796 2496 necdum
821 2433 1059 2507 penitus
1078 2432 1429 2505 exolevisse,
1454 2450 1764 2508 unumque
1789 2435 1886 2491 hic
1919 2434 2298 2492 Nathanaelis
2323 2435 2749 2493 Antirrheticus
2772 2433 3023 2491 edocere
3054 2431 3293 2505 poterit.

611 2610 690 2680 (7)
744 2607 1031 2680 Olearius,
1059 2607 1120 2667 in
1174 2609 1314 2668 edit.
1365 2609 1722 2678 Philostrati,
1772 2611 2192 2674 Animadvers.
2306 2611 2382 2668 ad
2399 2608 3770 2680 AmmianumnuperascripsitWagneruspag
3791 2612 3906 2664 422.

538 2677 803 2751 ausam;
823 2679 1064 2751 librum,
1089 2693 1148 2751 p.
1181 2683 1304 2751 428.
1404 2750 1414 2751 7
1709 2677 1714 2678 ί
2309 2704 2336 2732 ‹‹
2379 2683 2524 2736 Vivit
2544 2681 2804 2737 Plotinus
2827 2677 2965 2735 saec.
2993 2685 3134 2736 met
3164 2677 3271 2751 ’ων
3321 2677 3509 2733 libros
3541 2677 3808 2751 reliquit,
3842 2680 3907 2734 de

633 2693 781 2736 :seou
823 2693 1148 2805 uorum,
1181 2693 1304 2735 428.
2309 2704 2336 2732 «
2382 2693 2804 2737 V1v1tPlounus
2827 2697 2965 2735 saec.
2993 2693 3134 2736 met
3179 2695 3271 2734 uv
3321 2693 3509 2733 nnros
3541 2693 3808 2751 reliquit,
3842 2693 3907 2734 de

709 2750 959 2834 Fabricii
992 2751 1068 2806 Bi
1111 2751 1150 2805 l.
1179 2749 1446 2834 _G_r._.vol.
1479 2751 1587 2818 Vll,
1621 2766 1682 2834 p.
1739 2756 1994 2834 σεδ-ἐξω.
2029 2752 2195 2834 _l_la_rl.
2308 2752 2664 2834 quibusnon
2678 2750 3457 2834 superstes'estnisiisquem
3481 2759 3910 2834 eommernorat

630 2819 690 2889 9)
708 2821 828 2877 Lib.
852 2837 975 2894 rm,
1010 2835 1144 2894 cap.
1174 2826 1266 2894 14,
1291 2828 1344 2878 5.
1377 2825 1593 2879 Locum
1619 2819 1747 2894 jam
1780 2824 2070 2880 indicavit
2098 2827 2201 2880 Fa-

2313 2819 2786 2892 Eindenbrogius
2824 2824 3132 2893 (nimirum
3171 2819 3313 2892 Περῖ
3333 2829 3428 2872 τοῦ
3458 2820 3555 2873 si}.
3584 2823 3687 2893 ἠμ.
3721 2819 3804 2891 δ.)
3834 2845 3852 2870 ι
3893 2839 3903 2875 ;

538 2893 764 2952 bricius
792 2893 872 2949 ad
898 2893 1208 2966 Porphyrii
1248 2894 1433 2954 vitam
1463 2893 1708 2965 Plotini,
1737 2911 1870 2968 cap.
1904 2899 1992 2952 24.
2029 2896 2202 2961 Quod
2311 2901 2650 2968 concoquat
2675 2894 2780 2967 qui
2811 2900 3022 2967 potest,
3053 2907 3164 2964 ego
3202 2907 3326 2948 non
3343 2907 3627 2964 possum.

1338 3212 2103 3318 ΑΝΤΙΘΕΤΙΚΟΣ
2161 3212 2452 3300 ΠΡΟΣ
2519 3209 3098 3302 ΠΔΩΤΙΝΟΝ

2007 3423 2157 3471 ΠΕΡΙ
2197 3422 2443 3470 ΨΥΧΗΣ.

1395 3733 2196 3822 ANTlTHETlCUS
2266 3735 2380 3824 ΙΝ
2441 3736 3041 3821 PLOTINUM.

1992 3936 2112 4000 DE
2152 3936 2456 3999 ΑΝΙΜΑ.

543 4252 947 4309 Antithetieus
961 4253 1246 4310 adversus
1265 4255 1602 4322 Plotinum;
1625 4255 1858 4312 animas
1889 4271 2009 4312 non
2024 4256 2148 4326 prii

2314 4256 2653 4318 ’Δντιθετικος
2747 4261 2874 4332 πρὸς
2969 4257 3223 4310 Πλωτῖνον
3279 4259 3292 4292 ¹
3353 4278 3369 4290 ο
3442 4258 3529 4309 ὃτι
3600 4264 3750 4330 μήτε

617 4343 898 4398 exsistere
907 4357 1085 4412 quam
1098 4359 1374 4412 corpora,
1389 4360 1577 4415 neque
1598 4361 1673 4401 ea:
1683 4345 1820 4400 aliis
1836 4347 2101 4415 migrare
2132 4347 2196 4400 in

2380 4348 2634 4418 σωμάτων
2731 4348 3143 4421 πρὺπάρχουσιν
3215 4349 3270 4398 οιί
3336 4346 3545 4416 ψυχαὶ,
3634 4354 3781 4420 μήτε
3880 4348 3921 4407 ἐξ

618 4430 764 4498 alia,
793 4433 896 4486 sed
918 4447 1106 4502 neque
1135 4435 1196 4487 in
1231 4434 1422 4488 brutis
1453 4441 1701 4490 mentem
1749 4436 1955 4500 inesse,
2006 4449 2199 4506 neque

2378 4435 2558 4507 ἐτέρων
2625 4438 2646 4471 ²
2688 4443 3089 4509 μεταχωροῦσιν
3142 4435 3210 4495 εἰς
3273 4435 3443 4507 ἕτεροι,
3520 4435 3640 4486 ἀλλ’
3694 4434 3821 4489 οὐδ’
3881 4441 3919 4487 ἐν

620 4533 887 4588 unquam
911 4520 1188 4588 futuram
1208 4537 1346 4578 esse.
1364 4523 1574 4578 Multis
1605 4529 1802 4578 autem
1831 4524 2198 4579 demonstra-

2376 4532 2485 4585 τοῖς
2535 4523 2744 4594 ἀλόγοις
2791 4525 2948 4576 ἔστιθ
2995 4532 3132 4594 νοῦς,
3223 4519 3336 4574 οὐδ’
3408 4519 3468 4575 οὗ
3543 4530 3766 4597 μήποτε
3846 4530 3920 4595 γε·

620 4605 876 4662 tionibus
908 4607 1102 4662 utitur
1130 4610 1416 4664 adversus
1466 4612 1644 4676 illud,
1700 4612 1944 4668 notitias
1997 4626 2200 4681 nempe

2377 4633 2532 4668 νοιτο.
2612 4613 2839 4685 Πογλοιίς
2896 4611 2954 4665 δὲ
3010 4633 3100 4664 και
3178 4620 3287 4674 τοῖς
3354 4609 3670 4676 ἀποδείξεσι
3730 4618 3917 4686 κέχρη-

617 4695 1057 4756 recordationes
1088 4710 1208 4754 esse
1232 4713 1255 4753 .·
1282 4713 1358 4754 ex
1387 4714 1502 4769 quo
1558 4701 1833 4769 dogmate
1890 4707 2014 4756 tum
2061 4702 2200 4756 Plo—

2378 4721 2466 4752 ται
2504 4706 2629 4775 πρὸς
2711 4702 2866 4754 έκεῖνο
2915 4703 2936 4735 ’⁸
3007 4699 3266 4765 ἀπαντῶν,
3341 4705 3401 4752 τὸ
3479 4705 3580 4763 τὰς
3633 4703 3919 4773 ἐπιστήμας

619 4787 766 4855 tino,
811 4792 935 4841 tum
977 4791 1120 4842 ante
1173 4801 1304 4842 eum
1351 4788 1592 4843 Platoni
1650 4790 2068 4857 conﬁrmatum
2117 4795 2200 4845 est

2381 4788 2686 4862 ἀναμνήσεις
2739 4787 2867 4842 εἶναι
2917 4812 2930 4824 ·
2985 4789 3036 4852 ἐξ
3091 4791 3151 4841 οὗ
3204 4786 3271 4848 δὴ
3333 4786 3612 4862 δόγματος
3652 4792 3801 4861 αὐτῷ
3853 4798 3919 4858 τῷ

617 4879 848 4934 animas
868 4877 1041 4944 prius
1071 4891 1188 4932 esse
1219 4891 1397 4946 quam
1429 4892 1700 4945 corpora.
1726 4879 1804 4932 Et
1835 4879 1907 4933 de
1937 4893 2201 4933 resurre-

2384 4879 2632 4950 ΠᾹωτίνῷ
2705 4899 2795 4930 και
2865 4882 2966 4952 πρὸ
3072 4879 3231 4931 αὐτοῦ
3311 4879 3556 4931 Πλάτωνι
3609 4882 3921 4933 κατεπήδ-

616 4967 810 5022 ctione
864 4980 1179 5034 corporum
1210 4970 1583 5022 mortuorum
1635 4967 1924 5036 disputat,
1956 4983 2202 5038 eamque

2383 4987 2505 5019 σται
2586 4971 2694 5033 πρὸ
2760 4977 2856 5019 τῶν
2927 4971 3180 5040 σωμάτων
3243 4970 3331 5028 τὰς
3404 4968 3599 5040 ψυχὰς
3626 4968 3918 5022 εἶναι’κςιι

614 5055 869 5111 ostendit
890 5055 1163 5123 pluribus
1193 5055 1430 5126 quidem
1463 5057 1852 5125 argumentis,
1871 5064 1924 5112 et
1955 5071 2031 5112 ea:
2057 5057 2199 5124 ipsis

2379 5064 2498 5130 περῑ
2575 5055 2822 5130 ἕγέρσεως
2933 5059 3186 5127 σωμάτων
3273 5058 3570 5110 τεθνεώτων
3680 5057 3919 5130 ἀγωνίζε-

615 5143 888 5197 Platonis
901 5144 972 5198 de
983 5145 1328 5199 animarum
1349 5144 1765 5200 reviviscentia
1776 5146 2198 5214 propositioni-

2378 5165 2486 5212 ται,
2555 5163 2645 5196 και
2729 5142 2966 5197 δείκνυσι
3018 5148 3211 5202 ταύτην
3241 5145 3426 5208 ἄλλαις
3489 5143 3560 5204 δὴ
3616 5146 3866 5218 ἀνάγκαις
3905 5167 3915 5176 ·

617 5230 742 5299 bus,
786 5236 840 5286 et
869 5231 1155 5288 bonorum
1193 5247 1423 5302 semper
1449 5233 1818 5288 manentium
1849 5233 2198 5302 fruitionem

2378 5239 2468 5286 καί
2551 5234 2600 5304 γ’
2682 5234 2734 5296 ἐξ
2787 5233 2954 5285 αὐτῶν
3000 5243 3100 5285 τῶν
3141 5241 3235 5287 τοῦ
3286 5233 3563 5296 Πλάτωνος
3629 5241 3751 5312 περὶ
3785 5234 3913 5286 τοῦτ

1933 5374 2159 5442 Variae
2205 5373 2557 5442 lectiones.

617 5515 632 5549 ¹
665 5515 791 5593 Vat.
812 5519 905 5564 τοῦ
937 5515 1237 5593 σοφωτάτου
1269 5513 1353 5567 ἐπί
1380 5521 1472 5567 τοῦ
1497 5513 1788 5593 κανικλείου
1839 5515 2031 5570 Ἀντιθ.
2058 5535 2150 5593 πρ.
2213 5523 2222 5569 l

2306 5563 2307 5569 η
2371 5516 2454 5575 Cf.
2511 5520 2758 5574 Prooem.
2837 5519 2860 5553 ²
2898 5517 3026 5592 μών⁹
3082 5515 3253 5569 αὐτῶν
3307 5519 3454 5577 cod.
3524 5523 3659 5579 Vat.
3735 5518 3911 5569 ³ἕοτέι

544 5585 676 5654 Vat.
755 5585 777 5620 ‘
805 5586 936 5660 πρὸς
962 5583 1107 5636 ἐκεῖν’
1130 5586 1256 5642 Vat.
1332 5586 1354 5620 δ
1376 5593 1470 5638 τοῦ
1508 5585 1708 5642 omisit
1747 5587 1873 5646 Vat.
2098 5583 2107 5593 ’

1332 5586 1354 5620 δ
1376 5593 1470 5638 τοῦ
1508 5585 1708 5642 omisit
1747 5587 1873 5646 Vat.
2098 5583 2107 5593 ’
2898 5583 2903 5611 ἶ
