4064 6308
194 297 332 352 1405

191 419 288 479 τὰς
375 418 562 490 ψυχὰς
625 417 1046 475 ἀναϐιώσκεσθαι
1112 443 1127 457 ο
1189 425 1394 491 θέσεων,
1486 424 1578 473 καὶ

189 505 377 558 λαυσιν
467 503 732 560 δείκνυσιν
829 508 908 562 ἀεὶ
1010 515 1262 582 μενόντων
1378 511 1585 582 ἀγαθῶν
1705 509 1794 556 καὶ

190 594 406 647 κόλασιν
469 594 662 668 ψυχῶν
726 598 857 669 ὁμοῦ
922 599 942 633 ⁷
1021 603 1111 666 καὶ
1193 603 1444 673 σωμάτων
1528 592 1793 671 μηδέποτε

192 683 482 755 λήγουσαν.

264 772 334 826 α’.
368 772 513 844 Ἐμοὶ
559 776 616 838 τὸ
667 776 831 848 παρὸν
887 771 1235 848 σπούδασμα,
1266 781 1392 852 πρὸς
1418 777 1670 831 Πλωτίνον
1701 777 1790 826 καὶ

188 863 310 924 τοὺς
339 859 532 914 ἐκείνου
561 867 680 936 περὶ
712 861 972 935 ἀφθάρτου
1025 865 1208 936 ψυχῆς
1267 865 1472 938 λόγους.
1536 868 1637 931 καὶ
1687 866 1788 938 γὰρ

191 950 388 1021 ὅτιμὲν
427 952 453 1002 ὁ
493 949 542 1002 ἐν
590 953 715 1024 ἡμῖν
759 959 877 1014 νοῦς
925 953 1141 1021 ἁπλοῦς,
1198 959 1289 1007 καὶ
1357 955 1652 1022 ἀσύνθετος,
1701 957 1791 1004 καὶ

190 1037 310 1089 καθ’
341 1037 522 1101 ἑαυτὸν
551 1040 800 1111 ὑφεστὼς,
836 1045 926 1094 καὶ
983 1042 1122 1103 ζωὴν
1173 1042 1223 1096 ἓν
1273 1043 1439 1114 ἑαυτῷ
1488 1045 1646 1113 ἔχων,
1701 1045 1792 1093 καί

189 1144 252 1196 γε
303 1145 545 1200 κρειττων
591 1130 769 1190 πάσης
849 1131 1044 1204 φθορᾶς
1119 1136 1208 1203 καὶ
1278 1136 1469 1200 παντὸς
1557 1131 1789 1203 ὀλέθρου,

189 1222 343 1294 τοῦτο
381 1214 601 1296 κάκείνῳ
651 1222 740 1270 καὶ
797 1227 860 1290 τῇ
920 1218 1136 1292 ἀληθείᾳ
1183 1220 1344 1294 κάμοὶ
1396 1219 1559 1287 δοκεῖ,
1618 1225 1709 1273 καὶ
1747 1219 1791 1272 εἲ

190 1324 274 1368 τις
324 1306 488 1378 ἔτερος
547 1304 712 1380 ὀρθῶς
763 1305 1003 1379 βούλοιτο
1060 1319 1292 1375 σκοπεῖν,
1364 1312 1454 1362 καί
1529 1329 1588 1381 ’γε
1661 1312 1792 1384 πρὸς

189 1399 294 1448 πᾶν
320 1391 581 1452 δήπουθεν
634 1395 784 1458 εὐθὺς
839 1398 973 1450 θεῖτο
1030 1402 1167 1468 (10),
1223 1395 1287 1452 τό
1345 1419 1402 1470 γε
1456 1402 1582 1474 πρὸς
1635 1406 1788 1451 τοῦτο

191 1486 361 1556 φέρον,
417 1487 507 1535 καὶ
553 1491 660 1544 τοῖς
723 1484 984 1538 Πλωτίνου
1031 1485 1202 1557 λόγοις
1257 1488 1425 1551 καλῶς
1516 1483 1788 1540 ἀποδεδει-

187 1574 392 1643 γμένον.
427 1577 542 1636 Πῶς
567 1574 669 1655 γὰρ
710 1572 732 1606 ⁸
785 1578 875 1626 καὶ
937 1574 1014 1634 εἴη
1075 1573 1130 1627 ἐκ
1189 1578 1470 1637 συνθέσεως
1509 1583 1646 1642 νοῦς,
1697 1580 1788 1642 καὶ

270 1678 420 1733 τινων
446 1667 613 1734 μερῶν
641 1665 917 1730 συνιόντων
951 1677 965 1728 ;
998 1665 1043 1732 εἰ
1078 1666 1168 1736 μὲν
1213 1684 1312 1737 γαρ
1457 1664 1523 1714 ὧν
1574 1665 1784 1716 πάντα⁹

1391 297 1558 354 ADV.
1595 289 1948 356 PLOTINIJM
1985 289 2078 345 DE
2115 289 2352 354 ᾼΝΙΜΑ.

1663 416 1797 469 ἀπό-
1831 419 1874 466 Α
1905 417 2157 473 ostendit
2172 425 2229 474 et
2242 421 2584 477 animarum
2605 421 2785 477 simul
2800 427 2854 478 et
2883 436 3198 490 corporum
3234 433 3546 492 nunquam

3409 297 3548 350 1406

1900 505 2216 572 ﬁniturum
2247 509 2632 580 supplicium.

1973 779 2021 829 1.
2056 778 2118 831 In
2155 774 2271 832 hac
2294 793 2430 834 mea
2452 775 2863 834 lucubratione
2893 775 3187 832 Plotinum
3229 777 3287 831 et
3314 773 3443 846 ejus
3473 773 3549 830 de

1897 863 2332 938 incorruptibili
2358 867 2563 924 anima
2597 866 2899 923 doctrinas
2919 864 3181 922 refellere
3207 861 3543 934 aggredior.

1900 956 2128 1012 Etenim
2165 956 2331 1028 quod
2360 957 2421 1012 in
2450 957 2626 1012 nobis
2653 957 2724 1013 sit
2742 970 2914 1012 mens
2943 954 3199 1027 simplex
3228 957 3286 1008 et
3323 953 3548 1008 incom-

1900 1045 2119 1115 posita,
2152 1046 2278 1101 etin
2299 1062 2362 1101 se
2394 1046 2744 1113 subsistens,
2778 1046 3080 1118 vitamque
3109 1043 3171 1099 in
3203 1059 3264 1099 se
3289 1041 3546 1109 habens,

1899 1137 1957 1187 et
1976 1134 2174 1188 omnis
2203 1125 2602 1208 corruptionis
2625 1140 2680 1190 et
2711 1133 2978 1189 interitus
3003 1131 3205 1188 nescia
3238 1149 3252 1197 ;
3285 1128 3345 1185 id
3367 1134 3423 1185 et
3463 1126 3548 1183 illi

1899 1227 1956 1276 et
1980 1236 2123 1276 sane
2150 1222 2295 1278 mihi
2320 1238 2564 1296 quoque
2596 1222 2851 1292 videtur,
2878 1227 2936 1277 et
2958 1221 3005 1276 si
3031 1219 3164 1288 quis
3195 1219 3347 1275 alius
3389 1221 3546 1273 recte

1897 1309 2196 1382 inquirere
2244 1310 2400 1373 velit,
2455 1315 2511 1366 et
2553 1316 2819 1366 mentem
2881 1309 3177 1365 sinceram
3259 1305 3547 1362 adhibere

1896 1397 1988 1454 his
2037 1399 2319 1453 omnibus
2383 1416 2520 1472 quae
2583 1398 2792 1454 Plotini
2847 1397 3132 1471 operibus
3211 1395 3364 1451 bene
3446 1392 3546 1448 de—

1895 1492 2327 1544 monstrantur.
2369 1485 2686 1553 QuOmodo
2707 1488 2867 1542 enim
2887 1485 3225 1559 composita
3247 1498 3418 1539 mens
3459 1497 3546 1538 es-

1895 1579 1983 1630 set
2009 1575 2037 1629 ?
2055 1574 2279 1646 quibus
2293 1575 2566 1648 partibus
2589 1574 3112 1646 congredientibus
3141 1573 3170 1628 ?
3203 1573 3260 1629 Si
3285 1571 3447 1628 enim
3470 1587 3544 1627 ex

1895 1663 1964 1719 iis
1993 1663 2215 1735 quibus
2241 1665 2447 1719 omnia
2468 1667 2766 1735 constant,
2783 1661 3138 1735 corporibus
3166 1658 3543 1739 simplicibus

188 1743 239 1797 έν
299 1747 555 1816 συνθέσει,
615 1745 789 1800 ἁπλῶν
853 1752 1006 1820 ὄντων
1073 1753 1325 1823 σωμάτων
1386 1756 1476 1803 καὶ
1545 1756 1781 1826 πρώτων,

1895 1767 1965 1810 ac
1980 1752 2191 1825 primis
2222 1771 2235 1808 :
2257 1751 2366 1809 sed
2392 1769 2462 1808 ex
2480 1752 2572 1808 his
2603 1749 2836 1808 nullum
2859 1751 3098 1823 cogitat.
3125 1752 3306 1807 Porro
3334 1763 3406 1804 ex
3419 1761 3544 1803 non

189 1832 301 1885 ἀλλ’
343 1834 488 1908 οὐθὲν
538 1837 735 1910 τούτῶν
789 1844 913 1912 νοεῖ.
970 1838 1055 1900 Ἐκ
1105 1846 1230 1910 γοῦν
1285 1837 1512 1910 ἀνοήτων
1558 1848 1669 1902 πῶς
1725 1838 1785 1902 ὃιν

186 1928 278 1996 τιᾳὶ
311 1925 356 1958 ¹⁰
381 1927 576 1998 γένοιτο
596 1944 735 1990 νους,
769 1925 799 1984 ἦ
829 1934 939 1990 πῶς
979 1925 1039 1980 ἂν
1088 1929 1155 1979 ὧν
1202 1937 1370 1981 ταῦτα
1429 1925 1637 2002 οὐδαμῆ
1697 1929 1787 1981 οὗ-

187 2008 372 2087 δαμῶς
428 2010 620 2088 ἐφίεται
674 2012 816 2086 (Η),
886 2023 985 2067 τῶν
1040 2025 1238 2074 νοητῶν
1297 2017 1425 2089 λέγω
1499 2023 1590 2070 καὶ
1660 2019 1786 2092 ὑπὲρ

183 2108 371 2167 ταῦτα,
421 2101 569 2170 οὗτος
621 2101 674 2164 ἐξ
727 2102 897 2166 αὐτῶν
944 2109 1300 2178 γεγενημένος,
1378 2105 1646 2177 ἐφικέσθαι
1726 2106 1785 2158 ἂν

186 2185 435 2250 δυνηθείη
479 2206 494 2255 ;
533 2189 578 2242 εἰ
607 2187 658 2243 δ’
719 2190 882 2244 ἄλλων
941 2202 1090 2255 τινῶν
1128 2196 1271 2269 παρὰ
1307 2202 1476 2247 ταῦτα
1531 2197 1786 2267 σωμάτων

186 2277 589 2350 συμπλακέντων
632 2279 781 2339 ζῶσα
817 2285 906 2332 καὶ
959 2289 1154 2335 νοοῦσα
1431 2287 1680 2348 συνέστη,
1741 2283 1788 2337 εἰ

183 2369 278 2440 μεν
335 2370 650 2440 παχυτέρων
702 2372 792 2420 καὶ
845 2365 1229 2446 ὑλωδεστέρων,
1290 2370 1401 2423 ἀλλ’
1455 2373 1646 2425 ἄτοπον
1731 2371 1787 2438 ᾇκ

181 2462 287 2508 τῶν
345 2456 384 2489 ¹¹
446 2474 690 2524 τοιουτων
741 2463 859 2528 νοῦν
917 2461 1246 2511 συνεστάναυ
1305 2465 1395 2514 καὶ
1468 2460 1542 2514 ἔτι
1597 2461 1785 2534 μᾶλλον

183 2543 248 2595 ἂν
313 2541 612 2602 ἀνοηταίνοι
668 2546 783 2616 (12)
828 2545 984 2617 ψυχὴ
1037 2550 1209 2622 νοερὰ,
1262 2547 1482 2622 ἀμοίρου
1563 2570 1786 2616 νοησεως

184 2633 368 2696 πάσης
398 2634 442 2703 ’Ξ
472 2631 632 2694 οΰσης
667 2641 762 2694 τῆς
797 2630 919 2696 ὖλης
968 2639 1058 2688 καὶ
1120 2644 1212 2697 τῆς
1277 2634 1494 2690 τοιᾶσδε
1557 2638 1785 2712 μάλιστα

183 2725 422 2792 παχείας
448 2720 593 2783 ὕλης·
629 2721 672 2796 εἰ
699 2717 750 2774 δ’
869 2721 1228 2798 ἁπλουστέρων
1265 2745 1347 2797 γε,
1387 2731 1476 2778 καὶ
1524 2726 1560 2779 ἃ
1613 2731 1676 2779 τὰ
1737 2729 1783 2763 ¹³

180 2817 370 2882 πρῶτα
396 2814 613 2882 πέφυκεν
639 2813 709 2875 ὡς
739 2807 806 2868 δὴ
841 2812 886 2846 ³⁸
915 2810 1084 2885 ἀρχαὶ
1137 2821 1235 2864 τῶν
1289 2803 1473 2885 ἄλλων,
1524 2814 1630 2868 ἀλλ’
1690 2817 1784 2869 οὐκ

183 2900 331 2952 ἔστιν
370 2893 483 2950 οὐδ’
546 2899 709 2978 εὑρεῖν
768 2901 908 2952 ἔστιν
964 2899 1292 2977 ἁπλούστερα
1339 2900 1601 2976 οὐδαμῶς,
1666 2903 1782 2959 οὐδ’

182 2986 238 3064 ἐν
264 2986 448 3048 αὐταῖς
503 2985 744 3062 ἐπινοίαις
791 2996 890 3040 τῶν
946 2992 1212 3064 τεσσάρων
1265 2990 1319 3054 ἐξ
1371 2992 1438 3043 ὧν
1498 2989 1566 3052 δὴ
1624 2995 1784 3047 τᾶλλα

185 3076 359 3129 πάντα
391 3077 456 3110 ¹⁵·
489 3079 575 3127 καὶ
607 3081 711 3148 μὴν
742 3072 858 3128 ουδ’
889 3075 944 3144 ᾇξ
985 3077 1110 3140 ὒλης
1161 3075 1421 3138 δήπουθεν
1473 3087 1563 3134 καὶ
1609 3079 1783 3146 εἰὸους

189 3165 434 3216 συνθετον
459 3168 578 3226 νοῦς
629 3169 718 3216 καὶ
764 3163 918 3236 ψυχὴ
974 3168 1005 3226 ἡ
1054 3168 1190 3233 κατά
1248 3176 1448 3232 τοῦτον,
1497 3174 1566 3233 ὡς
1622 3172 1657 3223 οἱ
1711 3159 1780 3231 δὴ

181 3271 278 3304 και
327 3255 459 3310 αὐτὴ
528 3257 600 3326 μὴ
656 3251 710 3315 ἐξ
754 3251 926 3304 ἀπλῶν
976 3256 1239 3318 σύνθετον,
1312 3255 1504 3310 ἀπλοῦν
1571 3257 1622 3312 δ’
1704 3264 1781 3324 εἴη

186 3348 364 3412 σῶμα,
398 3342 684 3402 συνθέσεως
729 3340 888 3403 ἄλλης
937 3342 1346 3414 ἀπηλλαγμένον.
1406 3346 1538 3408 Ἀλλ’
1597 3348 1640 3401 εἰ
1694 3370 1785 3403 και

179 3437 362 3497 τοῦτο,
397 3428 515 3482 οὔτε
538 3434 633 3488 τὴν
656 3428 781 3488 ὓλην
810 3433 922 3483 ἔστι
953 3427 1243 3506 δυναμένην
1273 3425 1401 3486 νοεῖν
1429 3438 1625 3489 τιθέναι
1647 3439 1782 3512 (13)⁹

180 3516 459 3592 μέχριςειν
479 3517 605 3570 αὐτὸ
636 3515 702 3578 δὴ
733 3518 885 3571 τοῦτο
907 3523 982 3578 εἴη
1042 3540 1132 3573 και
1183 3525 1335 3594 μόνον
1387 3521 1509 3592 ὕλη,
1569 3528 1686 3579 οὔτε
1723 3531 1783 3581 τὸ

185 3602 330 3669 εἶδος
376 3606 502 3659 αὐτό
561 3603 628 3666 δὴ
672 3614 826 3668 τοῦτο
882 3628 972 3660 και
1024 3614 1178 3682 μόνον
1223 3608 1565 3685 θεωρούμενον
1620 3613 1781 3682 εἶδος,

183 3695 321 3774 diem
346 3715 436 3747 και
457 3692 608 3758 αὖθις
633 3694 686 3758 ἐξ
721 3694 950 3754 ἀνοήτων
1015 3695 1076 3749 ἂν
1135 3706 1255 3762 νοῦς
1310 3702 1412 3762 εἵη·
1467 3701 1493 3766 ὃ
1539 3697 1607 3764 δὴ
1646 3714 1785 3779 πρῶ-

181 3802 274 3835 τον
308 3785 374 3844 ὡς
410 3785 602 3837 ἄτοπον
659 3787 691 3844 ἧ
754 3805 843 3836 και
908 3787 1061 3838 ἄνουν
1124 3787 1281 3840 εἰπεῖν
1341 3791 1612 3863 ἐφύγομεν.
1684 3801 1784 3848 Κοιι

177 3877 355 3950 τοίνυν
405 3872 560 3948 ψυχὴ
611 3873 762 3934 ζῶσα
804 3893 893 3925 και
950 3877 1121 3950 νοερὰ,
1179 3874 1320 3928 οὓσω
1367 3874 1434 3936 δὴ
1479 3899 1569 3931 και
1632 3891 1785 3942 σῶμα

175 3966 285 4013 πᾶν
306 3963 475 4032 φεύγει
507 3965 639 4013 ὥστε
667 3961 808 4014 τοῦτ’
872 3963 1022 4033 εἶναι,
1083 3983 1174 4016 και
1218 3971 1392 4016 πᾶσαν
1433 3969 1609 4039 φεύγει
1665 3973 1780 4023 σύν-

180 4051 328 4102 θεσιν
366 4048 490 4101 ὤστ’
530 4048 584 4115 ἐξ
635 4049 799 4113 αὐτῆς
854 4047 1008 4108 εἶναι.
1043 4057 1143 4105 Καί
1207 4057 1316 4126 μὴν
1379 4074 1471 4107 και
1539 4049 1802 4124 Πλωτῖνος

1895 1839 2295 1912 cogitantibus
2324 1841 2635 1918 quomodo
2665 1856 2837 1896 mens
2867 1839 3051 1904 ﬁeret,
3084 1842 3188 1894 aut
3239 1835 3544 1911 quomodo

1896 1930 1972 1984 ad
1987 1945 2056 1985 ea
2068 1946 2205 2002 quae
2221 1946 2537 2002 nunquam
2549 1929 2646 1985 illa
2660 1923 2966 2002 appetunt,
2980 1926 3372 1998 intelligibilia
3383 1924 3541 1996 dico,

1896 2034 1967 2074 ac
2006 2019 2182 2074 etiam
2213 2007 2393 2090 supra
2413 2018 2533 2096 illa,
2562 2035 2701 2073 cum
2724 2018 2856 2092 ipsa
2881 2017 3042 2096 exiis
3071 2015 3164 2086 sit,
3195 2017 3401 2088 posset
3449 2029 3545 2069 as-

1898 2122 2141 2176 surgere
2158 2107 2184 2162 ?
2201 2109 2409 2174 Sivero
2428 2093 2504 2164 ex.
2520 2106 2650 2182 aliis
2664 2093 3019 2179 corporibus
3044 2103 3321 2160 connexit
3334 2102 3544 2158 vivens

1896 2201 1953 2252 et
1983 2187 2255 2266 cogitans
2292 2197 2497 2266 anima
2526 2197 2832 2272 consistat,
2865 2191 3164 2272 siquidem
3187 2183 3266 2248 ea
3291 2191 3544 2248 crassio-

1893 2285 1984 2364 ria
2008 2290 2065 2340 et
2094 2284 2518 2352 faeculentiora,
2566 2271 2904 2344 absurdum
2940 2281 3043 2340 'est
3098 2281 3319 2339 talibus
3374 2294 3545 2336 men-

1895 2375 2014 2438 tem
2036 2379 2326 2429 constare.
2358 2377 2441 2428 Ac
2457 2373 2653 2444 magis
2674 2374 2852 2430 etiam
2903 2372 3199 2445 desiperet
3231 2384 3404 2432 mens
3453 2369 3544 2423 in-

1893 2451 2129 2518 tellectu
2154 2460 2577 2536 praedita,cum
2609 2462 2682 2518 sit
2710 2462 2907 2517 omnis
2931 2456 3308 2530 Cogitationis
3329 2471 3543 2530 expers

1894 2551 2146 2606 materia
2171 2555 2228 2606 et
2250 2550 2547 2622 imprimis
2561 2549 2714 2607 adeo
2735 2565 2956 2606 crassa.
2983 2549 3040 2605 Si
3067 2552 3269 2604 autem
3300 2563 3372 2602 ex
3403 2545 3544 2600 sim-

1891 2637 2237 2714 plicioribus
2267 2645 2322 2694 et
2350 2639 2421 2694 iis
2448 2655 2583 2712 qum
2626 2640 2822 2712 prima
2867 2642 3010 2694 nata
3060 2629 3198 2692 sunt
3251 2633 3546 2707 tanquam

1894 2713 2157 2786 aliorum
2175 2725 2470 2801 principia
2498 2747 2510 2797 ;
2546 2729 2648 2783 sed
2673 2744 2794 2784 non
2814 2732 2952 2784 sunt
2979 2742 3090 2782 nec
3119 2713 3543 2796 inveniri'pos-

1895 2823 2036 2874 sunt
2059 2815 2423 2894 simpliciora
2451 2833 2648 2889 neque
2675 2817 2810 2888 ipsa
2838 2813 3294 2886 imaginatione,
3355 2826 3543 2885 quam

1891 2911 2152 2979 quatuor
2179 2905 2400 2980 quibus
2428 2905 2631 2961 omnia
2659 2909 2892 2960 caetera.
2937 2906 3004 2959 Et
3060 2918 3207 2958 sane
3245 2915 3441 2974 neque
3470 2914 3546 2954 ex

1893 2993 2146 3066 materia
2173 3001 2229 3051 et
2252 2994 2449 3051 forma
2478 2993 2880 3066 compositum
2909 2991 3140 3064 aliquid
3175 2995 3264 3046 est
3287 2981 3459 3044 mens
3489 2992 3547 3044 et

1892 3099 2028 3164 qua:
2059 3083 2392 3146 secundum
2422 3082 2618 3155 ipsam
2656 3085 2748 3137 est
2775 3079 3000 3149 anima,
3027 3081 3110 3136 ita
3129 3084 3194 3135 ut
3238 3077 3373 3151 ipsa
3419 3090 3546 3132 non

1894 3171 2266 3245 simplicibus
2295 3174 2712 3242 componatur,
2741 3170 2850 3225 sed
2882 3184 3100 3240 corpus
3148 3165 3402 3240 simplex
3448 3167 3542 3234 sit,

1894 3259 2044 3318 alius
2087 3258 2534 3331 compositionis
2572 3273 2807 3332 expers.
2869 3255 2984 3313 Sed
3031 3255 3094 3311 in
3162 3255 3278 3311 hac
3349 3254 3544 3327 hypo-

1894 3347 2068 3419 thesi,
2093 3364 2288 3421 neque
2313 3348 2625 3404 materiam
2657 3352 2723 3402 ut
2751 3334 3052 3416 cogitandi
3078 3359 3366 3418 capacem
3406 3357 3546 3414 sup-

1892 3454 2116 3516 ponere
2145 3437 2298 3503 licet,
2338 3431 2613 3510 quandiu
2658 3435 2805 3492 nihil
2842 3435 2956 3492 nisi
2990 3435 3131 3508 ipsa
3187 3432 3436 3490 materia
3488 3435 3548 3487 et

1895 3527 2277 3604 solummodo
2290 3525 2541 3582 materia
2561 3524 2666 3592 sit;
2698 3525 3098 3598 nequeforma
3117 3527 3224 3590 est,
3252 3537 3388 3595 quas
3418 3534 3546 3576 non

1893 3616 2008 3674 nisi
2037 3603 2233 3676 forma
2257 3620 2312 3670 et
2341 3607 2723 3670 solummodo
2743 3611 2938 3669 forma
2957 3612 3036 3668 ad
3083 3608 3543 3682 contemplatio-

1892 3721 2032 3762 nem
2064 3703 2385 3778 pertinens,
2421 3703 2498 3759 ita
2527 3707 2590 3758 ut
2616 3718 2685 3758 ex
2716 3717 2838 3758 non
2868 3699 3335 3770 intelligentibus
3364 3711 3540 3752 mens

1892 3795 2014 3850 fiat.
2044 3791 2217 3858 Quod
2248 3807 2391 3847 sane
2412 3792 2675 3863 primum
2707 3795 2771 3846 ut
2808 3787 3142 3846 absurdum
3174 3791 3231 3842 et
3287 3785 3540 3842 demens

1892 3883 2087 3938 dicere
2113 3881 2462 3952 refugimus.
2485 3881 2550 3934 Et
2571 3879 2749 3950 igitur
2772 3878 2978 3934 anima
2992 3877 3201 3930 vivens
3253 3890 3322 3930 ac
3376 3873 3539 3942 cogi-

1893 3977 2025 4028 tans
2045 3969 2598 4043 proculabestutsit
2627 3983 2846 4039 corpus
2883 3953 3220 4038 quoddam,
3250 3967 3308 4019 et
3331 3961 3541 4034 procul

1892 4059 2066 4117 abest
2093 4063 2157 4114 ut
2180 4056 2450 4130 quadam
2487 4055 2918 4128 compositione
2930 4051 3370 4110 eﬂormetur.Et
3390 4065 3536 4106 sane

1559 4180 1783 4251 Variae
1830 4182 2184 4250 lectiones.

255 4312 279 4347 ⁸
303 4311 752 4395 ἀναϐιώσεσεσθαι
770 4315 983 4395 Vind."
1006 4335 1061 4370 τε
1087 4315 1230 4395 add.
1262 4319 1389 4395 Vat.
1417 4319 1675 4395 add.
1699 4327 1781 4380 Va

1894 4345 1957 4376 ιαι
1975 4327 2042 4376 τὰ
2067 4325 2222 4395 λοιπά
2244 4323 2416 4374 πάντα
2434 4322 2500 4395 τά
2601 4339 2662 4395 _a.
2692 4320 2818 4395 Vat.
2851 4319 2896 4354 ¹⁰
2917 4337 3007 4369 και
3025 4317 3195 4374 abest
3216 4332 3256 4374 a
3299 4316 3433 4374 Vat.
3490 4317 3530 4350 "

173 4391 281 4436 τῶν
297 4397 418 4441 non
449 4391 536 4442 est
558 4386 619 4441 in
648 4384 773 4450 Vat,
809 4388 854 4422 τ’
876 4384 1057 4450 πάσης
1079 4392 1229 4446 varia.
1263 4389 1391 4446 Vat.
1425 4391 1470 4424 ¹⁴
1496 4389 1531 4442 ἃ
1561 4388 1628 4450 δὴ
1661 4396 1784 4451 Vat.

1897 4396 1997 4448 τῶν
2026 4425 2097 4435 -
2129 4392 2300 4466 πὰντα
2330 4391 2574 4448 omnisit
2601 4392 2728 4446 Vat.
2809 4403 2812 4406 '
3399 4403 3402 4406 ’

1752 4500 1968 4572 Notae.

247 4606 361 4677 (10)
383 4607 474 4686 Sic
489 4608 671 4686 etiam
698 4608 989 4686 in_Vatic_.,
1008 4607 1292 4686 nisiforte
1323 4611 1529 4668 vitium
1556 4613 1779 4679 subest,
1799 4581 1860 4676 'D
1889 4616 2020 4684 ipsa
2048 4615 2266 4684 species
2283 4613 2367 4686 psit
2395 4614 2756 4672 solummodo
2777 4614 3007 4686 species
3037 4613 3116 4669 ad
3148 4611 3535 4686 contempla-

174 4684 247 4758 μὶ
295 4677 581 4758 scriptum
611 4678 796 4758 fuerit
823 4683 978 4758 «caput
1006 4686 1107 4732 πᾶν
1149 4682 1404 4758 --θείτο
1455 4700 1468 4750 ;
1504 4677 1784 4758 tenenda

171 4749 554 4805 locutio'est.
611 4749 696 4805 nx
723 4749 1116 4806 Demosthene
1177 4752 1418 4808 advers.
1457 4749 1775 4812 'Arz'stocr.

176 4821 286 4903 66f
311 4819 564 4903 laudant
593 4822 1015 4903 grammatici:
1047 4825 1178 4903 πρὸς
1204 4827 1263 4874 τὸ
1304 4823 1474 4884 καλῶς
1522 4824 1645 4897 ἓχον
1702 4832 1776 4880 τί·

177 4893 389 4946 εσθαίθ.
423 4891 712 4956 Quocirca
758 4892 839 4948 nil
874 4891 1120 4950 mutavi.
1545 4891 1580 4928 ’ἶ

247 4965 293 5032 (1
311 4963 362 5020 tt
385 4961 697 5033 Ἐφικνεῑται
723 4962 784 5017 in
807 4965 1082 5031 margine
1102 4968 1157 5019 et
1172 4963 1255 5019 sic
1278 4965 1402 5019 Vat.
1422 4971 1598 5021 recte.

251 5035 366 5110 (l2)
391 5032 938 5110 Platonicum._V|_d.
962 5034 1186 5110 i’hileb.
1227 5051 1321 5110 ρο-
1355 5039 1430 5110 l_2_
1460 5036 1523 5100 d,
1556 5037 1775 5110 Steph.

226 5103 394 5178 (211-
418 5104 540 5176 Bip.
584 5103 828 5178 Epistol.
860 5105 1061 5178 Xltin.
1106 5121 1167 5178 p.
1227 5103 1331 5161 169
1371 5106 1497 5178 Bip.
1541 5103 1767 5164 Julian.

229 5173 418 5248 rat._Il
445 5173 720 5248 pZ'ASTItII
752 5175 879 5248 in}
920 5173 1290 5248 _Spanhem._
1322 5186 1376 5232 et
1423 5173 1604 5248 hujus
1651 5187 1772 5236 not.

175 5245 256 5330 ad
277 5245 1002 5330 AristOph‘.AS_cho.l.1t/fubbl
1027 5249 1153 5314 486,
1182 5245 1320 5303 coll.
1344 5245 1670 5330 interprett.
1698 5250 1777 5306 ad

173 5316 432 5388 Mesych.
469 5316 508 5380 Ῑ,
542 5320 647 5374 386
671 5316 892 5388 Albert.
1056 5386 1064 5388 _
1313 5330 1317 5336 '
1396 5329 1399 5334 '

247 5386 358 5461 (1⁷3)
386 5391 591 5461 Neque
624 5387 874 5443 materia
923 5386 1070 5461 poni
1120 5392 1318 5461 potest
1373 5392 1665 5461 tanquam
1704 5407 1776 5461 ea

247 5403 358 5461 (13)
386 5403 591 5460 neque
624 5403 874 5443 materia
923 5403 1070 5459 pom
1164 5403 1318 5444 etest
1373 5403 1665 5461 tanquam
1704 5407 1776 5447 ea

167 5475 310 5540 quae
321 5459 799 5540 cogitarequeat,
826 5458 1098 5540 quandiu
1120 5403 1528 5540 {squousque
1551 5463 1641 5517 m‘l
1659 5455 1778 5518 nisi

166 5529 299 5604 ipsa
314 5529 574 5590 materia
585 5529 640 5586 et
661 5529 1029 5606 solummodo
1043 5529 1382 5606 materiasit
1406 5546 1418 5583 :
1432 5529 1630 5604 neque
1643 5549 1746 5606 spe
1757 5565 1771 5573 -

164 5599 286 5670 cies
321 5599 933 5688 (tanquamcogitans
962 5603 1156 5687 potest
1165 5599 1330 5690 poni)
1343 5613 1480 5692 quae
1507 5599 1630 5666 non
1659 5599 1778 5662 nisi

1893 4682 2113 4758 tionem
2145 4685 2467 4758 pertinens.
2507 4706 2633 4758 ν-
2661 4682 3002 4741 Tenendum
3046 4684 3237 4758 rarius
3290 4682 3533 4758 xatfad-
3563 4721 3566 4724 ι

1884 4753 2108 4827 jectum
2145 4753 2430 4828 'formulae
2487 4756 2613 4807 αὐτὸ
2669 4764 2821 4808 τοῦτο
2882 4775 3054 4828 μονον.
3110 4755 3270 4810 Plato
3326 4756 3532 4828 ρον-9.

1888 4821 1946 4900 ᾖς
1984 4830 2084 4884 182
2112 4845 2125 4882 :
2156 4826 2276 4879 Ὀτι
2303 4834 2398 4879 εἰεν
2427 4833 2804 4900 παρασκευαὶ,
2836 4821 2891 4879 αἱ
2942 4831 3032 4898 μὲν
3071 4830 3258 4900 μέχρις
3313 4821 3532 4900 η-ᾇονῆὲ,

1887 4895 2015 4951 αὐτὸ
2063 4907 2216 4970 τοῦτο
2273 4903 2424 4970 μόνον
2477 4895 3001 4970 παρασκευάζουσαι.
3055 4895 3267 4970 Elian.

1887 4971 1976 5037 ΙΙΙ,
2024 4975 2084 5024 17
2143 4986 2155 5024 :
2194 4963 2282 5021 'H'
2313 4968 2439 5020 αὑτό
2477 4963 2630 5020 τοῦτο
2691 4974 2843 5042 μόνον
2883 4972 2976 5042 τὴν
3044 4963 3278 5018 διάνοιαν
3304 5034 3319 5042 _
3343 4966 3532 5034 ἀγαθοὶ

1885 5034 2165 5112 γενόμενοι.
2204 5043 2282 5095 De
2314 5040 2564 5094 solemni
2594 5034 2852 5112 formula
2882 5034 3324 5112 vid._'l‘_oup._ad
3376 5039 3534 5090 Lon-

1886 5107 2014 5180 gini
2042 5114 2254 5180 Fragg.
2283 5112 2348 5181 V,
2381 5128 2440 5181 p.
2473 5112 2577 5165 396
2607 5110 2907 5181 ;Eisch_er.
2926 5107 3018 5181 ad
3046 5107 3318 5181 A£_schin._
3358 5122 3422 5181 s._
3474 5123 3532 5168 v.

1887 5152 2063 5251 ἓὲζὲςζ
2080 5152 3020 5254 ’ὧῗιῖιὶέἰαὶἱίᾼᾷἶνΑᾈξιῗὲἕῆὲέιέᾇ
3046 5152 3530 5254 Ξειᾙῐὲιᾞδῗθοὲῖ

1884 5248 2104 5322 Ειιψε.
2135 5248 2354 5324 ρ.“368,
2390 5252 2520 5324 coll.
2577 5248 2878 5324 Heindorf.
2921 5248 3036 5324 _ad_
3064 5249 3253 5324 Gorg._
3303 5254 3344 5324 ξ.
3387 5253 3427 5304 l.
3458 5253 3536 5324 _et

1884 5319 2023 5380 AstI
2040 5324 2117 5378 ad
2138 5319 2376 5379 'Platon.
2399 5323 2576 5392 Legg.
2613 5337 2671 5392 p.
2698 5321 2794 5392 27.
2819 5319 3420 5392 lnsignioremigitur
3450 5319 3535 5392 fe-

1886 5395 1964 5449 cit
1989 5393 2315 5450 Nathanael
2345 5394 2404 5448 h.
2437 5390 2952 5462 habundantiam
2985 5406 3112 5462 qua
3131 5390 3409 5462 adjicitur
3472 5390 3536 5462 in

1885 5465 2283 5536 ealocutione
2308 5469 2461 5536 μόνον
2492 5480 2506 5518 :
2541 5477 2619 5519 an
2663 5458 3111 5536 elegantiorem,
3137 5458 3265 5536 ipse
3299 5460 3533 5536 viderit,

1888 5534 2045 5592 Infra
2074 5541 2275 5592 tamen
2302 5530 2688 5590 communem
2706 5531 3028 5604 locutionis
3060 5530 3312 5588 modum
3342 5530 3534 5602 sequi-
