4064 6308
572 299 710 374 4407

1900 297 2272 373 NICEPHORI
2309 305 2590 367 CHUMNI.

3792 310 3912 366 1408

572 445 631 498 et
652 439 934 509 Plotinus,
959 441 1014 496 et
1045 438 1095 496 si
1115 438 1251 514 quis
1281 453 1424 498 cum
1451 438 1552 498 illo
1583 442 1719 498 ante
1749 439 1917 497 illum
1945 435 2042 493 vel
2094 436 2226 508 post

2339 435 2429 484 καὶ
2457 434 2601 494 εἴτις
2630 431 2742 504 μετ’
2779 429 2972 486 ἐκείνου
3029 431 3075 469 ¹⁶
3128 433 3227 507 πρὸ
3288 432 3448 486 αὐτοῦ
3513 433 3544 494 ἣ
3617 433 3730 506 μετ’
3785 433 3914 486 αὐτὸν

570 531 742 589 illum
769 534 924 587 recte
952 533 1010 587 et
1044 529 1293 604 pulchre
1321 530 1453 604 ejus
1483 535 1763 588 naturam
1791 526 2226 599 cognoverunt,

573 619 907 691 simplicem
937 633 1071 676 eam
1104 618 1354 676 scientes
1385 625 1439 676 et
1461 635 1658 693 neque
1699 617 2034 675 secundum
2096 628 2228 670 cor-

572 724 687 782 pus
725 723 920 784 neque
952 707 1284 765 secundum
1315 709 1811 782 compositionem
1829 722 1962 763 eam
1993 717 2122 762 esse
2145 700 2232 758 di-

572 801 793 864 centes,
834 797 938 853 sed
967 797 1130 855 aliud
1161 802 1369 870 praeter
1386 797 1506 869 illa,
1525 798 1690 873 quod
1720 796 1950 855 nullam
1966 791 2228 850 dissolu-

571 886 790 946 tionem
813 889 916 943 aut
967 888 1408 960 corruptionem
1467 887 1731 960 recipiat.
1804 884 1978 952 Quod
2027 884 2227 940 autem

572 974 819 1034 easdem
850 991 1003 1050 quas
1053 975 1318 1033 diximus
1368 975 1604 1034 animas
1645 979 1806 1032 creat
1875 978 1932 1031 et
1985 971 2229 1028 suscitat

573 1067 708 1122 ante
726 1069 1050 1138 corporaet
1077 1081 1322 1122 sursum
1349 1065 1517 1138 ponit
1546 1067 1603 1120 et
1627 1064 1821 1138 primo
1853 1067 1908 1120 et
1943 1060 2053 1118 soli
2074 1058 2226 1115 exsi-

573 1153 764 1221 stenti,
798 1153 977 1210 etuni
1022 1152 1127 1210 soli
1162 1157 1218 1209 et
1242 1153 1493 1211 immoto
1515 1157 1776 1226 coaptat,
1811 1167 1880 1208 ac
1937 1149 2076 1209 inde
2125 1161 2225 1203 eas

573 1242 886 1308 abstrahit,
909 1242 1192 1315 etdejicit,
1213 1246 1269 1299 et
1291 1243 1351 1300 in
1374 1240 1888 1318 corporaimpellit
1918 1245 2075 1309 ,etex
2097 1236 2226 1293 aliis

571 1330 633 1389 in
664 1330 779 1387 alia
803 1330 1131 1389 transvehit
1160 1335 1216 1387 et
1261 1347 1333 1388 ex
1364 1331 1717 1388 melioribus
1737 1328 2066 1403 etsibiipsis
2090 1341 2227 1400 pro-

570 1419 716 1494 priis
745 1419 804 1476 in
831 1420 1034 1493 pejora
1056 1435 1251 1493 neque
1277 1420 1423 1493 ipsis
1471 1418 1911 1488 convenientia,
1966 1421 2023 1474 et
2077 1413 2228 1472 mul—

573 1512 700 1568 tum
725 1509 843 1566 huc
899 1508 1036 1566 illuc
1092 1509 1298 1579 vagari
1344 1525 1446 1566 eas
1490 1508 1681 1581 jubet,
1743 1512 1800 1565 et
1843 1505 2052 1576 gnavia
2099 1505 2226 1561 haec

571 1614 645 1656 ex
675 1597 975 1655 dementia
999 1597 1221 1671 patitur
1241 1597 1432 1655 multa
1463 1598 1734 1669 cogitans
1765 1612 1937 1653 mens
1961 1610 2094 1668 quae
2116 1608 2226 1650 nec

571 1702 818 1763 prorsus
845 1686 1230 1758 intelligentia
1267 1686 1494 1745 carenti
1542 1686 1763 1743 animae
1820 1684 2120 1752 accidunt,
2163 1683 2226 1739 id

2343 519 2507 596 ὀρθῶς
2555 526 2644 574 καὶ
2727 521 2896 584 καλῶς
2970 521 3265 594 ἐπέγνωσαν
3348 527 3443 581 τὴν
3531 522 3703 586 αὐτῆς
3763 526 3914 596 φύσιν,

2343 609 2520 670 ἁπλῆν
2539 613 2735 670 ταύτην
2777 607 2995 682 εἰδότες,
3041 615 3131 664 καὶ
3182 608 3346 684 μηδεν
3407 617 3541 684 μήτε
3594 615 3732 666 κατὰ
3793 622 3919 685 σῶμα

2340 704 2473 773 μήτε
2496 702 2631 754 κατὰ
2664 702 2904 754 σύνθεσιν
2933 701 3116 770 οὖσαν,
3140 701 3261 754 ἄλλο
3293 698 3353 754 δέ
3378 721 3429 755 τι
3457 704 3605 777 παρὰ
3659 709 3828 755 ταῦτα
3868 705 3918 771 Π,

2339 787 2487 842 λύσιν
2552 785 2818 862 μηδεμίαν
2861 794 2992 863 μήτε
3033 792 3226 866 φθορὰν
3284 787 3760 864 καταδεδεγμὲνον.
3825 791 3921 844 Ὀτι

2340 873 2392 930 δ’
2446 877 2608 940 αὐτὰς
2661 881 2857 940 ταύτας
2912 877 2974 942 ἃς
3040 881 3227 952 ἔφημεν
3282 879 3486 952 ψυχὰς,
3572 877 3920 956 προδημιονρ-

2335 975 2421 1040 γεῖ
2471 969 2584 1039 (14)
2640 973 2730 1022 καὶ
2789 977 3091 1045 προϋφιστα
3141 979 3242 1023 τῶν
3306 973 3582 1043 σωμάτων,
3664 977 3759 1025 καὶ
3833 975 3917 1024 ἄνευ

2336 1058 2518 1116 τίθησι
2547 1062 2636 1112 καὶ
2670 1065 2762 1112 τοῦ
2786 1064 2994 1132 πρώτου
3039 1058 3246 1124 ἐξάπτει
3293 1065 3383 1113 καὶ
3441 1064 3598 1120 μόνου
3658 1061 3808 1122 ὄντος
3847 1067 3918 1114 καὶ

2337 1146 2444 1210 ἐνὸς
2476 1151 2634 1218 μόνου
2681 1152 2770 1201 καὶ
2808 1146 3055 1207 ἀκινήτου
3110 1150 3272 1216 ὄντος,
3323 1148 3416 1203 εἶτ’
3471 1149 3665 1203 ἐκεῖθεν
3725 1150 3921 1222 (imos-1:;

2335 1239 2424 1289 καὶ
2455 1234 2635 1308 βάλλει
2665 1237 2806 1289 κάτω
2858 1241 2946 1290 καὶ
2995 1237 3119 1292 ὠθεῖ
3159 1237 3242 1291 ἐπὶ
3293 1243 3530 1310 σώματα,
3587 1244 3683 1291 καὶ
3739 1238 3794 1302 ἒξ
3835 1239 3920 1292 ἐτέ-

2334 1343 2435 1400 ρων
2490 1323 2558 1385 εἰς
2602 1325 2746 1400 ἕτερα
2790 1324 3063 1398 ἐμϐιϐάζει
3123 1328 3255 1398 (15),
3307 1331 3399 1380 καὶ
3459 1328 3504 1363 ³⁸
3556 1326 3614 1391 ἐξ
3664 1327 3926 1399 ἀμεινόνων

2335 1417 2424 1466 καὶ
2473 1418 2701 1486 γνησίων
2771 1414 2954 1478 αύταῑς
3023 1415 3212 1489 μᾶλλον
3265 1414 3342 1468 ἐπὶ
3399 1420 3564 1492 χείρω
3631 1420 3726 1470 καὶ
3786 1420 3930 1493 μηθὲν

2336 1504 2558 1565 ταύταις
2612 1509 2968 1574 προσήκοντα,
3025 1523 3115 1559 και
3168 1503 3360 1563 πολλὴν
3413 1525 3528 1558 τινα
3589 1508 3782 1564 τίθησι

2335 1591 2538 1649 πλάνην
2571 1591 2762 1662 αὐτῶν,
2814 1597 2904 1646 καὶ
2955 1594 3022 1647 τὰ
3078 1591 3222 1648 δεινὰ
3265 1602 3430 1647 ταῦτα
3476 1593 3530 1658 ἐξ
3585 1593 3771 1656 ἀνοίας
3817 1597 3842 1648 ὁ
3883 1598 3936 1648 τὰ

2339 1680 2507 1736 πολλὰ
2547 1690 2741 1756 φρονῶν
2794 1684 2998 1756 πάσχει
3042 1691 3178 1753 νοῦς,
3227 1681 3262 1737 ἀ
3307 1680 3446 1756 μηδὲ
3481 1693 3545 1757 τῇ
3610 1688 3934 1738 παντάπασιν

573 1791 718 1832 sane
755 1774 1112 1833 erubescens
1161 1775 1351 1832 fateor
1405 1791 1529 1844 non
1571 1776 1726 1831 bene
1779 1791 1815 1831 a
1869 1773 2033 1830 bono
2091 1771 2222 1829 Plo-

2344 1768 2513 1843 ἁλογῳ
2535 1770 2690 1844 ψυχῇ
2727 1770 3022 1843 συμϐαίνει,
3057 1779 3206 1825 τοῦτο
3237 1769 3306 1830 δὴ
3348 1777 3437 1826 καὶ
3476 1773 3818 1846 αἰσχύνομαι
3875 1783 3933 1844 τῷ

572 1865 696 1922 tino
726 1863 1090 1943 afﬁrmatum
1121 1880 1270 1922 esse.
1302 1865 1402 1920 Vel
1433 1864 1635 1938 aliqua
1667 1880 1739 1920 ex
1772 1863 2125 1918 necessitate
2146 1862 2224 1918 ad

570 1953 634 2013 id
654 1953 935 2010 doctrinm
966 1953 1110 2010 abiit
1139 1958 1195 2010 et
1237 1953 1300 2010 id
1338 1953 1533 2010 dicere
1583 1952 1880 2019 sustinuit,
1930 1967 2001 2008 eo
2058 1950 2226 2025 quod

569 2058 694 2101 non
723 2042 890 2100 aliter
919 2043 1036 2100 vim
1059 2045 1318 2114 etfugere
1339 2046 1545 2116 posset
1589 2047 1643 2098 et
1696 2040 2045 2098 ditﬁcultate
2097 2055 2225 2096 sese

562 2132 865 2204 expedire.
897 2132 954 2190 Si
1011 2133 1169 2190 enim
1195 2132 1358 2207 quia,
1388 2136 1672 2189 nascente
1695 2132 1900 2187 anima
1923 2145 2044 2186 una
2073 2145 2222 2185 cum

564 2221 703 2280 vitae
734 2221 1234 2294 participantibus
1255 2221 1628 2294 corporibus,
1661 2219 1874 2276 accidit
1907 2223 1972 2274 ut
1991 2234 2128 2274 cum
2155 2216 2225 2276 iis

563 2309 928 2367 dissolvatur
955 2314 1012 2367 et
1047 2311 1498 2385 corruptionem
1558 2308 1796 2379 subeat,
1840 2312 1897 2364 et
1941 2307 2221 2380 quamvis

564 2398 938 2465 immortalis,
966 2414 1089 2456 non
1118 2398 1477 2456 immortalis
1505 2397 1576 2453 sit
1605 2414 1620 2464 ;
1648 2397 1709 2453 id
1753 2411 1949 2471 neque
2007 2411 2079 2452 ea
2123 2410 2226 2468 pa-

567 2487 814 2556 tiuntur,
834 2487 1129 2544 elementa
1145 2502 1365 2560 nempe
1380 2487 1580 2560 prima
1597 2501 1665 2541 ac
1681 2484 1975 2557 simplicia
2003 2483 2226 2556 quibus

567 2580 780 2631 caetera
801 2591 1056 2648 corpora
1077 2579 1376 2632 constant.
1398 2577 1845 2632 Manentautem
1859 2578 1916 2628 et
1943 2571 2225 2630 transmi-

571 2665 807 2736 grantia
834 2664 895 2722 in
921 2663 1050 2720 aliis
1092 2664 1447 2720 subsistunt.
1508 2665 1784 2731 Quonam
1826 2666 2049 2729 autem,
2103 2676 2231 2717 cor-

567 2768 714 2827 pore
742 2769 812 2809 ac
842 2753 964 2809 vita
988 2752 1216 2824 solutis,
1243 2752 1369 2809 abit
1400 2768 1610 2809 eorum
1677 2751 2161 2824 unumquodque
2202 2751 2230 2807 ?

567 2841 656 2899 Ad
687 2841 836 2898 illud
868 2857 1013 2900 sane
1035 2841 1198 2916 quod
1230 2840 1376 2914 ipsis
1394 2841 1709 2914 proprium
1745 2845 1801 2897 et
1826 2853 2231 2910 congenerum

563 2937 675 3003 est,
703 2935 760 2988 et
786 2931 865 2988 ad
895 2930 1061 3004 quod
1084 2930 1271 2987 tendit
1302 2932 1361 2986 in
1407 2934 1743 3003 composito
1793 2944 2042 3003 corpore
2091 2943 2231 2984 con-

567 3019 1046 3087 stitutum.Quod
1072 3025 1272 3077 autem
1300 3018 1446 3078 illud
1476 3019 1772 3075 desiderat
1801 3023 1858 3076 et
1887 3033 2124 3090 semper
2153 3015 2231 3075 ad

566 3108 711 3167 illud
731 3113 960 3182 spectat
982 3113 1037 3165 et
1082 3108 1289 3176 tendit,
1342 3107 1728 3166 manifestum
1771 3112 1879 3177 est,
1930 3105 2231 3180 siquidem

571 3203 628 3257 et
656 3200 994 3257 viventibus
1021 3199 1219 3256 adhuc
1247 3198 1620 3272 corporibus,
1649 3197 1867 3255 diﬂluit
1915 3213 1985 3256 ac
2036 3195 2229 3252 effun-

567 3292 748 3363 ditur,
769 3296 826 3348 et
855 3291 932 3348 ad
955 3306 1384 3360 congenerum,
1413 3295 1481 3347 ut
1500 3291 1779 3359 diximus,
1835 3287 1980 3356 abit,
2037 3287 2224 3346 artelo

566 3379 839 3450 ejusdem
865 3380 1096 3450 generis
1125 3379 1420 3436 elemento
1439 3380 1498 3436 in
1525 3379 1656 3450 ejus
1681 3377 1882 3434 locum
1903 3377 2225 3434 succeden-

566 3473 644 3536 te,
676 3467 950 3524 etlocum
973 3466 1135 3523 hunc
1166 3468 1554 3541 adimplente,
1586 3467 1670 3525 ita
1701 3471 1764 3524 ut
1808 3466 1993 3538 hujus
2039 3465 2224 3539 parti-

569 3555 777 3627 cipans
803 3555 1028 3612 animal
1061 3560 1430 3628 permaneat,
1455 3555 1857 3628 quoadusque
1904 3555 2104 3613 vivere
2156 3569 2228 3610 ac

569 3647 827 3700 mortem
851 3642 1109 3716 effugere
1130 3644 1335 3718 possit.
1365 3644 1419 3702 Si
1451 3644 1632 3714 igitur
1661 3643 1723 3701 id
1771 3644 1853 3701 ita
1908 3659 1968 3699 se
2019 3643 2224 3711 habet,

570 3731 818 3790 omnino
849 3737 1051 3791 autem
1083 3731 1166 3788 sic
1195 3737 1252 3788 et
1281 3732 1577 3805 simplicia
1609 3748 1863 3806 corpora
1884 3732 1944 3788 in
1983 3747 2228 3804 compo-

574 3821 698 3878 sitis
719 3821 1040 3879 constituta
1063 3821 1204 3880 inde
1235 3820 1431 3879 soluta
1459 3837 1700 3878 rursum
1734 3825 1980 3878 manent
2029 3836 2226 3894 neque

569 3912 1032 3982 corrumpuntur
1061 3925 1074 3978 ;
1107 3908 1256 3983 quid
1283 3908 1650 3981 obstatquin
1683 3909 1925 3968 animus
1965 3908 2069 3981 qui
2122 3923 2224 3965 na-

570 4001 704 4056 tura
731 3997 878 4056 nihil
899 3997 1139 4070 patitur,
1183 4014 1320 4055 cum
1360 3997 1431 4055 iis
1477 3997 1820 4054 viventibus
1869 3996 2224 4070 corporibus

569 4091 768 4156 natus,
791 4091 855 4142 ut
883 4087 1078 4160 primo
1111 4085 1406 4159 principio
1447 4101 1517 4143 ac
1549 4086 1799 4143 creatori
1857 4085 2055 4141 visum
2115 4090 2222 4154 est,

570 4175 787 4232 deinde
816 4175 964 4248 ipsis
995 4176 1245 4243 solutus,
1277 4174 1744 4249 incorruptibilis
1773 4179 1831 4231 et
1867 4173 2225 4233 immortalis

572 4267 867 4321 maneat?
899 4265 957 4322 Si
983 4265 1046 4321 id
1077 4269 1277 4321 autem
1322 4264 1499 4333 nolis,
1547 4264 1832 4322 nimirum
1887 4263 2225 4322 immortale

575 4353 751 4408 simul
789 4369 927 4411 cum
949 4354 1200 4425 mortali,
1237 4357 1294 4410 et
1324 4352 1774 4427 incorruptibile
1829 4369 1971 4410 cum
2021 4369 2226 4410 corru-

573 4441 763 4512 ptibili
785 4442 846 4497 in
884 4443 1076 4499 vitam
1106 4442 1346 4510 adduci,
1379 4443 1568 4499 ethoc
1597 4442 1810 4499 timens
1835 4443 1994 4499 hanc
2022 4457 2096 4498 ex
2125 4457 2225 4498 ne-

2338 1857 2478 1931 κάλῳ
2535 1859 2779 1932 Πλωτίνῳ
2823 1864 2895 1933 μὴ
2947 1860 3115 1923 καλῶς
3168 1858 3503 1934 δεδογμένον,
3557 1860 3628 1915 Ἠ
3687 1868 3842 1924 ποίας
3890 1864 3933 1925 ἑξ

2338 1945 2568 2020 ἀνάγκης
2595 1951 2728 2023 πρὸς
2755 1949 2897 2002 τοῦθ’
2948 1949 3040 2008 ἧκε
3086 1957 3179 2002 τοῦ
3239 1952 3283 1988 ³⁸
3343 1947 3629 2023 δόγματος,
3692 1956 3788 2005 καὶ
3820 1952 3936 2005 ὑπε-

2337 2054 2435 2095 στη
2469 2033 2678 2090 τοσόνδ’
2710 2035 2887 2100 εἰπεῖν,
2914 2041 2985 2110 μὴ
3033 2040 3169 2110 ἔχων
3221 2037 3383 2102 ἄλλως
3434 2047 3613 2113 φυγεῖν
3655 2045 3756 2100 τὴν
3797 2039 3934 2114 βίαν,

2335 2129 2424 2178 καὶ
2456 2125 2573 2197 ὁμὴ
2607 2125 2669 2184 ἦν
2710 2126 2849 2198 αύτῷ
2896 2129 3289 2202 παραιτεῖσθαι.
3346 2128 3409 2183 Εἰ
3459 2131 3551 2200 μὲν
3607 2132 3714 2200 γὰρ
3765 2131 3848 2183 ὅτι
3893 2131 3938 2167 ³*

2333 2217 2650 2286 γεννωμένης
2679 2213 2838 2287 αὐτῇς
2879 2211 2947 2272 δὴ
3006 2217 3204 2277 ταύτης
3248 2223 3339 2276 τῆς
3382 2215 3593 2288 ψυχῆς,
3654 2218 3772 2290 ἅμα
3828 2224 3930 2278 τοῖς

2337 2303 2476 2365 ζωῆς
2518 2306 2804 2376 μετέχουσι
2867 2308 3100 2376 σώμασι,
3159 2303 3431 2374 συμϐαίνει
3511 2309 3602 2359 καὶ
3672 2325 3942 2378 συγκατα-

2334 2390 2550 2445 λύεσθαι
2597 2395 2792 2450 ταύτην
2849 2392 3026 2456 αὐτοῖς
3073 2398 3162 2447 καὶ
3224 2395 3417 2469 φθορὰν
3469 2396 3770 2467 ὑπομένειν,
3860 2416 3940 2448 και

2335 2488 2462 2552 γοῦν
2523 2481 2644 2554 ὅπερ
2695 2479 2855 2550 ἐστίν,
2907 2481 3000 2534 οὐκ
3053 2482 3195 2535 ἔστιν
3252 2481 3526 2550 ἀθάνατος,
3591 2482 3728 2536 ἀλλὰ
3796 2492 3939 2538 τοῦτο

2336 2565 2460 2623 οὐδὲ
2487 2570 2532 2605 ³¹
2558 2569 2692 2623 αὐτὰ
2719 2575 2886 2622 ταῦτα
2911 2571 3138 2642 πάσχει,
3171 2573 3238 2624 τὰ
3264 2570 3317 2634 ἐξ
3363 2572 3430 2623 ὧν
3492 2568 3746 2631 δηλονότι
3810 2581 3941 2649 πρώ-

2336 2678 2436 2712 των
2473 2678 2564 2713 και
2604 2657 2775 2712 ἁπλῶν
2825 2661 2982 2712 ὀντων
3032 2662 3098 2713 τὰ
3149 2659 3305 2714 λοίπά
3353 2667 3574 2733 σώματα
3649 2665 3938 2733 σόγκειται.

2337 2751 2488 2805 Μένει
2533 2744 2592 2803 δὲ
2645 2767 2736 2801 και
2783 2755 3197 2823 μεταχωροῦντα
3251 2748 3302 2802 ἐν
3356 2749 3532 2812 ἄλλοις
3573 2752 3792 2809 ἔστηκε.
3853 2759 3941 2806 [Isi

2341 2833 2401 2890 δὲ
2456 2839 2502 2874 ³³
2546 2844 2637 2890 τοῦ
2683 2842 2923 2910 σώματος
2975 2857 3065 2892 και
3128 2846 3224 2901 τῆς
3275 2839 3410 2902 ζωῆς
3472 2839 3732 2902 λυθείσης
3782 2849 3939 2915 χωρεῖ

2339 2928 2533 2979 τούτων
2569 2928 2784 2980 ἑκαστον
2818 2944 2831 2996 ;
2861 2926 3024 2987 Εἰςτό
3084 2927 3266 2981 οἰκεῖον
3316 2925 3559 2986 δηλονότι
3601 2949 3700 2982 και
3758 2950 3936 3002 atq-[£-

2339 3017 2434 3080 νες,
2463 3035 2553 3070 και
2591 3016 2651 3070 οὗ
2691 3013 2759 3075 δὴ
2815 3014 3009 3090 ἐφίεται
3063 3020 3273 3090 ’γεγονὸς
3331 3016 3379 3070 ἓν
3427 3025 3500 3087 τῷ
3545 3020 3788 3090 συνθέτῳ
3846 3026 3939 3072 σῶς

2339 3125 2486 3178 ματι·
2518 3104 2642 3159 Ὀτι
2669 3101 2718 3159 δ’
2758 3104 2953 3179 ἐφίεται
3001 3125 3092 3160 και
3143 3104 3222 3160 ἀεί
3278 3110 3409 3181 πρὸς
3466 3114 3623 3160 τοῦτο
3649 3107 3838 3180 βλέπει
3859 3129 3938 3163 και

2337 3197 2431 3252 τὴν
2463 3195 2626 3270 ὁρμὴν
2665 3195 2778 3267 ἔχει
2819 3190 2997 3263 δῆλον,
3047 3193 3154 3248 ἐπεί
3179 3214 3267 3248 και
3324 3195 3526 3256 ζώντων
3578 3198 3657 3249 ἔτι
3711 3205 3820 3249 τῶν
3851 3217 3945 3250 σω-

2337 3302 2512 3357 ματων
2539 3283 2622 3356 ῥεῖ
2639 3303 2728 3336 και
2785 3281 3023 3355 ἐκχεῖται
3075 3283 3244 3336 αὐτῶν
3286 3289 3375 3337 καὶ
3432 3288 3565 3357 πρὸς
3611 3287 3642 3340 ὅ
3705 3283 3780 3344 δή
3826 3289 3946 3358 7νέ-

2339 3391 2451 3426 σιον
2492 3375 2562 3434 ὡς
2608 3373 2656 3409 ³³
2699 3372 2888 3446 ἔφημεν
2941 3374 3171 3439 ἄπεισιν,
3213 3368 3384 3447 ἑτέρου
3442 3370 3598 3436 αὖθις
3675 3376 3950 3448 ὁμογενοῦς

2337 3459 2704 3531 ἁντεισιὸντος,
2735 3481 2825 3514 και
2895 3481 2983 3514 τον
3029 3460 3220 3515 ἐκείνου
3269 3467 3425 3515 τόπον
3475 3463 3836 3536 πληροῦντος,
3895 3467 3952 3526 ὣς

2337 3548 2399 3603 ἂν
2431 3546 2499 3609 δὴ
2533 3553 2711 3604 καιτό
2763 3554 2984 3623 μετέχον
3042 3551 3202 3603 αὑτοῦ
3257 3551 3385 3612 ζῶον
3451 3556 3576 3624 μένῃ
3643 3554 3699 3589 ³⁸
3760 3560 3950 3628 μέχρις

2335 3641 2455 3693 ὅτου
2517 3659 2605 3692 και
2652 3642 2844 3712 πέφυκε
2908 3640 3005 3713 ζῇν
3046 3659 3136 3693 και
3195 3642 3396 3713 φεύγειν
3447 3643 3537 3692 τὸν
3592 3643 3860 3697 θάνατον.
3905 3645 3952 3698 Ei

2333 3735 2459 3800 γοῦν
2493 3727 2634 3782 τοῦθ’
2685 3729 2846 3790 ούτως
2897 3729 3032 3801 ἔχει,
3087 3730 3292 3791 πάντως
3335 3724 3387 3780 δ’
3439 3736 3608 3792 οὕτως
3640 3733 3694 3766 ³³
3755 3752 3856 3785 και
3901 3734 3954 3785 τά

2334 3824 2433 3869 τῶν
2488 3815 2660 3870 ἁπλῶν
2732 3819 2984 3890 σωμάτων
3064 3815 3113 3870 ἓν
3170 3815 3278 3880 τοῖς
3339 3818 3606 3880 συνθέτοις
3673 3826 3949 3894 γενόμενα,

2335 3903 2429 3960 εἴτ’
2476 3905 2664 3960 ἐκεῖθεν
2700 3905 2917 3960 λυθέντα
2975 3902 3121 3968 αὖθις
3173 3909 3306 3979 μένει
3351 3926 3441 3959 και
3490 3907 3549 3960 ού
3604 3905 3945 3986 διέφθαρται·

2333 4000 2385 4048 τί
2429 3994 2614 4050 κωλύει
2672 4015 2762 4048 και
2808 3998 2894 4049 τὸν
2945 3993 3118 4055 ἅπαθῆ
3182 4000 3276 4056 τὴν
3323 3995 3508 4050 οὐσίαν
3549 4006 3700 4070 νοῦν,
3774 4001 3944 4059 αὐτοῖς

2279 4073 2295 4096 ἰ
2335 4080 2403 4144 δὴ
2455 4087 2656 4146 τούτοις
2711 4103 2802 4137 και
2847 4086 3222 4157 συγγωηθέντα
3286 4091 3396 4148 τοῖς
3464 4086 3606 4148 ζῶσι
3677 4093 3945 4162 σώμασιν,

2334 4175 2402 4236 ὡς
2449 4181 2521 4245 τῷ
2573 4178 2760 4248 πρώτῳ
2834 4173 2986 4245 αἰτίῳ
3039 4193 3130 4226 και
3201 4170 3510 4246 δημιουργῷ
3565 4173 3784 4245 ἔδοξεν,
3866 4178 3944 4232 εἶτ’

2333 4262 2498 4315 αὐτῶν
2538 4261 2876 4330 ἁπολυθέντα,
2912 4264 3175 4336 ἄφθαρτον
3213 4267 3376 4335 μένειν
3422 4282 3514 4315 και
3569 4263 3879 4342 ἀνώλεθρον
3929 4285 3941 4331 ;

2335 4356 2394 4407 Εἰ
2421 4348 2480 4408 δὲ
2513 4359 2665 4406 τοῦτο
2692 4356 2763 4426 μὴ
2796 4351 2968 4420 θέλεις,
2998 4352 3108 4424 ἅμα
3140 4347 3384 4410 δηλονότι
3435 4371 3496 4404 το
3550 4351 3828 4410 ἀθάνατον
3882 4363 3942 4425 τῷ

2336 4442 2504 4512 θνητῷ
2563 4460 2654 4494 και
2706 4449 2779 4514 τῷ
2827 4443 3037 4516 φθαρτῷ
3091 4443 3152 4494 τὸ
3211 4441 3476 4514 ἄφθαρτον
3515 4440 3610 4496 ἐπί
3697 4449 3764 4499 τὸ
3830 4445 3946 4499 εἶναι

573 4529 1052 4599 cessitatelegem
1068 4530 1319 4586 adducis
1343 4531 1610 4588 animam
1648 4531 1883 4604 corpori
1911 4531 2225 4604 praeexsis-

2335 4531 2577 4602 ἄγεσθαι,
2623 4549 2714 4583 και
2769 4537 2919 4583 τοῦτο
2970 4529 3280 4604 φοϐούμενος
3339 4532 3536 4590 ταύτην
3594 4536 3655 4597 ἐζ
3727 4534 3948 4608 ἀνάγκας

571 4621 691 4674 tere
721 4622 778 4674 et
805 4633 934 4674 eam
957 4635 1026 4675 ex
1053 4635 1116 4674 se
1147 4615 1273 4675 sola
1285 4620 1470 4676 vitam
1483 4619 1703 4676 habere
1730 4620 2078 4692 dicis,cujus
2095 4635 2224 4677 cor-

573 4723 688 4780 pus
719 4707 1018 4782 particeps
1047 4706 1248 4778 efﬁcit,
1276 4707 1352 4766 de
1374 4708 1490 4766 hoc
1515 4711 1643 4782 jam
1663 4710 2002 4774 accuratius
2032 4709 2226 4784 inqui-

569 4811 698 4854 rere
723 4796 1008 4856 conabor.

2332 4621 2486 4682 τίθης
2527 4619 2717 4690 αἰτίαν,
2757 4617 2944 4692 ψυχὴν
3000 4620 3386 4692 προϋφεστάναι
3443 4626 3697 4694 σώματος
3724 4626 3799 4697 ³⁸,
3867 4643 3949 4675 και

2335 4707 2495 4767 αὐτὴν
2549 4705 2617 4768 δὴ
2680 4710 2876 4766 ταύτην
2941 4711 3101 4781 μόνην
3159 4707 3243 4780 ἀφ’
3291 4711 3481 4769 ἑαυτῆς
3549 4709 3727 4784 λήγεις
3818 4717 3943 4776 cui:

2333 4800 2498 4870 ἔχειν,
2530 4793 2594 4860 ἧς
2624 4793 2692 4856 δὴ
2726 4816 2816 4850 και
2840 4803 2945 4858 τοῖς
2965 4803 3177 4867 σώμασι
3205 4793 3568 4869 μεταδίδωσι,
3622 4804 3766 4876 πρὸς
3813 4799 3946 4854 τοῦτ’

2333 4886 2456 4940 αὐτὸ
2479 4885 2716 4940 ἀπαντῶν
2745 4887 3005 4941 πυθέσθαι
3030 4888 3077 4926 ³³
3119 4885 3400 4960 βούλομαι.

1960 5009 2186 5080 Varia).
2231 5007 2581 5078 lectiones.

640 5152 686 5187 ⁸⁵
707 5151 821 5204 κατ’
851 5151 1039 5223 ἐκεῖνον
1060 5151 1194 5208 Vat.
1275 5150 1316 5186 ¹⁷
1348 5153 1481 5223 μήτε
1513 5149 1653 5207 add.
1693 5152 1816 5209 Vat.

566 5222 712 5278 dose
788 5224 833 5258 ²ι
874 5219 990 5276 οὐδ’
1022 5225 1146 5280 Vat.
1225 5224 1272 5258 ³³
1300 5217 1369 5282 mi
1408 5217 1466 5275 δὲ
1494 5224 1619 5280 Vat.

1897 5152 1942 5188 ιδ
1972 5155 2059 5205 καὶ
2089 5151 2259 5208 abest
2287 5166 2325 5208 a
2358 5153 2484 5208 Vat.

1699 5224 1748 5260 ³³
1778 5226 1847 5286 ὡς
1877 5222 2046 5282 deest
2071 5223 2134 5278 in
2165 5225 2291 5278 Vat.
2319 5227 2496 5281 recte.

3264 5151 3313 5186 ³ο
3371 5151 3489 5205 ὄτον
3535 5153 3727 5215 Vind.
3785 5170 3940 5212 men-

3028 5222 3075 5258 ³⁵
3108 5223 3224 5294 ἔχει
3258 5251 3332 5267 ---
3363 5219 3415 5277 6"
3451 5225 3619 5292 οὕτως
3646 5227 3874 5287 absunt
3911 5240 3937 5280 δ

2565 5151 2609 5187 ιο
2651 5157 2742 5203 τοῦ
2775 5149 3002 5208 abesta
3060 5151 3184 5206 Vat.

2574 5222 2622 5258 ιι
2653 5226 2796 5295 μένοι
2821 5223 2946 5295 Vat.

569 5295 692 5350 Vat.
770 5295 818 5329 ³⁸
847 5300 936 5346 τοῦ
977 5313 1031 5350 σ.
1063 5297 1189 5352 Vat.
1266 5295 1310 5331 ³⁷
1347 5294 1602 5358 αὐτὸς-η
1628 5296 1917 5370 προθὲσθαι
1957 5293 2155 5365 Vind.,
2187 5309 2226 5350 cr

2356 5314 2386 5346 υ
2413 5308 2599 5367 supra
2620 5293 2776 5368 προθ.
2804 5293 3046 5366 scripto.

2161 5420 2368 5486 Notae.

674 5545 732 5614 l4
779 5561 898 5615 Hoc
929 5555 1115 5615 verbo
1150 5557 1434 5628 augenda
1463 5562 1600 5615 sunt
1628 5556 1838 5616 lexica.

641 5564 752 5702 i155;
792 5629 889 5702 Vel
930 5628 1044 5687 hoc
1098 5629 1282 5702 verbo
1340 5631 1529 5702 tangit
1586 5631 1836 5702 fortasse
1891 5630 2075 5688 Natha'

667 5628 748 5715 ιδ)
792 5629 889 5715 Ve}
930 5628 1044 5687 hoc
1098 5629 1282 5715 ver'bo
1340 5631 1529 5715 tangit
1586 5631 1836 5712 fortasse
1869 5630 2227 5715 ‘Nathan‘ael

571 5699 1074 5775 phildsophorum
1095 5700 1170 5758 de
1183 5699 1435 5759 humida
1446 5699 1772 5774 corporum
1784 5706 2017 5772 natura,
2037 5703 2132 5761 vel
2149 5702 2225 5760 de

2335 5560 3934 5652 ssrparetasqusaﬂsvfsetometaphoraaesverbe

2333 5629 2462 5689 vid:
2485 5629 2816 5691 Catack'ad
2847 5632 3022 5690 Marc.
3048 5632 3335 5691 A‘ntdnin.
3367 5629 3432 5708 κζ
3455 5641 3512 5706 8,
3542 5654 3602 5712 p.
3645 5643 3773 5696 359.
