4064 6308
169 283 310 340 1409

242 405 318 480 βύ
350 406 496 464 Τίνος
537 403 728 464 ταύτης
758 419 816 463 ης
855 420 953 476 φῃς
986 399 1126 464 ζωῆς
1174 401 1204 460 ἡ
1255 399 1410 473 ψυχὴ
1471 391 1768 472 μεταδίδω-
1801 400 1848 454 Α

169 515 254 550 σιν
285 512 299 563 ;
331 495 496 557 αὐτῆς
526 491 741 561 ἐκείνης,
773 493 802 552 ἦ
838 488 906 551 δὴ
930 496 1019 545 καὶ
1058 499 1120 564 τῇ
1163 491 1210 527 ³⁸
1241 489 1395 562 ψυχῇ
1441 485 1533 542 διὰ
1579 489 1768 546 παντὸς

166 589 260 640 καὶ
298 584 495 646 ἄλυπος
534 584 582 619 ³⁸
639 584 897 652 σύνεστιν,
936 581 966 640 ἢ
1014 580 1186 656 ἑτέραν
1238 581 1382 651 παρά
1437 579 1632 636 ταύτην
1679 575 1767 627 λί-

165 694 276 747 γεις
305 671 435 727 εἶναι
465 676 559 730 τὴν
597 669 650 723 ἐκ
679 670 866 742 ψυχῆς
923 667 1341 744 μεταδιδομένην
1388 676 1462 739 τῷ
1513 671 1718 738 σώματι
1751 679 1765 732 ;

167 763 232 817 Εἰ
269 766 362 836 μεν
385 764 486 834 γὰρ
518 767 609 821 τῆς
656 759 845 819 οἰκείας
880 758 1016 820 ζωῆς
1075 759 1104 816 ἡ
1165 755 1318 830 ψυχὴ
1382 751 1764 829 μεταδίδωσιν,

171 853 431 908 ἀθανάτου
486 854 683 913 ταύτης
750 853 932 918 οὔσης,
992 846 1076 902 δεῖ
1127 854 1217 902 καὶ
1276 850 1342 901 τὰ
1401 848 1772 920 μετεσχηκότα

173 949 393 1017 σώματα
423 945 509 996 τὸν
553 945 668 994 ἴσον
697 944 887 1013 χρόνον
919 941 1014 1014 ζῇν
1053 959 1142 992 και
1173 935 1345 992 ἀίδιον
1395 954 1408 968 ·
1461 935 1505 989 εἰ
1536 932 1585 988 δ’
1638 932 1767 990 ἄλλη

169 1035 262 1106 μὶν
287 1033 470 1105 ψυχῆς
525 1033 654 1101 ζωὴ,
688 1029 814 1088 ἄλλη
871 1026 922 1082 δ’
990 1027 1158 1090 ἁπλῶς
1189 1029 1333 1089 ζώων
1380 1027 1451 1097 ³ο,
1477 1043 1568 1078 και
1593 1024 1622 1083 ἡ
1679 1025 1769 1096 μεν

171 1122 339 1174 αὐτῶν
409 1122 598 1174 τούτων
647 1120 814 1192 φθορᾴ
879 1118 1236 1184 συνέζευκται,
1294 1115 1479 1188 ψυχῆς
1546 1111 1604 1166 δὲ
1665 1112 1770 1173 ζωὴ

174 1212 342 1269 πάντη
411 1208 710 1283 ἀνώλεθρος,
757 1216 868 1269 πῶς
915 1207 942 1260 ὃ
984 1212 1055 1276 μὴ
1113 1209 1254 1260 ἔστιν
1306 1205 1436 1278 αὐτῇ
1487 1212 1550 1277 τῇ
1612 1201 1766 1274 ψυχῇ

175 1300 318 1362 ζωῆς
373 1294 533 1365 εἶδος,
578 1298 802 1372 φθαρτόν
858 1303 1085 1370 χορηγεῖ
1153 1303 1263 1356 τοῖς
1316 1312 1556 1366 σωμασιν
1600 1308 1613 1360 ;
1671 1294 1771 1344 Καί

173 1394 279 1462 μήν
323 1389 368 1441 εἰ
415 1407 505 1439 και
549 1393 702 1440 τοῦτο
785 1381 1028 1451 δύναται,
1088 1383 1244 1458 ψυχὴ
1301 1383 1569 1444 ἀθανατως
1623 1381 1773 1442 ζῶσα

175 1479 408 1552 φθαρτῆς
455 1471 583 1528 εἶναι
632 1471 876 1533 δηλονότι
916 1478 1164 1532 ποιητική
1227 1473 1362 1534 ζωῆς
1388 1471 1460 1542 ³¹,
1490 1475 1630 1531 τίνος
1657 1471 1772 1541 χά-

169 1584 255 1640 ριν
282 1564 363 1618 ἐπί
395 1566 707 1638 τὰσώματα
760 1571 1039 1629 κατιοῦσα,
1099 1564 1192 1622 ’ἧκε
1245 1559 1295 1615 δ’
1350 1563 1482 1614 ὥστε
1525 1579 1617 1612 και
1677 1562 1771 1631 ζῇν

170 1654 307 1707 αὐτὰ
335 1661 558 1713 ποιῆσαι
586 1671 676 1705 και
730 1660 1020 1725 κοσμῆσαι,
1055 1652 1113 1704 ού
1152 1658 1242 1704 τοῦ
1269 1655 1556 1726 κρείττονος
1599 1643 1770 1708 εἴδους

1374 261 1538 331 ADV.
1565 253 1912 328 PLOT-INUM
1938 269 2033 327 DE
2058 269 2315 336 ANIMA.

3391 262 3527 333 tuo

1953 398 2004 451 ὅ.
2029 396 2318 462 Quaenam
2344 400 2432 456 est
2459 395 2584 455 haec
2630 395 2755 454 vita
2801 395 2994 469 cujus,
3038 398 3105 454 ut
3127 395 3297 470 dicis,
3324 399 3528 458 anima

1879 499 2096 558 corpus
2127 487 2305 544 efﬁcit
2330 487 2628 560 particeps
2655 485 2879 544 ?Illane
2901 489 2990 542 est
3013 502 3146 559 quae
3168 488 3382 545 animae
3412 490 3528 563 ipsi

1879 591 2116 648 semper
2135 582 2191 634 et
2220 578 2444 636 doloris
2475 593 2688 650 expers
2738 577 2912 644 inest,
2946 593 3024 633 an
3056 578 3236 635 aliam
3263 595 3398 636 esse
3440 581 3529 639 di-

1879 665 1965 722 cis
1991 682 2126 724 eam
2161 683 2348 740 quam
2391 667 2597 724 anima
2627 666 2863 741 corpori
2918 667 3153 724 tradit?
3187 671 3243 725 Si
3272 671 3526 743 propriae

1881 754 1994 810 sibi
2023 755 2156 812 vitae
2182 755 2388 813 anima
2418 772 2636 829 corpus
2664 754 2846 813 efficit
2891 756 3211 830 particeps,
3231 759 3528 831 eumipsa.

1880 843 1955 899 sit
1992 843 2365 917 immortalis,
2409 849 2644 918 oportet
2697 849 2754 902 et
2809 846 3228 919 participantia
3273 863 3529 921 corpora

1878 931 2040 988 idem
2071 937 2308 1006 tempus
2327 940 2384 989 et
2409 935 2470 990 in
2503 938 2794 990 aeternum
2832 935 3052 990 vivere.
3093 935 3149 990 Si
3180 941 3379 992 autem
3411 937 3529 995 alia

1880 1025 1968 1078 est
1996 1021 2212 1077 animae
2237 1022 2374 1095 vita,
2416 1026 2471 1078 et
2529 1021 2645 1078 alia
2699 1022 3048 1096 simpliciter
3104 1024 3523 1094 animantium,

1881 1125 1950 1167 ac
1985 1127 2054 1167 ea
2090 1111 2338 1184 quidem
2376 1111 2776 1168 animantium
2835 1113 3198 1185 corruptioni
3236 1114 3525 1186 subjacet,

1879 1199 2098 1256 animae
2134 1216 2274 1257 vero
2306 1201 2425 1257 vita
2452 1200 2701 1257 omnino
2749 1204 2842 1256 est
2863 1200 3347 1274 incorruptibilis,
3374 1220 3526 1277 quo-

1881 1288 2064 1345 modo
2085 1304 2216 1361 quae
2248 1305 2369 1345 non
2418 1293 2506 1346 est
2549 1290 2767 1346 animae
2824 1289 2953 1346 vitae
3001 1291 3217 1360 forma,
3241 1308 3376 1348 eam
3402 1307 3526 1349 cor-

1878 1377 2222 1450 ruptibilem
2250 1378 2605 1450 corporibus
2622 1377 2894 1451 praebet?
2933 1378 3002 1436 Et
3018 1379 3066 1435 si
3081 1379 3143 1435 id
3155 1396 3397 1454 quoque
3417 1397 3527 1454 po-

1879 1471 2012 1538 test,
2032 1467 2082 1522 si
2104 1467 2262 1524 valet
2282 1469 2486 1525 anima
2508 1467 2833 1524 immortali
2850 1468 2967 1525 vita
2979 1469 3225 1540 praedita
3241 1471 3529 1543 corrupti-

1879 1555 2060 1612 bilem
2081 1556 2266 1613 vitam
2283 1557 2751 1622 communicare,
2780 1573 2967 1630 quare
2987 1557 3065 1614 ad
3087 1574 3338 1632 corpora
3355 1560 3530 1617 devec

1880 1645 2074 1701 niens.
2096 1645 2334 1701 devenit
2363 1649 2564 1702 autem
2595 1650 2659 1701 ut
2680 1661 2752 1702 ea
2804 1645 3000 1702 vivere
3041 1645 3220 1703 faciat
3251 1653 3305 1705 et
3334 1653 3526 1718 ornet,

167 1744 378 1817 ψυχῆς,
400 1751 493 1796 τοῦ
543 1739 602 1796 δε
644 1761 879 1818 χειρονος
927 1738 1260 1816 μετέδωκεν;
1314 1741 1396 1800 ἦτ’
1440 1741 1544 1814 ἄρα
1600 1740 1765 1810 φθόνῳ

1885 1749 2002 1791 non
2028 1733 2288 1789 melioris
2317 1733 2532 1790 animae
2546 1734 2881 1803 formae,sed
2899 1735 3192 1792 inferioris
3206 1752 3278 1794 ea
3297 1738 3526 1810 partici-

165 1835 374 1894 πάντως
430 1835 578 1907 ἕρεῖς,
637 1832 668 1891 ἣ
720 1833 801 1885 ὅτι
853 1831 911 1884 ού
973 1833 1032 1884 τὸ
1087 1838 1320 1906 κρεῖττον
1388 1848 1477 1881 και
1537 1828 1765 1901 ἄμεινον,

165 1921 330 1976 ἕκεῖνο
357 1917 417 1974 δὲ
445 1919 635 1994 μᾶλλον
661 1922 720 1974 τὸ
782 1920 830 1956 ⁸³
887 1939 977 1973 και
1011 1918 1223 1995 ἀχρεῖον
1281 1915 1567 1976 δεδύνηται
1596 1938 1610 1952 ·
1658 1915 1768 1969 ἀλλ’

167 2013 213 2064 εί
257 2014 318 2064 τό
371 2007 596 2085 πρῶτον,
647 2018 753 2070 πῶς
818 2009 879 2062 ἂν
929 2012 1030 2075 εἴη,
1078 2007 1285 2082 ἀγαθῆς
1351 2011 1547 2069 ταύτης
1602 2009 1770 2067 οὔσης

165 2120 259 2153 και
311 2098 486 2172 ἀγαθοί
549 2118 667 2152 τινα
716 2099 915 2172 πρᾶξαι
981 2097 1387 2172 βεϐουλημένης,
1427 2101 1546 2173 περί
1599 2093 1634 2149 ἃ
1679 2115 1770 2149 και

171 2191 536 2265 προεθυμήθη,
590 2187 684 2240 οὐκ
744 2187 797 2251 ἐξ
858 2187 1086 2260 ἀνάγκης
1153 2185 1220 2247 δή
1277 2207 1414 2249 τινος
1465 2192 1555 2240 καὶ
1621 2184 1765 2259 βίας,

169 2277 282 2332 ἀλλ’
313 2280 448 2331 ὥστε
489 2277 635 2330 ταῦτ’
667 2273 720 2330 εὖ
759 2277 808 2313 ³³
845 2285 1068 2337 ποιῆσαι
1135 2282 1225 2330 καὶ
1291 2277 1526 2345 ζωῶσαι,
1590 2278 1769 2349 φθονε-

175 2376 278 2443 ρῶς
306 2374 496 2440 ,σχεῖν
557 2371 646 2420 καὶ
705 2369 800 2426 τὴν
863 2369 1058 2420 τούτων
1121 2373 1289 2440 τεμεῖν
1361 2371 1451 2419 καὶ
1518 2374 1772 2418 στενῶσαι

173 2456 318 2517 ζωήν
351 2471 365 2523 ;
407 2455 450 2508 εἰ
482 2452 534 2508 δ’
572 2456 652 2508 ὅτι
691 2454 785 2508 ούκ
837 2451 898 2514 ἦν
935 2455 1094 2517 αὐτῆς
1132 2464 1221 2517 τῆς
1275 2454 1457 2527 ψυχῆς
1512 2457 1771 2509 ἀθανάτου

171 2549 266 2598 καὶ
305 2543 384 2598 ἀεὶ
442 2545 616 2605 ζώσης
675 2549 768 2603 τὴν
820 2547 940 2603 ἴσην
1005 2550 1096 2598 καὶ
1153 2553 1258 2607 τοῖς
1313 2545 1486 2607 ἄλλοις
1544 2545 1774 2619 ἁρμόσαι

170 2635 344 2700 ζωὴν,
391 2637 575 2686 σκόπει
603 2632 798 2706 μήποτ’
827 2633 933 2706 οὐχ
997 2633 1228 2710 ἁρμόζον
1273 2639 1362 2688 καὶ
1406 2635 1549 2688 τοῦθ’
1590 2636 1775 2708 ὁμοίως

166 2726 250 2782 εἵη
317 2726 435 2798 περὶ
513 2725 711 2784 ταύτης
784 2722 962 2778 εἰπεῖν.
1014 2723 1076 2776 Εἰ
1127 2725 1229 2798 γὰρ
1305 2729 1377 2798 μή
1437 2732 1529 2777 τοῦ
1586 2724 1775 2778 οἰκείου

165 2815 367 2883 πέφυκε
420 2807 766 2884 μεταδιδόναι
813 2812 881 2881 ³⁸,
940 2819 1050 2875 πῶς
1101 2817 1292 2886 πέφυκε
1338 2821 1430 2866 τοῦ
1484 2812 1775 2904 ἀλλοτρίου,

166 2901 258 2953 ἱνα
295 2904 366 2973 μή
426 2908 519 2953 τοῦ
567 2899 797 2954 ἐναντίου
856 2900 1006 2974 λέγω,
1048 2904 1187 2976 εἰπερ
1237 2899 1306 2962 δὴ
1368 2901 1570 2956 ἐναντία
1609 2899 1776 2980 φθαρέ

169 2993 266 3043 τόν
295 2994 385 3042 καὶ
434 2990 715 3065 ἄφθαρτον,
782 2990 1037 3043 ἀθάνατον
1067 2995 1156 3044 καὶ
1207 2993 1426 3060 θνητόν;
1471 2997 1535 3046 Τί
1575 2990 1633 3046 δε
1688 3014 1778 3047 και

163 3085 376 3152 γνοῦσα
407 3085 514 3141 τοῖς
549 3081 639 3152 μὲν
688 3079 859 3152 ὀλίγον
890 3080 938 3115 ³⁵
968 3084 1160 3156 χρόνον
1200 3079 1478 3156 ἀπεμέρισε
1508 3090 1600 3135 τοῦ
1657 3083 1752 3156 ζῇν

167 3175 288 3230 τοῖς
317 3165 376 3221 δε
425 3167 625 3237 πλείω;
671 3167 731 3222 Εἰ
786 3171 877 3242 μὶν
928 3171 1027 3244 γὰρ
1087 3173 1212 3244 πρὸς
1267 3168 1449 3246 ἀρετὴν
1508 3170 1778 3244 βλέπουσα

163 3275 263 3310 και
314 3260 500 3308 κοαίαν
538 3255 674 3309 οὕτω
737 3252 806 3315 δὴ
856 3262 948 3310 καὶ
1005 3260 1065 3310 τό
1111 3258 1207 3331 ζῇν
1261 3266 1440 3332 μετρεῖ
1491 3262 1622 3332 (16),
1668 3268 1778 3325 τοῖς

165 3348 264 3420 μεν
294 3345 376 3398 ἶνα
408 3344 565 3399 πλείω
620 3347 1002 3422 κατορθώσωσι
1061 3349 1156 3407 τὰ,
1192 3345 1380 3422 βελτίω
1429 3355 1776 3425 προαιρουμέ-

163 3454 284 3497 νοις
307 3439 396 3487 καὶ
450 3433 606 3487 πλείω
661 3439 892 3508 νέμουσα
944 3439 1033 3495 τὴν
1084 3436 1243 3501 ζωὴν,
1294 3447 1392 3490 τῶν
1435 3435 1484 3492 δ’
1540 3441 1623 3493 ἵνα
1669 3460 1775 3515 τρε-

165 3527 378 3598 χόντων
422 3521 503 3576 ἐπὶ
557 3524 624 3576 τὰ
688 3529 853 3598 χείρω
903 3524 1042 3598 κόψῃ
1096 3530 1184 3578 τόν
1241 3523 1456 3602 δρόμον,
1507 3533 1779 3582 κόπτουσα

168 3617 268 3667 καὶ
295 3616 407 3680 (17)
441 3614 542 3692 ,τὸν
580 3621 673 3666 τοῦ
705 3617 898 3688 χρόνου
925 3622 1016 3676 τῆς
1047 3615 1186 3677 ζωῆς
1239 3611 1434 3692 δρόμον
1480 3619 1549 3685 ³⁸,
1582 3621 1777 3671 τούτων

165 3720 231 3755 τε
289 3691 532 3754 κάκείνων
583 3697 723 3754 ἰδίαν
762 3703 936 3777 ὥσπερ
1016 3707 1106 3756 καὶ
1161 3709 1328 3776 χωρὶς
1395 3701 1633 3759 διάθεσιν
1688 3712 1777 3760 καὶ

167 3793 386 3847 κίνησιν
423 3791 567 3863 παρὰ
602 3798 695 3850 τῆς
723 3790 767 3824 ³⁷
795 3790 950 3863 ψυχῆ
963 3810 984 3851 ς
1035 3789 1258 3864 ἑχόντων
1289 3812 1302 3827 ο
1333 3792 1438 3845 ἀλλ’
1493 3791 1566 3853 ἥδ
1572 3813 1601 3852 η
1654 3797 1778 3872 ὁρῶ-

170 3897 271 3952 μεν
310 3877 528 3938 πολλοὺς
565 3881 656 3951 μὶν
713 3887 812 3931 τῶν
865 3887 1037 3932 κακῶν
1083 3885 1173 3933 καὶ
1217 3883 1353 3934 πάνυ
1391 3902 1443 3935 τι
1502 3884 1550 3918 ³⁸
1583 3894 1774 3954 κακῶν,

167 3969 314 4021 πάνυ
339 3985 391 4018 τι
420 3967 545 4008 ³⁹-³⁶
570 3972 661 4019 καὶ
693 3967 908 4035 ζῶντας,
971 3968 1188 4032 πολλους
1244 3967 1294 4023 δ’
1326 3969 1479 4046 ἀρετῇ
1535 3992 1779 4047 προσκει-

168 4058 383 4131 μένους,
437 4055 486 4108 ἕν
541 4054 743 4130 βραχεῖ
772 4077 875 4110 τινι
930 4063 1106 4130 χρόνῳ
1143 4059 1254 4132 ἅμα
1300 4079 1354 4113 τε
1401 4069 1492 4114 τοῦ
1546 4063 1642 4136 ζῇν
1690 4068 1780 4116 καὶ

168 4153 271 4204 τῆς
311 4148 430 4218 περὶ
484 4147 551 4196 τὰ
617 4145 752 4197 καλά
818 4143 1058 4208 σπουδῆς
1124 4153 1498 4221 πεπαυμένους.
1551 4149 1780 4224 Ὀρῶμεν

173 4230 238 4286 δὲ
276 4233 320 4267 ⁸⁷
350 4237 582 4294 καὶτοὺς
608 4239 767 4306 μήπω
804 4234 1013 4297 ἡλικίας
1067 4235 1382 4309 ἁψαμένους,
1425 4243 1543 4312 περὶ
1595 4238 1780 4314 ἀρετῆς

173 4318 334 4375 οὐδὲν
359 4327 490 4394 μήτε
513 4327 697 4384 κακίας
754 4321 960 4386 εἰδότας
999 4325 1066 4390 ³⁸,
1136 4324 1315 4399 ἀώρως
1362 4327 1496 4380 οὕτω
1553 4338 1644 4381 τοῦ
1684 4332 1780 4404 ζῇν

174 4409 482 4477 ἐκστάντας,
528 4414 665 4464 καὶὸ
713 4411 860 4481 λόγος
917 4411 1180 4466 κάνταῦθα
1225 4418 1358 4476 τίνος
1415 4417 1578 4482 ἕνεκα,
1633 4418 1776 4471 εἰκό-

1759 3127 1774 3152 ’
1807 3125 1847 3181 C

1877 1822 2084 1894 pantia
2108 1822 2299 1879 etfec1t
2319 1823 2346 1878 ‘I
2378 1825 2492 1879 Aut
2513 1823 2742 1878 invidia
2767 1823 3018 1880 omnino
3046 1824 3228 1891 dices,
3255 1831 3358 1882 aut
3387 1828 3532 1900 quia

1876 1925 1998 1967 non
2030 1910 2229 1982 majus
2258 1915 2310 1966 te
2331 1911 2566 1980 melius,
2604 1911 2709 1967 sed
2739 1910 2886 1967 illud
2926 1911 3127 1969 minus
3150 1918 3206 1970 et
3229 1914 3400 1986 pejus
3428 1931 3533 1988 po-

1877 1997 2006 2053 tuit.
2049 1999 2164 2054 Sed
2195 1998 2455 2070 siprius,
2503 1997 2812 2070 quomodo
2870 1997 2936 2055 ﬁt
2998 2005 3062 2055 ut
3115 2001 3340 2072 anima,
3391 2017 3531 2058 cum

1875 2086 2038 2143 bona
2060 2087 2134 2143 sit
2164 2091 2222 2144 et
2253 2086 2479 2160 aliquid
2507 2086 2653 2143 boni
2698 2092 2980 2159 praestare
3037 2089 3176 2146 velit
3204 2089 3275 2145 iis
3302 2091 3364 2145 in
3393 2107 3528 2163 quae

1879 2175 2145 2232 studium
2171 2175 2372 2243 habet,
2403 2191 2526 2232 non
2547 2192 2619 2233 ex
2657 2176 3009 2233 necessitate
3035 2181 3090 2234 et
3118 2178 3197 2247 vi,
3223 2177 3428 2236 invida
3457 2179 3533 2236 sit

1879 2264 2229 2336 earuimque
2253 2264 2436 2320 vitam
2468 2268 2626 2321 secet
2645 2279 2715 2320 ac
2732 2265 2967 2321 minuat
2994 2265 3022 2321 ?
3043 2266 3101 2322 Si
3132 2271 3354 2336 autem,
3385 2268 3532 2341 quia

1879 2367 2003 2409 non
2031 2356 2227 2425 potest
2275 2354 2480 2409 anima
2545 2357 2602 2410 et
2665 2353 3020 2410 immortalis
3084 2359 3140 2412 et
3180 2371 3417 2430 semper
3443 2355 3530 2413 vi«

1880 2457 2050 2513 vens,
2089 2441 2383 2514 aequalem
2427 2446 2486 2499 et
2541 2443 2671 2499 aliis
2728 2444 2913 2500 vitam
2969 2443 3340 2518 dispensare,
3392 2445 3530 2504 vide

1883 2546 1958 2588 ne
1983 2546 2105 2587 non
2131 2547 2466 2602 congruum
2497 2531 2572 2588 sit
2622 2531 2737 2588 hoc
2762 2533 2837 2588 de
2873 2531 2976 2589 illa
3027 2533 3240 2590 dicere.
3274 2535 3332 2592 Si
3370 2535 3530 2592 enim

1882 2621 2196 2694 proprium
2211 2629 2340 2679 tran
2350 2621 2407 2677 si
2409 2621 2631 2678 undere
2642 2627 2922 2694 nequeat,
2939 2624 3250 2696 quomodo
3263 2626 3455 2697 possit
3468 2625 3532 2682 id

1884 2710 2116 2766 tradere
2139 2710 2304 2782 quod
2325 2711 2438 2783 ipsi
2461 2716 2814 2767 extraneum
2839 2715 2944 2783 est,
2972 2727 3048 2769 ne
3077 2713 3276 2770 dicam
3301 2718 3532 2773 contra-

1883 2800 2061 2868 rium,
2126 2800 2424 2872 siquidem
2477 2802 2780 2858 contraria
2846 2806 2986 2858 sunt
3045 2803 3424 2876 corruptibile
3476 2809 3534 2863 et

1885 2889 2356 2962 incorruptidile,
2379 2889 2715 2946 immortale
2738 2894 2795 2946 et
2822 2891 3072 2947 mortale
3096 2893 3124 2948 ‘2
3145 2893 3298 2958 Quid
3329 2899 3532 2951 autem

1886 2978 2154 3050 cogitans
2181 2977 2310 3034 aliis
2331 2978 2578 3051 quidem
2592 2995 2848 3050 parvum
2861 2983 3101 3052 tempus
3120 2981 3375 3049 vivendi,
3399 2983 3530 3039 aliis

1885 3067 2122 3138 longius
2144 3067 2514 3140 impertivit?
2542 3068 2597 3125 Si
2619 3068 2779 3124 enim
2809 3067 2889 3125 ad
2916 3068 3194 3126 virtutem
3223 3071 3536 3128 attendens

1887 3162 1944 3213 et
1964 3155 2255 3213 malitiam
2283 3155 2366 3213 ita
2391 3157 2570 3212 vitam
2602 3157 2841 3213 metitur
2860 3156 2988 3213 aliis
3008 3158 3253 3231 quidem
3283 3159 3536 3218 meliora

1889 3244 2266 3317 eligentibus,
2289 3261 2411 3319 quo
2441 3244 2616 3318 plura
2644 3250 2800 3302 recte
2821 3246 3064 3314 faciant,
3084 3247 3416 3318 longiorem
3436 3251 3536 3306 tri-

1885 3335 2079 3392 buens
2109 3336 2315 3404 vitam,
2335 3335 2591 3393 aliorum
2613 3341 2813 3392 autem
2839 3336 2917 3392 ad
2947 3337 3156 3410 pejora
3169 3340 3534 3396 currentium

1887 3431 1953 3482 ut
1982 3441 2224 3482 cursum
2246 3431 2421 3491 secet,
2451 3441 2662 3483 secans
2690 3431 2747 3482 et
2783 3425 2918 3482 vitae
2953 3429 3235 3500 temporis
3264 3445 3529 3498 cursum,

1885 3514 1978 3570 his
2001 3520 2056 3572 et
2092 3515 2205 3571 illis
2233 3516 2541 3588 propriam
2565 3516 2741 3589 quasi
2793 3532 2862 3573 ac
2905 3522 3244 3589 separatam
3275 3519 3534 3593 disposi-

1887 3603 2105 3660 tionem
2123 3609 2181 3660 et
2199 3609 2429 3661 motum
2446 3603 2602 3662 ultra
2630 3605 2847 3661 animae
2873 3611 3108 3663 motum
3127 3607 3489 3666 habentibus
3517 3625 3531 3677 ;

1883 3692 2012 3764 jam
2047 3694 2318 3750 videmus
2345 3693 2568 3750 multos
2616 3695 2862 3767 quidem
2911 3695 3206 3752 malorum
3253 3703 3310 3755 et
3354 3699 3534 3755 etiam

1889 3783 2310 3854 pessimorum,
2357 3783 2460 3838 diu
2542 3782 2826 3840 viventes.
2887 3783 3108 3840 multos
3148 3800 3292 3842 vero
3333 3787 3534 3844 virtuti

1889 3869 2282 3939 adhaerentes,
2323 3876 2460 3942 post
2500 3870 2679 3928 breve
2723 3877 2962 3943 tempus
3008 3877 3064 3927 et
3109 3875 3227 3928 vita
3284 3874 3535 3932 simulet

1886 3957 2032 4016 boni
2080 3959 2277 4016 studio
2333 3965 2656 4017 cessantes.
2737 3959 3017 4015 Videmus
3064 3964 3266 4017 autem
3319 3967 3375 4018 et
3431 3978 3536 4020 eos

1889 4049 1993 4121 qui
2023 4048 2297 4104 nondum
2319 4048 2788 4104 adolescentiam
2818 4048 3084 4118 attigere,
3127 4049 3202 4105 de
3225 4049 3438 4107 virtute
3463 4067 3536 4108 ac

1891 4137 2117 4211 malitia
2145 4135 2290 4191 nihil
2313 4138 2587 4203 scientes,
2619 4140 2975 4208 praemature
3013 4138 3096 4194 ita
3117 4153 3148 4192 e
3169 4139 3288 4195 vita
3317 4155 3536 4196 exeun-

1890 4229 1978 4280 tes
2015 4240 2028 4292 ;
2063 4231 2240 4296 atque
2262 4224 2344 4280 ibi
2371 4225 2522 4280 ratio
2545 4240 2668 4296 qua
2714 4223 2789 4280 de
2832 4241 3010 4281 causa
3053 4225 3298 4282 minime
3325 4227 3538 4286 infaili—

1889 4312 2024 4369 bilis
2041 4317 2146 4369 est.
2182 4315 2466 4370 Virtutem
2492 4318 2693 4370 autem
2737 4313 2829 4370 vel
2873 4315 3159 4372 malitiam
3185 4317 3375 4374 utrius
3404 4335 3537 4376 esse

1891 4402 2185 4470 dicemus,
2217 4403 2429 4459 animae
2460 4418 2537 4458 an
2564 4403 2831 4476 corporis
2864 4405 3408 4479 ;Suntamborum,
3435 4413 3542 4466 aut

175 4518 287 4560 τως
315 4500 385 4568 ³⁸,
418 4500 590 4559 ἣκιστ’
619 4500 871 4574 ἀσφαλής.
903 4500 1069 4565 Ὀλως
1099 4499 1149 4555 δ’
1199 4502 1378 4576 ἀρετὴν
1406 4506 1436 4565 ἢ
1495 4507 1542 4542 ⁸⁸
1594 4513 1774 4562 κακίαν

1893 4491 2337 4548 uniustantum.
2360 4491 2470 4548 Sed
2493 4492 2540 4548 si
2554 4493 2749 4556 unius,
2765 4495 3132 4550 suntanimee
3147 4502 3337 4566 erunt,
3357 4498 3540 4572 siqui-

177 4592 323 4648 τίνος
351 4587 411 4639 ἂν
469 4585 597 4641 εἶναι
636 4595 857 4663 φαίημεν
905 4591 974 4657 ⁴¹,
1004 4589 1188 4664 ψυχῆς
1219 4592 1248 4652 ἦ
1285 4598 1529 4673 σώματος
1555 4610 1570 4663 ;
1604 4595 1634 4656 ἣ
1680 4599 1779 4673 γὰρ

179 4675 396 4750 ἀμφοῖν,
425 4677 454 4736 ἦ
497 4676 606 4741 ἑνὸς
656 4675 831 4737 δήπου
883 4682 1097 4736 τούτων.
1150 4679 1284 4734 Ἀλλ’
1328 4681 1437 4745 ἐνὸς
1475 4666 1613 4762 εἴπερ
1665 4683 1778 4761 εἶεν,

1893 4580 2032 4636 dem
2063 4580 2277 4637 etinde
2298 4595 2510 4638 omnes
2544 4582 2622 4637 ad
2648 4582 2880 4639 bonum
2909 4589 2966 4640 et
2985 4583 3210 4641 malum
3235 4592 3454 4654 motus,
3481 4589 3540 4646 Si

1895 4684 2035 4728 vero
2063 4671 2403 4739 amborum,
2432 4676 2490 4729 et
2515 4671 2597 4730 ita
2616 4673 2830 4730 animae
2859 4673 3057 4747 potius
3073 4680 3247 4733 erunt
3264 4693 3396 4750 quae
3417 4692 3543 4734 cor-

1538 4799 1761 4871 V'ariaa
1807 4802 2156 4874 lectiones.

254 4907 304 4943 ³³
359 4916 420 4982 τῇ
487 4925 610 4966 non
667 4913 760 4968 est
807 4909 868 4967 in
896 4912 1023 4968 Vat.
1099 4911 1545 4978 ’θοῦλυτοςνᾶῑο

177 4979 358 5058 ἧττον.
394 4979 403 4982 ⁷
437 4982 485 5058 ξδ
517 4983 686 5058 Vind.
729 4982 788 5036 ού
818 4983 998 5058 male.
1024 4985 1122 5058 ﬂ“
1143 4982 1464 5058 μεταδοῦναι
1487 4989 1613 5044 Vat.

173 5055 279 5110 τὴν
309 5051 486 5124 τῆς
533 5056 654 5110 Vat.
686 5059 865 5112 recte.
942 5055 990 5090 ⁸⁸
1023 5051 1192 5112 Vina.
1252 5059 1386 5112 πάνυ
1431 5078 1531 5113 τοι.

174 5124 228 5159 ³⁸
259 5123 662 5193 εἶνααίείκότος,
697 5128 823 5184 Vat.
901 5126 949 5162 ‘°
979 5131 1069 5180 καὶ
1099 5129 1224 5186 Vat.
1305 5132 1348 5166 ¹⁸¹
1385 5138 1568 5204 φαῖμεν
1602 5133 1727 5192 Vat.

1623 4917 1672 4955 ⁸ο
1698 4920 1878 4993 Vind.
1915 4925 2062 4993 ζῶον,
2093 4921 2270 4980 male.

1694 4991 1742 5027 ³⁵
1774 4993 1942 5048 Vind.
1980 4991 2156 5061 πλείω,
2198 4993 2378 5052 male.

1610 5062 1742 5103 δί’-³⁸
1802 5065 1973 5121 Vind.
2010 5069 2146 5120 πάνυ
2200 5085 2304 5126 τοι,

2349 4922 2393 4959 ³³
2425 4922 2564 4987 ζωῆς
2595 4939 2717 4981 non
2739 4923 2921 4981 habet
2947 4925 3072 4981 Vat.
3150 4925 3198 4960 ⁸³
3227 4923 3361 4983 fort.
3393 4923 3536 4986 add.

2455 4996 2506 5083 ³2
2566 4997 3047 5083 δὶλρτβεὲπίξῖίίὲω
3077 5000 3311 5083 ,ξρδῆθνῖ
3387 4997 3536 5083 ³Ῐ.⁷ἷ·

2381 5066 2425 5101 ετ
2460 5063 2519 5119 δὴ
2571 5063 2741 5124 abést
2786 5081 2824 5123 ο,
2876 5063 2997 5124 Vat.
3076 5063 3367 5132 ³⁸ἐίδυίας
3412 5069 3539 5127 Vat.

1761 5250 1978 5321 Notae.

251 5359 361 5432 (16)
392 5359 693 5438 ᾼροάοείε
723 5357 932 5438 incipit
961 5360 1214 5438 _a__verbis
1247 5360 1353 5438 ᾀλλζ
1391 5357 1504 5438 ἤδη,
1565 5363 1783 5438 ὁρῶμεν,

172 5434 246 5488 ut
265 5430 486 5563 smptus
501 5435 561 5489 in
578 5433 694 5489 hoc
711 5430 933 5505 scripto
950 5430 1083 5502 me
1105 5433 1359 5506 apodosi
1378 5430 1683 5494 ordiendae
1700 5430 1786 5494 in?

176 5519 334 5562 sem
367 5549 380 5562 .

249 5573 363 5651 (t7)
385 5574 556 5637 Idem
586 5568 1006 5647 Nathanael'jn
1034 5573 1265 5650 epistol.
1295 5591 1416 5638 ms.
1456 5592 1560 5652 ap,
1589 5577 1786 5642 Villat-

1895 5383 2027 5437 son,
2053 5367 2366 5447 Anecdott.
2422 5368 2566 5447 Gﬂ‘.
2597 5383 2660 5442 ρ.
2690 5371 2776 5447 Δ72
2812 5383 2827 5425 :
2888 5366 2956 5447 ΔΕἰ
3001 5371 3230 5447 Χριστὸν
3253 5371 3540 5447 ⁸ὀρῶιτρέτ

1893 5455 2034 5518 χεις,
2085 5442 2274 5518 καλῷ-ς
2341 5440 2709 5518 τρέχειςςκαὶ
2765 5442 3028 5518 Earinus
3049 5440 3060 5447 ’
3080 5446 3199 5518 ,τόν
3239 5440 3469 5518 δρόμονξ
3496 5444 3540 5497 εί

1895 5508 1951 5564 ϐε
2000 5508 2127 5640 πὲὸς
2175 5512 2296 5570 ἄλλο
2361 5508 2710 5568 τε”σπεύδων
2763 5509 2993 5586 βλέπεις,
3051 5512 3163 5576 είκῆ
3220 5508 3312 5572 ait
3339 5508 3539 5588 ’μάτην

1898 5601 2030 5638 σπευ
2073 5603 2162 5648 εις,
