4064 6308
207 327 338 384 me
1275 298 1278 300 ’
1406 313 1567 371 Αον.
1600 299 1955 367 PLOTINUM
1991 309 2082 364 DE
2109 311 2352 370 ANIMA.
3415 305 3556 370 1414

207 453 343 523 εἶχεν
415 447 773 521 ἔνηρμοσμὲνα
848 450 959 502 τοῖς
1017 443 1315 514 νεκρωθεῖσι
1396 445 1489 490 τοῦ
1564 441 1800 507 σώματος

1951 427 2072 487 'ans
2101 434 2305 491 vivens
2317 451 2558 509 corpus,
2572 437 2654 492 ibi
2680 436 2886 492 ﬁnitur
2899 437 3002 492 ubi
3033 442 3088 493 et
3099 435 3246 493 illud
3263 441 3481 492 cessat.
3497 435 3556 492 Si

206 544 411 613 μέρεσιν
463 552 477 602 ;
537 532 671 586 Ἀλλ’
734 531 924 583 ἄτοπον
981 537 1148 582 ταῦτα
1229 533 1347 603 περί
1432 532 1525 579 τοῦ
1581 523 1802 598 ἀμεροῦς

1953 537 2033 576 ua
2049 538 2187 579 vero
2199 539 2340 595 pars
2356 527 2636 597 patiatur,
2653 526 2978 598 passioque
2991 526 3230 597 spiritus
3242 530 3475 582 motum
3499 529 3557 580 et

207 611 293 680 νοῦ
358 627 408 660 ⁵⁸
457 643 548 674 και
606 622 938 673 παντάπασιν
981 617 1209 677 ἀπαθοῦς
1267 636 1356 668 και
1425 611 1802 683 ὑπολαμϐάνειν

1951 611 2131 667 nimae
2147 613 2614 683 permeationem
2631 615 2817 685 sistat,
2836 630 2907 669 ea
2919 631 3060 687 pars
3090 616 3394 677 emoritur,
3417 629 3556 669 cum

207 735 296 767 και
332 713 492 784 λέγειν
521 728 534 741 ⁶
580 713 700 783 περί
756 705 806 760 δ’
860 707 922 768 ἧς
968 709 1154 778 ἔφημεν
1201 706 1426 779 ῥευστῆς
1480 701 1668 772 ψυχῆς
1715 719 1804 750 και

1951 714 2046 754 am
2068 702 2203 756 vitae
2218 701 2579 775 principium
2597 703 2993 775 derelinquat,
3018 718 3212 775 neque
3234 703 3426 776 possit
3445 703 3556 757 hu-

209 806 457 877 φθαρτῆς,
499 795 650 852 οὐδὲν
703 796 936 861 ἀπεικός,
985 795 1093 847 ἐπεί
1151 813 1239 847 και
1282 797 1592 866 μεμέρισται
1647 788 1803 853 αὕτη,

1954 805 2006 844 is
2031 790 2330 862 particeps
2360 806 2515 846 esse.
2550 792 3023 863 Siautemipsam
3039 793 3305 864 corporis
3329 797 3559 864 partem

207 898 296 944 καὶ
362 897 543 942 τοῦτον
597 884 664 944 δὴ
715 889 801 938 τόν
854 889 1044 956 τρόπον
1089 885 1258 936 πάντα
1326 883 1503 954 φθάνει
1575 881 1642 930 τὰ
1715 884 1807 928 τοῦ

1956 877 2182 933 ulneret
2210 879 2414 950 passio
2439 895 2576 951 quae
2607 881 3011 952 principatum
3036 885 3196 936 tenet
3246 897 3414 947 ;cum
3464 881 3561 936 hic

211 987 457 1053 σώματος
505 981 683 1049 μόρια,
728 975 980 1045 πνεύματι
1053 968 1121 1030 δή
1177 990 1277 1022 τινι
1337 971 1542 1036 ζωτικῷ
1601 983 1658 1037 γε
1704 969 1810 1016 ὄντι

1957 967 2162 1038 piritus
2193 969 2266 1022 sit
2288 968 2508 1023 animm
2545 969 2744 1024 vitalis
2759 969 3122 1034 vehiculum,
3146 971 3348 1027 statim
3366 971 3562 1026 omnis

209 1070 562 1140 ἐποχουμένη,
603 1084 693 1115 και
745 1065 874 1134 μετὰ
909 1063 1094 1113 τούτου
1146 1055 1495 1112 διαϐαίνουσα
1543 1062 1636 1106 τοῦ
1685 1054 1811 1113 ζῶν-

1959 1055 2039 1111 ita
2077 1062 2358 1128 corrupta
2384 1057 2587 1112 ﬁnitur
2615 1075 2628 1125 ;
2651 1061 2942 1130 quoniam
2969 1060 3098 1116 haec
3127 1063 3248 1117 vita
3268 1061 3563 1133 corrupti-

211 1175 295 1217 τος
377 1161 618 1225 σώματος
664 1159 935 1221 πανταχῆ,
993 1150 1098 1201 ἐκεῖ
1131 1145 1200 1206 δὴ
1236 1149 1283 1183 ⁵⁵
1313 1151 1568 1221 περαίνει,
1599 1144 1720 1194 ὁποι
1762 1141 1811 1177 ⁵⁸

1954 1144 2054 1199 uilis
2083 1151 2190 1215 est,
2221 1153 2283 1200 ut
2299 1147 2730 1218 supposuimus
2747 1154 2803 1204 et
2815 1149 2941 1218 jam
2956 1149 3433 1206 demonstratum
3452 1154 3559 1206 est.

214 1243 282 1304 δή
323 1264 413 1296 και
441 1251 594 1296 τοῦτο
626 1244 983 1313 συμπεραίνει.
1016 1239 1076 1291 Εἰ
1102 1234 1162 1290 δε
1198 1257 1250 1289 τι
1281 1238 1442 1288 πάθοι
1488 1241 1588 1287 τῶν
1623 1239 1810 1304 μερῶν,

1959 1237 1989 1287 ‘.t
2001 1233 2180 1301 igitur
2188 1248 2310 1288 non
2326 1234 2669 1306 simpliciter
2681 1237 3014 1292 secundum
3027 1245 3279 1294 mentem
3291 1239 3564 1304 vivimus,

212 1354 303 1387 και
332 1339 391 1386 τό
436 1349 496 1404 γε
541 1331 708 1391 πάθος
752 1333 847 1386 τήν
876 1345 928 1379 τε
980 1334 1072 1378 τοῦ
1127 1328 1414 1396 πνεύματος
1456 1340 1662 1379 κινησιν
1725 1337 1814 1370 και

1960 1321 2027 1376 ed
2044 1323 2370 1391 cogitantes
2388 1322 2542 1378 bene
2552 1325 2833 1380 vivimus.
2851 1327 3036 1396 Hujus
3053 1332 3255 1383 autem
3272 1332 3565 1401 corruptae

211 1429 308 1481 τὴν
338 1421 528 1474 αὐτόσε
573 1420 617 1454 ⁵⁸⁸
650 1426 742 1478 τῆς
781 1416 966 1487 ψυχῆς
997 1419 1184 1472 στήσοι
1233 1409 1501 1481 διάϐασιν,
1559 1412 1710 1461 τοῦτό
1758 1425 1816 1477 γε

1964 1411 2142 1464 nimae
2163 1410 2379 1466 melius
2397 1416 2487 1466 est
2509 1413 2704 1467 dicere
2724 1417 2782 1468 et
2800 1421 3142 1486 corruptam
3164 1432 3294 1472 esse
3314 1417 3473 1472 hanc
3488 1417 3569 1472 vi-

214 1531 306 1564 και
359 1514 682 1584 νενέκρωται,
742 1513 835 1558 τοῦ
891 1510 981 1563 τήν
1037 1504 1175 1564 ζωὴν
1229 1501 1438 1561 ἐνιέντος
1493 1498 1814 1584 ἀπολειφθὲν,

1966 1513 2082 1563 im;
2116 1513 2287 1553 mens
2311 1514 2454 1554 vero
2482 1505 2538 1554 et
2566 1516 2700 1572 quae
2731 1502 3064 1558 secundum
3088 1519 3225 1560 eam
3255 1509 3342 1561 est
3365 1506 3571 1562 anima

214 1620 307 1652 και
354 1603 426 1671 μὴ
485 1581 769 1668 δυνάμενον
819 1595 897 1644 ἔτι
962 1596 1201 1663 μετέχειν
1253 1589 1414 1642 αὐτοῦ
1461 1609 1474 1621 ·
1523 1585 1618 1638 κᾶν
1676 1581 1735 1637 δέ
1764 1583 1817 1656 γ’

1966 1601 1995 1641 c
2016 1586 2156 1654 vita,
2195 1601 2335 1642 cum
2360 1586 2619 1644 debeant
2639 1604 2778 1644 cum
2795 1605 3042 1662 corpore
3064 1592 3400 1648 secundum
3414 1593 3571 1649 hanc

217 1688 295 1740 ἐπ’
345 1687 472 1740 αὐτὸ
525 1689 678 1759 μέρος
723 1690 816 1735 τοῦ
881 1686 1118 1753 σώματος
1181 1680 1254 1730 ἰὸν
1308 1676 1462 1750 βάλοι
1488 1680 1546 1728 τὸ
1601 1671 1762 1733 πάθος
1792 1671 1818 1723 ὃ

1971 1673 2311 1729 armoniam
2333 1675 2690 1732 concinnato
2715 1680 3081 1748 conversari,
3103 1687 3478 1752 permanent,
3503 1697 3574 1737 ea

219 1774 288 1835 δὴ
316 1796 406 1828 και
425 1779 520 1832 τήν
548 1772 724 1847 ἀρχὴν
756 1774 904 1842 ἴσχει
937 1789 950 1802 ’
973 1775 1124 1820 τοῦτο
1178 1763 1227 1819 δ’
1261 1764 1390 1819 εἶναι
1420 1766 1469 1800 ⁵⁸
1512 1767 1570 1816 τὸ
1618 1769 1820 1833 πνεῦμα

1973 1767 2202 1829 urante,
2234 1763 2427 1820 soluta
2452 1770 2654 1820 autem
2692 1771 2750 1822 et
2773 1767 2907 1838 ipsa
2943 1783 3115 1824 mens
3145 1769 3412 1840 solvitur,
3428 1768 3575 1826 nihil

218 1873 316 1926 τῆς
367 1865 590 1924 ζωτικῆς
642 1860 696 1911 ὃν
749 1859 934 1930 ψυχῆς
1008 1861 1212 1928 ὄχημα,
1273 1854 1425 1915 εὐθὺς
1467 1871 1559 1904 και
1611 1855 1671 1902 1'6
1723 1850 1820 1921 ζῇν

1969 1851 2182 1919 atiens,
2214 1852 2515 1924 siquidem
2547 1854 2803 1927 simplex
2821 1861 2879 1911 et
2899 1859 3296 1929 impassibilis
3321 1865 3427 1926 est,
3464 1875 3574 1916 nec

219 1953 334 2006 ὅλον
392 1953 579 2024 φθαρεν
629 1950 911 2012 πέπαυται,
969 1947 1167 2004 ταύτης
1202 1940 1270 2000 δὴ
1325 1951 1424 2004 τῆς
1471 1942 1610 2001 ζωῆς
1661 1940 1822 2012 φθαρ-

1971 1956 2054 1996 im
2070 1940 2150 1995 ad
2166 1940 2283 1997 alia
2304 1943 2687 2012 transmigrat
2706 1951 2984 2016 corporat
3006 1963 3202 2020 neque
3222 1949 3417 2021 primo
3439 1963 3576 2005 con-

220 2051 317 2103 τῆς
361 2043 546 2106 οὔσης,
605 2041 674 2099 ὡς
721 2037 1010 2107 ὑπεθέμεθα
1065 2053 1155 2084 και
1199 2029 1305 2090 ἤδη
1360 2028 1628 2083 δέδεικται
1680 2049 1692 2060 -
1733 2045 1824 2078 και

1972 2043 2152 2084 enera
2163 2044 2236 2084 ex
2246 2045 2368 2100 quo
2381 2045 2620 2100 egressa
2631 2037 2736 2103 est,
2756 2047 2952 2106 neque
2964 2035 3043 2090 ad
3056 2036 3172 2092 alia
3183 2038 3577 2109 quorumdam

219 2135 393 2183 τοίνυν
429 2129 488 2180 οὐ
544 2128 678 2179 κατὰ
725 2131 842 2177 νοῦν
909 2121 1080 2183 ἁπλῶς
1152 2125 1334 2192 ζῶμεν,
1406 2117 1537 2197 ἀλλὰ,
1595 2123 1824 2175 νοοῦντες

1971 2116 2283 2172 nimalium
2307 2123 2365 2173 et
2382 2119 2880 2176 irrationabilium
2897 2128 2954 2178 et
2973 2123 3138 2180 nullo
3159 2125 3344 2182 modo
3365 2126 3417 2181 ci
3433 2141 3575 2183 con-

218 2219 274 2271 εὗ
342 2218 530 2289 ζῶμεν.
571 2222 676 2276 Τῆς
717 2210 778 2266 δὲ
833 2213 1164 2284 φθειρομένης
1227 2209 1415 2280 ψυχῆς
1448 2208 1495 2242 5°
1524 2208 1638 2258 ἔστι
1703 2202 1823 2276 μᾶλ-

1974 2205 2320 2260 ementium.
2360 2210 2486 2262 Non
2509 2208 2668 2262 enim
2708 2208 2894 2264 ullum
2925 2227 3000 2267 ex
3037 2213 3130 2268 his
3169 2219 3332 2270 amat
3358 2230 3372 2281 ;
3397 2219 3454 2270 et
3471 2229 3577 2271 cur

218 2307 306 2359 λον
394 2305 550 2358 εἰπεῖν
604 2306 695 2354 καὶ
760 2306 856 2359 τὴν
934 2302 1270 2371 φθειρομένην
1326 2295 1456 2348 εἶναι
1507 2296 1554 2330 ⁶⁰
1629 2295 1823 2350 ταύτην

1975 2298 2181 2363 maret,
2217 2310 2356 2350 cum
2376 2295 2609 2351 nullum
2629 2312 2701 2351 ex
2721 2297 2818 2353 his
2845 2315 3040 2372 neque
3063 2301 3140 2357 ad
3160 2303 3450 2358 virtutum
3477 2318 3577 2360 ne-

221 2396 364 2456 ζωήν
396 2411 408 2423 ·
439 2401 559 2454 νοῦς
598 2388 658 2444 δὲ
685 2395 776 2442 καὶ
822 2391 852 2447 ἠ
909 2391 1044 2440 κατά
1095 2394 1277 2440 τοῦτον
1341 2384 1496 2456 ψυχὴ
1551 2388 1641 2435 καὶ
1693 2383 1824 2449 ζωὴ,

1975 2397 2053 2437 ue
2092 2382 2172 2438 ad
2209 2383 2502 2440 malitiam
2539 2385 3026 2444 deceatmentem
3047 2405 3182 2462 quae
3203 2391 3297 2446 his
3331 2392 3580 2464 disposi-

218 2488 488 2555 πεφυκότα
560 2483 869 2554 παραμένειν
933 2473 1093 2535 τήνδε
1179 2480 1274 2533 τὴν
1330 2475 1578 2546 ἁρμονίαν
1669 2473 1823 2545 ἡρμο-

1979 2470 2196 2526 onibus
2228 2472 2502 2544 adaptari
2530 2474 2670 2531 velit
2698 2475 2726 2528 ?
2755 2477 2908 2541 Quid
2936 2478 3096 2534 enim
3130 2481 3354 2552 proprii
3380 2486 3582 2551 ageret

223 2576 398 2644 σμένῳ
455 2578 528 2640 τῷ
572 2575 799 2640 σώματι,
857 2569 1216 2640 παραμένουσι
1274 2579 1609 2620 συνεστωσης
1645 2559 1825 2624 αὐτῆς,

1977 2575 2129 2629 iens,
2169 2561 2247 2617 ad
2261 2562 2749 2620 irrationabilium
2772 2571 3048 2624 naturam
3081 2567 3386 2641 depressa,
3417 2586 3488 2627 ac
3521 2572 3582 2628 in

221 2661 480 2720 λυθείσης
537 2655 597 2710 δὲ
642 2661 732 2709 καὶ
792 2655 948 2716 αὐτὸς
997 2653 1275 2705 ἀπολυεται
1331 2654 1400 2720 σί,
1453 2651 1613 2722 μηθεν
1651 2650 1826 2700 παθὼν

1977 2647 2038 2704 1a
2058 2648 2284 2718 degens
2323 2667 2338 2715 _:
2369 2650 2740 2724 impossibile
2782 2657 2871 2709 est
2932 2670 3230 2725 organum
3267 2659 3582 2730 quoddam

216 2750 496 2819 ἀκήρατός
528 2765 610 2806 τις
638 2750 728 2797 καὶ
761 2743 967 2804 ἀπαθὴς
1006 2743 1094 2811 ὢν,
1143 2746 1233 2792 καὶ
1265 2740 1437 2792 οὐκέτι
1493 2741 1622 2810 πρὸς
1684 2737 1821 2810 ἕτερα

1977 2737 2101 2808 qud
2142 2737 2241 2793 illa
2277 2739 2549 2807 inveniri,
2582 2741 2661 2796 ab
2691 2742 2896 2798 anima
2912 2749 3173 2800 mentem
3205 2752 3262 2802 et
3289 2747 3582 2803 rationem

218 2835 527 2910 μεταϐαίνει
582 2842 683 2885 τῶν
752 2833 1005 2904 σωμάτων
1063 2831 1173 2882 οὔθ’
1227 2831 1444 2901 ὁμογενῆ
1507 2836 1582 2897 τῷ
1642 2831 1823 2897 πρώτῳ

1982 2825 2217 2894 abente,
2240 2828 2405 2898 quod
2428 2828 2792 2884 voluntatem
2809 2830 3076 2901 adjuvet.
3098 2833 3188 2888 Ad
3209 2834 3448 2905 plantas
3479 2851 3585 2891 au-

217 2929 320 2979 καὶ
368 2920 426 2976 οὗ
471 2922 816 2995 ἐξεφοίτησεν,
883 2923 1001 2972 οὔτε
1059 2922 1191 2992 πρὸς
1242 2919 1390 2990 ἕτερα
1438 2917 1630 2988 θηρίων
1680 2921 1822 2965 τινῶν

1954 2929 2060 2970 ;em
2098 2915 2409 2985 quomodo
2447 2916 2638 2972 abiret
2663 2919 2691 2974 *ἲ
2729 2921 2880 2974 Num
2915 2924 2976 2974 ut
3005 2935 3108 2975 eas
3134 2923 3357 2978 nutriat
3404 2929 3559 2979 etau

218 3016 323 3066 καὶ
375 3009 593 3081 ἀλόγων,
648 3014 738 3060 καὶ
791 3003 1014 3079 μηδαμῆ
1089 3008 1254 3076 τούτῳ
1307 3009 1694 3078 προσηκόντων.
1755 3000 1823 3052 Οὐ

1983 3007 2076 3058 eat
2104 3004 2132 3057 ‘I
2144 3003 2249 3058 sed
2261 3004 2476 3059 harum
2492 3004 2708 3060 nullius
2725 3011 2812 3062 est
2822 3007 3122 3079 particeps
3151 3024 3348 3082 neque
3365 3026 3583 3068 amans

218 3104 332 3174 γὰρ
365 3097 457 3172 ἐρᾷ
489 3101 685 3150 τούτων
731 3093 936 3156 οὐδενός
993 3110 1008 3125 ’
1044 3095 1076 3153 ἠ
1129 3098 1268 3155 τίνος
1312 3095 1472 3145 ἕνεκεν
1527 3096 1660 3188 μήτε
1708 3091 1823 3188 πρὸς

1982 3091 2146 3146 nima
2176 3092 2604 3160 magnitudinis
2646 3109 2860 3164 expers
2917 3100 2975 3149 et
3024 3096 3376 3167 intelligens.
3421 3099 3587 3156 Unde

222 3189 441 3262 ἀρετὴν,
493 3192 625 3260 μήτε
673 3189 802 3259 πρὸς
845 3187 1030 3236 κακίαν
1082 3183 1412 3255 ἁρμοζόντων
1478 3179 1645 3232 αὐτῶν
1701 3176 1827 3250 βου-

1984 3184 2143 3234 utem
2163 3179 2383 3250 plantis
2418 3180 2534 3235 vita
2559 3181 2587 3235 ?
2612 3179 2741 3236 Alia
2779 3180 2879 3237 illa
2915 3183 3134 3239 animae
3183 3187 3432 3257 species,
3462 3204 3585 3245 non

221 3279 429 3348 λομένῳ
487 3279 610 3346 περὶ
659 3276 750 3334 τὰς
808 3269 1069 3332 διαθέσεις
1116 3275 1311 3331 ταύτας
1361 3269 1733 3344 ἁρμόζεσθαι;
1772 3273 1826 3318 Td

1986 3267 2176 3334 adem,
2209 3281 2404 3339 neque
2434 3269 2792 3325 conveniens
2830 3275 2934 3326 aut
2970 3272 3360 3330 sentientibus
3387 3278 3591 3335 anima

222 3369 339 3439 γὰρ
402 3363 462 3416 ἄν
521 3363 708 3416 οἰκεῖον
772 3366 864 3413 καὶ
913 3359 1105 3434 πράξοι
1157 3366 1294 3426 νοῦς,
1350 3357 1546 3428 ἀλόγων
1602 3359 1827 3428 εμπεσὼι

1988 3355 2102 3411 bus
2133 3362 2237 3412 aut
2263 3357 2898 3430 mentisparticipibus.
2928 3364 3118 3433 Atque
3145 3362 3326 3434 igitur
3345 3365 3397 3421 si
3419 3367 3508 3422 vis
3530 3368 3591 3423 in

227 3456 412 3528 φύσει,
475 3457 565 3504 καὶ
628 3453 793 3522 ταύτῃ
861 3445 1306 3520 ἐνδιαιτώμενος;
1358 3446 1470 3499 Ούκ
1532 3448 1674 3497 ἔστιν
1727 3439 1832 3495 οῦδ

1988 3461 2053 3501 ⁵18.
2077 3444 2178 3500 illa
2215 3445 2481 3501 dividere
2501 3462 2742 3502 omnem
2771 3448 3038 3505 animam
3055 3465 3125 3506 ac
3146 3451 3353 3524 vitam,
3373 3469 3593 3529 nempe

227 3543 462 3616 ὀργάνου
488 3543 625 3600 τινός
660 3544 844 3611 τυχεῖν
899 3536 952 3599 ἐξ
990 3536 1179 3602 αὐτῶν,
1229 3535 1418 3607 ψυχῆς
1459 3542 1577 3586 νοῦν
1610 3533 1832 3603 ἐχούσης

1991 3539 2228 3605 lentem,
2259 3551 2506 3590 sensum
2516 3536 2823 3609 vitamque
2835 3553 2969 3595 eam
2985 3555 3121 3611 quae
3141 3541 3202 3597 in
3217 3543 3438 3616 plantis
3472 3547 3596 3602 ani-

227 3634 332 3685 καὶ
358 3628 529 3700 λόγον,
572 3627 1041 3700 ἓξυπηρετουμένου
1075 3623 1425 3697 βουλημασιν.
1455 3625 1577 3674 Ἐπὶ
1607 3618 1666 3674 δε
1705 3622 1832 3693 φυτὰ

1993 3622 2355 3694 iadvertitur,
2392 3630 2549 3680 recte
2565 3623 2813 3680 divides.
2835 3629 2901 3683 Et
2923 3628 3086 3684 hunc
3137 3632 3390 3688 modum
3410 3635 3598 3691 habet

230 3727 354 3778 πῶς
380 3716 442 3769 ἂν
469 3723 559 3769 καὶ
581 3715 816 3788 ἀφίκοιτο
846 3731 862 3782 ;
900 3714 930 3772 ἢ
973 3715 1055 3765 ἱνα
1095 3712 1258 3787 θρέψῃ
1306 3710 1422 3782 (21)
1472 3717 1562 3762 καὶ
1591 3709 1798 3781 αὐξήσῃ
1824 3725 1835 3777 ;

1991 3712 2148 3766 mnis
2185 3711 2261 3767 de
2327 3711 2532 3769 anima
2593 3714 2803 3770 oratio.
2859 3718 3060 3789 Neque
3114 3718 3334 3774 mirum
3393 3727 3484 3776 est
3524 3722 3592 3786 si,

231 3806 382 3863 Ἀλλ’
428 3802 640 3866 οὐδενός
676 3807 868 3856 τούτων
908 3804 1025 3854 οὔτε
1053 3806 1284 3874 μετέχει,
1312 3800 1421 3852 οὔτ’
1473 3802 1611 3851 ἔστιν
1651 3797 1836 3870 ἐρῶσα,

1990 3800 2472 3872 ςυθωδᾶωοᾰιιω
2502 3801 2654 3857 inter
2693 3817 2757 3856 se
2795 3805 3265 3877 communicant,
3297 3812 3355 3863 et
3379 3809 3595 3865 animae

234 3898 399 3968 ψυχὴ
433 3894 683 3968 ἀμεγέθης
711 3897 803 3945 καὶ⁵
832 3893 1004 3965 νοερά.
1058 3892 1220 3943 Πόθεν
1256 3886 1315 3943 δὲ
1376 3896 1554 3961 φυτοῖς
1605 3888 1839 3962 ἑτέρωθεν

1996 3905 2176 3945 omen
2207 3889 2613 3956 unaretinent,
2635 3890 2718 3946 ita
2745 3895 2802 3946 et
2815 3891 3075 3962 primam
3096 3896 3499 3952 etsecundam
3526 3913 3598 3954 ac

237 3989 301 4038 1'6
331 3985 427 4056 ζῇν
461 3982 656 4051 ;”Αλλο
702 3981 888 4053 ψυχῆς
914 3979 1068 4032 πάλιν
1087 3975 1226 4039 εἶδος
1277 3985 1450 4044 τοῦτο,
1505 3974 1672 4050 μηδὲν
1711 3996 1842 4048 συμ-

1996 3979 2185 4034 artiam
2212 3993 2314 4033 eas
2334 3978 2664 4047 cogitemus
2696 3995 2712 4045 ;
2739 3983 2796 4034 et
2832 3979 2980 4035 alias
3013 3981 3260 4052 quidem
3329 3985 3482 4041 inter
3537 4003 3601 4044 se

240 4073 440 4138 ϐαίνον,
479 4069 618 4145 μηδε
645 4074 850 4140 ταυτὸν,
897 4069 1020 4142 μήτ’
1053 4069 1444 4140 αἰσθανομένοις
1482 4068 1609 4128 ὅλως
1667 4067 1842 4132 ζώοις,

1996 4066 2300 4122 nmediate
2330 4066 2798 4134 communicare,
2831 4067 2980 4123 alias
3016 4084 3160 4125 vero
3201 4071 3462 4128 mediate
3495 4089 3601 4146 per

242 4167 376 4236 μήτε
413 4166 776 4234 μετεσχηκόσι
802 4178 940 4219 νοος.
997 4164 1097 4212 Καὶ.
1131 4166 1255 4228 γοῦν
1307 4157 1350 4209 εἰ
1390 4154 1568 4230 βούλει
1616 4155 1688 4218 εἰς
1726 4159 1847 4228 τρία

1997 4172 2058 4211 as
2093 4170 2230 4226 quae
2267 4153 2445 4223 longe
2472 4159 2609 4209 sunt
2646 4169 2844 4227 neque
2867 4156 3010 4226 ipsis
3026 4160 3336 4229 proximae.
3385 4163 3602 4220 Anima.

241 4259 415 4305 ταῦτα
452 4247 716 4302 διελέσθαι
755 4248 960 4320 ψυχὴν,
996 4254 1168 4300 πᾶσαν
1222 4251 1312 4298 καὶ
1363 4246 1522 4313 ζωὴν,
1580 4252 1698 4296 νοῦν
1749 4240 1846 4302 δη·

2000 4242 2119 4298 nim
2155 4241 2508 4312 intelligens,
2532 4243 2766 4314 prima;
2799 4259 2920 4300 non
2950 4250 3154 4302 autem
3183 4262 3254 4303 eo
3273 4249 3409 4321 ipso
3436 4251 3605 4324 quod

242 4340 420 4392 λονότι
447 4343 538 4390 καὶ
576 4339 826 4396 αἴσθησιν
864 4341 956 4388 καὶ
984 4340 1078 4394 τὴν
1110 4337 1370 4411 ὁρωμένην
1413 4333 1461 4386 ἐν
1500 4340 1609 4394 τοῖς
1647 4340 1846 4404 φυτοῖς,

2002 4331 2161 4386 nima
2197 4335 2287 4386 est
2312 4347 2326 4396 ;
2350 4330 2651 4403 siquidem
2682 4331 3019 4388 secundum
3045 4333 3163 4390 hoc
3186 4350 3311 4392 non
3353 4338 3607 4398 aliamn-

245 4429 418 4502 ὀρθῶς
468 4425 528 4479 ἂν
597 4423 809 4488 διελοις.
881 4428 980 4478 Καὶ
1028 4432 1208 4476 τοῦτον
1271 4425 1386 4494 ἔχει
1435 4425 1522 4474 τὸν
1574 4439 1762 4495 τρόπον
1824 4422 1850 4471 6

2002 4420 2073 4484 is,
2102 4418 2220 4476 alia
2248 4418 2478 4487 minus;
2495 4434 2705 4475 omnes
2730 4421 2890 4476 enim
2911 4423 3217 4496 aequaliter
3236 4427 3450 4482 animae
3467 4435 3607 4486 sunt

245 4483 366 4590 περὶ
395 4483 581 4586 φυχῆς
616 4483 918 4586 λόγοςϋπᾶς.
958 4512 1114 4566 ’Ἐστι
1153 4509 1204 4564 δ’
1243 4483 1393 4564 οῦδὲν
1456 4483 1645 4575 δεινόν,
1677 4511 1850 4585 ὥσπερ

2002 4507 2070 4564 ed
2107 4507 2251 4581 quia
2279 4483 2531 4579 simplex
2559 4514 2652 4564 est
2680 4514 2736 4565 et
2763 4483 3004 4582 semper
3027 4514 3173 4570 vivit
3193 4519 3251 4571 et
3293 4483 3607 4587 cogitatae

246 4609 343 4657 καὶ
373 4605 420 4638 ⁶²
457 4611 787 4656 κοινωνοῦσιν
845 4600 1088 4663 ἀλλήλαις
1135 4605 1222 4653 καὶ
1261 4608 1354 4652 τοῦ
1411 4598 1572 4652 αὐτοῦ
1623 4617 1851 4671 συμμετ-

2005 4601 2216 4652 ertinet
2241 4596 2321 4651 ad
2357 4595 2625 4668 primum
2644 4599 3000 4671 principium
3039 4607 3098 4658 et
3141 4608 3391 4660 naturas
3431 4622 3502 4662 ac
3522 4607 3609 4663 in-

247 4698 445 4764 ἐχουσι
494 4692 676 4764 ψυχῆς
729 4686 1006 4763 ’ὀνόματος,
1047 4690 1183 4742 οὕτω
1238 4686 1306 4748 δὴ
1362 4692 1452 4740 καὶ
1507 4707 1714 4760 πρωτην
1763 4691 1852 4739 καὶ

2006 4685 2228 4742 allectus
2255 4685 2361 4758 qui
2384 4685 2541 4742 circa
2569 4686 2716 4744 illud
2737 4693 2895 4745 sunt.
2940 4691 3250 4748 Secundus
3305 4699 3505 4750 autem
3522 4701 3611 4754 est

249 4779 498 4854 δευτέραν
559 4786 647 4833 καὶ
701 4785 883 4854 τρίτην
938 4781 1130 4839 ταύτας
1220 4784 1350 4830 νοεῖν
1386 4797 1400 4811 ο
1433 4781 1523 4829 καὶ
1608 4779 1699 4836 τὰς

2006 4791 2181 4833 anus
2211 4781 2268 4831 et
2295 4790 2429 4847 quae
2454 4776 2790 4833 secundum
2815 4793 2956 4835 cum
2977 4785 3065 4836 est
3118 4782 3344 4851 anima,
3388 4788 3536 4853 quia
3555 4793 3611 4844 et

1628 4901 1854 4969 Variae
1899 4900 2248 4970 lectiones.

249 5027 303 5062 δ”
324 5028 438 5086 νοός
475 5024 602 5080 Vat.
678 5023 726 5058 ⁵⁵
768 5017 828 5074 δὲ
863 5022 989 5077 Vat.
1066 5021 1135 5090 57°,
1171 5021 1272 5079 ὅπη
1312 5019 1444 5076 Vat.
1517 5019 1567 5053 ⁵⁷
1598 5017 1854 5090 αὐτῆς-νε

2007 5018 2053 5054 ⁵⁸
2107 5019 2221 5090 ἔχει
2264 5024 2378 5086 τοῦ,
2404 5020 2464 5070 τὸ
2519 5014 2570 5070 δ’
2608 5015 2741 5071 εἶναι
2788 5020 2914 5075 Vat.
2945 5019 2995 5054 ⁸⁸
3027 5019 3198 5076 Vind.
3239 5019 3401 5078 male
3451 5021 3612 5085 ζωῆς.

250 5096 303 5132 ⁶⁰
343 5095 530 5152 omiss
553 5094 617 5150 in
645 5092 815 5150 Vind.
892 5094 936 5127 ⁵¹
972 5089 1281 5144 ἀπολελυται
1310 5091 1441 5146 Vat.
1519 5091 1567 5126 ⁸³
1597 5092 1688 5140 καὶ
1717 5087 1855 5145 abes

505 5113 530 5149 Β
553 5094 617 5150 in
645 5092 815 5150 Vind.
892 5094 936 5127 ⁵¹
972 5089 1281 5144 ἀπολελυται
1310 5091 1441 5146 Vat.
1519 5091 1567 5126 ⁸³
1597 5092 1688 5140 καὶ
1717 5087 1890 5145 abest
1909 5104 1947 5146 a
1983 5091 2110 5145 Vat.

1841 5211 2062 5280 Notae.

334 5343 448 5416 (20)
477 5345 556 5398 De
586 5341 826 5413 ὀχήματι
851 5339 1040 5467 ἒυχῆς
1083 5339 1203 5396 vid.
1231 5337 1745 5420 Wyttenbachnad
1767 5337 1910 5394 Plat.
2021 5337 2084 5393 in
2106 5337 2396 5419 aristotel.
2415 5339 2496 5394 De
2512 5336 2754 5404 Anima,
2777 5336 2820 5421 Ι,
2843 5350 2898 5390 a.
2917 5339 2976 5423 2,
3002 5352 3057 5425 a,
3076 5337 3138 5404 b,
3161 5339 3422 5429 indeque
3447 5344 3613 5425 apud

334 5416 553 5467 tamen.
581 5429 641 5467 ι).
678 5414 801 5467 317.
892 5419 1142 5467 aaterum
1187 5410 1284 5465 hic
1321 5408 1698 5465 Nathanaelis
1739 5408 1911 5463 locus
2025 5409 2270 5465 Suidam
2302 5409 2370 5467 ll.
2433 5426 2492 5467 ι).
2555 5410 2656 5462 354
2685 5424 2698 5461 :
2730 5414 2816 5458 Διο
2845 5425 2935 5457 και
2975 5409 3121 5467 θειως
3161 5412 3402 5467 (αστειως
3453 5414 3613 5467 Smd.

258 5408 553 5472 Pliwdon.
581 5408 801 5485 p'.'31_7.
851 5408 1142 5467 Caiterum
1187 5408 1698 5465 hic—Nathanaelis
1739 5408 1863 5463 locu

2025 5409 2270 5485 Suidam
2302 5409 2380 5485 lI_,_
2433 5426 2492 5480 p.
2555 5410 2820 5485 354_:_At6
2845 5411 2935 5485 καί
2975 5409 3121 5471 θείως
3161 5408 3402 5485 (ὀιστεῖως
3453 5408 3614 5471 εῇίά.

260 5475 629 5565 ἀθρξανξιῐυέ
661 5483 913 5565 videtur.
1005 5539 1008 5542 .
1082 5551 1096 5565 ‘
1172 5551 1182 5561 _
1294 5549 1308 5565 ι
1394 5550 1404 5561 _
1739 5554 1749 5565 ,

2021 5478 2315 5565 probante
2336 5475 2608 5565 Ku‘stero)
2655 5477 2768 5565 λίαν
2798 5477 2824 5528 6
2865 5475 3144 5565 H‘lmrivoc'
3167 5475 3347 5565 εἶπεν,¹
3380 5487 3450 5547 ὡς
3504 5487 3619 5565 όσοι

333 5548 448 5627 (2i)
479 5558 878 5636 Conjunctum
907 5569 1048 5634 cuni
1081 5551 1265 5624 hujus
1293 5549 1410 5606 loci
1439 5554 1793 5677 argumento
1822 5554 1914 5606 est

333 5629 533 5677 aidum
552 5627 782 5677 dictum
797 5623 1012 5677 Plotim
1030 5623 1196 5677 apud
1209 5623 1503 5677 Joannem
1555 5621 1914 5677 hilononum

2021 5548 2261 5622 ἐμμανῶς
2293 5553 2448 5614 ¹κατὰ
2517 5551 2610 5609 τὰς
2675 5549 2953 5620 θρπτικὰς
3013 5548 3264 5626 δυνάμεις
3309 5548 3619 5627 γένεργοῦσιν

2021 5629 2164 5674 οῦτοι
2189 5617 2580 5673 κινδυνεύουσιν
2610 5616 2751 5672 ἀποδ
2754 5613 2843 5672 ενδ
2844 5621 3098 5677 meam.

256 5613 533 5703 lepidum
552 5613 782 5684 dictum
797 5623 1012 5680 Plotini
1030 5613 1196 5694 apud
1209 5613 1861 5693 Joannem'Philoponui

1492 5613 1914 5693 [Philoponum
2021 5613 2164 5674 δῦτοι
2189 5617 2580 5673 κινδυνεύουσιν
2610 5613 2751 5672 ἀπόδ
2754 5613 2843 5672 ενδ
2841 5621 3097 5692 ρωθῆναι.
