4064 6308
559 281 693 346 1418

1899 268 2275 341 NICEPHORI
2301 269 2566 339 CHUMNI

3769 289 3878 348 1416

554 413 817 486 primam
846 409 1003 483 capit
1029 413 1084 468 et
1108 408 1162 466 ei
1191 408 1344 467 uniri
1369 413 1569 484 potest
1606 413 1662 468 et
1714 408 2112 478 commisceri,
2146 423 2176 463 e

2311 405 2513 479 ἁμέσως
2561 406 2790 466 ἀλλήλων
2815 415 3091 476 κοινωνεῖν,
3137 409 3224 470 τὰς
3275 405 3336 463 δὲ
3384 404 3479 464 διὰ
3533 419 3634 464 τῶν
3673 413 3720 467 ἐν
3763 420 3882 488 μου

555 517 695 559 cum
733 517 804 558 ea
832 500 1084 573 operari.
1118 500 1306 556 Tertia
1325 515 1466 556 vero
1505 505 1593 558 est
1621 500 1905 574 ponenda
1931 515 2064 572 quae
2088 513 2201 553 nu-

552 591 801 649 tritionis
831 589 1213 646 solummodo
1241 595 1328 646 est
1351 605 1564 663 capax.
1594 591 1650 648 Si
1668 596 1870 648 autem
1896 595 1952 646 et
1983 603 2200 644 sensus

554 684 612 737 et
638 680 818 751 hujus
829 695 961 752 quae
979 683 1206 736 tantum
1220 679 1403 736 nutrit
1415 685 1502 736 est
1513 680 1740 753 aliquid
1753 677 2172 736 intermedium
2183 714 2198 741 ,

550 769 964 842 imperfectum
1002 768 1249 841 quidem
1276 773 1364 824 est
1391 769 1595 841 quoad
1630 785 1876 826 sensum
1907 772 1963 824 et
1981 780 2198 840 parum

549 857 731 928 hujus
759 856 1012 923 habens,
1045 855 1343 929 reliquum
1371 873 1549 914 omne
1578 863 1666 914 est
1689 858 1862 928 juxta
1903 857 2140 928 plantas
2181 868 2196 919 ;

549 951 728 1020 atque
765 947 848 1004 ita
874 947 1295 1003 intermedium
1326 947 1682 1004 nonnullam
1705 945 2196 1004 communionem

549 1051 676 1092 esse
707 1035 850 1093 facit
883 1035 1035 1092 inter
1061 1036 1433 1092 sensibilium
1460 1042 1741 1094 naturam
1772 1041 1831 1093 et
1860 1036 2045 1092 vitam
2087 1048 2197 1088 nu-

547 1127 820 1182 tritorum
846 1129 1078 1182 tantum
1107 1130 1164 1182 et
1188 1125 1604 1182 crescentium.
1646 1127 1729 1184 Sit
1773 1126 1951 1196 igitur
1979 1121 2197 1180 etillud

546 1219 604 1271 et
629 1215 862 1272 dicatur
899 1219 1118 1286 quartae
1147 1215 1360 1272 animae
1381 1217 1626 1288 species.
1656 1217 1740 1272 Ac
1767 1215 1944 1286 igitur
1975 1213 2059 1270 sic
2079 1211 2197 1269 alia

547 1305 751 1361 anima
779 1304 857 1360 ab
887 1304 1004 1360 alia
1025 1304 1392 1377 dependens,
1420 1319 1572 1376 quae,
1625 1321 1766 1361 cum
1825 1319 2064 1359 sursum
2100 1301 2192 1370 sit,

541 1393 620 1450 ad
634 1392 908 1450 inﬁmam
921 1391 1229 1449 descendit
1255 1409 1328 1450 ea
1353 1394 1500 1448 serie
1537 1393 1718 1464 hujus
1743 1391 2195 1465 participatione

544 1487 602 1538 et
625 1482 1068 1546 communione,
1103 1485 1160 1537 et
1189 1497 1260 1538 ea
1283 1497 1488 1537 rursus
1518 1496 1590 1537 ex
1636 1481 1913 1536 inferiore
1959 1479 2093 1535 loco
2115 1478 2194 1534 ad

544 1572 804 1642 primam
829 1569 1114 1634 ascendit,
1149 1568 1358 1624 mediis
1408 1568 1744 1640 adhaerens,
1808 1584 1913 1641 per
1970 1581 2192 1640 easque

547 1676 788 1715 sursum
817 1659 959 1728 lata,
984 1659 1066 1714 ita
1089 1662 1153 1715 ut
1169 1657 1365 1713 omnis
1390 1656 1488 1713 hic
1531 1657 1797 1713 mundus
1854 1661 2058 1713 motus
2121 1672 2193 1712 ac

2308 505 2407 548 τῶν
2451 496 2626 572 πορῥω
2676 517 2766 550 και
2813 500 2937 551 ὅσαι
2979 503 3082 571 μὴν
3129 499 3435 571 ἐγγίζουσιν
3489 501 3692 564 αὑταῖς.
3747 511 3879 578 Ψυχή

2307 587 2397 657 μεν
2451 589 2553 660 γὰρ
2603 590 2754 660 νοερὰ
2819 594 3023 664 πρώτη,
3097 589 3190 641 οὐκ
3252 589 3378 641 αύτό
3428 587 3488 644 δὲ
3533 601 3707 661 τοῦτο,
3757 599 3808 646 τὸ
3845 597 3882 630 ⁵⁸

2308 670 2436 727 εἶναι
2489 675 2668 748 ψυχή.
2704 677 2844 731 Ἐπει
2895 679 3030 731 κατά
3080 697 3140 750 γε
3193 686 3345 732 τοῦτο
3367 679 3470 752 ούχ
3501 683 3531 740 ἡ
3567 685 3660 753 μεν
3689 683 3882 755 μᾶλλον,

2307 763 2336 821 ἡ
2372 759 2424 816 δ’
2472 765 2625 822 ἧττον
2659 783 2671 794 ·
2699 771 2869 819 πᾶσαι
2920 769 3018 842 γὰρ
3074 767 3210 830 ἑξίου
3240 767 3419 840 ψυχαί
3459 786 3472 800 ⁶
3507 768 3617 822 ἀλλ’
3657 773 3739 824 ὃτι
3774 771 3883 830 ἐική-

2303 870 2482 926 ρατος,
2513 873 2602 906 και
2630 852 2712 907 ἀεί
2744 855 2808 928 ζῇ
2855 875 2945 909 διαι
2998 861 3102 909 νοεί
3137 875 3228 908 και
3254 861 3486 929 γνησίως
3524 861 3641 931 ἔχει
3667 864 3790 935 πρὸς
3837 865 3882 915 τὸ

2303 950 2505 1014 πρῶτον
2533 945 2718 1012 αἴτιον,
2747 949 2838 998 καί
2886 964 2947 1015 γε
2991 947 3082 1007 τὰς
3133 951 3253 1022 περί
3317 946 3442 1000 αύτό
3474 949 3521 984 ⁸⁸
3581 952 3764 1021 φύσεις
3812 971 3885 1005 και

2303 1032 2498 1102 νοεράς.
2585 1037 2805 1108 Δευτέρα
2878 1030 2930 1086 δ’
2996 1036 3244 1096 αἴσθησις
3302 1055 3392 1088 και
3442 1038 3473 1094 ἠ
3530 1042 3671 1091 κατὰ
3716 1043 3884 1099 ταύτην

2302 1119 2480 1192 ψυχὴ,
2522 1121 2611 1175 ἅτε
2642 1120 2710 1182 δὴ
2738 1143 2828 1177 και
2859 1119 3074 1184 δεκτικὴ
3107 1125 3154 1161 ⁵⁵
3203 1133 3298 1187 τῆς
3345 1133 3572 1202 πρώτης,
3627 1149 3722 1183 και
3752 1127 3885 1184 δυνα-

2302 1212 2425 1280 μένη
2484 1214 2882 1284 συμμίγνυσθαι
2968 1216 3178 1287 ταύτῃ,”
3221 1233 3310 1266 και
3394 1221 3884 1291 συνανακεκρᾶσθαι,

2301 1301 2392 1350 καὶ
2443 1299 2556 1371 μετ’
2589 1299 2754 1362 αὐτῆς
2800 1300 3038 1378 ἐνεργεῖν,
3092 1306 3285 1378 Τρίτην
3343 1300 3403 1356 δε
3457 1306 3647 1374 θετέον,
3707 1317 3887 1381 τροφῶν

2301 1391 2453 1459 μόνον
2507 1388 2870 1450 ἁντιληπτικήν
2899 1391 3034 1463 (22).
3068 1392 3126 1446 Εἰ
3157 1388 3218 1446 δέ
3240 1409 3300 1465 γε
3344 1398 3435 1446 καὶ
3472 1395 3777 1460 αἰσθήσεως
3811 1403 3884 1450 καὶ

2302 1476 2459 1537 αύτῆς
2492 1474 2558 1536 δή
2599 1481 2796 1541 ταύτης
2832 1487 2927 1541 τῆς
2973 1482 3249 1554 θρεπτικῆς
3295 1484 3436 1535 ἔστιν
3499 1484 3674 1557 ἕτερον
3728 1492 3889 1557 μέσον,

2301 1563 2464 1627 ἀτελὲς
2513 1570 2603 1639 μὶν
2655 1572 2746 1626 τὴν
2807 1570 3058 1626 αἴσθησιν
3095 1576 3186 1622 καὶ
3231 1570 3400 1643 ὀλίγον
3445 1572 3606 1632 αὐτῆς
3666 1581 3892 1646 μετέχον,

2298 1658 2357 1706 τὸ
2413 1652 2471 1708 δὲ
2519 1656 2695 1709 λοιπὸν
2742 1657 2790 1692 ⁸⁸
2846 1657 2981 1710 ἅπαν
3039 1663 3175 1712 κατὰ
3201 1662 3266 1712 τὰ
3293 1662 3429 1732 φυτά
3459 1679 3471 1692 ·
3499 1667 3591 1714 καὶ
3644 1664 3784 1716 οὕτω
3837 1661 3892 1722 δὴ

543 1750 673 1805 vita:
697 1748 1016 1821 particeps,
1047 1747 1159 1803 sibi
1179 1747 1298 1819 ipsi
1331 1747 1727 1819 consentiens,
1756 1762 1999 1803 sursum
2033 1747 2181 1819 aspi-

2299 1753 2586 1818 μεσιτεύον,
2660 1745 2755 1799 ούκ
2835 1744 3176 1806 ἀκοινώνητον
3242 1749 3492 1811 παντελῶς
3565 1748 3704 1805 εἶναι
3779 1761 3900 1806 ποιεῖ

543 1839 678 1907 ciat,
705 1838 952 1893 minime
977 1853 1014 1892 a
1043 1837 1239 1909 prima
1268 1837 1782 1909 causaﬁseparatus
1811 1851 2006 1908 neque
2032 1835 2190 1892 illius

539 1943 808 1985 amorem
839 1927 1077 1984 solvens
1111 1941 1308 1999 neque
1337 1925 1654 1998 impetum,
1721 1925 2007 1982 omnibus
2059 1926 2189 1997 ejus

540 2016 815 2091 partibus
850 2015 1007 2072 hanc
1036 2015 1297 2088 primam
1328 2029 1583 2072 causam
1605 2031 1675 2073 ac
1708 2015 1882 2072 unice
1904 2013 2188 2071 exsistan-

543 2110 662 2163 tem
683 2105 1145 2179 requirentibus.

2297 1838 2392 1892 τὴν
2448 1843 2549 1886 τῶν
2589 1834 2970 1907 αἰσθανομένων
3034 1839 3187 1908 φύσιν
3231 1841 3362 1911 πρὸς
3407 1843 3501 1896 τὴν
3555 1837 3605 1890 ἐν
3643 1849 3756 1901 τοῖς
3800 1861 3902 1916 τρε-

2300 1926 2532 1996 φομένοις
2584 1928 2736 1996 μόνον
2801 1929 2891 1976 καὶ
2957 1924 3323 1998 αὐξανομένοις
3383 1929 3542 1989 ζωήν.
3605 1927 3792 1982 Ἔστω
3842 1928 3899 1989 δή

2300 2009 2387 2064 οὖν
2426 2018 2515 2065 καὶ
2554 2019 2706 2066 τοῦτο
2763 2016 2852 2066 καὶ
2908 2012 3134 2086 λεγέσθω
3193 2019 3430 2083 τέταρτον
3481 2014 3626 2078 εἶδος
3680 2019 3905 2091 ψυχῆς·

2300 2107 2390 2155 καὶ
2425 2109 2550 2173 γοῦν
2591 2102 2725 2154 οὕτω
2762 2101 2916 2174 ψυχὴ
2965 2102 3154 2175 ψυχῆς
3208 2104 3362 2165 ἄλλης
3413 2104 3543 2164 ἄλλη
3597 2127 3905 2183 προσηρτη-

540 2199 664 2268 μένη
717 2198 784 2263 57,
845 2198 875 2254 ἦ
933 2214 986 2247 τε
1037 2195 1141 2247 ἄνω
1178 2195 1411 2247 κάτεισιν
1470 2191 1554 2246 ἐπὶ
1607 2195 1700 2252 τήν
1753 2191 2012 2255 παντελῶς
2068 2194 2231 2262 κάτω,
2285 2201 2348 2265 τῇ
2390 2200 2490 2243 τῶν
2547 2189 2727 2262 ἑφεξῆς
2776 2191 2975 2264 μεθέξει
3025 2197 3114 2245 καὶ
3157 2198 3414 2266 κοινωνίᾳ,
3479 2200 3572 2248 καὶ
3621 2197 3758 2255 αὕτη
3812 2201 3905 2251 πά-

538 2285 617 2338 λιν
670 2281 735 2338 αὖ
793 2286 1014 2340 κάτωθεν
1087 2285 1283 2336 ἄνεισιν
1350 2282 1434 2336 ἐπὶ
1492 2286 1586 2341 τὴν
1635 2287 1866 2355 πρώτην,
1927 2281 2210 2355 ἐξαφθεῖσα
2264 2290 2362 2336 τῶν
2421 2283 2592 2354 μέσων
2647 2285 2736 2332 καὶ
2795 2276 2868 2332 δι’
2927 2279 3095 2333 αὐτῶν
3151 2285 3345 2335 τούτων
3403 2282 3778 2356 ἀνενεχθεῖσα,
3843 2291 3902 2350 ὣς

542 2375 602 2427 ἂν
663 2371 732 2433 δὴ
791 2378 880 2426 καὶ
938 2374 964 2424 ὁ
1029 2379 1132 2433 πᾶς
1198 2377 1392 2445 κόσμος
1445 2368 1591 2434 οὗτος
1655 2377 1744 2424 καὶ
1791 2377 2037 2433 κινήσεως
2107 2377 2198 2424 καὶ
2268 2372 2405 2433 ζωῆς
2454 2374 2707 2442 μετέχων,
2766 2373 3031 2423 συννεύσει
3079 2374 3210 2444 πρὸς
3266 2372 3444 2425 ἑαυτὸν
3497 2375 3607 2426 ἄνω
3670 2373 3742 2436 δὴ
3800 2377 3906 2450 ﬁli.

538 2483 626 2517 πη
684 2464 730 2498 σε
769 2470 866 2524 τῆς
910 2466 1116 2536 πρώτης
1163 2461 1336 2523 αἰτίας
1393 2457 1636 2533 οὐδαμῶς
1693 2457 2004 2535 ἁπερῥωγὼς
2053 2459 2187 2532 (23),
2250 2457 2373 2512 οὐδὲ
2423 2463 2509 2511 τὸν
2569 2461 2615 2494 ⁸9
2660 2463 2788 2532 πρὸς
2839 2459 2990 2512 αὐτὸν
3048 2458 3096 2512 ἐν
3144 2457 3316 2514 οὐδενὶ
3389 2462 3700 2526 καταλύσας
3749 2469 3905 2541 ἔρωτα

539 2549 662 2605 οὐδὲ
713 2570 772 2622 γε
824 2555 917 2609 τὴν
971 2553 1160 2622 ἔφεσιν,
1229 2551 1433 2602 πάντων
1471 2557 1570 2602 τῶν
1635 2551 1882 2602 τοιούτων
1952 2557 2118 2624 μερῶν
2183 2547 2374 2603 ἐκείνου
2439 2544 2508 2607 δὴ
2556 2555 2646 2600 τοῦ
2702 2555 2910 2623 πρῶτον
2967 2554 3057 2603 καὶ
3102 2555 3253 2623 μόνον
3311 2555 3454 2614 ὄντος
3502 2551 3790 2626 ἐφιεμένων
3837 2558 3901 2613 τε.

609 2645 660 2698 3.
693 2643 771 2697 De
797 2639 1000 2696 anima
1027 2638 1272 2711 quidem
1298 2643 1356 2695 et
1374 2639 1504 2710 ejus
1544 2637 1859 2711 speciebus
1910 2639 2052 2694 satis
2099 2637 2186 2694 di-

538 2733 699 2787 ctum
721 2733 809 2785 est
840 2733 935 2795 ;et
960 2727 1122 2800 quod
1150 2728 1265 2784 alia
1285 2727 1532 2800 quidem
1594 2732 1683 2784 est
1737 2726 2076 2798 intelligens
2129 2731 2187 2784 et

539 2817 794 2892 simplex
823 2822 880 2874 et
907 2816 1292 2883 immortalis;
1325 2817 1455 2873 aliae
1478 2832 1619 2873 vero
1654 2818 2090 2889 compositione
2108 2816 2186 2872 ef-

534 2909 703 2966 fectae
730 2911 786 2964 et
811 2906 1178 2978 corruptioni
1217 2905 1476 2962 etfiuxui
1495 2911 1553 2962 et
1581 2905 1952 2962 dissolutioni
1982 2905 2184 2976 subje-

2363 2637 2436 2710 7’.
2483 2637 2558 2690 Ού
2592 2643 2695 2711 μὴν
2748 2636 2876 2691 ἀλλὰ
2927 2645 3045 2713 περὶ
3096 2639 3286 2712 ψυχῆς
3335 2644 3426 2714 μεν
3482 2648 3575 2695 καὶ
3632 2653 3739 2697 τῶν
3787 2650 3902 2698 τεὸ-

2292 2746 2382 2789 της
2412 2724 2564 2780 εἰδῶν
2594 2731 2797 2801 εἴρηται
2846 2745 2859 2759 ’
2892 2733 2983 2781 καὶ
3009 2731 3090 2781 ὅτι
3155 2733 3211 2782 τὸ
3264 2733 3354 2803 μὲν
3421 2731 3596 2784 αὐτῶν
3640 2738 3820 2809 νοερόν
3855 2737 3902 2788 ἐν

2291 2821 2381 2869 καὶ
2431 2815 2622 2870 ἁπλοῦν
2684 2815 2797 2870 ἐστι
2847 2823 2938 2870 καὶ
2986 2816 3240 2872 ἀθάνατον
3277 2821 3347 2890 τί,
3399 2823 3471 2872 τὰ
3511 2818 3565 2872 δ’
3608 2821 3672 2874 ἐκ
3724 2827 3902 2877 συνθε-

2294 2925 2422 2966 σεως
2484 2910 2748 2978 γεγονότα,
2828 2912 2917 2959 καὶ
2981 2909 3148 2980 φθορᾷ
3205 2911 3295 2960 καί
3370 2908 3548 2983 ῥεύσει
3615 2917 3712 2963 καὶ
3767 2912 3902 2966 λύσει

535 3004 642 3055 σιω
683 3001 820 3054 sunt
852 3014 864 3065 ;
890 2999 1177 3068 praeterea
1200 2996 1570 3066 quodjmens,
1592 3011 1728 3067 quae
1752 2995 1810 3050 in
1824 2994 2181 3051 animaliho-

2294 2990 2525 3048 δουλεύει
2557 3013 2570 3026 ·
2605 2998 2678 3048 ἔτι
2712 2991 2771 3048 δὲ
2797 3000 2888 3048 καὶ
2913 2997 2990 3048 ὃτι
3031 3001 3163 3069 μήτε
3201 2997 3226 3048 ὁ
3275 3000 3322 3049 ἓν
3375 3006 3447 3068 τῷ
3497 2999 3623 3070 ξὼῳ
3688 3010 3786 3054 τοῦ
3830 3001 3904 3053 ἆν-

534 3087 715 3143 minis
744 3089 912 3157 parte
943 3088 1186 3151 est,non
1202 3083 1679 3156 praeexstititipsi
1710 3083 1954 3140 animali
1986 3099 2182 3156 neque

533 3174 759 3232 animal
777 3173 1070 3245 illudlipsi
1092 3174 1329 3239 animae,
1364 3172 1468 3229 sed
1491 3172 1674 3228 ambo
1698 3173 1878 3228 simul
1901 3172 1957 3229 Si
1979 3178 2182 3228 autem

532 3280 606 3322 ex
625 3280 748 3321 uno
782 3268 840 3320 et
875 3263 1087 3318 eodem
1115 3263 1403 3334 principio
1431 3277 1501 3318 ac
1540 3267 1710 3318 motu
1739 3261 1893 3318 nolis
1931 3262 2181 3318 mortale

533 3354 711 3410 simul
735 3357 792 3408 et
820 3351 1158 3407 immortale
1188 3351 1348 3407 facta
1378 3367 1526 3422 esse,
1554 3351 1656 3406 sed
1674 3351 2181 3407 exduobusalter-

530 3447 733 3498 utrum
746 3439 1276 3510 admittendum\sit
1287 3439 1379 3495 vel
1392 3445 1647 3495 mentem
1663 3441 2073 3512 praeexsistere
2086 3439 2181 3496 vel

530 3545 653 3586 non
681 3529 744 3584 in
775 3527 1021 3583 animali
1043 3528 1276 3583 mortali
1296 3543 1424 3583 esse
1452 3531 1703 3599 (oportet
1718 3529 1875 3584 enim
1892 3529 2180 3600 corrupti-

525 3618 660 3675 bilis
687 3617 851 3673 aliud
889 3617 1247 3689 principium
1271 3617 1572 3690 aliamque
1604 3634 1874 3687 causam,
1925 3618 2176 3675 alteram

524 3722 668 3764 vero
699 3722 828 3763 esse
867 3705 1371 3778 incorruptibilis),
1427 3706 1750 3762 dicendum
1794 3710 1882 3762 est
1931 3707 2082 3762 etde
2103 3723 2174 3764 eo

522 3796 670 3871 quid
688 3796 867 3852 nobis
890 3795 1181 3851 videatur.
1217 3795 1470 3850 Herbam
1489 3795 1760 3851 videmus
1782 3800 1838 3851 et
1867 3795 2173 3851 calamum

523 3892 581 3943 et
607 3887 976 3942 frumentum
994 3904 1006 3954 ;
1023 3883 1129 3940 sed
1151 3899 1345 3956 neque
1358 3883 1547 3940 herba
1560 3884 1828 3940 calamus
1843 3890 1949 3953 est,
1975 3901 2172 3958 neque

522 3978 796 4034 calamus
827 3975 1210 4030 frumentum.
1241 3975 1446 4029 Utrum
1481 3973 1658 4042 igitur
1686 3974 2052 4029 frumentum
2083 3981 2174 4030 est

520 4070 657 4122 ante
681 4063 1006 4132 calamum,
1049 4067 1152 4118 aut
1182 4064 1455 4118 calamus
1473 4067 1607 4118 ante
1633 4062 1906 4130 herbam,
1928 4078 2006 4118 an
2040 4063 2170 4118 haec

519 4152 744 4208 simul?
759 4152 815 4208 Si
832 4153 990 4206 enim
1004 4150 1372 4206 frumentum
1384 4155 1520 4205 ante
1534 4155 1767 4221 caetera,
1785 4151 1945 4206 unde
1967 4157 2166 4207 ortum

518 4245 627 4308 est,
643 4245 697 4296 et
712 4256 783 4295 ex
795 4255 914 4310 qua
931 4239 1046 4295 alia
1066 4254 1249 4294 causa
1269 4243 1325 4294 et
1342 4238 1638 4311 principio
1659 4255 1844 4310 quam
1861 4255 1931 4295 ex
1954 4239 2166 4296 iisdem

516 4329 678 4384 unde
706 4327 805 4383 illa
831 4330 858 4383 ‘2
886 4328 943 4383 Si
990 4331 1192 4383 autem
1232 4326 1331 4382 illa
1362 4335 1498 4383 ante
1541 4327 1928 4397 frumentum,
1977 4344 2165 4400 quam

2295 3085 2500 3158 θρώπου
2570 3092 2684 3145 νοῦς
2730 3085 3059 3160 προϋπῆρξεν
3114 3085 3272 3138 αὑτοῦ
3332 3093 3424 3138 τοῦ
3470 3088 3520 3122 ⁷³
3594 3088 3768 3161 ζῶον,
3825 3095 3900 3143 καί

2290 3176 2697 3246 προϋφέστηκεν,
2766 3177 2889 3244 μήτε
2972 3175 3029 3225 τὸ
3105 3173 3234 3234 ζῶον
3299 3170 3421 3226 τόδε
3471 3183 3568 3226 τοῦ
3619 3186 3739 3248 νοῦ,

2291 3259 2422 3332 ὁμοῦ
2467 3267 2653 3314 ταῦτα.
2705 3259 2765 3313 Εἰ
2826 3257 2877 3313 δ’
2925 3258 2980 3312 ἐκ
3027 3267 3152 3334 μιᾶς
3199 3266 3290 3313 καὶ
3344 3271 3439 3324 τῆς
3493 3263 3675 3326 αὐτῆς
3731 3265 3905 3338 ἀρχῆς

2289 3368 2377 3401 και
2431 3354 2680 3410 κινήσεως
2737 3353 2806 3422 μὴ
2862 3348 3037 3422 βούλει
3087 3353 3270 3409 θνητὸν
3343 3351 3455 3424 ἅμα
3491 3372 3590 3405 και
3645 3355 3908 3409 ἀθάνατον

2286 3440 2599 3510 γεγενῆσθαι
2658 3439 2725 3506 ⁷³,
2787 3437 2913 3490 ἀλλὰ
2962 3447 3060 3491 τῶν
3113 3435 3210 3492 δύο
3261 3441 3488 3515 θάτερον,
3544 3443 3579 3500 ἣ
3629 3451 3910 3518 1:905de-

2286 3546 2403 3598 χειν
2444 3525 2686 3586 δηλονότι
2723 3530 2810 3579 τὸν
2849 3535 2965 3580 νοῦν
3003 3529 3033 3586 ἦ
3081 3524 3212 3600 μηδ’
3264 3527 3311 3581 ἄν
3349 3533 3464 3602 ζὼῳ
3525 3532 3711 3604 θνητῷ
3785 3533 3912 3587 εἶναι

2285 3613 2393 3688 (δεῖ
2421 3619 2522 3691 γὰρ
2584 3624 2676 3669 τοῦ
2734 3619 2824 3689 μὲν
2879 3618 3106 3690 φθαρτοῦ
3143 3617 3301 3676 ἄλλην
3352 3617 3529 3693 ἀρχὴν
3585 3641 3683 3672 και
3739 3624 3910 3675 αἰτίαν

2285 3701 2432 3776 εἶναι,
2468 3705 2639 3780 ἑτέραν
2681 3703 2730 3758 δ’
2759 3702 2889 3758 εἶναι
2916 3711 3010 3765 τὴν
3063 3707 3154 3758 τοῦ
3203 3705 3515 3780 ἀφθάρτου),
3575 3708 3802 3764 λεκτέον
3855 3712 3910 3764 ἂν

2283 3796 2406 3868 ἡμῖν
2487 3799 2563 3853 εἴη
2653 3815 2742 3847 και
2810 3800 2929 3869 περί
2993 3799 3177 3848 τούτου
3233 3800 3352 3868 τόγε
3425 3793 3649 3856 δοκοῦν.
3733 3803 3910 3860 Χλόην

2283 3888 2476 3960 ὁρῶμεν
2511 3904 2602 3937 και
2643 3884 2881 3958 καλάμην
2920 3904 3009 3937 και
3057 3893 3200 3937 σῖτον
3229 3902 3242 3914 ·
3277 3889 3396 3938 οὔτε
3446 3883 3498 3938 δ’
3527 3889 3562 3945 ἡ
3631 3889 3790 3960 χλόη
3823 3912 3910 3944 κει-

2279 3974 2441 4047 λάμη,
2500 3973 2610 4026 οὔθ’
2663 3976 2693 4032 ἠ
2753 3973 2960 4047 καλάμη
2999 3979 3139 4035 σῖτός
3184 3995 3197 4007 ·
3253 3978 3466 4047 πότερον
3522 3973 3620 4028 οὖν
3681 3983 3712 4031 ὁ
3765 3990 3910 4041 σῖτος

2278 4067 2378 4138 πρὸ
2427 4071 2518 4123 τῆς
2551 4063 2790 4135 καλάμης
2818 4064 2940 4132 ⁷⁴,ὂ
2984 4065 3013 4122 ἡ
3053 4063 3259 4136 καλάμη
3316 4067 3417 4138 πρὸ
3467 4072 3567 4128 τῆς
3613 4067 3827 4138 χλονρς,
3877 4073 3903 4127 ξ

2279 4153 2408 4224 ὁμοῦ
2434 4160 2620 4220 ταῦτα,
2651 4171 2740 4204 και
2769 4151 2907 4224 χλόη
2937 4172 3025 4204 και
3063 4152 3270 4224 καλάμη
3302 4171 3391 4204 και
3443 4161 3632 4222 σῖτος;
3692 4161 3763 4212 Εἰ
3821 4164 3908 4232 μὲν

2276 4243 2377 4315 γὰρ
2410 4243 2435 4292 ὁ
2485 4249 2630 4302 σῖτος
2682 4244 2782 4316 πρὸ
2839 4249 2935 4294 τῶν
2993 4241 3201 4307 λοιπῶν,
3256 4244 3408 4294 πόθεν
3448 4249 3762 4317 γενόμενος,
3821 4268 3909 4300 και

2277 4331 2330 4383 ἐκ
2369 4335 2523 4392 ποίας
2580 4330 2731 4391 ἆλλης
2789 4329 2964 4406 ἀρχῆς
3003 4351 3092 4383 και
3136 4333 3304 4392 αἰτίας
3351 4332 3381 4390 ἣ
3419 4333 3474 4396 ἐξ
3527 4335 3601 4386 ὧν
3651 4336 3838 4390 ἐκεῖνα
3891 4357 3904 4401 ;

517 4417 699 4474 aliam
723 4416 986 4472 habuere
1018 4433 1263 4472 causam
1285 4417 1586 4472 diversam
1621 4417 1697 4473 ab
1717 4417 1815 4472 illa
1866 4395 2015 4490 qua;
2048 4418 2164 4474 fru-

2294 4421 2319 4472 τί
2349 4417 2399 4472 δ’
2441 4421 2574 4472 αὐτὰ
2600 4427 2767 4473 ταῦτα
2818 4423 2917 4495 πρὸ
2966 4428 3058 4473 τοῦ
3119 4426 3286 4490 σίτου,
3348 4426 3502 4474 ποίαν
3548 4423 3723 4482 ἀλλην
3777 4431 3906 4496 ἔσχε

515 4509 788 4561 mentum
811 4504 1095 4576 produxit
1121 4507 1149 4560 ?
1180 4521 1248 4560 ac
1282 4521 1401 4560 uno
1423 4504 1629 4572 verbo,
1651 4506 1698 4560 si
1717 4521 1839 4561 non
1870 4506 1988 4573 illa,
2013 4523 2164 4579 quo-

515 4594 700 4652 modo
726 4593 923 4649 istud?
955 4593 1322 4650 exillisenim
1338 4599 1454 4662 est;
1485 4595 1534 4649 si
1559 4611 1702 4650 vero
1722 4612 1841 4651 non
1854 4596 1987 4662 hoc,
2015 4613 2163 4669 quo-

513 4683 698 4741 modo
736 4682 836 4739 illa
856 4683 884 4740 ?
907 4684 988 4737 Ex
1016 4681 1132 4737 hoc
1162 4683 1322 4738 enim
1348 4687 1506 4739 sunt.
1534 4687 1601 4738 Et
1622 4685 1806 4739 ambo
1820 4685 1948 4741 haec
1984 4685 2164 4741 simul

509 4774 808 4842 videmus,
840 4771 1210 4830 frumentum
1239 4776 1374 4828 ante
1395 4770 1496 4828 illa
1521 4778 1578 4830 et
1601 4772 1702 4830 illa
1732 4778 1869 4830 ante
1898 4773 2158 4831 frumen-

2271 4707 2368 4738 νων
2413 4705 2515 4762 γαρ

2271 4777 2369 4850 γάρ
2401 4796 2413 4809 ·
2447 4795 2538 4828 και
2575 4775 2728 4850 ἄμφω
2779 4773 2846 4836 δὴ
2899 4783 3066 4830 ταῦτα
3120 4785 3436 4854 συνορῶμεν,
3483 4783 3577 4832 τόν
3630 4800 3702 4854 γε
3757 4789 3898 4834 σῖτον

2271 4514 2363 4568 τὴν
2450 4508 2641 4578 αἰτίαν,
2707 4509 2874 4583 ἑτέραν
2964 4505 3123 4561 οὖσαν
3177 4517 3272 4571 τῆς
3325 4516 3764 4583 προειεγκούσ-ιςς
3819 4518 3903 4565 τὸν

2473 4615 2607 4662 ;και
2657 4598 2784 4658 ὅλως
2815 4597 2858 4650 εἰ
2912 4603 2982 4670 μή
3036 4597 3222 4668 ἐκεῖνα,
3273 4607 3378 4659 πῶς
3409 4600 3613 4669 οὖτος;
3671 4603 3733 4665 ἐξ
3777 4603 3902 4656 ἑκεί-

2567 4705 2581 4720 σ
2624 4687 2666 4739 εἰ
2697 4683 2756 4740 δὲ
2821 4691 2892 4759 μὴ
2947 4683 3116 4757 οὗτος,
3175 4696 3286 4749 πῶς
3342 4697 3562 4755 rerum;

2277 4606 2416 4650 σῖτον

3619 4691 3682 4753 ἐξ
3737 4692 3900 4743 αὐτοῦ

1883 4919 1888 4922 ·
1916 4889 2134 4960 Variae
2181 4891 2532 4960 lectiones.

581 5023 629 5062 σε
653 5027 712 5079 τὸ
737 5025 896 5082 deest
916 5022 976 5081 in
1005 5023 1160 5096 Vah,
1201 5019 1404 5096 male._
1456 5021 1504 5058 ⁸⁸
1535 5022 1841 5096 περί-,αὐτοῦ
1871 5026 1999 5081 Vat.

2077 5027 2124 5062 “
2153 5026 2239 5083 sic
2269 5027 2402 5083 Vat.
2434 5026 2612 5083 Vind.
2646 5025 2802 5084 male
2835 5022 3095 5086 δεικτικὴ,

3170 5027 3218 5064 ⁸⁸
3266 5047 3355 5080 και
3393 5031 3456 5081 τὸ
3493 5027 3690 5083 λοιπὸν
3723 5027 3894 5087 Vind.

511 5098 554 5180 ξῖ
619 5101 1055 5180 προσηρτημένης
1099 5095 1225 5180 Vat.
1287 5091 1464 5180 male.
1493 5169 1504 5180 Α
1541 5091 1988 5180 εδζβλέποιηνᾶῑ.
2067 5099 2114 5180 εξ
2163 5117 2181 5150 Ί

2489 5098 2539 5132 ⁷ο
2597 5099 2682 5180 ὑπ’
2739 5099 2928 5180 ἐκείνου
2982 5116 3072 5152 και
3118 5104 3498 5180 συνεχομένην-
3535 5103 3719 5159 addit
3769 5105 3894 5180 V_a_t.

512 5169 557 5203 ’⁷⁸
585 5165 675 5219 και
699 5199 768 5207 -
796 5165 1049 5220 ἀθάνατον
1081 5165 1238 5222 male
1276 5165 1511 5222 exsulat
1541 5180 1573 5222 e
1603 5165 1728 5222 Vat.

508 5239 634 5295 Vat.
713 5240 759 5274 ⁷⁸
782 5239 890 5293 οὔθ’
920 5267 993 5283 -—
1019 5236 1260 5312 καλάμης
1289 5236 1510 5295 desunt
1539 5237 1601 5294 in
1631 5237 1803 5298 Vind.

1806 5168 1855 5203 ⁷³
1895 5175 1986 5220 τοῦ
2049 5168 2284 5227 abesta
2338 5172 2488 5234 Vat.,
2545 5170 2723 5228 male.

2800 5171 2849 5206 ⁷⁸
2901 5190 2993 5223 και
3056 5179 3210 5246 σῶμα
3254 5171 3344 5224 και
3394 5171 3694 5246 ἀσώματον
3755 5172 3893 5231 add.

2086 5355 2304 5426 Nota.

579 5477 691 5552 (22)
722 5477 811 5552 Ad
838 5476 968 5534 haec
1005 5479 1422 5552 etisequentia
1449 5477 1722 5536 adhiberi
1752 5483 1944 5552 potest
1984 5479 2153 5538 locus

505 5549 1024 5628 in_'Phadro_c_ap.
1071 5551 1142 5606 25
1193 5549 1293 5628 Ξῌ
1328 5551 1478 5625 ψυχή
1531 5552 1681 5610 πάσι
1737 5549 1926 5616 παντὸς
1978 5552 2152 5628 ἐπιμεδ

505 5619 668 5680 λεῖται
705 5628 798 5678 τοῦ
827 5619 1068 5696 inﬂicta,
1099 5639 1151 5684 tt.
1193 5621 1312 5688 τ.λρ

2335 5483 2448 5553 (23)
2481 5481 2557 5558 Id_
2590 5488 2682 5558 est
2739 5481 3148 5558 ἄπες-χεομένας.
3201 5482 3334 5543 Vid.
3394 5487 3569 5545 Suid.
3615 5489 3684 5546 in
3737 5503 3794 5545 7.
3847 5484 3886 5552 Ι,

2259 5569 2329 5642 p.
2367 5555 3347 5642 .2'55,.ibiquregorii'Nazianzeni
3389 5558 3553 5634 haec,
3610 5571 3712 5624 τῆς
3742 5558 3890 5634 ρῦεε

2259 5627 2570 5705 ἆπερῥωγὼς
2602 5627 2880 5702 ἀζημίοις.
