4064 6308
125 231 237 295 1417

1281 232 1452 294 ΑΒν.
1492 232 1845 295 PLOTINUM
1864 238 1954 294 DE
1991 239 2232 297 ΑΝΙΜΑ.

3309 237 3445 301 1418

119 364 202 429 πρὸ
247 359 444 430 ἐκείνων,
501 359 714 414 κάκεῖνα
767 361 866 435 πρὸ
926 362 1110 416 τούτου
1167 381 1258 414 και
1327 365 1444 416 οὔτε
1521 365 1668 415 σίτου

1793 365 1946 431 tum;
1981 379 2052 421 ac
2072 362 2186 420 nisi
2245 363 2616 420 frumentum
2646 365 2824 430 esset,
2851 376 2973 444 non
3001 365 3202 421 essent
3248 365 3439 426 herba

114 446 302 523 μηδαμῆ
351 447 611 523 μηδαμῶς
647 455 791 512 ὄντος
841 450 934 504 οὐκ
982 453 1043 504 ἄν
1100 456 1298 524 γένοιτο
1353 454 1470 505 οὒτε
1529 451 1667 525 χλόη

117 542 215 592 οὔτε
233 538 437 612 καλάμη,
469 538 597 592 ἀλλὰ
623 560 739 593 τινα
768 541 892 594 όντα
947 539 1070 616 παρ’
1130 541 1284 594 αὐτόν
1346 544 1433 594 τόν
1503 549 1668 611 σῖτον,

117 631 217 681 οὔτε
260 628 440 681 ἐκείνων
497 634 568 702 μὴ
623 635 990 704 γεγενημένων,
1044 632 1230 702 γένοιτ’
1284 630 1344 684 ἂν
1419 650 1508 684 και
1542 630 1672 684 ἀπο-

115 717 296 787 τεχθείη
335 724 469 777 σῖτος
523 715 651 770 ὣστ’
705 719 850 771 ἔστιν
901 717 1164 790 ὁμολογεῖν
1214 717 1268 770 ίκ
1325 724 1449 792 μιᾶς
1497 717 1674 794 ἀρχῆς

115 825 193 857 και
226 805 372 868 αἰτίας
419 825 510 860 και
552 811 806 871 κινήσεως
857 827 952 869 της
1013 807 1178 871 αὐτῆς
1229 807 1397 882 ἓτερον
1441 827 1531 862 και
1573 809 1673 862 €11-

115 913 193 971 ρον
218 891 347 966 εἶναι,
370 915 460 948 και
488 896 548 949 οὐ
575 897 764 970 μᾶλλον
793 899 841 934 ’³⁵
887 902 1132 974 πρότερον
1193 899 1406 972 θάτερου
1464 898 1493 958 ἢ
1543 901 1672 971 ὁμοῦ

115 992 274 1041 ταῦτα.
327 987 385 1041 Εἰ
441 983 498 1039 δὲ
555 989 624 1059 μὴ
676 990 735 1040 τὸ
784 990 874 1060 μὶν
923 989 1116 1040 τουτων
1164 990 1406 1064 φθαρτὸνο
1472 990 1532 1041 τὸ
1616 985 1675 1042 δε

113 1074 361 1148 ἄφθαρτον,
412 1074 518 1128 ἀλλ’
559 1071 676 1129 οὐδ’
729 1078 879 1150 ἡμεῖς
951 1097 1110 1150 φαμεν
1200 1085 1316 1130 νοῦν
1396 1097 1485 1131 και
1543 1077 1674 1140 ζῶον

113 1169 239 1216 σῖτόν
261 1184 364 1218 τινα
397 1185 488 1218 και
525 1164 707 1242 ἄχυρα
755 1168 868 1239 (24)
940 1168 1089 1233 εἶναι,
1142 1165 1244 1220 ἀλλ’
1308 1169 1390 1221 ὅτι
1446 1168 1674 1240 χαλεπὸν

112 1249 245 1307 οὐδὲν
288 1261 343 1327 τῇ
398 1257 569 1327 φύσέι,
632 1255 822 1328 μᾶλλον
876 1253 935 1309 δὲ
973 1265 1043 1328 τῷ
1099 1254 1411 1331 δημιουργῷ
1460 1260 1674 1328 ταύτης,

109 1339 222 1396 οὐδέ
243 1342 285 1414 γ’
303 1341 541 1418 ἐργῶδες,
586 1342 640 1397 ἐκ
687 1351 828 1418 μιᾶς,
894 1347 957 1407 ὡς
1014 1347 1242 1420 εἴρηται,
1292 1352 1540 1408 κινήσεως
1587 1364 1678 1398 και

109 1431 262 1494 αἰτίας
301 1433 458 1505 ἕτερον
506 1452 596 1486 και
666 1434 831 1509 ἕτερον
917 1434 964 1486 ἐν
1051 1444 1224 1507 ταυτῷ
1300 1435 1673 1512 προϐαλέσθαι.

111 1527 200 1575 Καὶ
242 1524 298 1582 ὡς
355 1530 517 1576 ταῦτα
572 1525 628 1576 τὸ
690 1527 780 1595 μὲν
845 1523 1265 1600 μακροϐιώτερον
1315 1528 1383 1588 ὡς
1429 1527 1454 1578 6
1534 1533 1676 1588 σῖτος

107 1619 189 1671 τῆς
233 1612 290 1672 ἧς
337 1614 520 1684 ἔφημεν
572 1612 739 1685 χλόης
792 1632 882 1666 και
942 1613 1177 1688 καλάμης
1250 1635 1340 1667 και
1427 1611 1676 1689 διαρκοῦν

109 1698 184 1752 ἐπί
207 1699 356 1766 πλέον,
382 1703 449 1753 τὰ
471 1697 523 1754 δ’
544 1704 612 1754 τὰ
657 1703 716 1754 οὗ
782 1711 1028 1756 τοσοῦτον
1076 1705 1399 1777 ὑφιστάμενα
1463 1709 1674 1779 χρόνον,

109 1790 230 1841 οὕτω
251 1785 311 1848 δὴ
341 1809 428 1842 και
448 1792 672 1864 φθαρτὸν
703 1811 792 1844 και
840 1791 1100 1868 ἄφθαρτον
1161 1798 1290 1866 ὅμου
1339 1796 1676 1866 γεγενῆσθαι.

110 1881 308 1952 Δύναμις
349 1881 447 1954 γὰρ
514 1899 597 1942 τις
632 1882 802 1954 ὥσπερ
849 1881 897 1934 ἐν
939 1892 1010 1954 τῷ
1065 1887 1324 1957 σπέρματι
1375 1891 1467 1936 τοῦ
1529 1889 1676 1937 σίτου

108 1967 210 2022 ἔστί
257 1973 449 2042 κειμένη
503 1971 858 2045 τελεσιουργός
909 1982 1009 2027 τῶν
1092 1972 1145 2037 ἐξ
1224 1973 1380 2027 αὐτοῦ
1449 1977 1674 2044 πάντων,

106 2063 220 2120 τέως
261 2063 342 2131 μὲν
391 2056 609 2132 ἀφανὴς,
671 2061 885 2138 ὗστέρον
954 2059 1012 2116 δὲ
1087 2068 1499 2138 καταφαινομένη
1577 2073 1676 2118 τῶν

104 2145 154 2210 ἐξ
182 2147 328 2209 αὐτῆς
353 2148 702 2219 τελεσθέντων,
739 2151 874 2204 οὕτω
906 2149 972 2211 δὴ
1009 2148 1233 2225 δύναμις
1303 2156 1417 2206 ἔστι
1479 2172 1569 2205 και
1627 2153 1676 2206 ἐν

99 2245 155 2310 τῇ
186 2241 350 2313 πρώτῃ
378 2237 520 2313 ἀρχῇ
569 2258 658 2293 και
701 2241 846 2315 αἰτίᾳ
872 2249 964 2295 τοῦ
1019 2243 1154 2306 ξώου
1199 2251 1291 2297 τοῦ
1355 2243 1568 2320 ὕστερον
1626 2242 1679 2307 ἐξ

97 2330 251 2393 αὐτῆς
302 2335 518 2388 πάντων.
575 2338 674 2386 Καί
715 2337 880 2408 μέχρι
926 2336 1014 2407 μὲν
1070 2333 1117 2386 ἐν
1165 2333 1294 2408 αὐτῇ
1379 2343 1548 2389 ταῦτα
1626 2336 1672 2371 ⁷⁷

96 2420 291 2472 ἵσταται
319 2429 378 2492 τῇ
402 2417 644 2493 δυνάμει,
675 2421 785 2474 οὒτ’
837 2419 987 2475 οὐδὲν
1025 2426 1218 2476 τούτων
1268 2425 1379 2476 οὗθ’
1431 2425 1460 2482 ἡ
1508 2420 1678 2476 δύνα-

93 2527 182 2582 μις
209 2515 588 2583 καταφαίνεται,
620 2511 686 2572 εἰς
738 2511 990 2586 ἐνέργειαν
1207 2510 1266 2566 δὲ
1320 2516 1673 2588 προαχθέντα.

92 2614 204 2652 τοτε
234 2595 297 2658 δὴ
353 2616 440 2652 και
491 2607 660 2653 ταῦτα
707 2600 918 2674 φανερὰ,
965 2621 1056 2654 και
1101 2600 1130 2660 ἡ
1190 2603 1398 2675 ἔχουσα
1444 2607 1532 2676 μέν
1582 2599 1678 2656 δύ-

90 2687 641 2764 ναμις,ἐγκρύπτουσα
668 2687 745 2757 δὲ,
780 2691 836 2742 ἐκ
867 2694 956 2763 μὲν
1023 2691 1080 2726 ⁷⁸
1133 2700 1224 2744 τοῦ
1286 2693 1474 2750 θνητοῦ
1521 2697 1676 2765 μόνου

90 2779 248 2845 ζὼου,
298 2793 381 2831 και
441 2779 620 2838 θνητὸν
672 2783 822 2852 μόνον
884 2784 1032 2848 ζῶον,
1085 2779 1137 2832 ἐκ
1191 2777 1250 2834 δὲ
1318 2789 1430 2852 τοῦ,
1482 2785 1541 2835 τό
1589 2784 1679 2855 μὲν

90 2870 276 2926 θνητοῦ
312 2868 382 2936 79,
430 2871 488 2921 1'6
550 2865 602 2921 δ’
669 2867 945 2941 ἀθανάτου,
1009 2869 1134 2934 ξῶον
1201 2870 1430 2940 εἰκότως,
1498 2873 1680 2931 Θνητὸν

84 2959 221 3030 ὁμοῦ
237 2973 322 3008 και
343 2954 614 3012 ἀθάνατον.

163 3042 236 3100 δ’.
279 3045 395 3098 Ὀτι
444 3042 496 3098 δ’
534 3048 702 3100 ἑνεστι
745 3054 816 3118 τῷ
863 3045 1113 3120 ἂνθρῶπῳ
1160 3055 1277 3110 νοῦς
1327 3048 1444 3102 καθ’
1501 3048 1679 3102 ἑαυτὸν
1711 3070 1752 3124 C

79 3137 316 3208 ὑφεστὼς
343 3154 431 3186 και
486 3139 612 3208 μήτε
675 3156 735 3208 γε
778 3133 1036 3210 μηδαμῶς
1081 3125 1298 3209 φθίνων,
1356 3157 1446 3189 και
1500 3135 1680 3211 διαφέ-

72 3244 162 3299 ρει
208 3242 264 3295 γε
312 3226 475 3295 τούτῳ
536 3228 694 3296 φύσις
751 3227 894 3298 ἡμῶν
962 3235 1060 3278 τῶν
1109 3225 1299 3278 λοιπῶν
1375 3227 1546 3299 ζώωνΔ
1591 3246 1682 3279 και

75 3311 415 3382 ἀνοήτων,ἒκ
461 3321 560 3364 τῶν
613 3312 873 3389 ἐνεργειῶν
926 3311 1105 3374 δῆλον.
1155 3317 1232 3368 Τὰ
1283 3319 1372 3388 μὲν
1429 3296 1547 3388 γὰρ.
1604 3317 1683 3368 αἱ-

76 3404 270 3460 σθὴσει
294 3406 420 3475 μόνῄ
457 3421 546 3454 και
577 3408 839 3475 φαντασίᾳ
861 3403 1041 3469 ξῶσιν,
1069 3405 1135 3463 ὧν
1156 3422 1247 3455 και
1299 3402 1450 3463 ἀτελῆ
1505 3401 1571 3464 δή
1633 3405 1680 3440 ⁸⁰

70 3509 201 3545 τινα
252 3498 367 3542 νοῦν
425 3509 565 3562 φατε,
614 3499 706 3544 τοῦ
751 3491 942 3545 τελείου
991 3495 1080 3565 μὲν
1135 3491 1285 3564 ἐγγὺς
1337 3492 1514 3545 ἰοῦσαν
1594 3511 1682 3545 και

69 3584 214 3655 πρὸς
259 3579 412 3631 αὐτὸν
460 3582 690 3651 ἔχουσαν
757 3581 800 3616 εί
869 3586 1102 3652 γνησίως
1149 3600 1238 3633 και
1284 3600 1343 3652 γε
1400 3579 1684 3655 ἱνδάλμασί

69 3687 194 3722 τισι
253 3671 376 3743 πρὸς
429 3668 581 3721 αὐτὸν
645 3668 691 3704 ⁸²
755 3675 981 3722 τείνουσι
1049 3673 1397 3745 κεχρημένην,
1469 3679 1563 3732 τῆς
1636 3667 1685 3723 δ’

68 3759 248 3812 αὐτοῦ
314 3760 508 3829 φύσεως
536 3776 625 3810 και
699 3757 952 3834 ἐνεργείας
1010 3759 1342 3812 πάντάπασιν
1418 3759 1689 3812 ἀπολειπο-

68 3853 372 3923 μένην,και
397 3850 441 3899 εἰ
469 3867 520 3900 τι
543 3844 592 3900 δ’
623 3847 788 3919 οἶλιγνα
843 3853 1145 3922 σοφίζονται
1187 3852 1315 3914 ζῶα,
1369 3851 1505 3902 κατὰ
1567 3852 1689 3902 ταύ-

69 3957 178 3994 την
215 3936 523 4007 σοφίζονται
554 3936 601 3972 ⁸³
653 3942 912 3990 σὼστικόν
962 3943 1114 4010 μόνον
1160 3947 1254 3999 τῆς
1311 3941 1528 4010 φύσεως,
1598 3943 1688 3991 καὶ

68 4033 173 4079 τοῦ
203 4021 468 4098 διαμένειν
509 4029 748 4097 τὸγένος,
783 4027 912 4079 οὕτω
960 4036 1050 4078 τοῦ
1109 4022 1439 4102 δημιουργοῦ
1490 4023 1689 4089 δόντος.

75 4117 133 4175 ὃς
161 4110 232 4172 δὴ
259 4114 441 4175 καιείς
497 4119 555 4167 τὸ
605 4114 735 4168 εἶναι
775 4134 941 4168 ταυτα
978 4120 1319 4192 παραγαγὼν,
1370 4123 1456 4169 καὶ
1515 4117 1693 4190 βούλε-

72 4223 173 4256 ται
234 4211 405 4255 ταῦτα
442 4198 699 4276 διαμένειν
742 4221 832 4256 και
870 4201 1016 4260 εἶναι.
1078 4210 1177 4258 Καὶ
1240 4211 1406 4257 τοίνυν
1457 4210 1516 4258 τὸ
1571 4209 1694 4278 φρό-

69 4311 232 4365 νιμον
278 4292 452 4343 αὐτῶν
507 4297 669 4367 μέχρι
713 4302 802 4346 τοῦ
856 4293 1072 4366 ἐξευρεῖν
1127 4303 1406 4368 τραφῆναι,
1450 4296 1479 4355 ἡ
1556 4294 1696 4368 βλά-

1780 468 1976 526 neque
2001 452 2402 518 calamus,sed
2427 452 2703 526 quaedam
2726 457 2938 525 praeter
2965 451 3442 528 frumentum,et,

1782 543 1897 598 nisi
1917 542 2014 600 illa
2045 549 2263 614 essent,
2297 560 2496 617 neque
2526 547 2683 600 esset
2714 558 2785 600 ac
2810 543 3151 615 gigneretur
3181 544 3445 604 frumen-

1781 632 1950 702 tum;
1980 633 2058 689 ita
2081 637 2145 689 ut
2199 633 2611 690 conﬁtendum
2642 632 2737 689 sit
2778 649 2846 688 ex
2887 649 3010 690 uno
3060 634 3354 708 principio
3383 639 3442 693 et

1783 737 1971 781 causa
1990 738 2060 780 ac
2091 721 2304 779 eodem
2327 727 2494 780 motu
2517 722 2685 780 aliud
2703 727 2759 780 et
2780 722 2943 779 aliud
2956 739 3324 796 esse,neque
3337 741 3440 797 po-

1783 812 1900 870 tius
1927 811 2090 869 aliud
2116 817 2253 870 ante
2298 812 2462 870 aliud
2511 811 2616 870 sed
2645 828 2716 870 ea
2739 811 2936 869 simul.
2987 813 3044 871 Si
3074 817 3274 870 autem
3317 830 3442 873 non

1785 917 1993 960 eorum
2025 902 2190 960 aliud
2202 908 2290 960 est
2305 903 2688 976 corruptibile
2701 907 2757 960 et
2777 903 2940 961 aliud
2966 903 3438 978 incorruptibile,

1785 1008 1980 1066 neque
2013 1008 2126 1049 nos
2181 992 2437 1050 dicimus
2502 998 2767 1049 mentem
2794 997 2850 1050 et
2895 993 3140 1061 animal,
3175 993 3442 1051 frumen-

1785 1085 1913 1138 tum
1944 1080 2258 1154 quoddam
2280 1087 2337 1138 et
2355 1081 2598 1155 paleam
2610 1097 2760 1152 esse,
2781 1082 2886 1138 sed
2899 1081 3046 1138 nihil
3061 1097 3192 1139 esse
3209 1087 3440 1140 natura

1785 1169 2046 1241 difﬁcile,
2077 1187 2113 1228 a
2142 1170 2367 1228 fortiori
2394 1186 2534 1228 vero
2565 1171 2746 1244 hujus
2783 1171 3034 1229 creatori
3064 1187 3258 1246 neque
3278 1172 3445 1230 labo.

1785 1263 2014 1316 riosum
2041 1276 2114 1317 ex
2149 1277 2267 1318 uno
2293 1266 2462 1319 motu
2488 1266 2544 1318 et
2568 1278 2774 1329 causa,
2801 1267 2864 1318 ut
2884 1261 3113 1318 dictum
3139 1266 3245 1330 est,
3278 1261 3443 1319 aliud

1786 1354 1843 1406 et
1863 1349 2023 1407 aliud
2041 1365 2196 1406 Simu
2242 1350 2526 1423 produci;
2552 1355 2609 1408 et
2624 1350 3147 1424 quemadmodum
3173 1351 3291 1408 alia
3314 1351 3444 1424 qui.

1786 1438 1926 1495 dem
1962 1439 2202 1506 diutius,
2225 1444 2289 1495 ut
2316 1439 2682 1496 frumentum
2701 1440 2924 1496 diutius
2956 1455 3141 1513 quam
3161 1439 3349 1498 herba
3386 1445 3445 1498 et

1787 1525 2048 1582 calamus
2062 1531 2436 1598 permanent,
2458 1527 2576 1584 alia
2592 1532 2793 1583 autem
2810 1543 2932 1583 non
2948 1532 3180 1584 tantum
3201 1531 3441 1600 tempus

1789 1615 2148 1683 subsistunt,
2178 1616 2258 1672 ita
2287 1621 2344 1672 et
2391 1616 2773 1688 corruptibile
2810 1622 2865 1672 et
2891 1615 3339 1688 incorruptibile
3365 1616 3446 1672 sis

1718 1718 1757 1772 Β
1789 1705 1914 1760 mul
1933 1705 2089 1761 facta
2109 1721 2260 1762 esse.
2287 1705 2806 1772 Quemadmodum
2828 1705 3257 1762 eniminestvis
3271 1717 3442 1780 quaee

1787 1793 1930 1850 dam
1958 1793 2018 1849 in
2039 1794 2319 1850 frumenti
2356 1795 2600 1867 semine,
2628 1811 2765 1867 quae
2796 1794 3004 1852 omnia
3034 1810 3106 1850 ex
3131 1810 3203 1851 eo
3229 1809 3438 1868 proces-

1787 1883 1990 1940 dcntia
2010 1883 2259 1956 perﬁcit,
2283 1885 2547 1956 primum
2576 1887 2821 1957 quidem
2856 1883 3188 1951 invisibilis,
3223 1884 3442 1940 deinde

1789 1978 1990 2030 autem
2011 1974 2133 2030 suis
2173 1974 2672 2046 productionibus
2719 1974 3126 2039 manifestata,
3160 1973 3245 2029 sic
3272 1979 3328 2030 et
3351 1974 3441 2030 vis

1789 2070 1872 2120 est
1900 2063 1961 2120 in
1994 2063 2188 2137 primo
2221 2063 2514 2136 principio
2539 2068 2597 2120 et
2626 2079 2814 2121 causa
2843 2063 3120 2121 animalis
3149 2079 3284 2136 quas
3315 2079 3443 2120 oms

1785 2153 1964 2208 nibus
2033 2169 2106 2208 ex
2151 2168 2211 2208 se
2269 2152 2733 2224 procedentibus
2789 2152 3100 2209 revelatur.
3169 2158 3250 2208 Ac
3290 2151 3441 2209 dum

1787 2242 2032 2316 quidem
2054 2243 2113 2298 in
2131 2259 2200 2300 ea
2225 2243 2352 2299 haec
2370 2243 2997 2316 subsistuntpotentia,
3020 2259 3216 2316 neque
3229 2259 3441 2300 eorum

1786 2332 1977 2388 ullum
2003 2347 2199 2405 neque
2214 2333 2478 2404 potentia
2496 2332 2942 2399 manifestatur;
2964 2349 3102 2388 cum
3133 2337 3335 2389 autem
3361 2331 3443 2388 ef-

1785 2422 1941 2478 fectu
1964 2422 2262 2494 producta
2301 2427 2460 2488 sunt,
2486 2427 2627 2478 tunc
2654 2427 2707 2478 et
2740 2421 2839 2479 illa
2872 2421 3194 2478 manifesta
3223 2426 3362 2478 sunt
3391 2425 3448 2478 et

1786 2526 1922 2584 quae
1961 2528 2032 2568 ea
2056 2511 2322 2568 continet
2336 2511 3270 2584 potentia,abscondensquidem
3297 2515 3447 2567 etex

1787 2601 2025 2657 mortali
2055 2601 2480 2656 tantummodo
2503 2599 2749 2657 animali
2783 2600 3036 2657 mortale
3066 2604 3301 2656 tantum
3325 2599 3448 2656 ani-

1789 2690 1932 2756 mal,
1965 2706 2037 2745 ex
2066 2689 2162 2745 illo
2189 2694 2390 2746 autem
2423 2690 2587 2763 quod
2622 2705 2693 2746 ex
2721 2695 2890 2762 parte
2948 2688 3197 2746 mortale
3229 2692 3341 2754 est,
3373 2700 3445 2744 ex

1789 2785 1957 2853 parte
1981 2784 2181 2835 autem
2215 2778 2574 2847 immortale,
2632 2778 2858 2835 animal
2910 2778 3161 2836 mortale
3187 2777 3366 2834 simul
3390 2780 3448 2835 et

1791 2868 2129 2926 immortale
2170 2869 2529 2941 producens.

1863 3050 1914 3103 4.
1964 3051 2161 3103 [nesse
2209 3051 2315 3102 aut
2335 3046 2568 3102 homini
2607 3050 2870 3103 mentem
2920 3045 2981 3102 in
3010 3061 3072 3102 se
3113 3044 3444 3102 subsistend

1793 3141 1910 3193 tem
1930 3150 2125 3208 neque
2156 3151 2427 3208 unquam
2458 3140 2830 3208 pereuntem,
2857 3139 2912 3190 et
2941 3151 3012 3191 ea
3028 3138 3318 3207 praestare
3341 3149 3447 3190 no~

1793 3231 1978 3283 stram
1991 3231 2268 3281 naturam
2294 3230 2645 3281 caeterorum
2670 3224 3024 3280 animalium
3055 3240 3124 3281 ac
3139 3224 3449 3280 irrationa-

1789 3315 2002 3372 bilium
2041 3319 2267 3370 naturae
2299 3330 2371 3369 ex
2426 3313 2878 3386 operationibus
2915 3317 3098 3387 patet.
3129 3313 3256 3370 Alia
3287 3312 3447 3368 enim

1793 3421 1972 3460 sensu
1993 3409 2229 3459 tantum
2268 3408 2322 3458 et
2344 3403 2663 3476 phantasia
2695 3404 2920 3472 vivunt,
2949 3419 3133 3475 quam
3160 3400 3448 3475 imperfe-

1793 3498 1950 3550 ctam
1975 3492 2308 3565 quamdam
2337 3496 2598 3548 mentem
2638 3492 2854 3559 dicitis,
2888 3492 3166 3566 pcrfectee
3201 3490 3449 3564 quidem

1792 3583 2199 3654 propinquam
2255 3581 2797 3654 cognationemque
2829 3598 2967 3638 cum
3000 3597 3070 3637 ea
3098 3580 3447 3646 habentem,

1794 3672 2121 3744 formisque
2175 3686 2308 3728 eam
2386 3671 2768 3727 tendentibus
2824 3676 3106 3737 utentem,
3163 3670 3268 3726 sed
3317 3670 3449 3740 ejus

1795 3768 2018 3818 naturze
2050 3765 2106 3817 et
2129 3761 3119 3833 operationiomninoinferiorem;
3147 3765 3203 3816 et
3233 3759 3280 3813 si
3301 3757 3451 3830 quid

1797 3852 2036 3922 sapiunt
2053 3850 2499 3918 irrationabilia,
2514 3849 2819 3915 animalia,
2840 3847 3174 3904 secundum
3201 3862 3336 3902 eam
3354 3860 3449 3901 sa-

1797 3940 1968 4011 piunt
1994 3943 2290 4011 quantum
2319 3954 2560 3994 necesse
2591 3943 2676 3993 est
2707 3943 2770 3993 ut
2807 3942 3086 3992 naturam
3133 3937 3366 3990 servent
3397 3936 3453 3986 et

1799 4043 1988 4097 genus
2017 4030 2385 4099 permaneat,
2439 4025 2802 4081 concedente
2862 4024 3150 4092 Creatorc,
3204 4020 3352 4093 quid
3373 4020 3452 4076 ad

1800 4115 2204 4172 exsistentiam
2236 4113 2543 4169 adducens
2569 4129 2642 4168 ea
2670 4111 2797 4167 vult
2828 4127 3184 4185 permanere
3215 4115 3271 4166 et
3297 4124 3452 4165 esse.

1802 4207 1885 4260 Ac
1906 4203 2086 4273 igitur
2108 4219 2316 4258 eorum
2346 4203 2662 4274 prudentia
2685 4217 2880 4274 usque
2903 4217 2975 4257 eo
2995 4199 3265 4273 procedit
3283 4202 3348 4254 ut
3376 4197 3455 4253 ci-

1803 4294 1950 4349 bum
1981 4291 2289 4348 inveniant
2319 4290 2764 4364 perniciemque
2819 4306 2890 4346 ac
2922 4288 3251 4362 periculum
3271 4287 3455 4343 vitent

73 4381 243 4440 ϐηνῆ
275 4379 574 4445 ἐπιϐουλὴν,
629 4389 824 4454 φυγεῖν,
881 4385 1193 4457 φθείρουσαν
1245 4388 1339 4441 τὴν
1399 4383 1552 4446 ξωὴν.
1609 4383 1683 4446 Ὠς

1806 4399 1940 4455 quae
1970 4382 2151 4436 vitam
2213 4383 2624 4451 corrumpunt.
2685 4380 2753 4434 Ut
2813 4378 2943 4451 apis
3002 4393 3210 4451 opera,
3242 4381 3298 4432 et
3320 4390 3455 4433 ara-

67 4473 148 4523 τὰ
179 4477 278 4529 τῆς
299 4469 556 4542 μελίσσης
578 4469 722 4546 ἔργα,
758 4490 847 4523 και
904 4473 970 4522 τὰ
1019 4480 1117 4523 τῶν
1161 4470 1406 4546 ἀραχνῶν
1471 4477 1692 4545 νήματα,

1807 4487 2057 4528 nearum
2085 4469 2234 4541 telae,
2266 4474 2323 4524 et
2388 4484 2601 4539 gruum
2633 4484 2740 4541 per
2773 4484 3056 4524 somnum
3085 4465 3356 4524 custodia
3385 4478 3456 4522 ac

1473 4596 1699 4666 Variae
1745 4596 2094 4665 lectiones.

149 4701 203 4737 ’⁷⁵
257 4703 335 4774 μὴ
396 4701 587 4774 μῆλλον
639 4701 768 4758 Vat.

60 4778 118 4811 ⁷9
154 4778 327 4845 μόνου
355 4800 427 4845 -τ-ι
461 4777 520 4826 τὸ

68 4793 118 4811 ιν
154 4793 327 4845 μόνου
355 4800 427 4814 —-
461 4793 520 4826 το
543 4793 640 4880 μιν
665 4793 854 4832 υνητου
876 4793 1151 4831 ansunta
1181 4793 1207 4829 V

58 4847 256 4904 deest
275 4844 342 4900 in
365 4844 493 4901 Vat.
517 4845 537 4880 ⁸
642 4846 911 4919 σοφίζεται
930 4848 989 4902 h.
1017 4845 1057 4902 l.
1089 4845 1216 4902 Vat.

847 4703 930 4776 75_
965 4703 1173 4776 θάτερον
1224 4703 1418 4776 Vind”
1476 4703 1576 4776 53d
1623 4707 1683 4757 θα

1793 4725 1838 4758 ›υ
1883 4709 1945 4760 in
2006 4715 2198 4776 marg.
2252 4701 2297 4735 ’³⁷
2337 4702 2538 4776 ⁸πάντα
2587 4703 2711 4758 Vat.

2796 4701 2844 4737 ⁷⁸
2920 4709 3008 4755 οὖν
3084 4699 3230 4757 add.
3325 4697 3454 4752 Vat.

665 4757 854 4832 θνὴτοῡ
876 4757 1099 4846 absunt
1115 4791 1151 4846 a
1177 4757 1372 4845 mai;
1390 4757 1573 4832 male.
1646 4778 1683 4812 εί

1828 4757 2003 4834 ἂβξεε
2142 4757 2276 4830 V’at.
2334 4773 2375 4808 ⁸⁸
2441 4757 2851 4845 ἔχουσαηωᾶΙθ
2907 4776 3034 4832 Vat.
3113 4773 3160 4808 ⁸⁸
3215 4767 3455 4846 «fuerit.

1663 4937 1877 5006 Notae.

148 5052 270 5128 (24)
308 5048 532 5128 Ἀχυρα
581 5051 675 5128 Sic
708 5053 836 5128 _Vat.
887 5068 909 5109 :
955 5053 1149 5128 χόρτον
1176 5051 1345 5110 Vind.
1380 5051 1526 5128 Illud
1548 5069 1695 5126 pra:-

52 5125 208 5191 tuli,
245 5123 549 5196 quoniam
580 5123 722 5197 alibi
751 5127 928 5181 etiam
959 5123 1161 5197 ᾄχυρον
1196 5128 1258 5197 et
1297 5132 1436 5197 σῖτος
1461 5123 1610 5181 inter
1637 5141 1699 5181 se

48 5193 516 5268 opponuntur.
554 5193 682 5252 Vid.
725 5193 1253 5264 Evangell'lﬁatth.
1294 5195 1475 5268 m,_12
1509 5197 1688 5265 ;Luc.

44 5265 174 5329 ιιῐ(
198 5269 292 5330 17,
324 5265 478 5340 ibid.
504 5265 826 5340 interprett.
866 5274 1061 5340 χόρτον
1092 5283 1219 5323 esse
1246 5283 1316 5340 ex
1343 5266 1700 5340 glossemate

43 5341 328 5406 natum,
354 5337 496 5411 hinc
515 5337 760 5410 quoque
779 5337 1072 5411 intelligas
1102 5339 1266 5411 quod
1294 5337 1591 5411 alexdrini
1618 5341 1702 5394 in-

43 5410 481 5490 ga_rp_rr.‘lsaj._
494 5408 635 5490 xix,
651 5408 739 5478 24,
759 5425 867 5490 pro
885 5408 1361 5490 pabulo—(16914;)
1382 5415 1700 5483 usurpant.

42 5479 376 5553 CLjBiem
411 5482 579 5537 Thes.
613 5480 657 5544 I,
685 5479 778 5553 ίρζ
804 5479 925 5538 271'.

132 5549 273 5625 (25)
306 5552 580 5630 Ἐνέργιαν
633 5549 808 5611 Vind.
835 5552 1008 5621 Quod
1045 5556 1223 5614 antea
1251 5556 1456 5613 κίνησιν
1484 5551 1698 5614 iterato

147 5651 429 5728 Quae!"
473 5653 578 5712 Gn.
619 5652 767 5710 CXL.

1807 5053 1954 5109 dixit
1975 5048 2306 5125 Nathanael
2341 5067 2355 5118 ;
2386 5049 2612 5125 vidude
2654 5051 2773 5125 hoc
2825 5044 3176 5125 discrimine
3211 5040 3457 5125 doctum

1807 5125 2187 5196 interpretem
2215 5115 2495 5196 Graecum
2515 5124 2865 5196 Topicog'ugn
2889 5115 3236 5196 Aristotelis,
3255 5129 3320 5196 ρ.
3353 5115 3457 5196 3λὸ

1809 5183 1994 5267 Sylb';
2018 5207 2200 5267 quem
2225 5191 2430 5267 locum
2461 5183 2775 5267 descripsit
2804 5190 3017 5267 Suidas
3046 5193 3176 5267 lup.
3206 5183 3460 5267 752r'Ex

1811 5256 1927 5322 alio
1957 5256 2273 5336 interprete
2311 5263 2635 5337 Aristotelis
2659 5256 2809 5337 'alia
2834 5256 3077 5337 exhibet
3098 5256 3305 5337 Zonar.
3333 5256 3462 5337 gen;

1813 5338 1916 5393 Gr.
1939 5354 2002 5410 p.
2033 5324 2134 5393 723
2165 5350 2317 5410 sep.,
2341 5333 2598 5410 docente
2637 5333 2994 5410 Tittmanno.
3029 5329 3305 5410 Sequitur
3332 5324 3462 5410 ibid

1809 5426 1870 5482 p.
1909 5399 2010 5482 ἠδ
2043 5422 2167 5480 sep.
2198 5399 2534 5464 luculentus
2568 5405 2631 5462 in
2660 5403 2940 5461 eamdem
2973 5419 3102 5460 rem
3126 5399 3297 5459 locus
3327 5399 3464 5455 Gre-

1813 5480 1964 5553 gorii
2001 5483 2278 5553 Nysseut.

3304 5638 3376 5696 45
