4064 6308
134 364 276 420 1425

1360 361 1522 418 ADV.
1562 360 1913 421 PLOTINUM
1950 363 2043 423 DE
2095 369 2321 426 ΑΝΙΜΑ

128 487 532 560 ὑποτιθεμένους
582 483 613 545 ᾖ
660 484 975 557 ἐννοοῦντας,
1030 485 1125 540 οῦκ
1188 488 1299 541 ἔστι
1366 493 1545 540 τοῦτον
1621 489 1708 540 τὸν
1791 489 1980 562 τρόπον

3357 375 3494 429 1426

2048 513 2062 527 ο
2117 499 2247 566 μήτι
2310 513 2371 567 γε
2429 497 2517 548 καὶ
2573 495 2658 548 τὸν
2713 500 2830 548 νοῦν
2891 495 3192 568 φθείρεσθαι
3253 497 3492 550 τίθεσθαι

125 581 221 630 καὶ
250 582 401 642 νοεῖν,
426 573 604 628 Ἔστιν
639 570 726 628 οὖν
766 572 844 627 ἀεὶ
872 579 961 628 καὶ
1000 573 1264 648 ἐπιστήμη
1306 581 1452 629 πᾶσα
1471 579 1561 629 καὶ
1590 577 1620 634 ἡ
1649 575 1765 628 κατ’
1794 576 1956 638 αὑτήν
1977 585 2155 656 μνήμη
2187 589 2275 638 καὶ
2304 587 2485 648 νόησις
2514 583 2563 636 ἐν
2590 583 2769 657 ψυχῇ,

207 663 274 730 ς’.
324 666 527 718 Τούτου
586 659 642 716 δ’
691 666 834 725 ὄντος
881 669 970 718 καὶ
1016 661 1481 738 ἀποδεδειγμένου,
1521 663 1641 718 οὔτε
1679 667 1734 717 τὸ
1765 667 1811 721 Α

130 753 600 828 ἅναμιμήσκεσθαι
676 763 768 811 τήν
844 752 1032 826 ψυχήν
1112 757 1252 808 ἐστιν
1309 751 1572 828 οὐδαμῶς,
1620 761 1738 808 οῦτε

122 847 186 899 τὸ
215 844 602 918 προϋφεστάναι
630 846 826 902 ταύτην
874 851 966 897 τοῦ
1020 843 1155 906 ζώου
1207 851 1300 899 τοῦ
1348 849 1736 918 μετεσχηκότος

127 935 294 997 αὐτῆς
345 955 358 969 ο
413 934 568 986 πόθεν
621 928 673 986 δ’
722 935 959 1008 ἔτέρωθεν
1035 935 1160 1006 ἡμῖν
1230 935 1278 971 ³⁸
1339 933 1635 987 ἀπαντῶσιν
1681 939 1736 991 αἱ

127 1025 179 1060 ⁸9
259 1021 548 1095 ἐπιστῆμαι
627 1018 794 1095 μηδεν
876 1026 1122 1099 πρότερον
1189 1029 1303 1098 περὶ
1387 1023 1553 1077 αύτῶν
1600 1020 1737 1077 εἰδό-

127 1130 272 1180 σιν;
323 1111 470 1184 Ἐμοὶ
544 1107 736 1182 δοκεῖν,
809 1112 887 1164 ὅτι
945 1116 1119 1186 ὡσπερ
1173 1117 1238 1166 σὺ
1290 1109 1736 1188 προδημιουργῶν

123 1202 222 1264 τὰς
279 1200 464 1272 ψυχὰς
543 1209 644 1253 τῶν
699 1203 950 1274 σωμάτων
1005 1201 1266 1275 λέγειςμὴ
1330 1202 1550 1274 ἀμαθεῖς
1603 1197 1739 1276 μηδ’

123 1289 300 1343 αὐτῶν
376 1297 477 1343 τῶν
558 1288 858 1363 ἐπιστημῶν
943 1288 1092 1361 εἶναι,
1173 1291 1276 1344 ἀλλ’
1367 1291 1414 1345 ἐν
1495 1293 1602 1364 ζωῇ
1660 1307 1739 1346 τε’

123 1378 240 1452 λείᾳ
323 1379 371 1416 ³ο
433 1377 605 1450 τελείῳ
687 1375 746 1432 δὲ
829 1385 918 1433 καὶ
977 1388 1046 1451 νῷ
1113 1381 1158 1417 ³⁸
1211 1381 1480 1450 τελούσας,
1544 1380 1736 1443 τελείας

127 1465 279 1536 εἶναι,
362 1474 451 1524 καὶ
524 1470 572 1506 ³³
651 1473 834 1528 νόησιν
941 1477 1117 1524 πᾶσαν
1216 1477 1307 1524 καὶ
1411 1471 1730 1545 ἐπιστήμην,

126 1557 264 1610 οὕτω
296 1554 363 1617 δή
414 1557 574 1632 κάμοὶ
624 1555 1064 1633 ἀποδεδειγμένου
1124 1559 1540 1633 συγγεγένῆσθαι
1600 1569 1728 1614 ταῦ-

125 1667 223 1710 τας
266 1652 356 1701 καὶ
412 1650 772 1724 συνυπάρχειν
825 1656 934 1712 τοῖς
1000 1653 1288 1723 μετεχουσι
1338 1651 1510 1720 ζώοις,
1577 1647 1728 1704 οὐδὲν

127 1735 338 1791 ἔλαττον
377 1737 578 1799 ταλείας
636 1740 795 1798 οὔσας
850 1739 988 1799 ζωήν
1036 1743 1124 1792 καὶ
1175 1748 1314 1807 νοῦν,
1360 1739 1555 1802 τελείας
1598 1737 1728 1793 εἶναι

127 1831 219 1880 καὶ
279 1831 374 1886 τήν
453 1827 744 1900 ἐπιστήμην
789 1829 837 1864 ³³
886 1834 975 1882 καὶ
1017 1835 1110 1889 τὴν
1178 1839 1372 1902 γνῶσιν
1427 1831 1588 1894 αὐτῆς
1654 1832 1723 1887 ³⁸.

125 1917 195 1970 Ἤ
251 1922 390 1981 τίνος
444 1919 602 1971 ἕνεκεν
651 1919 757 1991 οὐχ
815 1919 974 1982 οὕτως
1019 1936 1032 1987 ;
1090 1920 1226 1975 Ἀλλ’
1294 1917 1504 1984 οὐδενὸς
1557 1919 1725 1995 οἶμαι,

1216 1477 1307 1524 καὶ

1916 673 1970 728 6.
2013 672 2155 737 Quae
2186 689 2313 730 cum
2344 673 2574 740 itasint,
2604 673 3154 730 utdemonstratum
3171 677 3492 748 est,neque

1844 760 2144 818 recordari
2168 763 2436 820 animam
2493 761 2935 819 admittendum
2983 767 3072 819 est
3116 779 3313 836 neque
3356 780 3492 820 eam

1845 847 2092 906 animali
2116 866 2251 909 eam
2291 852 2613 909 continenti
2639 851 3062 924 praeexsistere.
3089 853 3258 908 Unde
3289 859 3492 909 autem

1845 945 2165 997 occurrunt
2204 941 2462 998 scientiae
2482 940 2660 998 nobis
2686 941 2852 1014 prius
2913 939 3061 997 nihil
3117 941 3439 997 scientibus
3463 943 3494 1002 ?

1848 1027 1915 1082 Ut
1945 1028 2089 1086 mihi
2147 1031 2404 1098 videtur,
2453 1030 2974 1104 quemadmodum
3022 1035 3104 1096 tu,
3161 1031 3492 1087 animarum

1844 1119 2382 1189 praeexsistentiam
2414 1119 2660 1186 docens,
2683 1135 2784 1176 eas
2796 1135 2918 1176 non
2932 1119 3494 1190 scientiarumigna-

1845 1222 1944 1263 ras
1973 1208 2141 1277 dicis,
2194 1211 2301 1266 sed
2359 1211 2649 1284 quoniam
2710 1211 2825 1266 vita
2885 1209 3144 1284 perfecta
3191 1215 3246 1266 et
3300 1214 3496 1268 mente

1845 1296 2106 1368 perfecta
2145 1299 2409 1372 praedita:
2441 1301 2574 1366 sint,
2617 1299 2910 1372 perfectas
2953 1315 3197 1372 quoque
3248 1316 3376 1356 esse
3402 1316 3499 1357 co-

1844 1385 2127 1454 gitatione
2154 1403 2223 1443 ac
2250 1389 2516 1452 scientia,
2544 1389 2624 1444 ita
2681 1389 2827 1444 mihi
2876 1388 3361 1444 demonstratum
3409 1393 3498 1446 est

1841 1489 1942 1530 eas
1973 1477 2254 1533 connasci
2321 1483 2379 1532 et
2433 1477 2694 1549 incipere
2768 1492 2892 1533 una
2943 1493 3081 1533 cum
3129 1478 3495 1534 animalibus

1837 1578 1971 1635 quae
1997 1580 2101 1620 eas
2131 1565 2454 1638 accipiunt,
2503 1571 2719 1622 etcum
2772 1565 3162 1621 nihilominus
3222 1567 3496 1638 perfectae

1836 1653 1954 1708 sint
1985 1653 2106 1711 vita
2137 1670 2206 1710 ac
2235 1660 2452 1725 mente,
2500 1655 2582 1711 ita
2639 1654 2931 1727 perfectas
2975 1670 3103 1710 esse
3155 1655 3400 1713 scientia
3442 1661 3500 1714 et

1835 1741 2194 1811 cognitione.
2226 1747 2342 1799 Aut
2365 1758 2554 1816 quare
2580 1758 2704 1799 non
2746 1742 2908 1799 idita
2959 1744 3161 1798 esset?
3206 1742 3492 1800 Profectov

1834 1835 1899 1886 ut
1935 1831 2169 1904 opinor,
2204 1847 2400 1905 neque
2426 1836 2490 1889 tu
2516 1831 2882 1888 contrarium
2909 1830 3158 1901 diceres,
3180 1846 3377 1904 neque
3390 1832 3496 1888 de-

1835 1925 2228 1980 monstrares.
2245 1923 2442 1977 Restat
2464 1921 2644 1991 igitur
2657 1930 2742 1988 ut,
2761 1920 3284 1993 quemadmodum
3301 1921 3499 1994 ipsum

128 2003 245 2062 οὐδ’
297 2006 357 2060 ἂν
409 2011 476 2059 σὺ
529 2011 685 2080 φαίης
732 2005 849 2061 οὐδ’
899 2007 960 2061 ἂν
1010 2006 1223 2073 δείξαις.
1273 2015 1519 2064 Λείπεται
1558 2017 1724 2064 τοίνυν

1836 2009 2061 2067 animal
2089 2009 2246 2066 hanc
2292 2009 2717 2081 intelligentem
2765 2009 3034 2065 animam
3097 2009 3406 2064 continens
3438 2015 3498 2065 et

129 2098 303 2170 ὥσπερ
369 2096 496 2150 αύτὸ
577 2099 636 2149 τὸ
728 2097 859 2158 ζῶον
944 2101 1010 2150 τὰ
1069 2106 1247 2174 νοερᾶς
1302 2103 1498 2163 ταύτης
1541 2099 1729 2173 ψυχῆς

128 2189 371 2258 μετέχον,
468 2185 765 2249 αἰσθήσεως
837 2186 890 2239 ὃν
975 2191 1124 2258 ζῶον,
1195 2185 1345 2240 οὐδὲν
1401 2193 1490 2261 μεν
1545 2189 1729 2242 τέλειον

128 2275 265 2326 κατὰ
341 2276 535 2333 ταύτην
613 2279 708 2334 τὴν

132 2363 452 2420 αἰσθητικῶν

801 2277 1054 2333 αἴσθησιν
1132 2275 1339 2352 ἐνεργεῖ,
1421 2281 1579 2347 μήπω
1631 2287 1730 2331 τῶν

567 2361 795 2436 ὀργάνων
872 2364 1256 2437 τετελεσμένων,
1363 2367 1730 2440 προαχθέντων

131 2447 184 2503 δ’
217 2449 284 2511 εἰς
313 2458 466 2503 τοῦτο
503 2450 697 2517 τέλους,
760 2451 864 2504 τοτ’
909 2451 1022 2505 ἐστὶ
1088 2458 1176 2505 καὶ
1228 2458 1415 2514 παντὸς
1475 2462 1566 2507 τοῦ
1617 2439 1730 2506 κατ’

133 2541 385 2597 αἴσθησιν
417 2537 802 2606 ἆντιληπτικὸν,
832 2541 966 2593 οὕτω
1007 2537 1074 2599 δή
1135 2547 1225 2594 καὶ
1281 2551 1416 2613 νοῦν,
1470 2541 1522 2606 ἐξ
1574 2543 1734 2604 αὐτῆς

129 2627 309 2703 ἀρχῆς
357 2626 764 2702 ἀναμεμιγμένον
841 2635 931 2682 καὶ
990 2636 1494 2706 συνανακεκραμένον
1546 2633 1732 2691 αἰσθή-

123 2735 205 2771 σει
251 2721 342 2770 καὶ
415 2723 636 2790 σώματι,
718 2722 808 2770 καὶ
873 2717 1060 2771 τέλειον
1109 2721 1233 2772 ὁντα
1295 2721 1412 2772 κατ’
1472 2721 1602 2774 ἄλλα
1645 2716 1734 2774 καὶ

120 2807 284 2864 αὐτὴν
355 2809 449 2865 τήν
537 2804 854 2880 ἐπιστήμην,
925 2807 1124 2860 τελείων
1197 2805 1405 2863 δεῖσθαι
1481 2815 1570 2863 καὶ
1635 2819 1735 2866 τῶν

121 2895 376 2969 ὀργάνων,
429 2891 503 2947 δι’
555 2915 623 2948 ων
676 2895 737 2948 ἂν
790 2900 879 2949 καὶ
933 2899 1064 2968 μετὰ
1121 2902 1362 2970 σώματος
1429 2896 1591 2963 δείξοι
1642 2902 1705 2956 τὴ

113 2985 169 3039 ἐν
249 2985 432 3048 αύταίς
489 2984 800 3059 ἐπιστήμαις
853 2983 1074 3059 δύναμιν
1145 2987 1304 3040 αὐτοῦ
1363 2990 1408 3024 ⁸⁵
1454 2995 1543 3042 καὶ
1600 2959 1738 3064 ἐνεερῖ

121 3092 296 3146 γειαν.
384 3072 622 3149 Ὀργανα
704 3071 754 3127 δ’
831 3074 914 3128 ἐπὶ
988 3078 1200 3139 ταύταις
1267 3075 1360 3129 εἶεν
1416 3076 1477 3130 ἄν
1523 3077 1733 3162 ψυχῆς,

109 3162 420 3238 ποῤῥὼτερα
479 3167 593 3236 μὲν,
664 3165 918 3227 αἴσθησις
975 3169 1067 3218 καὶ
1133 3167 1160 3224 ἣ
1222 3163 1274 3229 ἐξ
1324 3166 1488 3228 αὐτῆς
1545 3187 1735 3240 φαντας

113 3257 234 3320 σία,
313 3253 473 3314 αὐτῆς
545 3254 592 3289 ⁸⁸
679 3250 728 3306 δ’
804 3254 949 3315 εὐθὺς
1021 3253 1280 3328 ἐξημμίνα
1372 3257 1636 3317 κάκείναις
1680 3257 1724 3292 ⁸⁷

1838 2098 2141 2164 sensibile,
2169 2098 2318 2154 nihil
2348 2104 2548 2155 tamen
2614 2097 2942 2170 perfectum
2999 2113 3104 2170 per
3160 2097 3273 2152 hos
3332 2099 3497 2170 ipsos

1838 2203 2053 2242 sensus
2107 2192 2411 2260 operatur,
2507 2186 2781 2244 nondum
2849 2185 3123 2258 perfectis
3207 2201 3498 2242 sensuum

1838 2277 2112 2346 organis;
2133 2282 2456 2350 postquam
2478 2283 2679 2332 autem
2697 2275 2772 2330 ad
2790 2275 3216 2348 perfectionem
3235 2273 3500 2331 adducta

1840 2370 1998 2436 sunt,
2032 2370 2171 2421 tunc
2192 2366 2464 2421 omnium
2486 2380 2622 2436 quae
2667 2363 3002 2420 secundum
3052 2378 3296 2419 sensum
3357 2368 3500 2419 sunt

1839 2469 2034 2527 capax
2072 2459 2178 2522 est,
2211 2454 2295 2510 ita
2333 2459 2390 2511 et
2421 2469 2589 2510 mens
2631 2453 2708 2509 ab
2754 2453 2922 2509 initio
2951 2452 3219 2511 immista
3248 2457 3304 2508 et
3349 2468 3495 2508 con-

1840 2543 1974 2600 fusa
2000 2561 2138 2600 cum
2170 2543 2445 2600 sensibus
2511 2548 2569 2600 et
2621 2558 2892 2616 corpore,
2945 2542 3050 2598 etsi
3110 2542 3370 2614 perfecta
3425 2541 3499 2599 sit

1839 2633 2085 2706 reliquis
2107 2638 2166 2690 et
2201 2635 2334 2706 ipsa
2358 2633 2625 2700 scientia,
2677 2632 2952 2705 perfectis
3009 2637 3212 2688 tamen
3249 2629 3494 2702 organis

1842 2727 2013 2793 egeat
2038 2738 2145 2795 per
2173 2739 2309 2796 quae
2331 2721 2509 2778 simul
2549 2738 2687 2778 cum
2721 2736 2976 2794 corpore
3016 2719 3290 2776 ostendat
3319 2735 3495 2776 suam

1843 2811 1902 2867 in
1931 2812 2063 2884 ipsa
2095 2811 2341 2868 scientia
2395 2811 2671 2867 virtutem
2731 2814 2787 2866 et
2847 2808 3200 2866 efﬁcaciam.
3257 2810 3496 2878 Organa

1845 2905 2048 2956 autem
2074 2900 2146 2955 iis
2175 2899 2555 2956 inservientia
2576 2915 2710 2970 quae
2728 2897 2965 2966 longius
2988 2897 3066 2953 ab
3087 2897 3290 2952 anima
3311 2899 3491 2966 stant,

1845 2993 1982 3046 sunt
2011 3004 2221 3057 sensus
2254 2993 2310 3044 et
2339 2987 2660 3060 phantasia
2685 3006 2696 3054 ;
2725 3003 2861 3058 qua:
2896 2989 3095 3042 autem
3123 2985 3236 3057 ipsi
3274 2984 3491 3040 animus

1843 3078 2159 3134 adhaerent
2199 3083 2257 3133 et
2290 3075 2766 3150 praecedentibus
2799 3075 2978 3130 mista
2998 3078 3167 3136 sunt,‘
3215 3072 3491 3143 cogitatio

1841 3171 1897 3222 et
1942 3167 2168 3238 opinio.
2227 3165 2466 3222 Talibus
2551 3163 2795 3235 organis
2834 3179 3004 3219 mens
3070 3161 3381 3218 scientiam
3426 3161 3490 3217 in

1837 3255 2195 3328 corporibus
2223 3259 2522 3327 operatur,
2570 3259 2625 3309 et
2679 3257 2834 3308 recte
2886 3251 3131 3324 quidem
3186 3256 3484 3324 operatur,

110 3343 300 3415 μικτὰ,
358 3338 567 3394 διάνοια
612 3347 704 3395 καὶ
758 3339 908 3406 δόξα.
973 3346 1119 3397 Μετὰ
1173 3352 1273 3396 τῶν
1323 3347 1566 3397 τοιούτων
1614 3353 1724 3408 νοῦς

1836 3344 2085 3416 quando
2128 3348 2284 3399 recte
2311 3359 2374 3398 se
2402 3342 2626 3398 habent
2652 3341 2750 3397 illa
2775 3357 3006 3411 organa
3055 3359 3069 3409 ;
3109 3340 3256 3396 nihil
3288 3345 3489 3396 autem

109 3431 413 3502 ἐπιστήμας
466 3428 513 3482 ἐν
579 3439 690 3493 τοῖς
748 3436 986 3503 σώμασιν
1078 3430 1268 3506 ἐνεργεῖ
1321 3452 1335 3467 υ
1392 3437 1482 3484 καὶ
1537 3432 1729 3507 ἐνεργεῖ

105 3523 206 3594 μὲν
261 3517 334 3585 εὖ,
392 3519 560 3582 καλῶς
633 3517 700 3579 δή
751 3525 842 3573 καὶ
896 3529 996 3573 τῶν
1059 3522 1292 3596 ὀργάνων
1348 3522 1542 3574 τούτων
1601 3525 1724 3594 ἐχόν

103 3629 213 3662 των
243 3609 292 3644 ³⁸
322 3630 334 3642 ο
367 3605 517 3664 ούδεν
559 3606 613 3662 δ’
666 3611 902 3683 ἄριστον,
952 3617 1044 3662 τοῦ
1097 3609 1314 3683 ἀρίστου
1351 3630 1408 3682 γε
1450 3616 1539 3663 καὶ
1605 3614 1722 3663 τού-

100 3719 212 3752 των
239 3695 668 3770 ἀπολειπομένων.
708 3701 882 3771 Ταύτῃ
935 3718 1016 3751 τοι
1071 3704 1160 3750 καὶ
1199 3701 1343 3751 ἔστιν
1399 3698 1447 3750 ἐν
1503 3701 1582 3760 οἷς
1631 3702 1722 3771 μὲν

102 3783 323 3848 οὐδενὸς
400 3795 499 3839 τῶν
579 3785 909 3860 βοηθούντων
978 3787 1126 3848 ἐκτὸς
1176 3784 1366 3855 δεῖται,
1413 3787 1521 3840 ἀλλ’
1566 3788 1722 3850 αύτός

101 3879 362 3949 ἀποχρῶν
425 3874 564 3928 ἐστιν
620 3876 810 3946 ἐαυτῷ,
867 3884 960 3928 τοῦ
1039 3875 1476 3950 ἐπιπροσθοῦντος
1529 3881 1720 3939 παντὸς

106 3970 288 4040 ὥσπερ
338 3963 610 4036 ἀνακύψας
669 3986 682 4000 ·
755 3964 804 4017 ἐν
861 3968 936 4028 οἷς
993 3962 1053 4018 δὲ
1100 3971 1189 4019 καὶ
1249 3974 1341 4018 τοῦ
1397 3965 1720 4039 βοηθοῦντος

106 4055 295 4118 ἔξωθεν
341 4050 531 4115 δεῖται,
596 4056 701 4126 οὐχ
747 4057 812 4115 ὡς
873 4054 1270 4127 ἐπιλελησμένος
1316 4064 1416 4107 τῶν
1461 4075 1718 4131 προεγνω-

113 4147 319 4196 σειὲνων
348 4142 489 4214 αύτῷ
531 4138 723 4207 δεῖται,
765 4143 876 4195 αλλ’
933 4143 1066 4197 ὥστε
1117 4147 1174 4197 τὸ
1233 4144 1561 4219 προπλασθὲν
1613 4150 1714 4198 πᾶν

106 4236 204 4286 καὶ
259 4235 483 4307 κρύπτον
539 4233 696 4294 αὐτὸς
760 4237 953 4306 σαρκὸς
1000 4236 1167 4306 πάχει
1214 4235 1262 4269 ³9
1316 4239 1405 4288 καὶ
1459 4234 1585 4296 ύλης
1625 4256 1714 4308 μι-

99 4325 267 4394 γέντα
323 4317 613 4380 δυνηθῆναι
666 4322 839 4396 ῥᾷστα
887 4322 1045 4398 ῥῆξαι
1112 4328 1201 4376 καὶ
1267 4321 1573 4388 ἀποθέσθαι,
1623 4329 1713 4377 καὶ

97 4410 341 4484 καθάπερ
390 4417 491 4484 πῦρ
567 4415 779 4482 σώμασι
845 4406 912 4468 δή
971 4431 1110 4464 τισιν
1155 4410 1432 4485 ἐμφαλεῦον
1480 4415 1712 4483 παχυτέ·

95 4518 223 4574 ροις
281 4506 341 4571 τῇ
402 4501 546 4560 ἐκτὸς
593 4498 766 4572 πληγῇ
829 4498 1130 4572 ἐκραγῆναι,
1202 4506 1291 4553 καὶ
1347 4504 1405 4553 τὸ
1464 4500 1512 4553 ἐν
1569 4501 1708 4570 αὐτῷ

93 4591 392 4662 γνωστικὸν
473 4597 578 4660 φῶς
661 4590 780 4640 ὅσον
851 4592 938 4641 καὶ
989 4587 1114 4655 οἷον,
1177 4588 1471 4662 ἐπιστήμην
1531 4595 1707 4642 πᾶσαν

1835 3432 2090 3504 excellit,
2118 3433 2225 3487 ubi
2259 3449 2330 3488 ea
2349 3447 2469 3487 non
2528 3431 2834 3487 excellunt.
2881 3429 3044 3486 Unde
3095 3429 3163 3485 ﬁt
3215 3434 3281 3485 ut
3320 3429 3486 3485 nullo

1833 3526 2078 3576 externo
2109 3520 2330 3576 auxilio
2357 3520 2641 3590 indigeat,
2673 3521 2776 3576 sed
2804 3519 2914 3575 sibi
2940 3520 3072 3592 ipsa
3105 3517 3383 3584 sufﬁciat,
3407 3517 3484 3574 ab

1831 3610 2114 3666 omnibus
2143 3609 2470 3666 obstaculis
2494 3626 2668 3682 quast
2726 3625 3036 3679 emergens
3086 3626 3100 3664 :
3157 3608 3484 3681 aliquando

1831 3703 2030 3755 autem
2062 3704 2304 3755 externo
2330 3699 2553 3755 auxilio
2591 3698 2836 3770 indiget,
2891 3714 3008 3753 non
3071 3697 3237 3769 quod
3296 3697 3482 3752 oblita

1830 3789 1905 3845 sit
1933 3805 2141 3844 eorum
2171 3805 2306 3860 quae
2328 3789 2493 3860 prius
2527 3792 2792 3856 noverat,
2818 3787 2921 3842 sed
2961 3793 3024 3842 ut
3053 3790 3185 3841 ante
3208 3801 3269 3840 se
3327 3786 3482 3857 plas-

1828 3881 2063 3933 matum
2093 3877 2242 3932 illud
2265 3877 2431 3950 quod
2463 3893 2597 3933 eam
2633 3877 2828 3931 carnis
2853 3874 3118 3931 crassitie
3149 3873 3480 3928 circumdat

1828 3969 1884 4021 et
1907 3967 2218 4022 materiam
2247 3965 2626 4021 commistam
2653 3963 2824 4019 facile
2848 3962 3046 4018 valeat
3092 3961 3366 4031 frangere
3405 3977 3476 4016 ac

1825 4056 2146 4129 deponere,
2165 4055 2641 4127 etquemadmod
2653 4070 2751 4109 um
2771 4053 2924 4122 ignis
2939 4051 3304 4125 quibusdam
3319 4067 3477 4106 cras-

1826 4146 2082 4202 sioribus
2129 4145 2453 4213 involutus,
2506 4150 2749 4200 externo
2797 4144 2936 4208 ictu,
2996 4142 3362 4211 effringatur,
3419 4145 3477 4197 et

1823 4235 1965 4292 illud
1988 4235 2276 4292 noscendi
2303 4234 2508 4290 lumen
2542 4232 2788 4306 quodin
2819 4248 2891 4288 ea
2926 4236 3034 4301 est,
3076 4235 3372 4304 quantam
3419 4236 3474 4287 et

1821 4325 2063 4398 qualem
2086 4323 2393 4380 scientiam
2414 4321 2743 4394 adimplere
2763 4321 2975 4395 possit,
2990 4320 3282 4376 ostendat.
3309 4320 3466 4386 Ideo,

1821 4419 1883 4470 ut
1907 4413 2189 4481 diximus,
2219 4411 2846 4484 scnsusetphantasiae
2865 4427 2937 4466 ex
2968 4426 3038 4466 eo
3068 4409 3466 4486 procedentis,

1819 4501 1996 4557 simul
2017 4505 2072 4558 et
2097 4501 2469 4570 cogitationis
2489 4515 2558 4555 ac
2572 4499 2892 4572 opinionis,
2921 4499 2999 4555 ad
3028 4500 3255 4554 entium
3283 4499 3468 4553 scien-

1817 4590 1960 4646 tiam
1992 4590 2551 4661 cogitationemque,
2584 4603 2699 4660 ope
2725 4588 2992 4658 indigere
3013 4588 3268 4656 videtur,
3306 4603 3463 4659 quae,

92 4676 333 4750 πληροῦν
364 4673 554 4739 δεῖξαι.
586 4679 680 4730 Διά
717 4683 870 4729 τοῦτο
922 4682 1012 4729 καὶ
1052 4678 1118 4728 ὧν
1175 4679 1362 4752 ἔφημεν
1412 4677 1706 4742 αἰσθήσεώς

1835 4684 1879 4736 1t
1914 4679 1996 4736 ita
2017 4679 2236 4747 dicam,
2291 4693 2424 4734 eam
2475 4677 2689 4733 feriunt
2743 4678 2994 4733 materia
3040 4676 3372 4733 involutam
3410 4679 3468 4730 et

92 4786 156 4820 τε
181 4771 382 4828 καὶτῆς
408 4765 460 4830 ἐξ
489 4766 652 4829 αὐτῆς
710 4772 998 4840 φαντασίας
1047 4767 1157 4840 οἶμα
1207 4764 1265 4820 δὲ
1328 4771 1419 4820 καὶ
1473 4763 1705 4830 διανοίας

90 4858 189 4910 καὶ
220 4851 403 4924 δόξης,
428 4859 560 4930 πρὸς
587 4859 682 4914 τὴν
721 4864 820 4908 τῶν
874 4857 1031 4908 ὀντων
1083 4855 1378 4930 ἐπιστήμην
1429 4860 1519 4908 καὶ
1569 4866 1704 4928 γνῶ-

92 4965 206 5010 σιν,
239 4942 286 4996 ἐν
316 4949 477 5018 χρείᾳ
519 4942 693 5003 δήπου
746 4947 1010 5006 καθεστὼς
1049 4950 1301 5018 φαίνεται,
1358 4945 1700 5004 πλησσόντων

85 5036 273 5110 ὥσπερ
342 5033 504 5086 αὐτὸν
582 5032 992 5109 ἐγκεκρυμμένον
1051 5041 1113 5107 τῇ
1179 5035 1273 5108 ὕλη
1326 5038 1417 5087 καὶ
1472 5033 1700 5109 ἀπορρη-

1813 4768 2156 4838 effringunt,
2190 4770 2247 4822 et
2266 4765 2394 4837 ejus
2423 4765 2619 4822 lucem
2669 4765 2748 4821 ad
2787 4765 3046 4822 scientiae
3099 4761 3464 4834 contempla-

1811 4857 2034 4915 tionem
2056 4855 2624 4927 meditationemque
2671 4858 2944 4910 evocant.
2978 4852 3140 4916 inde,
3168 4867 3305 4907 mea
3329 4849 3461 4921 qui-

1807 4947 1947 5003 dem
1987 4945 2299 5007 sententia,
2331 4944 2594 5000 scientiaa
2633 4941 2891 5014 cognitio
2952 4939 3130 4996 nobis
3193 4936 3457 4994 advenit.

1805 5081 1826 5134 Ῑ

1829 5035 1948 5092 nde
1974 5049 2145 5090 mens
2167 5049 2303 5091 eam
2326 5048 2464 5090 cum
2488 5046 2738 5104 corpore
2765 5029 2985 5100 cogitat
3009 5032 3067 5084 et
3087 5026 3301 5083 rationi
3323 5040 3458 5083 eam

1495 5265 1714 5332 Variae
1761 5263 2070 5332 lections.

158 5541 208 5577 ’³
234 5541 465 5612 ὑστέρως
494 5537 803 5595 additVat.
875 5541 930 5612 f9
957 5540 1011 5591 αἱ
1033 5537 1265 5612 abesta
1293 5541 1422 5612 _Vat._

69 5609 215 5668 έῖναι
293 5609 387 5670 τήν
445 5610 618 5666 ἐπιστ.
669 5613 793 5665 Vat.
870 5610 918 5645 ³⁸
983 5610 1116 5663 αὐτὰ
1165 5609 1332 5667 Vind.

79 5683 135 5718 ³⁸
163 5690 267 5735 τῶν
299 5679 360 5735 δι
388 5690 489 5735 τῶν
510 5681 738 5756 ὀργάνων
768 5681 992 5752 ἐχόντων
1020 5684 1147 5738 Vat.
1224 5684 1270 5716 ⁵³
1303 5681 1456 5751 πάχη
1486 5682 1656 5739 Vind.

1497 5539 1546 5574 ³ο
1585 5539 1789 5603 τελείως
1813 5540 1966 5596 Vind
1977 5581 1991 5596 .

1412 5610 1458 5644 ³³
1517 5611 1678 5663 αύτοῦ
1737 5627 1860 5669 non
1917 5616 2008 5668 est
2063 5612 2126 5667 in
2179 5612 2301 5666 Vat.

2067 5541 2108 5578 ³¹
2151 5541 2228 5592 νοῖ
2260 5539 2383 5595 Vat.
2462 5537 2508 5570 ³³
2563 5535 2698 5586 κατὰ
2745 5532 2930 5590 Vind.
3014 5533 3062 5567 ³³
3111 5536 3202 5585 καὶ
3255 5530 3449 5592 τελείας

2378 5609 2426 5644 ³⁸
2485 5605 2645 5658 αὐτοῦ
2702 5607 2827 5662 Vat.
2904 5605 2947 5640 ⁸⁷
3003 5603 3261 5666 κάκείνοις
3317 5605 3445 5671 Vat,
