4064 6308
517 297 542 348 1
557 299 660 350 427
1859 289 2190 347 NICEPHOF

2305 287 2558 344 lHUIlNI.
3760 288 3888 340 1428

523 419 716 478 tradit.
738 432 932 489 neque
949 422 1039 471 est
1071 416 1167 471 illa
1190 416 1540 486 recordatio,
1576 432 1770 488 neque
1793 415 1992 470 oblitae
2011 430 2176 468 men-

2305 414 2528 480 ννὺντων,
2558 417 2648 463 καί
2672 431 2729 482 γε
2759 416 2846 470 τὴν
2873 411 2928 474 ἐξ
2956 410 3115 462 αὐτοῦ
3155 417 3345 480 ψαῦσιν
3373 411 3486 477 (34)
3547 409 3638 461 ἐπὶ
3695 414 3792 468 τήν
3851 411 3890 443 ιδ

526 510 587 572 ti,
618 507 947 562 secundum
983 511 1238 560 vestram
1284 506 1665 573 sententiam,
1699 503 2055 577 supervenit.
2115 503 2180 556 Et

2305 508 2380 561 ’ῆς
2433 499 2729 572 ἐπιστήμην
2789 501 2906 553 θέαν
2963 506 3052 552 καὶ
3103 505 3417 555 κατανόησιν
3479 498 3890 570 ἐκκαλουμένων,

527 598 610 651 sic
635 597 809 664 igitur
846 595 1188 649 confutatur
1227 600 1283 649 et
1303 594 1551 650 solvitur
1571 594 1671 649 illa
1701 594 1924 664 opinio,
1961 606 2177 660 nempe

526 685 830 740 scientiam
855 699 982 737 esse
1004 682 1478 738 recordationem
1503 682 1805 738 etanimas
1822 679 2176 751 corporibus

524 774 1056 845 praaexistere,qure
1078 771 1220 826 nihil
1249 777 1383 826 ante
1399 787 1650 843 corpora
1673 771 1793 825 ullo
1821 769 2002 824 modo
2019 773 2176 822 sunt.

528 861 862 933 ἀναμνησεῶς
946 861 1107 920 αὐτῆς
1189 863 1368 924 οὔσης,
1426 861 1546 932 μήτ’
1598 859 1975 930 ἐπιλελησμένῳ
2035 859 2074 890 ⁴¹
2137 864 2226 925 νὼ,
2274 859 2407 908 κατά
2479 877 2536 927 γε
2600 862 2687 909 τὸν
2743 859 2886 929 ὑμῶν
2939 857 3110 928 λόγον,
3157 855 3509 927 ἐγγινομένης.
3577 861 3688 908 Καὶ
3731 862 3896 908 τοίνυν

2289 591 2564 655 Ἐντεῦθεν,
2617 592 2754 642 κατά
2821 609 2880 661 γε
2931 595 3018 640 τὸν
3066 588 3184 660 ἐμὸν
3210 588 3380 657 λόγον.
3413 587 3723 660 ἐπιστήμης
3779 592 3892 661 ἡμῖν

2287 677 2543 748 ἆγγίνεται
2616 689 2826 749 γνῶσις.
2914 679 3172 732 Ἐντεῦθεν
3253 686 3370 739 νοῦς
3443 681 3535 729 καὶ
3605 687 3740 730 νοῶν
3788 680 3896 729 ἐστι

2287 770 2418 838 μετά
2467 774 2708 840 σώματος
2763 772 2979 833 ταύτην,
3035 772 3124 820 καὶ
3171 762 3489 839 μεταδιδοὺς
3551 766 3718 838 λόγῳ,
3781 771 3893 838 μέτ’

526 952 660 1002 οὕτω
735 969 794 1020 γε
881 956 969 1002 καὶ
1037 946 1400 1020 διελήλεγκται
1456 953 1540 1000 καὶ
1584 948 1791 1000 λέλυται
1855 955 1913 999 το
1969 965 2023 998 τε
2082 947 2167 1006 τὰς
2221 943 2511 1018 ἐπιστήμας
2568 945 2878 1019 ἀναμνήσεις
2924 943 3072 1015 εἶναι,
3112 951 3203 998 καὶ
3239 950 3298 997 τὸ
3326 949 3417 1006 τὰς
3439 945 3633 1016 ψυχὰς
3652 950 3760 1021 πρὸ
3809 957 3894 998 τῶν

530 1043 781 1111 σωμάτων
803 1044 932 1110 μήτι
961 1057 1020 1108 γε
1048 1034 1309 1110 μηδαμῶς
1331 1042 1505 1107 οὔσας,
1541 1038 1767 1108 νομίζειν
1800 1034 1946 1088 εἶναι.

599 1133 655 1181 7.
690 1129 822 1182 Haec
859 1127 1106 1198 quidem
1136 1127 1209 1181 de
1244 1127 1472 1195 origine
1522 1131 1580 1181 et
1630 1123 2184 1196 incorruptibilitate

526 1217 738 1274 animae
753 1215 910 1271 dicta
927 1222 1062 1270 sunt
1077 1215 1568 1284 eldemonstrata;
1595 1215 2186 1284 demonstratumque

530 1321 652 1362 una
689 1311 777 1360 est
805 1305 1038 1358 animas
1078 1320 1198 1358 non
1240 1305 1648 1374 praeexsistere
1676 1301 2052 1373 corporibus,
2083 1316 2184 1354 ne-

530 1410 648 1465 que
669 1410 741 1448 ex
770 1392 968 1448 aliisin
993 1392 1112 1447 alia
1134 1393 1408 1459 migrare.
1427 1391 1723 1456 Quoniam
1746 1395 1944 1444 autem
1984 1390 2186 1443 anima

532 1499 781 1554 corpore
813 1482 1007 1536 soluta
1055 1485 1261 1535 manet
1297 1497 1491 1552 neque
1525 1480 1946 1550 corrumpitur,
1992 1478 2184 1548 inqui-

2305 1496 2392 1529 ινειν
2420 1479 2491 1540 εἱς
2522 1481 2566 1513 ⁸³
2593 1480 2760 1551 ἕτερα.
2790 1481 2932 1532 Ἐπεὶ
2991 1476 3049 1531 δὲ
3096 1478 3251 1550 ψυχὴ
3301 1478 3520 1530 λυθεῖσα
3572 1487 3673 1530 τοῦ
3734 1489 3906 1551 σώμα-

532 1572 786 1627 rendum
838 1570 1013 1624 nobis
1050 1581 1157 1635 est,
1212 1570 1360 1640 quid
1416 1585 1520 1640 per
1565 1585 1626 1623 se
1661 1569 1789 1623 sola
1858 1573 2064 1622 actura
2113 1566 2186 1620 sit

2305 1586 2374 1627 τος
2441 1572 2577 1638 μένει
2633 1573 2722 1620 καὶ
2769 1569 2827 1619 οὐ
2881 1565 3212 1640 διέφθαρται,
3280 1567 3728 1641 προσεξεταοτέον
3789 1572 3904 1640 ἡμῖν

535 1666 590 1715 et
614 1675 892 1730 passura,
915 1657 1290 1730 etquomodo
1310 1658 1513 1728 ipsum
1540 1673 1718 1711 suum
1735 1673 1863 1711 esse
1880 1656 2185 1711 incolume

2305 1654 2354 1705 Ξιν
2376 1659 2476 1723 εἴη,
2509 1661 2597 1707 καὶ
2628 1661 2681 1707 τί
2714 1653 2931 1719 δήποτε,
2976 1657 3092 1708 καθ’
3151 1656 3338 1713 ἑαυτὴν
3396 1660 3670 1728 γενομένη,
3721 1654 3908 1728 δράσει

536 1753 866 1815 servatura,
895 1753 952 1802 et
988 1748 1217 1816 integra
1248 1747 1497 1802 omnino
1528 1747 1732 1801 sitnon
1758 1745 1939 1800 modo
1977 1761 2184 1800 secun-

2305 1749 2383 1796 ιιαὶ
2413 1750 2668 1809 πείσεται,
2701 1751 2790 1798 καὶ
2819 1754 2929 1805 πῶς
2953 1745 3081 1797 αὐτὸ
3119 1742 3187 1802 δὴ
3247 1751 3401 1796 τοῦτο
3451 1748 3512 1796 τὸ
3560 1747 3701 1796 εἶναι
3756 1745 3908 1814 ψυχὴ

533 1836 682 1890 dum
707 1851 880 1890 suam
913 1836 1256 1899 essentiam,
1286 1833 1388 1889 sed
1419 1840 1475 1889 et
1509 1833 1841 1888 secundum
1876 1832 2188 1888 facultates

537 1941 677 1980 cum
695 1929 750 1978 et
774 1924 886 1978 hoc
901 1923 1195 1979 habeatur
1215 1923 1352 1977 finis
1376 1929 1605 1977 natura:
1625 1922 1755 1993 ejus
1780 1937 1849 1976 ac
1871 1919 2186 1976 creationis

531 2018 616 2079 ut,
641 2012 866 2067 animal
897 2011 1247 2067 rationabile
1286 2011 1595 2077 exsistens,
1653 2009 1987 2065 secundum
2054 2023 2188 2062 sen-

533 2119 668 2157 sum
698 2107 757 2156 et
786 2101 1154 2156 voluntatem
1193 2101 1355 2156 vivat
1381 2115 1450 2154 ac
1479 2105 1774 2170 Operetur.
1825 2102 1970 2153 Cum
2029 2097 2189 2153 enim

531 2189 753 2260 duplex
803 2190 873 2243 sit
926 2187 1387 2259 incorruptibilis
1441 2191 1496 2242 et
1558 2185 1891 2254 intelligens
1953 2191 2186 2247 natura,

533 2285 590 2334 et
618 2278 806 2334 altera
835 2277 1080 2349 quidem
1133 2292 1372 2347 semper
1424 2292 1531 2347 per
1599 2291 1661 2330 se
1719 2274 2026 2337 subsistat,
2084 2289 2187 2328 ne-

533 2385 649 2440 que
679 2368 796 2422 ullo
819 2366 1000 2422 modo
1022 2383 1160 2422 cum
1211 2365 1564 2436 corporibus
1623 2364 1883 2433 uniatur,
1941 2364 2186 2418 miscea-

534 2463 629 2511 tur
641 2461 746 2511 aut
764 2455 1185 2519 confundatur,
1209 2471 1396 2526 quam
1408 2454 1845 2509 daemoniacam
1863 2469 1968 2508 vos
1996 2453 2190 2508 dicitis

544 2543 1053 2614 concedimusque
1065 2559 1178 2597 nos
1200 2543 1455 2614 primam
1503 2547 1721 2596 sortem
1743 2557 1931 2612 prope
1962 2545 2193 2597 Creato-

540 2649 668 2689 rem
691 2648 927 2703 semper
941 2631 1356 2686 commorandi
1379 2648 1450 2686 ac
1471 2631 1871 2686 conversandi
1893 2632 2187 2700 amisisse,

534 2737 672 2777 mea
695 2720 941 2792 quidem
993 2720 1308 2786 sententia,
1384 2719 1490 2774 etsi
1547 2718 1717 2774 vobis
1789 2735 1910 2774 non
1935 2719 2187 2791 placeat,

535 2810 596 2886 id
669 2809 816 2866 nihil
859 2809 1124 2864 inﬁrmat
1171 2813 1406 2864 nostros
1489 2815 1741 2863 conatus
1793 2824 1863 2863 ac
1921 2813 2185 2864 nostram

537 2899 1130 2955 demonstrationem.
1158 2899 1455 2964 Quoniam
1469 2898 1645 2967 igitur
1657 2897 1756 2952 illa
1771 2913 1952 2952 omne
1967 2912 2188 2968 corpus

2369 1122 2432 1183 ζ.
2486 1123 2561 1176 Οὐ
2632 1129 2734 1195 μὴν
2797 1122 2925 1176 ἀλλὰ
2976 1132 3144 1175 ταῦτα
3194 1125 3284 1195 μὲν
3338 1128 3456 1196 περὶ
3507 1127 3766 1195 γενέσεως
3820 1131 3900 1176 ni.

2297 1211 2593 1285 ἀφθαρσίας
2617 1213 2806 1285 ψυχῆς
2847 1217 3050 1286 εἴρηται
3101 1218 3187 1264 καὶ
3242 1209 3532 1282 δὲδεικται,
3587 1211 3902 1265 quammin-

2294 1304 2512 1371 χθέντος
2566 1303 2676 1374 ἅμα
2719 1322 2806 1354 και
2867 1312 2959 1354 τοῦ
3015 1308 3141 1375 μήτε
3189 1306 3288 1375 πρὸ
3341 1311 3442 1354 τῶν
3493 1305 3762 1374 σωμάτων
3820 1306 3903 1363 τὰς

2293 1390 2476 1460 ψυχὰς
2548 1393 2848 1462 ὑφεστάναι,
2903 1392 3027 1463 μήτ’
3084 1390 3251 1442 αὐτῶν
3304 1389 3358 1451 ἐξ
3415 1391 3598 1464 ἐτέρων
3658 1391 3905 1462 μεταϐαί-

2297 1838 2717 1906 πιρισώσιι,καὶ
2769 1837 2828 1884 τὸ
2881 1833 2993 1885 ὅλον
3061 1832 3321 1906 ἀκήρατος
3371 1832 3488 1900 (35)
3540 1839 3637 1884 καὶ
3690 1838 3770 1905 μή
3829 1842 3914 1887 τήν

2297 1923 2480 1973 οὐσίαν
2528 1927 2701 1993 μόνον,
2754 1921 2883 1974 ἀλλὰ
2941 1927 3032 1974 καὶ
3089 1922 3252 1979 αὐτὴν
3311 1918 3574 1979 δηπουθεν
3634 1926 3735 1979 τήν
3789 1922 3917 1992 ἐνέρ-

2296 2030 2462 2080 γειαν,
2505 2010 2621 2062 ἐποὶ
2645 2031 2733 2063 και
2767 2018 2920 2063 τοῦτο
2968 2011 3110 2070 τέλος
3162 2016 3256 2068 τὴν
3317 2010 3428 2062 κατ’
3483 2010 3656 2068 αὐτὴν
3715 2014 3917 2082 φύσεως

2297 2105 2386 2151 καὶ
2427 2097 2780 2172 δημιουργίας
2830 2106 3149 2171 νενόμισται,
3207 2100 3338 2159 ζῶον
3394 2095 3648 2156 δηλονοτι
3707 2099 3920 2170 λογικὸν

2299 2184 2536 2256 διοικεῖν,
2586 2189 2694 2240 κότ’
2752 2190 3006 2247 αἴσθησιν
3058 2193 3147 2240 καὶ
3201 2193 3507 2261 προαίρεσιν
3549 2194 3648 2239 καὶ
3683 2191 3794 2250 ζὼν
3837 2196 3919 2240 καὶ

2297 2279 2614 2348 κινούμενον.
2678 2284 2865 2337 Διττῆς
2931 2279 3030 2350 γὰρ
3111 2280 3290 2337 πάσης
3335 2284 3428 2336 τῆς
3489 2275 3777 2350 ἀφθάρτου
3835 2284 3920 2328 καὶ

2297 2374 2487 2426 νοητῆς
2543 2368 2742 2437 φύσεως
2823 2366 3007 2428 οὖσης,
3062 2369 3152 2416 καὶ
3206 2374 3302 2426 τῆς
3491 2363 3572 2416 ἀεὶ
3628 2367 3759 2418 καθ’
3802 2367 3920 2419 ἑαν-

2297 2456 2392 2510 τὴν
2441 2455 2749 2524 ὑφεστώσης
2827 2454 2894 2519 ⁴³,
2971 2457 3060 2504 καὶ
3107 2458 3228 2525 μήτι
3282 2455 3337 2505 θέ
3389 2449 3660 2524 μηδαμῶς
3711 2461 3921 2507 συνεσο-

2302 2561 2401 2603 σης
2429 2542 2502 2602 εἰς
2554 2543 2734 2594 ἓνώσιν
2783 2545 2871 2593 καὶ
2926 2541 3068 2612 μίξιν
3119 2546 3209 2594 καὶ
3264 2547 3448 2614 κρᾶσιν
3502 2545 3805 2614 camus,
3865 2545 3919 2601 ἓν

2301 2627 2367 2688 δὴ
2398 2635 2487 2681 καὶ
2547 2626 2825 2702 δαιμονίαν
2873 2632 3022 2702 ὑμεῖς
3077 2649 3199 2701 φατε
3247 2636 3334 2682 καὶ
3383 2632 3534 2702 ἡμεῖς
3598 2642 3920 2704 συγχωρού-

2302 2737 2390 2788 μεν
2471 2716 2774 2770 ἀποστᾶσαν
2853 2723 2946 2779 τής
2996 2724 3204 2792 πρώτης
3267 2723 3456 2789 μοίρας
3499 2726 3601 2780 τῆς
3649 2729 3780 2794 περὶ
3833 2741 3918 2772 τον

2304 2805 2628 2880 δημιουργὸν
2669 2806 2748 2859 ἀεὶ
2795 2810 3048 2878 μενούσης
3096 2811 3184 2859 καὶ
3248 2813 3624 2880 στρεφομένης.
3683 2815 3827 2863 κατά
3870 2830 3922 2880 τε

2301 2891 2389 2940 τὸν
2429 2887 2548 2959 ἐμὸν
2587 2889 2634 2922 ⁸⁸
2682 2887 2851 2960 λόγον,
2902 2887 2996 2939 κᾶν
3065 2889 3186 2959 ὑμῖν
3243 2892 3314 2959 μή
3377 2884 3663 2955 δέδοκται,
3727 2897 3825 2942 καί
3870 2911 3921 2960 γε

535 3004 607 3043 ac
632 3003 843 3042 omnes
875 3003 1088 3042 sensus
1129 2986 1298 3056 fugit,
1339 2986 1524 3040 altera
1591 2990 1790 3040 autem
1853 2985 2187 3040 secundum

2305 2975 2439 3028 τοῦτ’
2476 2975 2616 3028 ἐστίν
2679 2973 2828 3028 οὐδὲν
2889 2980 3022 3043 πρὸς
3063 2980 3154 3032 τὴν
3211 2982 3299 3026 νῦν
3355 2979 3620 3050 ταράττον
3683 2977 3922 3037 σπονδήν

533 3078 645 3133 has
677 3078 914 3132 animas
935 3075 1113 3131 simul
1133 3092 1271 3131 cum
1293 3075 1647 3146 corporibus
1669 3079 1951 3130 nascatur
1967 3081 2023 3129 et
2049 3089 2188 3128 cum

538 3167 607 3221 iis
641 3165 875 3221 misceri
907 3164 1314 3236 confundique
1337 3163 1532 3227 debet,
1580 3179 1776 3235 neque
1836 3162 1955 3216 ullo
2005 3161 2187 3217 modo

537 3255 1011 3326 corporarenuit,
1037 3269 1157 3308 non
1174 3259 1366 3324 potest
1386 3253 1501 3308 dici
1527 3253 1686 3307 illam
1719 3267 1937 3323 corpus
1962 3252 2059 3306 ind
2072 3251 2186 3306 uis-

539 3359 622 3406 se,
653 3358 848 3411 neque
868 3341 1026 3396 hanc
1055 3357 1304 3412 corpore
1331 3340 1645 3395 liberatam
1685 3357 1836 3405 esse,
1865 3339 1927 3395 id
1953 3354 2190 3411 semper

538 3431 864 3498 fugientem
897 3435 953 3483 et
991 3429 1068 3483 ab
1099 3444 1170 3483 eo
1195 3429 1372 3497 longe
1415 3429 1756 3493 abeuntem,
1787 3444 1908 3483 non
1941 3428 2065 3482 ﬁeri
2091 3444 2188 3500 po-

541 3517 744 3572 testob
757 3517 977 3570 dictam
995 3517 1279 3571 rationem
1295 3533 1428 3571 eam
1452 3533 1572 3571 non
1597 3533 1830 3571 servare
1846 3516 1904 3570 id
1927 3517 2002 3570 ad
2025 3517 2191 3586 quod

541 3614 682 3662 nata
713 3611 816 3660 est.
835 3605 946 3661 Sed
974 3605 1025 3659 ei
1065 3621 1220 3676 opus
1242 3611 1588 3675 estcorporc
1610 3605 1667 3658 in
1683 3621 2030 3676 quoomnes
2050 3622 2191 3660 suos

544 3701 710 3751 actus
724 3694 1089 3766 operabitur.
1105 3695 1265 3764 Opus
1281 3698 1370 3748 est
1393 3694 1445 3747 ei
1470 3708 1718 3764 corpore
1743 3709 2008 3765 quocum
2031 3694 2193 3764 pejo-

543 3801 609 3840 ra
623 3784 713 3840 vel
731 3783 976 3839 meliora
989 3783 1263 3855 patietur,
1287 3787 1464 3854 prout
1487 3783 1760 3838 virtutem
1784 3788 1887 3837 aut
1904 3784 2194 3838 malitiam

542 3873 948 3946 properaverit
975 3873 1204 3944 operari
1256 3876 1359 3935 ;et
1417 3871 1750 3926 secundum
1800 3887 1903 3925 vos
1952 3887 2196 3943 quoque

546 3965 670 4019 sive
701 3963 759 4018 in
789 3962 1062 4017 felicitate
1077 3961 1405 4016 viventium
1436 3960 1641 4015 anima
1670 3961 1791 4019 ﬁet.
1844 3969 1947 4015 aut
1989 3977 2197 4015 severa

547 4052 900 4123 experietur,
926 4067 1060 4106 cum
1118 4050 1294 4104 bonis
1344 4048 1586 4121 quidem
1655 4049 1869 4104 animis
1926 4050 2193 4116 meliora,

2298 3085 2387 3117 και
2427 3061 2714 3128 ἀπόδειξιν.
2787 3065 3012 3124 Ἐκείνης
3068 3072 3192 3135 γοῦν
3241 3070 3341 3116 πᾶν
3399 3074 3555 3136 σῶμα
3611 3067 3661 3101 ³⁵
3717 3074 3925 3139 φῆμις).

2298 3174 2396 3216 σης
2460 3175 2550 3206 και
2606 3161 2783 3206 πᾶσαν
2835 3156 3108 3218 α’ῐσθησιν,
3165 3161 3260 3214 τῆς
3311 3149 3360 3204 δ’
3402 3153 3578 3225 ἐτέρας
3641 3176 3739 3208 και
3801 3162 3926 3209 κατὰ

2299 3246 2494 3303 ταύτας
2526 3240 2593 3300 δὴ
2635 3246 2700 3294 τὰ
2738 3242 2920 3313 ψυχὰς
2949 3244 3078 3314 ὁμοῦ
3119 3249 3227 3303 τοῖς
3286 3248 3499 3314 σώμασι
3549 3252 3928 3318 γεγενημέῃςςς

2299 3353 2388 3384 και
2444 3333 2819 3404 συμμεμιχθαι
2879 3331 3086 3392 τούτοις
3141 3351 3231 3382 και
3285 3337 3800 3407 συνανακεκρᾱισϐαι
3856 3356 3928 3388 xi-

2304 3426 2533 3492 φυκυίας
2585 3422 2654 3487 ¹⁹⁶,
2707 3439 2798 3471 και
2849 3416 3115 3492 μηδαμῶς
3159 3418 3334 3477 ἥκιστ’
3385 3419 3826 3494 ἀπανάινομένξς
3877 3429 3932 3476 τὰ

2309 3516 2529 3581 σώματα
2579 3511 2647 3577 ‘7,
2712 3508 2823 3560 οὔτ’
2872 3508 3068 3565 ἐκείνην
3129 3511 3550 3579 σεσωματῶσθαί
3614 3513 3741 3563 ποτ’
3797 3517 3930 3565 ἔστιν

2302 3600 2484 3667 εἰπεῖν,
2529 3601 2646 3652 οὐτε
2699 3601 2890 3655 ταύτην
2943 3605 3035 3650 τοῦ
3088 3602 3326 3668 σώματος
3381 3596 3800 3672 ἀπαλλαγεῖσαν
3854 3623 3932 3653 κει

2302 3689 2442 3740 τοῦτ’
2500 3687 2577 3739 ἀεί
2653 3690 2904 3758 εὐγονσαν
2988 3706 3077 3739 και
3132 3684 3602 3759 ἀποστρεφονένην,
3669 3691 3780 3742 οὐκ
3829 3698 3931 3744 ἔστι

2303 3775 2423 3828 καθ⁴
2455 3776 2508 3828 ὃν
2558 3772 2625 3834 δὴ
2681 3795 2770 3827 και
2811 3776 2856 3808 ’⁸⁸
2908 3778 3086 3846 γέγονε
3137 3772 3307 3844 λόγον,
3351 3794 3439 3825 και
3478 3781 3614 3848 πρὸς
3649 3778 3676 3828 ὁ
3731 3776 3808 3838 δὴ
3858 3789 3930 3832 πε-

2307 3884 2481 3938 φυκεν,
2565 3863 2623 3916 οὗ
2671 3867 2760 3935 μὲν
2812 3859 2899 3915 οὖν
2952 3867 3255 3919 σεσωκέναι.
3305 3862 3458 3915 Ἀλλά
3504 3860 3594 3917 δεῖ
3643 3887 3710 3937 γε
3773 3875 3928 3939 ταύτῃ

2310 3959 2568 4026 σώματος,
2611 3955 2658 4002 ἐν
2806 3947 2871 4008 δὴ
2916 3953 3005 4002 κάι
3050 3954 3290 4022 γενομένη
3346 3957 3448 4002 πᾶν
3503 3956 3566 4004 τὸ
3606 3956 3734 4007 κατ’
3777 3958 3931 4012 aint:

2305 4040 2510 4115 πράξει.
2548 4046 2633 4092 Δεῖ
2660 4059 2748 4090 και
2791 4039 2902 4110 μεθ’
2955 4038 3073 4089 ὅτου
3127 4041 3193 4089 τὰ
3254 4043 3417 4111 χείρω
3476 4046 3736 4095 πείσεται
3783 4047 3814 4104 ᾖ
3878 4052 3930 4097 τά

2310 4128 2517 4202 βελτίω,
2583 4132 2651 4189 ὡς
2717 4129 2864 4191 ἔφθη,
2922 4123 3164 4184 δηλονότι
3222 4126 3404 4198 ἀρετὴν
3461 4129 3492 4186 ἦ
3546 4139 3757 4184 κακίαν
3811 4141 3928 4208 μετά

2310 4222 2496 4270 τούτου
2547 4219 2957 4291 κατειργασμένη
3011 4217 3080 4281 ⁸9,
3139 4234 3228 4266 και
3293 4216 3321 4273 ἦ
3383 4225 3484 4268 τῶν
3543 4216 3925 4276 ἡδυνόντωνέ.

2315 4306 2599 4359 ἀπολαύσει
2620 4325 2706 4357 και
2739 4305 2853 4358 καθ’
2886 4305 3017 4374 ὑμᾶς
3043 4303 3090 4336 ⁵ο
3147 4308 3364 4374 γίνοιτο,
3429 4305 3459 4363 ἡ
3521 4316 3632 4358 τῶν
3691 4315 3923 4382 exuam..-

2313 4406 2422 4448 πῶν
2453 4395 2746 4467 πειραθείη,
2782 4412 2871 4444 και
2921 4393 3206 4443 πόιούντων
3250 4401 3444 4462 κακῶς,
3506 4393 3625 4449 ἐπεί
3674 4418 3774 4452 και
3826 4407 3926 4458 az;

2313 4489 2401 4558 μὲν
2467 4483 2687 4555 ἀγαθαῖς
2757 4489 2854 4534 τῶν
2933 4480 3124 4552 ψυχῶν
3183 4478 3391 4552 ἀμείνω,
3455 4491 3570 4545 ταῖς
3632 4483 3696 4539 δὲ
3757 4496 3925 4546 κακαῖς

2316 4573 2628 4627 ἀποκεῖσθαι
2657 4573 2723 4623 τά
2771 4573 2961 4634 κακίω,
3007 4568 3126 4621 καθ’
3154 4571 3288 4641 ἡμᾶς
3336 4589 3394 4640 γε
3439 4591 3534 4624 και
3586 4575 3716 4647 ὑμῖν
3748 4579 3792 4612 ιι
3852 4574 3923 4628 δε,

551 4139 726 4194 malis
760 4144 958 4193 autem
995 4138 1201 4210 pejora
1226 4143 1617 4203 reserventur,
1646 4142 1850 4192 nostra
1892 4153 1976 4190 -ac
2004 4144 2200 4190 vestra

549 4227 865 4294 sententia,
908 4231 961 4281 et
999 4242 1286 4281 maerores
1312 4242 1380 4280 ac
1411 4224 1653 4281 delicias
1709 4231 1766 4280 et
1820 4242 2199 4296 quaecunque

549 4314 668 4369 alia
694 4331 814 4369 non
864 4315 1080 4369 animae
1119 4314 1302 4369 solius
1357 4321 1459 4369 aut
1533 4314 1716 4369 solius
1767 4314 2050 4384 corporis,
2096 4312 2201 4367 sed

549 4403 874 4457 amborum
895 4419 1022 4456 esse
1041 4402 1317 4457 dicimus.
1338 4402 1450 4458 Sed
1473 4403 1741 4457 nondum
1768 4402 1844 4456 ad
1876 4401 1934 4456 id
1957 4401 2199 4455 deveni-

549 4506 688 4546 mus
716 4508 734 4560 ;
770 4488 1155 4544 solummodo
1185 4497 1385 4544 autem
1425 4489 1538 4544 hoc
1560 4490 2038 4545 demonstratum
2093 4494 2200 4553 est,

549 4593 770 4649 nempe
799 4576 1064 4632 animam
1092 4577 1324 4648 corpori
1378 4579 1684 4650 compingi
1722 4583 1959 4642 natura,
2009 4592 2204 4649 neque

1927 4750 2154 4818 Variae
2201 4747 2556 4816 lectiones.

618 4899 666 4933 ⁸ο
694 4901 782 4950 τὸν
813 4893 990 4950 Vind.
1070 4894 1110 4928 ¹⁶¹
1138 4891 1541 4950 ἐπιλελησιιένων
1571 4895 1696 4948 Vat.
1774 4894 1820 4928 ⁸³
1849 4892 1923 4964 ἐφ’
1950 4892 2118 4946 Vind.
2160 4963 2172 4965 _

2305 4888 2540 4965 ι,ἒ,-ύφ.
2597 4888 2676 4965 ἀεί
2727 4893 2851 4965 Vat.
3035 4893 3277 4962 ἡμέτερον
3321 4891 3448 4946 Vat.
3499 4893 3582 4965 ﬂ“
3629 4901 3788 4965 σῶμα
3831 4899 3916 4945 πᾶν

547 4971 671 5024 Vat.
751 4971 796 5004 ⁴⁸
822 4987 909 5019 και
939 4984 1056 5037 mg).
1085 4967 1208 5020 Vat.
1285 4966 1328 4999 ’⁸⁷
1360 4968 1423 5016 τά
1451 4969 1588 5036 σὼμ.
1647 4966 1817 5020 abest
1867 4961 1904 5018 εἰ
1953 4967 2056 5018 Vat
2132 4963 2177 4997 ⁸³

549 5042 673 5094 Vat.
750 5041 792 5074 ⁵³
835 5042 958 5096 ὀιιῖν
983 5040 1106 5092 Vat.

2305 4981 2336 5012 ιι
2393 4961 2558 5016 deest
2614 4963 2669 5016 in
2727 4964 2850 5018 Vat.
2927 4963 2975 4999 “
3018 4961 3446 5036 κατεργασαμένη
3497 4964 3632 5019 ναι.
3712 4961 3766 5000 ῖθ
3797 4968 3919 5036 ἡμᾶς

2122 5156 2342 5222 Notae.

620 5302 734 5372 (34)
774 5300 1043 5356 Proxime
1086 5299 1314 5372 dixerat
1369 5304 1656 5371 γνωστικὸν
1727 5308 1851 5371 φῶς.
1910 5301 2071 5372 Eam
2109 5314 2206 5351 co-

555 5369 883 5442 gnoscendi
915 5377 970 5426 et
989 5372 1163 5441 quasi
1185 5369 1420 5426 lucendi
1441 5369 1741 5426 actionem
1763 5385 1931 5442 nunc
1947 5369 2208 5442 declarat

548 5433 694 5498 voce
725 5433 1129 5513 Alexandrinis
1156 5442 1484 5513 interprett.
1547 5442 1810 5513 propria.
1878 5439 2000 5494 \"id.
2051 5433 2194 5508 Biel.

551 5517 716 5572 Thes.
751 5529 828 5578 ιιι,
857 5529 911 5583 p.
942 5516 1063 5581 536,
1091 5510 1232 5566 ibid.
1263 5510 1488 5584 Cyritli
1519 5510 1835 5584 Eeaefms.’_
1861 5513 2046 5584 Brem.
2074 5519 2203 5582 φαῦ-

553 5606 654 5652 ᾳιν,
686 5593 811 5660 φὼς,
841 5581 1046 5659 φέγγος,
1076 5598 1210 5654 quae
1231 5581 1444 5658 eadem
1473 5583 1654 5661 habet
1698 5581 1860 5661 Suid.
1919 5581 2195 5652 in"voce.

2316 5300 2577 5371 Zonaras
2607 5304 2807 5368 autem
2837 5299 2905 5368 L.
2927 5296 3030 5352 Gr.
3060 5313 3118 5369 p.
3150 5299 3304 5363 1796,
3341 5307 3559 5370 φαῡσις,
3617 5301 3781 5371 αὐγὴ,
3820 5299 3918 5370 φειί

2315 5369 2744 5459 γοςζυλαμπριοτη
2757 5389 2779 5430 ς
2793 5413 2803 5424 .

2361 5441 2499 5508 '(35)
2536 5438 2844 5514 ξΑδέήραι-ρς,
2888 5438 3398 5514 ᾳυοᾴλίοῃῐοροτο
3437 5440 3788 5514 frequentat
3815 5444 3912 5496 Na—

2313 5510 2578 5587 thanael,‘
2614 5510 2722 5587 nec
2755 5511 2980 5587 Platoni
3014 5510 3340 5581 displicuit.
3377 5510 3576 5568 Locos
3617 5514 3912 5587 suppedits

2311 5581 2704 5650 Ruhnkenius
2733 5581 2816 5656 qd
2845 5581 3019 5662 Tim,
3047 5597 3110 5652 p.
3148 5587 3235 5645 l7,
3695 5581 3704 5595 "
