4064 6308
144 368 276 423 1429

1329 372 1489 425 ADV.
1520 362 1867 427 PLOTINUM
1906 373 1995 428 DE
2025 372 2266 433 ΑΝΙΜΑ.

3349 372 3492 431 1430

140 490 341 559 δοκται,
390 498 481 545 καὶ
532 494 624 552 τάς
672 511 730 563 γε
780 491 946 553 λύπας
1002 498 1091 545 καὶ
1151 491 1346 555 ἡδονὰς
1400 513 1491 545 και
1556 497 1601 545 εἰ
1680 510 1708 545 τ

1840 500 2088 556 omnino
2119 503 2196 557 ab
2222 502 2322 558 illo
2349 502 2498 558 velle
2525 501 2811 574 separari.
2842 504 2909 556 Et
2933 500 3091 567 ideo,
3151 502 3216 556 ut
3256 500 3492 572 opinor,

134 590 361 633 τοιοῦτον
387 580 646 651 οὔψυχῆς
668 577 736 638 δὴ
794 584 957 653 μόνης
1019 579 1132 634 ουδ’
1179 579 1243 633 αὖ
1306 588 1570 654 σώματος,
1622 581 1730 633 ἀλλ’

135 669 319 742 ἀμφοῖν
363 667 490 722 εἶναι
537 669 751 741 λέγομεν
798 669 937 741 (39).
985 670 1141 723 Ἀλλὰ
1196 676 1354 743 μήπω
1393 680 1570 731 τοῦτο,
1622 670 1728 722 ἀλλ’

130 760 250 833 ὅπερ
283 755 542 811 ἐδέδεικτο
582 761 719 810 κατὰ
770 762 925 829 φύσιν
973 758 1101 811 εἶναι
1148 759 1326 831 ψυχῆ,
1380 760 1728 830 συνεζεῦχθαι

131 854 352 920 σώματι,
389 866 478 899 και
532 851 602 919 μὴ
644 849 975 900 παντάπασιν
1028 847 1212 901 ἐθέλειν
1279 849 1441 901 αὐτοῦ
1495 854 1726 920 κεχωρί-

131 940 274 991 σθαι.
310 942 411 990 Kal
432 934 527 988 διά
550 936 693 988 τοῦτ’
720 932 866 1008 οἶμαι
918 956 1007 989 και
1065 938 1212 1009 ὑμεῖς
1256 937 1338 990 ἀεὶ
1395 940 1592 995 ταύτην
1646 922 1725 989 ἐπ’

126 1026 263 1078 αύτὰ
328 1022 397 1083 δὴ
433 1028 502 1077 τὰ
558 1026 604 1061 ⁵³
668 1030 888 1097 σώματα
945 1030 1203 1099 στρίφετε,
1263 1046 1353 1077 και
1401 1026 1493 1078 οὐκ
1555 1024 1727 1098 ἀφίετε

123 1118 322 1172 ταύτην
340 1113 529 1180 αὐτῶν,
590 1116 653 1173 ὡς
716 1112 864 1175 ἐκτὸς
923 1111 991 1172 δὴ
1050 1117 1243 1166 τούτων
1294 1114 1471 1166 ἄλλοθί
1512 1133 1611 1166 που
1649 1120 1722 1187 μὴ

126 1200 419 1275 δυναμένην
490 1198 628 1274 μηδὲ
721 1209 1008 1274 πεφυκυῖαν
1096 1200 1358 1275 μηδαμῶς
1448 1200 1719 1275 ἰδρυσθαι.

121 1292 276 1345 Τοῦτ’
307 1289 415 1351 ἤδη
477 1310 567 1342 και
614 1290 729 1363 ἐμοὶ
777 1295 1048 1364 πειρατέον
1101 1293 1163 1343 οἶν
1215 1295 1314 1360 εἴη,
1358 1291 1409 1353 ές
1449 1292 1569 1344 ὃσον
1617 1290 1722 1344 οἷον

120 1399 178 1432 τε
228 1388 405 1452 σαφῶς
460 1377 630 1441 δεῖξαι
677 1379 757 1430 ὃτι
798 1399 857 1450 γε
900 1378 1056 1451 ψυχὴ
1134 1379 1352 1432 λυθεῖσα
1422 1388 1513 1432 τοῦ
1590 1399 1718 1452 συγ-

117 1474 389 1540 γεγονότες
413 1468 543 1539 αὐτῇ
576 1474 833 1539 σώματος,
863 1466 941 1519 ἐπ’
993 1468 1119 1520 αύτὸ
1180 1465 1249 1526 δή
1306 1476 1479 1530 τοῦτο,
1549 1469 1576 1520 ὁ
1632 1488 1722 1520 και

117 1557 359 1622 ἀπέθετο,
390 1576 479 1608 και
524 1557 619 1608 οὐκ
667 1555 742 1608 ἐπ’
790 1555 912 1608 ἄλλο
968 1556 1222 1618 ἐπάνεισι,
1278 1577 1369 1608 και
1427 1576 1484 1628 γε
1537 1577 1718 1630 πειρα-

113 1652 230 1699 τέον
257 1646 375 1698 κατ’
405 1645 565 1705 αὐτὰς
626 1641 695 1703 δὴ
752 1648 950 1707 ταύτας
993 1648 1084 1706 τὰς
1139 1654 1231 1697 τοῦ
1276 1646 1543 1706 Πλάτωνος
1595 1648 1717 1698 ὐπο-

115 1738 307 1798 θέσεις,
368 1754 458 1786 και
504 1737 569 1795 ὡς
625 1733 813 1795 ἐκεῖνος
874 1733 927 1797 ἐξ
978 1734 1113 1804 ᾅδου
1154 1739 1340 1807 χυχὰς
1404 1732 1557 1797 αὖθις
1607 1734 1717 1798 ἰξά-

1838 602 1947 642 vos
1977 604 2112 645 eam
2141 607 2376 664 semper
2408 592 2484 648 ad
2510 605 2765 663 corpora
2794 590 2928 661 ipsa
2986 588 3241 658 volvitis,
3293 602 3493 662 neque

1837 692 1972 732 eam
1999 679 2077 734 ab
2100 680 2191 735 his
2210 681 2527 749 dimittitis,
2567 684 2772 752 utpote
2815 692 2952 751 quas
3000 682 3168 733 extra
3220 693 3295 734 ea
3352 678 3494 734 alibi

1835 780 1958 820 non
1980 770 2382 841 possitneque
2407 770 2632 825 valeret
2662 767 2889 823 sedere.
2934 766 3001 822 Id
3048 767 3175 838 jam
3234 771 3293 823 et
3347 767 3495 823 mihi

1836 856 2181 912 conandum
2210 862 2299 913 est
2325 873 2509 929 quam
2533 856 2971 912 evidentissime
2994 870 3273 927 possum,
3297 860 3494 912 osten-

1835 942 1974 999 dere
2022 950 2078 1000 et
2125 946 2397 1001 animam
2449 960 2695 1018 corpore
2768 944 2881 1001 sibi
2950 945 3269 1014 congenito
3345 943 3492 1001 libe-

1831 1038 2024 1089 ratam
2041 1035 2115 1089 ad
2131 1035 2290 1090 idem
2302 1051 2521 1108 corpus
2537 1034 2703 1107 quod
2717 1034 2995 1106 deposuit
3014 1048 3209 1106 neque
3224 1034 3305 1090 ad
3323 1034 3490 1091 aliud

1832 1138 1960 1178 esse
1988 1122 2357 1179 redituram:
2400 1128 2458 1179 et
2514 1123 2861 1180 conandum
2926 1123 3172 1195 quidem
3224 1138 3296 1179 ex
3339 1123 3487 1192 ipsis

1830 1211 2087 1267 Platonis
2099 1213 2405 1285 principiis
2418 1212 2813 1269 etostendend
2822 1227 2947 1280 um,
2986 1211 3297 1283 quomodo
3307 1213 3402 1269 ille
3413 1228 3489 1270 ex

1828 1300 2060 1357 inferno
2079 1302 2311 1358 animas
2335 1302 2629 1357 reducens
2656 1301 2718 1357 in
2741 1300 3308 1373 corporaimmittat,
3338 1316 3486 1358 non-

1828 1388 1940 1444 nisi
1962 1405 2032 1444 ex
2085 1390 2338 1445 mortuis
2387 1390 2653 1445 viventes
2715 1389 3069 1445 reviviscere
3138 1389 3346 1446 dicens
3412 1405 3485 1447 ac

1828 1478 2045 1532 talibus
2077 1477 2694 1533 damonstrationibus
2722 1477 3007 1549 deinceps
3022 1481 3215 1533 utens.
3241 1481 3324 1534 Ex
3340 1494 3485 1534 con-

1825 1567 2038 1626 trariis.
2069 1566 2281 1637 inquit,
2312 1581 2555 1622 necesse
2580 1570 2669 1621 est
2691 1565 2988 1621 contraria
3005 1565 3154 1634 ﬁeri,
3187 1570 3245 1621 et
3284 1567 3348 1622 id
3407 1567 3482 1623 de

1824 1655 2108 1711 omnibus
2137 1660 2337 1711 censet
2365 1671 2435 1710 ac
2473 1654 2549 1709 de
2597 1654 2763 1710 omni
2794 1654 3201 1723 generatione,
3260 1670 3333 1710 ac
3373 1656 3483 1711 mi-

1822 1744 1982 1799 nime
2012 1742 2142 1798 vult
2162 1743 2500 1815 quidquam
2524 1742 2642 1798 tale
2670 1742 2840 1797 aliter
2862 1742 3090 1797 factum
3117 1757 3266 1797 esse.
3284 1743 3481 1814 Atque

107 1844 221 1896 γων
250 1824 491 1881 "hinc:
532 1826 581 1860 5‘
650 1830 912 1893 σώμασιν,
960 1820 1251 1896 οὐδαμόθεν
1306 1824 1534 1889 ἄλλοθεν,
1586 1826 1616 1883 ἡ
1658 1830 1708 1877 ix

1820 1832 2001 1901 igitur
2017 1831 2216 1901 majus
2237 1847 2309 1886 ex
2336 1847 2408 1886 eo
2447 1831 2615 1903 quod
2667 1835 2804 1887 ante
2842 1830 3043 1885 minus
3098 1829 3292 1886 fuerat
3337 1829 3483 1887 dicit

104 1922 211 1965 τῶν
279 1914 564 1966 τεθνεώτων
619 1912 779 1983 λέγων
828 1916 946 1974 τοὺς
1000 1914 1193 1973 ζῶντας
1269 1912 1709 1978 ἀναϐιώσκεσθαι,

101 2007 198 2053 καὶ
252 2004 519 2061 τοιαύταις
565 2000 650 2053 ἐπὶ
705 2004 870 2072 τούτῳ
918 2008 1037 2063 ταῖς
1115 1999 1447 2064 ἀποδείξεσιν
1534 2001 1713 2073 ἐφεξῆς

99 2094 219 2143 ἐστι
239 2095 582 2164 κεχρημένος.
647 2089 734 2142 Ἐκ
788 2098 889 2141 τῶν
943 2088 1201 2157 ἱναντίων,
1262 2095 1443 2162 φησιν,
1508 2080 1708 2161 ἀνάγκη

96 2182 348 2251 γίνεσθαι
403 2178 667 2244 τάναντία,
720 2183 810 2230 καὶ
862 2175 1006 2231 τοῦτ⁶
1057 2178 1141 2232 ἐπὶ
1191 2183 1381 2240 παντὸς
1437 2179 1575 2242 ἀξιοῖ
1621 2184 1712 2231 καὶ

96 2268 192 2320 ἐπὶ
223 2270 403 2329 πάσης
423 2272 683 2339 γενέσεως,
740 2272 832 2320 καὶ
874 2264 1083 2340 οὐδαμῆ
1134 2266 1378 2340 βούλεται
1438 2277 1535 2320 τῶν
1603 2288 1710 2320 τοι-

96 2360 271 2408 ούτων
299 2353 449 2409 οὐδὲν
479 2358 763 2427 τυγχάνειν
788 2355 948 2416 ἄλλως
1008 2360 1338 2427 γεγενημένον
1399 2377 1411 2389 ο
1462 2369 1553 2408 και
1606 2361 1712 2409 τοί-

95 2467 196 2497 νυν
220 2450 278 2497 τὸ
308 2446 485 2517 μεῖζον
512 2443 564 2507 ἕξ
631 2443 898 2505 ἐλάττονός
944 2464 1077 2515 φησι
1132 2450 1380 2518 πρότερον
1436 2449 1581 2505 ὄντος
1630 2450 1711 2516 γί-

93 2536 291 2587 νεσθαι
310 2535 359 2569 ⁵⁵
385 2534 584 2605 μεῖζον,
613 2537 703 2585 καὶ
744 2529 811 2584 αὖ
861 2531 1139 2585 τοῦλαττον
1187 2532 1243 2585 ἑκ
1296 2542 1390 2586 τοῦ
1450 2537 1706 2605 μείζονος,

96 2625 289 2675 καὶτὸ
338 2618 661 2696 δικαιότερον
705 2620 759 2684 εξ
813 2618 1154 2695 ἁδικωτέρου,
1202 2626 1291 2673 καὶ
1346 2625 1405 2674 1'6
1469 2625 1612 2695 ταχύ
1652 2622 1707 2674 ἐκ

90 2718 198 2763 τοῦ
237 2706 481 2782 βραδέος,
507 2716 597 2763 καὶ
624 2710 676 2772 ἐξ
727 2708 992 2781 ἀμείνονος
1049 2714 1105 2762 τὸ
1152 2718 1334 2784 χεῖρον
1371 2732 1385 2744 ·
1430 2716 1521 2763 καὶ
1565 2717 1707 2784 περὶ·

90 2819 236 2853 εισιν
276 2802 307 2856 ἠ
343 2800 487 2861 θέσις
535 2798 619 2851 ἐπὶ
666 2807 765 2850 τῶν
828 2802 1072 2850 τοιούτων
1121 2798 1402 2869 ἀπανταχῆ
1454 2802 1707 2860 ὡσαύτως

85 2890 310 2961 ἔχουσα
359 2894 450 2940 καί
510 2890 578 2939 τὰ
630 2886 833 2939 ἐναντία
880 2886 935 2939 ἔκ
988 2896 1085 2938 τῶν
1137 2887 1377 2940 ἇναντίων
1429 2892 1706 2960 πεφυκέναι

84 2976 356 3031 δεικνῦσα
388 2998 400 3009 ο
472 2982 564 3029 καὶ
616 2972 763 3029 δυοῖν
833 2977 1000 3029 ὄντοιν
1057 2979 1264 3028 πάντων
1312 2984 1413 3028 τῶν
1469 2975 1705 3029 ἆταντίων

74 3066 288 3140 μεταξὺ
311 3068 503 3117 τούτων
535 3062 633 3117 δύο
658 3066 841 3122 τίθησι
888 3070 978 3118 καὶ
1030 3068 1119 3125 τὰς
1168 3070 1418 3136 γενέσεις,
1468 3068 1569 3117 ἀπὸ
1613 3068 1701 3137 μεν

74 3164 187 3209 τοῦ
226 3158 401 3227 ἓτέρου
432 3154 516 3206 ἐπὶ
555 3157 614 3206 τὸ
651 3156 838 3227 ἕτερον,
917 3152 1018 3205 ἀπὸ
1071 3150 1121 3205 δ’
1170 3153 1236 3205 αὖ
1286 3155 1500 3226 θατέρου
1553 3154 1705 3206 πάλιν

78 3245 182 3298 ἐπὶ
211 3245 422 3315 θάτερον
473 3262 488 3276 θ
556 3246 791 3314 μείζονος
852 3245 953 3312 γὰρ
1015 3246 1106 3294 καὶ
1164 3241 1427 3304 ἐλάττονος
1482 3242 1705 3305 αὔξησις

76 3332 292 3404 μεταξύ
332 3336 420 3383 καὶ
451 3332 669 3402 φθίσις·
726 3336 817 3382 καὶ⁹
874 3334 933 3381 τὸ
987 3333 1077 3402 μὲν
1153 3329 1469 3392 αὐξάνεσθαι
1534 3331 1699 3395 καλεῖ,

75 3426 149 3473 τὸ
215 3418 276 3473 δε
343 3423 557 3491 φθίνειν,
603 3425 694 3471 καὶ
746 3421 1119 3493 συγκρίνεσθαι
1176 3425 1264 3471 καὶ
1332 3416 1697 3494 διακρίεσθαι,

75 3517 186 3563 καὶ
251 3509 529 3580 ψύχεσθαι
571 3513 660 3560 καὶ
732 3510 1118 3580 θερμαίνεσθαι,
1165 3514 1254 3561 καὶ
1299 3512 1469 3561 πάντα
1542 3517 1696 3576 οὑτω,

72 3602 190 3652 κᾶν
230 3602 303 3670 μὴ
327 3597 441 3650 ἔστι
465 3599 707 3670 χρῆσθαι
748 3606 858 3659 τοῖς
920 3597 1169 3669 ὀνόμασιν
1229 3597 1469 3668 ἐνιαχοῦ.
1525 3598 1697 3673 Ἐργῳ

69 3692 193 3760 γὰρ
256 3685 566 3756 ἁπανταχοῦ
633 3685 793 3746 οὑτως
850 3686 992 3756 ἔχειν
1068 3684 1369 3756 ἀναγκαῖον,
1426 3690 1697 3756 γίγνεσθαι

67 3778 230 3829 αὐτὰ
260 3774 314 3837 ἐξ
340 3774 591 3839 αλλήλων,
620 3779 820 3845 γένεσίν
885 3794 939 3826 τε
988 3782 1118 3826 εῖναι
1172 3774 1414 3848 ἑκατέρου
1467 3775 1541 3837 εἰς
1607 3776 1696 3828 άλ-

59 3866 217 3925 ληλα
284 3886 297 3898 ·
350 3869 440 3916 καὶ
489 3869 661 3916 τοίνυν
719 3872 791 3933 τῷ
881 3862 1217 3935 ἐγρηγορέναι
1286 3867 1344 3916 τὸ
1415 3862 1690 3918 καθεύδειν

1818 1920 1946 1975 ﬁeri
1976 1920 2197 1990 majus,
2234 1934 2302 1974 ex
2326 1934 2571 1974 rursum
2588 1919 2789 1974 minus
2808 1933 2882 1973 ex
2896 1918 3147 1988 majore,
3178 1922 3237 1974 et
3254 1918 3478 1989 justius

1820 2024 1889 2063 ex
1922 2008 2253 2078 injustiore,
2283 2023 2355 2063 ac
2383 2007 2664 2079 rapidum
2684 2022 2758 2062 ex
2796 2006 2991 2073 tardo,
3022 2011 3080 2061 et
3111 2021 3179 2062 ex
3232 2006 3478 2063 meliore

1818 2098 2012 2168 pejus.
2042 2099 2108 2151 Et
2135 2100 2347 2151 tractat
2375 2095 2506 2167 ejus
2533 2094 2864 2167 propositio
2901 2094 2978 2149 de
3006 2094 3322 2165 quibusvis
3394 2099 3481 2150 ta-

1817 2183 1975 2240 libus
2003 2185 2084 2240 ita
2109 2200 2172 2239 se
2210 2183 2443 2239 habens
2468 2188 2525 2239 et
2553 2182 2857 2239 contraria
2875 2197 2950 2238 ex
2969 2183 3283 2238 contrariis
3306 2183 3480 2239 nasci

1818 2273 2161 2328 ostendens.
2207 2275 2431 2328 Etcum
2455 2272 2662 2328 omnia
2684 2270 2982 2328 contraria
3010 2270 3134 2327 duo
3160 2270 3297 2341 sint,
3325 2271 3478 2327 inter

1816 2360 1916 2416 illa
1954 2360 2106 2415 duas
2131 2376 2376 2432 quoque
2408 2359 2820 2429 generationes
2866 2358 3057 2430 ponit,
3110 2374 3185 2414 ex
3234 2374 3359 2415 uno
3396 2357 3477 2415 ad

1817 2448 2093 2518 alterum,
2125 2454 2183 2504 et
2212 2464 2283 2504 ex
2312 2449 2427 2504 hoc
2457 2449 2535 2504 ad
2564 2447 2733 2503 illud.
2768 2447 2924 2502 Inter
2958 2447 3159 2519 majus
3208 2447 3370 2503 enim
3418 2451 3478 2504 et

1816 2539 2019 2593 minus
2049 2543 2136 2593 est
2164 2538 2601 2594 incrementum
2632 2540 2690 2592 et
2717 2536 3115 2608 corruptio.Et
3132 2552 3325 2592 unum
3343 2536 3472 2608 qui-

1816 2626 1954 2682 dem
1986 2641 2247 2682 crescere
2263 2625 2554 2691 nominat,
2588 2624 2841 2680 alterum
2871 2639 3013 2680 vero
3052 2624 3377 2696 corrumpi,
3417 2629 3476 2681 et

1816 2717 2221 2783 coagmentari
2253 2720 2309 2771 et
2327 2714 2626 2787 dissipari,
2652 2718 2711 2769 et
2762 2713 3141 2783 refrigescere
3194 2719 3252 2769 et
3305 2714 3473 2770 inca-

1814 2805 2141 2865 lescere.et
2166 2804 2371 2859 omnia
2399 2804 2503 2860 ita.
2551 2803 2661 2859 etsi
2706 2802 2927 2859 alicubi
2984 2802 3334 2859 nominibus
3384 2792 3473 2858 nu’

1814 2909 1936 2949 non
1966 2893 2141 2949 liceat
2194 2896 2274 2948 Re
2303 2892 2549 2964 quidem
2580 2892 2713 2963 ipsa
2751 2890 2976 2962 ubique
3006 2891 3089 2946 sic
3108 2906 3242 2947 esse
3267 2906 3473 2947 neces-

1818 2982 2043 3036 sarium
2072 2985 2178 3050 est,
2212 2980 2328 3035 alia
2357 2996 2429 3034 ex
2450 2980 2585 3034 aliis
2619 2978 2814 3045 nasci,
2854 2983 2913 3033 et
2963 2979 3276 3051 utriusque
3339 2977 3472 3034 ﬁeri

1814 3076 2088 3124 mutuam
2116 3068 2580 3137 generationem.
2614 3073 2804 3138 Atque
2825 3066 3006 3136 igitur
3040 3066 3258 3136 vigilia
3304 3082 3469 3123 som-

1764 3190 1776 3205 η
1813 3173 1959 3212 num
1995 3156 2518 3212 dicitcontrarium
2550 3171 2700 3221 esse,
2732 3160 2789 3210 et
2816 3155 2951 3210 vita;
2971 3158 3249 3222 mortem,
3287 3159 3346 3211 et
3394 3171 3469 3212 ex

1811 3248 1926 3302 hac
1983 3246 2402 3316 conjunctione
2442 3244 2568 3300 ﬁeri
2617 3243 3051 3313 generationes,
3123 3259 3193 3299 ex
3268 3242 3468 3315 vigilia

1813 3350 2117 3402 somnum,
2144 3351 2174 3389 e
2197 3350 2412 3389 somno
2438 3331 2954 3388 resurrectionem.
2989 3334 3069 3387 De
3097 3332 3217 3388 vita
3261 3337 3466 3388 autem

1811 3440 1881 3478 ac
1913 3430 2122 3488 morte,
2152 3422 2514 3495 quomodoe
2554 3426 2673 3478 Vita
2742 3421 3044 3490 generatio
3099 3420 3178 3477 ad
3232 3425 3469 3477 contra-

1808 3514 1985 3576 rium,
2019 3520 2272 3567 mortem
2301 3511 2538 3573 scilicet,
2561 3510 2685 3581 ﬁat,
2710 3514 2769 3565 et
2795 3525 2865 3565 ex
2894 3513 3085 3566 morte
3132 3509 3212 3565 ad
3251 3509 3465 3566 revivi-

1811 3603 2123 3667 scentiam,
2153 3607 2332 3672 atque
2362 3601 2442 3655 ita
2468 3599 2687 3655 mortui
2703 3614 2777 3654 ex
2805 3598 3145 3654 viventibus
3167 3598 3283 3654 sint
3301 3597 3465 3663 dicit,

1806 3690 2075 3745 viventes
2098 3705 2242 3745 vero
2270 3705 2303 3745 e
2328 3688 2627 3744 contrario
2659 3703 2731 3743 ex
2760 3687 3012 3743 mortuis
3043 3706 3057 3754 ;
3087 3691 3145 3742 et
3164 3687 3295 3742 haec
3321 3687 3466 3743 dicit

1809 3779 1991 3846 Plato,
2024 3780 2231 3833 ethaec
2294 3794 2406 3834 nos
2474 3778 2765 3833 sentimus
2824 3790 3085 3850 eumque
3132 3776 3463 3849 sequimur,

1806 3874 1984 3939 atque
2012 3868 2135 3923 haec
2164 3873 2318 3923 recte
2350 3884 2411 3922 se
2442 3866 2683 3922 habent.

64 3960 248 4027 φησίν
278 3953 519 4022 ἐναντίον,
586 3958 676 4005 καὶ
736 3962 807 4023 τῷ
874 3953 969 4023 ζῇν
1047 3949 1306 4010 δήπουθεν
1379 3957 1436 4005 1'6
1493 3957 1751 4025 τεθνάναι,
1814 3962 1904 4009 καὶ
1968 3956 2046 4008 ἐπ’
2097 3956 2292 4018 ἐκείνης
2342 3960 2431 4028 μὲν
2480 3964 2571 4016 τῆς
2648 3958 2902 4025 συζυγίας
2955 3956 3051 4015 τὰς
3102 3958 3327 4025 γενέσεις
3384 3950 3462 4007 εἶ·-

59 4065 188 4111 ναι,
238 4042 340 4095 ἀπὸ
398 4045 486 4114 μεν
552 4050 643 4093 τοῦ
708 4039 1044 4116 έφρηγορέναι
1108 4045 1167 4092 τὸ
1225 4038 1635 4114 καταδαρθάνειν
1681 4047 1749 4111 ⁵⁸,
1807 4045 1909 4097 ἀπὸ
1967 4042 2025 4098 δὲ
2085 4047 2129 4081 ⁵⁷
2177 4054 2268 4097 τοῦ
2317 4041 2591 4097 καθεύδειν
2646 4046 2705 4095 τὸ
2759 4041 3120 4117 ἁνεγείρεσθαι

3173 4064 3186 4076 -
3254 4037 3459 4096 inid“:

62 4136 223 4196 ζωῆς
262 4137 351 4183 καὶ
384 4133 626 4192 θανάτου,
660 4139 767 4188 πῶς
790 4128 890 4181 ἀπὸ
920 4133 1009 4200 μὲν
1037 4148 1127 4181 του
1151 4130 1245 4201 ζῇν
1275 4134 1472 4200 γένεσις
1509 4136 1640 4205 πρὸς
1667 4135 1959 4185 τούναντιον
1998 4138 2056 4185 τὸ
2108 4136 2369 4200 θνήσκειν,
2416 4131 2517 4184 ἀπὸ
2581 4129 2641 4184 δε
2699 4138 2794 4183 τοῦ
2862 4132 3103 4183 τεθνάναι
3148 4132 3257 4201 (37)
3307 4126 3463 4206 αὖθις

61 4228 137 4275 τὸ
168 4219 616 4287 ἀναϐοώσκεσθαι,
646 4239 737 4270 και
762 4220 896 4270 οὕτω
928 4215 994 4276 δὴ
1026 4217 1140 4277 τούς
1180 4220 1452 4280 τεθνεῶτας
1482 4223 1537 4272 ἔκ
1566 4218 1666 4272 των
1695 4223 1901 4282 ζῶννωτ
1941 4227 2098 4294 φησίν
2153 4230 2301 4285 εῖναι,
2332 4224 2451 4282 τοὺς
2478 4216 2529 4272 δ’
2584 4220 2651 4271 αὖ
2702 4220 2901 4282 ζῶντας
2937 4219 2992 4272 ἐκ
3030 4228 3130 4272 τῶν
3176 4220 3460 4272 τεθνεώτων

62 4312 337 4365 τάναντία
356 4313 503 4368 ὄντας
533 4324 545 4337 ’
588 4312 678 4360 καὶ
714 4316 880 4359 ταῦτα
906 4307 953 4341 ⁵⁸
988 4303 1054 4365 δὴ
1092 4306 1326 4375 Πλάτων,
1357 4314 1447 4360 καὶ
1471 4314 1602 4381 πρὸς
1628 4313 1774 4381 ἡμῶν
1803 4330 1863 4382 γε
1890 4319 2076 4380 ταυτα,
2110 4316 2200 4363 καὶ
2218 4317 2367 4382 ἡμεῖς
2415 4308 2660 4380 ἑπόμεθα,
2713 4328 2804 4360 και
2851 4307 3014 4383 ὀρθῶς
3034 4307 3170 4380 ἕχει.

152 4398 224 4457 η’.
259 4398 333 4450 Οὐ
369 4398 469 4468 μὴν
497 4395 603 4448 ἀλλ’
626 4393 816 4449 εἱδεναι
841 4394 1155 4467 βουλομεθα,
1189 4404 1323 4458 τινος
1355 4400 1495 4459 ὄντος
1535 4396 1680 4449 ἐλάτ-
1716 4402 1757 4455 D

58 4507 237 4547 τονος
280 4505 368 4537 και
407 4504 466 4556 γε
514 4484 880 4556 αὐξανομένου,
936 4488 992 4535 τὸ
1041 4484 1217 4555 μεῖζον
1254 4488 1460 4555 γεγονὸς
1510 4488 1678 4541 ἔσται.

56 4576 243 4630 ἄλλον
271 4570 338 4631 δὴ
366 4593 524 4641 τινος,
564 4580 593 4631 ἡ
618 4592 705 4643 ογε
729 4573 775 4607 ⁵⁸
811 4580 898 4623 νῦν
938 4571 1050 4623 ἐστι
1088 4574 1285 4643 μεῖζον,
1349 4577 1379 4630 ἢ
1434 4574 1560 4626 αὐτὸ
1610 4572 1678 4633 δὴ

55 4672 262 4733 τοῦτο,
294 4664 497 4714 ΐλαττον
525 4665 580 4713 ὅν
608 4667 877 4735 πρότερον,
902 4679 1022 4733 πριν
1067 4656 1309 4718 δηλονοτι
1346 4662 1518 4732 μεῖξον
1548 4668 1683 4733 γενέ-

1865 4404 1915 4455 8.
1950 4404 2222 4454 Attamen
2252 4400 2398 4454 scire
2430 4398 2713 4452 volumus
2780 4412 2853 4453 ex
2919 4413 3043 4469 quo
3098 4395 3332 4454 minore
3388 4413 3460 4455 ac

1792 4493 2094 4543 crescente
2119 4486 2226 4542 fiat
2246 4487 2466 4557 majus,
2498 4489 2697 4541 utrum
2728 4501 2802 4541 ex
2822 4485 2941 4541 alio
2972 4486 3241 4558 quodam
3272 4501 3461 4558 quam

1791 4575 1957 4647 quod
1983 4591 2143 4630 nunc
2179 4576 2375 4646 majus
2401 4580 2506 4644 est,
2542 4589 2621 4629 an
2678 4573 2739 4629 id
2795 4574 2997 4647 ipsum
3049 4575 3219 4648 quod
3255 4575 3460 4633 minus

1793 4670 1918 4721 erat
1950 4667 2302 4737 priusquam
2331 4664 2533 4735 majus
2557 4662 2746 4732 ﬁeret,
2776 4663 2997 4721 deinde
3025 4664 3251 4736 majus,
3289 4663 3459 4737 quod

1423 4783 1651 4853 Variae
1697 4784 2044 4854 lectiones.

148 4928 299 5006 vim
323 4940 448 5006 non
479 4926 566 5006 est
594 4922 808 5006 in‘Yat.
840 4998 852 5006 Δ
888 4924 938 4959 ⁵³
960 4926 1315 5006 ξοάνων-νει.
1395 4926 1443 4959 ⁵⁸
1474 4924 1640 4978 ἐνίασι
1673 4928 1708 4981 V

1819 4929 1849 4983 l.
1930 4930 1977 4965 ⁸³
2002 4930 2274 5001 γίγνεσθαι
2302 4931 2427 4985 Vat.
2505 4931 2554 4965 ⁵⁵
2584 4926 2934 5006 καταδαρθεῖν
2963 4929 3112 4985 Vat.
3204 4928 3250 4963 ⁵⁷
3281 4925 3385 4980 ἀπὸ
3438 4922 3475 4979 δ

42 5008 139 5055 αὐ
170 5000 300 5055 Vat.
374 4997 423 5031 ⁵⁸
448 4999 539 5069 μεν
561 4993 727 5050 addit
752 4997 883 5050 Vat.
960 4996 1007 5029 ‘9
1030 4993 1113 5047 ὅτε
1140 4996 1306 5051 Vind.

1640 5096 1857 5166 Notae.

150 5238 273 5306 (36)
299 5231 852 5307 PlotinusinAlibro,
884 5234 1035 5307 Quid
1050 5236 1297 5307 animal,
1324 5237 1470 5307 quid
1493 5237 1686 5301 homo,

45 5328 138 5384 p.
162 5300 203 5361 ’1
245 5300 289 5361 Α
314 5306 490 5384 Basil.
527 5300 804 5384 :v'Hd‘o'aar
831 5300 1359 5384 και-λύποιφοϐοίτε
1426 5327 1513 5359 και
1568 5300 1688 5384 θάῤ4

39 5372 141 5461 ῥη
172 5409 244 5417 -—
271 5382 408 5438 τίνος
438 5378 499 5461 οἶν
530 5372 623 5428 εἷεν
649 5393 663 5443 ;
688 5380 717 5433 ἤ
747 5379 849 5449 γὰρ
916 5372 1144 5460 ψυχῆς
1176 5378 1203 5435 ἠ
1255 5383 1529 5461 χρωμένης
1586 5372 1687 5449 ψυ-

50 5448 199 5529 χῆς
222 5456 446 5519 σώματι,
479 5448 507 5506 ἡ
544 5452 721 5522 τρίτου
747 5445 886 5508 τιν’ὸς
934 5445 1227 5519 ὲξννὰμφοῖν
1255 5445 1310 5498 κζ
1351 5445 1399 5502 τ’.
1452 5450 1499 5503 λ.
1561 5445 1697 5529 qua“:

48 5499 390 5591 gxﬁderﬁsit
429 5499 709 5591 Sl‘iid‘asit.
746 5520 813 5583 ll,
939 5499 1003 5573 liti
1030 5499 1195 5574 Κίιέῑ.
1234 5499 1542 5575 Plotinlani

1025 5592 1129 5643 .42
1156 5594 1219 5655 A,
1244 5593 1491 5663 323,311).
1515 5590 1595 5663 cf.
1644 5610 1705 5647 ι).

1035 5702 1052 5725 ,
1080 5676 1140 5732 p.
1173 5660 1447 5734 240_Bip._
1466 5661 1559 5716 Ad
1613 5663 1710 5717 Τί-

55 5610 205 5654 ons
261 5588 420 5646 estin
440 5588 697 5644 Platonis
719 5588 953 5654 Tt’mézo,

62 5670 222 5725 423.
257 5661 424 5717 Adde
454 5660 730 5730 Sympos.
763 5676 825 5733 p.
858 5664 959 5715 207

1797 5256 2019 5313 mwump
2037 5240 2259 5295 adhibe
2283 5239 2551 5313 Proclum
2566 5240 2625 5313 in
2639 5241 3036 5313 Commentar.
3065 5243 3247 5312 p.326
3268 5256 3468 5313 seqq.,

1797 5316 1853 5365 et
1879 5311 2083 5366 confer
2107 5328 2209 5383 eos
2233 5312 2336 5382 qui
2386 5327 2458 5366 ex
2482 5310 2702 5383 eodem
2734 5312 2895 5367 fonte
2918 5326 3029 5367 sua
3062 5310 3237 5383 prata
3264 5310 3461 5381 irriga-

1796 5389 1936 5436 ruut
1963 5382 2290 5454 z-l’orphyr.
2322 5384 2402 5436 Dr
2429 5382 2704 5454 abstini
2724 5384 2813 5451 33,
2845 5398 2904 5454 p.
2935 5386 3001 5437 5i
3025 5400 3038 5450 ;
3066 5382 3464 5454 ’Damascinm

1815 5398 1936 5436 ‘Illll
1963 5400 1975 5435 ζ
2007 5398 2290 5454 ιὀτρῑιγν.
2322 5398 2402 5436 UP
2429 5398 2648 5436 αοειιη.
2666 5398 2704 5449 l,
2724 5398 2813 5451 δῦ,
2892 5426 2904 5438 .
2935 5398 3038 5450 5η
3074 5398 3460 5439 uamascmm

1815 5457 1946 5526 Περί
1972 5451 2099 5524 ἀρχ.
2138 5474 2188 5521 ιι.
2222 5456 2326 5507 219
2371 5470 2385 5519 ;
2441 5450 2684 5507 Michael
2735 5398 2995 5509 PseBum
3061 5458 3187 5526 Περί
3234 5450 3460 5508 παντοδ.

1814 5521 1968 5577 πα-ιδ.
2006 5521 2150 5579 ἐξίοι,
2181 5527 2271 5582 44,
2305 5539 2362 5594 p.
2398 5527 2514 5576 103.

1888 5598 1999 5665 {37)
2029 5595 2205 5667 Mori,
2237 5591 2537 5667 mentium
2568 5606 2706 5647 esse.
2736 5591 2821 5649 Cf.
2853 5593 3159 5667 Wyttenb.
3212 5594 3293 5651 ad
3345 5592 3470 5650 Pla-

1819 5663 1942 5720 ton.
1974 5665 2287 5729 Phwdon.,
2305 5679 2365 5735 p.
2385 5663 2489 5717 142
2518 5678 2686 5734 seqq.
