4064 6308
545 300 678 360 ιιει

1905 287 2283 352 NICEPHOBI
2308 287 2576 349 CHUMNI

3790 293 3905 350 me

542 430 654 494 est,
685 422 910 482 factum
953 421 1046 478 sit.
1105 421 1174 479 Et
1218 419 1466 494 quidem
1517 419 1685 478 Plato
1737 418 1999 492 priorem
2066 430 2196 473 sen-

2329 417 2453 482 reau,
2487 412 2580 469 εἶθ’
2608 416 2730 489 ὅπερ
2759 417 2872 471 ἔστι
2893 417 3064 489 γέγονε
3093 416 3268 488 μεῖζον
3299 414 3348 451 ⁸ο
3378 435 3390 449 ·
3415 433 3504 467 και
3534 416 3642 488 μὴν
3656 435 3753 468 και
3772 416 3912 477 eniti;

543 515 791 572 tentiam
823 525 1175 584 supponens
1215 525 1336 567 non
1376 525 1450 567 ex
1503 510 1688 566 altero
1727 509 1958 566 minore
1997 506 2196 576 majus

543 604 768 663 factum
798 617 930 660 esse
986 600 1240 656 alterum
1291 599 1455 668 dixit,
1513 599 1804 673 quoniam
1861 599 1944 656 ita
2000 596 2195 653 homi-

543 711 692 754 num
722 691 1024 763 generatio
1053 705 1176 746 non
1208 693 1384 746 esset.
1434 689 1746 755 Quomodo
1793 689 1953 745 enim
2004 690 2201 760 potest

545 784 681 854 dici,
715 783 900 841 altero
929 782 1366 838 incrementum
1433 784 1535 837 aut
1590 779 2034 852 corruptionem
2092 793 2199 848 pa-

543 874 743 940 tiente,
803 871 970 945 quod
1026 869 1171 926 illud
1214 885 1432 942 passus
1511 873 1622 940 est,
1701 869 1814 926 hoc
1882 868 1942 924 in
2016 867 2200 922 altero

546 961 773 1020 factum
795 976 926 1017 esse
952 961 979 1017 ?
1005 963 1190 1030 MaJus
1218 960 1377 1014 enim
1401 975 1529 1014 esse
1556 975 1626 1014 ac
1647 959 1846 1014 minus
1877 972 2027 1024 esse,
2054 954 2202 1010 illud

549 1067 694 1108 sane
725 1055 781 1107 et
805 1048 990 1115 aliud,
1023 1064 1143 1104 non
1167 1054 1365 1104 autem
1399 1052 1488 1103 est
1519 1047 1676 1103 aliud
1712 1052 1768 1102 et
1820 1045 1984 1102 aliud
2034 1044 2095 1100 id
2141 1045 2201 1100 in

547 1156 670 1215 quo
699 1139 828 1196 haec
855 1138 1024 1194 ﬁunt.
1057 1142 1247 1210 Atque
1280 1137 1458 1206 igitur
1487 1136 1560 1192 de
1592 1151 1806 1192 somno
1832 1151 1901 1192 ac
1953 1133 2152 1205 vigilia
2185 1149 2199 1199 ;

549 1230 655 1304 qui
684 1244 843 1286 nunc
873 1227 1112 1292 dormit,
1153 1225 1248 1282 ille
1288 1225 1536 1282 omnino
1567 1224 1888 1297 evigilabit.
1919 1226 1986 1279 Et
2030 1237 2202 1292 gene-

549 1318 812 1377 rationes
843 1317 1102 1373 duorum
1127 1315 1563 1372 contrariorum
1593 1320 1766 1385 sunt;
1795 1329 1917 1368 non
1946 1313 2100 1368 alius
2117 1315 2206 1367 est

551 1406 658 1480 qui
686 1405 989 1462 obdormit
1020 1409 1199 1478 atque
1223 1403 1308 1460 ita
1334 1419 1549 1460 somno
1579 1402 1888 1476 premitur,
1949 1406 2006 1457 et
2054 1399 2205 1456 alius

549 1497 654 1571 qui
685 1495 943 1566 evigilat,
977 1495 1081 1551 sed
1112 1494 1274 1550 idem
1305 1495 1434 1550 haac
1467 1493 1612 1549 duo.
1649 1496 2040 1549 Etmortuum
2073 1506 2204 1546 esse

551 1585 809 1643 dicimur
833 1601 972 1641 eum
1011 1583 1116 1656 qui
1172 1584 1337 1656 prius
1378 1583 1617 1638 vivebat
1667 1599 1681 1647 ;
1732 1587 1790 1638 et
1838 1597 1912 1636 ex
1968 1585 2204 1637 mortuo

550 1673 902 1732 reviviscere
931 1671 1164 1727 nullum
1195 1671 1401 1736 alium,
1464 1671 1568 1726 sed
1613 1669 1785 1726 illum
1854 1670 2052 1742 ipsum
2103 1668 2207 1741 qui

2309 504 2516 558 Πλάτων
2547 505 2595 557 ἐν
2626 502 2688 579 τῇ
2723 508 2967 559 ὑποθέσει
2994 508 3052 562 τὸ
3084 511 3327 579 πρότερον
3358 507 3459 566 Ou;
3514 504 3611 558 οὐκ
3681 504 3741 568 ἐξ

2307 613 2450 657 τονος
2476 594 2648 668 ἐτέρου
2672 591 2738 654 δή
2777 615 2910 656 τινος
2958 599 3119 662 ὄντος,
3167 598 3334 668 ἕτερον
3395 597 3556 666 ἔφησε
3614 596 3806 667 μεῖζον
3849 616 3912 666 7:-

2307 685 2507 749 νέσθαι,
2545 682 2653 736 ἐπεί
2696 683 2828 737 οὕτω
2885 703 2940 756 γε
2976 681 3100 738 οὐδὲ
3151 687 3350 754 γένεσις
3403 682 3697 756 ἀνθρώπων
3752 687 3801 720 ει
3837 686 3912 738 οὐκ

2309 774 2370 825 ἄν
2393 776 2491 831 εἰη.
2525 779 2641 835 Πως
2668 775 2769 848 γὰρ
2789 774 2930 828 ἐστιν
2957 774 3127 848 ἑτέρου
3156 775 3459 845 πάσχοντος
3482 773 3720 836 αὔξησιν
3750 774 3780 833 ἦ

2313 882 2417 931 σιν,
2444 866 2474 916 ὅ
2510 859 2577 921 δὴ
2606 864 2850 916 πέπονθεν
2891 862 3068 928 ὶκεῖνο,
3102 863 3243 915 τοῦτ’
3301 861 3348 914 ἐν
3400 864 3556 937 ἑτέρῳ
3605 865 3913 934 γεγενὶσθίι

2307 951 2470 1023 λέγειν
2512 969 2526 1020 ;
2557 953 2734 1024 μεῖζον
2757 953 2804 988 ⁸³
2834 955 2935 1026 γὰρ
2970 949 3100 1006 εἶναι
3135 972 3223 1005 και
3249 952 3454 1005 ἔλαττον
3483 950 3640 1017 εἶναι,
3667 954 3796 1006 ἄλλο
3825 949 3912 1010 3i:-

2309 1045 2498 1096 πουθεν
2528 1063 2616 1095 και
2633 1043 2754 1096 ἄλλο
2777 1044 2870 1095 οὑκ
2901 1043 3024 1096 ἄλλο
3057 1041 3116 1096 δε
3135 1063 3225 1096 και
3250 1043 3370 1096 ἄλλο
3393 1044 3441 1078 ⁸³
3480 1043 3557 1115 ἐφ’
3678 1041 3748 1101 δὴ
3811 1049 3915 1115 γέν-

2311 1151 2451 1184 νετοιι
2480 1141 2647 1185 ταῦτα
2674 1154 2686 1166 ·
2721 1153 2810 1185 και
2848 1137 3018 1185 τοίνυν
3053 1132 3136 1186 ἐπί
3160 1140 3251 1185 τοῦ
3298 1129 3574 1185 καθεύδειν
3637 1153 3735 1185 και
3783 1137 3918 1208 E79:-

2311 1225 2538 1294 γορέναι,
2570 1222 2624 1284 ὃς
2663 1223 2724 1275 ἄν
2753 1221 2840 1274 νῦν
2871 1219 3120 1275 καθεύδοι
3146 1224 3215 1290 ⁵³,
3245 1222 3390 1283 οὗτος
3417 1218 3595 1280 δήπου
3628 1243 3723 1273 και
3778 1221 3918 1293 ἔγρεο

2313 1316 2478 1383 γορὼς
2527 1312 2676 1363 ἔσται
2733 1331 2822 1363 και
2873 1314 2926 1364 αὶ
2970 1315 3189 1383 γενέσεις
3243 1307 3390 1364 δυοῖν
3471 1313 3646 1364 ὁντοιν
3730 1315 3918 1364 τούτου

2315 1399 2581 1466 ἐναντίοιν,
2610 1399 2703 1452 οὐκ
2751 1399 2905 1452 οῖλλου
2965 1404 3099 1461 τινὸς
3164 1408 3256 1452 τοῦ
3309 1397 3815 1474 καταδαρθάνοντος
3855 1407 3922 1454 ἐν·

2315 1508 2419 1550 τος.
2453 1509 2543 1541 και
2583 1489 2716 1542 οὕτω
2769 1487 3128 1558 καθεύδοντος,
3191 1490 3358 1563 ἔτερος
3420 1489 3773 1561 ἀνεγείρεται,
3829 1491 3920 1542 ἀλλ’

2317 1578 2520 1640 ὀαύτὸς
2545 1586 2712 1631 ταῦτα
2771 1600 2784 1614 ο
2835 1599 2925 1631 και
2975 1581 3272 1638 τεθνηκέναι
3321 1583 3481 1651 φαμεν
3535 1583 3624 1631 τὸν
3684 1586 3927 1654 πρὸξ-ερον

2320 1666 2490 1730 ζῶντα
2544 1689 2554 1702 ·
2603 1666 2658 1719 ἐκ
2710 1665 2769 1720 δε
2820 1677 2907 1720 τοῦ
2955 1671 3228 1730 τεθνεῶτας
3277 1667 3671 1721 ἁναϐιώκεσθαι
3747 1667 3925 1722 οὐδένα

551 1767 828 1819 mortuus
856 1760 1068 1830 fuerat,
1095 1759 1616 1834 quemadmodum
1643 1760 1716 1815 de
1745 1759 2082 1814 dormiente
2107 1759 2210 1830 qui

2329 1765 2421 1809 τῶν
2478 1756 2662 1825 ἄλλων,
2697 1757 2851 1810 αὐτὸν
2900 1753 2950 1810 δ’
3007 1756 3193 1810 ἐκεῖνον
3245 1761 3330 1810 τὸν
3373 1760 3670 1816 τεθνηκότα
3720 1760 3773 1795 ⁵⁸
3817 1763 3935 1812 κατέ

551 1867 795 1909 rursum
826 1849 1087 1920 evigilat.
1121 1853 1186 1906 Et
1241 1849 1324 1905 sic
1376 1865 1407 1905 θ
1458 1849 1673 1905 minori
1734 1853 2036 1904 crescente
2089 1863 2214 1903 ma-

548 1942 650 2015 jus
672 1939 944 1996 eﬁ‘ectum
978 1945 1089 1996 est.
1112 1942 1317 1995 Nonne
1341 1938 1424 1995 sic
1481 1954 1553 1994 ea
1606 1954 1667 1994 se
1721 1937 1946 1993 habent
1993 1937 2020 1992 ‘2
2079 1937 2216 1992 0m-

555 2030 700 2086 nino
741 2029 844 2085 sic.
871 2027 1012 2084 Vide
1043 2027 1222 2097 igitur
1272 2033 1329 2084 et
1376 2027 1692 2084 considera
1755 2026 1900 2100 quid
1946 2025 2220 2082 dicamus

553 2119 863 2176 hominem
907 2134 1056 2174 esse.
1116 2117 1351 2174 Animal
1405 2116 1647 2173 mortale
1701 2115 1972 2179 omnino,
2031 2115 2220 2180 dices,

568 2214 774 2265 mente
801 2213 857 2265 et
879 2207 1110 2263 ratione
1164 2208 1488 2277 animaque
1520 2205 1790 2261 rationali
1830 2205 2231 2277 praeditum,et

557 2297 860 2370 duplicem
887 2313 1026 2352 eum
1056 2311 1188 2352 esse
1246 2295 1528 2364 dicimus,
1592 2311 1662 2350 ex
1719 2293 1960 2349 duobus
2011 2309 2224 2386 unum,

559 2391 616 2445 et
672 2385 1118 2458 corruptibilem
1170 2389 1226 2440 et
1283 2383 1820 2456 incorruptibilem.
1873 2383 2226 2456 corruptibi;

556 2474 675 2531 lem
735 2489 1000 2545 corpore,
1061 2471 1573 2544 incorruptibilem
1625 2474 1852 2538 anima,
1899 2487 2033 2543 quae
2099 2487 2225 2544 per-

561 2566 767 2619 manet
795 2568 852 2618 et
877 2577 1195 2634 nunquam
1224 2560 1593 2616 dissolvitur.
1621 2562 1764 2616 Cum
1813 2576 1976 2616 unus
2034 2561 2228 2633 specie

560 2653 746 2708 homo
810 2651 900 2717 sit,
973 2649 1358 2706 multifariam
1418 2649 1652 2705 divisus
1713 2654 1822 2704 est.
1876 2652 1939 2704 Et
1997 2655 2084 2706 est
2142 2654 2226 2706 to-

563 2746 658 2797 tus
679 2741 737 2797 in
758 2754 1145 2812 unaquaque,
1174 2739 1232 2794 in
1251 2744 1548 2812 quotquot
1580 2738 1892 2795 individua
1931 2738 2228 2794 dividatur

563 2845 636 2888 ac
709 2834 1072 2899 segregetur,
1135 2833 1192 2884 et
1271 2827 1540 2898 quolibet
1623 2827 2004 2883 individuum
2073 2827 2228 2899 pari-

566 2923 654 2976 tor
681 2921 770 2974 est
799 2922 1010 2986 totum,
1032 2933 1154 2989 qua
1185 2917 1369 2972 homo
1400 2921 1508 2972 est.
1545 2916 1652 2972 Sed
1689 2916 1914 2988 species
1971 2915 2221 2988 quidem

564 3007 782 3064 eadem
813 3022 1050 3080 semper
1079 3011 1282 3062 manet
1313 3021 1382 3062 ac
1409 3021 1646 3077 semper
1696 3004 2012 3060 incolumis
2043 3021 2057 3059 :
2115 3020 2226 3060 cas-

564 3101 692 3154 tera
704 3111 846 3153 vero
860 3112 980 3152 non
995 3095 1206 3152 eodem
1225 3095 1428 3162 modo,
1452 3095 1553 3150 sed
1576 3093 1907 3166 quomodo,
1925 3093 2230 3149 docebunt

565 3203 702 3259 quas
733 3191 1086 3258 sequuntur.
1117 3190 1308 3258 Atque
1338 3185 1455 3240 huc
1494 3184 1850 3239 devenimus
1897 3183 2079 3255 idque
2137 3182 2228 3238 di-

567 3275 714 3331 cturi
746 3291 974 3329 sumus.

638 3365 691 3416 9.
725 3365 871 3417 Cum
903 3361 1107 3416 anima
1133 3366 1188 3416 et
1211 3376 1461 3433 corpore
1485 3361 1671 3416 homo
1697 3364 1946 3426 constet,
1971 3375 2040 3416 ac
2067 3376 2226 3417 mor-

569 3449 700 3505 talis
733 3451 810 3505 sit
837 3451 1255 3521 unusquisque
1287 3465 1358 3505 ac
1378 3450 1789 3505 dissolutionis
1821 3466 2031 3521 capax,
2075 3450 2226 3506 dici-

568 3554 707 3593 mus
745 3538 905 3593 hunc
937 3543 992 3592 et
1020 3538 1174 3592 mori
1226 3553 1296 3593 ac
1347 3539 1531 3594 vitam
1584 3555 1885 3594 resumere
1947 3556 1962 3606 ;
2023 3538 2228 3611 quoad

570 3627 837 3682 animam
885 3625 1133 3699 quidem
1175 3643 1310 3699 quae
1361 3632 1450 3682 est
1495 3627 1869 3696 immortalis,
1939 3644 2061 3684 non
2141 3628 2228 3684 di-

569 3731 776 3772 cemus
801 3731 940 3771 eum
973 3717 1121 3771 mori
1148 3731 1348 3788 posse,
1403 3717 1693 3787 quoniam
1762 3733 1833 3772 ea
1880 3733 2077 3790 neque
2124 3733 2228 3789 po-

569 3809 680 3861 test
709 3805 884 3872 mori,
914 3821 1110 3876 neque
1141 3805 1509 3861 reviviscere.
1532 3807 1613 3860 Ex
1641 3811 1829 3861 morte
1857 3807 2015 3861 enim
2044 3808 2230 3862 oritur

568 3896 691 3950 vita
725 3900 781 3950 et
805 3911 874 3950 ex
923 3899 1185 3964 mortuo,
1235 3900 1296 3950 ut
1346 3893 1489 3950 dicit
1529 3893 1707 3960 Plato,
1771 3901 1828 3950 et
1881 3897 2008 3967 jam
2062 3911 2228 3950 mon-

571 3989 821 4040 stratum
855 3989 962 4042 est.
986 3985 1200 4040 Anima
1231 3988 1434 4040 autem
1458 3999 1578 4038 non
1603 3985 1915 4052 moriente,
1941 4000 2062 4040 non
2079 3985 2228 4040 veri-

569 4073 760 4132 simile
790 4079 879 4130 est
900 4089 1094 4146 neque
1118 4079 1313 4146 potest
1338 4073 1456 4128 dici
1484 4089 1618 4130 eam
1642 4074 2017 4130 reviviscere.
2047 4075 2227 4145 Cujus

570 4178 712 4234 ergo
764 4163 824 4218 id
873 4169 954 4219 est
1009 4164 1037 4219 ?
1098 4163 1358 4236 Reliquae
1403 4162 1626 4220 scilicet
1678 4163 1938 4219 hominis
2021 4165 2226 4235 partis,

567 4266 788 4322 nempe
812 4251 978 4324 quod
1009 4252 1161 4308 ineo
1183 4259 1291 4319 est,
1355 4252 1631 4308 animalis
1685 4269 1755 4308 ac
1817 4253 2111 4325 corporis.
2165 4255 2228 4309 l-Lt

571 4355 643 4395 ex
668 4339 767 4395 illo
805 4345 1042 4396 mortuo
1072 4356 1194 4397 non
1221 4341 1383 4397 aliud
1412 4356 1558 4397 sane
1583 4356 1805 4411 corpus
1845 4357 2040 4414 neque
2071 4341 2224 4397 alius

568 4427 755 4484 homo
805 4428 1129 4497 reviviscet,
1181 4429 1287 4485 sed
1340 4429 1389 4484 is
1437 4430 1541 4500 qui
1599 4429 1764 4502 prius
1815 4435 1942 4486 erat
2021 4430 2224 4485 vivens

567 4519 627 4572 et
667 4513 885 4572 deinde
937 4523 1209 4573 mortuus
1267 4522 1378 4573 est.
1433 4520 1498 4574 Et
1553 4534 1690 4574 cum
1766 4535 1889 4592 quo
1971 4534 2221 4590 corpore

568 4610 843 4662 mortuus
890 4609 977 4661 est
1031 4605 1446 4678 viviﬁcaliitur,
1516 4607 1660 4680 quia
1731 4622 1805 4664 ex
1887 4607 2223 4664 dormiente

2324 1865 2381 1919 γε
2424 1842 2666 1904 δηλονότι
2717 1849 2804 1900 τὸν
2855 1843 3197 1910 καθεύδοντα,
3251 1867 3341 1899 και
3386 1845 3535 1908 αὖθις
3623 1847 3943 1924 ἀνεγειρόμε-

2327 1955 2429 1990 νον.
2515 1943 2615 1988 Και
2680 1937 2739 1988 τὸ
2797 1933 2848 1999 ἐξ
2915 1935 3178 1997 ἐλάττονος
3227 1936 3574 2010 αὐξανομένου
3646 1944 3942 2010 γιγνόμενον

2331 2029 2506 2099 μεῖζον
2532 2026 2601 2080 ⁸⁸.
2629 2024 2695 2077 Ἠ
2723 2025 2827 2096 οὐχ
2857 2026 2991 2078 οὕτω
3029 2032 3194 2078 ταῦτα
3228 2043 3242 2092 ;
3289 2028 3494 2088 πάντως
3577 2028 3782 2090 οὕτως.
3831 2028 3950 2098 Ἔχε

2334 2111 2402 2173 δὴ
2435 2134 2525 2166 και
2553 2118 2755 2182 σκόπει,
2784 2118 2837 2167 τί
2865 2119 2990 2168 ποτε
3020 2134 3182 2187 φαμεν
3231 2114 3499 2174 ἁνθρωπον
3551 2112 3694 2168 εἶναι
3746 2135 3762 2180 ;
3828 2126 3950 2170 Ζὼςν

2337 2205 2520 2261 θνητὸν
2580 2206 2804 2268 πάντως,
2861 2203 3004 2276 ἐρεῖς,
3053 2211 3140 2256 νοῦ
3180 2224 3268 2256 και
3324 2203 3483 2275 λόγου
3542 2225 3636 2256 και
3686 2215 3788 2267 τῆς
3857 2208 3953 2258 κατ’

2340 2293 2492 2346 αὐτὸν
2523 2291 2715 2364 ψυχῆς
2773 2297 3017 2365 μετέχον,
3082 2313 3169 2344 και
3233 2290 3446 2345 διπλοῦν
3508 2295 3552 2328 ⁸⁷
3620 2295 3790 2347 αὐτὸν
3847 2294 3956 2348 εἶναί

2340 2401 2502 2455 φαμεν
2528 2384 2597 2450 θε,
2641 2383 2697 2434 ἐκ
2763 2379 2910 2434 δυοῖν
2956 2385 3060 2448 ἕνα,
3117 2403 3205 2435 και
3270 2385 3494 2456 φθαρτὸν
3540 2381 3613 2443 δὴ
3699 2405 3828 2438 τινα
3884 2405 3957 2438 και

2346 2471 2629 2546 ἄφθαρτον,
2670 2475 2728 2524 τὸ
2756 2477 2846 2545 μὲν
2887 2476 2944 2524 τὸ
2991 2481 3162 2545 σῶμα,
3200 2477 3256 2525 τὸ
3316 2469 3366 2525 δ’
3420 2473 3588 2531 αὐτήν
3641 2481 3744 2534 τὴν
3797 2477 3958 2549 pluo-J-

2341 2581 2435 2614 σαν
2467 2563 2512 2598 σθ
2546 2581 2634 2613 και
2659 2567 2787 2634 μήτι
2815 2582 2874 2633 γε
2927 2561 3176 2634 λυομένην
3238 2561 3444 2634 ψυχὴν,
3485 2564 3574 2624 Εἷς
3647 2561 3712 2617 δε
3771 2586 3861 2618 και
3909 2573 3952 2618 τὲ

2341 2647 2482 2712 εἶδος
2535 2651 2602 2701 ὧν
2669 2649 2957 2722 ἅνθρωπος,
3042 2651 3112 2713 εἰς
3197 2650 3350 2703 πλείω
3430 2655 3790 2726 μεμέρισται.
3873 2663 3955 2708 Kl:

2339 2742 2480 2794 ἔστιν
2503 2739 2941 2812 ὅλοςὲνὲκάστῳ,
2975 2741 3046 2814 ἐφ’
3117 2740 3205 2803 οὓς
3263 2738 3329 2799 δὴ
3405 2743 3456 2776 ⁷ο
3521 2741 3769 2815 ἀτόμους
3821 2746 3956 2805 ὄντας

2342 2825 2630 2904 διαιρεῖται
2668 2849 2758 2882 και
2809 2835 3064 2902 τέμνεται,
3132 2850 3222 2882 και
3284 2832 3504 2892 ἕκαστος
3569 2834 3760 2886 αὐτῶν
3824 2831 3953 2895 αὖθις

2339 2919 2453 2972 ὅλον
2481 2919 2619 2972 ἐστίν
2650 2921 2675 2972 ὅ
2711 2939 2761 2972 τι
2793 2917 2861 2978 δὴ
2921 2939 3010 2972 και
3061 2924 3278 2992 πέφυκεν
3336 2920 3640 2994 ἄνθρωπος,
3715 2924 3864 2982 Πλὴν
3891 2927 3956 2976 ὅτι

2337 3011 2476 3080 ’γετὸ
2507 3009 2598 3082 μὲν
2635 3005 2772 3072 εἶδος
2839 3010 2886 3062 ἐν
2961 3017 3134 3080 ταυτῷ
3195 3013 3334 3081 μένει
3397 3029 3488 3061 και
3540 3011 3654 3064 αἰεί
3700 3014 3755 3048 ⁷⁸
3816 3019 3960 3066 σεῖο-υ-

2272 3128 2311 3185 C
2343 3119 2484 3166 σται,
2511 3101 2578 3151 τὰ
2607 3096 2657 3152 δ’
2690 3101 2748 3152 οὓ
2794 3102 2880 3152 τὸν
2931 3100 2980 3134 ⁷³
3035 3099 3150 3152 ἶσον
3198 3103 3311 3171 ἔχει
3353 3104 3568 3172 τρόπον,
3649 3101 3769 3154 ἀλλ’
3837 3107 3958 3166 ὅπως

2338 3197 2431 3241 τοῦ
2459 3187 2638 3260 ἐφεξῆς
2677 3187 2737 3240 ἂν
2795 3187 2872 3247 εἴη
2924 3187 3101 3260 λόγου.
3159 3193 3258 3242 Καί
3300 3191 3428 3262 πρὸς
3479 3191 3634 3243 τοῦθ’

2340 3285 2466 3349 γοῦν
2492 3278 2774 3352 εἰρήσεται.

2416 3365 2477 3420 θ’.
2511 3365 2652 3419 Ἐπεί
2676 3369 2778 3441 ’γὰρ
2837 3366 2892 3419 ἐκ
2939 3365 3126 3439 ψυχῆς
3177 3387 3266 3419 και
3314 3372 3561 3439 σώματος
3620 3372 3882 3433 σύνθετος
3922 3373 3962 3405 ⁷³

2338 3457 2634 3529 ἄνθρωπος,
2665 3476 2756 3508 και
2807 3457 2988 3516 θνητὸς
3044 3457 3254 3517 ἕκαστος
3301 3476 3390 3508 και
3444 3456 3605 3508 λύσιν
3660 3456 3960 3533 δεχόμενος.

3710 3196 3836 3251 Exn
3885 3214 3964 3245 και

2339 3547 2500 3617 φαμεν
2535 3541 2594 3597 δὲ
2624 3553 2804 3597 τοῦτον
2861 3546 2910 3579 ’⁸⁸
2959 3565 3049 3597 και
3099 3547 3337 3603 θνήσκειν
3383 3565 3475 3596 και
3522 3547 3691 3599 παὶιν
3755 3547 3961 3601 ἀναϐιώ-

2341 3635 2580 3699 σκεσθαι,
2612 3637 2748 3686 κατά
2773 3636 2863 3706 μὶν
2911 3638 3005 3693 τὴν
3057 3633 3242 3706 ψυχὴν
3309 3632 3568 3686 ἀθάνατον
3627 3637 3833 3704 οὖσαν,
3889 3639 3963 3691 οὐκ

2339 3723 2398 3774 ἄν
2435 3728 2658 3794 φαίημεν
2687 3724 2736 3758 75
2782 3725 2898 3776 οὑτε
2947 3724 3161 3776 θάνατον
3206 3720 3615 3795 καταδέχεσθαι
3671 3728 3730 3762 ⁷⁵
3803 3749 3815 3762 ·
3875 3730 3963 3780 ἐπεί

2337 3809 2468 3884 μηδ’
2500 3815 2610 3863 ἔστι
2646 3814 2888 3870 θνήσκειν
2911 3813 3078 3871 αὐτὴν
3119 3813 3162 3847 77
3199 3814 3301 3864 οὔτ’
3328 3809 3393 3865 αὖ
3420 3813 3582 3865 πάλιν
3635 3816 3690 3850 ’⁷⁸
3754 3815 3958 3869 ἀναξιω-

2342 3902 2608 3953 σκεσθαι·
2646 3901 2700 3953 ἐκ
2752 3921 2854 3974 γαρ
2918 3910 3010 3954 τοῦ
3085 3904 3321 3954 τεθνάναι
3377 3909 3557 3966 τοῦτο,
3623 3924 3726 3956 και
3784 3926 3849 3978 γε
3891 3913 3959 3957 τοὶ

2338 3991 2630 4058 τεθνεῶτος,
2655 3991 2785 4042 καθὸ
2815 3986 2882 4049 δὴ
2909 3992 2957 4026 79
3008 3989 3219 4043 Πλάτων
3272 3995 3418 4063 φησί,
3476 4010 3575 4042 και
3626 3991 3750 4052 ἤδη
3813 3992 3962 4047 δέδει-

2339 4098 2478 4133 κται.
2513 4086 2706 4150 Ψυχῆς
2733 4075 2792 4132 δὲ
2817 4084 2889 4152 μὴ
2925 4081 3278 4144 θνησκούσης,
3311 4079 3403 4131 οὐκ
3425 4081 3575 4132 ἔστιν
3628 4083 3694 4134 οὐ
3749 4087 3846 4155 μὲν
3895 4080 3960 4134 οὖν

2339 4168 2475 4229 εἰκὸς
2525 4172 2741 4238 ταύτην,
2798 4164 2920 4221 οὐδὲ
2977 4167 3138 4239 λὲγεῖν
3193 4167 3646 4225 ἀναϐιώσκεσθαι.
3717 4178 3871 4233 Τίνος
3917 4169 3963 4222 δὲ

2336 4264 2490 4309 τοῦτο
2517 4274 2530 4324 ;
2555 4264 2647 4309 τοῦ
2677 4257 2861 4309 λοιποῦ
2895 4255 3168 4330 ἀνθρώπου
3199 4276 3287 4308 και
3308 4276 3366 4328 γε
3403 4257 3520 4328 (38)
3582 4267 3681 4311 τοῦ
3744 4261 3795 4312 ἐν
3843 4261 3961 4329 αὐτῷ

2342 4349 2475 4408 ζώου
2507 4366 2599 4397 και
2630 4351 2885 4418 σώματος.
2924 4352 3024 4398 Και
3077 4345 3129 4408 ἐξ
3181 4345 3339 4397 αὐτοῦ
3388 4364 3450 4417 γε
3493 4355 3593 4398 τοῦ
3651 4349 3706 4383 ιθ
3778 4352 3962 4402 τεθνεῶ-

2337 4453 2423 4496 τος
2478 4435 2571 4486 οὐκ
2629 4433 2750 4486 ἄλλο
2802 4431 2977 4492 δήπου
3027 4443 3180 4506 σῶμα
3245 4430 3360 4486 οὐδ’
3436 4433 3617 4509 ἕτερος
3705 4438 3957 4498 canistra:

2336 4523 2625 4598 ἅνθρωπος,
2683 4521 2788 4574 ἀλλ’
2846 4522 2897 4583 ὃς
2939 4523 3000 4580 ἦν
3053 4526 3297 4597 πρότερον
3359 4521 3487 4590 ζῶν,
3549 4521 3666 4576 εἶτα
3742 4529 3954 4581 {aQ-rus.

2339 4617 2438 4664 Καί
2503 4612 2614 4685 μεθ’
2659 4609 2718 4664 οὗ
2751 4608 2817 4670 δὴ
2873 4613 3084 4670 τεθνηκε
3143 4617 3406 4684 σώματος,
3468 4615 3612 4685 μετὰ
3671 4619 3865 4668 τοῦτον
3915 4614 3953 4648 ⁵⁸

1953 4713 2172 4783 Variae
2221 4714 2571 4784 lectiones.

641 4838 740 4899 ⁸οῆ
797 4838 924 4912 αὐτὸ
951 4869 1022 4879 —-
1063 4841 1271 4912 μεῖζον,
1302 4838 1560 4908 neglexit
1593 4842 1718 4897 Vat.
1795 4840 1839 4876 ⁶¹
1900 4839 2066 4892 αὐτῶν
2115 4841 2236 4894 Vat-

567 4913 614 4949 ⁸⁸
638 4909 882 4964 καθεύδει
915 4913 1038 4966 Vat.
1063 4909 1072 4912 ’
1117 4913 1163 4946 ⁸⁵
1194 4911 1444 4963 τεθνεῶτα
1474 4913 1593 4967 Vat.

571 4979 622 5034 δ’
655 4983 907 5055 αὗτὴνμ.
943 4985 1067 5040 Vat.
1144 4984 1194 5018 ⁷ο
1219 5002 1309 5055 και
1356 4983 1524 5055 addit
1573 4985 1691 5038 Vat.
1770 4985 1814 5018 7'
2014 4979 2133 5038 Vat.

570 5125 620 5159 το
651 5124 933 5181 χαιδάόίι
963 5128 1090 5183 Vat.
1175 5127 1223 5161 ⁸ο
1252 5134 1344 5178 τοῦ
1377 5124 1496 5182 neu
1521 5125 1705 5182 habet
1727 5127 1849 5182 Vat.

1673 4912 1720 4948 ⁸⁸
1745 4914 1950 4963 καιτὸι
1997 4912 2248 4982 -μείξω
2307 4913 2435 4973 Vat,
2512 4912 2555 4946 ⁸⁷
2611 4912 2690 4962 διτ

1681 5027 1691 5034 .
1770 4985 1814 5018 7'
1877 4981 1956 5034 ἀεί
2014 4985 2133 5034 Val.
2211 4984 2259 5018 ⁷³
2316 4979 2368 5034 δ’
2435 4982 2590 5034 αὐτὸν
2631 4981 2690 5034 Vi

571 4981 622 5034 δ’
655 4983 721 5034 αὖ
741 4987 833 5041 τὴν
851 5005 907 5055 μ.
943 4985 1067 5040 Vat.
1144 4984 1194 5018 ⁷ο
1219 5002 1307 5034 και
1356 4983 1524 5038 addit
1573 4985 1691 5038 Vat.
1770 4985 1814 5018 7'
1877 4981 1956 5034 ἀεί
2014 4981 2133 5038 Val.
2211 4984 2216 4994 ’

568 5055 618 5088 ⁷⁵
651 5061 834 5125 φαῖμεν
865 5057 990 5110 Vat.
1065 5055 1113 5091 7°
1142 5050 1537 5126 καταδεδέχθαι
1594 5057 1718 5110 Vat.
1793 5055 1837 5088 ⁷⁷
1870 5054 1979 5106 ἐπεί
2029 5084 2101 5094 —
2158 5055 2212 5105 θν

570 5125 620 5159 το
651 5143 741 5176 και
765 5124 933 5181 addit
963 5128 1090 5182 Vat.
1175 5127 1223 5161 ⁸ο
1252 5134 1344 5178 τοῦ
1377 5141 1496 5182 non
1521 5125 1705 5182 habet
1727 5127 1849 5182 Vat.
1931 5127 1972 5160 9'
1999 5143 2059 5182 ’γε
2081 5124 2216 5181 addi

2329 4981 2368 5034 λ’
2435 4982 2590 5034 αὐτὸν
2631 4981 2801 5037 Vind.
2878 4983 2927 5015 ⁷³

2329 5073 2425 5181 sit
2458 5054 2682 5110 adsunt
2732 5069 2770 5109 a
2818 5051 2986 5108 Vind.

1999 5143 2059 5196 γε
2081 5140 2268 5182 addit.
2324 5140 2441 5181 vat.

2317 4841 2364 4876 ⁸³
2417 4839 2649 4912 μείζονος
2698 4840 2820 4912 Vat.
2850 4839 2948 4912 “$3
2983 4837 3220 4912 _ov’xJ——
3253 4837 3372 4890 ἀλλο
3395 4908 3409 4912 _
3432 4837 3664 4912 desunt
3719 4841 3782 4897 in
3838 4842 3944 4894 Vat.

2512 4912 2555 4946 ⁸⁷
2611 4908 2794 4962 διπλον
2849 4909 3019 4966 Vind.
3101 4909 3148 4945 ⁵⁸
3198 4929 3288 4962 και
3335 4908 3534 4967 addit.
3595 4913 3728 4968 Vat.
3807 4915 3852 4948 ⁶⁹
3901 4919 3943 4959 τά

2878 4983 2927 5015 ⁷³
2993 4983 3236 5034 σύνθετον
3297 4982 3429 5038 Vat.
3509 4983 3562 5017 ⁷⁸
3624 4992 3787 5037 τοῦτο
3842 4986 3944 5037 \‘az.

3067 5053 3115 5088 τε
3162 5060 3226 5104 αῡ
3270 5071 3330 5109 π.
3387 5067 3516 5108 non
3567 5061 3664 5112 est
3718 5057 3784 5114 in
3837 5057 3941 5109 Vat

2145 5231 2366 5299 Notas.

643 5354 773 5428 (38)Δ
805 5355 996 5411 Semel
1046 5357 1338 5413 monitum
1389 5356 1524 5412 volo
1576 5355 1739 5428 quod
1795 5355 2215 5428 eruditioribus

570 5425 694 5483 non
721 5425 1044 5500 obscurum
1076 5434 1180 5500 est,
1213 5428 1358 5484 illud
1387 5434 1476 5480 καὶ
1512 5425 1612 5499 γε,”
1642 5442 1764 5500 quo
1799 5425 2067 5500 __miriﬁce
2119 5428 2217 5500 de-

568 5499 818 5554 lectatur
847 5498 1188 5568 Nathanael,
1223 5500 1306 5554 sic
1329 5498 1605 5569 junctum
1636 5498 1732 5554 vix
1757 5498 1936 5553 aliam
1958 5499 2216 5554 auctori-

571 5574 751 5626 tatem
794 5569 1014 5625 habere
1055 5585 1242 5642 quam
1302 5573 1469 5625 Lucae
1525 5569 2050 5642 evangelista-nix,
2096 5573 2162 5625 42
2197 5585 2211 5635 ;

569 5646 694 5698 Act.
721 5644 915 5712 apost,
941 5655 999 5712 ιι,
1037 5640 1100 5696 18
1157 5641 1528 5712 (quanquam
1560 5642 1674 5698 hoc
1719 5640 1852 5697 loco
1908 5641 2216 5711 insigniter

2323 5354 2769 5428 varianticodd.
2813 5369 2962 5411 mss.
3004 5353 3132 5411 Vid.
3202 5353 3560 5428 Griesbach.
3613 5357 3689 5412 Ν.
3750 5359 3844 5428 'l'.)
3893 5359 3933 5410 et

2324 5427 2857 5483 Alexandrinorum
2872 5427 3093 5499 interpr
3106 5467 3119 5480 .
3157 5441 3312 5498 quos
3330 5426 3429 5499 ille
3447 5428 3704 5485 assidue
3724 5426 3940 5484 tracta:-

2327 5499 2883 5554 scvideturﬂorum
2899 5497 3063 5555 locos
3076 5497 3378 5566 congessit
3396 5499 3622 5555 Bielius
3636 5501 3701 5557 in
3723 5502 3879 5560 Thes,
3895 5517 3933 5550 ι.

2325 5585 2387 5641 p.
2419 5575 2508 5634 9t,
2543 5569 2643 5624 ubi
2684 5570 2933 5640 Cyrillus
2957 5569 3215 5641 explicat
3264 5574 3489 5640 προσέτι
3545 5568 3633 5628 δὲ.
3703 5569 3927 5628 Hesvclz.

2325 5640 2378 5706 it,
2413 5643 2472 5713 p.
2506 5643 2626 5708 108,
2660 5640 3081 5712 interpretatur
3109 5640 3306 5695 animi;
