4064 6308
167 396 302 456 1433

1341 391 1514 455 ADV.
1551 387 1907 452 PLOTINUM
1943 390 2034 451 DE
2071 393 2314 456 ANIMA.

3384 402 3520 460 1434

162 525 251 576 καὶ
273 521 664 591 ζωὼσεται,ὅτι
694 523 764 597 μὴ
789 521 835 559 ⁸³
894 517 945 579 δ’
994 513 1194 579 ἰκτοῦ
1252 519 1600 585 καθεύδοντος
1655 520 1760 574 ἔτε-

1874 531 1994 576 non
2041 519 2224 581 alium
2272 522 2543 582 suscitari
2589 523 2869 594 dicimus,
2919 538 3117 599 neque
3162 523 3327 583 aliud
3386 542 3516 584 ma-

160 631 250 687 ρον
322 611 533 685 λέγομεν
608 613 970 688 ἐγρηγορέναι,
1044 610 1174 686 μηδ’
1227 612 1349 665 ἄλλο
1393 611 1570 685 μεῖζον
1627 614 1758 682 γίνε-

165 703 291 757 σθαι
329 700 398 768 ⁸³,
432 702 462 760 ἦ
494 701 600 772 ὅγε
636 706 882 775 πρότερον
935 705 1200 775 τυγχάνον
1249 711 1310 762 ῆν
1374 701 1602 757 ἔλαττον.
1665 702 1763 752 Καὶ

159 797 286 863 γοῦν
317 789 370 853 ἐξ
386 789 553 842 αὐτῶν
585 786 653 850 δὴ
687 791 735 827 ⁸⁸
787 799 887 844 τῶν
940 799 1032 845 τοῦ
1090 791 1361 867 Πλάτωνος
1415 793 1600 844 θέσεων
1629 788 1764 842 οὕτω

162 877 232 939 δὴ
260 883 349 932 καὶ
402 875 687 946 δέδεικται,
736 880 800 933 τά
849 899 904 933 τε
957 879 1085 933 ἄλλα
1136 879 1339 933 ἐναντία
1395 883 1516 933 ὄντα
1554 877 1608 931 ἐκ
1665 885 1764 932 τῶν

162 968 402 1022 ἐναντίων
451 971 707 1039 γίνεσθαι,
768 973 858 1022 καὶ
947 973 1070 1032 τοὺς
1159 971 1436 1032 τεθνεῶτας
1501 965 1653 1031 αὖθίς
1712 988 1766 1022 τε

160 1057 584 1112 ἀναϐιώσκεσθαι
627 1062 716 1110 καὶ
765 1054 910 1120 αὖθις
967 1062 1062 1132 ζῇν
1123 1055 1339 1122 οὐδένας
1386 1059 1570 1120 ἄλλους
1617 1061 1767 1120 ὄντας

160 1149 192 1208 ἠ
228 1148 414 1210 αύτούς
447 1143 514 1206 δὴ
545 1149 780 1216 τούτους,
837 1150 961 1208 τοὺς
1017 1152 1106 1201 καὶ
1137 1153 1383 1225 πρότερον
1416 1149 1630 1214 ζῶντας,
1666 1148 1764 1200 αύ-

157 1243 276 1300 ταῖς
306 1234 372 1296 δὴ
408 1239 624 1298 ταύταις
664 1235 796 1307 λέγω
849 1237 896 1273 ⁸⁵
935 1245 1047 1298 ταῖς
1110 1237 1334 1310 ψυχαῖς,
1385 1242 1474 1291 καὶ
1503 1237 1682 1299 αὐτοῖς
1709 1256 1766 1309 γε

156 1334 270 1389 τοῖς
295 1327 342 1362 ⁸⁸
388 1331 598 1398 σώμασι
661 1346 673 1360 ο
723 1330 814 1379 καὶ
877 1334 1058 1380 τοῦτον
1115 1326 1182 1390 δή
1238 1330 1324 1381 τὸν
1374 1327 1616 1400 τρόπονό
1663 1333 1763 1389 πᾶς

159 1417 429 1491 ἄνθρωπος
457 1423 530 1487 τῷ
569 1420 786 1490 τεχνίτῃ
843 1416 981 1489 λόγῳ
1027 1421 1116 1470 καὶ
1185 1413 1492 1490 δημιουργῷ
1536 1423 1676 1490 σοφῷ
1705 1435 1764 1488 γε

157 1504 270 1559 ὃντι
314 1506 723 1572 πεισωθήσεται,
787 1509 877 1558 καὶ
945 1504 1002 1558 ού
1063 1501 1394 1559 διαπεσεῖται
1447 1505 1564 1558 κατ’
1612 1501 1762 1560 οὐδὲν

163 1597 362 1648 τούτων
393 1594 436 1629 ⁸⁷
467 1602 566 1647 τῶν
591 1602 781 1669 μερῶν,
813 1599 902 1647 καὶ
959 1594 1106 1647 πλέον
1149 1594 1364 1669 ὑπάρξει
1415 1597 1444 1654 ἤ
1497 1593 1634 1648 αὐτὰ
1692 1591 1758 1653 δὴ

157 1690 328 1739 ταῦτα
355 1685 422 1736 τὰ
457 1683 573 1737 κατ’
602 1683 815 1757 οὐρανὸν
867 1687 1106 1756 σώματα,
1172 1689 1262 1736 καὶ
1316 1685 1436 1757 ὑμῖν
1476 1703 1536 1757 γε
1588 1679 1760 1752 ἀΐδια,

161 1773 254 1828 οἵτε
286 1769 354 1833 δὴ
378 1778 466 1826 καὶ
491 1773 723 1837 πλείονος
757 1773 806 1826 ἐν
841 1773 888 1809 ⁸⁸
915 1780 976 1846 τῇ
1046 1772 1163 1828 κατ’
1230 1773 1384 1826 αὐτὸν
1444 1769 1767 1846 δημιουργίᾳ

1866 606 1966 678 jus
2011 609 2139 666 ﬁeri
2177 628 2362 685 quam
2411 613 2466 670 id
2523 615 2688 686 quod
2752 615 2918 688 prius
2964 615 3165 672 minus
3221 619 3366 673 erat.
3424 621 3518 674 At-

1871 713 1989 770 que
2030 700 2208 769 igitur
2250 719 2320 759 ex
2376 703 2521 776 ipsis
2574 704 2834 761 Platonis
2893 703 3205 778 principiis
3265 704 3348 762 ita
3408 705 3518 763 de-

1873 792 2273 846 monstratum
2332 796 2439 861 est,
2506 792 2623 851 alia
2699 810 2834 867 quae
2896 793 3193 850 contraria
3253 798 3394 851 sunt
3451 810 3518 856 ex

1875 879 2182 936 contrariis
2222 881 2370 949 ﬁeri,
2421 889 2478 942 et
2515 886 2784 941 mortuos
2848 899 3158 954 resurgere
3179 899 3250 940 ac
3274 899 3518 944 rursum

1873 965 2072 1024 vivere
2143 971 2338 1030 nullos
2396 975 2545 1031 alios
2597 974 2715 1031 nisi
2751 989 2855 1030 eos
2912 973 3016 1046 qui
3041 975 3207 1046 prius
3236 973 3519 1031 vivebant

1874 1069 2012 1111 cum
2060 1057 2274 1116 iisdem
2327 1062 2542 1120 animis
2599 1067 2654 1120 et
2701 1061 3077 1135 corporibus.
3135 1066 3325 1137 Atque
3403 1063 3518 1120 hoc

1873 1145 2056 1201 modo
2095 1150 2292 1205 omnis
2333 1151 2518 1210 homo
2566 1152 2646 1209 ab
2672 1151 2882 1210 artifici
2918 1151 3145 1210 ratione
3173 1167 3242 1209 ac
3263 1152 3518 1224 sapienti

1876 1234 2146 1292 Creatore
2173 1240 2505 1298 servabitur
2538 1260 2550 1310 ;
2574 1256 2768 1314 neque
2789 1240 3018 1297 excidet
3047 1240 3168 1298 ulla
3189 1256 3299 1297 sua
3329 1243 3516 1314 parte,

1874 1324 1931 1376 et
1955 1323 2148 1394 magis
2173 1327 2418 1384 exsistet
2436 1345 2621 1402 quam
2671 1344 2742 1385 ea
2787 1329 2919 1400 ipsa
2948 1344 3084 1400 quae
3105 1328 3166 1384 in
3199 1327 3348 1384 c0310
3380 1331 3518 1384 sunt

1874 1423 2127 1482 corpora
2142 1419 2198 1470 et
2219 1417 2428 1473 avobis
2448 1419 2812 1491 sempiterna
2828 1417 3143 1490 habentur,
3168 1417 3390 1490 quippe
3412 1415 3518 1489 qui

1875 1516 1998 1558 suae
2043 1505 2357 1562 creationis
2383 1507 2571 1576 gratia
2618 1505 3027 1564 admirabilior
3083 1506 3177 1574 sit,
3222 1505 3518 1563 visibilem

1875 1600 2208 1653 creaturam
2251 1599 2308 1652 et
2345 1594 2704 1653 invisibilem
2758 1595 2817 1652 in
2845 1611 3033 1652 unum
3081 1594 3434 1652 coadunans
3463 1597 3521 1651 et

1872 1687 2022 1743 inter
2044 1685 2225 1742 ambo
2249 1684 2476 1741 medius
2496 1689 2679 1757 stans,
2703 1684 3230 1757 tertius,tanquam
3251 1682 3517 1741 mundus

1877 1775 2174 1833 sensibilis
2199 1780 2255 1832 et
2306 1774 2708 1845 intelligibilis,
2728 1774 2884 1831 infra
2920 1789 3174 1832 manens
3198 1778 3253 1830 et
3276 1789 3519 1830 rursum

159 1866 330 1936 γέμων
369 1870 461 1916 τοῦ
514 1864 798 1936 Θαύματος,
859 1864 1050 1936 ὁρατὴν
1084 1867 1254 1916 κτίσιν
1279 1881 1333 1916 τε
1389 1863 1435 1898 ⁸9
1480 1866 1570 1916 καὶ
1613 1859 1764 1936 ἀόρα-

1877 1865 2128 1922 tendens
2150 1870 2206 1922 et
2226 1864 2566 1921 coelestibus
2596 1879 2978 1930 conversans,
3009 1867 3064 1921 et
3088 1864 3307 1936 majus,
3331 1877 3518 1935 quam

157 1969 250 2003 τον
277 1950 350 2012 εἰς
392 1949 441 2003 ἓν
496 1953 751 2022 συνάγων,
801 1955 890 2002 καὶ
939 1955 1100 2023 μέσος
1166 1952 1360 2003 τούτων
1419 1949 1594 2016 ἑστὼς,
1653 1953 1766 2023 τρί-

158 2060 265 2112 τος,
345 2043 564 2113 ὡσπερεὶ
635 2059 829 2114 κοσμος
904 2039 1156 2103 αἰσθητός
1236 2059 1288 2094 τε
1352 2043 1443 2093 καὶ
1500 2041 1767 2114 νοούμενος

159 2131 305 2182 κάτω
331 2133 490 2202 μένων
516 2134 606 2182 καὶ
635 2131 740 2182 ἄνω
767 2131 989 2202 φθάνων,
1042 2133 1132 2183 καὶ
1186 2136 1292 2191 τοῖς
1342 2131 1597 2202 οὐρανίοις
1651 2149 1769 2183 συν-

162 2222 254 2289 ὼν,
317 2224 406 2271 καὶ
453 2219 628 2291 μεῖξον
695 2219 725 2279 ἣ
775 2217 941 2272 ἐκεῖνα
999 2221 1173 2290 θαῦμα
1221 2218 1370 2280 οὗτος
1427 2219 1475 2254 ⁹⁰
1519 2222 1766 2292 γνωριζό-

161 2327 329 2380 μενος.
414 2315 568 2380 Σῶμα
621 2311 710 2380 μὲν
765 2309 866 2382 γὰρ
934 2314 1034 2361 πᾶν
1089 2309 1313 2382 ῥευστῆς
1370 2304 1498 2362 εἶναι
1545 2311 1762 2380 φύσεως,

157 2397 219 2449 ού
287 2405 398 2459 τοῖς
470 2396 645 2458 ἄλλοις
705 2401 857 2468 μόνον
912 2404 1018 2458 τοῖς
1066 2401 1186 2471 περὶ
1237 2399 1436 2470 φύσεως
1481 2397 1763 2470 εἰρηκόσιν,

153 2484 288 2539 ἀλλὰ
323 2491 410 2538 καὶ
471 2485 610 2556 αύτῷ
667 2483 814 2541 δοκεῖ
867 2485 1123 2548 Πλάτωνι,
1179 2491 1268 2539 καὶ
1317 2491 1436 2560 περὶ
1487 2495 1584 2540 τῶν
1610 2487 1766 2563 ούρα-

154 2579 278 2628 νίων
310 2575 472 2636 οὕτως
501 2577 545 2610 9‘
616 2573 828 2647 ἐπέγνω,
872 2581 964 2628 καὶ
1018 2575 1158 2635 ἣλιον
1203 2576 1303 2630 αἰεὶ
1351 2578 1625 2648 γίγνεσθαι
1680 2581 1768 2631 καὶ

161 2662 391 2740 ἀστέρας
410 2669 540 2736 φησί
570 2668 660 2716 καὶ
691 2668 854 2736 μένειν
887 2665 987 2717 αἰεί
1015 2665 1150 2738 (39).
1194 2664 1254 2718 Εἰ
1281 2673 1407 2738 γοῦν
1459 2669 1548 2719 καὶ
1603 2685 1770 2719 ταυτα

157 2759 262 2804 τῶν
296 2754 551 2824 σωμάτων
569 2753 649 2826 ῥεῖ
685 2756 774 2804 καὶ
819 2751 998 2827 ῥέοντα
1051 2753 1094 2806 εἰ
1149 2758 1238 2807 καὶ
1299 2758 1369 2827 μὴ
1422 2752 1472 2806 ἐν
1523 2760 1632 2816 τοῖς
1677 2753 1768 2805 αύ-

156 2847 292 2906 τοῖς,
326 2839 416 2892 ἀλλ
459 2842 592 2914 ὅμως
649 2837 742 2894 διὰ
798 2845 988 2904 παντὸς
1044 2842 1276 2910 ἔστηκεν,
1328 2840 1566 2915 ἀθανάτῳ
1609 2841 1764 2915 ψυχῇ

164 2929 288 2982 καθ’
316 2931 450 3002 ὑμᾶς
483 2926 820 3003 διοικούμενα
873 2933 942 2998 9’,
993 2935 1045 2985 τί
1083 2931 1270 2986 κωλύει
1343 2952 1430 2986 και
1501 2934 1770 3007 ἄνθρωπον

161 3018 388 3072 λυθέντα
438 3038 492 3072 τε
561 3020 610 3054 9³
671 3039 761 3071 και
800 3019 1006 3095 ῥυέντα,
1075 3017 1164 3073 εἶτ’
1219 3017 1370 3084 αὖθις
1423 3020 1498 3094 ἐφ’
1545 3023 1666 3097 ὅπερ
1705 3023 1768 3080 ἦν

155 3115 264 3162 πᾶν
306 3111 569 3176 συνιόντα,
611 3110 745 3162 ὥστε
773 3114 862 3162 καὶ
889 3109 1180 3182 αἰεὶ.μένειν
1209 3110 1337 3182 αὐτῇ
1374 3107 1441 3170 δὴ
1494 3117 1556 3184 τῇ
1611 3110 1764 3184 ψυχῇ

1876 1953 1994 2025 illa,
2015 1953 2369 2010 miraculum
2395 1952 2700 2009 exsistens.
2729 1954 2916 2010 Omne
2929 1952 3089 2009 enim
3102 1967 3320 2025 corpus
3341 1952 3518 2008 ﬂuxas

1877 2048 2103 2101 naturas
2119 2059 2251 2099 esse
2273 2058 2393 2099 non
2409 2042 2591 2098 modo
2613 2041 2743 2099 aliis
2762 2043 2865 2115 qui
2905 2042 2980 2098 de
2997 2045 3214 2098 natura
3226 2041 3518 2097 disserue-

1875 2136 2032 2200 runt,
2065 2132 2169 2188 sed
2204 2137 2258 2189 et
2317 2131 2546 2189 Platoni
2587 2130 2842 2200 videtur,
2893 2131 3043 2188 etde
3069 2130 3402 2188 caelestibus
3440 2132 3523 2189 ita

1878 2221 2192 2278 aestimavit
2232 2225 2289 2277 et
2338 2221 2524 2276 solem
2573 2237 2644 2277 ac
2669 2220 2868 2277 stellas
2901 2235 3137 2292 semper
3166 2219 3448 2277 exsistere
3465 2224 3523 2276 et

1877 2325 2120 2371 manere
2167 2309 2327 2366 dicit.
2390 2310 2447 2366 Si
2493 2309 2672 2380 igitur
2701 2325 2772 2367 ea
2801 2325 3056 2382 corpora
3093 2309 3323 2365 caduca
3362 2313 3518 2377 sunt,

1878 2403 1935 2457 et
1988 2399 2123 2456 licet
2159 2399 2392 2455 caduca
2431 2399 2547 2454 sint
2583 2403 2784 2455 tamen
2823 2403 3110 2471 perpetuo
3145 2402 3520 2470 permanent,

1879 2492 1986 2546 etsi
2011 2504 2133 2545 non
2156 2489 2216 2546 in
2259 2489 2472 2545 iisdem
2526 2489 2896 2556 substantiis,
2945 2487 3268 2544 immortali
3321 2487 3524 2543 anima

1879 2576 2211 2634 secundum
2230 2592 2339 2632 vos
2365 2576 2719 2646 gubernata,
2741 2575 2886 2648 quid
2903 2574 3153 2648 impedit
3171 2574 3318 2647 quin
3339 2574 3524 2630 homo

1878 2665 2208 2724 dissolutus
2230 2670 2284 2722 et
2314 2665 2602 2738 dilapsus,
2627 2664 2844 2721 deinde
2872 2662 3005 2720 inid
3029 2662 3193 2737 quod
3214 2663 3379 2736 prius
3401 2666 3526 2718 erat

1879 2759 2067 2825 coeat,
2098 2756 2181 2812 ita
2203 2759 2272 2812 ut
2300 2753 2819 2828 quemadmodum
2843 2754 2976 2827 ipsa
3003 2756 3208 2810 anima
3235 2757 3524 2826 perpetuo
3590 2793 3592 2795 -

1878 2850 2082 2902 manet
2109 2845 2191 2902 ita
2217 2849 2273 2901 et
2300 2860 2547 2918 corpore
2578 2848 2944 2913 permaneat,
2992 2859 3130 2899 cum
3169 2842 3302 2914 ipsa
3323 2841 3528 2897 anima

1880 2936 1953 2992 sit
1992 2933 2478 3006 incorruptibilis,
2532 2949 2730 3005 neque
2785 2933 2975 3006 possit
3016 2931 3077 2988 in
3109 2930 3228 2987 alio
3276 2945 3525 3002 corpore

1878 3025 2078 3081 vivere
2099 3039 2296 3096 neque
2321 3023 2555 3096 operari
2589 3039 2658 3078 ea
2684 3037 2815 3094 quae
2853 3037 2992 3077 cum
3017 3034 3265 3094 corpore
3291 3018 3526 3090 operari

1879 3114 2103 3170 debet?
2128 3112 2246 3170 Nisi
2272 3113 2429 3169 enim
2453 3112 2534 3169 ita
2559 3110 2972 3182 sit,non,quod
2991 3107 3526 3176 diximus,omnino

151 3202 248 3250 καὶ
303 3197 443 3268 αὐτῷ
508 3204 578 3268 τῷ
627 3203 830 3270 σώματι
885 3196 1134 3262 ἀθάνατος
1203 3195 1489 3272 διαμεῖναι,
1540 3208 1630 3261 τῆς
1669 3199 1764 3272 ψυ-

1879 3203 2111 3276 absque
2165 3201 2544 3273 corruptione
2600 3201 2725 3267 erit,
2754 3199 2882 3272 ejus
2921 3214 3044 3254 una
3081 3213 3220 3254 cum
3277 3211 3525 3269 corpore

144 3295 266 3360 χῆς
303 3286 467 3348 αὐτῆς
507 3285 772 3359 ἀφθάρτου
820 3307 877 3359 γε
932 3290 1117 3351 οὔσης,
1184 3293 1272 3342 καὶ
1328 3294 1399 3361 μὴ
1457 3294 1764 3362 πεφυκυίας,

150 3376 278 3450 μήτ’
318 3373 366 3426 ἐν
406 3375 540 3447 ἄλλῳ
595 3377 871 3447 γίγνεσθαι
927 3381 1154 3449 σώματι,
1214 3378 1335 3449 μήτ’
1385 3377 1603 3451 ἐνεργεῖν
1669 3380 1772 3432 ὅσα

149 3461 225 3522 δὴ
256 3483 346 3515 και
377 3468 566 3537 πέφυκε
596 3469 726 3536 μετὰ
767 3469 1001 3537 σώματος
1063 3463 1234 3539 δρᾷνε
1269 3466 1329 3520 Εἰ
1369 3469 1479 3539 χὰρ
1526 3473 1598 3541 μὴ
1645 3477 1767 3522 τοῦ·

143 3572 233 3618 το,
265 3553 360 3604 ούκ
394 3551 453 3604 ὄιν
506 3555 627 3626 ὅπερ
683 3557 870 3626 ἔφημεν
930 3551 1028 3608 ούδ
1075 3555 1205 3628 αὐτῇ
1267 3559 1324 3607 τὸ
1393 3562 1493 3608 πᾶν
1553 3557 1768 3632 ὑπάρξει

145 3638 295 3712 δίχα
359 3643 565 3714 φθορᾶς,
621 3651 712 3702 τῆς
758 3649 889 3714 μετᾶ
962 3649 1202 3716 σώματος
1250 3643 1500 3716 ἐνεργείας
1557 3647 1768 3720 φθαρεί-

146 3749 260 3792 σης
292 3729 446 3802 αὐτῇ,
491 3730 520 3789 ἢ
579 3727 646 3790 δὴ
702 3735 866 3803 ταύτῃ
920 3753 1010 3785 και
1067 3737 1197 3785 κατὰ
1249 3737 1404 3806 φύσιν
1461 3739 1764 3808 πρόσεστιν.

142 3819 227 3871 Ού
249 3822 352 3890 μὴν
385 3817 512 3870 ἀλλά
554 3824 643 3872 καὶ
671 3817 809 3892 δίχα
837 3824 1090 3893 σωμάτων
1140 3821 1350 3884 κολάζει
1390 3823 1600 3875 Πλάτων
1653 3825 1763 3895 ψυ-
1795 3825 1797 3827 ’

138 3909 280 3980 χὰς,
311 3906 507 3978 φαύλας
552 3904 619 3966 δή
653 3929 793 3970 τινας
843 3908 890 3961 ἐν
942 3907 1078 3980 τῷδε
1126 3918 1195 3981 τῷ
1251 3909 1353 3983 βίῳ
1391 3913 1438 3947 9‘
1495 3917 1765 3985 γεγενημέ-

142 4016 265 4062 νας,
299 4000 390 4048 καὶ
420 3999 648 4069 πονηράς
703 4019 715 4032 ·
764 4003 852 4050 καὶ
912 4000 943 4057 ἡ
999 3999 1233 4068 κόλασις,
1300 4006 1529 4073 ποταμοὶ
1588 4008 1765 4055 Κωκυ-

138 4088 228 4137 τοὶ
269 4086 405 4154 (40),
495 4089 585 4136 καὶ
642 4085 1122 4159 Πυριφλεγέθοντες,
1179 4093 1268 4140 καὶ
1316 4087 1508 4163 φοϐερὰ
1561 4091 1764 4164 ῥεύμα-

140 4191 212 4225 τα
266 4173 322 4223 ἑκ
397 4173 658 4246 ταρτάρου
708 4175 813 4226 ἄνω
873 4194 963 4227 και
1011 4177 1152 4227 κάτω
1194 4180 1409 4249 φέροντα
1456 4182 1546 4230 καὶ
1598 4198 1763 4231 κατα-

147 4261 382 4332 σύροντα
430 4267 546 4322 ταῖς
624 4265 791 4329 ὀκαίς,
837 4266 926 4314 καὶ
974 4259 1103 4335 μηδ’
1156 4262 1397 4323 ἐπιϐῆναι
1437 4265 1620 4338 λίμνης
1673 4274 1765 4327 τῆς

141 4347 501 4422 Ἀχερουσίας
568 4348 748 4417 ἐῶντα,
830 4349 980 4404 κάκεῖ
1040 4352 1238 4426 πρᾶξαι
1291 4360 1398 4414 τοῖς
1452 4354 1538 4405 ὑπ’
1594 4354 1762 4408 αὐτῶν

143 4433 489 4507 ἠδικημένοις
546 4439 776 4510 εὐμενέσι
849 4442 1186 4511 χρήσασθαι,
1265 4446 1355 4494 καὶ
1394 4440 1528 4494 οὕτω
1586 4451 1763 4514 φυγεῖν

141 4527 207 4577 τὸ
244 4521 589 4587 κοδάςεσθαι.
619 4527 750 4598 Ἐγὼ
779 4525 836 4581 δὲ
901 4537 1101 4603 πρῶτον
1155 4533 1246 4602 μεν
1289 4531 1382 4582 οὐκ
1422 4527 1565 4597 οῖδα,
1621 4537 1672 4584 τί
1702 4532 1762 4585 ἂν

142 4613 350 4677 ἀπαθὴς
381 4620 471 4674 τὴν
529 4617 710 4669 οὐσίαν
767 4620 927 4671 πάθοι
972 4621 1018 4654 9³
1070 4619 1252 4692 ψυχὴ,
1298 4629 1552 4692 ποταμοῖς
1606 4619 1762 4694 ἐμπε-

142 4711 322 4757 σοῦσα
346 4706 413 4776 “,
462 4707 552 4760 εἴτ’
603 4706 657 4759 ἐκ
700 4709 864 4782 maps;
903 4708 1135 4783 ῥέουσιν,
1189 4709 1280 4763 εἶτ’
1313 4709 1365 4774 ἐξ
1403 4710 1558 4763 ἄλλου
1607 4712 1762 4764 κολά-

138 4794 328 4856 ζοντος
349 4795 417 4850 9⁷.
461 4801 578 4857 Πῶς
623 4793 682 4849 δὲ
711 4801 797 4849 καὶ
846 4793 1013 4860 δίναις
1072 4797 1342 4874 ῥευμάτων
1391 4801 1503 4852 ὅθεν
1561 4797 1760 4860 δήποθ’

1879 3291 2223 3364 operatione
2261 3295 2539 3362 corrupta
2569 3305 2705 3362 quae
2744 3288 2824 3345 ad
2851 3287 3048 3360 ipsam
3076 3291 3292 3343 natura
3349 3285 3526 3356 perti-

1877 3385 1995 3438 net.
2019 3385 2293 3436 Attamen
2344 3383 2402 3435 et
2456 3378 2617 3435 Plato
2646 3378 2882 3434 animas
2917 3375 3146 3449 absque
3175 3373 3525 3448 corporibus

1879 3469 2070 3542 punit,
2102 3485 2203 3524 eas
2221 3483 2438 3540 nempe
2468 3483 2605 3540 quae
2634 3467 2695 3522 in
2733 3467 2849 3522 hac
2872 3466 2998 3522 vita
3026 3464 3195 3521 malae
3223 3467 3278 3519 et
3306 3463 3526 3536 impro-

1879 3558 1970 3614 bae
1989 3558 2246 3613 fuerunt.
2280 3559 2343 3612 Et
2373 3572 2456 3611 eae
2487 3571 2678 3628 poenae
2707 3559 2844 3610 sunt
2865 3553 3030 3611 ﬂuvii
3059 3555 3314 3625 Cocytus
3340 3555 3397 3607 et
3418 3553 3526 3624 Py-

1877 3646 2287 3720 riphlegethon
2299 3649 2501 3716 ,atque
2513 3643 2814 3702 horrenda
2827 3643 3050 3700 ﬂuenta
3061 3658 3132 3698 ex
3146 3645 3388 3699 Tartaro
3402 3655 3528 3694 sur-

1877 3753 2011 3792 sum
2034 3741 2087 3792 et
2109 3736 2392 3791 deorsum
2406 3734 2687 3803 labentia,
2712 3738 2768 3789 et
2789 3748 3012 3803 magno
3029 3731 3255 3804 impetu
3267 3728 3523 3797 ruentia,

1875 3842 2071 3898 neque
2111 3824 2462 3881 Acherontis
2507 3823 2708 3879 lacum
2745 3823 2990 3879 transire
3037 3820 3315 3887 sinentia,
3347 3833 3423 3873 ne
3447 3817 3520 3872 iis

1875 3931 2028 3988 quos
2048 3914 2265 3985 injuria
2295 3913 2594 3986 prosecuti
2616 3916 2773 3977 sunt,
2803 3908 3111 3966 benevolis
3133 3907 3217 3963 uti
3245 3913 3421 3979 atque
3442 3904 3524 3961 ita

1875 4020 2119 4076 poenam
2150 4003 2356 4072 fugere
2400 4001 2648 4074 possint.
2711 4002 2832 4070 Ego
2878 4003 3075 4055 autem
3102 3996 3298 4069 primo
3319 3993 3522 4051 nescio

1873 4093 2021 4166 quid
2044 4092 2301 4148 essentia
2331 4088 2717 4162 impassibilis
2761 4088 2966 4144 anima
2988 4088 3308 4158 pateretur,
3331 4084 3393 4138 in
3414 4083 3526 4139 ﬂu-

1875 4183 2000 4239 vios
2018 4179 2312 4248 incidens,
2347 4178 2469 4233 sive
2495 4178 2696 4248 ignem
2735 4175 3062 4242 volventes,
3086 4173 3209 4229 sive
3232 4171 3395 4228 aliud
3417 4186 3523 4242 pu-

1872 4270 2043 4326 niens
2092 4265 2477 4325 elementum.
2501 4263 2816 4330 Quomodo
2874 4266 3073 4318 autem
3105 4265 3162 4316 ct
3199 4259 3518 4316 verticibus

1872 4358 2234 4414 ﬂuentorum
2258 4353 2397 4411 inde
2419 4352 2747 4409 salientium
2774 4349 3054 4416 cohibita,
3081 4348 3220 4404 etiis
3238 4352 3517 4420 tanquam

1871 4443 2306 4501 inevitabilibus
2326 4441 2575 4498 vinculis
2618 4439 2859 4509 illigata,
2890 4454 3027 4492 cum
3066 4437 3136 4492 iis
3169 4435 3442 4494 volvatur
3466 4438 3523 4492 et

1871 4538 2267 4598 convertatur,
2301 4546 2495 4602 neque
2513 4529 2720 4601 possit,
2759 4533 2820 4583 ut
2839 4525 3158 4600 piscis,alio
3185 4524 3435 4582 transire
3465 4528 3523 4581 et

1871 4623 2145 4680 enatare?
2172 4617 2744 4676 Deindehomicidas
2767 4616 3098 4673 etmmchos
3123 4613 3519 4687 etparricidas

1870 4718 1922 4769 et
1937 4709 2328 4780 sacrilegosin
2343 4708 2554 4764 eadem
2567 4707 2790 4764 ﬂuenta
2807 4706 3064 4779 projicit.
3091 4703 3376 4776 thuidni
3392 4702 3520 4774 qui-

1867 4802 2122 4858 buscum
2155 4795 2922 4872 peccaveruntcorporibus
2951 4810 3091 4852 cum
3116 4793 3187 4849 iis
3211 4795 3266 4849 et
3285 4807 3386 4849 eas
3411 4805 3520 4860 pu-

1531 4925 1754 4994 Variaa
1800 4926 2156 4994 lectiones.

217 5025 266 5060 ⁸³
288 5025 378 5104 μὶν
409 5027 601 5104 _Vind.
660 5028 726 5104 33
763 5031 1037 5104 γίγνεσθαι
1089 5031 1330 5104 Vat._ut
1385 5047 1523 5104 Sth.
1601 5034 1649 5068 3‘
1701 5053 1764 5086 το

1874 5055 1894 5084 ν
1953 5033 2120 5089 addit
2173 5032 2307 5104 Vat.
2379 5029 2427 5104 f5
2487 5029 2630 5104 λέγω
2673 5028 2942 5104 nonueust
2986 5023 3235 5104 in___Vat.
3293 5022 3518 5104 10-1-03?

131 5096 315 5152 abest
344 5113 380 5152 a
409 5097 578 5154 Vind.
657 5100 700 5136 ⁸⁷
731 5096 915 5153 τούτου
949 5103 1069 5157 Vat.
1147 5103 1193 5136 ³⁸
1235 5100 1315 5154 ἐπὶ
1350 5106 1471 5159 Vat.

132 5165 465 5240 διηκούμενα
493 5170 661 5226 Vind.
740 5172 788 5206 9’
816 5192 868 5224 τε
913 5187 1034 5226 non
1079 5178 1166 5229 est
1203 5173 1263 5229 in
1297 5177 1418 5230 Vat.

136 5238 348 5295 male;
404 5241 448 5276 ⁸⁷
484 5241 650 5306 ἄλλως
669 5241 986 5305 κολάζοντας
1012 5243 1182 5300 Vind.

1550 5104 1598 5139 ³ο
1625 5124 1677 5157 τε
1708 5121 1829 5160 non
1862 5106 2031 5160 estin
2061 5105 2186 5159 Vat.

1497 5176 1545 5210 9"
1601 5174 1647 5228 ἐν
1694 5185 1764 5248 τῷ
1804 5173 1933 5249 τῇδε
1991 5173 2094 5248 βίῳ
2157 5177 2277 5231 Vat.

2791 5099 2833 5132 οι
2866 5101 3015 5154 ὄντως
3046 5093 3212 5148 Vind.
3293 5094 3345 5128 θ’
3376 5095 3520 5163 ἡμᾶς

2265 5103 2314 5137 ⁰⁰
2344 5102 2478 5153 οὕτω
2502 5119 2561 5172 γε
2590 5102 2712 5155 Vat.
2791 5102 2833 5132 ⁹¹
2866 5102 3015 5154 ὄντως
3047 5102 3212 5148 Vind.
3293 5102 3345 5128 ³³
3376 5102 3514 5163 ημᾶς

2265 5215 2277 5229 .
2357 5174 2403 5208 9³
2459 5173 2600 5234 πάθη
2659 5171 2781 5225 Vat.
2860 5168 2909 5201 9⁵
2979 5164 3280 5238 ἐμπεςοῦσα
3342 5163 3514 5220 Vind-

2357 5174 2403 5208 9³
2459 5171 2600 5234 πάθη
2659 5171 2781 5225 Vat.

1690 5336 1906 5404 Notae.

217 5435 443 5516 (39)_D_e
467 5437 582 5495 hac
632 5440 958 5516 aeternitate
995 5439 1076 5516 c_t'.
1137 5440 1435 5512 Wyttenb.
1488 5443 1752 5514 Disp.de

126 5506 829 5586 ριςιιυῖζ.“ἰηιῃιονέζαι.ηαιί
855 5511 1137 5586 Rhaadon.
1170 5506 1229 5584 p'.
1263 5529 1382 5586 xiiii
1415 5528 1542 5586 seq.

219 5575 336 5658 (40)
355 5578 442 5658 De
467 5581 558 5638 his
581 5583 778 5658 ﬂuviis
806 5575 1478 5658 inferorumpcenisque
1499 5575 1624 5658 ‘vid.
1659 5585 1752 5642 in-

131 5651 356 5770 B‘rimis
388 5651 612 5709 Platon.
665 5654 972 5734 Phaniam,
1035 5668 1101 5724 p..
1136 5651 1264 5718 1‘12,
1304 5651 1508 5725 Steph.
1548 5656 1630 5740 (p.
1681 5659 1750 5710 89

226 5725 351 5770 νιι..
385 5738 441 5770 n.
470 5728 573 5770 259
608 5725 853 5770 Heinr“.
888 5723 1021 5770 an"-
1057 5725 1238 5770 [ἔργα-
1272 5730 1412 5770 gent-
1455 5729 1513 5770 Ri
1553 5741 1564 5770 ξ
1603 5726 1750 5770 (Tr/1,.

220 5725 351 5791 ytt.,
383 5738 441 5795 p.
470 5728 573 5781 242
608 5725 855 5795 Heind.),
888 5723 1238 5795 coll.’Gorg.
1271 5723 1421 5780 sect:
1455 5729 1518 5780 81
1553 5723 1752 5794 {Cra-

1863 5441 1968 5516 tyl.
2001 5458 2060 5516 p.
2118 5439 2363 5516 Heind.;
2416 5440 2502 5495 De
2534 5433 2789 5516 ﬁepubl.
2842 5434 3176 5516 x‘p_.‘6l§_
3210 5447 3378 5516 seqq.
3415 5430 3503 5516 rip.

1861 5512 1957 5570 32t
2003 5512 2189 5584 ‘seqq.
2241 5512 2385 5584 Bip.,
2440 5512 2644 5584 p.303_
2670 5519 2848 5584 seqq.
2896 5512 3046 5584 Ast.)
3079 5512 3145 5584 L4

1861 5590 2014 5641 crat.
2041 5570 2382 5653 ΑᾶῖῖοσΙιῘς
2411 5570 2582 5653 21,1).
2630 5579 2728 5653 ltiti
2751 5570 2924 5653 seqq,
2957 5574 3052 5629 ed.
3084 5573 3348 5653 ‘If‘ischer.
3385 5570 3516 5625 Plu-

1860 5656 2051 5714 tarch.
2107 5657 2210 5710 De.
2262 5643 2439 5721 Sf'N,
2466 5643 2541 5705 V.‘
2582 5664 2641 5720 p.
2685 5649 2798 5701 t6'2.
2840 5643 3044 5718 seqq.,
3081 5643 3226 5700 ibid.
3260 5643 3516 5712 interprr

2440 5526 2504 5581 p.
2530 5502 2644 5581 303
2675 5519 2848 5581 seqq.
2896 5502 3046 5581 Ast.)
3079 5502 3508 5581 ;_1_Eschiri.§o-
