  <div class='ocr_page' id='page_1' title='image "/cluster/home/n/w/nwhite01/storage/ocr_20150623/140/mdp.39015022213980/729.png"; bbox 0 0 4064 6308; ppageno 0'>
   <div class='ocr_carea' id='block_1_1' title="bbox 575 373 712 431">
    <p class='ocr_par' dir='ltr' id='par_1_1' title="bbox 575 373 712 431">
     <span class='ocr_line' id='line_1_1' title="bbox 575 373 712 431; baseline 0.007 -2"><span class='ocrx_word' id='word_1_1' title='bbox 575 373 712 431; x_wconf 73' lang='grc'><strong>1439</strong></span> 
     </span>
    </p>
   </div>
   <div class='ocr_carea' id='block_1_2' title="bbox 1901 359 2600 426">
    <p class='ocr_par' dir='ltr' id='par_1_2' title="bbox 1901 359 2600 426">
     <span class='ocr_line' id='line_1_2' title="bbox 1901 359 2600 426; baseline -0.009 0"><span class='ocrx_word' id='word_1_2' title='bbox 1901 359 2277 426; x_wconf 80' lang='lat' dir='ltr'><strong>NICEPHORI</strong></span> <span class='ocrx_word' id='word_1_3' title='bbox 2313 359 2600 421; x_wconf 83' lang='lat' dir='ltr'><strong>CHUMNI.</strong></span> 
     </span>
    </p>
   </div>
   <div class='ocr_carea' id='block_1_3' title="bbox 3808 373 3913 428">
    <p class='ocr_par' dir='ltr' id='par_1_3' title="bbox 3808 373 3913 428">
     <span class='ocr_line' id='line_1_3' title="bbox 3808 373 3913 428; baseline 0.019 -2"><span class='ocrx_word' id='word_1_4' title='bbox 3808 373 3913 428; x_wconf 58' lang='lat' dir='ltr'><strong>i440</strong></span> 
     </span>
    </p>
   </div>
   <div class='ocr_carea' id='block_1_4' title="bbox 574 488 2222 569">
    <p class='ocr_par' dir='ltr' id='par_1_4' title="bbox 574 488 2221 569">
     <span class='ocr_line' id='line_1_4' title="bbox 574 488 2221 569; baseline -0.004 -16"><span class='ocrx_word' id='word_1_5' title='bbox 574 495 857 569; x_wconf 80' lang='lat' dir='ltr'><strong>precibus</strong></span> <span class='ocrx_word' id='word_1_6' title='bbox 883 508 1020 552; x_wconf 91' lang='lat' dir='ltr'><strong>cum</strong></span> <span class='ocrx_word' id='word_1_7' title='bbox 1048 491 1237 553; x_wconf 88' lang='lat' dir='ltr'><strong>multo</strong></span> <span class='ocrx_word' id='word_1_8' title='bbox 1254 493 1465 552; x_wconf 83' lang='lat' dir='ltr'><strong>timore</strong></span> <span class='ocrx_word' id='word_1_9' title='bbox 1486 493 1860 564; x_wconf 86' lang='lat' dir='ltr'><strong>ﬂagitabam,</strong></span> <span class='ocrx_word' id='word_1_10' title='bbox 1892 495 1958 548; x_wconf 92' lang='lat' dir='ltr'><strong>ut</strong></span> <span class='ocrx_word' id='word_1_11' title='bbox 1986 488 2221 548; x_wconf 89' lang='lat' dir='ltr'><strong>nullum</strong></span> 
     </span>
    </p>
   </div>
   <div class='ocr_carea' id='block_1_5' title="bbox 2335 488 3915 569">
    <p class='ocr_par' dir='ltr' id='par_1_5' title="bbox 2335 488 3915 569">
     <span class='ocr_line' id='line_1_5' title="bbox 2335 488 3915 569; baseline -0.001 -20"><span class='ocrx_word' id='word_1_12' title='bbox 2335 488 2412 549; x_wconf 77' lang='grc' dir='ltr'><strong>θος</strong></span> <span class='ocrx_word' id='word_1_13' title='bbox 2457 489 2604 562; x_wconf 76' lang='grc' dir='ltr'>ἡμῶν</span> <span class='ocrx_word' id='word_1_14' title='bbox 2665 511 2756 546; x_wconf 87' lang='grc' dir='ltr'><strong>και</strong></span> <span class='ocrx_word' id='word_1_15' title='bbox 2807 494 2866 546; x_wconf 90' lang='grc' dir='ltr'><strong>τό</strong></span> <span class='ocrx_word' id='word_1_16' title='bbox 2914 501 3009 558; x_wconf 82' lang='grc' dir='ltr'>τῆς</span> <span class='ocrx_word' id='word_1_17' title='bbox 3062 492 3345 566; x_wconf 78' lang='grc' dir='ltr'><strong>ἐπιθυμίας</strong></span> <span class='ocrx_word' id='word_1_18' title='bbox 3400 491 3635 569; x_wconf 81' lang='grc' dir='ltr'>σφοδρὸν</span> <span class='ocrx_word' id='word_1_19' title='bbox 3685 494 3915 558; x_wconf 74' lang='grc' dir='ltr'>ἔξεζήτει,</span> 
     </span>
    </p>
   </div>
   <div class='ocr_carea' id='block_1_6' title="bbox 574 583 2222 658">
    <p class='ocr_par' dir='ltr' id='par_1_6' title="bbox 574 583 2222 658">
     <span class='ocr_line' id='line_1_6' title="bbox 574 583 2222 658; baseline -0.005 -15"><span class='ocrx_word' id='word_1_20' title='bbox 574 587 755 658; x_wconf 89' lang='lat' dir='ltr'><strong>hujus</strong></span> <span class='ocrx_word' id='word_1_21' title='bbox 781 585 910 641; x_wconf 60' lang='lat' dir='ltr'><strong>vitae</strong></span> <span class='ocrx_word' id='word_1_22' title='bbox 941 584 1242 641; x_wconf 86' lang='lat' dir='ltr'><strong>malorum</strong></span> <span class='ocrx_word' id='word_1_23' title='bbox 1273 600 1546 657; x_wconf 88' lang='lat' dir='ltr'><strong>unquam</strong></span> <span class='ocrx_word' id='word_1_24' title='bbox 1577 584 1684 641; x_wconf 89' lang='lat' dir='ltr'><strong>tibi</strong></span> <span class='ocrx_word' id='word_1_25' title='bbox 1713 583 2069 648; x_wconf 81' lang='lat' dir='ltr'><strong>occurreret,</strong></span> <span class='ocrx_word' id='word_1_26' title='bbox 2123 594 2222 635; x_wconf 89' lang='lat' dir='ltr'><strong>ne-</strong></span> 
     </span>
    </p>
   </div>
   <div class='ocr_carea' id='block_1_7' title="bbox 575 669 2219 748">
    <p class='ocr_par' dir='ltr' id='par_1_7' title="bbox 575 669 2219 748">
     <span class='ocr_line' id='line_1_7' title="bbox 575 669 2219 748; baseline -0.004 -19"><span class='ocrx_word' id='word_1_27' title='bbox 575 691 692 748; x_wconf 91' lang='lat' dir='ltr'><strong>que</strong></span> <span class='ocrx_word' id='word_1_28' title='bbox 706 689 974 747; x_wconf 88' lang='lat' dir='ltr'><strong>unquam</strong></span> <span class='ocrx_word' id='word_1_29' title='bbox 988 678 1161 732; x_wconf 90' lang='lat' dir='ltr'><strong>tuum</strong></span> <span class='ocrx_word' id='word_1_30' title='bbox 1175 673 1446 730; x_wconf 90' lang='lat' dir='ltr'><strong>animum</strong></span> <span class='ocrx_word' id='word_1_31' title='bbox 1460 673 1664 730; x_wconf 86' lang='lat' dir='ltr'><strong>dolore</strong></span> <span class='ocrx_word' id='word_1_32' title='bbox 1685 687 1950 729; x_wconf 91' lang='lat' dir='ltr'><strong>mersum</strong></span> <span class='ocrx_word' id='word_1_33' title='bbox 1962 669 2219 726; x_wconf 83' lang='lat' dir='ltr'><strong>viderem</strong></span> 
     </span>
    </p>
   </div>
   <div class='ocr_carea' id='block_1_8' title="bbox 574 760 2221 836">
    <p class='ocr_par' dir='ltr' id='par_1_8' title="bbox 574 760 2221 836">
     <span class='ocr_line' id='line_1_8' title="bbox 574 760 2221 836; baseline -0.004 -16"><span class='ocrx_word' id='word_1_34' title='bbox 574 779 768 836; x_wconf 89' lang='lat' dir='ltr'><strong>neque</strong></span> <span class='ocrx_word' id='word_1_35' title='bbox 797 762 1052 834; x_wconf 79' lang='lat' dir='ltr'><strong>gemitus</strong></span> <span class='ocrx_word' id='word_1_36' title='bbox 1065 778 1137 819; x_wconf 83' lang='lat' dir='ltr'><strong>ex</strong></span> <span class='ocrx_word' id='word_1_37' title='bbox 1153 762 1419 819; x_wconf 84' lang='lat' dir='ltr'><strong>adversis</strong></span> <span class='ocrx_word' id='word_1_38' title='bbox 1432 762 1827 836; x_wconf 84' lang='lat' dir='ltr'><strong>infaustisque</strong></span> <span class='ocrx_word' id='word_1_39' title='bbox 1839 760 2020 817; x_wconf 87' lang='lat' dir='ltr'><strong>rebus</strong></span> <span class='ocrx_word' id='word_1_40' title='bbox 2057 762 2221 815; x_wconf 88' lang='lat' dir='ltr'><strong>ortos</strong></span> 
     </span>
    </p>
   </div>
   <div class='ocr_carea' id='block_1_9' title="bbox 571 848 2218 926">
    <p class='ocr_par' dir='ltr' id='par_1_9' title="bbox 571 848 2218 926">
     <span class='ocr_line' id='line_1_9' title="bbox 571 848 2218 926; baseline -0.004 -17"><span class='ocrx_word' id='word_1_41' title='bbox 571 853 862 919; x_wconf 83' lang='lat' dir='ltr'><strong>audirem,</strong></span> <span class='ocrx_word' id='word_1_42' title='bbox 887 854 936 908; x_wconf 91' lang='lat' dir='ltr'><strong>si</strong></span> <span class='ocrx_word' id='word_1_43' title='bbox 964 868 1088 925; x_wconf 90' lang='lat' dir='ltr'><strong>qua</strong></span> <span class='ocrx_word' id='word_1_44' title='bbox 1127 853 1582 926; x_wconf 82' lang='lat' dir='ltr'><strong>supervenirent</strong></span> <span class='ocrx_word' id='word_1_45' title='bbox 1605 853 1862 909; x_wconf 91' lang='lat' dir='ltr'><strong>adversa</strong></span> <span class='ocrx_word' id='word_1_46' title='bbox 1883 867 1953 909; x_wconf 89' lang='lat' dir='ltr'><strong>ac</strong></span> <span class='ocrx_word' id='word_1_47' title='bbox 2012 848 2218 914; x_wconf 79' lang='lat' dir='ltr'><strong>tristia,</strong></span> 
     </span>
    </p>
   </div>
   <div class='ocr_carea' id='block_1_10' title="bbox 574 941 2220 1015">
    <p class='ocr_par' dir='ltr' id='par_1_10' title="bbox 574 941 2220 1015">
     <span class='ocr_line' id='line_1_10' title="bbox 574 941 2220 1015; baseline -0.004 -16"><span class='ocrx_word' id='word_1_48' title='bbox 574 957 770 1014; x_wconf 90' lang='lat' dir='ltr'><strong>neque</strong></span> <span class='ocrx_word' id='word_1_49' title='bbox 799 941 1100 1015; x_wconf 85' lang='lat' dir='ltr'><strong>lacrymas</strong></span> <span class='ocrx_word' id='word_1_50' title='bbox 1129 957 1202 999; x_wconf 86' lang='lat' dir='ltr'><strong>ex</strong></span> <span class='ocrx_word' id='word_1_51' title='bbox 1231 941 1348 999; x_wconf 87' lang='lat' dir='ltr'><strong>tuis</strong></span> <span class='ocrx_word' id='word_1_52' title='bbox 1375 941 1560 998; x_wconf 91' lang='lat' dir='ltr'><strong>oculis</strong></span> <span class='ocrx_word' id='word_1_53' title='bbox 1590 942 1842 998; x_wconf 86' lang='lat' dir='ltr'><strong>ﬂuentes</strong></span> <span class='ocrx_word' id='word_1_54' title='bbox 1893 953 2220 1006; x_wconf 89' lang='lat' dir='ltr'><strong>cernerem,</strong></span> 
     </span>
    </p>
   </div>
   <div class='ocr_carea' id='block_1_11' title="bbox 573 1028 2222 1104">
    <p class='ocr_par' dir='ltr' id='par_1_11' title="bbox 573 1028 2222 1104">
     <span class='ocr_line' id='line_1_11' title="bbox 573 1028 2222 1104; baseline -0.002 -17"><span class='ocrx_word' id='word_1_55' title='bbox 573 1047 770 1104; x_wconf 89' lang='lat' dir='ltr'><strong>neque</strong></span> <span class='ocrx_word' id='word_1_56' title='bbox 797 1046 1114 1088; x_wconf 79' lang='lat' dir='ltr'><strong>maerorem</strong></span> <span class='ocrx_word' id='word_1_57' title='bbox 1147 1035 1250 1088; x_wconf 86' lang='lat' dir='ltr'><strong>aut</strong></span> <span class='ocrx_word' id='word_1_58' title='bbox 1285 1030 1578 1090; x_wconf 81' lang='lat' dir='ltr'><strong>tristitiam</strong></span> <span class='ocrx_word' id='word_1_59' title='bbox 1636 1033 1964 1104; x_wconf 86' lang='lat' dir='ltr'><strong>aspicerem</strong></span> <span class='ocrx_word' id='word_1_60' title='bbox 2012 1028 2073 1086; x_wconf 91' lang='lat' dir='ltr'><strong>in</strong></span> <span class='ocrx_word' id='word_1_61' title='bbox 2121 1031 2222 1084; x_wconf 90' lang='lat' dir='ltr'><strong>tuo</strong></span> 
     </span>
    </p>
   </div>
   <div class='ocr_carea' id='block_1_12' title="bbox 575 1116 2220 1193">
    <p class='ocr_par' dir='ltr' id='par_1_12' title="bbox 575 1116 2220 1193">
     <span class='ocr_line' id='line_1_12' title="bbox 575 1116 2220 1193; baseline -0.003 -18"><span class='ocrx_word' id='word_1_62' title='bbox 575 1119 759 1186; x_wconf 85' lang='lat' dir='ltr'><strong>vultu,</strong></span> <span class='ocrx_word' id='word_1_63' title='bbox 795 1123 916 1176; x_wconf 91' lang='lat' dir='ltr'><strong>tam</strong></span> <span class='ocrx_word' id='word_1_64' title='bbox 948 1119 1216 1193; x_wconf 88' lang='lat' dir='ltr'><strong>pulchro,</strong></span> <span class='ocrx_word' id='word_1_65' title='bbox 1241 1123 1364 1176; x_wconf 85' lang='lat' dir='ltr'><strong>tam</strong></span> <span class='ocrx_word' id='word_1_66' title='bbox 1412 1119 1640 1186; x_wconf 83' lang='lat' dir='ltr'><strong>festivo,</strong></span> <span class='ocrx_word' id='word_1_67' title='bbox 1675 1135 1822 1192; x_wconf 86' lang='lat' dir='ltr'><strong>pace</strong></span> <span class='ocrx_word' id='word_1_68' title='bbox 1853 1123 1911 1175; x_wconf 87' lang='lat' dir='ltr'><strong>et</strong></span> <span class='ocrx_word' id='word_1_69' title='bbox 1937 1116 2220 1174; x_wconf 89' lang='lat' dir='ltr'><strong>omnibus</strong></span> 
     </span>
    </p>
   </div>
   <div class='ocr_carea' id='block_1_13' title="bbox 575 1206 2223 1282">
    <p class='ocr_par' dir='ltr' id='par_1_13' title="bbox 575 1206 2223 1282">
     <span class='ocr_line' id='line_1_13' title="bbox 575 1206 2223 1282; baseline -0.002 -17"><span class='ocrx_word' id='word_1_70' title='bbox 575 1209 778 1279; x_wconf 88' lang='lat' dir='ltr'><strong>gratiis</strong></span> <span class='ocrx_word' id='word_1_71' title='bbox 806 1209 1038 1266; x_wconf 86' lang='lat' dir='ltr'><strong>referto.</strong></span> <span class='ocrx_word' id='word_1_72' title='bbox 1083 1212 1149 1265; x_wconf 87' lang='lat' dir='ltr'><strong>Et</strong></span> <span class='ocrx_word' id='word_1_73' title='bbox 1172 1209 1371 1282; x_wconf 89' lang='lat' dir='ltr'><strong>optavi</strong></span> <span class='ocrx_word' id='word_1_74' title='bbox 1396 1210 1592 1282; x_wconf 87' lang='lat' dir='ltr'><strong>potius</strong></span> <span class='ocrx_word' id='word_1_75' title='bbox 1617 1214 1674 1264; x_wconf 87' lang='lat' dir='ltr'><strong>et</strong></span> <span class='ocrx_word' id='word_1_76' title='bbox 1714 1207 1962 1264; x_wconf 88' lang='lat' dir='ltr'><strong>omnino</strong></span> <span class='ocrx_word' id='word_1_77' title='bbox 2019 1206 2223 1279; x_wconf 88' lang='lat' dir='ltr'><strong>optavi</strong></span> 
     </span>
    </p>
   </div>
   <div class='ocr_carea' id='block_1_14' title="bbox 574 1293 2224 1372">
    <p class='ocr_par' dir='ltr' id='par_1_14' title="bbox 574 1293 2224 1372">
     <span class='ocr_line' id='line_1_14' title="bbox 574 1293 2224 1372; baseline -0.003 -18"><span class='ocrx_word' id='word_1_78' title='bbox 574 1302 632 1354; x_wconf 91' lang='lat' dir='ltr'><strong>et</strong></span> <span class='ocrx_word' id='word_1_79' title='bbox 669 1298 942 1354; x_wconf 88' lang='lat' dir='ltr'><strong>ardenter</strong></span> <span class='ocrx_word' id='word_1_80' title='bbox 964 1297 1261 1371; x_wconf 87' lang='lat' dir='ltr'><strong>postulavi</strong></span> <span class='ocrx_word' id='word_1_81' title='bbox 1294 1303 1356 1354; x_wconf 92' lang='lat' dir='ltr'><strong>ut</strong></span> <span class='ocrx_word' id='word_1_82' title='bbox 1385 1298 1550 1372; x_wconf 90' lang='lat' dir='ltr'><strong>prius</strong></span> <span class='ocrx_word' id='word_1_83' title='bbox 1581 1297 1847 1354; x_wconf 85' lang='lat' dir='ltr'><strong>animam</strong></span> <span class='ocrx_word' id='word_1_84' title='bbox 1900 1300 2087 1353; x_wconf 90' lang='lat' dir='ltr'><strong>morte</strong></span> <span class='ocrx_word' id='word_1_85' title='bbox 2144 1293 2224 1351; x_wconf 85' lang='lat' dir='ltr'><strong>ef-</strong></span> 
     </span>
    </p>
   </div>
   <div class='ocr_carea' id='block_1_15' title="bbox 573 1384 2221 1461">
    <p class='ocr_par' dir='ltr' id='par_1_15' title="bbox 573 1384 2221 1461">
     <span class='ocr_line' id='line_1_15' title="bbox 573 1384 2221 1461; baseline -0.001 -17"><span class='ocrx_word' id='word_1_86' title='bbox 573 1387 778 1445; x_wconf 89' lang='lat' dir='ltr'><strong>ﬂarem</strong></span> <span class='ocrx_word' id='word_1_87' title='bbox 805 1389 883 1461; x_wconf 93' lang='lat' dir='ltr'><strong>(et</strong></span> <span class='ocrx_word' id='word_1_88' title='bbox 903 1387 1094 1444; x_wconf 91' lang='lat' dir='ltr'><strong>dulcis</strong></span> <span class='ocrx_word' id='word_1_89' title='bbox 1116 1388 1261 1447; x_wconf 88' lang='lat' dir='ltr'><strong>mihi</strong></span> <span class='ocrx_word' id='word_1_90' title='bbox 1291 1403 1362 1446; x_wconf 90' lang='lat' dir='ltr'><strong>ea</strong></span> <span class='ocrx_word' id='word_1_91' title='bbox 1392 1403 1553 1444; x_wconf 86' lang='lat' dir='ltr'><strong>mors</strong></span> <span class='ocrx_word' id='word_1_92' title='bbox 1578 1387 1824 1459; x_wconf 80' lang='lat' dir='ltr'><strong>fuisset),</strong></span> <span class='ocrx_word' id='word_1_93' title='bbox 1855 1402 2040 1459; x_wconf 90' lang='lat' dir='ltr'><strong>quam</strong></span> <span class='ocrx_word' id='word_1_94' title='bbox 2063 1384 2221 1442; x_wconf 83' lang='lat' dir='ltr'><strong>cala-</strong></span> 
     </span>
    </p>
   </div>
   <div class='ocr_carea' id='block_1_16' title="bbox 574 1473 2224 1550">
    <p class='ocr_par' dir='ltr' id='par_1_16' title="bbox 574 1473 2224 1550">
     <span class='ocr_line' id='line_1_16' title="bbox 574 1473 2224 1550; baseline -0.002 -16"><span class='ocrx_word' id='word_1_95' title='bbox 574 1477 841 1534; x_wconf 88' lang='lat' dir='ltr'><strong>mitatem</strong></span> <span class='ocrx_word' id='word_1_96' title='bbox 873 1476 1141 1550; x_wconf 87' lang='lat' dir='ltr'><strong>aliquam</strong></span> <span class='ocrx_word' id='word_1_97' title='bbox 1163 1476 1702 1535; x_wconf 88' lang='lat' dir='ltr'><strong>auimadverterem</strong></span> <span class='ocrx_word' id='word_1_98' title='bbox 1723 1481 1825 1534; x_wconf 88' lang='lat' dir='ltr'><strong>tuo</strong></span> <span class='ocrx_word' id='word_1_99' title='bbox 1856 1475 2022 1533; x_wconf 84' lang='lat' dir='ltr'><strong>cordi</strong></span> <span class='ocrx_word' id='word_1_100' title='bbox 2060 1473 2224 1532; x_wconf 85' lang='lat' dir='ltr'><strong>dolo-</strong></span> 
     </span>
    </p>
   </div>
   <div class='ocr_carea' id='block_1_17' title="bbox 574 1565 1064 1635">
    <p class='ocr_par' dir='ltr' id='par_1_17' title="bbox 574 1565 1064 1635">
     <span class='ocr_line' id='line_1_17' title="bbox 574 1565 1064 1635; baseline 0 -13"><span class='ocrx_word' id='word_1_101' title='bbox 574 1582 668 1622; x_wconf 87' lang='lat' dir='ltr'><strong>res</strong></span> <span class='ocrx_word' id='word_1_102' title='bbox 693 1565 1064 1635; x_wconf 74' lang='lat' dir='ltr'><strong>aﬂ‘erentem,</strong></span> 
     </span>
    </p>
   </div>
   <div class='ocr_carea' id='block_1_18' title="bbox 2333 577 3916 659">
    <p class='ocr_par' dir='ltr' id='par_1_18' title="bbox 2333 577 3916 659">
     <span class='ocr_line' id='line_1_18' title="bbox 2333 577 3916 659; baseline 0.005 -29"><span class='ocrx_word' id='word_1_103' title='bbox 2333 577 2556 633; x_wconf 77' lang='grc' dir='ltr'>Κάκεῖνα</span> <span class='ocrx_word' id='word_1_104' title='bbox 2577 577 2612 634; x_wconf 85' lang='grc' dir='ltr'><strong>δ</strong></span> <span class='ocrx_word' id='word_1_105' title='bbox 2619 580 2926 648; x_wconf 74' lang='grc' dir='ltr'>’ἱνπάσαις</span> <span class='ocrx_word' id='word_1_106' title='bbox 2967 585 3104 659; x_wconf 65' lang='grc' dir='ltr'>ἢμην</span> <span class='ocrx_word' id='word_1_107' title='bbox 3158 593 3270 647; x_wconf 86' lang='grc' dir='ltr'>ταῖς</span> <span class='ocrx_word' id='word_1_108' title='bbox 3324 585 3548 648; x_wconf 76' lang='grc' dir='ltr'><strong>ἱκεσίαις</strong></span> <span class='ocrx_word' id='word_1_109' title='bbox 3598 590 3701 638; x_wconf 84' lang='grc' dir='ltr'>σὺν</span> <span class='ocrx_word' id='word_1_110' title='bbox 3767 587 3916 656; x_wconf 61' lang='grc' dir='ltr'>πολλᾷ</span> 
     </span>
    </p>
   </div>
   <div class='ocr_carea' id='block_1_19' title="bbox 2329 666 3917 748">
    <p class='ocr_par' dir='ltr' id='par_1_19' title="bbox 2329 666 3917 748">
     <span class='ocr_line' id='line_1_19' title="bbox 2329 666 3917 748; baseline 0.005 -27"><span class='ocrx_word' id='word_1_111' title='bbox 2329 675 2402 739; x_wconf 82' lang='grc' dir='ltr'>τῷ</span> <span class='ocrx_word' id='word_1_112' title='bbox 2434 666 2538 723; x_wconf 80' lang='grc' dir='ltr'>δέει</span> <span class='ocrx_word' id='word_1_113' title='bbox 2575 678 2933 747; x_wconf 74' lang='grc' dir='ltr'><strong>πεποιημένος,</strong></span> <span class='ocrx_word' id='word_1_114' title='bbox 2995 672 3163 748; x_wconf 80' lang='grc' dir='ltr'>μηδέν</span> <span class='ocrx_word' id='word_1_115' title='bbox 3215 693 3299 728; x_wconf 91' lang='grc' dir='ltr'><strong>σοι</strong></span> <span class='ocrx_word' id='word_1_116' title='bbox 3345 671 3613 746; x_wconf 79' lang='grc' dir='ltr'>μηδέποτε</span> <span class='ocrx_word' id='word_1_117' title='bbox 3674 672 3917 748; x_wconf 65' lang='grc' dir='ltr'>μηδαμῶς</span> 
     </span>
    </p>
   </div>
   <div class='ocr_carea' id='block_1_20' title="bbox 2333 761 3917 840">
    <p class='ocr_par' dir='ltr' id='par_1_20' title="bbox 2333 761 3917 840">
     <span class='ocr_line' id='line_1_20' title="bbox 2333 761 3917 840; baseline 0.004 -27"><span class='ocrx_word' id='word_1_118' title='bbox 2333 769 2658 815; x_wconf 85' lang='grc' dir='ltr'>συναντῶσαι</span> <span class='ocrx_word' id='word_1_119' title='bbox 2700 771 2799 816; x_wconf 87' lang='grc' dir='ltr'>τῶν</span> <span class='ocrx_word' id='word_1_120' title='bbox 2829 763 2878 817; x_wconf 85' lang='grc' dir='ltr'>ἐν</span> <span class='ocrx_word' id='word_1_121' title='bbox 2931 772 3003 836; x_wconf 85' lang='grc' dir='ltr'>τῷ</span> <span class='ocrx_word' id='word_1_122' title='bbox 3054 764 3158 838; x_wconf 88' lang='grc' dir='ltr'><strong>βίῳ</strong></span> <span class='ocrx_word' id='word_1_123' title='bbox 3209 767 3373 836; x_wconf 82' lang='grc' dir='ltr'>τούτῳ</span> <span class='ocrx_word' id='word_1_124' title='bbox 3432 761 3750 840; x_wconf 75' lang='grc' dir='ltr'>δυσχερῶν,</span> <span class='ocrx_word' id='word_1_125' title='bbox 3802 764 3917 838; x_wconf 69' lang='grc' dir='ltr'>μηδι</span> 
     </span>
    </p>
   </div>
   <div class='ocr_carea' id='block_1_21' title="bbox 2329 850 3917 927">
    <p class='ocr_par' dir='ltr' id='par_1_21' title="bbox 2329 850 3917 927">
     <span class='ocr_line' id='line_1_21' title="bbox 2329 850 3917 927; baseline 0.004 -25"><span class='ocrx_word' id='word_1_126' title='bbox 2329 852 2588 920; x_wconf 68' lang='grc' dir='ltr'>γενέσθαι·</span> <span class='ocrx_word' id='word_1_127' title='bbox 2618 871 2708 924; x_wconf 89' lang='grc' dir='ltr'><strong>μοι</strong></span> <span class='ocrx_word' id='word_1_128' title='bbox 2753 850 3020 927; x_wconf 77' lang='grc' dir='ltr'>μηδέποτε</span> <span class='ocrx_word' id='word_1_129' title='bbox 3091 851 3416 927; x_wconf 83' lang='grc' dir='ltr'>ὀδυνωμένης</span> <span class='ocrx_word' id='word_1_130' title='bbox 3495 855 3793 908; x_wconf 77' lang='grc' dir='ltr'><strong>αἰσθέσθαι</strong></span> <span class='ocrx_word' id='word_1_131' title='bbox 3842 866 3917 918; x_wconf 69' lang='grc' dir='ltr'>τῆς</span> 
     </span>
    </p>
   </div>
   <div class='ocr_carea' id='block_1_22' title="bbox 2334 928 3917 1008">
    <p class='ocr_par' dir='ltr' id='par_1_22' title="bbox 2334 928 3917 1008">
     <span class='ocr_line' id='line_1_22' title="bbox 2334 928 3917 1008; baseline 0.003 -24"><span class='ocrx_word' id='word_1_132' title='bbox 2334 938 2433 993; x_wconf 76' lang='grc' dir='ltr'>σῆς</span> <span class='ocrx_word' id='word_1_133' title='bbox 2470 928 2878 1007; x_wconf 78' lang='grc' dir='ltr'>καρδίας.μηδε</span> <span class='ocrx_word' id='word_1_134' title='bbox 2929 938 3216 1008; x_wconf 76' lang='grc' dir='ltr'>στεναγμὸν</span> <span class='ocrx_word' id='word_1_135' title='bbox 3266 934 3489 987; x_wconf 76' lang='grc' dir='ltr'>ἀκοῦσαι</span> <span class='ocrx_word' id='word_1_136' title='bbox 3539 933 3596 988; x_wconf 75' lang='grc' dir='ltr'>ἐκ</span> <span class='ocrx_word' id='word_1_137' title='bbox 3664 936 3917 1008; x_wconf 53' lang='grc' dir='ltr'>συντριϐῇ</span> 
     </span>
    </p>
   </div>
   <div class='ocr_carea' id='block_1_23' title="bbox 2329 1021 3628 1099">
    <p class='ocr_par' dir='ltr' id='par_1_23' title="bbox 2329 1021 3628 1099">
     <span class='ocr_line' id='line_1_23' title="bbox 2329 1021 3628 1099; baseline 0.002 -25"><span class='ocrx_word' id='word_1_138' title='bbox 2329 1024 2522 1084; x_wconf 78' lang='grc' dir='ltr'><strong>ταύτης</strong></span> <span class='ocrx_word' id='word_1_139' title='bbox 2613 1021 3030 1098; x_wconf 82' lang='grc' dir='ltr'>ἀναπεμπόμενον</span> <span class='ocrx_word' id='word_1_140' title='bbox 3085 1045 3175 1078; x_wconf 86' lang='grc' dir='ltr'><strong>και</strong></span> <span class='ocrx_word' id='word_1_141' title='bbox 3254 1029 3628 1099; x_wconf 77' lang='grc' dir='ltr'><strong>στενοχωρίας,</strong></span> 
     </span>
    </p>
   </div>
   <div class='ocr_carea' id='block_1_24' title="bbox 2333 1113 3914 1189">
    <p class='ocr_par' dir='ltr' id='par_1_24' title="bbox 2333 1113 3914 1189">
     <span class='ocr_line' id='line_1_24' title="bbox 2333 1113 3914 1189; baseline 0.002 -25"><span class='ocrx_word' id='word_1_142' title='bbox 2333 1115 2510 1173; x_wconf 87' lang='grc' dir='ltr'>σόντος</span> <span class='ocrx_word' id='word_1_143' title='bbox 2560 1115 2694 1174; x_wconf 88' lang='grc' dir='ltr'>τινὸς</span> <span class='ocrx_word' id='word_1_144' title='bbox 2739 1121 2840 1167; x_wconf 87' lang='grc' dir='ltr'>τῶν</span> <span class='ocrx_word' id='word_1_145' title='bbox 2893 1113 3229 1168; x_wconf 77' lang='grc' dir='ltr'>ἓκθλιϐόντων</span> <span class='ocrx_word' id='word_1_146' title='bbox 3304 1134 3397 1166; x_wconf 88' lang='grc' dir='ltr'><strong>και</strong></span> <span class='ocrx_word' id='word_1_147' title='bbox 3459 1113 3632 1175; x_wconf 78' lang='grc' dir='ltr'>λύπης</span> <span class='ocrx_word' id='word_1_148' title='bbox 3684 1116 3914 1189; x_wconf 62' lang='grc' dir='ltr'>προξένων</span> 
     </span>
    </p>
   </div>
   <div class='ocr_carea' id='block_1_25' title="bbox 2331 1197 3916 1278">
    <p class='ocr_par' dir='ltr' id='par_1_25' title="bbox 2331 1197 3916 1278">
     <span class='ocr_line' id='line_1_25' title="bbox 2331 1197 3916 1278; baseline 0 -24"><span class='ocrx_word' id='word_1_149' title='bbox 2331 1201 2481 1274; x_wconf 67' lang='grc' dir='ltr'>αὐτῇ,</span> <span class='ocrx_word' id='word_1_150' title='bbox 2533 1197 2674 1275; x_wconf 77' lang='grc' dir='ltr'>μηδέ</span> <span class='ocrx_word' id='word_1_151' title='bbox 2735 1223 2796 1275; x_wconf 75' lang='grc' dir='ltr'>γε</span> <span class='ocrx_word' id='word_1_152' title='bbox 2845 1200 3072 1278; x_wconf 84' lang='grc' dir='ltr'>δάκρυον</span> <span class='ocrx_word' id='word_1_153' title='bbox 3133 1203 3328 1278; x_wconf 66' lang='grc' dir='ltr'>βλέψαι</span> <span class='ocrx_word' id='word_1_154' title='bbox 3392 1212 3492 1258; x_wconf 82' lang='grc' dir='ltr'>τῶν</span> <span class='ocrx_word' id='word_1_155' title='bbox 3562 1213 3674 1256; x_wconf 81' lang='grc' dir='ltr'>σῶν</span> <span class='ocrx_word' id='word_1_156' title='bbox 3725 1205 3916 1277; x_wconf 49' lang='grc' dir='ltr'>ἐκχυθῇ</span> 
     </span>
    </p>
   </div>
   <div class='ocr_carea' id='block_1_26' title="bbox 2332 1288 3919 1368">
    <p class='ocr_par' dir='ltr' id='par_1_26' title="bbox 2332 1288 3919 1368">
     <span class='ocr_line' id='line_1_26' title="bbox 2332 1288 3919 1368; baseline 0.001 -24"><span class='ocrx_word' id='word_1_157' title='bbox 2332 1288 2625 1364; x_wconf 84' lang='grc' dir='ltr'>ὀφθαλμῶν,</span> <span class='ocrx_word' id='word_1_158' title='bbox 2685 1289 2825 1366; x_wconf 71' lang='grc' dir='ltr'>μηδὲ</span> <span class='ocrx_word' id='word_1_159' title='bbox 2878 1294 3296 1368; x_wconf 85' lang='grc' dir='ltr'>σκυθρωπότητά</span> <span class='ocrx_word' id='word_1_160' title='bbox 3344 1314 3460 1348; x_wconf 87' lang='grc' dir='ltr'>τινα</span> <span class='ocrx_word' id='word_1_161' title='bbox 3512 1290 3760 1347; x_wconf 70' lang='grc' dir='ltr'>κατιδεῖν</span> <span class='ocrx_word' id='word_1_162' title='bbox 3809 1299 3919 1366; x_wconf 66' lang='grc' dir='ltr'>μήτε</span> 
     </span>
    </p>
   </div>
   <div class='ocr_carea' id='block_1_27' title="bbox 2330 1380 3921 1457">
    <p class='ocr_par' dir='ltr' id='par_1_27' title="bbox 2330 1380 3921 1457">
     <span class='ocr_line' id='line_1_27' title="bbox 2330 1380 3921 1457; baseline 0.001 -25"><span class='ocrx_word' id='word_1_163' title='bbox 2330 1385 2612 1453; x_wconf 75' lang='grc' dir='ltr'>κατήφειαν</span> <span class='ocrx_word' id='word_1_164' title='bbox 2665 1380 2748 1435; x_wconf 70' lang='grc' dir='ltr'><strong>ἐπὶ</strong></span> <span class='ocrx_word' id='word_1_165' title='bbox 2796 1389 2889 1436; x_wconf 79' lang='grc' dir='ltr'>τοῦ</span> <span class='ocrx_word' id='word_1_166' title='bbox 2965 1391 3060 1437; x_wconf 80' lang='grc' dir='ltr'>σοῦ</span> <span class='ocrx_word' id='word_1_167' title='bbox 3105 1382 3264 1436; x_wconf 79' lang='grc' dir='ltr'>καλου</span> <span class='ocrx_word' id='word_1_168' title='bbox 3326 1387 3416 1436; x_wconf 82' lang='grc' dir='ltr'>καὶ</span> <span class='ocrx_word' id='word_1_169' title='bbox 3493 1386 3699 1457; x_wconf 80' lang='grc' dir='ltr'>ὡραίου</span> <span class='ocrx_word' id='word_1_170' title='bbox 3781 1402 3921 1455; x_wconf 69' lang='grc' dir='ltr'>προσ-</span> 
     </span>
    </p>
   </div>
   <div class='ocr_carea' id='block_1_28' title="bbox 3712 1029 3915 1079">
    <p class='ocr_par' dir='ltr' id='par_1_28' title="bbox 3712 1029 3915 1079">
     <span class='ocr_line' id='line_1_28' title="bbox 3712 1029 3915 1079; baseline 0.01 -2"><span class='ocrx_word' id='word_1_171' title='bbox 3712 1029 3915 1079; x_wconf 81' lang='grc' dir='ltr'>ίπείσπε-</span> 
     </span>
    </p>
   </div>
   <div class='ocr_carea' id='block_1_29' title="bbox 2331 1471 3919 1546">
    <p class='ocr_par' dir='ltr' id='par_1_29' title="bbox 2331 1471 3919 1546">
     <span class='ocr_line' id='line_1_29' title="bbox 2331 1471 3919 1546; baseline 0.003 -23"><span class='ocrx_word' id='word_1_172' title='bbox 2331 1476 2494 1536; x_wconf 88' lang='grc' dir='ltr'>ώπου,</span> <span class='ocrx_word' id='word_1_173' title='bbox 2548 1475 2639 1522; x_wconf 85' lang='grc' dir='ltr'>καὶ</span> <span class='ocrx_word' id='word_1_174' title='bbox 2692 1471 2918 1543; x_wconf 75' lang='grc' dir='ltr'><strong>γαλήνης</strong></span> <span class='ocrx_word' id='word_1_175' title='bbox 2963 1477 3052 1526; x_wconf 85' lang='grc' dir='ltr'>καὶ</span> <span class='ocrx_word' id='word_1_176' title='bbox 3104 1480 3284 1526; x_wconf 83' lang='grc' dir='ltr'>πασῶν</span> <span class='ocrx_word' id='word_1_177' title='bbox 3345 1477 3594 1544; x_wconf 64' lang='grc' dir='ltr'>γέμον-ξος</span> <span class='ocrx_word' id='word_1_178' title='bbox 3681 1478 3919 1546; x_wconf 71' lang='grc' dir='ltr'>χαρίτων.</span> 
     </span>
    </p>
   </div>
   <div class='ocr_carea' id='block_1_30' title="bbox 2334 1560 3922 1634">
    <p class='ocr_par' dir='ltr' id='par_1_30' title="bbox 2334 1560 3922 1634">
     <span class='ocr_line' id='line_1_30' title="bbox 2334 1560 3922 1634; baseline -0.001 -21"><span class='ocrx_word' id='word_1_179' title='bbox 2334 1564 2435 1613; x_wconf 83' lang='grc' dir='ltr'><strong>Καὶ</strong></span> <span class='ocrx_word' id='word_1_180' title='bbox 2473 1561 2732 1631; x_wconf 78' lang='grc' dir='ltr'>ἠγάπησα</span> <span class='ocrx_word' id='word_1_181' title='bbox 2786 1560 2998 1634; x_wconf 85' lang='grc' dir='ltr'>μᾶλλον,</span> <span class='ocrx_word' id='word_1_182' title='bbox 3060 1567 3150 1614; x_wconf 88' lang='grc' dir='ltr'><strong>καὶ</strong></span> <span class='ocrx_word' id='word_1_183' title='bbox 3204 1563 3338 1614; x_wconf 80' lang='grc' dir='ltr'>πάνυ</span> <span class='ocrx_word' id='word_1_184' title='bbox 3395 1580 3448 1614; x_wconf 90' lang='grc' dir='ltr'><strong>τι</strong></span> <span class='ocrx_word' id='word_1_185' title='bbox 3504 1562 3796 1632; x_wconf 71' lang='grc' dir='ltr'>ἠγάπησα,</span> <span class='ocrx_word' id='word_1_186' title='bbox 3852 1565 3922 1611; x_wconf 75' lang='grc' dir='ltr'>καὶ</span> 
     </span>
    </p>
   </div>
   <div class='ocr_carea' id='block_1_31' title="bbox 578 1647 3925 1731">
    <p class='ocr_par' dir='ltr' id='par_1_31' title="bbox 578 1647 3925 1731">
     <span class='ocr_line' id='line_1_31' title="bbox 578 1647 3925 1731; baseline -0.002 -22"><span class='ocrx_word' id='word_1_187' title='bbox 578 1657 773 1729; x_wconf 83' lang='grc' dir='ltr'>θερμῶς</span> <span class='ocrx_word' id='word_1_188' title='bbox 837 1653 1140 1726; x_wconf 74' lang='grc' dir='ltr'><strong>ἐπηυξάμην</strong></span> <span class='ocrx_word' id='word_1_189' title='bbox 1201 1655 1399 1728; x_wconf 78' lang='grc' dir='ltr'>θανάτῳ</span> <span class='ocrx_word' id='word_1_190' title='bbox 1448 1660 1691 1731; x_wconf 86' lang='grc' dir='ltr'>πρότερον</span> <span class='ocrx_word' id='word_1_191' title='bbox 1758 1657 1852 1714; x_wconf 76' lang='grc' dir='ltr'>τὴν</span> <span class='ocrx_word' id='word_1_192' title='bbox 1905 1652 2090 1727; x_wconf 68' lang='grc' dir='ltr'>ψυχὴν</span> <span class='ocrx_word' id='word_1_193' title='bbox 2149 1649 2522 1718; x_wconf 78' lang='grc' dir='ltr'>ἀποϐαλέσθαι,</span> <span class='ocrx_word' id='word_1_194' title='bbox 2589 1655 2674 1702; x_wconf 79' lang='grc' dir='ltr'>καὶ</span> <span class='ocrx_word' id='word_1_195' title='bbox 2750 1647 2810 1710; x_wconf 77' lang='grc' dir='ltr'>ἦν</span> <span class='ocrx_word' id='word_1_196' title='bbox 2897 1653 2958 1704; x_wconf 80' lang='grc' dir='ltr'>ἄν</span> <span class='ocrx_word' id='word_1_197' title='bbox 3050 1671 3140 1726; x_wconf 88' lang='grc' dir='ltr'><strong>μοι</strong></span> <span class='ocrx_word' id='word_1_198' title='bbox 3232 1655 3323 1706; x_wconf 83' lang='grc' dir='ltr'>καὶ</span> <span class='ocrx_word' id='word_1_199' title='bbox 3403 1652 3594 1726; x_wconf 71' lang='grc' dir='ltr'>γλυκὺς</span> <span class='ocrx_word' id='word_1_200' title='bbox 3680 1650 3925 1713; x_wconf 70' lang='grc' dir='ltr'>ἐκεῖνοςὸ</span> 
     </span>
    </p>
   </div>
   <div class='ocr_carea' id='block_1_32' title="bbox 578 1737 3158 1817">
    <p class='ocr_par' dir='ltr' id='par_1_32' title="bbox 578 1737 3158 1817">
     <span class='ocr_line' id='line_1_32' title="bbox 578 1737 3158 1817; baseline -0.001 -21"><span class='ocrx_word' id='word_1_201' title='bbox 578 1745 812 1813; x_wconf 83' lang='grc' dir='ltr'>θάνατος,</span> <span class='ocrx_word' id='word_1_202' title='bbox 854 1745 884 1803; x_wconf 77' lang='grc' dir='ltr'><strong>ἣ</strong></span> <span class='ocrx_word' id='word_1_203' title='bbox 920 1739 1234 1817; x_wconf 78' lang='grc' dir='ltr'><strong>δυσχερείας</strong></span> <span class='ocrx_word' id='word_1_204' title='bbox 1252 1748 1388 1808; x_wconf 85' lang='grc' dir='ltr'>τινὸς</span> <span class='ocrx_word' id='word_1_205' title='bbox 1414 1745 1487 1807; x_wconf 87' lang='grc' dir='ltr'><strong>εἰς</strong></span> <span class='ocrx_word' id='word_1_206' title='bbox 1516 1746 1768 1803; x_wconf 82' lang='grc' dir='ltr'>αἱσθησιν</span> <span class='ocrx_word' id='word_1_207' title='bbox 1797 1743 1952 1796; x_wconf 85' lang='grc' dir='ltr'>ἐλθεῖν</span> <span class='ocrx_word' id='word_1_208' title='bbox 1983 1742 2132 1816; x_wconf 79' lang='grc' dir='ltr'>ἄλγος</span> <span class='ocrx_word' id='word_1_209' title='bbox 2157 1741 2504 1817; x_wconf 77' lang='grc' dir='ltr'><strong>προξενούσης</strong></span> <span class='ocrx_word' id='word_1_210' title='bbox 2531 1747 2594 1814; x_wconf 74' lang='grc' dir='ltr'>τῇ</span> <span class='ocrx_word' id='word_1_211' title='bbox 2631 1749 2695 1814; x_wconf 73' lang='grc' dir='ltr'>σῇ</span> <span class='ocrx_word' id='word_1_212' title='bbox 2753 1737 2971 1816; x_wconf 82' lang='grc' dir='ltr'>καρδίᾳ.</span> <span class='ocrx_word' id='word_1_213' title='bbox 3047 1784 3050 1786; x_wconf 56' lang='grc' dir='ltr'><strong>η</strong></span> <span class='ocrx_word' id='word_1_214' title='bbox 3154 1743 3158 1747; x_wconf 46' lang='grc'><strong>⁴</strong></span> 
     </span>
    </p>
   </div>
   <div class='ocr_carea' id='block_1_33' title="bbox 646 1830 2224 1892">
    <p class='ocr_par' dir='ltr' id='par_1_33' title="bbox 646 1830 2224 1892">
     <span class='ocr_line' id='line_1_33' title="bbox 646 1830 2224 1892; baseline -0.003 -3"><span class='ocrx_word' id='word_1_215' title='bbox 646 1834 779 1889; x_wconf 70' lang='lat' dir='ltr'><strong>Haec</strong></span> <span class='ocrx_word' id='word_1_216' title='bbox 809 1832 1016 1888; x_wconf 91' lang='lat' dir='ltr'><strong>omnia</strong></span> <span class='ocrx_word' id='word_1_217' title='bbox 1045 1837 1102 1889; x_wconf 89' lang='lat' dir='ltr'><strong>et</strong></span> <span class='ocrx_word' id='word_1_218' title='bbox 1136 1837 1324 1890; x_wconf 85' lang='lat' dir='ltr'><strong>mater</strong></span> <span class='ocrx_word' id='word_1_219' title='bbox 1370 1837 1472 1890; x_wconf 90' lang='lat' dir='ltr'><strong>tua</strong></span> <span class='ocrx_word' id='word_1_220' title='bbox 1525 1831 1842 1890; x_wconf 77' lang='lat' dir='ltr'><strong>ineffabilis</strong></span> <span class='ocrx_word' id='word_1_221' title='bbox 1889 1830 2224 1892; x_wconf 87' lang='lat' dir='ltr'><strong>dilectionis</strong></span> 
     </span>
    </p>
   </div>
   <div class='ocr_carea' id='block_1_34' title="bbox 575 1920 2225 1996">
    <p class='ocr_par' dir='ltr' id='par_1_34' title="bbox 575 1920 2225 1996">
     <span class='ocr_line' id='line_1_34' title="bbox 575 1920 2225 1996; baseline -0.002 -19"><span class='ocrx_word' id='word_1_222' title='bbox 575 1936 823 1980; x_wconf 85' lang='lat' dir='ltr'><strong>excessu</strong></span> <span class='ocrx_word' id='word_1_223' title='bbox 858 1925 1146 1994; x_wconf 89' lang='lat' dir='ltr'><strong>perpetuo</strong></span> <span class='ocrx_word' id='word_1_224' title='bbox 1199 1921 1304 1978; x_wconf 84' lang='lat' dir='ltr'><strong>tibi</strong></span> <span class='ocrx_word' id='word_1_225' title='bbox 1353 1922 1691 1996; x_wconf 89' lang='lat' dir='ltr'><strong>peroptavit</strong></span> <span class='ocrx_word' id='word_1_226' title='bbox 1739 1920 2225 1992; x_wconf 83' lang='lat' dir='ltr'><strong>etﬂagitavitque,</strong></span> 
     </span>
    </p>
   </div>
   <div class='ocr_carea' id='block_1_35' title="bbox 574 2011 2228 2083">
    <p class='ocr_par' dir='ltr' id='par_1_35' title="bbox 574 2011 2228 2083">
     <span class='ocr_line' id='line_1_35' title="bbox 574 2011 2228 2083; baseline -0.001 -15"><span class='ocrx_word' id='word_1_227' title='bbox 574 2015 761 2068; x_wconf 90' lang='lat' dir='ltr'><strong>totam</strong></span> <span class='ocrx_word' id='word_1_228' title='bbox 799 2011 1068 2068; x_wconf 89' lang='lat' dir='ltr'><strong>animam</strong></span> <span class='ocrx_word' id='word_1_229' title='bbox 1095 2011 1432 2083; x_wconf 72' lang='lat' dir='ltr'><strong>eﬂ‘undens,</strong></span> <span class='ocrx_word' id='word_1_230' title='bbox 1490 2016 1679 2070; x_wconf 86' lang='lat' dir='ltr'><strong>totum</strong></span> <span class='ocrx_word' id='word_1_231' title='bbox 1736 2011 2128 2080; x_wconf 89' lang='lat' dir='ltr'><strong>desiderium,</strong></span> <span class='ocrx_word' id='word_1_232' title='bbox 2173 2013 2228 2069; x_wconf 87' lang='lat' dir='ltr'><strong>te</strong></span> 
     </span>
    </p>
   </div>
   <div class='ocr_carea' id='block_1_36' title="bbox 574 2099 2228 2175">
    <p class='ocr_par' dir='ltr' id='par_1_36' title="bbox 574 2099 2228 2175">
     <span class='ocr_line' id='line_1_36' title="bbox 574 2099 2228 2175; baseline -0.001 -18"><span class='ocrx_word' id='word_1_233' title='bbox 574 2101 722 2157; x_wconf 89' lang='lat' dir='ltr'><strong>lacte</strong></span> <span class='ocrx_word' id='word_1_234' title='bbox 752 2100 1038 2168; x_wconf 88' lang='lat' dir='ltr'><strong>nutriens,</strong></span> <span class='ocrx_word' id='word_1_235' title='bbox 1070 2101 1403 2175; x_wconf 82' lang='lat' dir='ltr'><strong>fovensque</strong></span> <span class='ocrx_word' id='word_1_236' title='bbox 1465 2101 1856 2175; x_wconf 82' lang='lat' dir='ltr'><strong>amplexibus,</strong></span> <span class='ocrx_word' id='word_1_237' title='bbox 1891 2112 1948 2160; x_wconf 86' lang='lat' dir='ltr'><strong>et</strong></span> <span class='ocrx_word' id='word_1_238' title='bbox 1977 2101 2039 2157; x_wconf 91' lang='lat' dir='ltr'><strong>in</strong></span> <span class='ocrx_word' id='word_1_239' title='bbox 2071 2099 2228 2156; x_wconf 91' lang='lat' dir='ltr'><strong>ulnis</strong></span> 
     </span>
    </p>
   </div>
   <div class='ocr_carea' id='block_1_37' title="bbox 574 2189 2225 2266">
    <p class='ocr_par' dir='ltr' id='par_1_37' title="bbox 574 2189 2225 2266">
     <span class='ocr_line' id='line_1_37' title="bbox 574 2189 2225 2266; baseline 0.001 -20"><span class='ocrx_word' id='word_1_240' title='bbox 574 2189 995 2263; x_wconf 77' lang='lat' dir='ltr'><strong>ferens,neque</strong></span> <span class='ocrx_word' id='word_1_241' title='bbox 1011 2191 1309 2248; x_wconf 88' lang='lat' dir='ltr'><strong>sustinens</strong></span> <span class='ocrx_word' id='word_1_242' title='bbox 1321 2191 1410 2248; x_wconf 89' lang='lat' dir='ltr'><strong>vel</strong></span> <span class='ocrx_word' id='word_1_243' title='bbox 1423 2191 1734 2266; x_wconf 89' lang='lat' dir='ltr'><strong>paululum</strong></span> <span class='ocrx_word' id='word_1_244' title='bbox 1758 2206 1794 2248; x_wconf 89' lang='lat' dir='ltr'><strong>a</strong></span> <span class='ocrx_word' id='word_1_245' title='bbox 1818 2194 1873 2248; x_wconf 84' lang='lat' dir='ltr'><strong>te</strong></span> <span class='ocrx_word' id='word_1_246' title='bbox 1909 2190 2186 2247; x_wconf 89' lang='lat' dir='ltr'><strong>recedere</strong></span> <span class='ocrx_word' id='word_1_247' title='bbox 2213 2189 2225 2246; x_wconf 77' lang='grc' dir='ltr'><strong>Ξ</strong></span> 
     </span>
    </p>
   </div>
   <div class='ocr_carea' id='block_1_38' title="bbox 575 2277 2228 2352">
    <p class='ocr_par' dir='ltr' id='par_1_38' title="bbox 575 2277 2228 2352">
     <span class='ocr_line' id='line_1_38' title="bbox 575 2277 2228 2352; baseline -0.001 -19"><span class='ocrx_word' id='word_1_248' title='bbox 575 2280 811 2345; x_wconf 85' lang='lat' dir='ltr'><strong>Quoties</strong></span> <span class='ocrx_word' id='word_1_249' title='bbox 842 2285 1042 2336; x_wconf 87' lang='lat' dir='ltr'><strong>autem</strong></span> <span class='ocrx_word' id='word_1_250' title='bbox 1083 2279 1177 2336; x_wconf 88' lang='lat' dir='ltr'><strong>die</strong></span> <span class='ocrx_word' id='word_1_251' title='bbox 1217 2284 1522 2352; x_wconf 88' lang='lat' dir='ltr'><strong>noctuque</strong></span> <span class='ocrx_word' id='word_1_252' title='bbox 1551 2280 1788 2336; x_wconf 88' lang='lat' dir='ltr'><strong>divinas</strong></span> <span class='ocrx_word' id='word_1_253' title='bbox 1827 2279 1987 2335; x_wconf 64' lang='lat' dir='ltr'><strong>aedes</strong></span> <span class='ocrx_word' id='word_1_254' title='bbox 2038 2277 2228 2350; x_wconf 82' lang='lat' dir='ltr'><strong>petiit,</strong></span> 
     </span>
    </p>
   </div>
   <div class='ocr_carea' id='block_1_39' title="bbox 576 2365 2230 2442">
    <p class='ocr_par' dir='ltr' id='par_1_39' title="bbox 576 2365 2230 2442">
     <span class='ocr_line' id='line_1_39' title="bbox 576 2365 2230 2442; baseline 0.001 -20"><span class='ocrx_word' id='word_1_255' title='bbox 576 2367 755 2423; x_wconf 90' lang='lat' dir='ltr'><strong>nudis</strong></span> <span class='ocrx_word' id='word_1_256' title='bbox 785 2367 1044 2440; x_wconf 90' lang='lat' dir='ltr'><strong>pedibus</strong></span> <span class='ocrx_word' id='word_1_257' title='bbox 1078 2369 1362 2425; x_wconf 88' lang='lat' dir='ltr'><strong>incedens</strong></span> <span class='ocrx_word' id='word_1_258' title='bbox 1389 2372 1922 2442; x_wconf 85' lang='lat' dir='ltr'><strong>paupertatemque</strong></span> <span class='ocrx_word' id='word_1_259' title='bbox 1950 2365 2230 2437; x_wconf 87' lang='lat' dir='ltr'><strong>induens,</strong></span> 
     </span>
    </p>
   </div>
   <div class='ocr_carea' id='block_1_40' title="bbox 574 2455 2231 2530">
    <p class='ocr_par' dir='ltr' id='par_1_40' title="bbox 574 2455 2231 2530">
     <span class='ocr_line' id='line_1_40' title="bbox 574 2455 2231 2530; baseline 0 -18"><span class='ocrx_word' id='word_1_260' title='bbox 574 2460 630 2512; x_wconf 90' lang='lat' dir='ltr'><strong>et</strong></span> <span class='ocrx_word' id='word_1_261' title='bbox 658 2455 734 2512; x_wconf 91' lang='lat' dir='ltr'><strong>ad</strong></span> <span class='ocrx_word' id='word_1_262' title='bbox 767 2472 949 2528; x_wconf 91' lang='lat' dir='ltr'><strong>puras</strong></span> <span class='ocrx_word' id='word_1_263' title='bbox 979 2457 1472 2530; x_wconf 88' lang='lat' dir='ltr'><strong>venerandasque</strong></span> <span class='ocrx_word' id='word_1_264' title='bbox 1512 2458 1807 2527; x_wconf 81' lang='lat' dir='ltr'><strong>imagines</strong></span> <span class='ocrx_word' id='word_1_265' title='bbox 1838 2457 2144 2523; x_wconf 83' lang='lat' dir='ltr'><strong>festinans,</strong></span> <span class='ocrx_word' id='word_1_266' title='bbox 2173 2461 2231 2514; x_wconf 90' lang='lat' dir='ltr'><strong>et</strong></span> 
     </span>
    </p>
   </div>
   <div class='ocr_carea' id='block_1_41' title="bbox 576 2546 2230 2620">
    <p class='ocr_par' dir='ltr' id='par_1_41' title="bbox 576 2546 2230 2620">
     <span class='ocr_line' id='line_1_41' title="bbox 576 2546 2230 2620; baseline 0 -17"><span class='ocrx_word' id='word_1_267' title='bbox 576 2550 713 2603; x_wconf 85' lang='lat' dir='ltr'><strong>ante</strong></span> <span class='ocrx_word' id='word_1_268' title='bbox 741 2561 844 2603; x_wconf 88' lang='lat' dir='ltr'><strong>eas</strong></span> <span class='ocrx_word' id='word_1_269' title='bbox 873 2561 1080 2620; x_wconf 89' lang='lat' dir='ltr'><strong>preces</strong></span> <span class='ocrx_word' id='word_1_270' title='bbox 1103 2546 1501 2619; x_wconf 86' lang='lat' dir='ltr'><strong>ardentesque</strong></span> <span class='ocrx_word' id='word_1_271' title='bbox 1525 2546 1992 2620; x_wconf 89' lang='lat' dir='ltr'><strong>supplicationes</strong></span> <span class='ocrx_word' id='word_1_272' title='bbox 2007 2561 2076 2601; x_wconf 85' lang='lat' dir='ltr'><strong>ex</strong></span> <span class='ocrx_word' id='word_1_273' title='bbox 2096 2560 2230 2618; x_wconf 88' lang='lat' dir='ltr'><strong>pro-</strong></span> 
     </span>
    </p>
   </div>
   <div class='ocr_carea' id='block_1_42' title="bbox 574 2633 2227 2710">
    <p class='ocr_par' dir='ltr' id='par_1_42' title="bbox 574 2633 2227 2710">
     <span class='ocr_line' id='line_1_42' title="bbox 574 2633 2227 2710; baseline 0.004 -20"><span class='ocrx_word' id='word_1_274' title='bbox 574 2633 760 2692; x_wconf 85' lang='lat' dir='ltr'><strong>fundo</strong></span> <span class='ocrx_word' id='word_1_275' title='bbox 792 2639 847 2691; x_wconf 87' lang='lat' dir='ltr'><strong>et</strong></span> <span class='ocrx_word' id='word_1_276' title='bbox 871 2635 1102 2693; x_wconf 85' lang='lat' dir='ltr'><strong>ardenti</strong></span> <span class='ocrx_word' id='word_1_277' title='bbox 1132 2635 1310 2694; x_wconf 91' lang='lat' dir='ltr'><strong>corde</strong></span> <span class='ocrx_word' id='word_1_278' title='bbox 1341 2635 1586 2703; x_wconf 80' lang='lat' dir='ltr'><strong>faciens,</strong></span> <span class='ocrx_word' id='word_1_279' title='bbox 1648 2636 1983 2710; x_wconf 87' lang='lat' dir='ltr'><strong>eademque</strong></span> <span class='ocrx_word' id='word_1_280' title='bbox 2043 2651 2080 2694; x_wconf 88' lang='lat' dir='ltr'><strong>a</strong></span> <span class='ocrx_word' id='word_1_281' title='bbox 2107 2637 2227 2696; x_wconf 87' lang='lat' dir='ltr'><strong>Deo</strong></span> 
     </span>
    </p>
   </div>
   <div class='ocr_carea' id='block_1_43' title="bbox 573 2723 946 2800">
    <p class='ocr_par' dir='ltr' id='par_1_43' title="bbox 573 2723 946 2800">
     <span class='ocr_line' id='line_1_43' title="bbox 573 2723 946 2800; baseline 0 -20"><span class='ocrx_word' id='word_1_282' title='bbox 573 2723 885 2800; x_wconf 89' lang='lat' dir='ltr'><strong>postulans</strong></span> <span class='ocrx_word' id='word_1_283' title='bbox 931 2724 946 2781; x_wconf 74' lang='grc' dir='ltr'><strong>Ι</strong></span> 
     </span>
    </p>
   </div>
   <div class='ocr_carea' id='block_1_44' title="bbox 645 2991 2224 3066">
    <p class='ocr_par' dir='ltr' id='par_1_44' title="bbox 645 2991 2224 3066">
     <span class='ocr_line' id='line_1_44' title="bbox 645 2991 2224 3066; baseline 0.001 -19"><span class='ocrx_word' id='word_1_284' title='bbox 645 2993 799 3058; x_wconf 89' lang='lat' dir='ltr'><strong>Quot</strong></span> <span class='ocrx_word' id='word_1_285' title='bbox 823 2993 879 3047; x_wconf 88' lang='lat' dir='ltr'><strong>et</strong></span> <span class='ocrx_word' id='word_1_286' title='bbox 915 2994 1142 3066; x_wconf 86' lang='lat' dir='ltr'><strong>quanta</strong></span> <span class='ocrx_word' id='word_1_287' title='bbox 1171 2991 1329 3048; x_wconf 90' lang='lat' dir='ltr'><strong>Deus</strong></span> <span class='ocrx_word' id='word_1_288' title='bbox 1370 2991 1498 3065; x_wconf 90' lang='lat' dir='ltr'><strong>ipse</strong></span> <span class='ocrx_word' id='word_1_289' title='bbox 1523 2991 1706 3064; x_wconf 90' lang='lat' dir='ltr'><strong>bona,</strong></span> <span class='ocrx_word' id='word_1_290' title='bbox 1735 2994 1974 3050; x_wconf 86' lang='lat' dir='ltr'><strong>nostras</strong></span> <span class='ocrx_word' id='word_1_291' title='bbox 2017 3005 2224 3066; x_wconf 88' lang='lat' dir='ltr'><strong>preces</strong></span> 
     </span>
    </p>
   </div>
   <div class='ocr_carea' id='block_1_45' title="bbox 576 3079 2225 3154">
    <p class='ocr_par' dir='ltr' id='par_1_45' title="bbox 576 3079 2225 3154">
     <span class='ocr_line' id='line_1_45' title="bbox 576 3079 2225 3154; baseline 0.001 -16"><span class='ocrx_word' id='word_1_292' title='bbox 576 3081 944 3154; x_wconf 86' lang='lat' dir='ltr'><strong>superantia,</strong></span> <span class='ocrx_word' id='word_1_293' title='bbox 966 3081 1070 3138; x_wconf 89' lang='lat' dir='ltr'><strong>tibi</strong></span> <span class='ocrx_word' id='word_1_294' title='bbox 1103 3080 1280 3138; x_wconf 89' lang='lat' dir='ltr'><strong>nullis</strong></span> <span class='ocrx_word' id='word_1_295' title='bbox 1300 3080 1736 3154; x_wconf 87' lang='lat' dir='ltr'><strong>comparabilia</strong></span> <span class='ocrx_word' id='word_1_296' title='bbox 1762 3079 2139 3138; x_wconf 88' lang='lat' dir='ltr'><strong>abundanter</strong></span> <span class='ocrx_word' id='word_1_297' title='bbox 2167 3085 2225 3139; x_wconf 88' lang='lat' dir='ltr'><strong>et</strong></span> 
     </span>
    </p>
   </div>
   <div class='ocr_carea' id='block_1_46' title="bbox 2407 1827 3930 1907">
    <p class='ocr_par' dir='ltr' id='par_1_46' title="bbox 2407 1827 3930 1907">
     <span class='ocr_line' id='line_1_46' title="bbox 2407 1827 3930 1907; baseline 0.001 -26"><span class='ocrx_word' id='word_1_298' title='bbox 2407 1836 2543 1882; x_wconf 84' lang='grc' dir='ltr'>Ὀσα</span> <span class='ocrx_word' id='word_1_299' title='bbox 2574 1827 2632 1882; x_wconf 65' lang='grc' dir='ltr'>δε</span> <span class='ocrx_word' id='word_1_300' title='bbox 2661 1834 2750 1884; x_wconf 83' lang='grc' dir='ltr'>καὶ</span> <span class='ocrx_word' id='word_1_301' title='bbox 2780 1828 2864 1884; x_wconf 83' lang='grc' dir='ltr'>οἶα</span> <span class='ocrx_word' id='word_1_302' title='bbox 2913 1835 3162 1907; x_wconf 79' lang='grc' dir='ltr'>μήτηρων</span> <span class='ocrx_word' id='word_1_303' title='bbox 3214 1830 3434 1906; x_wconf 82' lang='grc' dir='ltr'>φίλτρων</span> <span class='ocrx_word' id='word_1_304' title='bbox 3490 1829 3742 1907; x_wconf 78' lang='grc' dir='ltr'>ἆρῥὴτων</span> <span class='ocrx_word' id='word_1_305' title='bbox 3791 1832 3930 1905; x_wconf 57' lang='lat' dir='ltr'><strong>73m?-</strong></span> 
     </span>
    </p>
   </div>
   <div class='ocr_carea' id='block_1_47' title="bbox 2333 1916 3930 1994">
    <p class='ocr_par' dir='ltr' id='par_1_47' title="bbox 2333 1916 3930 1994">
     <span class='ocr_line' id='line_1_47' title="bbox 2333 1916 3930 1994; baseline 0 -21"><span class='ocrx_word' id='word_1_306' title='bbox 2333 1918 2510 1983; x_wconf 75' lang='grc' dir='ltr'>ϐολαῖς</span> <span class='ocrx_word' id='word_1_307' title='bbox 2549 1918 2627 1973; x_wconf 81' lang='grc' dir='ltr'><strong>ἀεὶ</strong></span> <span class='ocrx_word' id='word_1_308' title='bbox 2687 1916 2941 1974; x_wconf 75' lang='grc' dir='ltr'>διετέλεσε</span> <span class='ocrx_word' id='word_1_309' title='bbox 2995 1926 3114 1994; x_wconf 76' lang='grc' dir='ltr'>περὶ</span> <span class='ocrx_word' id='word_1_310' title='bbox 3158 1924 3215 1974; x_wconf 68' lang='grc' dir='ltr'><strong>σε</strong></span> <span class='ocrx_word' id='word_1_311' title='bbox 3265 1918 3657 1986; x_wconf 77' lang='grc' dir='ltr'>σπουδάζουσα</span> <span class='ocrx_word' id='word_1_312' title='bbox 3721 1926 3818 1974; x_wconf 87' lang='grc' dir='ltr'><strong>καί</strong></span> <span class='ocrx_word' id='word_1_313' title='bbox 3865 1921 3930 1974; x_wconf 63' lang='grc' dir='ltr'><strong>ἐν·</strong></span> 
     </span>
    </p>
   </div>
   <div class='ocr_carea' id='block_1_48' title="bbox 2335 2003 3586 2083">
    <p class='ocr_par' dir='ltr' id='par_1_48' title="bbox 2335 2003 3586 2083">
     <span class='ocr_line' id='line_1_48' title="bbox 2335 2003 3586 2083; baseline 0.002 -23"><span class='ocrx_word' id='word_1_314' title='bbox 2335 2003 2660 2081; x_wconf 84' lang='grc' dir='ltr'>δεικνυμένη,</span> <span class='ocrx_word' id='word_1_315' title='bbox 2725 2013 2819 2069; x_wconf 85' lang='grc' dir='ltr'>τὴν</span> <span class='ocrx_word' id='word_1_316' title='bbox 2874 2009 2994 2069; x_wconf 85' lang='grc' dir='ltr'>ὅλην</span> <span class='ocrx_word' id='word_1_317' title='bbox 3061 2009 3295 2083; x_wconf 74' lang='grc' dir='ltr'>ἐκχέασα</span> <span class='ocrx_word' id='word_1_318' title='bbox 3375 2011 3586 2083; x_wconf 73' lang='grc' dir='ltr'>ψυχὴν,</span> 
     </span>
    </p>
   </div>
   <div class='ocr_carea' id='block_1_49' title="bbox 2333 2098 3935 2176">
    <p class='ocr_par' dir='ltr' id='par_1_49' title="bbox 2333 2098 3935 2176">
     <span class='ocr_line' id='line_1_49' title="bbox 2333 2098 3935 2176; baseline 0 -26"><span class='ocrx_word' id='word_1_319' title='bbox 2333 2099 2510 2160; x_wconf 86' lang='grc' dir='ltr'><strong>πόθον,</strong></span> <span class='ocrx_word' id='word_1_320' title='bbox 2542 2103 2632 2150; x_wconf 85' lang='grc' dir='ltr'>καὶ</span> <span class='ocrx_word' id='word_1_321' title='bbox 2661 2098 3007 2172; x_wconf 77' lang='grc' dir='ltr'>γαλουχοῦσά</span> <span class='ocrx_word' id='word_1_322' title='bbox 3056 2119 3113 2154; x_wconf 87' lang='grc' dir='ltr'><strong>σε</strong></span> <span class='ocrx_word' id='word_1_323' title='bbox 3169 2105 3258 2153; x_wconf 85' lang='grc' dir='ltr'>καὶ</span> <span class='ocrx_word' id='word_1_324' title='bbox 3302 2105 3796 2176; x_wconf 76' lang='grc' dir='ltr'>περιπτυσσομένη,</span> <span class='ocrx_word' id='word_1_325' title='bbox 3857 2105 3935 2151; x_wconf 76' lang='grc' dir='ltr'>καὶ</span> 
     </span>
    </p>
   </div>
   <div class='ocr_carea' id='block_1_50' title="bbox 2334 2184 3938 2262">
    <p class='ocr_par' dir='ltr' id='par_1_50' title="bbox 2334 2184 3938 2262">
     <span class='ocr_line' id='line_1_50' title="bbox 2334 2184 3938 2262; baseline 0 -23"><span class='ocrx_word' id='word_1_326' title='bbox 2334 2188 2563 2261; x_wconf 70' lang='grc' dir='ltr'>φέρουσα</span> <span class='ocrx_word' id='word_1_327' title='bbox 2620 2184 2713 2240; x_wconf 73' lang='grc' dir='ltr'><strong>διὰ</strong></span> <span class='ocrx_word' id='word_1_328' title='bbox 2762 2192 2954 2252; x_wconf 88' lang='grc' dir='ltr'>παντὸς</span> <span class='ocrx_word' id='word_1_329' title='bbox 3020 2186 3068 2242; x_wconf 74' lang='grc' dir='ltr'>ἓν</span> <span class='ocrx_word' id='word_1_330' title='bbox 3134 2187 3405 2262; x_wconf 73' lang='grc' dir='ltr'>ἀγκάλαις,</span> <span class='ocrx_word' id='word_1_331' title='bbox 3459 2195 3548 2243; x_wconf 83' lang='grc' dir='ltr'>καὶ</span> <span class='ocrx_word' id='word_1_332' title='bbox 3620 2187 3770 2262; x_wconf 70' lang='grc' dir='ltr'>μηδὲ</span> <span class='ocrx_word' id='word_1_333' title='bbox 3817 2191 3938 2240; x_wconf 65' lang='lat' dir='ltr'><strong>uti:</strong></span> 
     </span>
    </p>
   </div>
   <div class='ocr_carea' id='block_1_51' title="bbox 2333 2275 3938 2351">
    <p class='ocr_par' dir='ltr' id='par_1_51' title="bbox 2333 2275 3938 2351">
     <span class='ocr_line' id='line_1_51' title="bbox 2333 2275 3938 2351; baseline 0.001 -23"><span class='ocrx_word' id='word_1_334' title='bbox 2333 2279 2519 2350; x_wconf 88' lang='grc' dir='ltr'>μικρὸν</span> <span class='ocrx_word' id='word_1_335' title='bbox 2561 2275 2852 2338; x_wconf 84' lang='grc' dir='ltr'>ἀποστῆναι</span> <span class='ocrx_word' id='word_1_336' title='bbox 2899 2284 2996 2341; x_wconf 85' lang='grc' dir='ltr'>τῆς</span> <span class='ocrx_word' id='word_1_337' title='bbox 3057 2285 3151 2340; x_wconf 83' lang='grc' dir='ltr'>σῆς</span> <span class='ocrx_word' id='word_1_338' title='bbox 3197 2281 3309 2339; x_wconf 85' lang='grc' dir='ltr'>θέας</span> <span class='ocrx_word' id='word_1_339' title='bbox 3366 2276 3636 2351; x_wconf 79' lang='grc' dir='ltr'>μηδαμῶς</span> <span class='ocrx_word' id='word_1_340' title='bbox 3696 2277 3938 2350; x_wconf 55' lang='grc' dir='ltr'><strong>ἀπέλεψε·</strong></span> 
     </span>
    </p>
   </div>
   <div class='ocr_carea' id='block_1_52' title="bbox 2333 2363 3938 2442">
    <p class='ocr_par' dir='ltr' id='par_1_52' title="bbox 2333 2363 3938 2442">
     <span class='ocr_line' id='line_1_52' title="bbox 2333 2363 3938 2442; baseline 0.001 -26"><span class='ocrx_word' id='word_1_341' title='bbox 2333 2385 2394 2423; x_wconf 91' lang='grc' dir='ltr'><strong>νη</strong></span> <span class='ocrx_word' id='word_1_342' title='bbox 2433 2366 2445 2422; x_wconf 72' lang='grc'><strong>1</strong></span> <span class='ocrx_word' id='word_1_343' title='bbox 2479 2367 2631 2427; x_wconf 86' lang='grc' dir='ltr'>ὅσους</span> <span class='ocrx_word' id='word_1_344' title='bbox 2709 2363 2768 2420; x_wconf 77' lang='grc' dir='ltr'><strong>δε</strong></span> <span class='ocrx_word' id='word_1_345' title='bbox 2825 2370 3070 2428; x_wconf 81' lang='grc' dir='ltr'>καὶτοὺς</span> <span class='ocrx_word' id='word_1_346' title='bbox 3128 2363 3353 2442; x_wconf 80' lang='grc' dir='ltr'>δρόμους</span> <span class='ocrx_word' id='word_1_347' title='bbox 3401 2371 3688 2442; x_wconf 73' lang='grc' dir='ltr'>ἡμερινὸὐς</span> <span class='ocrx_word' id='word_1_348' title='bbox 3740 2387 3800 2421; x_wconf 82' lang='grc' dir='ltr'><strong>τε</strong></span> <span class='ocrx_word' id='word_1_349' title='bbox 3863 2373 3938 2418; x_wconf 76' lang='grc' dir='ltr'>καὶ</span> 
     </span>
    </p>
   </div>
   <div class='ocr_carea' id='block_1_53' title="bbox 2333 2456 3934 2530">
    <p class='ocr_par' dir='ltr' id='par_1_53' title="bbox 2333 2456 3934 2530">
     <span class='ocr_line' id='line_1_53' title="bbox 2333 2456 3934 2530; baseline 0.001 -24"><span class='ocrx_word' id='word_1_350' title='bbox 2333 2458 2658 2529; x_wconf 78' lang='grc' dir='ltr'>νυκτερινοὺς</span> <span class='ocrx_word' id='word_1_351' title='bbox 2721 2458 2865 2530; x_wconf 84' lang='grc' dir='ltr'><strong>παρά</strong></span> <span class='ocrx_word' id='word_1_352' title='bbox 2933 2460 3056 2518; x_wconf 82' lang='grc' dir='ltr'>τοὺς</span> <span class='ocrx_word' id='word_1_353' title='bbox 3143 2458 3312 2518; x_wconf 83' lang='grc' dir='ltr'>θείους</span> <span class='ocrx_word' id='word_1_354' title='bbox 3382 2460 3672 2509; x_wconf 79' lang='grc' dir='ltr'>κατίτείνεν</span> <span class='ocrx_word' id='word_1_355' title='bbox 3761 2456 3934 2518; x_wconf 59' lang='grc' dir='ltr'>οἱκονς,</span> 
     </span>
    </p>
   </div>
   <div class='ocr_carea' id='block_1_54' title="bbox 2331 2542 3938 2620">
    <p class='ocr_par' dir='ltr' id='par_1_54' title="bbox 2331 2542 3938 2620">
     <span class='ocr_line' id='line_1_54' title="bbox 2331 2542 3938 2620; baseline 0.001 -23"><span class='ocrx_word' id='word_1_356' title='bbox 2331 2551 2544 2616; x_wconf 71' lang='grc' dir='ltr'>’γυμνοῖς</span> <span class='ocrx_word' id='word_1_357' title='bbox 2569 2551 2680 2607; x_wconf 92' lang='grc' dir='ltr'>τοῖς</span> <span class='ocrx_word' id='word_1_358' title='bbox 2728 2549 2857 2598; x_wconf 83' lang='grc' dir='ltr'>ποσὶ</span> <span class='ocrx_word' id='word_1_359' title='bbox 2897 2546 3028 2618; x_wconf 78' lang='grc' dir='ltr'>πεζῇ</span> <span class='ocrx_word' id='word_1_360' title='bbox 3093 2542 3406 2619; x_wconf 78' lang='grc' dir='ltr'>βαδίζουσα</span> <span class='ocrx_word' id='word_1_361' title='bbox 3462 2551 3552 2598; x_wconf 89' lang='grc' dir='ltr'>καὶ</span> <span class='ocrx_word' id='word_1_362' title='bbox 3617 2546 3938 2620; x_wconf 76' lang='grc' dir='ltr'>προσταλαι-</span> 
     </span>
    </p>
   </div>
   <div class='ocr_carea' id='block_1_55' title="bbox 2331 2633 3934 2710">
    <p class='ocr_par' dir='ltr' id='par_1_55' title="bbox 2331 2633 3934 2710">
     <span class='ocr_line' id='line_1_55' title="bbox 2331 2633 3934 2710; baseline -0.002 -23"><span class='ocrx_word' id='word_1_363' title='bbox 2331 2641 2604 2705; x_wconf 81' lang='grc' dir='ltr'>πωροῦσα,</span> <span class='ocrx_word' id='word_1_364' title='bbox 2646 2639 2733 2686; x_wconf 78' lang='grc' dir='ltr'><strong>καί</strong></span> <span class='ocrx_word' id='word_1_365' title='bbox 2772 2653 2832 2706; x_wconf 73' lang='grc' dir='ltr'>γε</span> <span class='ocrx_word' id='word_1_366' title='bbox 2876 2635 3147 2708; x_wconf 74' lang='grc' dir='ltr'>φθάνουσα</span> <span class='ocrx_word' id='word_1_367' title='bbox 3192 2638 3318 2710; x_wconf 89' lang='grc' dir='ltr'>πρὸς</span> <span class='ocrx_word' id='word_1_368' title='bbox 3359 2637 3449 2696; x_wconf 78' lang='grc' dir='ltr'>τὰς</span> <span class='ocrx_word' id='word_1_369' title='bbox 3498 2633 3812 2710; x_wconf 78' lang='grc' dir='ltr'>όιχράντους</span> <span class='ocrx_word' id='word_1_370' title='bbox 3863 2643 3934 2685; x_wconf 68' lang='grc' dir='ltr'><strong>και</strong></span> 
     </span>
    </p>
   </div>
   <div class='ocr_carea' id='block_1_56' title="bbox 3668 2011 3934 2064">
    <p class='ocr_par' dir='ltr' id='par_1_56' title="bbox 3668 2011 3934 2064">
     <span class='ocr_line' id='line_1_56' title="bbox 3668 2011 3934 2064; baseline -0.015 0"><span class='ocrx_word' id='word_1_371' title='bbox 3668 2015 3762 2064; x_wconf 83' lang='grc' dir='ltr'><strong>τόν</strong></span> <span class='ocrx_word' id='word_1_372' title='bbox 3835 2011 3934 2063; x_wconf 70' lang='grc' dir='ltr'>ὅλον</span> 
     </span>
    </p>
   </div>
   <div class='ocr_carea' id='block_1_57' title="bbox 2333 2725 3936 2798">
    <p class='ocr_par' dir='ltr' id='par_1_57' title="bbox 2333 2725 3936 2798">
     <span class='ocr_line' id='line_1_57' title="bbox 2333 2725 3936 2798; baseline -0.001 -22"><span class='ocrx_word' id='word_1_373' title='bbox 2333 2726 2523 2785; x_wconf 76' lang='grc' dir='ltr'>σεπτὰς</span> <span class='ocrx_word' id='word_1_374' title='bbox 2565 2725 2780 2791; x_wconf 79' lang='grc' dir='ltr'>εἰκόνας,</span> <span class='ocrx_word' id='word_1_375' title='bbox 2830 2729 2920 2778; x_wconf 76' lang='grc' dir='ltr'>καὶ</span> <span class='ocrx_word' id='word_1_376' title='bbox 2969 2727 3160 2778; x_wconf 84' lang='grc' dir='ltr'>τούτων</span> <span class='ocrx_word' id='word_1_377' title='bbox 3209 2725 3517 2798; x_wconf 71' lang='grc' dir='ltr'>ἐπίπροσθεν</span> <span class='ocrx_word' id='word_1_378' title='bbox 3603 2727 3707 2786; x_wconf 78' lang='grc' dir='ltr'><strong>τὰς</strong></span> <span class='ocrx_word' id='word_1_379' title='bbox 3786 2725 3936 2796; x_wconf 60' lang='grc' dir='ltr'>εὐχὰς</span> 
     </span>
    </p>
   </div>
   <div class='ocr_carea' id='block_1_58' title="bbox 2329 2812 3936 2886">
    <p class='ocr_par' dir='ltr' id='par_1_58' title="bbox 2329 2812 3936 2886">
     <span class='ocr_line' id='line_1_58' title="bbox 2329 2812 3936 2886; baseline 0.001 -22"><span class='ocrx_word' id='word_1_380' title='bbox 2329 2817 2418 2865; x_wconf 85' lang='grc' dir='ltr'>καὶ</span> <span class='ocrx_word' id='word_1_381' title='bbox 2469 2815 2656 2886; x_wconf 81' lang='grc' dir='ltr'>θερμὰς</span> <span class='ocrx_word' id='word_1_382' title='bbox 2704 2818 2986 2886; x_wconf 83' lang='grc' dir='ltr'>ποιουμένη</span> <span class='ocrx_word' id='word_1_383' title='bbox 3041 2817 3136 2878; x_wconf 80' lang='grc' dir='ltr'><strong>τὰς</strong></span> <span class='ocrx_word' id='word_1_384' title='bbox 3184 2816 3384 2876; x_wconf 80' lang='grc' dir='ltr'>ἱκεσίας</span> <span class='ocrx_word' id='word_1_385' title='bbox 3437 2812 3494 2866; x_wconf 78' lang='grc' dir='ltr'>ἐκ</span> <span class='ocrx_word' id='word_1_386' title='bbox 3537 2812 3752 2886; x_wconf 74' lang='grc' dir='ltr'>βάθους</span> <span class='ocrx_word' id='word_1_387' title='bbox 3827 2832 3936 2886; x_wconf 62' lang='grc' dir='ltr'>καε-</span> 
     </span>
    </p>
   </div>
   <div class='ocr_carea' id='block_1_59' title="bbox 2330 2897 3639 2978">
    <p class='ocr_par' dir='ltr' id='par_1_59' title="bbox 2330 2897 3639 2978">
     <span class='ocr_line' id='line_1_59' title="bbox 2330 2897 3639 2978; baseline -0.001 -23"><span class='ocrx_word' id='word_1_388' title='bbox 2330 2897 2448 2964; x_wconf 82' lang='grc' dir='ltr'>δίας</span> <span class='ocrx_word' id='word_1_389' title='bbox 2476 2905 2712 2969; x_wconf 82' lang='grc' dir='ltr'>ζεούσης,</span> <span class='ocrx_word' id='word_1_390' title='bbox 2744 2901 2955 2956; x_wconf 81' lang='grc' dir='ltr'>κάκεῖνα</span> <span class='ocrx_word' id='word_1_391' title='bbox 2980 2906 3107 2978; x_wconf 87' lang='grc' dir='ltr'>πρὸς</span> <span class='ocrx_word' id='word_1_392' title='bbox 3139 2903 3273 2958; x_wconf 81' lang='grc' dir='ltr'><strong>Θεοῦ</strong></span> <span class='ocrx_word' id='word_1_393' title='bbox 3299 2902 3601 2964; x_wconf 71' lang='grc' dir='ltr'>ἐπιζητοῦσα</span> <span class='ocrx_word' id='word_1_394' title='bbox 3627 2903 3639 2958; x_wconf 90' lang='lat'>!</span> 
     </span>
    </p>
   </div>
   <div class='ocr_carea' id='block_1_60' title="bbox 2400 2987 3936 3064">
    <p class='ocr_par' dir='ltr' id='par_1_60' title="bbox 2400 2987 3936 3064">
     <span class='ocr_line' id='line_1_60' title="bbox 2400 2987 3936 3064; baseline -0.003 -20"><span class='ocrx_word' id='word_1_395' title='bbox 2400 2997 2518 3044; x_wconf 88' lang='grc' dir='ltr'><strong>Οσα</strong></span> <span class='ocrx_word' id='word_1_396' title='bbox 2567 2987 2635 3051; x_wconf 83' lang='grc' dir='ltr'>δὴ</span> <span class='ocrx_word' id='word_1_397' title='bbox 2679 2997 2771 3045; x_wconf 82' lang='grc' dir='ltr'>καὶ</span> <span class='ocrx_word' id='word_1_398' title='bbox 2837 2995 2968 3054; x_wconf 84' lang='grc' dir='ltr'>Θεὸς</span> <span class='ocrx_word' id='word_1_399' title='bbox 3032 2992 3186 3055; x_wconf 69' lang='grc' dir='ltr'>αὐτὸς</span> <span class='ocrx_word' id='word_1_400' title='bbox 3279 2991 3450 3064; x_wconf 75' lang='grc' dir='ltr'><strong>ἁγαθὰ</strong></span> <span class='ocrx_word' id='word_1_401' title='bbox 3533 2990 3775 3064; x_wconf 78' lang='grc' dir='ltr'>μεγάλα,</span> <span class='ocrx_word' id='word_1_402' title='bbox 3865 2993 3936 3041; x_wconf 70' lang='lat' dir='ltr'><strong>x25</strong></span> 
     </span>
    </p>
   </div>
   <div class='ocr_carea' id='block_1_61' title="bbox 2326 3078 3942 3157">
    <p class='ocr_par' dir='ltr' id='par_1_61' title="bbox 2326 3078 3942 3157">
     <span class='ocr_line' id='line_1_61' title="bbox 2326 3078 3942 3157; baseline -0.003 -24"><span class='ocrx_word' id='word_1_403' title='bbox 2326 3079 2709 3157; x_wconf 78' lang='grc' dir='ltr'>ὑπερϐάλλοντα</span> <span class='ocrx_word' id='word_1_404' title='bbox 2785 3086 2959 3135; x_wconf 82' lang='grc' dir='ltr'>πᾶσαν</span> <span class='ocrx_word' id='word_1_405' title='bbox 3012 3083 3264 3157; x_wconf 75' lang='grc' dir='ltr'>ἡμετέραν</span> <span class='ocrx_word' id='word_1_406' title='bbox 3349 3081 3530 3152; x_wconf 71' lang='grc' dir='ltr'>εὐχὴν,</span> <span class='ocrx_word' id='word_1_407' title='bbox 3608 3078 3942 3153; x_wconf 65' lang='grc' dir='ltr'>ἀπαράμῶέ</span> 
     </span>
    </p>
   </div>
   <div class='ocr_carea' id='block_1_62' title="bbox 573 3169 2222 3247">
    <p class='ocr_par' dir='ltr' id='par_1_62' title="bbox 573 3169 2222 3243">
     <span class='ocr_line' id='line_1_62' title="bbox 573 3169 2222 3243; baseline -0.001 -16"><span class='ocrx_word' id='word_1_408' title='bbox 573 3169 1104 3227; x_wconf 86' lang='lat' dir='ltr'><strong>amantercontulit</strong></span> <span class='ocrx_word' id='word_1_409' title='bbox 1127 3171 1139 3229; x_wconf 80' lang='grc' dir='ltr'>Ι</span> <span class='ocrx_word' id='word_1_410' title='bbox 1164 3169 1454 3227; x_wconf 83' lang='lat' dir='ltr'><strong>Eximiam</strong></span> <span class='ocrx_word' id='word_1_411' title='bbox 1474 3185 1693 3243; x_wconf 91' lang='lat' dir='ltr'><strong>nempe</strong></span> <span class='ocrx_word' id='word_1_412' title='bbox 1716 3169 1932 3226; x_wconf 76' lang='lat' dir='ltr'><strong>animae</strong></span> <span class='ocrx_word' id='word_1_413' title='bbox 1957 3169 2137 3228; x_wconf 90' lang='lat' dir='ltr'><strong>simul</strong></span> <span class='ocrx_word' id='word_1_414' title='bbox 2168 3173 2222 3226; x_wconf 90' lang='lat' dir='ltr'><strong>et</strong></span> 
     </span>
    </p>
   </div>
   <div class='ocr_carea' id='block_1_63' title="bbox 2335 3169 3941 3247">
    <p class='ocr_par' dir='ltr' id='par_1_63' title="bbox 2335 3170 3941 3246">
     <span class='ocr_line' id='line_1_63' title="bbox 2335 3170 3941 3246; baseline -0.002 -22"><span class='ocrx_word' id='word_1_415' title='bbox 2335 3188 2413 3224; x_wconf 77' lang='grc' dir='ltr'><strong>σοι</strong></span> <span class='ocrx_word' id='word_1_416' title='bbox 2449 3170 2713 3233; x_wconf 87' lang='grc' dir='ltr'>πλουσίως</span> <span class='ocrx_word' id='word_1_417' title='bbox 2741 3176 2830 3224; x_wconf 88' lang='grc' dir='ltr'>καὶ</span> <span class='ocrx_word' id='word_1_418' title='bbox 2879 3170 3156 3244; x_wconf 84' lang='grc' dir='ltr'>φίλοτίμως</span> <span class='ocrx_word' id='word_1_419' title='bbox 3207 3175 3505 3246; x_wconf 80' lang='grc' dir='ltr'>παρέσχετο</span> <span class='ocrx_word' id='word_1_420' title='bbox 3583 3173 3941 3242; x_wconf 64' lang='grc' dir='ltr'>χορηγήσαςῐ</span> 
     </span>
    </p>
   </div>
   <div class='ocr_carea' id='block_1_64' title="bbox 573 3258 2220 3332">
    <p class='ocr_par' dir='ltr' id='par_1_64' title="bbox 573 3258 2220 3332">
     <span class='ocr_line' id='line_1_64' title="bbox 573 3258 2220 3332; baseline 0 -18"><span class='ocrx_word' id='word_1_421' title='bbox 573 3260 838 3332; x_wconf 90' lang='lat' dir='ltr'><strong>corporis</strong></span> <span class='ocrx_word' id='word_1_422' title='bbox 887 3258 1416 3332; x_wconf 88' lang='lat' dir='ltr'><strong>pulchritudinem,</strong></span> <span class='ocrx_word' id='word_1_423' title='bbox 1459 3259 1642 3315; x_wconf 86' lang='lat' dir='ltr'><strong>divini</strong></span> <span class='ocrx_word' id='word_1_424' title='bbox 1678 3259 1904 3314; x_wconf 86' lang='lat' dir='ltr'><strong>timoris</strong></span> <span class='ocrx_word' id='word_1_425' title='bbox 1951 3274 2220 3326; x_wconf 89' lang='lat' dir='ltr'><strong>sensum,</strong></span> 
     </span>
    </p>
   </div>
   <div class='ocr_carea' id='block_1_65' title="bbox 571 3347 2222 3420">
    <p class='ocr_par' dir='ltr' id='par_1_65' title="bbox 571 3347 2222 3420">
     <span class='ocr_line' id='line_1_65' title="bbox 571 3347 2222 3420; baseline 0.001 -17"><span class='ocrx_word' id='word_1_426' title='bbox 571 3347 999 3404; x_wconf 89' lang='lat' dir='ltr'><strong>mandatorum</strong></span> <span class='ocrx_word' id='word_1_427' title='bbox 1039 3347 1248 3405; x_wconf 87' lang='lat' dir='ltr'><strong>Christi</strong></span> <span class='ocrx_word' id='word_1_428' title='bbox 1273 3348 1777 3414; x_wconf 89' lang='lat' dir='ltr'><strong>observationem,</strong></span> <span class='ocrx_word' id='word_1_429' title='bbox 1802 3363 2033 3405; x_wconf 88' lang='lat' dir='ltr'><strong>morum</strong></span> <span class='ocrx_word' id='word_1_430' title='bbox 2055 3347 2222 3420; x_wconf 89' lang='lat' dir='ltr'><strong>puri—</strong></span> 
     </span>
    </p>
   </div>
   <div class='ocr_carea' id='block_1_66' title="bbox 572 3435 2227 3510">
    <p class='ocr_par' dir='ltr' id='par_1_66' title="bbox 572 3435 2227 3510">
     <span class='ocr_line' id='line_1_66' title="bbox 572 3435 2227 3510; baseline 0.001 -19"><span class='ocrx_word' id='word_1_431' title='bbox 572 3439 774 3502; x_wconf 90' lang='lat' dir='ltr'><strong>tatem,</strong></span> <span class='ocrx_word' id='word_1_432' title='bbox 799 3439 856 3490; x_wconf 95' lang='lat' dir='ltr'><strong>et</strong></span> <span class='ocrx_word' id='word_1_433' title='bbox 881 3435 1176 3508; x_wconf 89' lang='lat' dir='ltr'><strong>quidquid</strong></span> <span class='ocrx_word' id='word_1_434' title='bbox 1190 3441 1280 3492; x_wconf 91' lang='lat' dir='ltr'><strong>est</strong></span> <span class='ocrx_word' id='word_1_435' title='bbox 1295 3437 1766 3508; x_wconf 88' lang='lat' dir='ltr'><strong>pulcherrimum</strong></span> <span class='ocrx_word' id='word_1_436' title='bbox 1782 3436 2019 3510; x_wconf 87' lang='lat' dir='ltr'><strong>aliaque</strong></span> <span class='ocrx_word' id='word_1_437' title='bbox 2041 3435 2227 3494; x_wconf 91' lang='lat' dir='ltr'><strong>vincit</strong></span> 
     </span>
    </p>
   </div>
   <div class='ocr_carea' id='block_1_67' title="bbox 572 3524 1656 3589">
    <p class='ocr_par' dir='ltr' id='par_1_67' title="bbox 572 3524 1656 3589">
     <span class='ocr_line' id='line_1_67' title="bbox 572 3524 1656 3589; baseline 0.002 -9"><span class='ocrx_word' id='word_1_438' title='bbox 572 3524 754 3589; x_wconf 73' lang='lat' dir='ltr'><strong>bona,</strong></span> <span class='ocrx_word' id='word_1_439' title='bbox 785 3524 833 3578; x_wconf 91' lang='lat' dir='ltr'><strong>si</strong></span> <span class='ocrx_word' id='word_1_440' title='bbox 863 3540 1002 3580; x_wconf 91' lang='lat' dir='ltr'><strong>cum</strong></span> <span class='ocrx_word' id='word_1_441' title='bbox 1033 3525 1218 3583; x_wconf 91' lang='lat' dir='ltr'><strong>hocce</strong></span> <span class='ocrx_word' id='word_1_442' title='bbox 1256 3526 1656 3583; x_wconf 86' lang='lat' dir='ltr'><strong>conferantur.</strong></span> 
     </span>
    </p>
   </div>
   <div class='ocr_carea' id='block_1_68' title="bbox 659 3613 2230 3690">
    <p class='ocr_par' dir='ltr' id='par_1_68' title="bbox 659 3613 2230 3690">
     <span class='ocr_line' id='line_1_68' title="bbox 659 3613 2230 3690; baseline 0.004 -22"><span class='ocrx_word' id='word_1_443' title='bbox 659 3614 800 3679; x_wconf 63' lang='lat' dir='ltr'><strong>Quae</strong></span> <span class='ocrx_word' id='word_1_444' title='bbox 816 3613 1251 3688; x_wconf 86' lang='lat' dir='ltr'><strong>conspicientes</strong></span> <span class='ocrx_word' id='word_1_445' title='bbox 1282 3615 1634 3671; x_wconf 76' lang='lat' dir='ltr'><strong>laetahamur</strong></span> <span class='ocrx_word' id='word_1_446' title='bbox 1670 3616 1899 3690; x_wconf 67' lang='lat' dir='ltr'><strong>nosfqui</strong></span> <span class='ocrx_word' id='word_1_447' title='bbox 1929 3619 1984 3673; x_wconf 90' lang='lat' dir='ltr'><strong>te</strong></span> <span class='ocrx_word' id='word_1_448' title='bbox 2012 3631 2230 3689; x_wconf 90' lang='lat' dir='ltr'><strong>genue-</strong></span> 
     </span>
    </p>
   </div>
   <div class='ocr_carea' id='block_1_69' title="bbox 570 3702 2225 3777">
    <p class='ocr_par' dir='ltr' id='par_1_69' title="bbox 570 3702 2225 3777">
     <span class='ocr_line' id='line_1_69' title="bbox 570 3702 2225 3777; baseline 0.002 -19"><span class='ocrx_word' id='word_1_449' title='bbox 570 3717 800 3770; x_wconf 88' lang='lat' dir='ltr'><strong>ramus,</strong></span> <span class='ocrx_word' id='word_1_450' title='bbox 829 3707 885 3759; x_wconf 91' lang='lat' dir='ltr'><strong>et</strong></span> <span class='ocrx_word' id='word_1_451' title='bbox 912 3702 1367 3760; x_wconf 79' lang='lat' dir='ltr'><strong>exsultabamus</strong></span> <span class='ocrx_word' id='word_1_452' title='bbox 1389 3704 1593 3760; x_wconf 58' lang='lat' dir='ltr'><strong>laetitia</strong></span> <span class='ocrx_word' id='word_1_453' title='bbox 1623 3705 1871 3777; x_wconf 84' lang='lat' dir='ltr'><strong>perfusi,</strong></span> <span class='ocrx_word' id='word_1_454' title='bbox 1897 3721 1969 3761; x_wconf 90' lang='lat' dir='ltr'><strong>ac</strong></span> <span class='ocrx_word' id='word_1_455' title='bbox 1994 3712 2044 3761; x_wconf 93' lang='lat' dir='ltr'><strong>te</strong></span> <span class='ocrx_word' id='word_1_456' title='bbox 2102 3721 2225 3762; x_wconf 90' lang='lat' dir='ltr'><strong>non</strong></span> 
     </span>
    </p>
   </div>
   <div class='ocr_carea' id='block_1_70' title="bbox 570 3791 2222 3865">
    <p class='ocr_par' dir='ltr' id='par_1_70' title="bbox 570 3791 2222 3865">
     <span class='ocr_line' id='line_1_70' title="bbox 570 3791 2222 3865; baseline 0.001 -17"><span class='ocrx_word' id='word_1_457' title='bbox 570 3791 755 3849; x_wconf 91' lang='lat' dir='ltr'><strong>modo</strong></span> <span class='ocrx_word' id='word_1_458' title='bbox 786 3792 1133 3865; x_wconf 86' lang='lat' dir='ltr'><strong>putavimus</strong></span> <span class='ocrx_word' id='word_1_459' title='bbox 1166 3793 1396 3863; x_wconf 85' lang='lat' dir='ltr'><strong>generis</strong></span> <span class='ocrx_word' id='word_1_460' title='bbox 1426 3793 1615 3850; x_wconf 87' lang='lat' dir='ltr'><strong>nostri</strong></span> <span class='ocrx_word' id='word_1_461' title='bbox 1659 3793 1842 3850; x_wconf 91' lang='lat' dir='ltr'><strong>decus</strong></span> <span class='ocrx_word' id='word_1_462' title='bbox 1891 3798 1948 3850; x_wconf 91' lang='lat' dir='ltr'><strong>et</strong></span> <span class='ocrx_word' id='word_1_463' title='bbox 1977 3794 2222 3863; x_wconf 84' lang='lat' dir='ltr'><strong>gloriam</strong></span> 
     </span>
    </p>
   </div>
   <div class='ocr_carea' id='block_1_71' title="bbox 566 3880 2225 3954">
    <p class='ocr_par' dir='ltr' id='par_1_71' title="bbox 566 3880 2225 3954">
     <span class='ocr_line' id='line_1_71' title="bbox 566 3880 2225 3954; baseline 0.002 -18"><span class='ocrx_word' id='word_1_464' title='bbox 566 3880 713 3950; x_wconf 81' lang='lat' dir='ltr'><strong>fore,</strong></span> <span class='ocrx_word' id='word_1_465' title='bbox 745 3881 851 3936; x_wconf 90' lang='lat' dir='ltr'><strong>sed</strong></span> <span class='ocrx_word' id='word_1_466' title='bbox 880 3887 936 3937; x_wconf 91' lang='lat' dir='ltr'><strong>et</strong></span> <span class='ocrx_word' id='word_1_467' title='bbox 964 3880 1214 3937; x_wconf 89' lang='lat' dir='ltr'><strong>ﬁrmiter</strong></span> <span class='ocrx_word' id='word_1_468' title='bbox 1235 3882 1984 3954; x_wconf 84' lang='lat' dir='ltr'><strong>exspectavimus,rursum</strong></span> <span class='ocrx_word' id='word_1_469' title='bbox 2015 3898 2225 3939; x_wconf 89' lang='lat' dir='ltr'><strong>omnes</strong></span> 
     </span>
    </p>
   </div>
   <div class='ocr_carea' id='block_1_72' title="bbox 569 3970 2222 4044">
    <p class='ocr_par' dir='ltr' id='par_1_72' title="bbox 569 3970 2222 4044">
     <span class='ocr_line' id='line_1_72' title="bbox 569 3970 2222 4044; baseline 0.002 -19"><span class='ocrx_word' id='word_1_470' title='bbox 569 3985 707 4043; x_wconf 88' lang='lat' dir='ltr'><strong>spes</strong></span> <span class='ocrx_word' id='word_1_471' title='bbox 734 3975 971 4027; x_wconf 90' lang='lat' dir='ltr'><strong>nostras</strong></span> <span class='ocrx_word' id='word_1_472' title='bbox 1003 3971 1065 4027; x_wconf 90' lang='lat' dir='ltr'><strong>in</strong></span> <span class='ocrx_word' id='word_1_473' title='bbox 1115 3973 1234 4028; x_wconf 91' lang='lat' dir='ltr'><strong>Deo</strong></span> <span class='ocrx_word' id='word_1_474' title='bbox 1300 3975 1613 4044; x_wconf 87' lang='lat' dir='ltr'><strong>ponentes,</strong></span> <span class='ocrx_word' id='word_1_475' title='bbox 1661 3973 1717 4027; x_wconf 84' lang='lat' dir='ltr'><strong>et</strong></span> <span class='ocrx_word' id='word_1_476' title='bbox 1771 3970 1833 4028; x_wconf 92' lang='lat' dir='ltr'><strong>in</strong></span> <span class='ocrx_word' id='word_1_477' title='bbox 1895 3972 2222 4044; x_wconf 88' lang='lat' dir='ltr'><strong>purissima</strong></span> 
     </span>
    </p>
   </div>
   <div class='ocr_carea' id='block_1_73' title="bbox 568 4059 2074 4133">
    <p class='ocr_par' dir='ltr' id='par_1_73' title="bbox 568 4059 2074 4133">
     <span class='ocr_line' id='line_1_73' title="bbox 568 4059 2074 4133; baseline 0.001 -19"><span class='ocrx_word' id='word_1_478' title='bbox 568 4060 1064 4133; x_wconf 87' lang='lat' dir='ltr'><strong>sanctissimaque</strong></span> <span class='ocrx_word' id='word_1_479' title='bbox 1095 4064 1152 4117; x_wconf 92' lang='lat' dir='ltr'><strong>et</strong></span> <span class='ocrx_word' id='word_1_480' title='bbox 1181 4059 1571 4118; x_wconf 90' lang='lat' dir='ltr'><strong>immaculata</strong></span> <span class='ocrx_word' id='word_1_481' title='bbox 1601 4060 1731 4131; x_wconf 91' lang='lat' dir='ltr'><strong>ejus</strong></span> <span class='ocrx_word' id='word_1_482' title='bbox 1763 4059 2074 4119; x_wconf 87' lang='lat' dir='ltr'><strong>Genitrice.</strong></span> 
     </span>
    </p>
   </div>
   <div class='ocr_carea' id='block_1_74' title="bbox 638 4237 2227 4314">
    <p class='ocr_par' dir='ltr' id='par_1_74' title="bbox 638 4237 2227 4314">
     <span class='ocr_line' id='line_1_74' title="bbox 638 4237 2227 4314; baseline 0.001 -21"><span class='ocrx_word' id='word_1_483' title='bbox 638 4240 838 4311; x_wconf 90' lang='lat' dir='ltr'><strong>Neque</strong></span> <span class='ocrx_word' id='word_1_484' title='bbox 867 4254 977 4296; x_wconf 92' lang='lat' dir='ltr'><strong>nos</strong></span> <span class='ocrx_word' id='word_1_485' title='bbox 1004 4254 1076 4295; x_wconf 91' lang='lat' dir='ltr'><strong>ea</strong></span> <span class='ocrx_word' id='word_1_486' title='bbox 1101 4255 1237 4312; x_wconf 91' lang='lat' dir='ltr'><strong>spes</strong></span> <span class='ocrx_word' id='word_1_487' title='bbox 1265 4244 1322 4295; x_wconf 87' lang='lat' dir='ltr'><strong>et</strong></span> <span class='ocrx_word' id='word_1_488' title='bbox 1347 4239 1512 4299; x_wconf 91' lang='lat' dir='ltr'><strong>bona</strong></span> <span class='ocrx_word' id='word_1_489' title='bbox 1551 4238 1654 4296; x_wconf 90' lang='lat' dir='ltr'><strong>illa</strong></span> <span class='ocrx_word' id='word_1_490' title='bbox 1697 4254 1767 4296; x_wconf 92' lang='lat' dir='ltr'><strong>ac</strong></span> <span class='ocrx_word' id='word_1_491' title='bbox 1831 4237 2086 4314; x_wconf 90' lang='lat' dir='ltr'><strong>pulchra</strong></span> <span class='ocrx_word' id='word_1_492' title='bbox 2127 4253 2227 4294; x_wconf 84' lang='lat' dir='ltr'><strong>ex-</strong></span> 
     </span>
    </p>
   </div>
   <div class='ocr_carea' id='block_1_75' title="bbox 566 4327 2222 4403">
    <p class='ocr_par' dir='ltr' id='par_1_75' title="bbox 566 4327 2222 4403">
     <span class='ocr_line' id='line_1_75' title="bbox 566 4327 2222 4403; baseline 0.001 -22"><span class='ocrx_word' id='word_1_493' title='bbox 566 4327 821 4398; x_wconf 81' lang='lat' dir='ltr'><strong>pectatio</strong></span> <span class='ocrx_word' id='word_1_494' title='bbox 849 4328 1194 4386; x_wconf 79' lang='lat' dir='ltr'><strong>fefellerunt.</strong></span> <span class='ocrx_word' id='word_1_495' title='bbox 1234 4332 1564 4403; x_wconf 86' lang='lat' dir='ltr'><strong>Postquam</strong></span> <span class='ocrx_word' id='word_1_496' title='bbox 1587 4329 1746 4386; x_wconf 89' lang='lat' dir='ltr'><strong>enim</strong></span> <span class='ocrx_word' id='word_1_497' title='bbox 1781 4330 1861 4386; x_wconf 91' lang='lat' dir='ltr'><strong>ad</strong></span> <span class='ocrx_word' id='word_1_498' title='bbox 1908 4329 2023 4386; x_wconf 89' lang='lat' dir='ltr'><strong>hoc</strong></span> <span class='ocrx_word' id='word_1_499' title='bbox 2076 4332 2222 4383; x_wconf 91' lang='lat' dir='ltr'><strong>tem-</strong></span> 
     </span>
    </p>
   </div>
   <div class='ocr_carea' id='block_1_76' title="bbox 568 4415 2220 4490">
    <p class='ocr_par' dir='ltr' id='par_1_76' title="bbox 568 4415 2220 4490">
     <span class='ocr_line' id='line_1_76' title="bbox 568 4415 2220 4490; baseline 0.002 -21"><span class='ocrx_word' id='word_1_500' title='bbox 568 4430 682 4486; x_wconf 88' lang='lat' dir='ltr'><strong>pus</strong></span> <span class='ocrx_word' id='word_1_501' title='bbox 703 4419 758 4470; x_wconf 91' lang='lat' dir='ltr'><strong>et</strong></span> <span class='ocrx_word' id='word_1_502' title='bbox 789 4415 866 4471; x_wconf 90' lang='lat' dir='ltr'><strong>ad</strong></span> <span class='ocrx_word' id='word_1_503' title='bbox 919 4416 1076 4473; x_wconf 90' lang='lat' dir='ltr'><strong>hanc</strong></span> <span class='ocrx_word' id='word_1_504' title='bbox 1117 4422 1377 4484; x_wconf 68' lang='lat' dir='ltr'><strong>aetatem,</strong></span> <span class='ocrx_word' id='word_1_505' title='bbox 1437 4434 1574 4490; x_wconf 62' lang='lat' dir='ltr'><strong>quas</strong></span> <span class='ocrx_word' id='word_1_506' title='bbox 1629 4418 1854 4489; x_wconf 89' lang='lat' dir='ltr'><strong>nuptiis</strong></span> <span class='ocrx_word' id='word_1_507' title='bbox 1922 4415 2220 4486; x_wconf 89' lang='lat' dir='ltr'><strong>convenit,</strong></span> 
     </span>
    </p>
   </div>
   <div class='ocr_carea' id='block_1_77' title="bbox 569 4505 2221 4581">
    <p class='ocr_par' dir='ltr' id='par_1_77' title="bbox 569 4505 2221 4581">
     <span class='ocr_line' id='line_1_77' title="bbox 569 4505 2221 4581; baseline 0.002 -23"><span class='ocrx_word' id='word_1_508' title='bbox 569 4505 915 4575; x_wconf 87' lang='lat' dir='ltr'><strong>pervenisti,</strong></span> <span class='ocrx_word' id='word_1_509' title='bbox 945 4507 1159 4563; x_wconf 87' lang='lat' dir='ltr'><strong>excitat</strong></span> <span class='ocrx_word' id='word_1_510' title='bbox 1199 4509 1350 4562; x_wconf 90' lang='lat' dir='ltr'><strong>Deus</strong></span> <span class='ocrx_word' id='word_1_511' title='bbox 1381 4523 1517 4564; x_wconf 89' lang='lat' dir='ltr'><strong>eum</strong></span> <span class='ocrx_word' id='word_1_512' title='bbox 1543 4508 1648 4580; x_wconf 91' lang='lat' dir='ltr'><strong>qui</strong></span> <span class='ocrx_word' id='word_1_513' title='bbox 1680 4522 1786 4581; x_wconf 90' lang='lat' dir='ltr'><strong>per</strong></span> <span class='ocrx_word' id='word_1_514' title='bbox 1810 4507 2016 4580; x_wconf 91' lang='lat' dir='ltr'><strong>ipsum</strong></span> <span class='ocrx_word' id='word_1_515' title='bbox 2047 4507 2221 4562; x_wconf 87' lang='lat' dir='ltr'><strong>mise-</strong></span> 
     </span>
    </p>
   </div>
   <div class='ocr_carea' id='block_1_78' title="bbox 568 4590 2222 4668">
    <p class='ocr_par' dir='ltr' id='par_1_78' title="bbox 568 4591 2222 4668">
     <span class='ocr_line' id='line_1_78' title="bbox 568 4591 2222 4668; baseline 0.001 -19"><span class='ocrx_word' id='word_1_516' title='bbox 568 4591 878 4649; x_wconf 83' lang='lat' dir='ltr'><strong>ricorditer</strong></span> <span class='ocrx_word' id='word_1_517' title='bbox 914 4594 1090 4650; x_wconf 89' lang='lat' dir='ltr'><strong>nobis</strong></span> <span class='ocrx_word' id='word_1_518' title='bbox 1121 4595 1397 4666; x_wconf 90' lang='lat' dir='ltr'><strong>imperat,</strong></span> <span class='ocrx_word' id='word_1_519' title='bbox 1426 4600 1483 4652; x_wconf 90' lang='lat' dir='ltr'><strong>et</strong></span> <span class='ocrx_word' id='word_1_520' title='bbox 1519 4595 1756 4668; x_wconf 88' lang='lat' dir='ltr'><strong>accipit,</strong></span> <span class='ocrx_word' id='word_1_521' title='bbox 1791 4600 1846 4651; x_wconf 88' lang='lat' dir='ltr'><strong>et</strong></span> <span class='ocrx_word' id='word_1_522' title='bbox 1870 4595 2041 4666; x_wconf 86' lang='lat' dir='ltr'><strong>erigit</strong></span> <span class='ocrx_word' id='word_1_523' title='bbox 2069 4600 2119 4650; x_wconf 85' lang='lat' dir='ltr'><strong>te</strong></span> <span class='ocrx_word' id='word_1_524' title='bbox 2143 4593 2222 4650; x_wconf 88' lang='lat' dir='ltr'><strong>ad</strong></span> 
     </span>
    </p>
   </div>
   <div class='ocr_carea' id='block_1_79' title="bbox 2335 4590 3076 4668">
    <p class='ocr_par' dir='ltr' id='par_1_79' title="bbox 2335 4593 3076 4668">
     <span class='ocr_line' id='line_1_79' title="bbox 2335 4593 3076 4668; baseline 0.005 -22"><span class='ocrx_word' id='word_1_525' title='bbox 2335 4597 2476 4668; x_wconf 72' lang='grc' dir='ltr'>ἡμῶν</span> <span class='ocrx_word' id='word_1_526' title='bbox 2551 4593 2900 4668; x_wconf 82' lang='grc' dir='ltr'>βασιλεύοντα</span> <span class='ocrx_word' id='word_1_527' title='bbox 2981 4594 3076 4666; x_wconf 75' lang='grc'><strong>(1),</strong></span> 
     </span>
    </p>
   </div>
   <div class='ocr_carea' id='block_1_80' title="bbox 569 4680 2219 4754">
    <p class='ocr_par' dir='ltr' id='par_1_80' title="bbox 569 4680 2219 4754">
     <span class='ocr_line' id='line_1_80' title="bbox 569 4680 2219 4754; baseline 0.002 -18"><span class='ocrx_word' id='word_1_528' title='bbox 569 4680 1024 4751; x_wconf 86' lang='lat' dir='ltr'><strong>magnitudinis,</strong></span> <span class='ocrx_word' id='word_1_529' title='bbox 1052 4683 1298 4739; x_wconf 88' lang='lat' dir='ltr'><strong>honoris</strong></span> <span class='ocrx_word' id='word_1_530' title='bbox 1338 4688 1394 4740; x_wconf 89' lang='lat' dir='ltr'><strong>et</strong></span> <span class='ocrx_word' id='word_1_531' title='bbox 1437 4683 1639 4754; x_wconf 84' lang='lat' dir='ltr'><strong>gloriae</strong></span> <span class='ocrx_word' id='word_1_532' title='bbox 1697 4683 2002 4753; x_wconf 88' lang='lat' dir='ltr'><strong>fastigium</strong></span> <span class='ocrx_word' id='word_1_533' title='bbox 2052 4682 2219 4739; x_wconf 91' lang='lat' dir='ltr'><strong>illud.</strong></span> 
     </span>
    </p>
   </div>
   <div class='ocr_carea' id='block_1_81' title="bbox 569 4768 2220 4844">
    <p class='ocr_par' dir='ltr' id='par_1_81' title="bbox 569 4768 2220 4844">
     <span class='ocr_line' id='line_1_81' title="bbox 569 4768 2220 4844; baseline 0.002 -21"><span class='ocrx_word' id='word_1_534' title='bbox 569 4768 737 4841; x_wconf 88' lang='lat' dir='ltr'><strong>quod</strong></span> <span class='ocrx_word' id='word_1_535' title='bbox 775 4783 969 4842; x_wconf 90' lang='lat' dir='ltr'><strong>neque</strong></span> <span class='ocrx_word' id='word_1_536' title='bbox 1000 4769 1059 4824; x_wconf 91' lang='lat' dir='ltr'><strong>in</strong></span> <span class='ocrx_word' id='word_1_537' title='bbox 1081 4770 1232 4825; x_wconf 90' lang='lat' dir='ltr'><strong>votis</strong></span> <span class='ocrx_word' id='word_1_538' title='bbox 1252 4770 1474 4826; x_wconf 88' lang='lat' dir='ltr'><strong>habere</strong></span> <span class='ocrx_word' id='word_1_539' title='bbox 1491 4787 1687 4844; x_wconf 90' lang='lat' dir='ltr'><strong>neque</strong></span> <span class='ocrx_word' id='word_1_540' title='bbox 1731 4775 1930 4827; x_wconf 91' lang='lat' dir='ltr'><strong>mente</strong></span> <span class='ocrx_word' id='word_1_541' title='bbox 1961 4769 2220 4842; x_wconf 89' lang='lat' dir='ltr'><strong>cogitare</strong></span> 
     </span>
    </p>
   </div>
   <div class='ocr_carea' id='block_1_82' title="bbox 569 4858 2216 4933">
    <p class='ocr_par' dir='ltr' id='par_1_82' title="bbox 569 4858 2216 4933">
     <span class='ocr_line' id='line_1_82' title="bbox 569 4858 2216 4933; baseline 0.001 -20"><span class='ocrx_word' id='word_1_542' title='bbox 569 4858 699 4913; x_wconf 90' lang='lat' dir='ltr'><strong>ausi</strong></span> <span class='ocrx_word' id='word_1_543' title='bbox 729 4875 967 4915; x_wconf 89' lang='lat' dir='ltr'><strong>eramus</strong></span> <span class='ocrx_word' id='word_1_544' title='bbox 996 4858 1359 4926; x_wconf 71' lang='lat' dir='ltr'><strong>Quaedeinde</strong></span> <span class='ocrx_word' id='word_1_545' title='bbox 1372 4864 1574 4916; x_wconf 89' lang='lat' dir='ltr'><strong>secuta</strong></span> <span class='ocrx_word' id='word_1_546' title='bbox 1603 4863 1788 4917; x_wconf 79' lang='lat' dir='ltr'><strong>sunt?</strong></span> <span class='ocrx_word' id='word_1_547' title='bbox 1811 4864 1927 4916; x_wconf 88' lang='lat' dir='ltr'><strong>Nos</strong></span> <span class='ocrx_word' id='word_1_548' title='bbox 1948 4859 2216 4933; x_wconf 90' lang='lat' dir='ltr'><strong>quidem,</strong></span> 
     </span>
    </p>
   </div>
   <div class='ocr_carea' id='block_1_83' title="bbox 568 4948 2216 5023">
    <p class='ocr_par' dir='ltr' id='par_1_83' title="bbox 568 4948 2216 5023">
     <span class='ocr_line' id='line_1_83' title="bbox 568 4948 2216 5023; baseline 0.002 -20"><span class='ocrx_word' id='word_1_549' title='bbox 568 4949 898 5007; x_wconf 89' lang='lat' dir='ltr'><strong>nescientes</strong></span> <span class='ocrx_word' id='word_1_550' title='bbox 926 4953 1223 5023; x_wconf 90' lang='lat' dir='ltr'><strong>quantum</strong></span> <span class='ocrx_word' id='word_1_551' title='bbox 1266 4948 1370 5005; x_wconf 86' lang='lat' dir='ltr'><strong>tibi</strong></span> <span class='ocrx_word' id='word_1_552' title='bbox 1429 4948 1662 5008; x_wconf 87' lang='lat' dir='ltr'><strong>bonum</strong></span> <span class='ocrx_word' id='word_1_553' title='bbox 1715 4953 2216 5023; x_wconf 88' lang='lat' dir='ltr'><strong>superventurum</strong></span> 
     </span>
    </p>
   </div>
   <div class='ocr_carea' id='block_1_84' title="bbox 569 5038 2216 5113">
    <p class='ocr_par' dir='ltr' id='par_1_84' title="bbox 569 5038 2216 5113">
     <span class='ocr_line' id='line_1_84' title="bbox 569 5038 2216 5113; baseline -0.001 -18"><span class='ocrx_word' id='word_1_554' title='bbox 569 5043 742 5106; x_wconf 90' lang='lat' dir='ltr'><strong>esset,</strong></span> <span class='ocrx_word' id='word_1_555' title='bbox 773 5038 922 5096; x_wconf 89' lang='lat' dir='ltr'><strong>alias</strong></span> <span class='ocrx_word' id='word_1_556' title='bbox 961 5039 1063 5096; x_wconf 86' lang='lat' dir='ltr'><strong>tibi</strong></span> <span class='ocrx_word' id='word_1_557' title='bbox 1091 5040 1334 5112; x_wconf 89' lang='lat' dir='ltr'><strong>nuptias</strong></span> <span class='ocrx_word' id='word_1_558' title='bbox 1359 5039 1753 5113; x_wconf 87' lang='lat' dir='ltr'><strong>parabamus,</strong></span> <span class='ocrx_word' id='word_1_559' title='bbox 1785 5055 1922 5112; x_wconf 74' lang='lat' dir='ltr'><strong>quae</strong></span> <span class='ocrx_word' id='word_1_560' title='bbox 1969 5039 2216 5096; x_wconf 90' lang='lat' dir='ltr'><strong>minime</strong></span> 
     </span>
    </p>
   </div>
   <div class='ocr_carea' id='block_1_85' title="bbox 568 5127 2218 5202">
    <p class='ocr_par' dir='ltr' id='par_1_85' title="bbox 568 5127 2218 5202">
     <span class='ocr_line' id='line_1_85' title="bbox 568 5127 2218 5202; baseline 0 -18"><span class='ocrx_word' id='word_1_561' title='bbox 568 5133 704 5184; x_wconf 91' lang='lat' dir='ltr'><strong>tuos</strong></span> <span class='ocrx_word' id='word_1_562' title='bbox 734 5127 862 5199; x_wconf 91' lang='lat' dir='ltr'><strong>pios</strong></span> <span class='ocrx_word' id='word_1_563' title='bbox 905 5137 1104 5185; x_wconf 89' lang='lat' dir='ltr'><strong>mores</strong></span> <span class='ocrx_word' id='word_1_564' title='bbox 1148 5133 1436 5202; x_wconf 91' lang='lat' dir='ltr'><strong>tuamque</strong></span> <span class='ocrx_word' id='word_1_565' title='bbox 1504 5129 1892 5201; x_wconf 87' lang='lat' dir='ltr'><strong>purissimam</strong></span> <span class='ocrx_word' id='word_1_566' title='bbox 1949 5128 2218 5185; x_wconf 89' lang='lat' dir='ltr'><strong>animam</strong></span> 
     </span>
    </p>
   </div>
   <div class='ocr_carea' id='block_1_86' title="bbox 568 5215 2218 5292">
    <p class='ocr_par' dir='ltr' id='par_1_86' title="bbox 568 5215 2218 5292">
     <span class='ocr_line' id='line_1_86' title="bbox 568 5215 2218 5292; baseline 0.001 -21"><span class='ocrx_word' id='word_1_567' title='bbox 568 5215 862 5272; x_wconf 89' lang='lat' dir='ltr'><strong>decebant</strong></span> <span class='ocrx_word' id='word_1_568' title='bbox 893 5235 906 5285; x_wconf 89' lang='lat'>;</span> <span class='ocrx_word' id='word_1_569' title='bbox 933 5218 1315 5275; x_wconf 86' lang='lat' dir='ltr'><strong>utmanifeste</strong></span> <span class='ocrx_word' id='word_1_570' title='bbox 1345 5218 1482 5275; x_wconf 89' lang='lat' dir='ltr'><strong>ﬁnis</strong></span> <span class='ocrx_word' id='word_1_571' title='bbox 1497 5219 1788 5286; x_wconf 90' lang='lat' dir='ltr'><strong>ostendit;</strong></span> <span class='ocrx_word' id='word_1_572' title='bbox 1814 5218 2218 5292; x_wconf 87' lang='lat' dir='ltr'><strong>apparuitque</strong></span> 
     </span>
    </p>
   </div>
   <div class='ocr_carea' id='block_1_87' title="bbox 569 5305 2219 5379">
    <p class='ocr_par' dir='ltr' id='par_1_87' title="bbox 569 5305 2219 5379">
     <span class='ocr_line' id='line_1_87' title="bbox 569 5305 2219 5379; baseline 0 -18"><span class='ocrx_word' id='word_1_573' title='bbox 569 5321 642 5361; x_wconf 82' lang='lat' dir='ltr'><strong>ex</strong></span> <span class='ocrx_word' id='word_1_574' title='bbox 671 5319 791 5376; x_wconf 93' lang='lat' dir='ltr'><strong>quo</strong></span> <span class='ocrx_word' id='word_1_575' title='bbox 821 5307 1146 5378; x_wconf 69' lang='lat' dir='ltr'><strong>praecipitio</strong></span> <span class='ocrx_word' id='word_1_576' title='bbox 1185 5323 1256 5363; x_wconf 91' lang='lat' dir='ltr'><strong>ac</strong></span> <span class='ocrx_word' id='word_1_577' title='bbox 1292 5307 1577 5364; x_wconf 87' lang='lat' dir='ltr'><strong>barathro</strong></span> <span class='ocrx_word' id='word_1_578' title='bbox 1609 5305 1934 5379; x_wconf 86' lang='lat' dir='ltr'><strong>providens</strong></span> <span class='ocrx_word' id='word_1_579' title='bbox 1980 5309 2134 5363; x_wconf 88' lang='lat' dir='ltr'><strong>Deus</strong></span> <span class='ocrx_word' id='word_1_580' title='bbox 2163 5309 2219 5362; x_wconf 87' lang='lat' dir='ltr'><strong>te</strong></span> 
     </span>
    </p>
   </div>
   <div class='ocr_carea' id='block_1_88' title="bbox 568 5393 2221 5469">
    <p class='ocr_par' dir='ltr' id='par_1_88' title="bbox 568 5393 2221 5469">
     <span class='ocr_line' id='line_1_88' title="bbox 568 5393 2221 5469; baseline -0.001 -18"><span class='ocrx_word' id='word_1_581' title='bbox 568 5393 923 5459; x_wconf 83' lang='lat' dir='ltr'><strong>liberaverit,</strong></span> <span class='ocrx_word' id='word_1_582' title='bbox 967 5411 1040 5452; x_wconf 85' lang='lat' dir='ltr'><strong>ex</strong></span> <span class='ocrx_word' id='word_1_583' title='bbox 1076 5411 1199 5468; x_wconf 90' lang='lat' dir='ltr'><strong>qua</strong></span> <span class='ocrx_word' id='word_1_584' title='bbox 1247 5397 1451 5461; x_wconf 83' lang='lat' dir='ltr'><strong>domo,</strong></span> <span class='ocrx_word' id='word_1_585' title='bbox 1507 5397 1673 5453; x_wconf 90' lang='lat' dir='ltr'><strong>omni</strong></span> <span class='ocrx_word' id='word_1_586' title='bbox 1726 5395 2092 5469; x_wconf 89' lang='lat' dir='ltr'><strong>turpitudine</strong></span> <span class='ocrx_word' id='word_1_587' title='bbox 2149 5410 2221 5452; x_wconf 89' lang='lat' dir='ltr'><strong>ac</strong></span> 
     </span>
    </p>
   </div>
   <div class='ocr_carea' id='block_1_89' title="bbox 567 5482 2222 5557">
    <p class='ocr_par' dir='ltr' id='par_1_89' title="bbox 567 5482 2222 5557">
     <span class='ocr_line' id='line_1_89' title="bbox 567 5482 2222 5557; baseline 0.001 -15"><span class='ocrx_word' id='word_1_588' title='bbox 567 5482 868 5557; x_wconf 84' lang='lat' dir='ltr'><strong>impietate</strong></span> <span class='ocrx_word' id='word_1_589' title='bbox 888 5483 1086 5556; x_wconf 90' lang='lat' dir='ltr'><strong>plena.</strong></span> <span class='ocrx_word' id='word_1_590' title='bbox 1121 5487 1181 5541; x_wconf 85' lang='lat' dir='ltr'><strong>Et</strong></span> <span class='ocrx_word' id='word_1_591' title='bbox 1202 5486 1434 5543; x_wconf 89' lang='lat' dir='ltr'><strong>subruit</strong></span> <span class='ocrx_word' id='word_1_592' title='bbox 1461 5490 1604 5542; x_wconf 83' lang='lat' dir='ltr'><strong>tunc</strong></span> <span class='ocrx_word' id='word_1_593' title='bbox 1633 5490 1689 5543; x_wconf 91' lang='lat' dir='ltr'><strong>et</strong></span> <span class='ocrx_word' id='word_1_594' title='bbox 1714 5485 1881 5544; x_wconf 86' lang='lat' dir='ltr'><strong>irrita</strong></span> <span class='ocrx_word' id='word_1_595' title='bbox 1905 5485 2046 5543; x_wconf 89' lang='lat' dir='ltr'><strong>facit</strong></span> <span class='ocrx_word' id='word_1_596' title='bbox 2059 5501 2222 5544; x_wconf 84' lang='lat' dir='ltr'><strong>vana</strong></span> 
     </span>
    </p>
   </div>
   <div class='ocr_carea' id='block_1_90' title="bbox 639 5648 1634 5736">
    <p class='ocr_par' dir='ltr' id='par_1_90' title="bbox 639 5648 1634 5736">
     <span class='ocr_line' id='line_1_90' title="bbox 639 5648 1634 5736; baseline -0.001 -18"><span class='ocrx_word' id='word_1_597' title='bbox 639 5664 711 5736; x_wconf 87' lang='grc'><strong>(1)</strong></span> <span class='ocrx_word' id='word_1_598' title='bbox 754 5663 1181 5736; x_wconf 84' lang='lat' dir='ltr'><strong>Imperatorem</strong></span> <span class='ocrx_word' id='word_1_599' title='bbox 1207 5648 1634 5723; x_wconf 76' lang='lat' dir='ltr'><strong>Andronicum;</strong></span> 
     </span>
    </p>
   </div>
   <div class='ocr_carea' id='block_1_91' title="bbox 2325 3259 3948 3335">
    <p class='ocr_par' dir='ltr' id='par_1_91' title="bbox 2325 3259 3948 3335">
     <span class='ocr_line' id='line_1_91' title="bbox 2325 3259 3948 3335; baseline -0.001 -24"><span class='ocrx_word' id='word_1_600' title='bbox 2325 3259 2505 3320; x_wconf 90' lang='grc' dir='ltr'>κάλλος</span> <span class='ocrx_word' id='word_1_601' title='bbox 2535 3262 2785 3335; x_wconf 69' lang='grc' dir='ltr'>ὑπερφυὲς</span> <span class='ocrx_word' id='word_1_602' title='bbox 2812 3259 2994 3332; x_wconf 74' lang='grc' dir='ltr'>ψυχῆς</span> <span class='ocrx_word' id='word_1_603' title='bbox 3043 3262 3172 3333; x_wconf 83' lang='grc' dir='ltr'>ὁμοῦ</span> <span class='ocrx_word' id='word_1_604' title='bbox 3217 3279 3271 3314; x_wconf 88' lang='grc' dir='ltr'><strong>τε</strong></span> <span class='ocrx_word' id='word_1_605' title='bbox 3330 3265 3418 3312; x_wconf 83' lang='grc' dir='ltr'>καὶ</span> <span class='ocrx_word' id='word_1_606' title='bbox 3496 3264 3774 3331; x_wconf 82' lang='grc' dir='ltr'>σώματος,</span> <span class='ocrx_word' id='word_1_607' title='bbox 3839 3277 3948 3310; x_wconf 62' lang='grc' dir='ltr'>σπίν-</span> 
     </span>
    </p>
   </div>
   <div class='ocr_carea' id='block_1_92' title="bbox 2329 3343 3946 3422">
    <p class='ocr_par' dir='ltr' id='par_1_92' title="bbox 2329 3343 3946 3422">
     <span class='ocr_line' id='line_1_92' title="bbox 2329 3343 3946 3422; baseline -0.002 -21"><span class='ocrx_word' id='word_1_608' title='bbox 2329 3350 2554 3406; x_wconf 87' lang='grc' dir='ltr'>αίσθησι</span> <span class='ocrx_word' id='word_1_609' title='bbox 2621 3351 2758 3402; x_wconf 87' lang='grc' dir='ltr'>θείου</span> <span class='ocrx_word' id='word_1_610' title='bbox 2828 3347 3008 3422; x_wconf 78' lang='grc' dir='ltr'>φόϐου,</span> <span class='ocrx_word' id='word_1_611' title='bbox 3081 3347 3291 3401; x_wconf 73' lang='grc' dir='ltr'>ἐντολῶν</span> <span class='ocrx_word' id='word_1_612' title='bbox 3369 3343 3611 3420; x_wconf 77' lang='grc' dir='ltr'>Χριστοῦ</span> <span class='ocrx_word' id='word_1_613' title='bbox 3699 3366 3946 3421; x_wconf 65' lang='grc' dir='ltr'>τηρησιν,</span> 
     </span>
    </p>
   </div>
   <div class='ocr_carea' id='block_1_93' title="bbox 2329 3435 3947 3510">
    <p class='ocr_par' dir='ltr' id='par_1_93' title="bbox 2329 3435 3947 3510">
     <span class='ocr_line' id='line_1_93' title="bbox 2329 3435 3947 3510; baseline -0.002 -21"><span class='ocrx_word' id='word_1_614' title='bbox 2329 3441 2653 3510; x_wconf 81' lang='grc' dir='ltr'>κοσμιότητα</span> <span class='ocrx_word' id='word_1_615' title='bbox 2691 3438 2870 3505; x_wconf 77' lang='grc' dir='ltr'>ἤθους,</span> <span class='ocrx_word' id='word_1_616' title='bbox 2928 3442 3015 3490; x_wconf 85' lang='grc' dir='ltr'>καὶ</span> <span class='ocrx_word' id='word_1_617' title='bbox 3086 3443 3186 3490; x_wconf 83' lang='grc' dir='ltr'>πᾶν</span> <span class='ocrx_word' id='word_1_618' title='bbox 3240 3438 3321 3490; x_wconf 85' lang='grc' dir='ltr'>ὃτι</span> <span class='ocrx_word' id='word_1_619' title='bbox 3375 3435 3678 3504; x_wconf 83' lang='grc' dir='ltr'>κάλλιστον,</span> <span class='ocrx_word' id='word_1_620' title='bbox 3738 3441 3834 3490; x_wconf 82' lang='grc' dir='ltr'>καὶ</span> <span class='ocrx_word' id='word_1_621' title='bbox 3885 3456 3947 3487; x_wconf 78' lang='grc' dir='ltr'>νι-</span> 
     </span>
    </p>
   </div>
   <div class='ocr_carea' id='block_1_94' title="bbox 2329 3525 3738 3602">
    <p class='ocr_par' dir='ltr' id='par_1_94' title="bbox 2329 3525 3738 3602">
     <span class='ocr_line' id='line_1_94' title="bbox 2329 3525 3738 3602; baseline 0.001 -23"><span class='ocrx_word' id='word_1_622' title='bbox 2329 3533 2433 3579; x_wconf 87' lang='grc' dir='ltr'>κῶν</span> <span class='ocrx_word' id='word_1_623' title='bbox 2459 3528 2624 3602; x_wconf 76' lang='grc' dir='ltr'>ἕτερον</span> <span class='ocrx_word' id='word_1_624' title='bbox 2651 3525 2786 3578; x_wconf 82' lang='grc' dir='ltr'>ἅπαν</span> <span class='ocrx_word' id='word_1_625' title='bbox 2815 3529 2874 3579; x_wconf 87' lang='grc' dir='ltr'><strong>τό</strong></span> <span class='ocrx_word' id='word_1_626' title='bbox 2903 3529 3034 3600; x_wconf 87' lang='grc' dir='ltr'>πρὸς</span> <span class='ocrx_word' id='word_1_627' title='bbox 3057 3533 3210 3580; x_wconf 84' lang='grc' dir='ltr'>τοῦτο</span> <span class='ocrx_word' id='word_1_628' title='bbox 3252 3525 3738 3600; x_wconf 76' lang='grc' dir='ltr'>παραϐαλλόμενον.</span> 
     </span>
    </p>
   </div>
   <div class='ocr_carea' id='block_1_95' title="bbox 2406 3615 4029 3696">
    <p class='ocr_par' dir='ltr' id='par_1_95' title="bbox 2406 3615 4029 3696">
     <span class='ocr_line' id='line_1_95' title="bbox 2406 3615 4029 3696; baseline -0.001 -28"><span class='ocrx_word' id='word_1_629' title='bbox 2406 3620 2504 3669; x_wconf 78' lang='grc' dir='ltr'><strong>Καὶ</strong></span> <span class='ocrx_word' id='word_1_630' title='bbox 2550 3623 2716 3668; x_wconf 85' lang='grc' dir='ltr'>ταῦτα</span> <span class='ocrx_word' id='word_1_631' title='bbox 2781 3617 2997 3690; x_wconf 86' lang='grc' dir='ltr'>ὁρῶντες</span> <span class='ocrx_word' id='word_1_632' title='bbox 3073 3615 3349 3692; x_wconf 78' lang='grc' dir='ltr'>ἐχαίρομεν</span> <span class='ocrx_word' id='word_1_633' title='bbox 3442 3619 3495 3669; x_wconf 79' lang='grc' dir='ltr'>οἱ</span> <span class='ocrx_word' id='word_1_634' title='bbox 3571 3620 3631 3669; x_wconf 75' lang='grc' dir='ltr'><strong>σε</strong></span> <span class='ocrx_word' id='word_1_635' title='bbox 3725 3621 3951 3675; x_wconf 77' lang='grc' dir='ltr'>τεκόντες</span> 
     </span>
    </p>
   </div>
   <div class='ocr_carea' id='block_1_96' title="bbox 2332 3699 4029 3780">
    <p class='ocr_par' dir='ltr' id='par_1_96' title="bbox 2332 3699 4029 3780">
     <span class='ocr_line' id='line_1_96' title="bbox 2332 3699 4029 3780; baseline -0.002 -23"><span class='ocrx_word' id='word_1_636' title='bbox 2332 3705 2499 3778; x_wconf 78' lang='grc' dir='ltr'>ἡμεῖς,</span> <span class='ocrx_word' id='word_1_637' title='bbox 2545 3710 2635 3757; x_wconf 80' lang='grc' dir='ltr'>καὶ</span> <span class='ocrx_word' id='word_1_638' title='bbox 2681 3706 2851 3758; x_wconf 85' lang='grc' dir='ltr'>πάντα</span> <span class='ocrx_word' id='word_1_639' title='bbox 2895 3713 3202 3780; x_wconf 84' lang='grc' dir='ltr'>σκιρτῶντες</span> <span class='ocrx_word' id='word_1_640' title='bbox 3254 3703 3378 3776; x_wconf 78' lang='grc' dir='ltr'>ἦμεν</span> <span class='ocrx_word' id='word_1_641' title='bbox 3451 3709 3542 3757; x_wconf 88' lang='grc' dir='ltr'>καὶ</span> <span class='ocrx_word' id='word_1_642' title='bbox 3625 3703 3949 3776; x_wconf 58' lang='grc' dir='ltr'>ἀγαλλιώμε-</span> 
     </span>
    </p>
   </div>
   <div class='ocr_carea' id='block_1_97' title="bbox 2332 3791 4029 3869">
    <p class='ocr_par' dir='ltr' id='par_1_97' title="bbox 2332 3791 4029 3869">
     <span class='ocr_line' id='line_1_97' title="bbox 2332 3791 4029 3869; baseline -0.001 -21"><span class='ocrx_word' id='word_1_643' title='bbox 2332 3814 2431 3864; x_wconf 86' lang='grc' dir='ltr'>νοι,</span> <span class='ocrx_word' id='word_1_644' title='bbox 2462 3799 2552 3847; x_wconf 85' lang='grc' dir='ltr'>καὶ</span> <span class='ocrx_word' id='word_1_645' title='bbox 2581 3799 2737 3869; x_wconf 84' lang='grc' dir='ltr'>τιμὴν</span> <span class='ocrx_word' id='word_1_646' title='bbox 2759 3800 2848 3848; x_wconf 85' lang='grc' dir='ltr'>καὶ</span> <span class='ocrx_word' id='word_1_647' title='bbox 2885 3799 3020 3868; x_wconf 70' lang='grc' dir='ltr'>μέγα</span> <span class='ocrx_word' id='word_1_648' title='bbox 3075 3795 3220 3858; x_wconf 77' lang='grc' dir='ltr'>κλέος</span> <span class='ocrx_word' id='word_1_649' title='bbox 3260 3799 3349 3847; x_wconf 85' lang='grc' dir='ltr'>καὶ</span> <span class='ocrx_word' id='word_1_650' title='bbox 3398 3791 3559 3856; x_wconf 78' lang='grc' dir='ltr'>δόξαν</span> <span class='ocrx_word' id='word_1_651' title='bbox 3609 3803 3712 3847; x_wconf 75' lang='grc' dir='ltr'>τοῦ</span> <span class='ocrx_word' id='word_1_652' title='bbox 3779 3815 3948 3868; x_wconf 61' lang='grc' dir='ltr'>γῦους</span> <span class='ocrx_word' id='word_1_653' title='bbox 4028 3795 4029 3869; x_wconf 48' lang='grc' dir='ltr'><strong>ἦ</strong></span> 
     </span>
    </p>
   </div>
   <div class='ocr_carea' id='block_1_98' title="bbox 2333 3881 3946 3957">
    <p class='ocr_par' dir='ltr' id='par_1_98' title="bbox 2333 3881 3946 3957">
     <span class='ocr_line' id='line_1_98' title="bbox 2333 3881 3946 3957; baseline -0.002 -21"><span class='ocrx_word' id='word_1_654' title='bbox 2333 3884 2478 3956; x_wconf 74' lang='grc' dir='ltr'>ημῶν</span> <span class='ocrx_word' id='word_1_655' title='bbox 2525 3883 2618 3936; x_wconf 78' lang='grc' dir='ltr'><strong>οὐκ</strong></span> <span class='ocrx_word' id='word_1_656' title='bbox 2703 3883 3009 3957; x_wconf 80' lang='grc' dir='ltr'>ἐνομίσαμεν</span> <span class='ocrx_word' id='word_1_657' title='bbox 3095 3888 3268 3956; x_wconf 90' lang='grc' dir='ltr'>μόνον,</span> <span class='ocrx_word' id='word_1_658' title='bbox 3349 3881 3477 3934; x_wconf 76' lang='grc' dir='ltr'>ἀλλὰ</span> <span class='ocrx_word' id='word_1_659' title='bbox 3542 3889 3636 3935; x_wconf 83' lang='grc' dir='ltr'>καὶ</span> <span class='ocrx_word' id='word_1_660' title='bbox 3727 3882 3946 3955; x_wconf 45' lang='grc' dir='ltr'>βεϐαίας</span> 
     </span>
    </p>
   </div>
   <div class='ocr_carea' id='block_1_99' title="bbox 2331 3970 3950 4047">
    <p class='ocr_par' dir='ltr' id='par_1_99' title="bbox 2331 3970 3950 4047">
     <span class='ocr_line' id='line_1_99' title="bbox 2331 3970 3950 4047; baseline -0.002 -21"><span class='ocrx_word' id='word_1_661' title='bbox 2331 3970 2932 4047; x_wconf 83' lang='grc' dir='ltr'>προσεδοκήσαμεν,ἐπὶ</span> <span class='ocrx_word' id='word_1_662' title='bbox 2990 3976 3118 4026; x_wconf 89' lang='grc' dir='ltr'>Θεὸν</span> <span class='ocrx_word' id='word_1_663' title='bbox 3187 3973 3338 4034; x_wconf 80' lang='grc' dir='ltr'>αὖθις</span> <span class='ocrx_word' id='word_1_664' title='bbox 3401 3974 3604 4044; x_wconf 71' lang='grc' dir='ltr'>θέμενοι</span> <span class='ocrx_word' id='word_1_665' title='bbox 3675 3977 3781 4036; x_wconf 77' lang='grc' dir='ltr'>τὰς</span> <span class='ocrx_word' id='word_1_666' title='bbox 3841 3975 3950 4032; x_wconf 65' lang='lat'><strong>61:;</strong></span> 
     </span>
    </p>
   </div>
   <div class='ocr_carea' id='block_1_100' title="bbox 2333 4058 3950 4136">
    <p class='ocr_par' dir='ltr' id='par_1_100' title="bbox 2333 4058 3950 4136">
     <span class='ocr_line' id='line_1_100' title="bbox 2333 4058 3950 4136; baseline -0.002 -22"><span class='ocrx_word' id='word_1_667' title='bbox 2333 4058 2547 4125; x_wconf 77' lang='grc' dir='ltr'>ἐλπίδας</span> <span class='ocrx_word' id='word_1_668' title='bbox 2601 4066 2691 4115; x_wconf 88' lang='grc' dir='ltr'>καὶ</span> <span class='ocrx_word' id='word_1_669' title='bbox 2740 4066 2832 4121; x_wconf 81' lang='grc' dir='ltr'>τὴν</span> <span class='ocrx_word' id='word_1_670' title='bbox 2886 4061 3040 4115; x_wconf 72' lang='grc' dir='ltr'>αὐτὸν</span> <span class='ocrx_word' id='word_1_671' title='bbox 3093 4064 3471 4136; x_wconf 77' lang='grc' dir='ltr'>παναχράντως</span> <span class='ocrx_word' id='word_1_672' title='bbox 3528 4067 3625 4114; x_wconf 85' lang='grc' dir='ltr'>καὶ</span> <span class='ocrx_word' id='word_1_673' title='bbox 3698 4068 3950 4136; x_wconf 65' lang='grc' dir='ltr'>παναμώ-</span> 
     </span>
    </p>
   </div>
   <div class='ocr_carea' id='block_1_101' title="bbox 2333 4153 3274 4227">
    <p class='ocr_par' dir='ltr' id='par_1_101' title="bbox 2333 4153 3274 4227">
     <span class='ocr_line' id='line_1_101' title="bbox 2333 4153 3274 4227; baseline 0.003 -24"><span class='ocrx_word' id='word_1_674' title='bbox 2333 4171 2441 4224; x_wconf 91' lang='grc' dir='ltr'>μως</span> <span class='ocrx_word' id='word_1_675' title='bbox 2467 4155 2556 4204; x_wconf 88' lang='grc' dir='ltr'>καὶ</span> <span class='ocrx_word' id='word_1_676' title='bbox 2579 4153 2982 4227; x_wconf 79' lang='grc' dir='ltr'>πανυπεράγνως</span> <span class='ocrx_word' id='word_1_677' title='bbox 3005 4159 3274 4206; x_wconf 85' lang='grc' dir='ltr'>τεκοῦσαν.</span> 
     </span>
    </p>
   </div>
   <div class='ocr_carea' id='block_1_102' title="bbox 2406 4235 3946 4311">
    <p class='ocr_par' dir='ltr' id='par_1_102' title="bbox 2406 4235 3946 4311">
     <span class='ocr_line' id='line_1_102' title="bbox 2406 4235 3946 4311; baseline -0.002 -18"><span class='ocrx_word' id='word_1_678' title='bbox 2406 4245 2506 4294; x_wconf 78' lang='grc' dir='ltr'><strong>Καὶ</strong></span> <span class='ocrx_word' id='word_1_679' title='bbox 2561 4248 2662 4293; x_wconf 86' lang='grc' dir='ltr'>τῶν</span> <span class='ocrx_word' id='word_1_680' title='bbox 2724 4235 2946 4292; x_wconf 76' lang='grc' dir='ltr'>ἐλπίδων</span> <span class='ocrx_word' id='word_1_681' title='bbox 2999 4243 3192 4293; x_wconf 84' lang='grc' dir='ltr'>τούτων</span> <span class='ocrx_word' id='word_1_682' title='bbox 3236 4244 3326 4293; x_wconf 85' lang='grc' dir='ltr'>καὶ</span> <span class='ocrx_word' id='word_1_683' title='bbox 3370 4246 3460 4300; x_wconf 77' lang='grc' dir='ltr'>τῆς</span> <span class='ocrx_word' id='word_1_684' title='bbox 3505 4249 3780 4311; x_wconf 71' lang='grc' dir='ltr'>χμηστῆς</span> <span class='ocrx_word' id='word_1_685' title='bbox 3831 4243 3946 4292; x_wconf 65' lang='lat' dir='ltr'><strong>tari-</strong></span> 
     </span>
    </p>
   </div>
   <div class='ocr_carea' id='block_1_103' title="bbox 2334 4324 3948 4404">
    <p class='ocr_par' dir='ltr' id='par_1_103' title="bbox 2334 4324 3948 4404">
     <span class='ocr_line' id='line_1_103' title="bbox 2334 4324 3948 4404; baseline -0.003 -23"><span class='ocrx_word' id='word_1_686' title='bbox 2334 4347 2429 4392; x_wconf 87' lang='grc' dir='ltr'><strong>της</strong></span> <span class='ocrx_word' id='word_1_687' title='bbox 2466 4333 2556 4381; x_wconf 88' lang='grc' dir='ltr'>καὶ</span> <span class='ocrx_word' id='word_1_688' title='bbox 2612 4327 2774 4389; x_wconf 83' lang='grc' dir='ltr'>καλῆς</span> <span class='ocrx_word' id='word_1_689' title='bbox 2839 4325 3168 4404; x_wconf 85' lang='grc' dir='ltr'>προσδοκίας</span> <span class='ocrx_word' id='word_1_690' title='bbox 3192 4329 3250 4381; x_wconf 71' lang='grc' dir='ltr'>οὐ</span> <span class='ocrx_word' id='word_1_691' title='bbox 3305 4324 3730 4400; x_wconf 73' lang='grc' dir='ltr'>διεψεύσθημεν.</span> <span class='ocrx_word' id='word_1_692' title='bbox 3793 4331 3948 4382; x_wconf 73' lang='grc' dir='ltr'>Ἐπει-</span> 
     </span>
    </p>
   </div>
   <div class='ocr_carea' id='block_1_104' title="bbox 2334 4413 3946 4493">
    <p class='ocr_par' dir='ltr' id='par_1_104' title="bbox 2334 4413 3946 4493">
     <span class='ocr_line' id='line_1_104' title="bbox 2334 4413 3946 4493; baseline 0.006 -23"><span class='ocrx_word' id='word_1_693' title='bbox 2334 4413 2401 4476; x_wconf 80' lang='grc' dir='ltr'><em>δή</em></span> <span class='ocrx_word' id='word_1_694' title='bbox 2434 4421 2534 4493; x_wconf 71' lang='grc' dir='ltr'><strong>γὰρ</strong></span> <span class='ocrx_word' id='word_1_695' title='bbox 2565 4422 2656 4470; x_wconf 84' lang='grc' dir='ltr'>καὶ</span> <span class='ocrx_word' id='word_1_696' title='bbox 2708 4419 2834 4493; x_wconf 90' lang='grc' dir='ltr'>πρὸς</span> <span class='ocrx_word' id='word_1_697' title='bbox 2874 4422 3061 4492; x_wconf 80' lang='grc' dir='ltr'>χρόνον</span> <span class='ocrx_word' id='word_1_698' title='bbox 3118 4423 3206 4470; x_wconf 81' lang='grc' dir='ltr'>καὶ</span> <span class='ocrx_word' id='word_1_699' title='bbox 3269 4417 3476 4474; x_wconf 84' lang='grc' dir='ltr'>ἠλικίαν</span> <span class='ocrx_word' id='word_1_700' title='bbox 3527 4417 3652 4477; x_wconf 74' lang='grc' dir='ltr'>ἧκες</span> <span class='ocrx_word' id='word_1_701' title='bbox 3721 4418 3946 4490; x_wconf 60' lang='grc' dir='ltr'><strong>ἀμὸξωο</strong></span> 
     </span>
    </p>
   </div>
   <div class='ocr_carea' id='block_1_105' title="bbox 2333 4501 3945 4580">
    <p class='ocr_par' dir='ltr' id='par_1_105' title="bbox 2333 4501 3945 4580">
     <span class='ocr_line' id='line_1_105' title="bbox 2333 4501 3945 4580; baseline -0.001 -21"><span class='ocrx_word' id='word_1_702' title='bbox 2333 4525 2426 4560; x_wconf 87' lang='grc' dir='ltr'><strong>σαν</strong></span> <span class='ocrx_word' id='word_1_703' title='bbox 2485 4508 2661 4579; x_wconf 75' lang='grc' dir='ltr'>γάμῳ,</span> <span class='ocrx_word' id='word_1_704' title='bbox 2706 4513 2836 4558; x_wconf 85' lang='grc' dir='ltr'>κινεῖ</span> <span class='ocrx_word' id='word_1_705' title='bbox 2892 4509 3016 4567; x_wconf 79' lang='grc' dir='ltr'>Θεὸς</span> <span class='ocrx_word' id='word_1_706' title='bbox 3066 4509 3152 4559; x_wconf 89' lang='grc' dir='ltr'><strong>τὸν</strong></span> <span class='ocrx_word' id='word_1_707' title='bbox 3212 4501 3286 4559; x_wconf 83' lang='grc' dir='ltr'>δι’</span> <span class='ocrx_word' id='word_1_708' title='bbox 3325 4504 3486 4557; x_wconf 72' lang='grc' dir='ltr'>αὑτοῦ</span> <span class='ocrx_word' id='word_1_709' title='bbox 3569 4505 3945 4580; x_wconf 68' lang='grc' dir='ltr'>φιλανθρώπως</span> 
     </span>
    </p>
   </div>
   <div class='ocr_carea' id='block_1_106' title="bbox 3164 4592 3944 4669">
    <p class='ocr_par' dir='ltr' id='par_1_106' title="bbox 3164 4592 3944 4669">
     <span class='ocr_line' id='line_1_106' title="bbox 3164 4592 3944 4669; baseline -0.004 -23"><span class='ocrx_word' id='word_1_710' title='bbox 3164 4599 3253 4647; x_wconf 83' lang='grc' dir='ltr'><strong>καὶ</strong></span> <span class='ocrx_word' id='word_1_711' title='bbox 3321 4592 3794 4669; x_wconf 70' lang='grc' dir='ltr'>προσλαμϐάνεται</span> <span class='ocrx_word' id='word_1_712' title='bbox 3861 4599 3944 4644; x_wconf 72' lang='grc' dir='ltr'>καὶ</span> 
     </span>
    </p>
   </div>
   <div class='ocr_carea' id='block_1_107' title="bbox 2332 4681 3942 4757">
    <p class='ocr_par' dir='ltr' id='par_1_107' title="bbox 2332 4681 3942 4757">
     <span class='ocr_line' id='line_1_107' title="bbox 2332 4681 3942 4757; baseline 0.003 -21"><span class='ocrx_word' id='word_1_713' title='bbox 2332 4682 2510 4755; x_wconf 76' lang='grc' dir='ltr'>ἀνάγει</span> <span class='ocrx_word' id='word_1_714' title='bbox 2555 4703 2613 4737; x_wconf 89' lang='grc' dir='ltr'><strong>σε</strong></span> <span class='ocrx_word' id='word_1_715' title='bbox 2664 4685 2912 4756; x_wconf 72' lang='grc' dir='ltr'>μεγέθους</span> <span class='ocrx_word' id='word_1_716' title='bbox 2970 4688 3100 4757; x_wconf 87' lang='grc' dir='ltr'>πρὸς</span> <span class='ocrx_word' id='word_1_717' title='bbox 3152 4682 3302 4754; x_wconf 74' lang='grc' dir='ltr'>ὕψος,</span> <span class='ocrx_word' id='word_1_718' title='bbox 3356 4691 3513 4756; x_wconf 82' lang='grc' dir='ltr'>τιμῆς</span> <span class='ocrx_word' id='word_1_719' title='bbox 3597 4704 3694 4736; x_wconf 86' lang='grc' dir='ltr'><strong>και</strong></span> <span class='ocrx_word' id='word_1_720' title='bbox 3765 4681 3942 4746; x_wconf 61' lang='grc' dir='ltr'>δόξης,</span> 
     </span>
    </p>
   </div>
   <div class='ocr_carea' id='block_1_108' title="bbox 2330 4769 3939 4848">
    <p class='ocr_par' dir='ltr' id='par_1_108' title="bbox 2330 4769 3939 4848">
     <span class='ocr_line' id='line_1_108' title="bbox 2330 4769 3939 4848; baseline -0.002 -23"><span class='ocrx_word' id='word_1_721' title='bbox 2330 4769 2391 4835; x_wconf 76' lang='grc' dir='ltr'>ἧς</span> <span class='ocrx_word' id='word_1_722' title='bbox 2418 4775 2563 4845; x_wconf 85' lang='grc' dir='ltr'>ἡμεῖς</span> <span class='ocrx_word' id='word_1_723' title='bbox 2593 4769 2708 4825; x_wconf 75' lang='grc' dir='ltr'>οὐδ’</span> <span class='ocrx_word' id='word_1_724' title='bbox 2740 4772 2788 4824; x_wconf 72' lang='grc' dir='ltr'>ἓν</span> <span class='ocrx_word' id='word_1_725' title='bbox 2836 4773 3023 4845; x_wconf 76' lang='grc' dir='ltr'>εὐχαῖς</span> <span class='ocrx_word' id='word_1_726' title='bbox 3080 4775 3242 4825; x_wconf 86' lang='grc' dir='ltr'>θεῖναι</span> <span class='ocrx_word' id='word_1_727' title='bbox 3283 4771 3376 4824; x_wconf 70' lang='grc' dir='ltr'>οὐκ</span> <span class='ocrx_word' id='word_1_728' title='bbox 3429 4771 3491 4823; x_wconf 80' lang='grc' dir='ltr'>ἂν</span> <span class='ocrx_word' id='word_1_729' title='bbox 3555 4771 3939 4848; x_wconf 64' lang='grc' dir='ltr'>ἑθαρῥὲσαμει,</span> 
     </span>
    </p>
   </div>
   <div class='ocr_carea' id='block_1_109' title="bbox 2327 4857 3935 4934">
    <p class='ocr_par' dir='ltr' id='par_1_109' title="bbox 2327 4857 3935 4934">
     <span class='ocr_line' id='line_1_109' title="bbox 2327 4857 3935 4934; baseline -0.002 -18"><span class='ocrx_word' id='word_1_730' title='bbox 2327 4857 2445 4916; x_wconf 70' lang='grc' dir='ltr'>οὐδ’</span> <span class='ocrx_word' id='word_1_731' title='bbox 2497 4861 2556 4915; x_wconf 80' lang='grc' dir='ltr'>ἂν</span> <span class='ocrx_word' id='word_1_732' title='bbox 2609 4861 2676 4924; x_wconf 88' lang='grc' dir='ltr'><strong>εἰς</strong></span> <span class='ocrx_word' id='word_1_733' title='bbox 2731 4868 2850 4915; x_wconf 80' lang='grc' dir='ltr'>νοΰν</span> <span class='ocrx_word' id='word_1_734' title='bbox 2901 4861 3207 4934; x_wconf 77' lang='grc' dir='ltr'>ἐϐαλὸμεθα.</span> <span class='ocrx_word' id='word_1_735' title='bbox 3262 4863 3338 4914; x_wconf 87' lang='grc' dir='ltr'>Τά</span> <span class='ocrx_word' id='word_1_736' title='bbox 3378 4857 3431 4914; x_wconf 82' lang='grc' dir='ltr'>δ’</span> <span class='ocrx_word' id='word_1_737' title='bbox 3509 4861 3703 4934; x_wconf 75' lang='grc' dir='ltr'>ἐφεξῆς</span> <span class='ocrx_word' id='word_1_738' title='bbox 3782 4877 3935 4924; x_wconf 74' lang='grc' dir='ltr'>τινα;</span> 
     </span>
    </p>
   </div>
   <div class='ocr_carea' id='block_1_110' title="bbox 2323 4947 3936 5024">
    <p class='ocr_par' dir='ltr' id='par_1_110' title="bbox 2323 4947 3936 5024">
     <span class='ocr_line' id='line_1_110' title="bbox 2323 4947 3936 5024; baseline -0.001 -19"><span class='ocrx_word' id='word_1_739' title='bbox 2323 4956 2494 5023; x_wconf 83' lang='grc' dir='ltr'>Ἡμεῖς</span> <span class='ocrx_word' id='word_1_740' title='bbox 2541 4954 2655 5024; x_wconf 66' lang='grc' dir='ltr'>μὲν,</span> <span class='ocrx_word' id='word_1_741' title='bbox 2699 4947 2866 5024; x_wconf 72' lang='grc' dir='ltr'>μηδὲν</span> <span class='ocrx_word' id='word_1_742' title='bbox 2925 4948 3121 5012; x_wconf 85' lang='grc' dir='ltr'>εἰδότες</span> <span class='ocrx_word' id='word_1_743' title='bbox 3177 4957 3268 5004; x_wconf 81' lang='grc' dir='ltr'>τοῦ</span> <span class='ocrx_word' id='word_1_744' title='bbox 3331 4948 3416 5002; x_wconf 78' lang='grc' dir='ltr'>ἐπί</span> <span class='ocrx_word' id='word_1_745' title='bbox 3485 4959 3584 5003; x_wconf 76' lang='grc' dir='ltr'>τοῦ</span> <span class='ocrx_word' id='word_1_746' title='bbox 3640 4956 3788 5013; x_wconf 80' lang='grc' dir='ltr'>όντος</span> <span class='ocrx_word' id='word_1_747' title='bbox 3860 4953 3936 5022; x_wconf 56' lang='grc'><strong>(2)</strong></span> 
     </span>
    </p>
   </div>
   <div class='ocr_carea' id='block_1_111' title="bbox 2326 5040 3936 5116">
    <p class='ocr_par' dir='ltr' id='par_1_111' title="bbox 2326 5040 3936 5116">
     <span class='ocr_line' id='line_1_111' title="bbox 2326 5040 3936 5116; baseline -0.002 -21"><span class='ocrx_word' id='word_1_748' title='bbox 2326 5041 2486 5095; x_wconf 79' lang='grc' dir='ltr'>καλοῦ</span> <span class='ocrx_word' id='word_1_749' title='bbox 2535 5060 2624 5094; x_wconf 90' lang='grc' dir='ltr'><strong>και</strong></span> <span class='ocrx_word' id='word_1_750' title='bbox 2671 5045 3038 5116; x_wconf 79' lang='grc' dir='ltr'>συμφέροντος,</span> <span class='ocrx_word' id='word_1_751' title='bbox 3095 5043 3225 5114; x_wconf 89' lang='grc' dir='ltr'>πρὸς</span> <span class='ocrx_word' id='word_1_752' title='bbox 3296 5040 3506 5113; x_wconf 79' lang='grc' dir='ltr'>ἐτέρους</span> <span class='ocrx_word' id='word_1_753' title='bbox 3584 5043 3936 5115; x_wconf 65' lang='grc' dir='ltr'>ἡτοιμάζομετ</span> 
     </span>
    </p>
   </div>
   <div class='ocr_carea' id='block_1_112' title="bbox 2325 5125 3933 5203">
    <p class='ocr_par' dir='ltr' id='par_1_112' title="bbox 2325 5125 3933 5203">
     <span class='ocr_line' id='line_1_112' title="bbox 2325 5125 3933 5203; baseline -0.001 -19"><span class='ocrx_word' id='word_1_754' title='bbox 2325 5133 2544 5203; x_wconf 70' lang='grc' dir='ltr'>γάμους,</span> <span class='ocrx_word' id='word_1_755' title='bbox 2595 5125 2761 5202; x_wconf 70' lang='grc' dir='ltr'>μηδὲν</span> <span class='ocrx_word' id='word_1_756' title='bbox 2815 5136 2918 5191; x_wconf 84' lang='grc' dir='ltr'>τοῖς</span> <span class='ocrx_word' id='word_1_757' title='bbox 2975 5135 3089 5191; x_wconf 86' lang='grc' dir='ltr'>σοῖς</span> <span class='ocrx_word' id='word_1_758' title='bbox 3136 5127 3391 5201; x_wconf 80' lang='grc' dir='ltr'>θεοφιλίσι</span> <span class='ocrx_word' id='word_1_759' title='bbox 3440 5133 3671 5203; x_wconf 84' lang='grc' dir='ltr'>τρόποις</span> <span class='ocrx_word' id='word_1_760' title='bbox 3732 5151 3825 5182; x_wconf 81' lang='grc' dir='ltr'><strong>και</strong></span> <span class='ocrx_word' id='word_1_761' title='bbox 3877 5135 3933 5200; x_wconf 59' lang='grc' dir='ltr'>τῇ</span> 
     </span>
    </p>
   </div>
   <div class='ocr_carea' id='block_1_113' title="bbox 2326 5217 3446 5292">
    <p class='ocr_par' dir='ltr' id='par_1_113' title="bbox 2326 5217 3446 5292">
     <span class='ocr_line' id='line_1_113' title="bbox 2326 5217 3446 5292; baseline -0.002 -21"><span class='ocrx_word' id='word_1_762' title='bbox 2326 5220 2665 5292; x_wconf 54' lang='grc' dir='ltr'>καθαρωτάτη</span> <span class='ocrx_word' id='word_1_763' title='bbox 2726 5217 3094 5280; x_wconf 79' lang='grc' dir='ltr'>συντελοῦντας</span> <span class='ocrx_word' id='word_1_764' title='bbox 3151 5217 3332 5290; x_wconf 71' lang='grc' dir='ltr'>ψυχῇ,</span> <span class='ocrx_word' id='word_1_765' title='bbox 3421 5219 3446 5269; x_wconf 76' lang='grc' dir='ltr'>εἰ</span> 
     </span>
    </p>
   </div>
   <div class='ocr_carea' id='block_1_114' title="bbox 2326 5302 3934 5383">
    <p class='ocr_par' dir='ltr' id='par_1_114' title="bbox 2326 5302 3934 5383">
     <span class='ocr_line' id='line_1_114' title="bbox 2326 5302 3934 5383; baseline -0.007 -21"><span class='ocrx_word' id='word_1_766' title='bbox 2326 5309 2417 5362; x_wconf 82' lang='grc' dir='ltr'><em>τοῦ</em></span> <span class='ocrx_word' id='word_1_767' title='bbox 2455 5307 2629 5369; x_wconf 82' lang='grc' dir='ltr'>τέλους</span> <span class='ocrx_word' id='word_1_768' title='bbox 2685 5313 2772 5360; x_wconf 82' lang='grc' dir='ltr'>νῦν</span> <span class='ocrx_word' id='word_1_769' title='bbox 2836 5306 3047 5380; x_wconf 73' lang='grc' dir='ltr'>ἐξεφάνη</span> <span class='ocrx_word' id='word_1_770' title='bbox 3106 5306 3190 5379; x_wconf 82' lang='grc' dir='ltr'><strong>ἀφ’</strong></span> <span class='ocrx_word' id='word_1_771' title='bbox 3251 5302 3361 5359; x_wconf 78' lang='grc' dir='ltr'>οἵου</span> <span class='ocrx_word' id='word_1_772' title='bbox 3411 5316 3656 5383; x_wconf 76' lang='grc' dir='ltr'>κρημνοῦ</span> <span class='ocrx_word' id='word_1_773' title='bbox 3710 5329 3801 5360; x_wconf 73' lang='grc' dir='ltr'><strong>και</strong></span> <span class='ocrx_word' id='word_1_774' title='bbox 3849 5307 3934 5381; x_wconf 58' lang='grc' dir='ltr'><strong>βε.</strong></span> 
     </span>
    </p>
   </div>
   <div class='ocr_carea' id='block_1_115' title="bbox 2327 5393 3931 5472">
    <p class='ocr_par' dir='ltr' id='par_1_115' title="bbox 2327 5393 3931 5472">
     <span class='ocr_line' id='line_1_115' title="bbox 2327 5393 3931 5472; baseline -0.002 -22"><span class='ocrx_word' id='word_1_775' title='bbox 2327 5399 2525 5472; x_wconf 88' lang='grc' dir='ltr'>ράθρου</span> <span class='ocrx_word' id='word_1_776' title='bbox 2567 5399 2697 5457; x_wconf 88' lang='grc' dir='ltr'>Θεὸς</span> <span class='ocrx_word' id='word_1_777' title='bbox 2736 5393 2992 5472; x_wconf 85' lang='grc' dir='ltr'>προειδὼς</span> <span class='ocrx_word' id='word_1_778' title='bbox 3047 5394 3264 5459; x_wconf 82' lang='grc' dir='ltr'>ἐξείλετό</span> <span class='ocrx_word' id='word_1_779' title='bbox 3314 5415 3394 5466; x_wconf 85' lang='grc' dir='ltr'><strong>σε,</strong></span> <span class='ocrx_word' id='word_1_780' title='bbox 3465 5399 3580 5450; x_wconf 84' lang='grc' dir='ltr'>οἱου</span> <span class='ocrx_word' id='word_1_781' title='bbox 3637 5419 3732 5451; x_wconf 87' lang='grc' dir='ltr'><strong>και</strong></span> <span class='ocrx_word' id='word_1_782' title='bbox 3775 5400 3931 5459; x_wconf 66' lang='grc' dir='ltr'>οἰκον,</span> 
     </span>
    </p>
   </div>
   <div class='ocr_carea' id='block_1_116' title="bbox 2327 5481 3933 5558">
    <p class='ocr_par' dir='ltr' id='par_1_116' title="bbox 2327 5481 3933 5558">
     <span class='ocr_line' id='line_1_116' title="bbox 2327 5481 3933 5558; baseline -0.001 -18"><span class='ocrx_word' id='word_1_783' title='bbox 2327 5488 2509 5548; x_wconf 88' lang='grc' dir='ltr'>πάσης</span> <span class='ocrx_word' id='word_1_784' title='bbox 2537 5483 2751 5558; x_wconf 79' lang='grc' dir='ltr'>ἀνομίας</span> <span class='ocrx_word' id='word_1_785' title='bbox 2777 5488 3023 5557; x_wconf 71' lang='grc' dir='ltr'>’νέμοντος</span> <span class='ocrx_word' id='word_1_786' title='bbox 3077 5504 3166 5537; x_wconf 86' lang='grc' dir='ltr'><strong>και</strong></span> <span class='ocrx_word' id='word_1_787' title='bbox 3216 5481 3566 5549; x_wconf 72' lang='grc' dir='ltr'>δυσσεϐείας.</span> <span class='ocrx_word' id='word_1_788' title='bbox 3625 5492 3730 5541; x_wconf 71' lang='grc' dir='ltr'>Καί</span> <span class='ocrx_word' id='word_1_789' title='bbox 3788 5483 3933 5556; x_wconf 43' lang='grc' dir='ltr'><strong>σῷ·</strong></span> 
     </span>
    </p>
   </div>
   <div class='ocr_carea' id='block_1_117' title="bbox 3421 5218 3935 5295">
    <p class='ocr_par' dir='ltr' id='par_1_117' title="bbox 3421 5218 3935 5295">
     <span class='ocr_line' id='line_1_117' title="bbox 3421 5218 3935 5295; baseline 0 -26"><span class='ocrx_word' id='word_1_790' title='bbox 3421 5219 3488 5279; x_wconf 83' lang='grc' dir='ltr'><strong>ὡς</strong></span> <span class='ocrx_word' id='word_1_791' title='bbox 3569 5228 3802 5295; x_wconf 71' lang='grc' dir='ltr'>φανερῶς</span> 
     </span>
    </p>
   </div>
   <div class='ocr_carea' id='block_1_118' title="bbox 2401 5661 3150 5736">
    <p class='ocr_par' dir='ltr' id='par_1_118' title="bbox 2401 5661 3150 5736">
     <span class='ocr_line' id='line_1_118' title="bbox 2401 5661 3150 5736; baseline -0.003 -16"><span class='ocrx_word' id='word_1_792' title='bbox 2401 5663 2482 5736; x_wconf 72' lang='grc'><strong>(2)</strong></span> <span class='ocrx_word' id='word_1_793' title='bbox 2511 5665 2750 5732; x_wconf 84' lang='lat' dir='ltr'><strong>Forsan,</strong></span> <span class='ocrx_word' id='word_1_794' title='bbox 2781 5667 2874 5716; x_wconf 75' lang='grc' dir='ltr'>τοῦ</span> <span class='ocrx_word' id='word_1_795' title='bbox 2903 5661 3150 5723; x_wconf 60' lang='grc' dir='ltr'>ἐπιὸντοςι</span> 
     </span>
    </p>
   </div>
  </div>
