4064 6308
155 267 264 322 tiu
419 285 427 292 ~
1189 253 1418 316 sermo
1437 245 2013 312 CONSOLATORIUS
2029 250 2127 308 AD
2143 239 2400 313 rium.
3342 252 3474 308 ut:

146 383 290 445 λειδή
327 386 410 437 καὶ
466 388 718 454 καταργεί
790 383 905 435 τότε
951 383 1042 445 τὰς
1086 385 1310 456 ματαίας
1369 376 1560 453 βουλὰς
1622 375 1712 427 καί
1740 407 1751 427 Α

1865 377 2027 433 ostra
2051 378 2317 446 consilia,
2340 380 2398 435 et
2424 371 2686 433 custodit
2712 377 2768 432 te
2793 376 2851 432 et
2901 376 3095 432 servat
3143 376 3201 430 et
3240 372 3469 440 liberat,

154 471 362 536 σπουδὰς
420 473 589 545 ἡμῶν,
649 473 739 525 καὶ
813 470 1177 547 περιφυλάττει
1263 488 1353 524 και
1432 464 1715 541 περισώζει

1870 467 1884 519 t
1911 480 1948 520 a
1985 466 2146 523 malo
2170 466 2271 524 illo
2292 471 2348 524 te
2371 465 2561 538 eripit.
2595 467 2712 522 Nos
2739 477 2906 534 vero,
2942 466 3008 519 ut
3033 461 3176 532 dixi,
3195 460 3475 518 benevoli

150 569 231 618 καὶ
266 561 526 636 ἐξαιρεῖταί
554 579 612 614 σε
636 566 728 613 τοῦ
766 558 998 634 ὀλεθρίου
1033 559 1227 614 ἐκείνου
1299 564 1484 615 κακοῦ.
1540 553 1718 627 Ἠμεὶς

1877 552 1930 609 ei
1969 555 2406 626 providentiam
2437 555 2691 627 ejusque
2739 552 3072 625 sapientem
3114 549 3194 607 ad
3250 548 3477 624 aliquid

153 650 217 720 δ’,
254 654 359 728 ὅπερ
415 652 622 724 ἔφημεν,
678 645 844 722 μηδεν
897 645 1093 714 εἰδότες
1149 657 1244 712 τῆς
1304 655 1396 702 τοῦ
1452 644 1717 718 εὐεργέτου

1873 641 2039 699 ielius
2060 643 2168 702 tibi
2194 647 2534 703 tendentem
2550 641 2917 700 voluntatem
2946 637 3478 728 ignorantes,dolef

152 748 269 796 Θεοῦ
313 726 549 817 προνοίας
611 743 700 792 καὶ
756 746 847 801 τῆς
899 742 1028 815 πρὸς
1084 742 1142 793 1'6
1199 744 1425 815 κρεῖττον
1504 729 1718 806 ἕμϐιϐά-

1874 748 2068 804 amus,
2101 735 2517 805 gemebamus,
2567 732 2753 790 vitam
2810 729 3251 804 rejiciebamus,
3302 726 3479 801 quasi

156 851 265 893 σιως
332 837 493 903 σοφῆς
589 828 906 902 οἰκονομίας,
983 828 1339 904 ήσχάλλομεν,
1435 831 1718 904 ἠνιώμεθα,

1874 837 2123 894 iagnum
2145 823 2371 897 aliquid
2403 823 2633 880 bonum
2673 821 3113 890 amisissemus,
3136 818 3282 877 dum
3303 818 3479 892 plane

154 918 477 994 ἀπελεγόμεθα
502 923 594 978 τὴν
650 919 809 989 ζωὴν,
849 921 917 980 ὡς
982 919 1205 994 μεγάλου
1282 917 1351 980 δή
1411 938 1548 984 τινος
1602 918 1720 976 δια-

1542 941 1548 983 ;
1602 918 1720 976 δια·
1831 913 2198 970 contrarium
2232 913 2492 972 eveniret
2519 910 2695 971 nobis
2725 909 3147 969 nescientibus.

153 1015 404 1088 μαρτόντις
473 1007 630 1062 καλοῦ
677 1010 970 1062 τούναντίον
1027 1007 1112 1063 ἐπὶ
1167 1018 1263 1073 τῆς
1311 1007 1554 1075 ἀληθείας
1633 1016 1722 1066 ὅν-

149 1102 248 1169 τὸς,
288 1098 372 1151 κοῖν
410 1098 561 1171 ἡμεῖς
597 1098 897 1170 ήγνοόῦμςν.

220 1193 308 1242 Καὶ
357 1187 484 1260 λέγω
547 1183 614 1246 δή
671 1183 842 1240 ταῦτα
891 1192 982 1242 καὶ
1034 1186 1259 1242 ἀνακινῶ
1321 1193 1446 1264 πρὸς
1491 1195 1720 1265 μνήμην,

1903 1181 1971 1240 Et
1990 1181 2121 1240 haec
2145 1181 2302 1249 dico,
2355 1186 2416 1241 et
2471 1181 2530 1239 in
2578 1180 2934 1240 memoriam
2961 1178 3204 1248 reduco,
3258 1181 3324 1238 ut
3372 1184 3485 1238 tute

151 1281 216 1341 ὡς
242 1281 293 1330 ἀν
317 1273 378 1337 δὴ
419 1282 508 1330 καὶ
545 1280 639 1336 τὴν
680 1281 778 1336 σήν
807 1275 856 1329 ἐν
894 1276 1093 1351 γαλήνῃ
1145 1285 1467 1339 καταστήσω
1513 1281 1722 1354 ψυχὴν.

1881 1272 2049 1328 mimae
2102 1271 2587 1345 tranquillitatem
2629 1271 2902 1339 reddam,
2957 1285 3212 1344 eamque
3259 1287 3331 1327 ex
3379 1271 3486 1328 hac

148 1367 496 1439 ἀνενεγκοῦσαν
549 1365 602 1418 ἐκ
664 1373 756 1419 τοῦ
822 1367 1049 1441 μεγάλου
1126 1366 1387 1432 κλύδωνος
1467 1375 1557 1424 καὶ
1632 1381 1726 1436 τῆς

1880 1375 2059 1430 [agna
2089 1365 2440 1432 tempestate
2468 1377 2538 1416 ac
2563 1376 2786 1432 magno
2806 1361 3157 1416 irruentium
3200 1364 3485 1432 perpetuo

147 1455 324 1517 πολλῆς
389 1463 631 1530 ταραχῆς
697 1461 798 1507 τῶν
875 1453 1252 1517 ἕπικλυξόντων
1295 1466 1504 1530 συχνῶν
1555 1463 1726 1534 κυμά-

1884 1453 2126 1506 uctuum
2159 1448 2418 1506 tumultu
2445 1450 2716 1522 eripiam,
2748 1455 2806 1506 et
2832 1466 2905 1507 ex
2929 1450 3150 1507 amaris
3172 1449 3333 1506 hisce
3360 1465 3489 1506 sen-

146 1565 259 1612 των,
307 1549 388 1596 καὶ
453 1542 776 1616 βυθιζόντων
842 1545 1039 1602 ταύτην
1085 1553 1285 1620 πικρῶν
1345 1545 1608 1620 λογισμῶν
1657 1551 1724 1614 ὧς

1890 1539 2004 1595 bus
2028 1538 2135 1611 qui
2165 1554 2299 1595 eam
2329 1544 2618 1611 tanquam
2657 1538 2718 1594 in
2773 1538 3136 1610 profundum
3183 1554 3369 1608 mare,
3426 1538 3488 1594 in

153 1636 220 1695 εἰς
249 1632 505 1694 θαλάσσης
543 1630 727 1705 βάθος,
773 1631 840 1693 εἰς
893 1630 1057 1705 βυθὸν
1114 1630 1324 1702 ὀδύνης,
1376 1634 1425 1689 ἐν
1569 1646 1727 1700 κατή.

1886 1627 2059 1684 oloris
2087 1641 2308 1699 nempe
2356 1627 2649 1700 abyssum
2685 1627 3061 1698 demergunt,
3101 1627 3164 1682 in
3210 1642 3395 1699 quam
3435 1629 3491 1683 et

148 1741 294 1796 γαγεν
343 1723 476 1795 ἡμᾶς
537 1724 590 1774 τὸ
649 1720 962 1795 ὑπερϐάλλον
1009 1725 1220 1795 μέγεθος
1299 1733 1388 1788 τῆς
1469 1725 1726 1805 ἀφορήτου

1883 1732 1949 1773 os
1978 1715 2230 1772 deduxit
2257 1715 2611 1772 calamitatis
2638 1715 2818 1788 hujus
2847 1715 3236 1772 intolerandis
3265 1716 3488 1772 nimius

151 1814 336 1873 ταύτης
396 1816 687 1884 συμφορᾶς.
734 1815 836 1864 Καὶ
902 1807 1014 1872 δέος
1080 1832 1280 1885 μήποτε
1329 1817 1458 1888 ούχί
1495 1826 1593 1871 τῶν
1627 1839 1728 1872 σω-

1888 1821 2144 1861 messus.
2176 1805 2376 1861 Timeo
2399 1805 2558 1861 enim
2580 1821 2654 1861 ne
2677 1809 2907 1862 tantum
2924 1820 3243 1877 corporum
3266 1810 3493 1862 nostro-

154 1902 318 1974 μάτων
365 1905 647 1973 πνιγμονὴν
699 1902 871 1973 μόνον,
935 1899 1063 1954 ἀλλά
1125 1921 1214 1955 και
1275 1903 1442 1957 αὐτῶν
1525 1907 1730 1985 ὄλεθρον

1887 1911 1974 1950 1m
2001 1899 2276 1963 mortem,
2302 1893 2407 1950 sed
2428 1898 2485 1950 et
2504 1895 2775 1967 ipsarum
2797 1894 3138 1951 animarum
3168 1894 3492 1968 perniciem

153 1991 494 2063 ύποσταίημεν
520 1998 619 2042 τῶν
674 1989 886 2062 ψυχῶν.
943 1987 1029 2042 Ἴν’
1080 1987 1168 2044 οὖν
1215 1995 1274 2044 τὸ
1328 1993 1456 2047 πολὺ
1513 2017 1602 2050 και
1642 1982 1731 2072 με·

1890 1999 2244 2039 Lcurramus.
2271 1985 2340 2040 Ut
2370 1983 2551 2052 igitur
2573 1983 2731 2039 hanc
2785 1998 3072 2054 magnam
3129 1982 3372 2050 nubem,
3438 1987 3495 2040 et

152 2100 224 2153 γα
248 2087 396 2133 τοῦτο
425 2083 572 2151 νέφος
591 2098 681 2133 και
714 2084 808 2138 τήν
872 2077 1088 2152 βαθεῖαν
1149 2078 1336 2153 ἀχλὺν,
1397 2103 1486 2138 και
1553 2093 1735 2141 σκοτό-

1890 2073 2179 2130 rofundas
2211 2073 2322 2128 has
2347 2072 2641 2141 tenebras,
2674 2076 2730 2129 et
2757 2077 2994 2129 noctem
3021 2074 3178 2130 hanc
3201 2089 3272 2128 ex
3291 2072 3495 2129 dolore

153 2188 329 2242 μαιναν
357 2173 448 2227 τήν
474 2166 527 2220 ἐκ
550 2168 644 2221 τοῦ
683 2169 879 2230 πάθους
939 2168 1282 2242 ἐπιχυθείσαν
1330 2175 1476 2246 ἡμῖν,
1527 2174 1582 2228 ἔκ
1639 2186 1736 2240 τῆς

1892 2163 2018 2220 obis
2069 2162 2450 2235 superfusam
2512 2178 2583 2219 ex
2628 2167 2732 2219 tuo
2781 2163 2958 2220 corde
3015 2163 3267 2236 dissipes
3314 2168 3370 2219 et
3418 2161 3497 2219 ad

156 2267 254 2320 σῆς
311 2256 616 2331 ἀποτινάξῃς
660 2255 908 2333 καρδίας,
966 2277 1054 2311 και
1113 2255 1402 2335 διαϐλέψῃς
1478 2270 1607 2340 πρός
1678 2272 1735 2321 τὸ

1894 2252 1995 2308 lud
2049 2252 2475 2309 misericordiae
2519 2252 2836 2309 Salvatoris
2892 2253 3100 2311 Christi
3162 2269 3347 2324 mare,
3395 2252 3499 2326 qui

151 2352 282 2420 μέγα
305 2346 520 2418 πέλαγος
557 2355 656 2398 τῶν
719 2347 996 2420 οἰκτιρμῶν
1045 2354 1137 2400 τοῦ
1183 2351 1250 2402 τά
1296 2355 1431 2404 κατὰ
1490 2357 1546 2407 σὲ
1599 2356 1737 2409 οἱκο-

1894 2345 2052 2400 mnia
2072 2343 2249 2399 nobis
2281 2343 2600 2400 utilissima
2624 2343 2925 2415 provides,
2959 2344 3237 2417 aspicias,
3267 2344 3412 2416 {ideo
3444 2349 3499 2400 et

150 2443 416 2509 νομοῦντος
501 2455 865 2508 συμφεροντως
941 2443 1180 2512 Σωτῆρος
1268 2446 1526 2514 Χριστοῦ,
1645 2442 1739 2499 διὰ

1894 2437 2203 2488 rwsentem
2236 2448 2568 2489 sermonem
2619 2433 2878 2505 profero,
2933 2435 3087 2490 etin
3144 2434 3499 2490 memoriam

150 2532 300 2578 τοῦτο
328 2529 415 2578 καὶ
473 2529 592 2587 τοῦς
652 2530 914 2599 παρόντας
982 2533 1233 2600 ποιοῦμαι
1302 2526 1483 2601 λόγους
1527 2550 1614 2586 και
1674 2535 1740 2596 εἰς

1894 2521 2386 2594 ogitationemque
2433 2537 2506 2578 ea
2541 2538 2681 2594 quae
2739 2527 3191 2594 praecesserunt,
3254 2523 3499 2592 reduco,

152 2615 424 2687 ἐνθύμησιν
488 2615 602 2686 ἄγω
649 2619 738 2667 και
793 2619 1001 2687 μνήμην
1057 2618 1124 2668 τά
1207 2616 1530 2691 προλαϐόντα
1611 2625 1738 2699 ὑπερ

1888 2626 1986 2684 uae
2006 2611 2160 2668 ultra
2175 2626 2346 2684 spem
2367 2611 2444 2667 ab
2467 2615 2736 2668 nostram
2767 2610 3078 2669 utilitatem
3127 2611 3285 2670 facta
3331 2615 3493 2669 sunt.

154 2705 322 2758 πάντα
342 2711 456 2755 νοῦν
478 2705 506 2761 ἡ
514 2712 623 2776 μῶν
648 2707 778 2779 πρὸς
799 2704 1092 2779 εὐεργεσίαν
1122 2712 1451 2779 γεγενημένα,
1871 2751 1874 2754 .

228 2791 523 2866 Προσϐήναι
562 2789 622 2845 δέ
659 2811 749 2844 και
785 2801 894 2855 τοίς
923 2792 1098 2866 ἐφεξῆς
1128 2792 1385 2869 βούλομαι
1413 2801 1503 2871 μὲν
1546 2821 1558 2836 σ
1605 2820 1741 2856 mm-

1910 2788 2203 2845 Accedere
2229 2794 2430 2846 autem
2452 2789 2531 2846 ad
2564 2805 2636 2847 ea
2657 2805 2792 2863 quae
2816 2794 3015 2848 secuta
3047 2789 3369 2857 sunt,volo;
3399 2789 3505 2846 sed

153 2883 389 2957 ράττεται
451 2877 509 2934 δέ
557 2900 657 2954 μου
705 2901 796 2935 και
871 2881 1123 2935 κλονεῐται
1176 2903 1266 2936 και
1371 2891 1743 2964 συντράττεται

1901 2876 2141 2933 :inditur
2194 2883 2251 2933 et
2280 2878 2555 2949 agitatur,
2588 2882 2643 2935 et
2665 2879 3055 2935 conturbatur
3078 2895 3200 2947 cor,
3227 2895 3336 2935 nec
3360 2878 3506 2934 illud

155 2972 188 3028 ή
231 2966 440 3044 καρδία,
465 2989 554 3022 και
580 2969 639 3022 ού
666 2966 892 3043 δύναμαι
956 2977 1198 3044 κατέχειν
1255 2974 1432 3048 αὐτὴν,
1479 2977 1530 3040 ἐς
1581 2978 1744 3052 βάθος

1903 2965 2154 3022 )nlinere
2177 2966 2361 3033 valeo,
2386 2983 2524 3022 cum
2545 2967 2606 3022 in
2644 2968 2774 3036 ejus
2811 2967 3180 3038 profundum
3223 2967 3399 3023 intret
3452 2969 3508 3023 et

153 3057 319 3121 αύτής
345 3060 750 3132 καθικνουμένης
813 3079 903 3112 και
961 3063 1139 3133 συχνά
1201 3066 1483 3129 κεντούσης
1547 3077 1642 3131 τῆς
1689 3070 1745 3123 ἐκ

1903 3056 2137 3110 mtinuo
2215 3053 2363 3110 illud
2432 3054 2742 3125 transﬁgat
2805 3055 2971 3112 dirus
3041 3055 3264 3112 doloris
3326 3055 3508 3127 hujus

151 3154 250 3200 τοῦ
278 3149 468 3208 πάθους
500 3144 670 3208 δεινῆς
696 3149 971 3222 ῥομφαίας.
1007 3154 1105 3202 Καί
1136 3150 1230 3203 ούκ
1305 3150 1429 3206 οἶδα
1490 3159 1542 3209 τί
1612 3161 1744 3234 πρά-

1906 3141 2114 3199 ladius.
2144 3145 2262 3199 Nec
2293 3143 2415 3200 scio
2436 3143 2584 3216 quid
2608 3143 2871 3200 facturus
2898 3145 3030 3208 sim,
3076 3144 3222 3200 dum
3261 3160 3334 3200 ex
3390 3160 3511 3202 una

153 3236 248 3305 ξω,
301 3243 389 3289 τοῦ
413 3239 504 3309 μὲν
531 3241 865 3310 προκειμένου
939 3246 1136 3292 σκοποῦ
1174 3243 1300 3314 πρὸς
1347 3241 1529 3316 λόγους
1579 3231 1748 3300 ἕλκον-

1906 3236 2023 3288 arte
2075 3231 2156 3287 ad
2225 3233 2516 3288 intentum
2563 3232 2915 3289 hortationis
2970 3231 3511 3306 consolationisque

147 3345 237 3388 τος
259 3324 626 3398 παρακλήσεως
690 3346 781 3378 και
827 3330 1184 3401 παραμυθίας,
1235 3338 1328 3392 τῆς
1380 3329 1439 3385 δὲ
1503 3355 1559 3407 γε
1614 3356 1745 3411 συμ.

1910 3321 2245 3392 ropositum
2275 3321 2560 3388 attrahor,
2604 3325 2661 3378 et
2698 3337 2769 3378 ex
2799 3321 2984 3378 altera
3021 3321 3331 3380 calamitas
3369 3322 3511 3379 inde

144 3419 310 3487 φορᾶς
365 3413 552 3466 ἐκεῖθεν
607 3415 957 3476 καθελκούσης
998 3435 1088 3468 και
1135 3421 1262 3492 πρὸς
1358 3421 1574 3494 θρήνους
1656 3409 1747 3478 και

1904 3425 1954 3464 ιο
1982 3409 2229 3465 retrahit
2255 3413 2313 3466 et
2340 3409 2417 3466 ad
2446 3409 2727 3480 gemitus,
2749 3414 2807 3466 et
2824 3409 3108 3479 lamenta,
3132 3415 3189 3467 et
3213 3409 3509 3484 lacryma-

140 3504 375 3576 οἰμωγὰς
415 3500 644 3574 ἀγούσης
681 3523 771 3556 και
797 3501 1036 3580 δακρύων
1076 3508 1268 3577 πηγάς,

904 3507 1036 3580 ρύων
1076 3508 1268 3577 πηγάς,
1855 3513 1994 3554 rum
2020 3497 2215 3554 fontes
2247 3497 2509 3556 abducit.

217 3591 286 3644 Ὠ
326 3591 461 3645 Ξοῖον
492 3595 589 3666 γὰρ
624 3599 813 3655 σκότος
851 3598 1036 3670 πικρόν
1099 3599 1216 3656 τοὺς
1285 3595 1434 3670 ἕμούς
1499 3599 1750 3676 ἐκάλυψεν

1932 3590 1975 3644 Ο
2011 3588 2308 3660 lquantae,
2351 3605 2534 3662 quam
2585 3605 2809 3646 amarae
2839 3589 3098 3648 tenebrae
3121 3606 3288 3648 meos
3309 3590 3513 3648 oculos

150 3680 476 3754 ὀφθαλμούς,
519 3678 818 3754 δριμύσσον
855 3686 923 3745 ὡς
975 3682 1028 3734 ἐκ
1086 3693 1284 3738 καπνοῦ
1341 3691 1755 3764 τηγανιζομενης

1912 3676 2243 3734 alaverunt!
2294 3684 2459 3748 ortae,
2495 3683 2561 3734 ut
2611 3679 2693 3735 ita
2738 3679 2958 3746 dicam,
3022 3695 3094 3734 ex
3146 3679 3274 3735 frixi
3321 3678 3517 3736 cordis

143 3766 399 3844 καρδίας,
451 3790 540 3822 και
598 3771 745 3834 ὅλους
805 3769 1175 3846 ἓκδιαζόμενον
1224 3783 1444 3829 κενῶσαι
1491 3799 1578 3832 και
1627 3782 1748 3857 ῥυή-

1914 3782 2052 3833 ιωο,
2085 3773 2142 3823 et
2161 3783 2262 3823 eos
2285 3783 2496 3823 manes
2519 3783 2590 3824 ac
2612 3774 2880 3824 mortuos
2904 3767 3225 3823 efﬁcientes
3250 3767 3262 3822 !
3289 3773 3519 3840 quanta

145 3880 240 3913 ναι
279 3867 502 3918 ποιήσαι
537 3859 660 3913 Ῐοῖα
697 3862 921 3933 ὑπέμενα
949 3881 1038 3914 και
1069 3859 1196 3915 ἰδεῖν
1245 3884 1331 3916 και
1382 3853 1637 3938 ἀκοῦσαι,
1732 3873 1750 3924 ὁ

1910 3855 2124 3910 ustinui
2149 3859 2206 3912 et
2231 3855 2488 3913 videndo
2527 3860 2584 3912 et
2634 3856 2957 3925 audiendo,
3007 3871 3043 3911 ο
3101 3871 3213 3926 ego
3257 3855 3459 3910 infelix
3503 3853 3515 3912 Ξ

146 3949 310 4009 τάλας
361 3946 460 4019 ἐγὼ
506 3947 517 4002 ῑ
579 3950 692 4011 οῖας
738 3948 980 4021 ἀγγελίας
1040 3954 1159 4024 περί
1205 3960 1319 4020 σοῦ,
1396 3957 1638 4033 θύγατερ,
1709 3961 1751 4026 ἐι

1914 3959 2015 4000 ιιιεο
2052 3943 2127 4000 de
2159 3949 2211 4000 te
2270 3946 2498 4011 nuntia,
2549 3960 2586 4001 ο
2637 3943 2780 4014 ﬁlia,
2828 3943 3076 4000 ﬁrmiter
3133 3948 3190 4000 et
3242 3949 3519 4000 constan-

156 4037 426 4098 ἔστώσαις
457 4033 708 4100 δέξασθαι
739 4043 889 4112 φρεσί
929 4038 942 4094 i

691 4058 708 4090 ι
739 4043 889 4112 φρεσί
929 4038 942 4094 ι
1871 4037 1958 4089 ter
1989 4033 2245 4088 sustinui
2280 4033 2291 4088 Ι

235 4129 495 4179 Δέσποινά
541 4146 664 4199 μου,
718 4130 776 4179 τό
839 4136 939 4200 φῶς
993 4137 1094 4180 τῶν
1147 4127 1278 4203 ἐμῶν
1368 4131 1633 4207 ὀμμάτων,
1729 4139 1759 4197 ἡ

1928 4124 2180 4179 Domina
2208 4138 2642 4190 mea,meorum
2673 4122 2986 4179 oculorum
3015 4122 3522 4192 lumen,dulcissi-

152 4215 466 4288 γλυκυτάτη
500 4214 640 4286 ὄψις,
671 4221 729 4268 τό
756 4215 1143 4290 ἐρασμιώτατον
1164 4219 1370 4291 κάλλος,
1425 4226 1454 4282 ή
1515 4229 1644 4298 μόνη
1714 4225 1757 4278 ἐν

1915 4228 2040 4267 ium
2063 4213 2493 4284 spectaculum,
2519 4211 2952 4269 amabilissima
2973 4211 3520 4285 pulchritudo.qum

152 4309 298 4358 πᾶσι
359 4309 465 4364 τοῖς
523 4308 645 4378 πρίν
689 4303 1052 4378 ἐπερχομένοις
1119 4309 1446 4382 σκυθρωποῖς
1528 4316 1757 4386 παρήγο·

1918 4301 2001 4356 )la
2017 4301 2078 4356 in
2100 4301 2552 4373 superveniente
2575 4301 2804 4356 tristitia
2818 4317 2914 4356 me
2932 4301 3224 4357 solabaris
3239 4307 3294 4358 et
3311 4303 3523 4359 excita-

151 4411 247 4468 ρος
274 4389 390 4464 ἐμοί
429 4410 516 4443 και
546 4392 864 4465 παραψυχή,
904 4402 1008 4454 πῶς
1042 4395 1117 4447 ἔτι
1182 4415 1271 4447 και
1327 4397 1401 4457 ζῶ
1453 4418 1542 4452 και
1605 4405 1756 4472 πνέω,

1918 4405 2003 4459 as,
2042 4390 2352 4461 quomodo
2380 4388 2581 4445 adhuc
2611 4389 2746 4445 vivo
2776 4398 2836 4446 et
2863 4390 3048 4463 spiro,
3093 4406 3287 4463 neque
3326 4391 3523 4447 statim

150 4500 254 4534 και
285 4479 382 4531 ούκ
421 4480 571 4542 εὐθὺς
607 4485 782 4555 νεκρὸς
831 4480 1016 4554 ἐφάνην
1084 4486 1216 4556 μετὰ
1266 4489 1359 4544 τὴν
1425 4491 1521 4546 σήν
1565 4491 1755 4548 ταύτην

1921 4483 2144 4534 lortuus
2177 4496 2310 4535 sum
2349 4483 2485 4551 post
2542 4478 2909 4536 mortiferam
2971 4479 3128 4536 hanc
3183 4481 3328 4536 mihi
3371 4480 3526 4556 calaf

156 4572 527 4643 θανατηφόρον
580 4567 693 4642 ἐμοί
742 4573 1060 4646 συμφόράν;
1141 4576 1218 4625 οἷν
1300 4577 1608 4650 προέπεμψά
1704 4597 1761 4631 σε

1917 4567 2140 4622 nitatem
2171 4568 2199 4624 ?
2228 4567 2475 4634 Qualem
2500 4571 2558 4624 te
2597 4568 2817 4636 dimisi,
2853 4574 2908 4624 et
2938 4569 3182 4642 qualem
3212 4551 3522 4642 recipiam!

151 4678 254 4712 και
295 4658 412 4710 οἷαν
440 4655 761 4731 ὑποδέξομαι
801 4659 976 4735 ἔεῖπερ
1017 4661 1121 4736 ἄρα
1139 4681 1228 4714 και
1268 4659 1566 4738 δυνήσομαι
1599 4671 1756 4743 μέχρι

1944 4660 2145 4713 tamen
2173 4673 2362 4730 usque
2392 4657 2470 4713 ad
2496 4657 2558 4714 id
2579 4659 2863 4732 temporis
2900 4660 3192 4716 sustinere
3223 4675 3294 4716 ac
3329 4660 3528 4716 vivere

152 4749 360 4802 τούτου
395 4755 719 4823 καρτερῆσαι
768 4769 858 4801 και
905 4750 1020 4822 ζῇν.
1069 4756 1310 4819 Κρεῑττον
1365 4749 1426 4812 ήν
1482 4753 1596 4827 ἐμοί
1651 4757 1757 4811 σϐε-

1926 4746 2120 4802 ossim.
2151 4747 2350 4802 Potius
2381 4747 2530 4802 mihi
2562 4751 2688 4804 erat
2710 4748 3006 4818 exstingui
3035 4753 3223 4804 totum
3256 4748 3441 4803 solem
3473 4749 3531 4802 et

156 4839 370 4896 σθῆναι
407 4839 495 4889 τὸν
517 4836 628 4889 ὅλον
693 4837 836 4896 ήλιον
867 4839 896 4898 ἦ
951 4843 1046 4897 τήν
1103 4845 1278 4894 πᾶσαν
1343 4843 1530 4916 ὅρασιν
1573 4843 1761 4899 ἀποϐα·

1926 4849 2120 4890 mnem
2141 4835 2340 4891 visum
2363 4836 2646 4907 abjicere,
2670 4852 2858 4908 quam
2875 4837 2933 4892 in
2959 4837 3060 4893 tali
3075 4843 3129 4892 te
3144 4835 3350 4892 habitu
3366 4835 3531 4890 obte-

150 4923 380 4994 Nceau,
423 4923 769 4999 ήέντοιούτῳ
830 4924 1064 4981 κατιδεῖν
1137 4949 1194 4982 σε
1251 4931 1571 5004 ζοφωθεῖσαν
1632 4941 1755 5008 σχήε

1927 4922 2190 4980 ebratam
2219 4925 2438 4996 videre,
2467 4925 2631 4998 quali
2682 4925 2890 4980 induta
2939 4941 3004 4980 es
3059 4929 3114 4979 et
3162 4922 3532 4980 circumdata

152 5035 323 5091 ματ-ι,
359 5013 536 5068 ὁποῖον
595 5011 662 5074 δή
735 5035 792 5069 σε
851 5037 940 5069 και
1003 5014 1213 5071 ἒνέδυσε
1262 5039 1351 5072 και
1403 5021 1666 5095 περιέϐαλε
1711 5028 1757 5079 τε

1732 5028 1771 5079 τὸ
1880 5018 2123 5085 propter
2151 5029 2425 5071 meorum
2451 5020 2833 5086 peccatorum
2871 5011 3337 5068 multitudinem.

151 5104 301 5162 πολὺ
325 5123 420 5157 και
449 5109 585 5178 μέγα
603 5103 797 5167 πλῆθος
817 5115 916 5159 τῶν
959 5105 1090 5181 ἐμῶν
1131 5110 1415 5184 αμαρτιῶν.

238 5192 385 5246 Ἀλλ’
420 5187 505 5246 ἵνα
525 5197 599 5267 μή
640 5191 688 5246 ἕν
722 5202 830 5258 τοῖς
892 5198 1144 5259 τοιούτοις
1187 5201 1450 5271 μηκύνων,
1511 5198 1626 5254 ἀντί
1672 5222 1775 5256 πα-

1951 5191 2167 5262 Sed,ne
2203 5192 2382 5251 tantis
2419 5189 2882 5257 immorans,tibi
2915 5189 3328 5248 ardentionem
3357 5191 3529 5250 ﬂam-

152 5281 524 5356 ρακόλοῦντος
574 5301 661 5335 και
715 5283 981 5356 κουφίζειν
1035 5290 1351 5360 πειρωμένου
1433 5297 1534 5342 τῶν
1609 5289 1754 5364 ἀλγει

1924 5295 2052 5338 1am
2067 5282 2414 5349 accendam,
2427 5280 2839 5351 carbonesque
2851 5277 3074 5336 doloris
3090 5284 3148 5337 et
3173 5280 3529 5338 calamitatis

151 5379 289 5440 νῶν,
325 5374 558 5446 γένωμαί
599 5390 684 5424 σοι
742 5368 1093 5449 σφοδροτέραν
1149 5375 1339 5447 μᾶλλον
1396 5375 1633 5432 ἀνάπτων
1685 5384 1756 5440 τὴ·

1925 5369 2157 5441 xcitem,
2191 5371 2418 5427 nedum
2464 5374 2518 5426 te
2573 5368 2854 5424 adhorter
2905 5373 2962 5424 et
3012 5370 3307 5427 consolari
3356 5371 3530 5437 nitar,

154 5461 346 5536 φλόγα
383 5482 477 5515 και
514 5466 631 5524 τοῦς
678 5460 938 5540 ἄνθρακας
995 5461 1210 5518 ἐκκαίων
1267 5474 1360 5519 τοῦ
1415 5470 1615 5532 πάθους
1688 5489 1756 5524 κα

1929 5474 2016 5515 sec
2043 5458 2582 5533 imprmsentiarum
2603 5455 2772 5512 silere
2798 5455 2987 5529 decet,
3018 5461 3074 5517 et
3100 5459 3233 5519 aliis
3259 5459 3534 5532 relinquo

152 5561 257 5614 τῆς
301 5558 600 5630 ουμφορᾶς,
622 5559 791 5609 ταῦτα
853 5557 943 5628 μὲν
997 5551 1047 5606 ἐν
1103 5562 1176 5626 τῷ
1224 5564 1310 5609 νῦν
1372 5560 1479 5610 ὄντι
1539 5564 1757 5631 σιγήσει·

1295 5577 1310 5608 ν
1372 5560 1479 5610 ὄντι
1539 5564 1660 5631 σιγή
1672 5579 1779 5614 σειν
1888 5544 2172 5606 funebres
2198 5549 2460 5622 hymnos
2491 5551 2547 5608 et
2578 5545 2900 5606 orationes.

152 5662 262 5719 μοι
293 5640 470 5716 δοκῶ,
504 5642 573 5708 εὶς
601 5642 805 5721 ἐτέρους
835 5639 893 5702 δε
920 5643 1259 5721 παραπεμψω
1287 5644 1474 5722 λόγους
1501 5645 1772 5723 μονῳδιῶν
1790 5669 1882 5708 και
1908 5640 2106 5713 θρήνων
2135 5636 2438 5713 ἔπιταφίων.
