4064 6308
571 198 708 253 1443

568 424 726 474 mea,
745 423 881 479 quas
905 421 1217 475 nunquam
1243 403 1369 458 sine
1385 400 1827 467 magnidoloris
1839 401 2056 456 affectu
2108 416 2220 455 nos

568 497 757 552 tristes
779 511 850 550 ac
879 493 1172 549 demissos
1203 491 1400 546 videre
1443 497 1546 546 aut
1590 490 1892 560 lacrymas
1957 506 2028 544 ex
2081 505 2218 544 ocu-

566 585 637 640 lis
667 585 882 639 nostris
913 583 1165 638 ﬂuentes
1209 581 1475 650 aspicere
1507 580 1855 647 sustinuisti,
1890 579 2024 633 vide
2057 593 2218 633 nunc

567 679 796 746 quanta
837 673 1138 743 patiamur
1188 689 1201 736 ;
1242 670 1377 724 vide
1410 668 1606 724 cordis
1636 669 1820 724 nostri
1846 667 2217 724 insolabilem

566 763 854 826 dolorem,
879 767 934 816 et
949 761 1077 830 jam
1095 759 1270 814 nobis
1293 760 1371 813 sis
1391 758 1522 829 ipsa
1540 757 1900 813 consolatrix
1917 755 2214 821 miranda,

567 849 1087 921 quemadmodum
1118 854 1174 902 et
1203 847 1319 902 alia
1348 847 1554 902 omnia
1600 862 1732 916 quae
1779 847 1936 901 circa
1979 851 2031 900 te
2080 852 2218 898 sunt

566 954 776 992 omnes
808 938 1075 992 miratur.
1134 935 1286 990 Nihil
1332 935 1491 989 enim
1539 951 1609 988 ex
1661 935 1790 989 aliis
1844 934 2212 1002 hominibus,

567 1032 632 1081 ut
660 1027 742 1081 ita
766 1027 982 1081 dicam.
1007 1041 1120 1079 nos
1150 1029 1343 1095 potest
1373 1023 1665 1078 consolari
1691 1028 1749 1077 et
1787 1023 2068 1090 mulcere,
2103 1024 2215 1077 nisi

567 1121 628 1171 tu
649 1115 797 1186 ipsis
835 1114 1119 1186 operibus
1154 1113 1453 1184 rebusque
1497 1111 1778 1166 ostendas
1827 1117 1880 1166 te
1929 1127 2214 1180 generose

565 1220 699 1259 eam
732 1203 880 1258 ferre
911 1219 980 1258 ac
1012 1203 1300 1257 sustinere
1331 1202 1732 1256 calamitatem
1787 1216 1924 1272 quae
1971 1207 2214 1272 propter

566 1297 623 1348 te
649 1291 824 1348 nobis
856 1297 944 1346 est
968 1291 1376 1348 intolerabilis.

639 1559 858 1627 Magna
884 1557 1044 1612 enim
1073 1556 1174 1612 illa
1203 1561 1294 1612 est
1321 1561 1377 1610 et
1407 1554 1560 1610 ultra
1600 1554 1881 1626 quamvis
1909 1557 2211 1625 cogitatio-

1773 185 2162 244 NICEPHOBI
2184 183 2446 245 CHUMNI

639 322 724 375 Tu
783 323 1008 384 autem,
1081 313 1431 386 imperatrix
1480 327 1635 376 mea,
1700 310 2052 367 dulcissima
2110 310 2214 366 lux
2247 317 2293 366 A

3805 192 3928 247 1444

2404 315 2471 363 Σὺ
2534 309 2613 380 δὲ,
2660 312 2958 386 βασίλισσά
3007 334 3128 387 μου,
3173 314 3494 386 γλυκύτατον
3561 313 3692 386 ἐμὸν
3735 322 3864 386 φῶς,
3903 317 3926 372 ἦ

2327 397 2592 471 μηδέποτε
2652 402 2863 463 ἀπαθῶς
2912 403 3246 475 ἀνασχομένη
3311 423 3399 454 και
3461 401 3699 474 μεγάλης
3770 423 3931 475 χωρίς

2329 487 2518 552 ὀδύνης
2580 499 2835 565 στυγνοὺς
2889 497 3024 566 ἡμᾶς
3073 515 3163 546 και
3207 502 3453 565 κατηφεῖς
3505 491 3658 563 ἰδεῖν,
3731 496 3765 551 ἦ
3843 490 3931 545 δά-

2326 598 2480 651 κρυον
2552 591 2651 633 τῶν
2715 584 2972 655 ἡμετέρων
3047 583 3263 635 ἐκπεσὸν
3313 581 3610 653 ὀφθαλμῶν,
3678 578 3768 634 ῐδε
3851 590 3929 632 κᾶν

2326 667 2481 720 ὁποῖα
2514 673 2815 742 πάσχομεν,
2846 692 2936 723 και
2964 677 3058 731 τὴν
3115 671 3527 744 ἀπαραμύθητον
3592 667 3800 726 ὀδύνην
3858 667 3929 722 ῗδε

2323 766 2419 818 τῆς
2446 756 2669 832 καρδίας
2701 763 2866 832 ἡμῶν,
2918 780 3006 813 και
3061 769 3213 832 γενοῦ
3261 759 3356 812 κάν
3408 763 3572 830 τούτῳ
3647 761 3925 830 θαυμαστή

2323 865 2400 906 τις
2460 853 2780 921 παρήγορος,
2841 851 2907 909 ὡς
2960 869 3050 901 και
3099 849 3261 901 τᾶλλα
3311 850 3482 900 πάντα
3536 851 3732 907 πάντες
3815 849 3926 899 Gav-

2323 937 2559 1006 μάςουσι
2595 941 2662 989 τὰ
2696 941 2829 990 κατὰ
2871 944 2928 990 σέ
2962 960 2975 971 ·
3005 938 3113 990 ἐπεί
3142 934 3272 1010 μηδ’
3300 941 3439 989 ἔστιν
3467 937 3651 1004 ἄλλος,
3692 939 3771 998 ὡς
3819 939 3926 993 ἔπος

2324 1024 2500 1081 εἰπεῖν,
2549 1025 2597 1076 ἐν
2658 1025 2942 1098 ἀνθρώποις
3006 1032 3193 1101 τρόπος
3251 1033 3386 1098 ημᾶς
3449 1023 3754 1098 δυνάμενος
3843 1046 3924 1077 πα-

2321 1115 2738 1184 ραμυθήσασθαι
2793 1134 2884 1166 και
2937 1115 3321 1186 παρακαλέσαι,
3374 1117 3418 1167 εἰ
3462 1120 3534 1185 μή
3586 1119 3659 1166 σὺ
3749 1111 3927 1176 δείξεις

2322 1201 2500 1262 αὐτοῖς
2526 1205 2696 1276 ἔργοις
2733 1224 2824 1255 και
2870 1207 3167 1277 πράγμασι,
3227 1224 3316 1255 και
3371 1207 3446 1276 μή
3489 1205 3706 1277 ῥήμασι
3763 1210 3930 1274 μόνοις

2319 1309 2408 1342 και
2470 1291 2666 1362 λόγοις,
2719 1295 2800 1344 ὅτι
2857 1299 3098 1364 γενναίως
3145 1311 3234 1344 και
3289 1300 3554 1366 καρτερείς
3590 1313 3686 1344 και
3762 1295 3934 1363 6:0?!-

2319 1398 2428 1452 ρεις
2486 1383 2649 1438 αὐτὴν
2707 1379 2775 1439 δὴ
2834 1386 3051 1447 ταύτην,
3099 1387 3191 1441 τὴν
3255 1379 3348 1434 διὰ
3424 1385 3505 1449 σε,
3572 1381 3934 1434 ἀνυπόστατον

2320 1471 2462 1539 ἡμῖν,
2499 1471 2787 1542 συμφοράν.

2393 1557 2562 1616 Πολλῆ
2595 1562 2684 1630 μὲν
2717 1561 2849 1617 αὕτη
2891 1580 2980 1612 και
3032 1559 3232 1633 μεγάλη
3292 1579 3384 1611 και
3437 1558 3745 1631 ὑπερϐολῆς
3812 1559 3932 1611 ἐπέ-

570 1663 710 1703 nem
732 1647 858 1716 ,sed
881 1653 935 1701 et
958 1645 1149 1700 multa
1170 1649 1288 1700 tua:
1309 1644 1524 1698 animae
1546 1644 1638 1698 vis
1659 1644 2000 1700 christiana.
2025 1645 2212 1700 multa

2327 1665 2421 1707 σης
2454 1648 2726 1698 ἕπέκεινα’
2766 1647 2896 1700 ἀλλὰ
2922 1669 3013 1702 και
3069 1649 3229 1710 πολὺς
3290 1651 3318 1701 ὁ
3369 1656 3466 1709 τῆς
3514 1656 3620 1708 σῆς
3671 1667 3928 1722 Loca-.m-

570 1743 627 1790 et
656 1735 842 1806 pietas
875 1741 976 1789 tua
1006 1749 1199 1805 neque
1230 1732 1350 1787 ulla
1379 1734 1605 1788 ratione
1653 1733 1868 1795 minor,
1925 1733 2109 1788 multa
2158 1739 2215 1789 et

569 1839 794 1892 magna
824 1831 924 1878 tua
974 1825 1032 1878 in
1074 1823 1261 1878 Deum
1313 1821 1554 1877 ﬁducia.
1615 1823 1846 1886 Quanta
1883 1829 1940 1878 et
2000 1823 2213 1893 qualis,

567 1929 753 1985 quam
777 1912 951 1967 ﬁrma
975 1916 1031 1966 et
1055 1929 1263 1976 secura
1289 1918 1392 1966 tua
1412 1912 1472 1966 in
1499 1911 1940 1967 sanctissimam
1960 1913 2089 1983 ejus
2106 1915 2216 1968 Ma-

564 2007 713 2057 trem
737 2017 874 2072 spes
899 2001 912 2054 !
939 2004 1131 2069 Potes,
1169 2001 1218 2055 si
1237 2000 1407 2066 velis,
1433 2000 1652 2056 multas
1670 2000 1818 2055 alias
1837 2016 2215 2072 magnasque

560 2091 821 2158 cogitare
851 2094 907 2144 et
930 2094 1205 2161 reputare
1234 2105 1453 2144 causas
1506 2088 1866 2144 Benet‘actori
1917 2095 1973 2143 et
2020 2089 2216 2144 Salva-

561 2180 666 2235 tori
713 2179 943 2233 Christo
998 2178 1222 2247 gratias
1279 2177 1498 2248 agendi
1559 2194 1819 2249 eumque
1875 2177 2212 2233 conﬁtendi.

562 2267 739 2323 simul
760 2273 815 2322 et
847 2267 1061 2322 solatia
1104 2271 1158 2321 et
1220 2267 1660 2338 perfectissima
1715 2266 2019 2334 refrigeria
2060 2267 2215 2321 acci-

561 2355 782 2426 piendi.
818 2353 1063 2408 Multum
1089 2359 1256 2424 potes
1286 2359 1342 2408 et
1373 2353 1433 2408 in
1465 2354 1514 2424 ej
1528 2370 1594 2407 us
1630 2353 2037 2408 misericordia
2075 2353 2217 2409 inef-

559 2442 722 2497 fabili
748 2448 804 2496 et
835 2439 1568 2506 inenarrabiliconﬁdere.
1617 2444 1761 2496 Ecce
1803 2441 1908 2496 tibi
1947 2442 2214 2513 optimus

563 2545 630 2583 ac
664 2529 965 2599 piissimus
992 2528 1341 2598 imperator.
1367 2543 1503 2583 ecce
1535 2529 1800 2599 piissima
1840 2536 1896 2584 et
1933 2531 2218 2585 amantis-

561 2617 715 2672 sima
747 2620 998 2671 Domtna
1025 2620 1081 2670 et
1111 2617 1483 2686 imperatrix,
1507 2620 1904 2686 nostra,vices
1935 2619 2119 2690 patris
2146 2636 2216 2674 ac

559 2706 767 2762 matris
792 2721 936 2775 erga
966 2711 1019 2760 te
1058 2713 1292 2777 gerunt,
1346 2712 1404 2760 et
1459 2707 1566 2761 tibi
1617 2723 1677 2762 se
1732 2713 2035 2778 praestant,
2087 2713 2216 2763 tan-

559 2811 747 2868 quam
776 2795 888 2866 ipsi
912 2800 968 2850 te
1005 2794 1377 2862 genuissent.
1413 2794 1496 2850 lta
1537 2811 1782 2851 omnem
1832 2797 1892 2851 in
1927 2803 1981 2853 te
2035 2812 2214 2854 suam

560 2899 768 2938 curam
791 2883 1168 2954 impendunt.

2322 1738 2504 1806 νισμός
2556 1735 2759 1806 ψυχῆς,
2828 1736 2986 1795 πολλὴ
3046 1757 3135 1790 και
3197 1740 3230 1795 ἠ
3288 1735 3526 1790 εὐλάϐεια
3601 1757 3695 1789 και
3761 1735 3928 1808 μηδε-

2324 1829 2447 1893 μίαν
2495 1823 2780 1896 ὑπερϐολὴν
2862 1824 3236 1890 ἀπολείπουσα,
3294 1825 3454 1883 πολλὴ
3548 1844 3644 1876 και
3735 1826 3928 1896 μεγάλη

2326 1931 2413 1962 και
2443 1913 2472 1968 ἡ
2516 1916 2643 1986 πρὸς
2688 1917 2818 1966 Θεὸν
2873 1917 3206 1975 πεποίθησις.
3268 1914 3404 1972 ⁸Οση
3467 1910 3526 1965 δὶ
3571 1933 3666 1965 και
3722 1914 3817 1966 οἱα
3863 1917 3933 1981 (1)

2327 1998 2518 2072 βεϐαία
2547 2021 2638 2053 και
2706 2001 2940 2075 ἀσφαλὴς
2987 2023 3077 2055 και
3121 2005 3150 2061 ἡ
3212 2007 3343 2077 πρὸς
3399 2007 3490 2060 τὴν
3532 2009 3935 2075 πυωτέρα-ρω

2326 2089 2486 2141 αὐτοῦ
2507 2095 2708 2163 μητέρα
2764 2090 2909 2153 ἐλπίς
2941 2093 2952 2146 l
2984 2098 3187 2162 Ἔχεις,
3231 2092 3276 2144 εἰ
3328 2090 3525 2164 βούλει,
3583 2111 3677 2142 και
3752 2092 3934 2152 πολλὰς

2327 2177 2504 2252 ἐτέρας
2567 2199 2658 2230 και
2704 2181 2932 2250 μεγάλας
2984 2181 3055 2242 εἰς
3101 2189 3217 2235 νοῦν
3273 2179 3530 2253 βαλέσθαι
3597 2200 3695 2231 και
3755 2180 3934 2232 ἀναλο-

2327 2269 2581 2336 φίσασθαι
2622 2270 2715 2329 τὰς
2768 2267 3004 2341 ἀφορμὰς
3067 2273 3190 2343 πρὸς
3231 2269 3585 2342 εὐχαριστίαν
3631 2288 3733 2320 και
3795 2269 3934 2320 ἐνθο-

2326 2354 2615 2426 μολόγησιν
2669 2357 2826 2409 αὐτοῦ
2873 2366 2965 2409 τοῦ
3016 2359 3286 2432 εὐεργέτου
3340 2377 3430 2409 και
3485 2366 3734 2432 σωτῆρος
3803 2367 3933 2430 3.9:-

2327 2452 2476 2509 στοῡ,
2509 2444 2619 2517 ἃμα
2641 2443 2700 2498 δε
2743 2467 2835 2498 και
2895 2451 3028 2521 πρὸς
3077 2449 3410 2520 παραμυθίαν
3447 2433 3563 2502 ’σὺν
3613 2466 3713 2498 και
3759 2447 3930 2499 τελεω-

2327 2535 2487 2590 τάτην
2553 2535 2907 2610 παράκλησιν.
2973 2536 3150 2608 Ἔχεις
3238 2557 3328 2588 και
3419 2535 3694 2609 θαρρῆσαι
3785 2536 3930 2587 πολλὰ

2323 2643 2413 2674 και
2441 2623 2641 2693 μεγάλα
2702 2628 2787 2676 ἐπί
2842 2633 2916 2677 τῶ
2970 2625 3094 2678 ελέει
3165 2645 3257 2677 και
3317 2632 3422 2686 τοῖς
3489 2627 3798 2697 ἀφράστως
3851 2645 3928 2675 και

2327 2706 2726 2782 ἀνεκδιηγὴτοις
2777 2714 3070 2787 οἰκτιρμοῖς
3118 2715 3299 2766 αὐτοῦ.
3354 2710 3496 2765 Ἰδού
3547 2731 3635 2764 σοι
3697 2733 3794 2765 και
3837 2713 3925 2784 ῥίς

2327 2796 2500 2860 σιλεύς
2553 2803 2579 2851 ό
2637 2801 3124 2875 φιλανθρωπότατος
3174 2806 3376 2855 πάντων
3429 2821 3521 2853 και
3585 2802 3923 2876 φιλόχρηστό-

2324 2904 2494 2952 τατος,
2544 2886 2661 2941 ἰδοὺ
2692 2911 2783 2943 xm
2819 2894 2848 2949 ἡ
2900 2895 2986 2944 τὸν
3039 2891 3152 2945 ἴσον
3203 2896 3394 2966 τρόπον
3470 2890 3920 2962 φιλοχριστοτὲτη

560 2993 650 3024 xm
691 2974 1101 3043 συμπαθεστάτη
1123 2967 1373 3023 δέσποινα
1391 2991 1482 3023 xm
1505 2970 1718 3044 βασιλίς
1747 2974 1912 3045 ἡμῶν,
1967 2972 2079 3024 ἀντι
2103 2977 2299 3045 πατρὸς
2321 2976 2385 3025 τὰ
2414 2978 2583 3028 πάντα
2613 2998 2702 3030 και
2726 2985 2946 3054 μητρὸς,
2972 3000 3063 3032 xm
3081 2985 3312 3052 γίνονταί
3340 2998 3422 3032 σοι
3444 2997 3535 3030 και
3589 2982 3659 3038 ὡς
3702 2985 3924 3048 γνησίως

558 3075 810 3129 τεκόντες.
851 3072 1000 3119 Οὗτω
1028 3063 1062 3118 δ
1067 3072 1095 3126 ὴ
1125 3087 1215 3118 xm
1243 3074 1410 3120 πᾶσον
1441 3065 1694 3140 φροντίδα
1731 3078 1830 3120 τῶν
1861 3073 1993 3121 κατὰ
2026 3073 2082 3122 σε
2100 3077 2389 3125 ποιοῦνται.

631 3160 752 3226 Ego
783 3173 944 3222 vero,
976 3164 1034 3212 et
1058 3173 1191 3229 quae
1218 3163 1272 3212 te
1303 3159 1510 3227 genuit
1558 3165 1767 3223 mater,
1793 3164 1850 3214 et
1877 3159 2082 3213 fratres
2111 3159 2214 3218 tui,
2259 3159 2298 3212 C

558 3245 707 3301 illud
733 3251 788 3300 et
817 3245 1096 3298 volumus
1126 3252 1182 3300 et
1203 3262 1439 3317 semper
1468 3262 1613 3316 erga
1641 3253 1696 3301 te
1726 3248 1949 3302 erimus
1971 3246 2138 3318 quod
2161 3248 2218 3301 et

561 3335 696 3404 ipsa
716 3333 878 3387 voles
900 3339 954 3387 et
975 3333 1198 3403 cupies,
1225 3341 1328 3388 aut
1349 3335 1516 3405 quod
1550 3342 1628 3401 tu,
1654 3341 1946 3406 tanquam
1971 3336 2219 3393 domina

557 3422 826 3491 jusseris,
857 3426 910 3473 et
945 3427 995 3474 te
1017 3422 1484 3480 Circumdantes.
1509 3430 1570 3478 ut
1627 3425 1880 3494 quidam
1931 3427 2104 3491 servi,
2135 3427 2196 3481 in

563 3508 846 3564 omnibus
897 3507 999 3562 tibi
1074 3509 1427 3565 omnimodo
1480 3513 1696 3567 servire
1750 3514 2214 3596 festinabimus;

564 3596 829 3667 nihilque
848 3612 1044 3650 eorum
1069 3598 1344 3668 quaeipsa
1369 3599 1643 3666 volueris,
1663 3617 1783 3656 non
1809 3601 2218 3667 fiet,dummo-

563 3685 642 3740 do
668 3701 776 3740 nos
802 3684 1032 3739 efﬁcere
1071 3685 1458 3755 potuerimus.
1489 3688 1756 3744 Concede
1785 3697 2012 3746 tantum
2042 3693 2217 3748 nobis

563 3780 629 3829 ut
657 3773 822 3828 omni
855 3773 1084 3827 tristitia
1112 3789 1182 3830 ac
1225 3773 1587 3830 demissione
1627 3785 1929 3848 expertem
1987 3779 2215 3836 vultum

564 3867 732 3917 tuum
753 3863 1111 3932 intueamur,
1147 3868 1310 3918 tuam
1343 3863 1784 3921 festivissimam
1817 3867 2095 3936 formam,
2125 3886 2214 3925 se-

560 3951 904 4005 renissimos
952 3955 1008 4004 et
1037 3951 1449 4006 ornatissimos
1480 3957 1614 4007 tuos
1649 3970 1864 4016 mores,
1915 3961 2050 4012 tuos
2088 3957 2213 4012 dul-

563 4039 836 4094 cissimos
863 4045 919 4094 et
947 4055 1151 4094 amore
1175 4041 1273 4094 Dei
1304 4041 1514 4112 plenos
1544 4044 1751 4099 oculos
1778 4063 1791 4102 ;
1823 4044 1916 4100 fac
1941 4052 2001 4101 ut
2019 4047 2213 4102 videa-

562 4145 699 4184 mus
760 4127 1127 4182 subridentia
1177 4134 1277 4183 tua
1331 4129 1549 4198 labia;
1614 4138 1670 4186 et
1720 4134 1884 4203 quod
1948 4145 2216 4208 superest

562 4221 798 4285 tempus
825 4231 1002 4270 omne
1033 4216 1209 4270 nobis
1241 4231 1362 4271 non
1390 4233 1668 4273 amarum
1708 4221 1834 4275 erit.
1873 4224 1991 4278 Hoc
2030 4227 2212 4283 modo

559 4303 736 4358 nobis
758 4318 1000 4357 omnem
1019 4309 1182 4359 tuam
1205 4321 1348 4374 erga
1362 4321 1472 4360 nos
1493 4307 2213 4379 caritatemﬂdilectionem-

562 4407 680 4461 que
710 4391 958 4445 ostende
988 4409 1002 4457 ;
1032 4393 1145 4447 hoc
1175 4394 1358 4448 modo
1390 4402 1667 4465 parentes
1700 4403 1834 4453 tuos
1862 4400 2042 4457 solari
2071 4405 2210 4461 velis

2401 3167 2516 3232 Εγώ
2548 3160 2628 3226 δε,
2672 3185 2762 3216 xm
2816 3168 2844 3224 ἡ
2895 3169 3196 3238 γεννήσασα
3259 3185 3320 3218 σε
3366 3171 3562 3238 μήτηρ,
3619 3183 3721 3216 και
3783 3161 3928 3216 ἀδελ-

2330 3257 2414 3320 φοί
2438 3253 2537 3320 (2),
2563 3258 2721 3305 ἐκεῖνο
2748 3274 2837 3306 xm
2866 3254 3164 3327 βουλόμεθα
3208 3275 3296 3306 και
3352 3251 3446 3305 διὰ
3497 3258 3705 3315 παντὸς
3776 3255 3930 3326 ὑπεὶρ·

2330 3347 2477 3420 ξομεν
2527 3355 2654 3423 πρὸς
2731 3356 2787 3405 σε
2831 3355 2952 3404 ὅσον
3009 3352 3069 3405 ἂν
3128 3357 3216 3404 καὶ
3272 3352 3398 3407 αὐτή
3462 3349 3795 3422 βουληθείης
3854 3356 3932 3400 καὶ

2329 3434 2651 3509 ἀγαπήσαις,
2698 3443 2726 3497 ἡ
2759 3446 2870 3507 καὶ,
2913 3443 2979 3502 ὡς
3021 3447 3197 3515 κυρία,
3254 3439 3604 3514 προστάξαις,
3675 3444 3772 3490 καὶ
3857 3443 3935 3489 νιν⁸

2327 3524 2430 3596 κλῳ
2461 3533 2578 3596 περὶ
2639 3531 2695 3580 σε
2755 3536 3087 3603 στρεφόμενοι
3144 3534 3241 3598 αεὶ,
3290 3532 3362 3588 ὡς
3399 3525 3583 3580 δοῦλοι
3645 3525 3720 3585 δὴ
3795 3548 3936 3593 τινες,

2325 3617 2497 3668 πάντα
2521 3621 2612 3668 καὶ
2677 3615 3048 3690 σπουδάσομεν
3122 3618 3177 3671 ἐκ
3232 3621 3426 3678 παντὸς
3482 3620 3689 3690 τρόπου
3748 3619 3936 3688 προθ-Σ-

2327 3725 2438 3776 μως
2503 3707 2820 3779 θεραπεῦσαι
2883 3730 2896 3740 ·
2946 3713 3037 3759 καὶ
3091 3705 3240 3760 οὐδὲν
3290 3703 3540 3777 οὐδαμῶς
3595 3708 3757 3758 ἔσται
3847 3715 3932 3756 τῶν

2327 3801 2430 3845 σῶν
2488 3794 2784 3867 θελημάτων
2841 3795 3128 3863 ἀτέλεστον,
3186 3798 3329 3869 ἡμῶν
3410 3795 3682 3867 ἐκπυροῦν
3781 3792 3934 3848 δυνα-

2325 3887 2510 3952 μένων.
2548 3889 2712 3936 Μόνον
2741 3881 2899 3937 δίδου
2965 3889 3089 3958 ἡμῖν
3161 3885 3305 3944 ἐκτὸς
3377 3887 3558 3944 πάσης
3607 3887 3929 3958 σκυθρωποο

2322 3990 2473 4031 τητος
2521 3978 2609 4024 καὶ
2666 3979 2948 4045 κατηφείας
2995 3978 3052 4026 τὸ
3098 3977 3187 4026 σόν
3215 3973 3387 4046 ἐνορᾷν
3435 3977 3752 4043 πρόσωπον,
3845 3978 3926 4028 ris

2326 4062 2423 4115 σὴν
2485 4063 2809 4132 ὡραιοτάτην
2862 4067 3084 4135 μορφὴν,
3134 4065 3192 4113 τὸ
3239 4061 3587 4130 γαληνότατον
3664 4080 3759 4111 και
3849 4079 3924 4110 κε-

2326 4155 2616 4218 σμιώτατον
2658 4146 2797 4218 ἦθος,
2837 4154 2958 4210 τούς
3003 4149 3361 4220 γλυκυτάτους
3414 4154 3504 4198 καὶ
3563 4147 3735 4218 φόϐου
3799 4155 3922 4202 Θεό-,ἰ

2321 4242 2573 4308 γέμοντας
2602 4238 2896 4310 ὀφθαλμούς
2926 4261 2937 4271 ι
2992 4235 3086 4300 δὸς
3136 4243 3224 4290 καὶ
3279 4233 3679 4309 ὑπομειδιῶντα
3736 4242 3804 4289 τὰ
3865 4240 3924 4288 πὶ

2322 4326 2475 4396 χείλη
2506 4325 2778 4380 κατιδεῖν·
2835 4333 2924 4379 καὶ
2985 4335 3076 4379 τοῦ
3127 4327 3309 4378 λοιποῦ
3363 4328 3388 4377 ὁ
3447 4332 3553 4387 πᾶς
3596 4327 3730 4398 ἡμῖν
3782 4331 3922 4378 ἔσται

2319 4421 2513 4488 χρόνος
2554 4413 2704 4467 οὐδὲν
2749 4413 3019 4490 ὀδυνηρὸς.
3071 4419 3155 4468 Ἐν
3211 4419 3372 4486 τούτῳ
3438 4423 3511 4486 τῷ
3565 4420 3750 4486 τρόπῳ
3836 4421 3922 4472 τήν

560 4494 813 4548 reapse;
845 4479 957 4534 hoc
984 4481 1164 4535 modo
1194 4489 1408 4536 nostrae
1464 4487 1722 4557 propriae
1774 4487 1900 4541 vitae
1939 4492 2212 4550 auxiliari

2327 4503 2444 4562 ὅλην
2478 4509 2596 4580 περὶ
2627 4507 2766 4578 ἡμᾶς
2799 4501 2966 4567 δεῖξον
2998 4503 3203 4576 ἀγάπην
3243 4509 3340 4560 σὴν
3373 4509 3462 4555 καὶ
3512 4512 3749 4575 στοργήν
3812 4527 3826 4536 ο
3877 4504 3919 4554 ὸ

562 4583 752 4623 cures.
784 4567 956 4622 Vides
997 4569 1154 4623 enim
1187 4575 1252 4624 ut
1282 4587 1404 4642 prae
1436 4573 1641 4630 dolore
1672 4575 2035 4635 dissolvatur
2081 4582 2209 4652 jam

563 4674 634 4714 ac
662 4656 905 4722 deﬂuat,
935 4662 991 4712 et
1019 4658 1094 4713 ad
1128 4659 1428 4716 interitum
1460 4663 1758 4720 decurrat.

2321 4596 2488 4665 τούτῳ
2537 4597 2651 4654 τοὺς
2692 4612 2749 4646 σε
2799 4600 3041 4656 τεκόντας
3095 4595 3590 4668 παραμυθήσασθαι
3651 4613 3743 4644 και
3793 4591 3919 4664 βου-

2321 4680 2508 4740 nam
2536 4703 2626 4734 και
2673 4681 2868 4755 πρᾶξον
2909 4703 2922 4715 ο
2983 4681 3030 4732 ἐν
3083 4683 3246 4752 τούτῳ
3297 4677 3601 4733 σπούδασοι
3663 4687 3752 4733 καὶ
3800 4681 3916 4751 $0:-

565 4749 726 4844 θῆσαξ
755 4755 814 4819 τῇ
851 4747 1074 4820 ἡμετέρᾳ
1106 4748 1237 4820 ζωῇο
1266 4749 1422 4820 Ὀράς
1453 4756 1541 4803 καὶ
1559 4755 1660 4827 ’γὰρ
1693 4755 1832 4815 ὅπως
1860 4757 1960 4808 ὑπὸ
1986 4767 2079 4810 τοῦ
2102 4765 2298 4829 πάθους
2331 4769 2564 4824 ἐκλύεται
2632 4767 2741 4830 ἤδη
2789 4775 2877 4822 καὶ
2921 4770 3176 4844 ὑπορρὲει,
3233 4775 3320 4821 καὶ
3375 4772 3748 4841 καθυπάγεται
3797 4775 3914 4842 τεοὺς

602 4838 780 4892 ϐοράν,

602 4856 657 4888 UO
695 4857 780 4892 αν,

562 4856 594 4908 φ
633 4856 748 4980 [ρει
776 4929 919 4980 este
945 4925 1109 4982 caelis
1133 4942 1170 4982 a
1205 4929 1322 4983 Deo
1372 4927 1514 4984 data
1557 4946 1627 4985 ac
1678 4931 1856 4988 simul
1912 4935 2202 5008 humana,

563 5013 739 5067 uttilii
757 5015 1123 5086 adimpleant
1137 5017 1436 5089 quidquid
1453 5018 1741 5076 voluerint
1758 5030 2058 5094 parentes,
2089 5027 2207 5084 sive

562 5115 876 5170 magnum,
911 5103 1034 5159 sive
1056 5121 1333 5176 parvum.
1368 5108 1433 5162 Et
1459 5107 1640 5178 hujus
1682 5108 1829 5180 legis
1869 5112 2208 5172 observatio

637 5293 716 5366 (1)
746 5293 941 5351 Malim
969 5295 1074 5368 οἷα,
1105 5299 1501 5357 adverbialier
1528 5319 1638 5374 pro
1667 5306 1738 5365 ὡς
1784 5303 1994 5377 βεϐαία,
2025 5325 2207 5379 quam

558 5364 958 5507 ﬂrgfﬁorum
991 5454 1151 5495 unus
1196 5439 1584 5500 fuitJoannes
1625 5445 1953 5504 Chumnus.

2390 4956 2561 5022 Νόμός
2598 4949 2786 5002 ἄνωθεν
2844 4953 2934 5001 καὶ
2985 4945 3256 5020 δεδομένος
3312 4951 3460 5021 παρὰ
3519 4946 3658 5002 Θεοῦ
3711 4955 3800 5001 καὶ
3843 4948 3911 4998 ab-

2320 5041 2593 5112 θρὼπινος,
2625 5041 2794 5092 πάντα
2823 5043 2911 5090 καὶ
2964 5041 3130 5111 μικρὰ
3183 5042 3272 5089 καὶ
3315 5039 3508 5108 μείζω,
3564 5041 3672 5091 ὅσα
3715 5036 3782 5096 δή
3835 5041 3908 5088 καὶ

2319 5128 2596 5202 βούλονται
2624 5133 2859 5203 πατέρες,
2908 5125 3122 5200 ὀφείλειν
3302 5124 3506 5188 παῖδας
3545 5134 3670 5189 τοὺς
3729 5128 3785 5191 ἐξ
3838 5127 3909 5177 τὶ-

2317 5309 2480 5436 aJ_(3()1
2516 5310 2692 5364 Deest
2744 5308 2949 5364 forsan
2996 5304 3251 5362 verbum
3315 5307 3594 5380 πράττειν,
3664 5313 3772 5366 aut
3816 5304 3904 5362 tale

2378 5397 2436 5436 iu
2487 5421 2502 5436 .

2378 5397 2502 5436 ιυα.
