4064 6308
194 234 311 288 1445

1232 241 1460 298 SERMO
1496 238 2071 302 CONSOLATORIUS
2098 248 2196 303 AD
2227 246 2479 303 FILIAM.

3374 252 3509 309 1446

188 366 292 415 τῶν,
330 362 425 412 Καὶ
479 361 511 418 ἡ
571 367 664 412 τοῦ
713 364 873 433 νόμου
927 359 1085 416 τοῦδε
1130 369 1352 437 τήρησις
1393 365 1579 426 πολλὰς
1644 369 1737 437 ἔχε

1864 367 2083 425 multas
2120 376 2176 427 et
2199 373 2365 444 apud
2390 375 2577 429 Deum
2605 370 2788 427 habet
2816 373 3330 431 remunerationes
3356 394 3375 447 ;
3404 376 3511 432 sed

187 453 264 500 καὶ
290 449 405 523 παρ’
433 448 575 519 αὐτῷ
633 459 749 520 Θεῷ
800 457 1035 524 κειμένας
1097 458 1185 514 τὰς
1239 454 1457 526 ἀμοιϐάς
1491 474 1502 485 ·
1545 456 1602 508 οὐ
1653 463 1757 529 μήν

187 535 296 588 ἀλλὰ
346 541 434 589 καὶ
480 539 745 612 ἄνθρωποι
799 538 950 593 οὐδὲν
1030 540 1188 595 τουδε
1250 551 1574 618 τιμιώτερον,
1633 542 1758 598 οὐδέ

183 646 232 696 γε
303 634 525 698 κρεῖττον
597 628 664 688 εἰς
714 628 899 703 ἀρετῆς
954 629 1125 702 λόγον,
1187 633 1485 703 νομίξουσι.
1550 637 1755 692 Ταύτην

183 720 264 772 τὴν
323 714 523 786 ὀφειλὴν
591 713 788 779 ἀπόδος
846 721 991 790 ἡμῖν,
1059 722 1090 778 η
1141 725 1234 778 τὴν
1287 727 1460 773 πᾶσαν
1514 718 1754 779 σπουδὴν

184 807 296 874 πρὸς
344 803 653 876 ἐκπλέρωσιν
734 816 831 858 τῶν
887 816 979 859 του
1032 816 1166 860 Θεοῦ
1248 813 1413 881 νόμων
1482 815 1573 861 καὶ
1656 818 1753 862 τῶν

180 891 478 965 ἐνταλμάτων
586 895 775 946 αὐτοῦ’
829 896 1273 968 καταϐαλλομένη,
1354 904 1444 951 καὶ
1530 902 1600 961 ὡς
1691 897 1752 950 ἂν

179 981 222 1034 ἐν
272 989 395 1035 πᾶσι
455 986 740 1058 θεραπεύης
789 985 962 1041 αὐτόν.
1022 986 1101 1041 Ἐν
1156 993 1240 1040 σοὶ
1299 993 1389 1057 καὶ
1445 989 1609 1059 ζωμιν
1661 993 1752 1041 καὶ

176 1077 365 1142 πνέομεν
410 1078 501 1124 καὶ
566 1075 643 1125 ἔτι
690 1077 748 1124 τὸ
806 1083 912 1146 φῶς
972 1076 1189 1149 ὁρῶμεν,
1271 1081 1360 1128 καὶ
1443 1077 1570 1148 οὐχὶ
1651 1080 1748 1130 πά-

600 1164 712 1234 άμα
816 1173 887 1234 τῷ
968 1166 1122 1217 πάθει
1199 1164 1564 1237 ἀποϐαλόμεθα
1661 1168 1751 1226 τὰς

527 1249 642 1304 οὐδ’
722 1252 995 1326 ἐξέστημεν
1100 1253 1313 1316 ἀπάσης
1399 1258 1596 1326 φρενός,
1691 1254 1750 1307 Εἰ

175 1346 286 1407 γοῦν
313 1359 397 1391 και
448 1341 524 1392 ἔτι
582 1340 759 1413 βούλει
812 1343 1005 1403 ζῶντας
1036 1339 1165 1395 εἶναι
1213 1348 1302 1394 καὶ
1342 1342 1749 1413 αἰσθανομένους

180 1180 265 1222 σας
344 1161 393 1213 εὖ
401 1163 490 1223 θὺς

176 1250 447 1315 αἰσθήσεις,

174 1429 311 1498 ἡμᾶς,
374 1430 532 1483 αὐτοῦ
572 1427 640 1488 δὴ
686 1434 873 1483 τούτου
938 1437 1145 1504 πρώτου
1198 1437 1287 1483 καὶ
1338 1431 1747 1485 ἐπαισθάνεσθαι

1862 471 2063 511 revera
2126 460 2403 517 homines
2440 459 2586 516 nihil
2641 459 3080 529 honorabilius,
3136 462 3287 519 nihil
3309 464 3371 520 in
3397 467 3513 520 vir-

1863 545 1999 599 tutis
2020 561 2273 604 numero
2321 549 2638 621 pretiosius
2688 563 2823 603 esse
2865 548 3137 607 credunt.
3187 558 3306 608 Hoc
3331 552 3506 609 vobis

1861 633 2123 689 debitum
2152 636 2335 694 solve.
2379 654 2516 709 quas
2559 636 2801 692 sollicite
2853 653 3063 692 omnes
3113 640 3211 695 Dei
3240 640 3403 710 leges
3437 659 3508 699 ac

1860 731 2158 795 praecepta
2181 725 2497 796 adimples,
2529 731 2593 781 ut
2612 725 2673 780 in
2703 725 2985 781 omnibus
3007 727 3060 781 ei
3082 729 3324 784 servias.
3360 733 3423 786 In
3452 738 3506 787 te

1858 810 2017 865 enim
2039 816 2096 866 et
2118 812 2396 880 vivimus,
2416 818 2473 869 et
2486 813 2876 884 respiramus,
2900 819 2957 868 et
2976 815 3178 871 lumen
3206 816 3504 889 videmus,

1856 902 1914 952 et
1951 900 2222 956 nondum
2256 918 2467 957 omnes
2488 917 2627 957 cum
2679 901 2885 958 dolore
2920 918 3130 958 sensus
3166 905 3505 977 rejecimus,

1854 1002 1965 1042 nec
1994 990 2162 1044 omni
2186 997 2385 1047 mente
2440 991 2791 1046 defecimus.
2847 991 2902 1046 Si
2952 992 3130 1061 igitur
3181 995 3352 1065 cupis
3391 1012 3505 1052 nos

1854 1075 2054 1131 adhuc
2101 1078 2299 1133 vivere
2349 1094 2421 1134 ac
2496 1093 2709 1134 sensus
2748 1079 3021 1150 experiri,
3053 1085 3158 1136 tuo
3210 1095 3507 1151 generoso

1853 1164 2060 1220 animo
2088 1164 2185 1222 fac
2208 1182 2320 1223 nos
2361 1168 2887 1236 generosissimam
2939 1174 3107 1223 tuam
3154 1170 3504 1241 patientiam

1855 1253 2092 1308 sentire.
2127 1256 2317 1319 Quam
2338 1261 2538 1311 autem
2562 1271 2696 1310 eam
2725 1256 2863 1311 dico
2903 1255 3206 1312 ?Ostende
3235 1259 3505 1314 animam

1855 1347 2020 1397 tuam
2047 1344 2213 1398 omni
2241 1345 2654 1417 desperatione
2700 1360 2770 1400 ac
2809 1346 3210 1402 amaritudine
3250 1348 3504 1405 liberam

1854 1444 2024 1495 esse;
2057 1436 2115 1486 et
2163 1432 2213 1486 si
2256 1447 2393 1487 eam
2415 1433 2592 1488 nobis
2643 1433 2901 1503 gratiam
2954 1434 3248 1507 largiaris,
3305 1442 3361 1493 te
3393 1453 3505 1493 nos

166 1520 286 1586 μετὰ
342 1525 573 1589 γενναίου
648 1520 842 1593 πρᾶξον
902 1529 994 1573 τοῦ
1044 1526 1388 1593 φρονὸματος,
1453 1523 1739 1591 γενναιοτά-

1852 1517 1977 1587 jam
1994 1524 2262 1575 mortuos
2277 1520 2701 1577 viviﬁcaturam
2714 1538 2846 1577 esse
2864 1522 3031 1593 scito,
3046 1524 3346 1597 nobisque
3356 1526 3504 1581 nihil

165 1626 249 1666 της
294 1613 379 1660 καὶ
429 1616 526 1669 τῆς
575 1614 852 1683 καρτερίας
916 1632 928 1643 ·
984 1616 1121 1670 ⁴τίνος
1168 1607 1236 1668 δὴ
1290 1610 1466 1680 M7»;
1516 1608 1743 1681 ἀθυμίας

159 1698 325 1757 πάσης
361 1702 451 1749 καὶ
479 1703 692 1772 πικρίας
734 1697 1075 1770 ἀπηλλάχθαι
1112 1704 1206 1757 τὴν
1259 1703 1356 1757 σὴν
1385 1698 1572 1769 ψυχήν
1606 1719 1619 1730 ·
1650 1702 1740 1750 καὶ

158 1783 204 1834 εὶ
241 1792 384 1836 τούτο
429 1790 555 1857 πρὸς
603 1786 897 1861 εὐεργεσίαν
950 1785 1093 1858 δῴης
1140 1790 1265 1859 ἡμῖν
1319 1793 1409 1839 καὶ
1458 1791 1738 1858 χαρίσαιο,

158 1871 395 1941 ζωώσεις,
451 1871 505 1926 εὖ
582 1876 714 1945 ἴσθι,
772 1878 1116 1950 νεκρωθέντας
1166 1872 1298 1937 ἤδη,
1356 1880 1457 1928 καὶ-
1489 1871 1640 1926 οὐδὲν
1666 1877 1740 1927 ἔτι

152 1960 320 2012 λοιπὸν
340 1960 386 2012 ἐν
424 1971 496 2033 τῷ
532 1961 636 2035 βίῳ
693 1968 858 2035 τούτῳ
895 1969 1081 2039 πικρόν
1132 1965 1258 2036 ἡμῖν
1312 1969 1402 2017 καὶ
1458 1960 1735 2036 δακνηρόν.

151 2053 312 2101 Πόσον
351 2046 409 2103 δὲ
469 2056 558 2103 καὶ
623 2055 767 2124 παρὰ
838 2062 910 2124 τῷ
970 2062 1083 2123 Θεῷ
1139 2053 1367 2124 νομίζεις
1428 2051 1741 2122 λογισθῆναι

150 2146 298 2191 τοῦτο
327 2156 341 2206 ;
368 2144 529 2192 πόσον
593 2146 684 2193 καὶ
739 2145 881 2215 παρὰ
931 2150 991 2214 τῇ
1043 2142 1383 2215 φιλανθρώπῳ
1437 2136 1594 2192 τοῦδε
1640 2157 1738 2210 μη-

148 2232 235 2299 τρί
263 2244 276 2294 ;
303 2230 376 2281 ὅτι
423 2225 516 2280 διὰ
541 2234 739 2303 πατέρα
784 2251 873 2282 και
916 2236 1133 2305 μητέρα,
1203 2231 1580 2303 οἰκτειρήσασα
1617 2230 1739 2279 τού-

1850 1606 1913 1661 in
1934 1607 2053 1661 vita
2080 1608 2199 1663 ista
2228 1623 2505 1664 amarum
2561 1625 2631 1664 ac
2652 1612 2817 1665 triste
2863 1610 3150 1666 futurum.
3200 1614 3503 1678 Quantum

1849 1695 1907 1749 id
1976 1711 2013 1751 a
2057 1698 2176 1752 Deo
2222 1701 2567 1769 reputatum
2610 1697 2679 1752 iri
2743 1698 2937 1753 credis
2997 1699 3011 1754 Ξ
3094 1701 3399 1765 Quantum
3447 1707 3506 1757 et

1849 1782 2423 1841 misericordissima;
2439 1787 2568 1857 ejus
2589 1787 2753 1841 Matri
2775 1787 2787 1841 ε
2806 1786 2978 1852 Quod
3008 1793 3253 1860 propter
3269 1795 3504 1861 patrem

1849 1878 1906 1927 et
1925 1877 2414 1940 matrem,eorum
2440 1874 2854 1947 miserata,qui
2881 1875 2943 1930 in
2970 1891 3041 1931 eo
3081 1883 3268 1940 erant,
3289 1884 3351 1933 ut
3378 1893 3502 1950 prae

1848 1960 2054 2016 dolore
2079 1964 2350 2018 animam
2397 1962 2684 2030 eﬁlarent,
2749 1965 2875 2019 visa
2921 1964 3102 2020 fueris
3148 1966 3502 2023 calamitatis

1846 2051 2181 2121 patientior,
2238 2066 2486 2123 easque,
2540 2067 2736 2124 neque
2781 2053 2860 2108 ab
2901 2053 3049 2125 ipsis
3090 2053 3303 2109 solatia
3333 2071 3502 2111 acce-

1846 2139 2027 2209 peris,
2051 2141 2203 2195 miro
2237 2140 2530 2197 solamine
2581 2157 2653 2197 ex
2678 2142 2812 2214 ipsa
2844 2150 3036 2198 morte
3060 2142 3308 2214 emeris,
3342 2149 3399 2200 et
3419 2144 3500 2201 ad

1846 2226 2036 2282 vitam
2077 2230 2472 2284 revocaveris.
2634 2214 2643 2222 ’

150 2336 291 2384 τους,
356 2313 748 2381 κινδυνεύοντας
798 2318 854 2370 ἐκ
899 2326 1088 2393 πικρᾶς
1167 2316 1361 2380 ὀδύνης
1439 2316 1799 2391 ἀπορραγῆναι
1876 2322 1976 2366 των
2032 2315 2245 2387 ψυχῶν,
2297 2316 2483 2390 ἐφάνης
2542 2322 2608 2370 σὺ
2668 2322 2996 2394 γενναιοτέρα
3046 2325 3139 2379 την
3192 2325 3495 2395 καρτερίαν,

148 2412 260 2472 καὶ,
315 2404 427 2458 ἀντὶ
495 2415 587 2459 τοῦ
637 2408 725 2459 ὑπ’
778 2408 946 2460 αὐτῶν
1016 2408 1437 2480 παρακαλεῖσθαι
1515 2404 1703 2478 μᾶλλον
1758 2405 1834 2466 σε,
1894 2407 1959 2454 σὺ
2011 2407 2224 2465 τούτους
2278 2406 2464 2477 ἐφάνης
2523 2408 2837 2479 θαυμασίοις
2892 2414 3105 2481 τρόποις
3165 2411 3500 2483 παραμυθίας

149 2495 206 2557 ἐξ
230 2495 379 2547 αὐτοῦ
404 2497 620 2548 θανάτου
649 2498 915 2571 ῥυσαμένη
945 2502 1034 2549 καὶ
1063 2494 1216 2559 αὖθις
1242 2496 1731 2552 ἀποκαταστήσασα
1768 2496 1898 2564 πρὸς
1936 2493 2094 2552 ζωήν.

220 2581 464 2646 Ἐδόξασέ
505 2604 564 2637 σε
611 2590 759 2653 Θεὸς,
811 2590 921 2654 καὶ,
968 2590 1091 2659 πρός
1158 2591 1294 2659 μέγα
1344 2592 1429 2637 καὶ
1489 2589 1737 2657 μέγιστον

143 2673 277 2745 ὕψος
352 2674 563 2749 ἐπάρας,
620 2674 847 2746 μεγάλως
934 2672 1169 2738 ἐδόξασε.
1241 2680 1340 2728 Καὶ
1401 2677 1469 2726 τὰ
1527 2676 1617 2745 μὶν
1666 2669 1732 2730 δὴ

140 2772 323 2836 πρῶτα
361 2760 518 2829 δῆλα,
568 2769 659 2816 καὶ
708 2762 882 2827 οὐδεὶς
938 2764 1263 2837 ἀμφιϐάλλει,
1320 2764 1427 2817 ἐπεὶ
1482 2770 1572 2816 καὶ
1622 2761 1733 2834 μεθ’

148 2851 593 2925 ἆπερϐαλλούσης
625 2852 875 2925 ἐξελαμψε
918 2862 1015 2911 τῆς
1074 2862 1231 2926 τιμῆς
1290 2876 1302 2886 ·
1345 2854 1380 2905 ἃ
1423 2849 1482 2905 δὲ
1532 2860 1618 2903 νῦν
1650 2848 1734 2902 δε-

139 2939 537 3013 δυστυχηκότες
594 2940 783 3004 ἀθλίως
852 2944 1204 3014 κατεφάνημεν
1286 2941 1594 3014 πράξαντες,
1651 2942 1736 2992 οἷα

139 3029 212 3090 δὴ
268 3051 355 3083 και
399 3038 566 3084 ταῦτα
598 3031 610 3086 l
642 3030 887 3104 Ῥωμαῖοι
968 3034 1147 3092 πάντες
1210 3034 1275 3091 ὡς
1323 3030 1490 3082 ταύτὰ
1546 3031 1737 3081 παθόν-

135 3140 226 3180 τες
256 3122 373 3190 ἡμῖν
403 3118 451 3171 ἐν
493 3119 634 3192 ζόφῳ
698 3117 766 3177 δή
799 3140 903 3172 τινι
943 3125 1222 3191 κατηφείας
1276 3120 1515 3193 ὁρῶνται,
1574 3116 1737 3169 πολλὰ

133 3229 231 3261 και
276 3214 685 3281 συγκοπτόμενοι
734 3229 826 3261 και
883 3211 1310 3281 σνμπενθοῠντες.
1372 3212 1471 3259 Καὶ
1513 3210 1737 3277 γέμουσι

145 3302 217 3350 τὰ
254 3300 416 3350 πάντα
468 3300 663 3370 θρήνων
724 3297 808 3350 ἐπί
849 3306 909 3370 τῇ
970 3296 1084 3350 καθ’
1134 3299 1271 3369 ἡμᾶς
1326 3301 1588 3368 συμφορᾷ,
1645 3314 1737 3346 και

138 3386 399 3461 βασιλέων
452 3385 586 3439 οἶκοι
632 3407 724 3438 και
763 3389 878 3439 ὅσοι
921 3392 1163 3459 μέγιστοι
1236 3386 1345 3457 μετ’
1415 3384 1737 3444 αὐτοὺς,και

136 3475 327 3546 ἀγυιαί
368 3475 582 3543 πόλεων,
640 3496 731 3527 και
791 3472 961 3535 οὐδείς
1022 3474 1161 3527 ἐστιν
1210 3474 1266 3535 ὃς
1324 3473 1452 3544 οὐχί
1495 3475 1737 3533 κοινωνός

130 3570 340 3637 γίνεται
382 3572 473 3616 τοῦ
542 3566 741 3626 πάθους
790 3566 958 3636 ἡμῶν.
1025 3567 1251 3635 Γέμουσι
1310 3581 1400 3612 και
1467 3565 1581 3612 ναοὶ
1641 3560 1735 3611 οὐκ

129 3648 351 3715 ἐξοδίων
378 3656 544 3724 μόνων
573 3672 664 3704 και
711 3656 988 3723 ἐπιταφίων
1041 3650 1308 3723 ᾀσμάτων,
1347 3647 1476 3701 ἀλλὰ
1532 3668 1615 3699 τοι
1660 3648 1734 3719 (1)

126 3761 230 3794 και
286 3750 381 3792 τῶν
462 3742 661 3814 θερμῶς
717 3740 1058 3801 όλολυζόντων
1101 3760 1193 3792 και
1246 3741 1431 3811 γοερὰς
1488 3735 1734 3805 ἀφιέντων

124 3832 326 3902 φωνὰς,
393 3835 481 3882 καί
545 3849 602 3901 γε
674 3831 968 3903 περιπαθῶς
1035 3831 1156 3890 τούς
1242 3829 1451 3901 θρήνους
1524 3826 1735 3899 μεριζο-

116 3924 314 3993 μένων.

202 4012 381 4067 Πόσην
408 4016 533 4080 γοῦν
579 4009 610 4067 ἠ
670 4009 899 4065 τοσαύτη
946 4015 1045 4058 τῶν
1102 4008 1264 4067 οὕτως
1320 4025 1408 4057 και
1464 4006 1598 4056 κατὰ
1647 4022 1734 4055 το-

118 4106 318 4152 σοῦτον
382 4098 773 4168 συναλγούντων
830 4100 1070 4148 κοινωνία
1108 4093 1442 4166 βουλομένοις
1491 4094 1611 4164 ημῖν
1668 4094 1736 4143 τὰ

114 4188 307 4241 εἰκότα
377 4186 681 4258 λογίζεσθαι
755 4188 893 4258 φέρει
938 4189 1031 4243 την
1078 4186 1412 4256 παραμυθίαν
1446 4183 1459 4237 !
1493 4186 1578 4239 Μὴ
1625 4184 1732 4232 τοί-

111 4297 213 4328 νυν
272 4275 403 4348 ἅπερ
474 4274 739 4347 ὀφείλομεν
799 4277 866 4333 είς
931 4271 1161 4345 ἀφορμὰς
1207 4273 1401 4323 τιθέναι
1463 4290 1555 4321 και
1604 4288 1737 4341 προ-

116 4367 313 4437 φάσεις
379 4363 686 4435 ἀναψυχῆς,
767 4362 940 4421 αὐτοῖς
1012 4363 1209 4420 τούτοις
1285 4360 1539 4434 χρώμεθα
1604 4360 1737 4429 πρὸς

118 4457 456 4522 τούναντίον,
539 4456 620 4504 ὅτι
680 4448 819 4523 μηδὲ
900 4446 1105 4502 δίκαιον
1165 4458 1263 4500 τῶν
1351 4450 1442 4519 μὲν
1490 4446 1733 4518 λυπηρῶν

117 4544 484 4596 αἰσθάνεσθαι
512 4562 602 4594 και
638 4549 730 4593 τοῦ
775 4540 965 4599 εἰκότος
1020 4538 1188 4604 πλέον,
1233 4545 1334 4589 τῶν
1392 4532 1453 4588 δέ
1489 4553 1548 4605 γε
1601 4538 1735 4608 πρὸς

109 4631 469 4707 παράκλησιν
524 4634 753 4689 ἡκόντων
825 4628 1148 4687 ἀναισθήτως
1200 4629 1339 4698 ἔχειν
1394 4623 1587 4692 δοκεῖν,
1643 4642 1734 4674 και

109 4719 403 4797 μηδεμίαν
477 4730 576 4775 τῶν
628 4723 871 4773 τοιούτων
943 4718 1209 4770 ποιεῖσθαι
1280 4712 1537 4789 μηδαμῶς
1614 4712 1732 4767 ἑπι-

105 4816 384 4884 στροφήν.

189 4904 266 4953 Τὸ
301 4904 396 4972 μεν
443 4902 607 4962 πάθος
646 4901 814 4952 κοινόν
847 4901 933 4951 σοί
961 4916 1051 4948 και
1096 4898 1228 4969 πρὸς
1272 4894 1426 4955 ἄλλας
1475 4914 1488 4926 ο

94 4994 218 5066 γὰρ
296 4989 359 5041 ἂν
405 5010 496 5042 και
540 4994 732 5063 μυρίας
800 4989 1036 5064 εὑρήσεις
1086 4984 1402 5048 ἐξετάζουσα
1457 4985 1507 5035 ἓν
1562 5001 1618 5034 τε
1659 4989 1733 5051 τῷ

90 5084 367 5154 παρόντι,
402 5082 450 5132 ἓν
481 5099 535 5132 τε
568 5088 640 5148 τῷ
704 5078 1013 5151 παρελθόντι
1067 5075 1191 5148 βίῳ,
1231 5076 1571 5150 χρησαμένας
1621 5080 1734 5134 ταῖς

90 5170 307 5230 αὐταῖς
367 5175 663 5242 συμφοραῖς
706 5189 719 5200 ·
767 5171 826 5220 τὸ
873 5163 934 5219 δὲ
979 5172 1074 5227 τῆς
1126 5173 1283 5237 τιμῆς
1341 5166 1411 5235 μὴ
1472 5166 1623 5234 μόνον
1672 5160 1732 5211 οὐ

87 5258 232 5312 κατ’
277 5261 427 5326 ἶσον,
457 5257 563 5309 ἀλλ’
596 5253 712 5309 οὐδ’
768 5255 919 5327 ἐγγύς
982 5251 1143 5316 δόξης
1185 5262 1280 5315 τῆς
1336 5261 1453 5322 σῆς,
1510 5245 1736 5321 οὐδεμία

1548 4892 1734 4953 πολλὰς

180 5490 272 5564 (1)
324 5491 473 5564 Cod.
507 5488 654 5564 ἀλλά
691 5507 744 5541 τι
780 5489 851 5564 Et
1061 5504 1116 5537 τι
1161 5480 1426 5564 exhibeth
1447 5478 1732 5564 Cangins,

88 5548 591 5635 qui,'Gl03sario
621 5559 944 5617 Graecitatis
981 5557 1046 5613 in
1088 5570 1231 5612 voce
1274 5548 1525 5619 Ἐξάδιόν,
1574 5552 1738 5608 Nice-

1919 2581 2278 2639 Gloriticavit
2300 2588 2351 2639 te
2381 2586 2553 2652 Deus,
2586 2589 2643 2640 et
2668 2590 2722 2641 te
2748 2586 2828 2641 ad
2857 2586 3190 2642 maximam
3236 2587 3498 2643 altitudi-

1846 2685 1986 2726 nem
2010 2671 2314 2741 erigendo,
2352 2675 2610 2729 maxime
2641 2674 3012 2743 gloriﬁcavit.
3046 2678 3115 2732 Et
3143 2676 3342 2748 prima
3370 2676 3501 2749 qui-

1845 2762 1984 2815 dem
2013 2762 2119 2817 illa
2156 2763 2473 2819 manifesta
2516 2770 2673 2830 sunt,
2723 2770 2779 2818 et
2806 2764 2881 2820 de
2904 2765 2976 2819 iis
3026 2781 3206 2821 nemo
3244 2766 3496 2833 dubitat,

1846 2849 2143 2921 siquidem
2231 2858 2288 2905 et
2344 2852 2563 2907 eximio
2650 2851 2998 2911 eﬁ'ulserint.
3073 2855 3234 2919 Quas
3291 2860 3496 2911 autem

1845 2938 2007 3008 passi
2023 2954 2233 2993 sumus
2254 2939 2505 2994 miseras
2521 2939 2910 3004 calamitates,
2929 2940 3142 3010 quales
3164 2947 3221 2997 et
3236 2942 3363 2997 istae
3378 2942 3500 2999 fue-

1843 3033 1983 3080 runt
2015 3027 2027 3080 ι
2054 3028 2303 3081 Romani
2318 3043 2549 3095 omnes,
2573 3033 2866 3099 tanquam
2899 3028 3111 3083 eadem
3125 3045 3194 3084 ac
3207 3044 3320 3085 nos
3335 3032 3500 3102 passi

1845 3114 1980 3179 sint,
2027 3115 2091 3169 in
2145 3115 2395 3170 tristitiae
2435 3115 2692 3170 tenebris
2755 3115 2938 3170 mersi
2981 3115 3276 3184 videntur,
3321 3117 3498 3175 valde

1843 3201 2048 3258 afﬂicti
2085 3207 2144 3258 et
2157 3204 2607 3267 compatientes.
2640 3206 2770 3259 Jam
2786 3204 2995 3260 omnia
3018 3204 3304 3277 lacrymis
3319 3206 3499 3279 plena

1846 3297 1988 3347 sunt
2042 3297 2284 3363 propter
2330 3299 2601 3352 nostrum
2633 3292 3148 3360 infortunium;et
3176 3294 3495 3367 imperato-

1844 3395 1980 3435 rum
2017 3380 2258 3449 domus,
2302 3386 2359 3436 et
2406 3381 2687 3437 maximis
2738 3397 2951 3437 omnes
3002 3387 3139 3454 post
3170 3398 3297 3450 eas,
3326 3389 3383 3440 et
3403 3399 3499 3439 ur-

1846 3469 2015 3524 bium
2044 3470 2151 3524 viae
2174 3488 2193 3539 ;
2228 3474 2285 3525 et
2308 3486 2489 3525 nemo
2523 3475 2610 3526 est
2637 3470 2741 3542 qui
2771 3476 3043 3526 nostrum
3073 3470 3344 3527 dolorem
3372 3487 3497 3529 non

1845 3558 2174 3630 participat.
2225 3562 2509 3613 lnsonant
2536 3564 2595 3613 et
2645 3559 2871 3631 templa
2888 3575 3009 3615 non
3038 3560 3223 3616 modo
3253 3562 3494 3631 tragicis

1847 3647 2122 3703 cantibus
2149 3653 2204 3703 et
2230 3649 2477 3719 hymnis
2524 3647 2878 3704 funebribus
2928 3649 3035 3704 sed
3061 3655 3117 3705 et
3166 3649 3499 3707 civiumla-

1845 3738 2061 3792 mentis
2081 3738 2186 3809 qui
2212 3743 2519 3807 gementes
2566 3753 2746 3793 voces
2795 3738 3090 3807 emittunt,
3120 3745 3496 3796 nostrarum-

1845 3841 1964 3897 que
1995 3825 2408 3897 lacrymarum
2429 3826 2750 3898 participes
2783 3831 2941 3881 sunt.

1916 4006 2220 4069 Quantum
2266 4018 2447 4075 porro
2503 4002 2799 4072 solamen,
2858 4006 3025 4058 tanta
3070 4006 3195 4058 tam
3220 4002 3499 4059 ardenter

1845 4092 2339 4162 compatientium
2395 4092 2762 4161 communio,
2796 4091 2864 4157 si,
2897 4096 2963 4146 ut
2990 4091 3178 4157 decet,
3220 4092 3495 4148 animad-

1843 4184 2069 4234 vertere
2105 4178 2360 4235 velimus
2423 4179 2435 4233 ι
2470 4178 2550 4233 Ne
2570 4178 2751 4247 igitur
2802 4178 2895 4243 iis,
2927 4194 3065 4250 quae
3096 4183 3159 4234 ut
3184 4178 3495 4234 solutionis

1844 4282 2059 4322 causas
2088 4273 2146 4322 et
2170 4272 2494 4339 praetextus
2518 4267 2742 4323 habere
2796 4267 3109 4333 debemus,
3140 4268 3203 4322 in
3257 4272 3495 4324 contra-

1842 4350 2000 4411 rium
2023 4361 2306 4423 utamur;
2337 4355 2629 4428 quoniam
2676 4370 2799 4411 non
2822 4356 3053 4427 justum
3092 4361 3181 4412 est
3203 4361 3267 4412 ut
3305 4357 3495 4413 tristia

1840 4445 2087 4517 quidem
2113 4449 2171 4500 et
2199 4443 2521 4516 plusquam
2544 4448 2799 4516 oportet.
2819 4444 3170 4508 sentiamus,
3190 4460 3264 4501 ea
3287 4450 3493 4501 autem

1841 4548 1978 4604 quae
2007 4533 2270 4588 mulcere
2280 4533 2500 4595 valent,
2522 4547 2647 4588 non
2674 4531 3044 4604 accipiamus
3059 4548 3257 4606 neque
3280 4549 3491 4590 eorum

1841 4638 2047 4679 curam
2067 4621 2387 4678 faciamus.

1913 4889 2090 4947 Dolor
2114 4889 2210 4946 ille
2240 4889 2347 4946 tibi
2373 4906 2512 4946 cum
2543 4889 2676 4946 aliis
2724 4890 3065 4947 communis
3093 4894 3181 4945 est
3212 4905 3226 4957 ;
3266 4889 3489 4947 multas

1842 4981 2001 5037 enim
2032 4985 2089 5037 et
2112 4986 2417 5037 sexcentas
2443 4981 2719 5052 reperies,
2749 4980 2798 5035 si
2822 4979 3311 5049 consideraveris,
3336 4994 3488 5051 pra;-

1842 5070 1991 5125 senti
2028 5085 2099 5125 ac
2119 5069 2413 5141 praeterito
2434 5074 2722 5139 tempore,
2749 5083 2882 5139 quae
2910 5067 3127 5122 iisdem
3157 5065 3330 5122 malis
3360 5084 3484 5125 usae

1842 5165 1981 5214 sunt
2012 5175 2025 5224 ;
2056 5158 2222 5231 quod
2247 5163 2449 5213 autem
2474 5157 2554 5212 ad
2594 5157 2887 5212 honorem
2918 5159 3165 5227 spectat,
3198 5155 3366 5213 nulla
3392 5164 3485 5215 est

1841 5264 1978 5320 quae
1998 5263 2122 5303 non
2142 5246 2319 5302 modo
2337 5261 2461 5302 non
2487 5260 2719 5316 parem,
2744 5242 2852 5299 sed
2877 5257 2954 5299 ne
2983 5245 3325 5316 proximum
3353 5248 3486 5320 qui-

1840 5477 2017 5605 Bhori
2073 5475 2279 5542 verba,
2431 5458 2567 5545 ’γέμ.
2629 5475 2719 5524 καὶ
2741 5474 2855 5555 ναοί
2915 5473 2995 5530 ad
3056 5476 3244 5549 φωνὰς,
3272 5475 3484 5533 attulit.

1891 5565 1959 5605 ro
1990 5552 2154 5605 μόνων
2180 5549 2440 5605 Canthus
2470 5541 2659 5599 habet
2688 5560 2865 5605 μόνον.

1891 5565 1959 5607 r0
1987 5552 2154 5622 μόνων
2180 5541 2659 5616 (381181118⁷Ηώοι
2687 5546 2865 5615 μόνον.
