4064 6308
539 166 674 226 1447

542 378 671 436 lum
700 374 1115 442 conﬁrmante,
1145 373 1496 444 permaneat
1549 367 1821 442 quandiu
1846 367 1908 424 in
1929 366 2042 424 hac
2073 366 2195 422 vita

542 465 785 524 durabit
812 462 1133 522 hominum
1175 475 1386 531 genus.

613 646 742 701 Haec
769 644 968 700 autem
993 638 1200 698 omnia
1239 639 1440 695 utrum
1465 634 1572 694 tibi
1603 634 1847 693 tristitiae
1874 649 1944 691 ac
1972 631 2196 690 doloris

546 749 762 792 causas
783 731 1062 799 afferunt,
1084 743 1163 786 an
1183 728 1404 785 multas
1424 731 1479 784 et
1502 741 1757 796 magnas
1775 723 2105 795 gratiarum
2117 718 2198 780 ad

547 825 735 881 Deum
755 823 1019 881 actiones
1039 821 1288 893 ejusque
1311 816 1751 876 confessionem
1773 816 1796 870 ‘t
1821 814 1882 870 ld
1903 813 2197 886 posterius

547 913 816 972 omnino.
841 915 1070 978 Nonne,
1098 914 1164 966 ut
1209 909 1398 974 decet,
1451 904 1852 979 rependemus
1899 903 2032 978 ipsi,
2076 916 2199 960 una

545 1003 767 1076 gratias
821 1005 1089 1073 agentes,
1129 998 1244 1072 ipsi
1289 998 1541 1070 inquam
1594 998 1653 1051 et
1690 994 2030 1068 purissimas
2068 993 2197 1064 ejus

547 1092 730 1160 Matri,
747 1091 920 1162 cujus
937 1091 1292 1157 interventu,
1315 1101 1502 1159 supra
1513 1099 1759 1142 omnem
1780 1082 2194 1154 cogitationem

547 1187 840 1249 nostram,
869 1193 1054 1251 supra
1117 1192 1362 1234 omnem
1403 1191 1651 1232 sensum
1699 1178 1994 1239 nostrum,
2056 1169 2200 1228 talia

548 1270 872 1345 providens
908 1272 1060 1324 Deus
1113 1267 1409 1338 sapienter
1461 1263 1658 1333 dirigit
1697 1262 1776 1319 ad
1826 1277 1988 1330 eum,
2015 1275 2199 1332 quem

547 1361 658 1417 scit
685 1359 1060 1433 ipse,ﬁnem,
1115 1355 1308 1412 dolori
1363 1353 1526 1411 omni
1573 1358 1630 1408 et
1659 1351 1903 1408 tristitiae
1936 1350 2199 1422 superio-

545 1464 674 1506 rem
703 1448 730 1503 ?
760 1447 1054 1514 Quoniam
1083 1460 1205 1501 non
1228 1441 1578 1515 corporibus
1632 1439 2015 1496 solummodo
2034 1438 2200 1509 ivivi-

548 1555 684 1594 mus
704 1537 999 1601 homines,
1017 1535 1121 1590 sed
1143 1539 1198 1588 et
1217 1530 1656 1588 immortalibus
1680 1529 1915 1594 animis,
1931 1533 1987 1584 et
2010 1527 2199 1583 multo

1875 146 2254 210 NICEPHORI
2283 147 2518 206 CHUHN
2524 149 2546 205 Ι

539 289 686 347 dem
715 285 990 344 assecuta
1019 279 1094 339 sit
1123 277 1275 348 Quid
1314 277 1561 353 quidem
1597 277 1792 335 honor
1817 275 1941 345 tibi,
1975 279 2093 333 Deo
2119 275 2192 332 il-

2322 289 2425 349 ἶλλη
2475 296 2575 342 τῶν
2621 287 2838 344 ἁπασῶν
2883 285 3212 359 ἀπηνέγκατο

3781 139 3907 197 ιιιε

3267 303 3280 317 ο
3327 281 3450 358 ὅπερ
3540 278 3609 340 δή
3682 299 3772 334 σοι
3826 289 3908 334 τοῦ

2303 386 2435 434 Θεοῦ
2511 399 2600 432 και
2650 377 3004 452 βεϐαιοῦντος,
3075 378 3385 450 παραμεὶνοι
3465 376 3637 446 μέχρι
3704 373 3907 434 παντὸς,

2301 473 2490 544 μέχρις
2523 467 2582 521 ἂν
2636 465 2878 529 δηλονότι
2923 486 3014 520 και
3069 470 3212 539 γένος
3268 461 3550 538 ἀνθρώπων
3599 465 3912 536 παραμείνοι

2305 555 2440 629 τῷδε
2464 567 2535 630 τῷ
2567 557 2692 632 βίῳ.

2373 654 2552 702 Ταῦτα
2617 645 2676 701 δι
2734 648 2904 701 πάντα
2933 651 3144 722 πότερον
3198 643 3367 706 λύπης
3430 643 3546 715 ἔχει
3611 658 3704 693 σοι
3736 638 3918 714 μᾶλλον

2304 757 2394 790 και
2438 734 2626 798 ὀδύνης
2687 735 2945 813 ἀφορμὰς,
3019 735 3048 795 ἣ
3102 733 3292 792 πολλὴν
3365 752 3456 784 και
3513 729 3761 804 μεγάλην
3833 733 3916 787 τὴν

2306 825 2508 900 ὀγειλήν
2581 825 2930 900 εὐχαριστίας
3018 824 3230 885 ἁπάσης
3294 841 3383 874 και
3463 820 3916 893 ἆιθομολογήοεθς

2307 919 2430 990 πρὸς
2458 919 2585 970 Θεὸν
2615 931 2628 982 ;
2661 917 2691 975 ἧ
2724 923 2876 976 τοῦτο
2907 915 3124 975 πάντως.
3174 915 3275 966 Καί
3330 911 3422 964 οὐκ
3481 909 3545 962 ἀν
3601 911 3734 962 ὅσον
3792 909 3914 968 tua;

2308 1004 2649 1079 ἁποτὶσαιμεν
2707 1004 3142 1080 εύχαριστούντες
3198 1001 3360 1072 αύτῷ,
3411 999 3523 1073 οἶμα
3582 996 3640 1052 δ’
3695 998 3910 1070 εὐχαρι-

2311 1102 2552 1157 στοῦντες
2581 1114 2670 1148 και
2698 1100 2760 1168 τῇ
2813 1095 3190 1168 πανυπεράγνῳ
3218 1094 3399 1144 τούτου
3462 1093 3658 1162 μητρί,
3722 1087 3784 1147 ἧς
3815 1092 3914 1147 ταῖς

2309 1189 2596 1257 μεσιτείαες
2657 1185 2784 1256 ὑπερ
2844 1185 3014 1236 πάντα
3078 1188 3194 1234 νοῦν
3253 1181 3420 1253 ἡμῶν,
3475 1179 3608 1250 ὑπὲρ
3670 1178 3915 1233 αῖσθηστο

2308 1279 2502 1346 πᾶσαν,
2550 1275 2616 1326 τὰ
2670 1280 2888 1325 τοιαῦτα
2929 1274 3064 1332 Θεὸς
3109 1269 3387 1341 οἰκονομῶν
3413 1269 3532 1339 ἄγει
3589 1274 3775 1337 σοφῶς
3803 1268 3919 1336 προς

2310 1361 2336 1415 ὁ
2394 1381 2484 1414 και
2533 1358 2722 1435 μᾶλλον
2802 1361 2988 1421 ἐκεῖνος
3035 1356 3148 1412 οἶδε
3239 1358 3401 1425 τέλος,
3459 1352 3662 1416 ὀδύνης
3717 1354 3916 1413 ἀπάσης

2310 1471 2400 1504 και
2435 1450 2602 1514 λύπης
2632 1450 2878 1523 ἀνώτερον
2913 1467 2927 1518 ;
2961 1445 3174 1505 Ἐπειδὴ
3226 1450 3324 1520 γὰρ
3379 1445 3436 1498 οῦ
3504 1450 3727 1515 σώμασι
3773 1447 3919 1514 μονον

2313 1541 2479 1612 ζῶμεν
2523 1541 2808 1614 ἄνθρωποι,
2859 1537 2987 1591 ἀλλὰ
3043 1557 3131 1590 και
3185 1535 3395 1607 ψυχαῖς
3459 1533 3774 1599 ἀθανάτοις,
3843 1550 3921 1582 κει

549 1626 745 1696 magis
765 1624 982 1682 animis
1012 1639 1198 1695 quam
1228 1619 1594 1692 corruptioni
1625 1617 1904 1675 obnoxiis
1941 1615 2192 1689 corpori-

2322 1630 2479 1701 πολλῷ
2527 1626 2586 1682 δὲ
2636 1629 2826 1702 μᾶλλον
2863 1628 3067 1700 ψυχαῖς
3096 1629 3126 1686 ἦ
3189 1632 3401 1698 σώμασι
3452 1626 3842 1696 φθειρομένοις,
3881 1619 3924 1671 οἱ

550 1716 688 1781 bus,
709 1714 811 1786 qui
843 1728 988 1768 sane
1017 1717 1178 1768 recta
1204 1713 1304 1766 Dei
1325 1709 1664 1779 cognitione
1689 1707 1856 1778 digni
1881 1705 2071 1763 habiti
2102 1723 2200 1761 su-

551 1821 690 1862 mus
719 1807 776 1860 et
796 1817 1006 1858 secura
1043 1801 1102 1856 in
1144 1799 1372 1858 Christo
1409 1801 1548 1854 Jesu
1575 1797 1715 1865 ﬁde,
1755 1811 2085 1869 sumusque
2125 1794 2204 1851 ad

557 1909 871 1966 nunquam
897 1891 1138 1947 ﬁnitura
1150 1889 1314 1945 bona
1329 1888 1543 1954 vocati,
1567 1892 1842 1959 recteque
1863 1887 1924 1942 in
1948 1899 2205 1957 praesen-

558 1984 716 2042 tibus
735 1982 860 2038 istis
889 1987 943 2037 et
973 1979 1144 2037 vanis
1171 1978 1469 2050 ﬂuxisque
1498 1993 1567 2033 ac
1586 1972 2206 2044 transeuntibus,nihil

561 2071 728 2129 solidi
767 2087 838 2128 ac
891 2070 1051 2126 ﬁrmi
1106 2068 1468 2126 habentibus
1520 2065 1868 2139 probamur.
1931 2065 1988 2122 Si
2029 2064 2208 2133 igitur

560 2161 832 2232 generosi
850 2159 1185 2226 videamur,
1201 2158 1469 2212 animose
1492 2155 1908 2228 probationem
1931 2153 2206 2220 ferentes,

562 2249 740 2306 simul
767 2254 824 2304 et
850 2248 913 2304 in
938 2247 1222 2304 omnibus
1250 2245 1472 2317 gratias
1499 2249 1744 2314 agentes
1773 2257 1907 2314 qua;
1937 2243 2054 2297 Deo
2085 2240 2210 2313 pla-

563 2344 812 2395 cuerunt
840 2353 911 2394 ac
936 2335 1111 2392 nobis
1125 2337 1584 2390 eveneruntnon
1615 2330 1910 2403 simplicia
1938 2329 2038 2386 illa
2070 2335 2211 2386 tunc

562 2426 1056 2498 recipiemus,pro
1077 2421 1515 2478 calamitatibus
1539 2435 1693 2492 quas
1722 2435 1859 2474 cum
1880 2419 2210 2489 gratiarum

565 2514 795 2572 actione
825 2511 1299 2574 sustinuerimus,
1318 2509 1425 2565 sed
1457 2514 1513 2565 et
1535 2507 1905 2580 multiplicia,
1920 2509 2212 2580 majorem

564 2603 841 2660 ultimam
882 2599 1362 2656 benedictionem
1417 2597 1750 2653 obtinentes
1806 2613 1990 2670 quam
2052 2597 2214 2670 prior

565 2696 712 2760 erat,
754 2687 1276 2762 quemadmodum
1305 2691 1362 2742 et
1401 2701 1725 2755 generosus
1772 2685 1867 2742 ille
1926 2685 2031 2757 vir,
2066 2691 2123 2742 et
2149 2686 2213 2742 in

566 2780 852 2839 omnibus
881 2777 1286 2850 undequaque
1311 2775 1720 2831 accidentibus
1749 2774 2210 2846 calamitatibus,

567 2876 624 2928 et
653 2872 715 2926 in
740 2868 1024 2926 omnibus
1065 2865 1370 2922 tentatoris
1431 2862 1692 2920 artiﬁciis
1741 2865 2210 2936 imperturbatus

567 2959 792 3017 mansit
819 2956 952 3014 Job.
1011 2978 1038 3006 »
1084 2959 1295 3011 Euntes
1338 2953 1526 3022 ibant,
1572 2953 1785 3025 inquit,
1853 2958 1911 3010 et
1964 2953 2210 3023 ﬂebant,

569 3050 868 3106 mittentes
918 3044 1148 3100 semina
1187 3060 1332 3112 sua;
1361 3065 1381 3092 ι
1416 3048 1508 3098 et:
1544 3063 1572 3092 »
1609 3045 1686 3098 De
1717 3047 1974 3110 mortuo,
1998 3042 2211 3114 inquit,

567 3138 722 3208 luge.
756 3159 783 3188 n
817 3138 883 3192 Et
935 3149 1179 3190 rursum
1213 3150 1226 3188 :
1261 3155 1288 3182 »
1336 3135 1576 3204 Propter
1619 3137 1936 3203 mortuum,
1975 3132 2214 3188 effunde

567 3227 890 3299 lacrymas,
955 3227 1011 3279 et
1072 3221 1203 3277 dira
1253 3221 1507 3293 patiens,
1568 3221 1763 3293 incipe
1801 3221 2213 3277 lamentum.»

570 3321 845 3372 Attamen
857 3312 990 3368 utin
1004 3309 1291 3382 patientia
1312 3315 1518 3366 nostra
1539 3310 1960 3382 possideamus
1982 3311 2216 3366 animas

571 3412 809 3461 nostras
844 3400 1062 3456 clamat
1083 3399 1346 3454 Christus
1408 3398 1690 3470 Salvator,
1721 3402 1944 3456 clamat
1967 3405 2022 3455 et
2044 3406 2216 3457 testa-

573 3497 668 3549 tur
695 3509 707 3557 ;
731 3505 917 3562 quam
937 3487 1286 3559 patientiam
1309 3501 1419 3555 ego
1451 3487 1693 3543 mistum
1724 3487 2004 3560 lacrymis
2034 3495 2091 3545 et
2116 3490 2216 3545 ﬂe-

571 3581 732 3637 tibus
759 3593 963 3634 semen
992 3591 1160 3642 voco,
1186 3581 1248 3630 ut
1267 3581 1322 3630 et
1351 3591 1559 3631 eorum
1585 3578 1687 3647 qui
1718 3583 1933 3634 terram
1955 3584 2212 3643 versant,

572 3668 857 3744 patientia
910 3665 1218 3721 laboribus
1260 3664 1460 3719 multis
1511 3667 1925 3738 sudorumque
1956 3667 2218 3723 fontibus

574 3759 875 3816 mistaest.
903 3755 1062 3811 Etibi
1093 3755 1294 3826 plures
1362 3753 1442 3808 illi
1505 3756 1815 3828 manipuli,
1875 3773 2028 3829 quos
2079 3773 2218 3814 cum

571 3848 773 3906 laetitia
799 3867 820 3896 ι
855 3850 912 3901 et
942 3842 1331 3900 exsultatione
1364 3847 1664 3914 portantes
1700 3846 1965 3911 veniunt,
2003 3869 2022 3895 ι
2059 3863 2218 3903 vana

573 3937 820 4010 quidem
889 3933 1138 3989 materia
1210 3932 1560 3988 conculcata
1605 3938 1660 3989 et
1721 3934 1960 4004 abjecta
2027 3954 2039 4003 ;
2101 3935 2219 3991 illic

571 4041 736 4095 vero,
767 4025 807 4080 ii
841 4023 1105 4078 universi
1137 4021 1364 4077 fructus
1389 4038 1419 4076 e
1477 4022 1761 4092 patientia
1811 4024 1942 4091 orti,
2007 4025 2219 4080 sinceri

576 4116 733 4178 sunt,
779 4109 1007 4166 horreis
1064 4109 1404 4165 coelestibus
1455 4110 1702 4179 collecti,
1756 4128 2069 4184 nunquam
2110 4115 2218 4169 im-

573 4200 782 4274 pensi:
817 4205 874 4257 et
901 4201 993 4256 his
1020 4201 1079 4254 in
1111 4200 1277 4255 terris
1304 4202 1520 4257 multas
1569 4202 1739 4258 atfert
1776 4209 1830 4259 et
1861 4221 2116 4274 magnas
2148 4221 2220 4260 ex

575 4291 694 4345 Deo
717 4289 1043 4358 mercedes,
1072 4289 1175 4360 qui
1206 4289 1276 4344 iis
1299 4290 1403 4361 qui
1459 4307 1668 4347 amara
1697 4293 2002 4364 patiuntur
2035 4316 2061 4344 ι)
2096 4310 2220 4350 sac-

577 4393 680 4434 cos
715 4377 1002 4448 dirumpit
1035 4393 1258 4449 eosque
1296 4378 1496 4434 laetitia
1517 4381 1868 4449 circumdat,
1911 4389 1966 4438 et
1995 4382 2222 4439 luctum

579 4480 788 4521 eorum
833 4465 896 4520 in
953 4465 1243 4534 gaudium
1302 4472 1607 4523 convertit.
1674 4471 1984 4526 nCredens
2023 4478 2224 4527 autem

580 4553 769 4610 David
797 4574 825 4602 »
854 4553 916 4609 in
956 4559 1110 4608 terra
1136 4569 1373 4624 semper
1403 4556 1728 4612 viventium
1752 4560 1951 4616 videre
1981 4560 2163 4627 bona,
2196 4582 2224 4611 »

580 4641 724 4699 nihil
752 4641 916 4697 aliud
938 4641 1137 4697 statim
1193 4648 1248 4696 et
1274 4642 1353 4698 ad
1403 4660 1466 4699 sc
1499 4660 1820 4703 conversus
1867 4649 2027 4720 dicit,
2067 4650 2223 4706 nisi:

588 4753 610 4782 ν
641 4733 923 4804 Exspecta
973 4729 1617 4796 Dominun,etviriliter
1656 4751 1786 4805 age,
1837 4743 1892 4794 et
1935 4739 2228 4795 conforta-

584 4824 676 4877 tur
701 4836 804 4878 cor
835 4825 1004 4877 tuum
1038 4835 1051 4888 ;
1076 4840 1104 4869 »
1137 4833 1207 4874 eo
1223 4819 1642 4890 quodbeatum
1661 4823 1805 4880 illud
1819 4827 2230 4897 spectaculum

584 4910 823 4968 nonnisi
853 4927 926 4968 ex
963 4909 1246 4983 patientia
1277 4909 1384 4967 tibi
1444 4920 1720 4972 occurrat
1752 4929 1822 4972 ac
1861 4916 1985 4974 ﬁat.

660 5123 741 5266 Et;
780 5125 998 5206 Psalm.
1038 5141 1194 5193 cxxv,
1225 5128 1280 5182 6.

686 5199 717 5249 2
764 5195 988 5253 Sirach.
1030 5215 1158 5260 xm,
1189 5197 1275 5253 11.

686 5195 736 5260 2)
764 5195 988 5253 Sirach.
1030 5215 1158 5260 xm,
1189 5197 1275 5253 11.

663 5269 736 5348 ρ)
765 5267 986 5348 §ira_ch.
1019 5285 1253 5348 xxxvm,
1298 5272 1380 5348 t6,
1423 5284 1562 5326 cum
1595 5270 1897 5348 varietate.

602 5405 616 5422 '
665 5337 740 5423 (ξι)
763 5337 1027 5423 Christus
1082 5337 1246 5423 aqud
1306 5341 1670 5423 lfucam‘xm,
1708 5348 1770 5402 19
1795 5360 1807 5400 :
1835 5343 1881 5398 ἐν
1904 5353 1965 5420 τῇ
1999 5349 2229 5423 ὕπομονῇ

593 5405 736 5484 ὗμῷν
775 5412 1043 5484 κτήσασθε
1066 5403 1160 5471 τάξ
1185 5410 1366 5484 ψυχὰς
1396 5403 1559 5484 ὑμωνῖ
1654 5403 1668 5414 ’
1939 5403 1959 5420 ’ί
2101 5403 2110 5420 ’
2203 5406 2214 5423 ⁸

663 5477 743 5552 (5)
804 5479 957 5540 Psal.
994 5497 1143 5551 XXIX,
1197 5477 1336 5554 ll";
1418 5477 1673 5560 ἕστρερας
1725 5487 1811 5541 τὸν
1869 5492 2082 5545 κοπετὸν
2137 5511 2234 5566 μον

2311 1739 2372 1792 γε
2440 1721 2751 1792 θεογνωσίας
2804 1720 2985 1790 ὑγιοῦς
3047 1716 3322 1788 ἠξιωμένοι
3373 1733 3463 1765 και
3513 1711 3796 1784 ἀσφαλοῦς
3837 1719 3924 1770 τῆς

2315 1807 2362 1860 ἐν
2411 1816 2627 1882 Χριστῷ
2704 1813 2864 1866 Ῐησοῦ
2939 1810 3182 1874 πίστεως,
3257 1807 3386 1878 πρὸς
3448 1800 3622 1854 ἐκεῖνοι
3706 1818 3926 1872 μετακα-

2315 1895 2553 1970 λούμενοι
2603 1899 2669 1949 τὰ
2715 1893 2981 1970 μηδέποτε
3035 1893 3262 1965 λήγοντα
3319 1891 3512 1964 ἀγαθὰ,
3568 1889 3794 1951 εἰκότως
3847 1905 3928 1938 και

2319 1985 2713 2060 δοκιμαζόμεθα
2744 1983 2792 2037 ἐν
2844 1991 2954 2047 τοῖς
3003 1991 3228 2056 παροῦσι
3292 1983 3493 2042 τούτοις
3537 1998 3633 2031 και
3690 1983 3929 2051 ματαίοις

2317 2095 2407 2128 και
2465 2077 2647 2149 ῥέουσι
2698 2093 2785 2126 και
2855 2075 3288 2148 παρερχομένοις,
3342 2089 3431 2122 και
3489 2065 3664 2140 μηδὲν
3720 2065 3928 2139 βέϐαιον

2318 2162 2457 2237 μηδε
2499 2164 2753 2236 στάσιμον
2812 2163 3057 2234 ἔχουσιν.
3118 2159 3216 2216 ’Ᾱν
3258 2166 3380 2230 γοῦν
3432 2176 3523 2209 και
3581 2163 3824 2229 γενναῖοι
3867 2153 3926 2211 δὲ

2319 2272 2446 2314 τινες
2528 2261 2760 2325 φανῶμεν
2840 2251 3086 2324 εῦψυχῶς
3133 2253 3360 2323 φέροντες
3418 2251 3513 2305 τὴν
3581 2242 3926 2318 δοκιμασίαν.

2321 2341 2430 2416 οἶμα
2458 2338 2517 2394 δι
2554 2361 2645 2394 και
2675 2340 2757 2394 ἐπὶ
2805 2347 2965 2393 πᾶσιν
3015 2339 3447 2413 εὐχαριστοῦντες
3503 2343 3621 2396 τοῖς
3659 2343 3739 2406 τῷ
3787 2332 3928 2387 δοκι-

2321 2434 2540 2506 μάζοντι
2617 2439 2732 2503 Θεῷ
2794 2427 3132 2503 δεδογμένοις
3196 2448 3285 2479 και
3352 2429 3478 2499 ἡμῖν
3542 2424 3925 2497 ἕπενηγμένοις,

2321 2522 2428 2594 οὐχ
2480 2521 2620 2573 ἁπλᾶ
2703 2525 2856 2592 μόνον
2911 2516 3338 2590 ἀπολαμϐάνομεν
3395 2513 3695 2575 κάνταῦθα,
3733 2513 3846 2566 ἀνθ’
3873 2514 3927 2563 ὧν

2322 2611 2600 2681 πληγέντες
2682 2608 3015 2683 εὐχαρίστως
3118 2605 3553 2680 ἕκαρτερήσαμεν,
3649 2603 3789 2655 ἀλλὰ
3853 2622 3928 2652 και

2321 2698 2609 2766 πολλαπλᾶ,
2675 2698 2914 2770 μείζονος
2989 2703 3084 2758 τῆς
3156 2696 3382 2755 ὑστάτης
3451 2693 3701 2762 εὐλογίας
3736 2709 3927 2761 επιτυγ-

2322 2791 2564 2861 χάνοντες
2615 2788 2644 2846 ἦ
2683 2795 2773 2848 τῆς
2827 2792 3057 2862 πρώτης,
3108 2786 3176 2846 ὡς
3223 2803 3312 2835 και
3383 2783 3408 2834 ὁ
3459 2790 3707 2854 γενναῖος
3757 2781 3926 2839 hei»;

2322 2897 2414 2930 και
2467 2875 2516 2928 ἄν
2569 2877 2769 2936 πάσαις
2842 2882 2957 2936 ταῖς
3038 2875 3434 2946 συμπεσούσαις
3510 2877 3840 2943 συμφοραῖς,
3885 2869 3925 2919 ἐν

2246 2988 2286 3046 c
2324 2973 2484 3028 πᾶσις
2515 2973 2625 3028 τοῖς
2679 2971 2771 3017 τοῦ
2814 2964 3147 3039 πειράζοντος
3201 2967 3590 3034 μηχανήμασιν
3650 2958 3928 3011 ἁκατάσει·

2328 3076 2449 3118 στος
2497 3058 2680 3128 ἔτυχεν
2737 3052 2873 3108 Ἰὼϐ.
2921 3076 2950 3104 (ι
3008 3057 3347 3126 Πορευὸμενοι
3411 3053 3490 3121 (1)
3542 3048 3876 3124 ἐπορεύοντο,
3909 3068 3931 3094 ιι

2328 3149 2480 3219 φησί,
2523 3167 2553 3197 ε(
2595 3163 2684 3196 και
2740 3143 2964 3212 ἔκλαιον,
3052 3141 3324 3214 βάλλοντες
3395 3142 3462 3192 τὰ
3525 3143 3819 3212 σπέρματα
3853 3137 3934 3189 α.)-

2325 3242 2427 3288 τῶν
2461 3255 2474 3268 ο
2501 3255 2529 3285 ν)
2559 3238 2671 3301 καὶ,
2707 3253 2739 3283 α
2780 3232 2897 3285 Ἐπὶ
2943 3231 3020 3303 (2)
3050 3239 3232 3304 νεκρῶ,
3275 3251 3302 3278 ››
3335 3234 3486 3301 φησὶ,
3529 3250 3562 3278 ‹(
3594 3227 3835 3280 at).er
3860 3245 3872 3255 ·
3913 3247 3932 3276 ι

2327 3329 2417 3377 καὶ
2492 3321 2662 3388 αὖθις,
2723 3344 2753 3372 ‹‹
2819 3322 2935 3375 Ἐπὶ
2978 3329 3138 3394 νεκρῷ
3199 3320 3462 3390 κατάγαγε
3539 3314 3783 3390 δάκρυα,
3856 3319 3942 3367 καὶ

2330 3410 2476 3466 δεινὰ
2503 3414 2729 3484 πάσχων
2761 3409 2967 3482 ἓναρξαι
3027 3411 3215 3484 θρήνου
3273 3408 3386 3477 (3)ο
3436 3427 3466 3456 ››
3522 3405 3586 3458 ού
3647 3409 3764 3478 μὴν
3821 3403 3943 3457 ἀλλὰ

2328 3507 2419 3555 καὶ
2493 3500 2542 3553 ἐν
2599 3508 2661 3572 τῇ
2741 3500 2970 3571 ὑπομονῇ
3036 3499 3181 3569 ἡμῶν
3255 3495 3552 3552 κτήσασθαι
3595 3497 3699 3556 τὰς
3757 3495 3940 3564 ψυχὰς

2329 3591 2475 3662 ἡμῶν
2513 3591 2593 3659 (4)
2642 3591 2866 3662 Χριστὸς
2915 3589 2940 3639 ὁ
2998 3590 3171 3660 Σωτὴρ
3209 3584 3370 3657 ἐμϐοᾷ
3433 3588 3520 3634 καὶ
3574 3579 3941 3655 διαμαρτύρε-

2328 3699 2433 3750 ται,
2477 3679 2800 3750 ἣύπομονὴν
2857 3674 2955 3746 ἐγώ
3004 3679 3189 3748 μικτόν
3238 3693 3371 3745 φημι
3429 3677 3643 3744 σπέρμα
3708 3669 3941 3746 δάκρυσι

2329 3772 2419 3820 καὶ
2452 3766 2756 3838 κλαυθμοῖς,
2839 3767 2906 3825 ὡς
2961 3783 3051 3816 και
3115 3777 3182 3816 τοι
3219 3770 3316 3814 τῶν
3371 3764 3487 3836 περὶ
3544 3765 3639 3818 τὴν
3691 3768 3799 3832 ’γῆν
3851 3779 3942 3812 πο·

2329 3858 2548 3908 νούντων
2582 3855 2746 3928 μικρὰ
2808 3851 3064 3904 δάκνουσι
3114 3856 3290 3912 πόνοις
3329 3854 3418 3901 καὶ
3485 3845 3736 3918 ἱδρώτων
3785 3869 3939 3922 κρον-

2329 3942 2638 4006 νοίς.Κὰκεῖ
2664 3947 2754 4016 μὲν
2781 3945 2838 3994 τὸ
2869 3942 3018 3994 πλέον
3083 3951 3183 3993 τῶν
3239 3936 3580 4014 δραγμάτων,
3640 3936 3682 3990 ἁ
3730 3936 3801 3997 δὴ
3860 3944 3940 3990 χαι

2331 4036 2460 4106 μετα
2517 4039 2692 4107 χαρᾶς
2768 4035 2995 4102 αἰροντες
3064 4033 3310 4103 ἔρχονται
3386 4033 3476 4079 καὶ
3552 4026 3937 4098 ἀγαλλιάσεως,

2332 4122 2546 4195 ἀχρεῖον
2573 4127 2661 4173 καὶ
2705 4120 2799 4178 ὕλη
2841 4123 3005 4194 πυρὸς
3055 4119 3417 4176 καταπατηθεν
3465 4121 3557 4167 καὶ
3608 4115 3897 4191 ἀπορρεῖ-ἢ
3924 4136 3937 4148 ·

2334 4211 2553 4263 ἐνταῦθα
2585 4207 2643 4262 δὲ
2672 4213 2728 4262 τὸ
2760 4208 2812 4260 ἐκ
2844 4217 2934 4268 τῆς
2977 4209 3240 4279 ὑπομονῆς
3293 4207 3427 4271 ὅλον,
3479 4203 3756 4277 ἀκήρατος
3814 4225 3937 4276 xu;-

2333 4305 2446 4370 πὸς,
2519 4298 2805 4358 ἀποθήκαις
2865 4298 3126 4369 οὐρανίαις
3202 4295 3650 4369 θησαυριζομενον
3707 4301 3799 4346 καὶ
3844 4315 3937 4365 με·

2336 4387 2517 4462 δαμῶς
2547 4386 2811 4462 μηδέποτε
2864 4383 3248 4458 δαπανώμενον,
3315 4383 3586 4436 κάνταῦθα
3622 4381 3689 4436 δὲ
3753 4384 3936 4441 πολλὰς

2335 4477 2388 4530 ἐκ
2429 4486 2564 4531 Θεοῦ
2625 4483 2713 4529 καὶ
2778 4475 3001 4549 μεγάλας
3055 4474 3378 4547 ἐφελκόμενον
3400 4476 3484 4533 τὰς
3540 4472 3790 4545 ἀμοιϐὰς,
3851 4478 3935 4523 τού

2334 4572 2425 4620 καὶ
2483 4564 2896 4641 διαρρήσσοντος
2941 4567 3062 4624 τοὺς
3131 4565 3357 4624 σάκκους
3412 4569 3520 4622 τοίς
3575 4565 3744 4634 πικρὰ
3799 4562 3933 4611 πάσ-

2339 4675 2525 4730 χουσι,
2607 4659 2696 4707 καὶ
2768 4655 3199 4730 περιξωννύοντος
3273 4650 3613 4723 εὐφροσύνην,
3687 4656 3777 4701 καὶ
3853 4653 3930 4699 τον

2339 4748 2553 4798 κοπετὸν
2609 4749 2910 4818 στρέφοντος
2949 4743 3015 4803 εὶς
3063 4742 3236 4816 χαράν
3451 4742 3720 4792 Πιστεύων
3763 4736 3821 4790 δὲ
3851 4743 3928 4788 καὶ

2342 4830 2510 4888 Δαυὶδ
2553 4831 2600 4885 ἓν
2646 4841 2714 4906 γῇ
2760 4841 2857 4884 τῶν
2906 4830 2984 4884 ἀεὶ
3033 4832 3238 4892 ζώντων
3307 4825 3438 4881 ἰδεῖν
3492 4832 3562 4880 τὰ
3614 4827 3792 4899 ἀγαθὲ
3837 4828 3923 4896 (6},

2342 4920 2492 4977 ούδὶν
2531 4923 2698 4998 ἕτερον
2763 4920 2908 4983 εὐθὺς
2963 4925 3054 4973 καὶ
3104 4922 3233 4996 πρὸς
3288 4921 3347 4971 σε
3393 4921 3645 4992 στραοεὶς
3694 4917 3850 4989 λέγει,
3899 4915 3923 4970 ξ

2343 5134 2410 5197 εἰς
2455 5138 2634 5212 χαρὰν
2687 5132 2877 5212 ἕμοίς
2945 5132 3226 5209 ὃιέρῥηξας
3279 5134 3368 5184 τὸν
3421 5131 3618 5184 σάκκον
3676 5152 3798 5205 μου,
3856 5131 3926 5182 καὶ

2341 5207 2660 5284 περέᾷζωσάς
2697 5207 2760 5280 με
2792 5207 3108 5284 εὐφροσύνὴν
3121 5248 3134 5262 .

2412 5273 2495 5352 (6)
2530 5273 2748 5335 Ρεᾶιώ.
2785 5273 2937 5352 xx'v'r,
2982 5282 3064 5343 l3,
3124 5279 3193 5352 14
3217 5293 3229 5331 :
3257 5275 3526 5352 πιστεύωΔ
3552 5282 3646 5329 τοῦ
3706 5273 3830 5329 ἰδεῖν
3880 5275 3924 5323 τὲ

2342 5346 2520 5426 ἀγαγὰ
2579 5356 2787 5426 Κύριον.
2864 5346 2930 5402 ἐν
2964 5357 3029 5422 γῇ
3119 5349 3472 5426 ζωντωνκ-
3512 5346 3812 5422 Ὑπὸμεινον
3864 5351 3920 5398 τοι

2345 5419 2582 5499 Κύριον*
2614 5419 2888 5499 ἀνδριζου,
2915 5419 3014 5499 καῖ
3057 5419 3432 5494 κραταιοῦσθε»
3484 5422 3516 5481 ἡ
3573 5419 3776 5497 καρδία
3835 5437 3922 5482 σου,

2341 5499 2430 5552 καὶ
2461 5496 2734 5570 ὑπόμεινον
2761 5498 2846 5550 τὸν
2879 5496 3088 5568 Κύριον.
