4064 6308
119 238 242 302 1449
1143 239 1369 300 SERMO
1409 235 1724 297 CONSOLA

1852 235 1984 294 {IUS
2019 238 2115 295 AD
2152 237 2410 295 FlLiAM.
3321 234 3457 296 1450

118 371 189 423 ὅτι
211 370 474 440 ὑπόμεινον
505 366 592 419 τόν
622 366 835 440 Κύριον,
860 370 951 419 καὶ
977 362 1250 441 ἁνδρίζου,
1281 364 1370 419 xui
1403 360 1674 438 ἀνδρίζου,
1705 364 1795 414 καὶ
1824 364 2190 436 κρπαιούσθω
2220 364 2250 422 ἡ
2280 359 2481 436 καρδία
2505 379 2623 432 σου,
2687 359 2758 423 ὡς
2804 364 2901 424 τῆς
2959 363 3224 437 μακαρίας
3269 360 3461 427 ἐκείνης

123 460 229 519 θέας
252 452 539 529 οὐδαμόθεν
566 454 803 528 ἑτέρωθεν
834 456 864 515 ἢ
895 454 950 508 ἐκ
978 463 1070 517 τῆς
1091 458 1349 529 ὑπομονῆς
1378 458 1470 507 καὶ
1508 451 1824 512 ἀπαντώσης
1849 456 1940 505 καὶ
1960 456 2319 526 γεγενημένης.

189 545 479 607 Ἐκλαυσας
509 551 634 616 γοῦν
671 546 763 596 καὶ
820 546 885 597 σύ
943 544 1145 617 μεγάλα
1188 548 1280 597 καὶ
1345 543 1567 615 περιττὰ
1621 542 1711 593 καὶ
1739 541 1788 594 Α

1888 540 2124 599 Flevisti
2150 541 2348 612 igitur,
2381 544 2439 598 et
2477 542 2540 597 tu
2577 539 2798 598 multas
2838 542 2895 597 et
2914 538 3131 599 nimias
3160 527 3462 617 lacrymas

124 637 375 709 ποταμοὺς
460 631 702 708 δακρύων
757 637 1087 706 κατήνεγκες,
1163 633 1379 694 πολλοὺς
1447 633 1537 704 μὶν
1623 632 1714 681 καὶ

1861 632 1878 685 t
1902 629 2311 703 lacrymarum
2349 630 2546 687 fontes
2572 629 2837 698 emisisti,
2893 630 3111 688 multas
3130 632 3378 705 quidem
3408 636 3466 689 et

130 727 356 797 πρὸτῆς
419 729 705 797 συμφορᾶς,
754 721 969 784 πολλοὺς
1018 727 1106 776 καὶ
1154 721 1202 774 ἐν
1246 721 1386 794 αύτῷ
1443 728 1515 793 τῷ
1560 720 1713 773 πάθει

1863 721 1957 775 nte
1986 718 2407 777 calamitatem.
2457 718 2676 776 multas
2697 734 2841 775 vero
2879 722 2937 776 et
2979 719 3040 776 in
3080 720 3214 793 ipso
3259 719 3468 779 dolore

127 818 212 867 καὶ
254 819 314 885 τῇ
377 817 642 885 συμφορᾷ,
693 810 907 873 πολλοὺς
948 817 1038 865 καὶ
1091 814 1222 886 μετὰ
1271 816 1366 871 τὴν
1421 811 1709 885 συμφορὰν,

1861 813 1879 864 ι
1907 807 2263 878 calamitate,
2290 808 2508 866 multas
2533 812 2590 864 et
2618 811 2759 881 post
2808 808 3230 877 calamitatem,
3280 814 3466 867 totum

132 902 246 963 ὃλην
272 905 366 960 τὴν
397 897 623 975 καρδίαν
661 896 889 954 ἓνὸοϋσα
933 908 995 974 τῇ
1053 900 1205 973 φλογὶ
1241 905 1331 954 καὶ
1359 908 1433 972 τῷ
1482 901 1715 953 καύσωνι

1864 912 1994 953 lum
2024 913 2127 955 cor
2149 898 2413 955 ﬂammae
2439 901 2498 955 et
2547 897 2672 969 igni
2730 900 2787 955 et
2836 898 3279 972 consumptioni
3328 898 3469 956 inde

127 997 215 1045 xui
240 997 311 1062 τῷ
341 988 394 1052 ἐξ
423 988 585 1042 αὐτοῦ
625 998 888 1065 μαρασμῷ
923 1011 935 1024 ·
992 986 1161 1054 δεῖξον
1224 990 1401 1044 λοιπὸν
1455 989 1569 1042 κατ’
1602 991 1716 1040 ἶσον

1866 990 1966 1043 rtaa
1985 986 2228 1044 tradens
2257 1006 2270 1057 ;
2295 986 2541 1044 ostende
2564 1002 2725 1044 nunc
2755 1001 2880 1044 non
2917 988 3211 1045 minorem
3238 989 3471 1062 patien-

127 1085 302 1156 μέτρον
384 1083 474 1132 καὶ
550 1082 608 1133 τό
679 1088 771 1140 τῆς
831 1080 1111 1152 ὑπομονῆς,
1168 1084 1259 1133 καὶ
1310 1086 1526 1153 Χριστῷ
1566 1084 1718 1131 τοῦτο

1871 1091 1991 1143 am,
2031 1091 2288 1149 eamque
2317 1075 2544 1133 Christo
2559 1075 2794 1149 jubenti
2825 1093 2894 1133 ac
2923 1078 3192 1150 poscenti
3220 1077 3473 1135 immola

126 1173 510 1245 προστάσσοντι
562 1172 655 1221 καὶ
725 1169 970 1241 ζητοῦντι
1037 1171 1195 1222 θῦσον
1245 1174 1336 1223 καὶ
1391 1171 1719 1244 καρποφόρη·

1868 1162 2080 1231 toifer,
2105 1170 2164 1222 et
2203 1165 2317 1222 hac
2357 1165 2487 1235 lege
2524 1164 2767 1239 posside
2819 1165 3086 1223 animam
3140 1169 3308 1223 tuam
3341 1166 3473 1235 ;fac

131 1278 238 1327 σον,
275 1265 364 1313 καὶ
407 1267 469 1333 τῇ
529 1257 700 1331 ἐντολῇ
751 1261 915 1332 ταύτῃ
965 1266 1158 1318 κτῆσαι
1214 1263 1308 1318 τὴν
1365 1263 1462 1317 σήν
1512 1257 1720 1329 ψυχὴν,

1876 1258 2015 1312 tnos
2026 1271 2269 1329 quoque
2285 1255 2521 1312 animas
2532 1259 2768 1313 nostras
2781 1255 3210 1329 possideamus
3228 1271 3242 1324 ;
3258 1272 3395 1331 quae
3413 1256 3475 1313 in

126 1350 427 1407 κτήσασθαι
484 1343 545 1401 δε
593 1351 685 1399 καὶ
742 1348 881 1420 ἡμᾶς
923 1349 1018 1409 τὰς
1072 1349 1218 1420 ἡμῶν
1269 1346 1484 1421 πρᾶξον,
1538 1342 1724 1399 κινδυ-

1872 1360 1902 1401 ο
1931 1348 2071 1400 sunt
2098 1348 2164 1401 ut
2192 1360 2315 1416 prae
2342 1344 2574 1401 tristitia
2594 1344 2953 1416 dejiciantur
2985 1361 3054 1402 ac
3083 1345 3387 1416 deﬁciant,
3406 1361 3477 1403 eo

126 1440 374 1499 νευούσας
420 1433 529 1496 ἤδη
619 1440 709 1489 καὶ
777 1438 1139 1495 καταποθῆναι
1222 1441 1311 1489 καὶ
1385 1434 1727 1489 ἐκλελοιπέναι

1878 1432 2000 1490 uod
2023 1448 2147 1490 non
2167 1432 2407 1490 aliunde
2428 1433 2798 1504 refrigerium
2828 1437 2884 1490 et
2931 1433 3201 1491 solamen
3248 1435 3482 1507 possint

132 1534 247 1590 ταῖς
279 1525 528 1599 ἀθυμίαις
562 1533 634 1597 τῷ
696 1521 1001 1598 μηδαμόθεν
1049 1524 1257 1578 ἄλλοθεν
1301 1523 1584 1597 ἀναψυχὴν
1639 1528 1729 1577 καὶ

1878 1522 2127 1596 ccipere,
2157 1522 2270 1578 nisi
2301 1527 2383 1587 tu,
2425 1527 2529 1579 tua
2554 1521 2774 1580 eximia
2819 1522 3037 1596 pietate
3063 1528 3121 1580 et
3179 1524 3242 1579 in
3292 1523 3482 1580 Deum

137 1615 467 1691 παράκλησιν
508 1611 771 1668 δύνασθαι
827 1610 1102 1681 δέξασθαι,
1173 1614 1217 1667 εἰ
1270 1619 1339 1687 μὴ
1391 1617 1476 1681 σὺ,
1533 1613 1732 1672 ἐκνική-

1878 1612 2082 1683 .ducia,
2113 1612 2409 1685 simulque
2431 1619 2532 1668 tuo
2580 1628 2874 1685 generoso
2927 1628 2996 1670 ac
3051 1613 3228 1670 ﬁrmo
3280 1614 3483 1670 animo

146 1715 286 1759 σασα
310 1712 425 1766 ταῖς
448 1712 544 1764 τῆς
590 1702 855 1766 εὐλαϐείας
918 1702 1222 1777 ὑπερϐολαῖς
1280 1709 1370 1757 καὶ
1418 1708 1546 1779 πρὸς
1605 1706 1734 1759 Θεὸν

1885 1703 2106 1769 incens,
2139 1701 2388 1774 teipsam
2414 1702 2701 1772 majorem
2731 1717 2801 1758 ac
2823 1701 3125 1758 fortiorem
3142 1718 3366 1773 magno
3385 1701 3486 1758 illo

143 1795 535 1859 πεποιθήσεσιν,
589 1792 701 1866 ἅμα
761 1789 820 1845 δὲ
861 1796 952 1845 καὶ
1002 1801 1074 1863 τῷ
1128 1796 1338 1865 γενναίῳ
1374 1797 1466 1847 καὶ
1505 1795 1739 1869 σταθερῷ

1891 1790 2050 1847 olore
2064 1794 2329 1863 praestes,
2344 1806 2414 1846 ac
2425 1789 2784 1858 calamitate,
2797 1807 2934 1863 quae
2951 1806 3063 1846 nos
3083 1795 3238 1847 totos
3270 1789 3492 1864 premit

143 1890 236 1936 τοῦ
268 1886 613 1955 φρονήματος,
662 1885 879 1955 κρείττω
946 1885 1167 1940 σεαυτὴν
1209 1878 1397 1944 δείξεις
1450 1888 1541 1935 καὶ
1587 1884 1739 1956 ὑπερ-

1889 1897 1920 1936 c
1944 1879 2163 1951 dejicit.
2182 1878 2372 1935 Ethoc
2387 1880 2591 1947 modo,
2610 1884 2694 1951 tu,
2714 1896 2849 1953 quae
2862 1880 2923 1936 in
2936 1879 3217 1936 omnibus
3235 1879 3493 1936 admira-

145 1975 250 2024 ἀνω
335 1975 604 2043 γενομένην
678 1978 769 2023 τοῦ
847 1970 1072 2043 μεγάλου
1142 1968 1298 2024 τοῦδε
1370 1972 1570 2035 πάθους
1652 1976 1742 2025 καὶ

1889 1985 2072 2026 onem
2086 1985 2308 2039 moves,
2321 1969 2402 2024 sis
2413 1967 2590 2025 nobis
2603 1968 2953 2026 admiranda
2966 1968 3348 2039 consolatrix,
3371 1983 3494 2024 non

143 2071 237 2123 τῆς
268 2060 414 2122 ὅλους
488 2061 622 2133 ἡμᾶς
697 2064 1090 2135 χειρωσαμένης
1165 2064 1250 2113 καὶ
1337 2063 1745 2133 κατενεγκούσης

1895 2058 2052 2116 erbis
2065 2058 2248 2114 modo
2264 2073 2334 2114 ac
2346 2058 2729 2130 argumentis,
2744 2057 2849 2114 sed
2863 2062 2917 2113 et
2928 2056 3364 2131 operibusipsis
3377 2072 3500 2113 ma-

147 2154 434 2225 συμφορᾶς.
470 2153 570 2202 Καὶ
608 2155 788 2201 τοῦτον
845 2145 913 2207 δὴ
964 2151 1050 2201 τόν
1104 2153 1312 2224 τρόπον,
1369 2152 1399 2209 ἡ
1458 2152 1525 2202 τὰ.
1577 2151 1749 2202 πάντα

1899 2148 2134 2205 ifestum
2166 2146 2392 2203 faciens
2418 2152 2474 2204 te
2491 2164 2527 2203 a
2552 2150 2667 2204 Deo
2679 2147 3003 2220 perfectam
3025 2146 3500 2204 consolationem

148 2240 424 2311 θαυμασία
463 2240 550 2308 σὺ,
605 2242 696 2290 καὶ
748 2238 1024 2310 θαυμαστὴ
1079 2243 1371 2313 παρήγορος
1421 2238 1545 2310 ἡμῖν
1593 2257 1748 2291 διατα-

1899 2237 2184 2311 coepisse,
2197 2237 2355 2293 hanc
2368 2252 2657 2308 magnam
2669 2237 3016 2311 patientiam
3030 2241 3087 2293 et
3099 2237 3259 2293 hanc
3285 2236 3504 2294 miram

146 2330 452 2399 σταίης,μὴ
471 2325 677 2399 ῥήμασι
715 2330 886 2398 μόνοις
942 2330 1034 2378 καὶ
1079 2324 1272 2398 λόγοις,
1346 2325 1474 2378 ἀλλὰ
1528 2331 1619 2380 καὶ
1672 2328 1751 2401 ἔρ-

1896 2326 2268 2384 uﬁ‘erentiam
2291 2326 2580 2385 induisse.
2620 2328 2737 2383 Has
2770 2325 2849 2383 ad
2875 2330 2949 2395 te,
2977 2325 3325 2398 imperatrix
3341 2341 3501 2394 mea,

148 2435 267 2488 γοις
326 2415 505 2477 αὐτοῖς
569 2418 781 2489 φανερόν
841 2415 1049 2468 τιθεῖσα
1103 2416 1181 2467 ὃτι
1236 2420 1325 2469 καὶ
1366 2415 1752 2491 παρεκαλέσατο

1906 2414 2221 2485 reces,hmc
2233 2418 2371 2472 vota
2383 2414 2564 2483 mitto;
2579 2415 2708 2472 haec
2721 2414 2925 2487 accipe
2935 2413 3290 2487 libens,quw
3307 2414 3507 2471 omnia

138 2510 239 2559 xui.
288 2504 471 2566 τελέως
551 2503 941 2579 παρεκαλέσατό
1026 2523 1087 2557 σε
1156 2508 1307 2573 Θεὸς,
1392 2513 1486 2568 τῆς
1525 2505 1743 2579 μέγοίλης

1903 2506 1954 2562 is
1976 2509 2033 2563 et
2069 2519 2357 2577 properas
2392 2503 2744 2577 parentibus
2774 2503 2888 2561 tuis
2918 2507 3089 2575 grata
3117 2503 3331 2560 facere.
3400 2505 3507 2559 Ne-

140 2599 340 2657 ταύτης
386 2596 652 2667 ὑπομονῆς
729 2594 1080 2668 ἀμειψάμενος
1142 2600 1232 2648 καὶ
1298 2604 1391 2657 τῆς
1451 2598 1745 2669 θαυμαστῆς

1911 2612 1983 2652 ue
2001 2594 2299 2668 despicias
2320 2610 2480 2651 nunc
2510 2594 2710 2667 (quam
2737 2593 3014 2650 ardenter
3041 2592 3253 2663 vides),
3287 2592 3512 2665 suppli-

144 2688 450 2759 καρτερίας.
516 2685 722 2742 Ταύτην
807 2681 906 2754 ἐγώ
956 2702 1062 2747 σοι,
1137 2682 1435 2757 βασίλισσα
1492 2705 1612 2757 μου,
1665 2690 1749 2743 τὴν

1904 2689 2101 2743 antem
2129 2689 2360 2758 patrem
2383 2688 2574 2753 tuum,
2605 2685 2710 2757 qui
2746 2699 2869 2741 non
2887 2683 3263 2740 alitervivere
3294 2685 3509 2756 potest,

151 2770 365 2841 δέησιν,
433 2774 627 2831 ταύτην
704 2772 956 2847 προσάγω
1022 2776 1117 2830 τήν
1201 2776 1423 2841 ῖκεσίαν,
1475 2779 1566 2827 καὶ
1611 2771 1756 2837 δέξαι

1913 2791 2055 2831 uam
2087 2773 2136 2828 si
2165 2773 2240 2829 de
2272 2778 2328 2830 te
2350 2773 2596 2830 lmtifera
2616 2773 2826 2830 nuntia
2856 2773 3127 2845 accipiat,
3153 2788 3288 2845 quae
3309 2786 3514 2828 amare

151 2864 458 2931 πεισθεῖσα,
495 2863 525 2920 ἡ
559 2866 650 2914 καὶ
680 2863 744 2913 τὰ
770 2862 940 2913 πάντα
977 2865 1067 2914 καὶ
1126 2859 1413 2934 βουλομένη
1458 2868 1549 2916 καὶ
1598 2883 1756 2917 σπου-

1909 2868 2059 2920 )tum
2086 2878 2189 2918 cor
2212 2861 2629 2935 perturbantes
2651 2866 2706 2918 et
2720 2860 3129 2934 discerpantes
3155 2864 3213 2916 et
3240 2859 3514 2916 occiden-

155 2951 408 3013 δοίζουσα
475 2958 586 3013 τοῖς
654 2954 711 3004 σε
757 2959 994 3003 τεκοῦσιν
1044 2953 1170 3024 ἡμῖν
1220 2954 1463 3025 πράττειν
1512 2973 1760 3029 κεχαρισ-

1916 2969 1960 3008 BS
1985 2951 2376 3021 cogitationes
2412 2950 2736 3007 mulceant.
2764 2953 2899 3006 Haec
2927 2949 3138 3017 facias,
3167 2952 3223 3005 et
3244 2948 3445 3020 adhuc
3469 2945 3521 3003 si

150 3045 309 3116 μένα.
354 3045 454 3094 Καὶ
500 3045 572 3113 μὴ
630 3036 865 3114 παρίδης
911 3036 1042 3112 μηδ’
1097 3039 1147 3092 ἐν
1207 3048 1316 3103 τοῖς
1367 3050 1601 3116 παροῦσι
1650 3045 1755 3119 θερ-

1916 3040 2098 3108 aleas,
2126 3039 2220 3096 his
2248 3038 2441 3111 plura,
2457 3039 2519 3094 in
2531 3044 2803 3095 nostrum
2830 3037 3102 3095 solamen
3131 3057 3146 3106 ;
3171 3036 3344 3093 ettibi
3368 3039 3521 3093 Deus

154 3138 293 3205 μῶς,
376 3131 496 3202 ὁρᾷς
591 3126 641 3181 δ’
700 3128 911 3193 ὁπόσον,
970 3130 1367 3183 καθικετεύοντα
1417 3134 1505 3183 τόν
1544 3135 1759 3207 πατέρα,

1917 3129 2074 3185 lhOC
2100 3127 2333 3187 mundo
2375 3143 2585 3185 curam
2642 3131 2702 3184 et
2746 3143 2991 3184 omnem
3044 3125 3522 3182 misericordiam

146 3198 252 3271 νιαὶ
291 3198 552 3291 μηδαμῶς
599 3217 773 3291 ἑτέρως
829 3219 1025 3275 ἣκιστα
1073 3213 1354 3290 δυνάμενον
1408 3219 1582 3293 ζῇν,ἣ
1613 3198 1751 3273 nisu,

1918 3217 2180 3274 restabit
2208 3217 2466 3290 :quippe
2495 3216 2601 3289 qui
2621 3215 3169 3273 misericordiarum
3215 3218 3387 3287 pater
3427 3214 3522 3272 sit.

144 3310 385 3382 μοτέρας
412 3306 661 3379 ἀγγελίας
699 3303 982 3378 δεχόμενον
1032 3311 1150 3381 περὶ
1205 3314 1320 3377 σοῦ,
1387 3312 1478 3361 καὶ
1525 3317 1625 3361 τῶν
1677 3316 1749 3362 νῦτ

1924 3322 1956 3363 c
1984 3305 2200 3363 deinde
2220 3305 2283 3362 in
2309 3305 2474 3362 caelis
2504 3305 2611 3362 tibi
2630 3305 3071 3362 indesinentem
3109 3303 3272 3360 illam
3299 3308 3356 3360 et
3380 3302 3525 3359 inef-

142 3402 360 3470 πικρώς
386 3395 742 3470 θορυϐούντων
771 3400 861 3448 καὶ
917 3399 1011 3454 τὴν
1061 3395 1182 3455 ὃλην
1238 3393 1463 3471 καρδίαν
1524 3418 1747 3475 σπαρατ-

1926 3395 2119 3452 ιΙιὶΙθω
2149 3395 2408 3452 laetitiam
2438 3395 2745 3466 largietur,
2783 3393 3211 3452 interveniente
3270 3397 3327 3450 et
3353 3392 3531 3450 inter-

139 3491 351 3540 τόντων
398 3491 487 3538 καὶ
543 3487 857 3559 νεκρούντων
920 3484 1277 3557 κουφιζούσας
1334 3485 1622 3559 λογισπῶν.
1662 3495 1744 3541 Να

1927 3485 2125 3542 edente
2153 3486 2478 3559 purissima
2497 3491 2556 3543 et
2606 3485 2986 3543 sanctissima
3035 3490 3092 3543 et
3139 3482 3532 3542 immaculata

137 3581 342 3644 ταῦτα,
373 3579 463 3627 καὶ
483 3576 577 3627 εἴτι
606 3574 754 3627 πλέον
787 3570 943 3645 δύνῃ,
990 3573 1187 3645 πρᾶξον
1213 3573 1285 3637 εἰς
1344 3573 1471 3648 ἇμὴν
1518 3596 1763 3652 παραμυ-
1878 3591 1988 3632 sua
2027 3576 2226 3632 Matre.

145 3669 299 3731 θίαν,
339 3669 429 3716 καὶ
495 3667 623 3726 Θεὸς
671 3664 819 3716 ἔσται
857 3682 943 3715 σοι
997 3661 1265 3716 κάνταῦθα
1321 3661 1563 3737 κηδεμὼν
1611 3670 1701 3718 καὶ
1748 3667 1982 3740 χορηγός
2012 3662 2180 3726 ἐλέους
2207 3668 2415 3732 παντὸς,
2444 3666 2470 3719 ὁ
2500 3670 2717 3719 καὶτῶν
2745 3663 2982 3741 ἀρρήτων
3009 3667 3181 3737 πατὴρ
3216 3662 3524 3737 οἰκτιρμῶν.

154 3753 246 3809 Οὐ
278 3755 381 3823 μὴν
412 3751 539 3805 ἀλλὰ
566 3756 657 3805 καὶ
686 3750 736 3803 ἐν
764 3758 875 3813 τοῖς
912 3751 1168 3825 οὐρανίοις
1225 3754 1374 3805 ἔσται
1440 3772 1526 3806 σοι
1578 3756 1908 3830 πρυτανεύων
1964 3757 2055 3807 καὶ
2093 3758 2438 3829 χαριζόμενος
2487 3759 2577 3814 τὴν
2646 3754 2997 3829 ἁνέκφραστον
3053 3753 3247 3810 ἐκείνην
3296 3757 3386 3804 καὶ
3432 3769 3538 3823 μη-

156 3840 360 3897 δέποτε
423 3837 588 3914 μηδεν
656 3844 814 3914 πέρας
892 3841 1123 3912 ἔχουσαν
1192 3840 1531 3915 εὐφροσύνην,
1601 3843 1991 3919 πρεσϐευούσης
2052 3850 2143 3899 καὶ
2216 3848 2596 3919 μεσιτευούσης
2672 3849 2804 3919 πρός
2880 3850 3034 3898 τοῦτο
3093 3850 3186 3904 τῆς
3232 3841 3541 3914 παναχροίν-

160 3950 268 3986 του
290 3934 380 3984 καὶ
406 3936 729 4004 παναμώμου
758 3933 849 3983 καὶ
875 3931 1273 4006 πανυπεράγνόυ
1293 3935 1507 4006 Μητρὸς
1526 3931 1708 3990 αὐτοῦ.

679 5570 932 5636 Pauci.
974 5574 1077 5633 Gs.
1114 5570 1269 5631 CXL.

3153 5564 3222 5631 46
