4064 6308
155 263 266 316 1453

1101 256 1194 312 DE
1220 256 1575 314 MIRACULO
1599 257 1670 313 IN
1697 257 1883 314 CANA
1915 262 2165 321 FACTO.

3321 276 3460 329 1454

208 379 407 439 Μελειδ’
463 377 613 432 οὐδὲν
665 388 764 432 τῶν
820 383 1085 441 τοιούτων,
1153 378 1268 433 οὐδ’
1324 380 1594 455 ἀνθρώπου
1649 379 1696 451 γ’

1883 385 2033 441 Nihil
2064 404 2206 444 vero
2250 391 2362 447 tale
2415 409 2573 448 cura;
2601 395 2690 449 est
2716 394 2859 463 Deo,
2912 393 3177 450 hominis
3223 411 3409 454 causa
3440 412 3455 462 ;

149 471 303 534 εἱνεκα,
332 479 397 541 τῷ
429 477 541 538 Θεῷ
575 491 586 501 ·
619 477 718 520 τῶν
752 465 800 520 δ’
853 469 1144 540 ἀναγκαίων
1193 478 1300 531 τοῖς
1355 474 1485 532 ζῶσι
1539 471 1698 542 μέλει,

155 558 309 634 ἄρτου,
340 563 491 631 φημὶ,
522 563 612 610 καὶ
641 554 836 618 ὕδατος
862 579 874 590 ο
906 563 995 610 καὶ
1052 555 1144 610 διὰ
1193 567 1344 611 τοῦτο
1389 564 1478 610 καὶ
1507 562 1565 610 τὸ
1613 560 1702 630 μὲν

147 649 252 719 ἡμῖν
277 647 446 700 ἆπονον
486 646 597 719 ἆμα
641 652 730 698 καὶ
788 647 1003 718 ἄφθονον
1062 666 1077 680 ο
1129 645 1281 718 ἆρτον
1331 642 1380 697 δ’
1417 643 1604 697 ἐσθίειν
1657 642 1702 694 ἐν

148 733 324 808 ίδρώτιν
384 735 576 788 ἐκείνου
643 740 960 809 πρόσταγμα
1009 735 1106 806 (1),
1184 732 1276 787 διὰ
1354 737 1439 786 τόν
1506 737 1703 806 καρπον

148 828 334 892 πάντως,
365 822 421 877 οὗ
461 835 550 876 τον
573 824 729 876 καλόν
788 827 883 895 (2),
933 833 1028 884 τῆς
1079 826 1217 896 ὧρας
1271 828 1360 875 καὶ
1409 831 1500 882 τῆς
1558 821 1702 894 βρω-

148 935 258 976 σεως
305 905 591 973 ἡττηθέντες
664 919 753 965 καὶ
833 922 931 964 τῶν
1008 912 1370 984 ἐντεταλμένων
1436 911 1702 983 ὠλιγωρη-

143 1008 282 1068 κότες,
307 1007 638 1075 μετέσχομεν.

207 1093 273 1143 Οὐ
317 1096 410 1164 μὴν
471 1091 599 1143 ἀλλὰ
644 1099 822 1142 τοῦτον
873 1088 938 1148 δή
993 1093 1078 1142 τόν
1123 1095 1309 1162 τρόπον
1365 1092 1549 1141 τούτου
1615 1094 1704 1140 καὶ

143 1178 388 1241 δοκοῦντος
439 1180 593 1232 πλείω
648 1186 736 1231 καὶ
787 1178 976 1250 ἀμείνω
1051 1178 1201 1249 λόγον
1284 1181 1448 1250 ἔχειν,
1533 1176 1704 1229 πλεῖον

139 1273 262 1340 ἔχειν
285 1275 363 1321 καὶ
382 1266 668 1341 παίδευμα,
729 1271 1065 1340 σωφροσύνης
1113 1269 1279 1319 εῖνεκα
1341 1271 1430 1318 καὶ
1485 1273 1578 1317 τοῦ
1629 1268 1699 1336 μὴ

139 1361 344 1431 ἀσέμνως
394 1364 482 1411 καὶ
540 1359 752 1420 ἀσώτως
813 1357 983 1424 βιοῦν,
1043 1365 1134 1409 τού
1186 1376 1241 1427 γε
1296 1353 1538 1412 δηλονότι
1617 1357 1702 1406 τὸν

136 1448 256 1501 οἶνον
283 1446 414 1521 ύὸωρ
447 1449 755 1519 γεγενῆσθαι
795 1447 824 1504 ἡ
871 1451 928 1498 τό
982 1443 1124 1520 ὕδωρ
1181 1445 1251 1505 εἰς
1296 1441 1427 1496 οἶνον
1481 1442 1705 1515 μεταϐα-

134 1539 244 1604 λεῖν,
287 1541 332 1588 τί
380 1539 457 1589 ὅτι
499 1537 580 1608 (3)
642 1541 712 1608 μὴ
763 1539 822 1589 τὸ
883 1543 1087 1608 πρῶτον
1139 1541 1228 1586 καὶ
1286 1533 1513 1605 ἄμεινον,
1572 1528 1702 1605 μηδ’

133 1622 621 1699 ἓτερονίσως,ἐπὶὸ“ε
679 1632 769 1677 τοῦ
824 1621 1065 1696 δευτέρου
1112 1626 1168 1674 τὸ
1222 1625 1398 1694 θαῦμα
1455 1625 1513 1673 τὸ
1558 1617 1702 1696 ὓδωρ

134 1718 238 1767 ἔστι
271 1722 590 1788 μεταποιοῡν,
618 1719 708 1766 καὶ
739 1722 790 1766 εὑ
821 1719 910 1764 καὶ
948 1712 1133 1772 καλῶς,
1185 1713 1323 1766 καθὰ
1384 1707 1452 1768 δη
1497 1715 1587 1763 καὶ
1651 1708 1700 1762 ἐν

133 1810 406 1880 προοιμίοις
456 1805 713 1877 εἰρηκότες
761 1802 933 1875 ἐσμεν,
1001 1801 1155 1863 αὐτὸς
1224 1799 1532 1864 ἐπιστήσας,
1617 1804 1704 1851 τὸν

132 1893 270 1964 λόγον
313 1893 585 1953 ἐζήτησας.
656 1891 810 1944 Ἀλλὰ
873 1898 966 1942 σοῦ
1032 1889 1220 1962 μᾶλλον
1294 1893 1374 1949 τίς
1445 1887 1504 1938 ἂν
1616 1892 1706 1940 καὶ

133 1982 521 2054 ἐπισκεψάμενος
601 1985 691 2032 καὶ
755 1979 1288 2051 πολυπραγμονήσας,
1370 1975 1570 2051 ἐφεύροι
1645 1976 1704 2027 ἆν

130 2072 300 2146 ὀρθῶς,
322 2068 375 2123 οὗ
405 2067 601 2144 καρδία
641 2073 730 2142 μὲν
777 2069 984 2141 καθαρὰ
1021 2068 1110 2119 καί
1163 2069 1338 2141 ὁρῶσα
1390 2070 1538 2132 Θεὸν,
1587 2061 1704 2119 δια-

127 2162 357 2232 λογισμοὶ
398 2157 516 2211 δ’ἐν
553 2159 683 2231 αύτῇ
752 2155 1112 2217 ἀναϐαίνοντες
1154 2155 1232 2209 ἐπ’
1280 2155 1465 2208 ἐκεῖνον
1526 2153 1706 2229 ἀκραι-

125 2260 254 2323 φνώς
283 2247 610 2303 διαϐαίνουσι
641 2252 728 2300 καὶ
763 2249 829 2299 τὰ
887 2245 1076 2297 ἐκείνου
1139 2247 1429 2316 θαυμάσια,
1476 2243 1608 2297 ὥστε
1648 2263 1706 2296 σε

122 2345 213 2391 καὶ
249 2341 369 2411 μετὰ
405 2346 496 2389 τού
544 2339 841 2408 Πνεύματος
890 2337 1029 2405 ἔχειν
1073 2332 1320 2406 ἀσφαλῶς
1367 2333 1573 2407 ἐρευνᾷν
1639 2331 1706 2384 τᾶ

119 2436 214 2480 τού
240 2429 526 2499 Πνεύματος
554 2445 567 2493 ;
599 2426 733 2478 Ἐπεὶ
777 2420 835 2475 δὲ
877 2443 968 2474 και
1011 2423 1161 2494 ἡμεῖν
1227 2420 1354 2494 ἐρεῖν
1411 2424 1469 2472 τό
1515 2417 1704 2474 δοκοῦν

117 2515 410 2592 ἐπέτρεψας,
471 2514 704 2589 ἐροῦμεν,
756 2519 828 2582 τῷ
879 2519 954 2581 σῷ
1027 2513 1284 2583 πνεύματι
1343 2515 1433 2562 καὶ
1507 2517 1569 2582 τῇ
1651 2508 1706 2572 ἐξ

117 2607 276 2659 αὐτοῦ
299 2605 645 2680 θαρρήσαντες
672 2604 884 2674 χάριτι.

193 2698 285 2747 Δύο
308 2693 470 2745 ταῦτα
489 2691 560 2763 ἐφ’
591 2687 806 2751 ὓδατος,
863 2693 922 2741 τό
972 2690 1062 2761 μὲν
1110 2695 1311 2760 πρῶτον
1364 2694 1464 2738 τῶν
1517 2685 1698 2752 ἀλλων,

115 2788 180 2838 τὸ
211 2780 260 2836 δ’
285 2786 504 2854 ἔσχατον
552 2789 651 2832 τῶν
702 2778 864 2830 ἄλλων
918 2797 1007 2828 και
1061 2775 1144 2828 ἐπί
1193 2784 1443 2850 σταυροῦ,
1508 2777 1702 2848 ὁρῶμεν

117 2877 354 2944 θαύματα
372 2872 685 2943 γεγενημένα
725 2890 736 2901 ·
784 2888 874 2919 και
920 2871 978 2919 τὸ
1031 2870 1121 2939 μὲν
1185 2874 1405 2940 πρῶτον,
1452 2865 1578 2917 αὐτὸ
1631 2862 1699 2924 δὴ

113 2971 269 3016 τοῦτο
290 2965 344 3014 τὸ
370 2960 415 3012 ἐν
441 2965 582 3014 Κανᾶ
606 2978 697 3010 και
753 2956 802 3008 ἐν
852 2957 1025 3028 γάμῳ,
1073 2957 1125 3008 ὅν
1164 2951 1231 3012 δὴ
1286 2975 1376 3006 και
1433 2950 1705 3016 διεξιόντες

113 3053 308 3122 ἐσμεν⁸
341 3048 420 3101 ἐπί
475 3045 532 3101 δὲ
579 3055 670 3098 τοῦ
728 3053 959 3118 σταυροῦ
1015 3039 1157 3116 ὕδωρ
1198 3044 1314 3116 ῥυὲν
1368 3041 1422 3093 ἐκ
1467 3051 1562 3104 τῆς
1609 3051 1700 3095 τοῦ

110 3149 347 3216 Σωτῆρος
391 3138 612 3210 πλευρᾶς
663 3136 759 3205 (4),
814 3132 1186 3206 μεταϐαλόντος
1248 3131 1314 3192 εἰς
1384 3139 1536 3183 τοῦτο
1610 3139 1702 3184 τοῦ

107 3237 286 3287 θεικού
343 3231 559 3300 αἰματος
610 3223 685 3276 ἐπ’
745 3222 974 3294 ἐσχάτου
1055 3230 1152 3272 τὼν
1251 3222 1547 3292 θαυμάτων,
1633 3223 1700 3282 ὡς

100 3323 197 3375 ἐπὶ
223 3328 308 3372 τοῦ
336 3324 541 3392 πρώτου
593 3317 828 3388 Χριστός
878 3313 1030 3374 αύτός
1083 3312 1154 3372 εἰς
1209 3315 1341 3362 οἶνόν
1385 3318 1538 3363 τοῦτο
1583 3330 1701 3383 μετ-

99 3409 274 3463 ἐϐαλε.

181 3503 280 3552 Καί
327 3493 474 3568 οἶμαι
523 3494 592 3555 εἰς
628 3511 818 3544 ταυτον
867 3490 995 3542 ἰέναι
1072 3491 1226 3562 ἄμφω
1303 3495 1376 3541 τὼ
1446 3491 1695 3560 θαύματε,

87 3595 237 3642 τότε
272 3594 470 3660 πρῶτον
520 3586 577 3634 τό
637 3581 682 3632 τ’
737 3583 980 3651 ἔσχατον.
1041 3575 1177 3630 Ἐκεῖ
1222 3581 1309 3649 μὲν
1356 3579 1456 3650 γὰρ
1507 3579 1696 3648 γάμος,

85 3697 191 3732 και
218 3681 344 3746 τιμᾷ
359 3681 536 3725 τοῦτον
560 3673 690 3730 Θεὸς
863 3670 944 3720 ὃτι
981 3687 1071 3718 και
1121 3672 1288 3738 τίμιος
1327 3667 1401 3736 (6)
1461 3687 1473 3698 -
1526 3670 1701 3737 τίμιος

88 3766 161 3821 δὲ
194 3773 294 3815 τῶν
340 3761 392 3823 ἐξ
444 3760 598 3812 αὑτοῦ
661 3754 866 3810 παίδων
926 3757 1112 3823 εἱνεκα,
1173 3755 1262 3816 οὓς
1318 3774 1408 3806 και
1457 3755 1699 3806 εἰσποιεί-

84 3875 188 3910 ται
239 3853 464 3925 Χριστὸς
513 3868 603 3899 και
654 3851 858 3920 Πατέρα
933 3845 1100 3895 αὐτῶν
1171 3845 1300 3896 εἶναι
1353 3843 1490 3915 λέγει
1571 3852 1699 3896 Θεον

85 3946 305 4014 πατέρα
348 3943 434 3991 τὸν
495 3934 650 4003 ἰὸιον,
711 3954 800 3986 και
838 3937 1114 4006 προτρέπει
1160 3952 1219 4002 γε
1295 3934 1430 3984 κατά
1506 3935 1702 3991 ταύτην

88 4038 197 4090 τὴν
261 4034 450 4102 σχέσιν
520 4026 821 4098 ἀνθρώπους
880 4027 1026 4083 ὄντας
1096 4022 1286 4094 τολμᾷν
1363 4021 1703 4074 ἐπικαλεσθαι

92 4122 279 4175 αὐτόν.
318 4123 448 4171 Πότε
480 4113 530 4168 θ’
556 4115 705 4167 αὐτοί
761 4117 914 4164 τοῦτο
962 4113 1084 4176 εἰσι,
1142 4131 1231 4162 και
1272 4111 1389 4163 πότ’
1431 4110 1705 4163 ἐπικαλού-

92 4229 250 4283 μενοι
314 4211 547 4278 γνησίως
611 4204 780 4267 εἰσίνς
842 4201 1099 4258 Ὀπηνίκα
1128 4197 1370 4258 δηλονότι
1444 4221 1534 4252 και
1631 4198 1704 4253 δι’

92 4297 305 4358 ὕδατος
365 4315 453 4347 και
514 4295 812 4364 ῐῐνεύματος
876 4286 1022 4350 αὖθις
1122 4288 1536 4360 ἀναγεννηθέντες
1627 4290 1704 4361 (7)

92 4389 262 4441 αὑτὸν
319 4386 546 4457 Χριστὸν
596 4381 708 4434 ὅλον
757 4381 1018 4454 φορέσωσι
1082 4374 1382 4438 διαιωνίζον
1459 4398 1548 4431 και
1611 4377 1703 4450 ἄφ-

94 4479 297 4549 θαρτον
332 4469 552 4543 ἔνδυμα.
610 4474 673 4521 Τί
731 4467 946 4531 λοιπὸν;
1004 4468 1033 4524 ἡ
1093 4469 1182 4538 μὲν
1209 4473 1300 4517 τοῦ
1346 4464 1708 4538 βαπτίσματος

86 4568 250 4635 πηγὴ
287 4558 424 4618 δήλη
455 4559 506 4621 ἐξ
535 4560 598 4619 ἧς
621 4577 710 4608 και
736 4560 794 4607 τὸ
840 4554 1216 4626 ἀναγεννᾱσθαι
1269 4556 1393 4626 ἡμῖν
1454 4574 1466 4586 ,
1530 4559 1588 4605 τὸ
1651 4551 1710 4606 δὲ

88 4661 192 4706 τοῦ
252 4653 554 4720 Πνεύματος
608 4645 808 4717 ἀφανὲς,
866 4663 955 4695 και
1011 4651 1116 4705 τοῖς
1166 4641 1408 4702 ἀπίστοις
1463 4643 1521 4694 ού
1572 4645 1710 4695 πάνυ

83 4763 146 4795 τι
196 4758 391 4793 πιστον
440 4733 521 4788 ὅτι
580 4742 816 4786 τοσαῦτα
869 4734 1102 4805 ὑπερφυῆ
1157 4751 1246 4783 και
1294 4731 1496 4804 μεγήλα
1571 4732 1710 4784 ἐστιν

83 4828 247 4905 ὕδωρ
293 4823 666 4897 δεδυνημένονο
720 4822 795 4875 Οὐ
858 4824 958 4894 γὰρ
1002 4823 1166 4893 όρωσι
1220 4825 1278 4873 τὸ
1319 4828 1544 4893 Πνεῦμα,
1599 4842 1710 4886 και,

164 5058 497 5132 (t)Genes.
538 5071 616 5109 ιιι.
641 5054 725 5119 19,
768 5053 850 5105 Ἐν
912 5048 1096 5123 ἱδρῶτι
1143 5057 1238 5102 τοῦ
1295 5054 1577 5124 προσώπου
1618 5070 1712 5103 σου

289 5132 385 5206 τὸν
431 5128 582 5199 ἄρτον
639 5145 755 5176 σου.

161 5197 248 5272 (Ξ)
285 5201 382 5274 Ap
416 5197 508 5250 τοῦ
555 5204 718 5274 κακοῦ
775 5197 825 5274 ?.
977 5263 1012 5274 η
1143 5263 1175 5274 Δ.
1252 5262 1262 5272 .

322 5268 686 5344 Vernacule,
724 5265 830 5344 sed
859 5263 1388 5344 negligentissime,
1417 5267 1716 5334 pourquoz'

67 5335 243 5418 quis.
271 5344 516 5418 Yeteres
537 5339 819 5418 dicebant
851 5335 1066 5418 potius
1114 5338 1194 5386 ὅτι
1223 5353 1294 5387 τι.

160 5418 251 5488 (4)
268 5416 682 5491 Joanne._x1§,
709 5413 778 5491 ξίν
805 5426 818 5463 :
848 5403 933 5466 Εἷς
956 5412 1404 5491 τῶνῆστραῖίωτῶι
1423 5403 1597 5491 λόγχῃ
1627 5408 1716 5457 αύ-

65 5474 183 5540 1-0-5
215 5474 327 5544 τὴν
357 5483 588 5556 πλευρὰν
634 5474 796 5544 ἓνυξε,
835 5499 926 5530 και
999 5474 1150 5536 εὐθὺς
1191 5474 1395 5538 ἐξῆλθεν
1447 5474 1584 5548 αἷμά
1626 5496 1717 5529 και

65 5556 271 5632 ὕδωρ,

1809 476 2283 535 necessariorum
2309 485 2510 536 autem
2544 481 2656 553 ipsi
2687 498 2833 538 cura
2853 489 2944 538 est
2965 499 3074 554 pro
3098 484 3454 552 viventibus,

1809 561 2001 630 panis,
2030 563 2302 634 inquam,
2355 574 2412 623 et
2437 584 2630 639 aquae.
2666 572 2732 624 Et
2793 570 2930 626 ideo
2975 586 3163 626 unum
3210 572 3456 644 quidem

1811 649 1985 705 nobis
2035 655 2223 710 otium
2281 656 2551 713 abundat
2600 677 2612 722 ;
2677 675 2895 730 panem
2950 676 3093 714 vero
3150 661 3207 715 in
3239 663 3458 718 sudore

1813 741 2201 811 manducare,
2252 747 2349 800 Dei
2406 747 2756 803 mandatum
2784 753 2892 813 est,
2925 755 3168 821 propter
3196 749 3458 806 fructum

1813 829 1978 885 illum
1999 849 2105 887 ven
2117 841 2534 908 ustum,quem
2552 843 2864 893 venustate
2896 855 2965 894 ac
2992 838 3132 908 gula
3150 840 3283 895 victi
3309 848 3462 913 prae-4

1815 927 2241 994 ceptorumque
2283 925 2649 995 negligentes
2679 927 3072 982 comedimus.

1883 1101 2156 1154 Attamen
2199 1101 2314 1156 hoc
2366 1102 2549 1158 modo
2580 1119 2718 1158 cum
2739 1103 2802 1158 id
2831 1104 3138 1160 meliorem
3190 1106 3463 1164 videatur

1813 1186 2226 1260 majoremque
2251 1191 2543 1247 rationem
2599 1193 2836 1259 habere,
2877 1193 3132 1266 plusque
3159 1198 3462 1252 continere

1811 1272 2094 1330 doctrina:
2122 1283 2364 1349 propter
2415 1280 2768 1352 sapientiam
2822 1297 2894 1337 ac
2948 1283 3131 1338 vitam
3162 1282 3458 1353 frugalem

1812 1363 2578 1439 continentemque,nempe
2592 1385 2728 1423 cum
2748 1370 2957 1425 melius
2973 1372 3240 1426 videatur
3254 1373 3461 1428 vinum

1812 1449 1870 1503 in
1894 1466 2116 1522 aquam
2148 1455 2296 1510 verti
2325 1472 2511 1527 quam
2561 1473 2786 1529 aquam
2825 1458 2885 1512 in
2919 1461 3123 1514 vinum
3160 1477 3172 1525 ;
3201 1461 3348 1531 quid
3373 1470 3463 1518 est

1813 1541 1977 1599 auod
2003 1557 2123 1598 non
2145 1544 2312 1614 prius
2336 1559 2404 1600 ac
2425 1545 2637 1600 melius
2666 1551 2768 1602 aut
2787 1553 3087 1611 neutrum,
3122 1549 3226 1603 sed
3251 1563 3458 1605 secun-

1812 1628 2204 1702 dum,nempe
2229 1648 2455 1704 aquam
2484 1634 2845 1690 miraculum
2873 1637 3245 1706 converterit,
3277 1637 3450 1701 bene,

1745 1732 1787 1786 Β
1814 1723 1879 1772 ut
1906 1718 1967 1772 in
2006 1720 2249 1776 exordio
2279 1722 2562 1788 diximus,
2620 1723 2893 1794 inquiris.
2932 1724 3046 1780 Sed
3083 1726 3218 1796 quis
3247 1725 3461 1780 melius

1813 1822 1999 1878 quam
2032 1813 2092 1862 tu
2120 1815 2176 1864 et
2231 1813 2550 1881 exquirens
2578 1825 2648 1866 ac
2701 1813 2956 1868 multum
2986 1812 3270 1868 laborans
3307 1819 3463 1871 recte

1813 1895 2122 1964 inveniret,
2158 1897 2330 1967 cujus
2361 1915 2464 1954 cor
2521 1915 2741 1970 purum
2771 1906 2858 1955 est
2885 1916 2955 1956 ac
3005 1903 3189 1956 Deum
3223 1902 3458 1971 videns,

1814 1983 2108 2055 cujusque
2138 1986 2530 2055 cogitationes
2553 1988 2633 2042 ad
2684 2003 2824 2043 eum
2873 1989 3263 2045 ascendentes
3287 1989 3461 2061 plene

1813 2072 1968 2128 illius
2000 2074 2277 2130 miranda
2335 2082 2663 2146 penetrant,
2691 2077 2773 2133 ita
2812 2082 2878 2132 ut
2901 2083 2957 2134 et
2993 2094 3132 2134 eum
3161 2078 3369 2150 spiritu
3391 2095 3464 2136 ea

1813 2177 1951 2233 quae
1980 2167 2117 2217 sunt
2148 2163 2398 2234 Spiritus
2415 2165 2616 2220 valeas
2643 2171 2974 2237 penetrare.
3003 2167 3298 2232 Quoniam
3319 2183 3461 2223 vero

1815 2263 1924 2303 nos
1947 2253 2011 2304 ut
2037 2254 2301 2305 nostram
2320 2251 2673 2308 sententiam
2707 2251 3041 2309 diceremus
3081 2254 3348 2310 hortatus
3375 2270 3460 2326 es,

1813 2336 2082 2392 dicemus
2113 2343 2214 2394 tuo
2244 2339 2474 2411 spiritui
2502 2346 2559 2396 et
2587 2342 2662 2410 ei,
2687 2358 2824 2413 que
2849 2356 2923 2398 ex
2957 2343 3089 2415 ipso
3117 2347 3212 2398 est
3245 2343 3458 2413 gratia,

1813 2426 2202 2483 conﬁdentes.

1885 2693 2016 2746 Haec
2033 2691 2155 2746 duo
2173 2697 2467 2750 miracula
2483 2694 2543 2749 in
2561 2710 2721 2767 aqua
2756 2696 2915 2751 facta
2953 2695 3248 2765 videmus,
3267 2712 3458 2753 unum

1812 2780 2056 2851 quidem
2083 2783 2346 2852 primum
2364 2785 2638 2839 omnium
2663 2789 3034 2852 caeterorum,
3067 2785 3320 2840 alterum
3350 2801 3458 2844 au-

1814 2874 1930 2924 tem
1965 2870 2244 2925 ultimum
2283 2871 2562 2941 aliorum,
2610 2878 2668 2928 et
2713 2876 2773 2927 in
2823 2889 3018 2929 cruce.
3074 2877 3140 2929 Et
3193 2875 3460 2948 primum

1811 2957 2057 3030 quidem
2107 2957 2250 3013 illud
2302 2965 2390 3014 est
2439 2960 2605 3031 quod
2652 2960 2713 3015 in
2764 2964 2928 3017 Cana
2983 2967 3042 3017 et
3083 2962 3144 3017 in
3210 2962 3458 3034 nuptiis,

1746 3046 1976 3133 Cquod
2038 3062 2198 3101 nunc
2259 3047 2892 3121 explanamus;aqua
2953 3065 3096 3105 vero
3160 3050 3222 3106 in
3280 3065 3458 3107 cruce

1811 3134 2002 3190 effusa
2041 3151 2113 3189 ex
2155 3135 2476 3190 Salvatoris
2533 3134 2732 3200 latere,
2780 3137 2992 3194 ultimo
3048 3139 3338 3194 miraculo
3393 3140 3455 3195 in

1811 3238 2034 3293 aquam
2085 3238 2372 3278 converso
2419 3223 2624 3278 divino
2672 3226 2985 3294 sanguine,
3035 3231 3099 3282 ut
3145 3227 3206 3282 in
3257 3226 3455 3299 primo

1809 3311 2072 3366 Christus
2092 3312 2222 3382 ipse
2252 3312 2312 3366 in
2330 3312 2534 3367 vinum
2565 3314 2869 3368 convertit.

1877 3493 2066 3560 Atque
2104 3488 2319 3560 opinor
2353 3489 2432 3544 ad
2457 3489 2618 3545 idem
2644 3489 2829 3546 ambo
2855 3490 3150 3547 miracula
3189 3491 3451 3560 tendere,

1807 3577 2070 3647 primum
2101 3594 2172 3632 ac
2208 3577 2506 3635 ultimum.
2550 3580 2635 3634 Ibi
2665 3580 2824 3634 enim
2855 3580 3101 3651 nuptiis,
3134 3585 3192 3636 et
3218 3597 3322 3637 eas
3351 3583 3455 3637 ho-

1807 3672 1983 3721 norat
1995 3669 2166 3732 Deus,
2180 3667 2324 3738 quia
2336 3682 2484 3722 sane
2494 3668 2862 3724 honorandae
2876 3675 3015 3723 sunt
3039 3685 3052 3733 ;
3082 3670 3454 3726 honoranda

1807 3761 2007 3810 autem
2026 3763 2180 3825 sunt,
2197 3755 2530 3812 futurorum
2545 3756 2804 3812 ﬁliorum
2822 3774 3027 3828 causa,
3041 3775 3195 3830 quos
3207 3759 3460 3831 adoptat

1810 3844 2090 3913 Christus,
2125 3862 2194 3899 ac
2238 3848 2466 3900 Patrem
2507 3861 2717 3901 eorum
2756 3863 2889 3900 esse
2937 3845 3078 3900 dicit
3125 3850 3311 3902 Deum
3354 3863 3457 3918 pa-

1810 3937 1956 3988 trem
1989 3947 2186 3998 suum,
2246 3939 2302 3988 et
2347 3934 2622 3988 homines
2661 3934 2863 3988 incitat
2904 3939 2971 3988 ut
3011 3950 3149 3988 eum
3182 3935 3458 3990 invocare

1812 4022 2141 4076 secundum
2161 4023 2317 4076 hanc
2329 4021 2680 4077 relationem
2692 4021 2971 4076 audeant.
2989 4022 3242 4086 Quando
3257 4027 3458 4077 autem

1810 4109 1870 4164 id
1897 4115 2053 4178 sunt,
2073 4117 2128 4164 et
2148 4108 2396 4180 quando
2413 4125 2552 4164 eum
2581 4109 2839 4177 legitime
2863 4109 3191 4164 invocant?
3208 4111 3460 4175 Quando

1816 4215 1961 4253 saue
2003 4215 2107 4268 per
2155 4213 2378 4270 aquam
2428 4214 2498 4253 ac
2539 4198 2820 4268 Spiritum
2878 4198 3207 4266 regenerati
3257 4201 3460 4254 Jesum

1816 4286 2114 4342 Christum
2147 4291 2334 4340 totum
2357 4284 2553 4340 ferunt
2571 4286 2999 4356 sempiternum
3019 4291 3076 4341 et
3103 4287 3464 4359 incorrupti-

1817 4375 1932 4430 bile
1952 4375 2398 4430 vestimentum.
2433 4374 2585 4440 Quid
2614 4374 2875 4446 denique
2899 4372 2924 4426 ?
2956 4377 3107 4431 Fons
3136 4376 3464 4448 baptisma-

1818 4465 1891 4519 tis
1913 4463 2261 4519 manifestus
2294 4469 2478 4518 estex
2510 4479 2634 4535 quo
2680 4479 3129 4533 regeneramur.
3161 4465 3334 4531 Quod
3363 4482 3465 4522 au—

1820 4559 1938 4606 tem
1967 4558 2058 4607 est
2096 4552 2362 4622 spiritus,
2408 4552 2702 4607 invisibile
2747 4558 2854 4620 est,
2887 4557 2943 4608 et
2990 4552 3340 4610 inﬁdelibus
3361 4556 3468 4611 mi-

1822 4641 1981 4696 nime
2003 4639 2284 4696 credibile
2308 4645 2398 4696 est
2417 4645 2499 4696 tot
2519 4645 2576 4698 et
2599 4643 2767 4696 tanta
2789 4657 2973 4712 supra
2993 4649 3262 4698 naturam
3289 4659 3468 4714 posse

1822 4745 2046 4802 aquam
2063 4729 2312 4785 efﬁcere.
2338 4731 2466 4785 Non
2483 4728 2643 4784 enim
2666 4730 2868 4785 vident
2900 4730 3206 4802 Spiritum,
3238 4737 3292 4786 et
3323 4732 3470 4802 quia

1823 4836 1960 4874 eum
1980 4835 2103 4876 non
2122 4817 2345 4886 vident,
2373 4818 2920 4895 nequeintelligunt
2935 4819 3466 4874 commutationem

1894 5054 1970 5123 (5)
2029 5051 2343 5120 Gregorius
2409 5053 2544 5106 Naz.
2604 5049 2738 5123 Ora.
2791 5063 2880 5112 XL,
2931 5062 2993 5117 p.
3054 5050 3472 5123 648εΜιμήσο-

1822 5121 1919 5194 μαι
1953 5121 2256 5196 Χριστὸν.
2315 5165 2329 5178 .
2383 5162 2396 5177 .
2445 5125 2494 5180 ὅς
2558 5124 2648 5170 καὶ
2711 5121 3098 5190 θαυματουργεῖ
3164 5121 3314 5190 ’γάμῳ
3382 5124 3472 5170 καὶ

1823 5201 1952 5266 τιμᾶ
1992 5197 2249 5264 συζυγίαν
2283 5196 2570 5266 παρουσίᾳ.

1897 5266 1973 5333 (6)
2012 5259 2196 5336 Epist.
2254 5263 2332 5320 ad
2359 5259 2557 5317 'Hebf.
2619 5275 2734 5323 xui,
2795 5259 2871 5312 ἂνξ
2905 5262 3089 5329 Τίμιος
3141 5261 3166 5312 ὁ
3216 5261 3386 5332 γάμος
3425 5259 3473 5311 ἐν

1822 5353 1975 5389 πασι.

1897 5408 1976 5473 (7)
2033 5408 2248 5462 Joann.
2302 5419 2381 5468 ιιι,
2434 5406 2464 5456 5
2497 5399 2656 5473 :_’E_d;v
2707 5401 2777 5456 uri
2838 5402 3184 5473 T_¢€“[an91ﬁ
3241 5399 3294 5462 ἐξ
3345 5397 3476 5473 Gefm-

1824 5459 2052 5538 τοξίκαὶ
2077 5459 2410 5548 πνεύματος,
2464 5470 2523 5522 ού
2567 5467 2792 5522 δύναται
2833 5459 3078 5523 εἰσελθεῖν
3127 5459 3194 5532 εἷς
3245 5476 3341 5530 τὴν
3381 5470 3479 5543 βα-

1830 5547 2024 5602 σιλείαν
2049 5555 2143 5600 τοῦ
2182 5553 2348 5602 Θεοῦ.
