4050 6306
563 276 578 328 l
592 275 694 328 455

1906 264 2278 325 NICEPHORI
2302 266 2561 326 CHUMNI

3771 273 3887 331 1456

559 411 731 468 aquae
747 394 807 451 in
824 393 1014 450 illum.
1039 391 1337 451 Convertit
1364 390 1543 462 igitur
1571 406 1642 447 ac
1665 390 2050 448 transformat
2073 407 2207 448 eam

2324 395 2399 446 ὅτι
2433 399 2504 467 μὴ
2549 395 2738 470 ὁρῶσιν
2767 396 2866 468 (Ι),
2893 393 3010 448 οὐδ’
3039 395 3373 448 αἰσθάνονται
3397 402 3493 459 τῆς
3535 394 3587 458 ἐς
3639 397 3770 450 αὐτὸ
3816 408 3889 452 τοῦ

556 484 620 540 in
644 485 854 539 vinum
885 483 1170 552 Christus,
1205 486 1270 536 ut
1301 479 1642 536 credibilem
1665 479 1883 536 efﬁciat
1908 480 2034 552 ejus
2065 496 2209 549 cons

556 573 894 629 versionem
942 572 1006 627 in
1043 569 1344 643 Spiritum,
1397 584 1469 625 ac
1492 568 1672 625 simul
1701 573 1768 626 ut
1798 584 1871 625 ex
1899 570 2122 642 nuptiis
2153 573 2211 627 et

556 663 756 733 genita
777 667 992 718 natura
1017 659 1334 717 conﬁrmet
1357 657 1869 733 incorruptibilem
1896 675 2210 731 regenera-

559 750 800 808 tionem.

630 1017 768 1075 Ideo
801 1022 858 1076 et
881 1017 943 1074 in
973 1032 1147 1074 cruce
1169 1032 1240 1074 ex
1258 1013 1462 1072 divino
1481 1014 1662 1072 latere
1688 1015 1932 1088 sanguis
1949 1019 2006 1073 et
2025 1031 2206 1089 aqua,

557 1109 702 1181 quia
719 1108 845 1164 haec
867 1107 1050 1163 ambo
1069 1107 1351 1176 Christus,
1377 1122 1449 1162 ex
1468 1121 1622 1178 puro
1639 1105 1903 1175 virgineo
1917 1106 2210 1176 sanguine

557 1214 697 1255 caro
722 1198 914 1254 factus
937 1205 994 1253 et
1031 1213 1191 1270 aqua
1237 1196 1594 1268 baptizatus,
1623 1200 1680 1252 et
1699 1195 1916 1252 balneo
1946 1193 2206 1264 ablutus,

558 1304 678 1345 non
709 1287 800 1344 sui
833 1302 1040 1359 causa,
1076 1286 1184 1342 sed
1229 1302 1339 1360 pro
1371 1285 1545 1342 totius
1575 1285 1784 1341 mundi
1817 1285 2072 1358 piaculo.

630 1556 763 1612 Haec
795 1569 907 1610 nos
939 1552 1014 1610 de
1033 1552 1230 1626 primo
1251 1550 1524 1608 omnium
1549 1550 1872 1608 Salvatoris
1896 1550 2208 1608 miraculo-

556 1660 692 1700 rum
710 1643 992 1698 novimus
1022 1661 1035 1710 ;
1070 1641 1193 1697 haec
1218 1641 1293 1697 de
1325 1640 1536 1696 ultimo
1566 1640 1700 1697 etin
1731 1655 1905 1696 cruce
1946 1644 2203 1712 peracto.

557 1732 628 1789 Et
654 1748 793 1787 cum
819 1747 982 1804 aqua
1010 1731 1218 1785 vinum
1248 1729 1404 1785 facta
1429 1729 1523 1799 sit,
1558 1735 1616 1785 et
1639 1745 1847 1785 rursus
1875 1729 2122 1802 sanguis
2146 1729 2205 1785 in
2234 1750 2274 1804 Β

558 1837 783 1894 aquam
843 1836 1051 1876 versus
1081 1819 1173 1885 sit,
1207 1818 1353 1875 nihil
1375 1818 1720 1874 incredibile
1743 1823 1833 1876 est
1852 1819 2061 1875 vinum
2083 1819 2211 1876 ﬁeri

555 1910 757 1983 ipsum
801 1909 1158 1980 sanguinem
1213 1908 1396 1979 hujus
1448 1907 1552 1981 qui
1608 1907 1750 1965 talia
1799 1908 2045 1982 perfecit
2095 1907 2208 1964 mi-

556 1999 782 2066 racula,
806 2003 1140 2055 extremum
1169 1997 1346 2054 nobis
1375 2001 1431 2053 et
1455 1996 1716 2054 salutare
1772 1998 2124 2071 mysterium
2155 2001 2212 2054 et

559 2087 805 2146 calicem
842 2103 1023 2160 quem
1071 2087 1219 2160 ipse,
1277 2085 1550 2143 Ecclesiae
1595 2087 1778 2158 hujus
1810 2087 2209 2144 immaculata

559 2193 745 2252 quam
767 2176 876 2233 sibi
905 2176 1217 2249 acquisivit
1245 2191 1528 2248 sponsus,
1551 2191 1623 2232 ex
1644 2176 1892 2249 perenni
1921 2176 2081 2232 fonte
2103 2176 2211 2232 mi-

560 2271 704 2336 scet,
743 2266 879 2322 vitae
905 2269 1159 2337 aeternae,
1185 2265 1254 2320 iis
1283 2265 1386 2337 qui
1431 2264 1812 2337 participant,
1845 2265 2085 2337 pignus.
2127 2266 2212 2321 Ita

560 2357 702 2414 utin
731 2357 845 2412 hoc
862 2371 986 2411 uno
1002 2354 1169 2427 quod
1188 2355 1248 2410 in
1272 2356 1432 2410 Cana
1477 2354 1701 2410 factum
1732 2359 1842 2424 est,
1864 2369 1986 2411 non
2016 2354 2212 2410 solum

562 2445 818 2501 aliorum
866 2443 1080 2516 primo,
1135 2447 1191 2499 et
1256 2443 1383 2498 solo
1428 2442 1488 2497 in
1543 2441 1660 2498 hoc
1725 2457 1961 2514 genere,
2022 2447 2212 2501 totam

563 2547 692 2588 esse
715 2533 1188 2588 demonstratam
1211 2530 1420 2586 salutis
1459 2534 1678 2587 nostra:
1703 2532 1984 2588 virtutem
2004 2531 2215 2590 ﬁdem-

561 2635 682 2694 que
711 2619 898 2676 solide
929 2618 1272 2677 stabilitam.

633 2801 714 2854 Tu
746 2801 947 2854 autem
979 2797 1029 2852 si
1057 2795 1206 2870 quid
1235 2795 1529 2854 excelsius
1567 2794 1803 2854 noveris
1833 2801 1890 2853 et
1915 2795 2209 2866 docueris,

563 2891 769 2960 utpote
791 2885 896 2959 qui
922 2884 1023 2942 Dei
1058 2885 1557 2953 miracula,hocce
1587 2890 1644 2943 et
1673 2890 1884 2943 cratera
1912 2886 2215 2955 bene,imo

563 2976 778 3034 melius
807 2979 1120 3049 penetrare
1148 2974 1374 3044 valeas,
1401 2975 1540 3031 huic
1565 2981 1622 3031 et
1652 2990 1764 3031 nos
1800 2981 2067 3032 mentem
2107 2975 2213 3032 ad-

563 3066 857 3133 hibentes,
878 3069 990 3122 tuae
1027 3064 1289 3121 scientiae
1309 3064 1629 3137 participes
1656 3064 1899 3122 erimus.

643 3351 721 3421 (1)
783 3350 996 3407 Joann.
1062 3365 1169 3422 ll],~
1202 3352 1234 3405 8
1271 3352 1383 3422 :'I_‘b
1430 3356 1670 3422 πνεῦμα,
1696 3352 1838 3422 ,ὅπου
1894 3349 2044 3422 θέξει,
2083 3359 2219 3422 πνεῖ,

571 3418 663 3493 διαι
724 3425 818 3478 τήν
881 3425 1050 3493 φωνήν
1111 3420 1271 3472 αὐτοῦ
1329 3418 1566 3481 ἀκούεις-⁷
1597 3420 1707 3473 ἀλλ’
1755 3421 1848 3473 οὐκ
1886 3418 2035 3482 οἶδας
2069 3418 2221 3476 πόθεν

575 3492 791 3565 ἔρχεται
842 3491 1100 3565 ααιλῄποῦ
1157 3491 1365 3563 ὑπάγει·
1427 3494 1590 3553 οὕτως
1645 3491 1759 3544 ἔστι
1814 3499 1917 3555 πᾶς
1971 3496 2004 3546 ὅ
2035 3512 2219 3565 γεγεν-

573 3558 791 3634 νημένος
830 3558 904 3614 δι’
952 3558 1162 3622 ὕδατος.

2318 479 2514 544 ὕδατος
2585 483 2870 558 μεταϐολῆς
2928 505 3018 537 και
3093 489 3500 557 μεταποιήσεως.
3595 486 3894 540 Mer-«69:73.5:

2317 579 2442 644 γοῦν
2464 591 2554 625 και
2582 576 2895 646 μεθίστησιν
2917 573 2990 636 εἰς
3008 571 3142 626 οἶνον
3190 581 3342 626 τοῦτο
3387 578 3637 644 Χριστὸς,
3710 577 3792 628 ἱνα
3838 574 3892 634 δή

2317 680 2409 714 και
2457 665 2551 720 τὴν
2595 664 2645 724 ἐς
2697 662 2823 716 αὖτό
2880 666 2938 715 τὸ
2988 669 3196 735 Πνεῦμα
3239 660 3528 735 μεταϐολὴν
3586 666 3777 716 τούτου
3829 685 3899 716 πι-

2321 756 2614 818 στώσηται,
2645 771 2734 804 και
2781 753 2893 824 οἶμα
2967 756 3062 810 τὴν
3101 759 3189 812 τῆς
3253 749 3307 803 ἐκ
3349 753 3524 825 γάμου
3597 773 3693 804 και
3743 773 3897 824 γεννη-

2318 848 2408 901 τῆς
2440 842 2637 912 φύσεως
2685 844 2814 916 πρὸς
2866 845 2952 900 τὴν
3006 842 3266 915 ἄφθαρτον
3307 846 3649 905 πιστώσηται
3703 841 3896 914 dua-liv-

2317 944 2376 984 νη
2387 945 2468 980 σιν
2481 970 2492 982 .

2391 1021 2486 1067 Δια
2540 1023 2694 1069 τοῦτο
2743 1037 2832 1069 και
2888 1015 2972 1070 ἐπί
3021 1024 3113 1070 τοῦ
3180 1024 3406 1092 σταυροῦ
3485 1016 3540 1070 ἐκ
3617 1028 3715 1080 τῆς
3777 1021 3895 1082 θείας

2318 1102 2541 1180 πλευρᾶς
2579 1106 2710 1178 ἁῖμα
2763 1111 2852 1158 καὶ
2913 1102 3057 1180 ὕδωρ
3107 1107 3212 1179 (2),
3265 1109 3344 1159 ὅτι
3399 1111 3489 1159 καὶ
3540 1109 3705 1180 ἄμφω
3755 1119 3894 1162 ταῦτα

2321 1199 2566 1268 Χριστὸς,
2610 1194 2661 1257 ἐξ
2705 1194 2871 1266 ἁγνῶν
2929 1197 3247 1268 παρθενικῶν
3333 1196 3561 1270 αἱμάτων
3655 1203 3896 1269 γενόμενος

2320 1284 2474 1359 σάρξ,
2533 1289 2622 1336 καὶ
2669 1281 2826 1337 ὕδατι
2870 1282 3201 1358 βαπτισθεὶς,
3262 1289 3352 1338 καὶ
3388 1284 3605 1360 λουτρὸν
3665 1286 3897 1360 lancis:-

2317 1392 2422 1442 νος,
2471 1372 2576 1445 οὐχ
2626 1373 2808 1426 ἑαυτου
2861 1376 3043 1448 χάριν,
3101 1372 3229 1427 ἀλλὰ
3300 1377 3488 1435 παντὸς
3551 1383 3653 1428 τοῦ
3722 1381 3898 1448 κόσμου

2317 1464 2604 1536 καθάρσιον
2617 1505 2629 1518 .

2389 1554 2571 1612 Οὕτως
2623 1551 2773 1624 ἡμεῖς
2821 1548 2971 1619 ἔσμεν
3021 1555 3138 1625 περὶ
3187 1551 3282 1604 τοῦ
3322 1557 3532 1624 πρώτου
3592 1561 3698 1605 τῶν
3763 1553 3903 1606 Edim

2317 1642 2519 1692 πάντων
2547 1647 2639 1693 τοῦ
2698 1647 2929 1712 Σωτῆρος
2990 1639 3327 1712 ἐπεγνωκότες
3367 1643 3640 1714 θαύματος
3693 1662 3706 1677 ·
3767 1644 3908 1703 οὕτως

2319 1728 2401 1782 ἐπὶ
2431 1737 2521 1782 τοῦ
2552 1727 2785 1800 ἐσχάτου
2812 1734 2903 1781 καὶ
2934 1727 3016 1782 ἐπὶ
3054 1737 3145 1782 τοῦ
3197 1738 3445 1805 σταυροῦ.
3509 1737 3616 1784 Καὶ
3671 1734 3786 1804 ἅμα
3833 1740 3906 1785 τοῦ

2318 1821 2407 1892 μὲν
2437 1815 2630 1880 ὕδατος
2661 1819 2819 1885 οἴνου,
2877 1821 3098 1892 αἵματος
3162 1815 3215 1872 δ’
3269 1815 3419 1882 αὖθις
3467 1816 3674 1883 ὓδατος
3722 1841 3913 1893 γει-[επ-

2318 1911 2502 1979 μένων,
2529 1903 2679 1960 οὐδὲν
2709 1909 2956 1973 ἄπιστον,
2995 1912 3068 1981 μὴ
3097 1907 3225 1980 οὐχὶ
3253 1913 3341 1961 καὶ
3394 1905 3526 1961 οἶνον
3589 1909 3726 1962 αὖτό
3786 1911 3911 1964 τοῦθ’

2320 1998 2454 2070 αἷμα
2482 2004 2572 2048 τοῦ
2597 1998 2664 2048 τὰ
2705 2005 2923 2050 τοιαῦτα
2955 1998 3471 2072 θαυματουργοῦντος
3520 2002 3780 2070 γενέσθαι
3826 2005 3915 2071 (3},

2317 2090 2374 2139 τὸ
2411 2085 2697 2138 τελευταῖον
2736 2082 2909 2145 δήπου
2961 2091 3250 2161 μυστήριον
3306 2091 3398 2139 καὶ
3459 2088 3588 2159 ἡμῖν
3638 2108 3700 2160 γε
3761 2096 3916 2146 σωτή-

2319 2193 2452 2251 ριον,
2517 2179 2607 2227 καὶ
2647 2182 2770 2246 γοῦν
2821 2184 3062 2249 κρατῆρα
3120 2175 3174 2227 ὃν
3231 2175 3398 2244 αὐτὸς,
3457 2177 3482 2227 ὀ
3536 2181 3634 2229 καὶ
3702 2186 3798 2239 τῆς
3869 2180 3919 2238 ξς

2321 2262 2544 2317 ἀσπίλου
2593 2262 2900 2326 Ἐκκλησίας
2956 2266 3181 2336 ἠγάγετο
3245 2269 3465 2338 νυμφίος
3529 2266 3626 2331 ὢν,
3711 2265 3770 2330 ἐξ
3849 2266 3920 2318 ἆξ-

2320 2371 2444 2406 ναου
2501 2360 2677 2424 πηγῆς
2739 2359 2912 2426 κιρνᾷ,
2977 2357 3115 2416 ζωῆς
3175 2353 3378 2406 αἰωνίου
3429 2361 3540 2416 τοῖς
3639 2359 3918 2429 μετέχοντι

2321 2439 2753 2515 χορηγόν.⁶Ωστ’
2783 2440 2830 2493 ἐν
2859 2441 2933 2494 ἐνί
2975 2445 3142 2514 τούτῳ
3181 2450 3250 2514 τῷ
3307 2441 3354 2494 ἓν
3411 2448 3579 2510 Κανᾶ,
3649 2449 3729 2517 μὴ
3784 2457 3919 2519 μονον

2321 2536 2509 2606 πρώτῳ
2533 2538 2630 2583 τῶν
2691 2530 2875 2599 ἄλλων,
2927 2529 3058 2583 ἀλλὰ
3104 2536 3194 2584 καὶ
3250 2535 3387 2604 μόνῳ
3443 2551 3503 2604 γε
3564 2536 3700 2598 ὄντι,
3764 2542 3919 2587 uiam

2322 2622 2468 2692 ἡμῶν
2519 2615 2908 2692 ἀποδεδεῖχθαι
2963 2624 3055 2679 τὴν
3104 2627 3202 2683 τῆς
3257 2626 3521 2694 σωτηρίας
3599 2621 3772 2694 ἰσχὺν
3846 2629 3921 2675 καὶ

2326 2707 2539 2783 πειόῥὰν
2563 2711 2656 2766 τὴν
2681 2712 2858 2760 πίστιν
2878 2703 3207 2782 ἐνιδρύσθαι.

2395 2800 2461 2849 Σὺ
2510 2792 2570 2848 δι
2619 2795 2644 2848 ὃ
2694 2815 2746 2849 τι
2793 2795 2853 2848 ἂν
2906 2796 3027 2849 ἀλλο
3072 2802 3161 2849 καὶ
3207 2800 3383 2868 γνοίης
3445 2796 3781 2874 ὑψηλότερον
3847 2807 3921 2852 auri

2327 2881 2590 2955 ὃιδάξαις,

2325 2978 2414 3026 καὶ
2444 2982 2541 3024 τῶν
2581 2972 2766 3041 ἄλλων,
2807 2977 2859 3035 ες
2911 2975 2976 3026 τὰ
3022 2974 3257 3046 μά)ιστα
3312 2979 3400 3026 καὶ
3453 2974 3608 3037 πλέος
3663 2976 3922 3049 ἐφικέσθαι

2672 2883 2761 2938 ἅτε
2812 2890 2902 2938 καὶ
2963 2893 3096 2939 Θεοῦ
3143 2893 3244 2938 τῶν
3293 2888 3571 2958 θαυμάτων
3641 2893 3835 2942 τούτου
3878 2908 3921 2940 τι

2255 3100 2297 3156 C
2329 3060 2692 3138 δεδυνημένος,
2720 3067 2888 3136 τούτῳ
2915 3061 2980 3123 δὴ
3009 3070 3101 3117 καὶ
3131 3065 3278 3118 αὐτοὶ
3305 3069 3392 3118 τὸν
3444 3074 3566 3119 νοῦν
3622 3076 3922 3143 προσσχὼ-

2328 3171 2405 3215 τες
2435 3153 2533 3225 (4),
2562 3155 2747 3206 τούτου
2775 3155 2836 3205 ἄν
2867 3158 2956 3206 καὶ
2989 3156 3280 3226 γενοίμεθα.

2401 3350 2482 3420 (2)
2503 3348 2752 3406 Videtur
2771 3348 3059 3406 excidisse
3086 3350 3340 3406 verbum
3381 3348 3591 3408 forsan
3622 3351 3865 3416 ἐξῆλθεν.

2401 3423 2480 3488 (3)
2515 3421 2745 3478 Scilicet
2787 3422 2852 3477 in
2895 3421 3277 3478 Eucharistite
3339 3431 3754 3482 sacramento.

2401 3423 2456 3488 (3
2515 3423 2745 3478 Scilicet
2787 3423 2852 3477 in
2895 3423 3277 3478 Eucharistite
3339 3431 3754 3482 sacramento.

2399 3423 2480 3565 μζ
2512 3491 2597 3548 Cf.
2631 3493 2816 3549 Baehr.
2859 3492 2938 3549 ad
2977 3492 3247 3550 Herodot.
3289 3497 3330 3551 t.
3372 3496 3413 3564 1,
3453 3509 3564 3567 pp.
3605 3499 3803 3563 8,926.

573 3683 3214 3716 Μ

1887 3869 2119 3964 ΤΟΥ
2219 3872 2607 3965 ΑΥΤΟΥ

1968 4084 2136 4134 ΠΡΟΣ
2168 4085 2302 4134 TON
2333 4084 2553 4134 ΑΥΤΟΝ

653 4241 767 4298 Ἐπὶ
828 4253 888 4306 τῆ
961 4250 1092 4320 πρὸς
1149 4247 1236 4298 τὸν
1311 4244 1486 4300 Ἠλὶαν
1551 4245 1759 4305 αἰτήσει
1824 4253 1916 4300 τοῦ
1983 4243 2286 4303 Ἐλισσαίου
2354 4253 2445 4302 καὶ
2531 4254 2640 4310 τοῖς
2735 4247 2853 4302 κατ’

2951 4247 3112 4308 αὐτὴν
3188 4244 3611 4326 διηπορημένοις
3686 4275 3699 4288 ο
3766 4260 3892 4329 πρὸς

1123 4351 1326 4399 τουτοις
1365 4333 1424 4390 δὲ
1460 4341 1551 4389 καὶ
1582 4338 1658 4389 ἔτι
1686 4335 1843 4388 πλείω
1871 4356 1926 4390 εκ
1954 4345 2054 4409 τῷν
2086 4337 2427 4412 Εὐαγγελίων’
2454 4342 2544 4392 καὶ
2569 4340 2861 4414 ἠπορηνται
2898 4343 2986 4393 καὶ
3023 4337 3256 4391 λελυνται
3288 4342 3328 4397 ‘.

1324 4655 2082 4781 EJUSDEM
2167 4657 2396 4782 AD
2485 4658 3200 4784 EUMDEM

582 4893 654 4954 In
670 4896 1020 4970 petitionem
1030 4897 1239 4957 Ειίεεθί
1259 4901 1339 4958 ad
1349 4902 1546 4961 Etiam
1568 4909 1622 4961 et
1649 4902 1712 4960 in
1735 4903 1916 4962 dubia
1939 4916 2070 4976 qum
2089 4904 2164 4963 de
2180 4905 2293 4963 illa
2308 4911 2766 4978 proponuntur;
2783 4907 3218 4977 insuperplura
3238 4919 3314 4963 ac
3329 4906 3578 4978 majora
3600 4925 3681 4967 ex
3695 4909 3948 4982 Evange-

1649 4993 1744 5048 liis
1773 4993 1837 5050 in
1862 4994 2110 5052 dubium
2141 5002 2353 5061 vocata
2382 5001 2524 5053 sunt
2550 5011 2622 5054 ac
2650 4996 2869 5053 soluta.

654 5205 823 5269 Prius
847 5212 1092 5287 quidem
1122 5214 1388 5274 habebat
1429 5232 1526 5274 me
1548 5215 1742 5287 timor,
1765 5233 1963 5291 neque
1985 5216 2079 5276 ille
2099 5234 2234 5292 par-

582 5309 720 5372 Vus,
750 5316 824 5358 ne
875 5305 1048 5360 nimis
1093 5305 1296 5364 audax
1323 5305 1525 5365 videre
1557 5309 1607 5365 si
1659 5325 1862 5366 sacras
1901 5308 2234 5382 Scripturas

655 5479 982 5560 {Egodice
1019 5483 1371 5560 regio_2to5,
1397 5500 1538 5560 pag.
1563 5490 1689 5560 2,66,
1719 5490 1773 5560 2.

2415 5219 2545 5294 Εἶχε
2601 5223 2692 5325 ξεν
2740 5217 2828 5294 ἔμε
2878 5223 2968 5274 καὶ
3031 5223 3278 5296 πρότερον
3338 5223 3422 5297 (1)
3493 5221 3671 5297 φόϐος,
3721 5230 3819 5279 καὶ
3849 5218 3948 5275 sic“:

2343 5314 2532 5387 μικρὸς
2596 5306 2657 5370 ἦν
2713 5306 2878 5380 οὗτος,
2946 5313 3017 5384 μὴ
3083 5315 3136 5364 τε
3199 5331 3260 5385 γε
3325 5312 3555 5388 τολμᾷν,
3597 5313 3686 5370 ἐπὶ

656 5549 734 5622 (1)
759 5552 982 5612 Forsan
1003 5546 1144 5614 cuin
1168 5557 1242 5616 de
1265 5546 1558 5618 miraculo
1583 5546 1740 5620 facto
1762 5559 1826 5619 in
1853 5561 2015 5620 Cana
2041 5559 2399 5637 inquireret;
2429 5546 2524 5622 vel
2549 5558 2846 5623 sententia
2865 5558 2928 5621 in
2949 5556 3168 5636 genere
3190 5560 3464 5638 prolata.
