4050 6306
161 374 272 429 1457

1218 381 1310 439 DE
1347 377 1706 437 PFTITIONE
1746 376 1994 434 ELISJEI
2030 380 2125 435 AD
2164 379 2395 438 ELIAM.

3350 393 3482 447 1458

159 495 451 564 ίεοὰςίοντα,
480 496 553 560 εἰς
585 496 751 572 βάθος
780 500 811 560 ἢ
884 501 951 563 εἰς
1001 502 1135 575 ὕψος
1183 508 1378 559 τούτων
1435 504 1710 576 πειρᾶσθαι

1825 499 2048 572 legens,
2073 518 2283 563 earum
2299 504 2772 579 profunditatem
2794 505 2889 562 vel
2905 505 3280 568 altitudinem
3300 528 3480 584 pene-

158 584 280 652 ἰέναι,
307 583 431 658 μηδ’
454 585 728 656 ἐξετάζειν,
761 592 892 661 μήθ’
937 592 1038 646 ὅσα
1094 598 1166 666 μὴ
1229 592 1331 664 δεῖ,
1383 595 1508 667 μήθ’
1557 593 1592 646 ἂ
1640 596 1712 665 μὴ

150 677 264 728 πάνυ
309 694 355 728 τι
407 673 647 748 ἀσφαλες,
700 675 840 750 μηδὲ
913 701 973 752 γε
1039 682 1507 756 πολυπραγμονεῖν,
1585 677 1716 754 μηδ’

153 760 243 817 οἷον
282 765 555 838 γυμνάζειν
621 786 709 820 και
783 764 1091 842 δοκιμάζειν
1165 771 1348 826 ἐθέλειν
1431 775 1518 825 τόν
1599 777 1715 823 νοῦν

152 852 195 906 ἐν
232 861 324 915 τοῖς
382 853 702 929 ἀποκρύφοις
765 857 953 926 αὐτῶν,
1020 859 1128 914 ἐπεί
1181 858 1322 935 μηδὲ
1368 881 1530 915 πασιν
1578 859 1716 934 ἀφεῖ-

151 962 229 996 ται
280 951 439 998 ταῦτα
485 965 575 998 και
621 948 722 999 ὅσα
779 955 871 1000 τοῦ
924 953 1240 1022 Πνεύματος,
1303 951 1407 1004 ἀλλ’
1490 947 1563 1012 οἷς
1627 969 1716 1002 και

148 1032 272 1086 τοῦτ’
293 1037 399 1087 εστί
438 1030 734 1107 δεδομένον,
781 1033 972 1097 δεδυνῆ
984 1042 1111 1093 σθαν
1164 1037 1408 1098 δηλονότι
1460 1048 1561 1093 τῶν
1621 1035 1655 1092 δ
1660 1058 1714 1092 ε-

151 1116 386 1193 δογμένων
499 1121 815 1195 ἐφικνεῖσθαι
915 1145 1006 1179 και
1102 1130 1526 1202 ύπηγορευμὲνων
1639 1134 1712 1198 τῷ

149 1211 401 1282 Πνεύματι·
451 1230 540 1263 και
605 1215 664 1264 τὸ
739 1221 833 1274 τῆς
912 1216 1050 1278 Θείας
1126 1224 1296 1289 φωνῆς
1362 1220 1489 1292 πρὸς
1570 1214 1710 1269 τοῦτ’

147 1298 276 1370 οἶμαι
323 1299 510 1371 μᾶλλον
571 1300 757 1374 φέρειν,
788 1324 816 1353 (ι
845 1302 1108 1378 Ἐρευνᾶτε
1142 1306 1216 1376 (1)
1263 1308 1353 1366 τὰς
1404 1307 1627 1380 Γραφάς.
1683 1326 1710 1355 n

141 1391 357 1440 τουτέστι
416 1393 486 1462 μὴ
560 1393 692 1464 πρὸς
745 1394 942 1454 πάντας
1013 1390 1142 1446 εἶναι
1227 1399 1323 1453 τὴν
1397 1397 1708 1470 προτροπὴν,

136 1475 254 1530 ἀλλά
297 1496 346 1530 τι
387 1481 511 1553 πρὸς
550 1477 790 1551 ἐκείνους,
829 1483 908 1544 οἷς
955 1502 1044 1535 και
1107 1485 1165 1536 τό
1243 1485 1499 1558 εὑρίσκειν
1569 1482 1710 1536 ἐστίν

137 1569 198 1627 ὡς
243 1568 396 1640 ὀρθῶς
477 1569 615 1623 ἔστιν
680 1568 728 1622 ἐν
808 1570 1009 1638 αὐταῖς,
1088 1574 1499 1648 κεκαθαρμένους
1562 1571 1710 1632 ὅλους

136 1674 220 1708 και
240 1664 380 1729 σῶμα
401 1675 492 1709 και
519 1657 749 1729 γλῶτταν
807 1679 896 1712 και
942 1660 1128 1732 ψυχὴν
1175 1680 1264 1713 και
1308 1657 1566 1728 διάνοιαν,
1620 1679 1711 1714 και

135 1750 250 1815 γοῦν
287 1749 367 1799 τὸν
417 1749 606 1822 τρόπον
652 1754 833 1801 τοῦτον
886 1744 1288 1822 δεδυνημένους,
1359 1755 1527 1824 χωρίς
1617 1768 1710 1806 κη-

137 1830 471 1907 λῖδος,φωτὸς
527 1831 656 1889 εἶναι
699 1844 792 1889 τοῦ
850 1839 986 1891 θείου
1047 1835 1338 1906 δεκτικοὺς,
1387 1859 1478 1891 και
1517 1837 1710 1892 ἀποκα-
1747 1867 1787 1922 Β

136 1921 319 1993 λύψεων
363 1943 453 1977 και
507 1931 749 1997 μυήσεων
809 1925 1136 2000 ὑψηλοτέρων
1221 1935 1313 1980 τοῦ
1389 1927 1506 1981 καθ’
1575 1929 1710 2000 ἡμᾶς

132 2019 219 2064 νοῦ
241 2032 322 2064 και
349 2020 442 2074 τῆς
484 2013 599 2067 κατ’
643 2014 798 2068 αὐτόν
859 2015 1052 2088 ἰσχύος
1091 2036 1180 2069 και
1229 2019 1445 2089 φύσεως.
1504 2017 1566 2071 Εἰ
1605 2017 1709 2090 γὰρ

131 2099 354 2172 ἀνάγνοις
405 2108 594 2178 χερσίν
666 2103 726 2156 ού
807 2105 951 2177 θέμις
1021 2113 1122 2157 τῶν
1207 2106 1375 2178 ἁγνῶν
1454 2105 1712 2159 ἅπτεσθαι

130 2210 217 2244 και
258 2193 510 2262 καθαρῶν,
565 2193 596 2252 ἧ
649 2212 750 2246 που
814 2193 944 2247 πολὺ
994 2215 1082 2247 και
1160 2195 1398 2248 πλεῖστον
1459 2197 1579 2249 ὅσον
1654 2199 1710 2249 τὸ

130 2277 242 2342 δέος
286 2288 399 2333 νοῦν
445 2285 516 2353 μὴ
561 2284 938 2358 κεκαθαρμένον
991 2279 1131 2355 μηδὲ
1186 2281 1422 2337 διάνοιαν
1500 2283 1714 2356 ἐμϐιϐά-

128 2370 231 2430 ζειν
274 2367 554 2442 βιάζεσθαί
607 2391 698 2424 και
744 2374 1076 2447 προσχωρεῖν
1129 2393 1219 2426 και
1273 2371 1378 2426 οἷον
1449 2392 1713 2447 συμπαρε-

123 2460 406 2512 κτείνεσθαι
451 2467 558 2522 τοῖς
622 2461 1027 2536 ῦπερκειμένοις,
1087 2481 1177 2517 και
1233 2458 1402 2534 μηδὲν
1460 2461 1710 2534 ἕφικτοῖς,

122 2553 204 2600 ὅτι
246 2553 313 2621 μὴ
361 2547 470 2620 μετ’
523 2547 836 2622 ἀκραιφνοῦς
904 2550 1137 2624 ἁγισμοῦ
1195 2555 1285 2604 καὶ
1367 2552 1432 2614 ἧς
1506 2550 1710 2624 εἴπομεν

119 2636 307 2699 τελείας
344 2639 510 2710 καθάρ
520 2657 663 2699 σεως.

193 2725 265 2778 Ού
315 2731 415 2798 μὴν
458 2725 589 2796 ἀλλ’,
657 2724 839 2785 ἐπειδὴ
901 2732 1027 2780 Θεοῦ
1113 2733 1203 2781 καὶ
1283 2735 1450 2782 ταῦτα
1527 2733 1709 2802 φωναὶ,

125 2838 146 2865 ε
179 2815 382 2872 Ζητεῖτε
409 2815 511 2885 (2),
557 2819 647 2867 καὶ
710 2816 973 2889 εὑρήσετε,
1027 2819 1235 2889 κρούετε
1290 2822 1380 2870 καὶ
1440 2816 1713 2890 ἀνοιγήσε-

116 2923 224 2966 ται,
274 2925 301 2953 »
352 2907 604 2976 πρόσιμεν
665 2908 756 2957 καὶ
811 2904 982 2974 αὐτοὶ,
1045 2905 1318 2969 ζητοῦντες
1376 2907 1558 2982 εύρεῖν.
1612 2911 1714 2959 Καὶ

115 2995 364 3068 κρούομεν
430 2988 498 3051 δὴ
557 3001 758 3068 πρῶτον
813 2997 900 3047 τὸν
955 3002 1093 3058 νοῦν,
1153 2993 1278 3047 ὣστ’
1343 2993 1393 3048 ἓν
1465 3003 1709 3070 προσοχῇ

115 3089 447 3156 ’γρηγορῆσαι
498 3086 587 3134 καὶ
641 3088 950 3136 ταπεινώσει
1000 3087 1090 3136 καὶ
1149 3082 1393 3156 συντριϐῇ
1464 3080 1708 3158 καρδίας·

119 3168 212 3222 εἴτ’
263 3169 416 3221 αὐτὸν
455 3171 646 3242 ἄγομεν
703 3169 790 3224 ἐπὶ
849 3173 940 3232 τὰς
1002 3169 1335 3243 ἄγκλειούσας
1377 3171 1546 3233 πύλας
1620 3177 1711 3225 καὶ

113 3259 211 3319 τὰς
247 3255 542 3330 ἐπικρύψας
597 3257 766 3311 αὐτῶν
811 3267 911 3311 τῶν
952 3260 1096 3312 θεὶων
1158 3265 1391 3333 Γραφῶν,
1456 3259 1713 3332 βάλλοντα

110 3348 207 3419 μὲν
233 3343 283 3408 ἐς
303 3345 478 3416 αὐτ-ὰς,
538 3345 631 3398 ούκ
695 3345 902 3419 ἀφόϐως
959 3344 1037 3418 δὲ,
1091 3352 1181 3400 καὶ
1227 3355 1352 3420 γοῦν
1411 3350 1544 3420 μετὰ
1585 3347 1711 3404 πολ-

109 3435 204 3488 λοῦ
241 3453 374 3498 τινος
419 3442 512 3486 τοῦ
565 3431 711 3496 δέους
770 3435 1030 3496 ζητοῦντα
1073 3437 1300 3510 ῥαγῆναι
1362 3439 1553 3497 ταύτας
1634 3434 1712 3508 ἐφ’

106 3525 286 3574 ἱκανόν
331 3527 421 3575 καὶ
477 3523 866 3594 ῦπανοιχθῆναι
927 3523 1090 3594 αὐτῷ,
1146 3529 1236 3576 καὶ
1293 3521 1362 3583 δὴ
1443 3528 1710 3597 γενόμενον

101 3611 251 3672 ἐντὸς
302 3606 468 3683 μηδὲν
523 3607 584 3663 ῖδ
589 3629 662 3663 ιον
709 3616 847 3684 μώτε
900 3619 1088 3670 νοῆσαι
1134 3612 1260 3684 μήτ’
1330 3612 1507 3684 εἰπεῖν,
1602 3610 1708 3665 ἀλλ’

99 3700 232 3752 ὅσον
259 3699 320 3750 ἄν
380 3704 470 3752 καὶ
517 3695 832 3772 διδαχθείη,
873 3702 942 3761 ὡς
994 3701 1096 3752 ὑπὸ
1145 3703 1590 3774 παραπετάσματι
1636 3709 1710 3772 τῷ

93 3791 390 3862 φαινομένῳ
437 3791 788 3862 κρυπτόμενον
842 3793 932 3841 καὶ
992 3793 1064 3861 μή
1115 3791 1250 3843 πάνυ
1308 3809 1359 3841 τι
1415 3786 1576 3848 δῆλον
1655 3789 1709 3842 ὃν

94 3884 217 3938 τοῖς
243 3873 474 3938 πολλοῖς.
1439 3943 1445 3949 _

174 3965 254 4019 Ού
283 3970 388 4038 μὴν
417 3964 547 4030 ἀλλ’,
589 3964 697 4019 ἕπέὶ
743 3967 888 4019 ταῦτ’
936 3965 1111 4042 ἀρχὴν
1172 3975 1273 4020 τῶν
1339 3965 1517 4040 ἐφεξῆς
1583 3967 1708 4021 ὐπο-

97 4058 337 4128 θεμένοις
399 4054 484 4108 ἐπὶ
554 4056 760 4117 τούτοις
829 4054 990 4118 οὓτως
1072 4059 1263 4127 ἔχουσι
1337 4061 1427 4109 καὶ
1501 4055 1707 4132 θαῤῥείν

91 4147 231 4218 ἡμῖν
295 4147 512 4210 ἔπεισιν,
572 4142 652 4196 ἐπ’
717 4143 844 4197 αύτό
897 4148 988 4197 καὶ
1045 4140 1114 4203 δὴ
1170 4143 1348 4198 λοιπὸν
1407 4145 1618 4220 ἦκομεν,
1681 4147 1707 4199 ὃ

93 4231 170 4294 δὴ
227 4241 318 4286 νῦν
383 4237 473 4285 καὶ
529 4233 804 4296 ζητοῦντές
857 4231 1030 4306 ἔσμεν.
1078 4232 1232 4286 Ἐστι
1281 4231 1340 4287 δέ
1393 4242 1546 4288 τοῦτο
1603 4239 1704 4302 τίς

89 4326 167 4377 Τὸ
217 4324 361 4375 κατὰ
416 4325 503 4375 τὸν
553 4321 728 4374 Ἠλίαν
787 4327 876 4375 καὶ
942 4320 1257 4391 Ἐλισσαῖον,
1445 4319 1707 4382 δήπουθεν

89 4414 172 4466 ἐνί
221 4431 285 4484 γε
337 4415 446 4463 ὄντι
496 4415 586 4463 καὶ
630 4409 806 4485 ἀπόρῳ
854 4410 1010 4464 πλείω
1054 4415 1144 4463 καὶ
1192 4411 1356 4484 μείζω
1445 4415 1704 4486 συνεισέρ-

83 4521 283 4576 χεται,
310 4509 409 4563 τῆς
437 4500 600 4563 αὐτῆς
654 4499 776 4554 ὄντα
822 4504 910 4552 καὶ
962 4507 1129 4554 ταῦτα
1181 4499 1388 4574 ἐρεύνης
1443 4505 1533 4553 καὶ
1581 4498 1706 4554 ἁπο-

79 4597 238 4668 ρίας.

160 4683 383 4733 Ἀκούει
433 4682 522 4753 μὲν
573 4679 675 4752 γὰρ
734 4676 910 4739 ’Πλίας
989 4683 1122 4732 Θεοῦ
1191 4677 1456 4752 εἰρηκότος
1535 4676 1704 4732 Ἐλισ-

81 4778 250 4824 σαῖον
312 4773 504 4842 χρίσαι
567 4766 674 4820 ἀντ’
733 4767 893 4820 αύτοῦ
947 4766 1017 4830 εἰς
1080 4771 1352 4842 προφήτην
1436 4767 1536 4838 (3),
1613 4773 1703 4821 καὶ

71 4863 267 4933 χρίει.
325 4854 432 4912 Εἶτ’
486 4857 638 4930 ἄμφω
691 4857 774 4908 ἐπὶ
829 4859 914 4908 τὸν
963 4851 1232 4929 Ἰορδάνην
1297 4855 1474 4923 ἰόντες,
1527 4854 1702 4918 Ἠλίας

73 4949 255 5002 αὐτὸν
281 4945 521 5009 πατάξας
551 4952 614 5016 τῇ
646 4943 858 5018 μηλωτῇ
907 4948 1076 5017 τέμνει
1131 4944 1234 5017 (4),
1303 4948 1393 4996 καὶ
1455 4941 1702 5016 βαίνουσι

71 5034 184 5091 διὰ
249 5035 436 5108 ξηρᾶς,
495 5042 594 5087 τῶν
648 5035 916 5109 ῥευμάτων
974 5033 1150 5094 αὐτοῖς
1196 5035 1698 5107 ύποκέχωρηκότων.

63 5132 211 5180 Ἐπὶ
254 5123 318 5179 δὲ
375 5127 542 5197 τούτῳ
593 5123 771 5185 Ἠλίας
833 5122 1086 5198 ἐπιτρέπει
1148 5123 1444 5176 Ἐλισσαῖον
1496 5125 1553 5176 τὸ
1608 5120 1701 5176 δο-

61 5225 211 5271 κοῦν
289 5215 433 5286 αύτῷ
495 5213 734 5280 αἰτῆσαι,
783 5214 852 5275 ὡς
912 5216 1002 5265 καὶ
1062 5210 1300 5286 ἐσόμενον
1373 5211 1532 5283 αύτῷ,
1608 5230 1700 5264 του

61 5297 274 5358 Ἰνίλιοῦ
306 5304 390 5379 (5)
422 5309 782 5365 πεποιηκότος.
814 5300 871 5354 ’0
931 5297 990 5354 δε
1055 5305 1112 5354 τὸ
1167 5299 1246 5354 ἐπ’
1310 5303 1482 5372 ἑκείνῳ
1548 5307 1698 5353 πνεῦ-

989 4683 1122 4732 Θεοῦ
1191 4677 1456 4752 εἰρηκότος

144 5554 244 5625 (1)
275 5554 454 5625 Joan.
484 5567 538 5617 v,
570 5553 656 5606 39.

141 5623 236 5701 (’2)
269 5623 478 5701 Matth.
511 5637 608 5690 vn,
648 5626 749 5701 7._.

141 5631 209 5701 (2
269 5631 478 5681 Matth.
511 5637 608 5690 vn,
648 5631 700 5674 7.
747 5693 749 5696 η

139 5631 236 5773 (3)
269 5698 346 5752 lll
379 5697 521 5764 Reg.
553 5706 669 5758 xix,
700 5695 754 5748 7t

1825 593 1979 646 trare
2009 595 2383 660 tentarem,et
2408 595 2458 649 si
2486 594 2855 668 inquirerem
2886 611 2959 652 ea
2984 613 3121 669 quae
3152 615 3275 656 non
3303 618 3479 674 opor-

1825 681 1923 747 tet,
1940 683 2194 753 autquze
2215 698 2338 738 non
2362 699 2640 740 securum
2663 687 2752 740 est
2774 684 3094 757 inquirere,
3132 689 3258 744 etsi
3290 690 3477 748 nimio

1824 767 2037 824 ardore
2057 771 2255 828 studio
2279 772 2714 840 incumberem,
2748 778 2806 828 et
2845 774 2892 830 si
2942 781 3224 848 exerceri,
3280 784 3338 836 et
3379 796 3481 836 ex-

1823 856 2060 929 plorare
2085 859 2298 918 vellem
2327 877 2537 918 eorum
2589 867 2850 920 mentem
2900 879 3033 936 quae
3089 866 3151 921 in
3203 868 3274 923 iis
3333 869 3478 925 abs-

1823 945 2181 1014 conduntur,
2206 966 2346 1007 cum
2367 966 2490 1007 non
2507 951 2793 1008 omnibus
2814 952 2990 1008 detur
3009 969 3080 1010 ea
3106 959 3162 1010 et
3181 957 3480 1030 quidquid

1821 1037 2211 1109 estaSpiritu
2237 1043 2468 1106 sancto,
2520 1039 2626 1096 sed
2677 1041 2749 1096 iis
2800 1045 3032 1098 tantum
3083 1043 3306 1116 quibus
3361 1047 3476 1104 da-

1820 1127 1948 1180 tum
1978 1129 2083 1192 est,
2117 1132 2426 1198 penetrare
2454 1144 2632 1201 posse
2661 1133 2718 1185 et
2743 1128 3068 1200 intelligere
3107 1131 3399 1203 dogmata
3438 1151 3476 1193 a

1823 1213 2042 1284 Spiritu
2075 1220 2280 1273 sancto
2311 1217 2654 1288 praedicata.
2683 1222 2764 1274 Ac
2794 1219 2846 1274 is
2877 1223 2968 1274 est
2999 1235 3216 1276 sensus
3255 1222 3475 1280 divina

1818 1301 2000 1372 hujus
2029 1304 2233 1360 vocis:
2266 1327 2293 1357 ‹‹
2327 1307 2681 1363 Scrutamini
2713 1308 3066 1380 Scripturas;
3097 1332 3124 1360 ››
3157 1326 3230 1367 ea
3259 1313 3476 1368 exhor-

1819 1391 1962 1446 tatio
1983 1407 2104 1448 non
2135 1394 2214 1449 ad
2241 1410 2450 1452 omnes
2495 1397 2765 1468 pertinet,
2818 1397 2925 1453 sed
2967 1398 3047 1454 ad
3093 1414 3197 1455 eos
3240 1404 3475 1458 tantum

1818 1479 2041 1552 quibus
2066 1481 2202 1539 licet
2225 1487 2379 1540 recte
2409 1485 2670 1541 invenire
2698 1501 2834 1558 quae
2858 1486 2920 1542 in
2951 1487 3035 1542 eis
3073 1489 3470 1558 continentur,

1819 1568 2110 1624 mundum
2134 1569 2498 1628 habentibus
2523 1588 2740 1645 corpus
2761 1578 2816 1630 et
2839 1573 3111 1644 linguam
3133 1582 3190 1632 et
3212 1577 3472 1635 animam

1819 1659 1876 1712 et
1895 1657 2337 1727 cogitationem,
2373 1665 2553 1732 atque
2592 1661 2693 1726 ita,
2729 1677 2870 1717 cum
2911 1663 3038 1718 sine
3066 1660 3306 1721 macula
3337 1666 3472 1732 sint,

1818 1746 2035 1802 divinte
2071 1747 2222 1804 lucis
2249 1749 2597 1822 capacibus,
2634 1766 2706 1807 ac
2733 1750 3166 1808 revelationum
3198 1753 3476 1811 initiatio-

1819 1850 2089 1908 numque
2110 1842 2316 1894 nostra
2335 1843 2534 1895 mente
2559 1854 2629 1895 ac
2655 1839 2709 1894 vi
2731 1843 2789 1896 et
2811 1843 3029 1897 natura
3055 1841 3474 1899 excelsiorum.

1822 1922 1879 1979 Si
1903 1923 2062 1980 enim
2091 1923 2422 1982 immundis
2467 1927 2750 1983 manibus
2797 1943 2922 1984 non
2961 1928 3097 1985 licet
3144 1936 3355 1988 sancta
3404 1947 3477 1989 ac

1817 2027 1977 2084 pura
1997 2017 2260 2084 tangere,
2292 2030 2436 2070 sane
2465 2015 2984 2088 quamplurimum
3016 2018 3358 2076 timendum
3387 2026 3480 2077 est

1818 2115 1896 2157 ne
1925 2116 2096 2158 mens
2127 2106 2231 2159 aut
2255 2104 2535 2173 cogitatio
2563 2120 2687 2160 non
2711 2104 3003 2161 mundata
3029 2112 3292 2179 nequeat
3310 2109 3475 2167 adire

1820 2192 1878 2245 et
1907 2190 2193 2247 accedere
2224 2207 2295 2247 ac
2321 2193 2631 2264 pervenire
2662 2193 2741 2249 ad
2773 2209 2843 2250 ea
2880 2209 3017 2266 quae
3057 2210 3242 2267 supra
3279 2195 3475 2268 ipsam

1820 2284 2150 2348 versentur,
2192 2296 2388 2354 neque
2427 2283 2726 2354 penetrari
2763 2283 3022 2350 valeant,
3056 2283 3182 2340 sine
3212 2285 3474 2357 perfecto

1819 2368 1919 2426 illo
1963 2370 2221 2428 candore
2249 2371 2653 2447 perfectaque,
2677 2387 2864 2446 quam
2881 2372 3164 2443 diximus,
3195 2375 3475 2448 purifica-

1821 2458 2001 2518 ﬁone.

1892 2720 2168 2774 Attamen
2199 2717 2492 2791 quoniam
2523 2718 2622 2776 Dei
2661 2717 2754 2775 hae
2792 2734 3034 2793 quoque
3079 2735 3258 2777 voces
3289 2725 3429 2779 sunt
3459 2739 3473 2779 :

1824 2827 1853 2857 «
1875 2807 2148 2874 Quaerite,
2179 2811 2234 2864 et
2264 2807 2602 2880 invenietis,
2630 2807 2882 2880 pulsate,
2900 2815 2958 2864 et
2979 2808 3296 2882 aperietur,
3328 2831 3357 2861 »
3379 2827 3477 2868 ac-

1823 2895 2094 2954 cedimus
2127 2900 2184 2952 et
2211 2911 2343 2964 nos,
2371 2902 2708 2969 quaerentes
2738 2901 2804 2953 ut
2829 2898 3235 2955 inveniamus.
3262 2899 3477 2972 Etpul—

1825 3001 2031 3043 samus
2055 2985 2318 3057 primum
2339 2989 2625 3055 mentem,
2664 2985 2748 3041 ita
2785 2989 2850 3041 ut
2875 2985 2938 3041 in
2968 2985 3293 3043 attentione
3326 2988 3474 3058 vigi-

1819 3074 2014 3132 lemus
2035 3079 2093 3131 et
2109 3073 2445 3132 humilitate
2473 3091 2544 3131 ac
2565 3073 2917 3132 contritione
2947 3074 3144 3131 cordis
3196 3093 3210 3142 ;
3257 3075 3476 3135 deinde

1819 3163 2016 3237 ipsam
2045 3162 2322 3219 ducimus
2345 3162 2424 3220 ad
2477 3168 2679 3236 portas
2717 3162 3062 3220 claudentes
3109 3168 3168 3221 et
3215 3164 3478 3222 celantes

1821 3251 2056 3309 divinas
2089 3250 2442 3323 Scripturas,
2476 3267 2578 3308 eas
2626 3251 2875 3324 quidem
2927 3250 3293 3324 pulsantem,
3348 3269 3473 3310 non

1820 3340 2052 3414 absque
2071 3340 2300 3406 timore,
2333 3346 2391 3397 et
2418 3356 2558 3396 cum
2600 3341 2868 3397 maximo
2922 3351 3088 3397 metu
3133 3341 3474 3414 cupientem

1819 3445 1921 3486 eas
1945 3431 2139 3499 frangi
2171 3427 2530 3485 sufﬁcienter
2556 3445 2628 3486 ac
2648 3430 2884 3502 aperiri,
2919 3433 2995 3499 et,
3021 3429 3271 3503 quando
3314 3435 3476 3487 intus

1818 3518 2013 3587 fuerit,
2045 3516 2191 3574 nihil
2221 3517 2430 3588 privati
2473 3523 2576 3574 aut
2626 3518 2890 3588 cogitare
2943 3525 3048 3575 aut
3095 3518 3314 3590 dicere,
3367 3520 3475 3576 sed

1817 3613 2114 3680 quantum
2145 3607 2288 3662 satis
2319 3608 2430 3663 erit
2476 3615 2540 3663 ut
2582 3607 2888 3676 doceatur,
2934 3612 3228 3682 tanquam
3277 3613 3474 3682 tapete

1818 3695 2133 3769 perspicuo
2164 3695 2430 3754 velatum
2450 3711 2645 3770 neque
2666 3695 3031 3754 multitudini
3061 3697 3468 3755 manifestum.

1886 3966 2182 4031 Attamen,
2215 3963 2509 4036 quoniam
2538 3962 2668 4018 haec
2697 3960 3058 4034 principium
3083 3976 3294 4018 eorum
3332 3977 3469 4034 quae

1816 4056 2092 4108 secutura
2129 4056 2283 4123 sunt,
2314 4050 2768 4123 supposuimus,
2802 4049 3016 4121 hisque
3043 4065 3105 4106 se
3134 4049 3218 4108 ita
3241 4050 3468 4107 haben-

1815 4141 1991 4212 tibus,
2024 4139 2311 4196 ﬁduciam
2342 4139 2565 4195 habere
2603 4137 2780 4194 nobis
2825 4137 2979 4204 licet,
3011 4136 3093 4193 ad
3129 4136 3193 4194 id
3226 4138 3471 4196 tandem

1814 4230 2108 4300 venimus,
2142 4227 2307 4301 quod
2339 4242 2499 4284 nune
2527 4241 2790 4298 quaerere
2815 4225 3129 4283 debemus.
3173 4226 3326 4293 Quid
3357 4243 3465 4284 au-

1813 4320 1934 4374 tem
1953 4317 2099 4373 illud
2126 4322 2213 4372 est
2241 4317 2268 4372 ?
2296 4315 2466 4380 Quod
2491 4316 2565 4372 ad
2595 4314 2786 4371 Ellam
2816 4320 2871 4371 et
2910 4315 3186 4372 Elisaeum
3219 4321 3470 4390 spectat,

1812 4422 2003 4464 unum
2033 4405 2277 4479 quidem
2295 4420 2364 4462 ac
2385 4403 2642 4475 difﬁcile,
2670 4404 2766 4460 cui
2787 4403 2960 4478 plura
2979 4409 3034 4462 et
3068 4407 3307 4478 majora
3327 4422 3469 4464 con-

1807 4494 2167 4566 junguntur,
2198 4510 2335 4567 qute
2355 4493 2568 4550 eodem
2593 4497 2772 4564 egent
2799 4493 3099 4565 examine,
3129 4510 3241 4552 nec
3262 4496 3466 4554 minus

1740 4569 1787 4624 D
1814 4584 2081 4642 difﬁcilia
2118 4584 2415 4641 videntur.

1884 4673 2064 4730 Audit
2090 4673 2250 4730 enim
2302 4672 2454 4729 Elias
2498 4674 2686 4729 Deum
2736 4671 3034 4732 dicentem
3085 4678 3153 4732 ut
3189 4675 3465 4732 Elisaaum

1811 4763 1943 4822 loco
1975 4761 2161 4836 ipsius
2190 4762 2252 4817 in
2279 4761 2638 4835 prophetam
2664 4766 2854 4832 ungat
2890 4777 2904 4828 ;
2939 4766 2998 4820 et
3017 4763 3206 4833 ungit.
3237 4762 3459 4820 Deinde

1811 4853 1994 4911 ambo
2020 4850 2100 4908 ad
2119 4849 2442 4908 Jordanem
2462 4850 2878 4924 procedentes,
2912 4850 3065 4908 Elias
3089 4849 3317 4907 ﬂumen
3339 4850 3464 4922 pal-

1808 4942 1889 4999 lio
1917 4941 2158 5014 pelliceo
2187 4938 2524 5012 percutiens
2545 4938 2775 5002 dividit,
2800 4943 2857 4994 et
2893 4954 3000 5010 per
3033 4937 3262 4993 siccum
3299 4937 3456 4993 ince-

1809 5030 1981 5100 dunt,
2012 5027 2292 5086 ﬂuctibus
2321 5027 2392 5084 iis
2420 5026 2869 5084 obedientibus.
2907 5024 3130 5082 Deinde
3170 5024 3324 5082 Elias
3355 5025 3468 5082 Eli.

1811 5136 1933 5177 saso
1962 5119 2245 5193 permittit
2263 5121 2330 5173 ut
2353 5133 2389 5172 a
2419 5133 2484 5172 se
2508 5115 2804 5189 quidquid
2836 5113 3143 5187 placuerit,
3176 5113 3458 5188 postulet,

1808 5215 2104 5283 tanquam
2129 5207 2248 5280 ipsi
2275 5206 2643 5274 adfuturum,
2681 5202 2972 5260 efﬁciente
3016 5202 3157 5260 Elia.
3197 5202 3293 5261 llle
3323 5219 3466 5262 vero

1809 5298 2130 5374 postulavit
2156 5301 2222 5354 ut
2249 5295 2492 5368 spiritus
2521 5291 2658 5348 ElltB
2680 5291 2903 5364 duplex
2925 5307 3105 5366 super
3130 5291 3338 5366 ipsum
3359 5292 3459 5350 ﬁe-

1903 5549 1956 5614 4)
1995 5548 2063 5601 IV
2088 5548 2226 5614 Reg.
2255 5559 2317 5609 ιι,
2354 5544 2411 5614 8.

1903 5549 1956 5614 4)
1995 5548 2063 5601 IV
2088 5548 2236 5668 Reg;
2255 5559 2317 5609 ιι,
2354 5547 2411 5622 8.
2455 5609 2467 5621 .

1852 5547 1960 5691 .15)
2000 5617 2090 5675 Ob
2125 5616 2186 5670 ἰι
2227 5617 2295 5675 ἀξ
2331 5610 2548 5669 metuis
2573 5616 2666 5664 τοῦ
2693 5610 2893 5670 Ἠλίου.
