4050 6306
551 375 687 432 1459

1898 371 2265 428 NICEPHORI
2303 368 2568 426 CHUMNl

3782 369 3906 421 1480

549 504 656 556 ret.
691 501 756 554 Et
780 496 1017 553 difﬁcile
1047 495 1292 568 quidem
1326 497 1650 553 arbitratus
1700 502 1789 553 est
1837 496 1990 551 Elias
2036 495 2200 566 quod

2323 513 2387 544 ua
2438 493 2516 545 ἐπ’
2576 494 2737 563 αὐτῷ,
2793 493 3033 562 γενέσθαι
3087 488 3276 544 δισσὸν
3326 491 3545 543 αἰτεῖται
3623 491 3733 556 (Η.
3819 497 3907 543 Καὶ

550 588 917 661 postulatum
943 593 1087 652 erat,
1117 586 1221 642 sed
1247 602 1367 642 non
1396 587 1647 642 omnino
1698 602 1896 657 neque
1941 601 2199 658 semper.

553 677 667 735 Sed
695 699 723 727 κ
754 677 809 733 Si
837 675 1056 730 videris
1086 691 1200 743 me,
1254 676 1467 748 inquit,
1513 676 1762 748 quando
1816 675 1988 731 tollar
2044 690 2081 729 a
2123 679 2199 741 te,

551 764 657 820 erit
687 763 788 818 tibi
818 764 899 818 ita
942 768 1004 818 ut
1057 762 1391 833 postulasti.
1454 785 1476 812 ι
1531 766 1594 818 Et
1645 763 1920 819 abierunt
1972 766 2200 834 postea.

550 856 871 924 Postquam
921 857 1120 907 autem
1179 852 1396 916 abiere,
1451 853 1690 908 Elisaaus
1739 868 1980 908 currum
2025 851 2200 921 ignis,

552 941 782 1014 aspicit,
807 942 868 996 in
899 957 1090 1012 eoque
1109 941 1294 997 Eliam
1325 942 1525 997 statim
1552 947 1791 1014 raptum
1823 947 2002 1012 atque
2042 940 2206 994 abla-

551 1036 699 1088 tum.
731 1032 796 1085 Et
825 1036 1149 1101 postquam
1177 1029 1241 1084 id
1276 1030 1442 1095 vidit,
1474 1038 1529 1085 et
1553 1032 1612 1086 in
1638 1031 1823 1103 petita
1853 1029 2044 1097 gratia
2068 1044 2207 1083 con-

553 1120 699 1190 ﬁdit,
727 1119 922 1176 statim
946 1134 1272 1174 conversus
1296 1119 1371 1174 ad
1397 1121 1738 1186 Jordanem,
1759 1119 1938 1190 pallio
1961 1117 2205 1190 pelliceo

554 1216 612 1266 et
639 1209 768 1280 ipse
812 1207 1034 1263 ﬂumen
1075 1209 1346 1278 percutit.
1385 1209 1527 1264 Illud
1559 1215 1758 1264 autem
1795 1210 2041 1263 minime
2069 1207 2208 1262 obe-

553 1297 640 1353 dit
667 1312 862 1369 neque
891 1295 1135 1351 ﬁnditur
1165 1312 1360 1368 neque
1391 1297 1674 1352 dividitur
1707 1303 1771 1351 ut
1797 1297 1982 1368 prius,
2011 1311 2206 1367 neque

556 1399 781 1442 srccum
805 1382 908 1439 dat
937 1382 1143 1438 Elisaeo
1166 1384 1330 1454 apud
1357 1384 1553 1455 ipsum
1585 1384 1783 1438 videre
1815 1383 2204 1438 auttransire.

557 1475 622 1528 Et
649 1471 964 1544 propheta,
998 1487 1137 1526 cum
1173 1477 1450 1527 maereret
1479 1473 1645 1544 quod
1675 1488 1796 1526 non
1833 1471 2014 1526 modo
2083 1487 2204 1526 non

554 1560 878 1631 duplicem,
906 1564 970 1614 ut
1000 1559 1422 1630 postulaverat,
1454 1559 1560 1615 sed
1601 1575 1676 1614 ne
1715 1559 2049 1631 simplicem
2079 1559 2209 1631 qui-

555 1647 698 1706 dem
722 1647 996 1718 spiritum
1046 1647 1398 1719 accepisset,
1447 1653 1626 1720 atque
1673 1649 1830 1717 ignei
1891 1663 2100 1702 currus
2153 1653 2210 1702 et

560 1735 695 1790 Eliae
735 1734 1102 1790 ascensionis
1133 1739 1428 1806 spectator
1457 1735 1682 1792 factus:
1718 1741 1773 1791 et
1805 1735 2053 1806 pallium
2083 1737 2209 1806 qui-

556 1822 697 1880 dem
716 1821 1027 1894 pelliceum
1056 1822 1238 1882 idem.
1259 1829 1314 1878 et
1332 1823 1607 1879 Iordanis
1633 1824 1792 1879 idem
1821 1829 1880 1878 et
1908 1824 1966 1878 in
1993 1823 2206 1878 iisdem
2239 1844 2282 1899 Β

557 1911 874 1976 ﬂuctibus;
925 1909 1138 1967 divisio
1186 1917 1389 1967 autem
1441 1913 1606 1967 nulla
1651 1928 1845 1984 neque
1877 1913 2087 1967 eadem
2142 1928 2213 1966 ac

557 1999 726 2072 prius
749 1999 1226 2070 separatio.Quid
1249 2000 1466 2056 deinde
1499 2001 1526 2053 ἱ)
1545 2002 1686 2056 Hinc
1707 2017 1914 2056 rursus
1938 2000 2012 2055 ad
2033 2000 2208 2055 Eliam

557 2088 799 2144 vertitur
828 2094 884 2143 et
912 2087 1072 2147 illius
1096 2091 1282 2144 Deum
1322 2089 1560 2145 invocat
1602 2107 1615 2144 :
1657 2089 1717 2144 in
1758 2090 1870 2144 hac
1910 2104 2085 2160 prece
2113 2105 2214 2143 au-

559 2182 678 2233 tem
697 2177 1018 2234 Iordanem
1041 2194 1281 2234 rursum
1305 2181 1577 2250 percutit,
1603 2185 1660 2235 et
1681 2184 1844 2234 secat
1866 2179 2211 2249 verberans,

559 2269 618 2320 et
637 2265 805 2321 illum
825 2269 1120 2337 tanquam
1140 2284 1244 2338 per
1262 2268 1481 2322 siccam
1512 2271 1723 2322 terram
1749 2267 1975 2333 transit,
2018 2282 2214 2338 neque

560 2354 754 2422 magis
784 2369 980 2425 neque
1006 2355 1206 2410 minus
1233 2371 1420 2426 quam
1451 2355 1604 2410 Elias
1662 2361 1717 2411 et
1765 2355 1894 2424 ejus
1945 2355 2208 2425 spiritus,

561 2441 754 2496 sciens
779 2442 909 2510 jam
937 2457 998 2496 se
1023 2445 1235 2497 eadem
1265 2459 1466 2514 posse.

2315 582 2539 655 σκληρόν
2593 582 2769 642 Ἠλίας
2811 585 2870 632 τὸ
2919 581 3125 638 αἰτηθὲν
3180 581 3401 651 νομίζει,
3441 579 3549 631 ἀλλ’
3617 581 3682 631 οὐ
3761 584 3910 632 καθιέ-

2310 671 2436 735 παξ,
2471 667 2593 722 οὐδὲ
2658 674 2822 742 μέχρι
2885 675 3097 731 παντὸς⁸
3155 668 3283 735 ἀλλ’,
3347 690 3376 718 α
3418 669 3535 722 Ἐὰν
3573 665 3706 741 ἴδῃς
3754 689 3835 741 με,
3884 689 3908 721 ν

2312 764 2493 822 φησιν,
2537 757 3039 830 ἀναλαμϐανόμενον,
3088 761 3236 810 ἔσται
3293 777 3377 810 σοι
3441 757 3625 819 οὓτως.
3695 779 3727 808 ι)
3823 764 3910 810 Καὶ

2311 848 2547 921 ἀπῄεσαν
2631 847 2773 899 ταῦτ’
2841 847 3084 908 εἰπόντες.
3136 847 3274 899 Ἐπεὶ
3332 843 3382 899 δ’
3435 845 3700 918 ἀπῄεσαν,
3751 848 3913 899 Ἐλισ-

2315 945 2458 996 σαῖος
2511 937 2655 1010 οἱρμα
2705 939 2870 1009 πυρὸς
2928 934 3122 1006 βλέπει,
3183 935 3264 987 ἐπὶ
3336 933 3397 988 δὲ
3469 939 3665 987 τούτου
3744 937 3910 987 Ἦλίτι

2313 1025 2465 1086 εὐθὺς
2516 1025 2815 1097 ἁρπαγέντα
2865 1031 3136 1096 φερόμενον
3214 1025 3338 1079 ἄνω.
3423 1031 3527 1077 Καὶ
3603 1027 3690 1076 ὅτι
3777 1026 3910 1076 ταῦτ’

2313 1111 2418 1166 εἶδε
2469 1119 2556 1166 καὶ
2599 1113 2910 1187 τεθάρῥηχεν
2959 1110 3066 1171 ἤδη
3145 1119 3239 1170 τὴν
3309 1116 3492 1187 χάριν,
3563 1120 3662 1166 καὶ
3763 1111 3904 1176 δῆτα,

2315 1206 2558 1275 στραφεὶς
2625 1200 2708 1252 ἐπὶ
2774 1204 2862 1252 τὸν
2923 1197 3216 1274 Ἰορδάνην,
3281 1209 3343 1273 τῇ
3413 1201 3632 1274 μηλωτῇ
3681 1207 3776 1253 καὶ
3834 1203 3910 1252 ar}-

2311 1293 2401 1351 τὸς
2424 1291 2706 1341 πατάσσει·
2741 1291 2767 1341 ο
2805 1285 2856 1340 δ’
2908 1290 3014 1360 οὐχ
3072 1292 3268 1341 ὑπείκει
3333 1290 3431 1360 (2),
3482 1287 3612 1342 οὐδὲ
3673 1295 3909 1362 σχίζεται

2314 1381 2382 1438 ὡς
2436 1382 2494 1430 τὸ
2550 1387 2748 1453 πρῶτον
2806 1374 2929 1430 οὐδὲ
2986 1375 3291 1452 διαιρεῖται,
3350 1376 3474 1430 οὐδὲ
3529 1379 3693 1452 ξηρὸν
3773 1378 3911 1431 οὐδὲν

2317 1463 2542 1519 δίδωσιν
2572 1466 2620 1518 ἓν
2677 1466 2844 1536 ἐαυτῷ
2888 1474 3004 1518 ουτε
3058 1465 3251 1539 βλέψαι
3299 1470 3385 1518 τὸν
3433 1466 3764 1529 Ἐλισσαῖον,
3818 1469 3915 1519 οὒτ’

2315 1555 2398 1608 ἐπὶ
2419 1574 2603 1607 τουτου
2631 1553 2812 1627 βῆναι,
2871 1561 2970 1608 Καὶ
3019 1556 3044 1608 ὁ
3096 1559 3368 1628 προφήτης
3421 1555 3469 1606 ἐν
3521 1553 3747 1627 ἀπορία,
3806 1558 3914 1628 ὅπερ

2314 1646 2479 1716 ᾔτησε
2501 1649 2592 1695 καὶ
2659 1640 2725 1701 δ’)
2783 1642 2954 1695 λαϐεῖν
3022 1647 3234 1714 ἤκουσα,
3290 1649 3362 1716 μὴ
3427 1643 3511 1696 ὃτι
3559 1664 3629 1714 ’γε
3685 1642 3915 1706 ἄικλον»,

2317 1731 2423 1784 ἀλλ’
2489 1729 2603 1784 οὐδ’
2665 1731 2858 1784 ἁπλοῦν
2918 1738 3167 1804 ευρηιώς,
3253 1752 3425 1784 καίτοι
3511 1741 3609 1784 τοῦ
3709 1740 3918 1807 πυρίνην

2316 1819 2547 1891 ἅρματος
2580 1824 2668 1871 καὶ
2728 1827 2824 1880 τῆς
2879 1827 2970 1872 τοῦ
3024 1819 3201 1873 Ἠλιοὺ
3248 1817 3436 1872 ἄνοδον
3510 1821 3701 1881 θεατὴς
3780 1841 3920 1890 ἰε-ιε-

2322 1912 2663 1978 νημένοςοκαὶ
2710 1910 2740 1965 ἠ
2793 1911 2882 1980 μὲν
2928 1908 3139 1979 μηλωτὴ
3196 1911 3226 1966 ἡ
3281 1909 3434 1970 αὕτη,
3495 1914 3591 1961 καὶ
3653 1907 3920 1983 Ἰορδάνης

2321 1997 2346 2047 ὁ
2391 1997 2568 2064 αὐτὸς,
2632 2002 2722 2049 καὶ
2772 1997 2992 2070 ῥείθροις
3030 1997 3388 2058 αὖθιςέντοῖς
3455 2000 3672 2060 αὐτοῖς·
3756 2001 3788 2055 ἡ
3870 1997 3921 2050 δε

2322 2081 2581 2155 διαίρεσις
2613 2087 2807 2143 ἣκιστα
2829 2085 2938 2137 οὗθ’
2969 2087 3000 2143 ἡ
3051 2090 3183 2157 τομὴ
3238 2089 3374 2138 κατὰ
3423 2089 3482 2138 τό
3525 2095 3746 2160 πρῶτον
3812 2085 3924 2140 οὐδὲ

2318 2192 2378 2245 ’γε
2427 2171 2687 2231 δήπουθεν
2729 2176 2760 2232 ἡ
2809 2174 2966 2231 αὐτή.
3021 2180 3084 2227 Τί
3133 2175 3717 2250 λοιπόηἘπιστρέφει
3788 2178 3925 2236 αὖθις

2319 2267 2446 2338 πρὸς
2483 2263 2682 2329 Ἠλίαν,
2737 2269 2827 2316 καὶ
2883 2268 2970 2316 τὸν
3019 2263 3211 2317 ἐκείνου
3254 2265 3580 2317 ἐπικαλεῖται
3636 2272 3796 2318 eam--
3853 2267 3925 2318 ἐπί

2322 2349 2381 2406 δὲ
2411 2361 2482 2422 τῷ
2511 2353 2707 2426 ῥήματι
2755 2356 2920 2422 τούτῷ
2958 2357 3044 2405 τὸν
3111 2351 3381 2426 Ἰορδάνην
3434 2355 3590 2414 αὖθις
3638 2357 3923 2414 πατάσσει,

2320 2461 2409 2494 και
2427 2442 2653 2514 ῥήγνυσι
2689 2442 2940 2508 πατάξας,
2971 2463 3060 2494 και
3106 2445 3176 2503 ὡς
3239 2442 3324 2495 ἐπί
3377 2443 3542 2517 ξηρᾶς
3591 2444 3768 2496 αὐτοῦ
3821 2441 3925 2496 διι-

561 2527 742 2590 ϐαίνει,
798 2529 856 2579 οὗ
921 2528 1070 2581 πλέον
1118 2527 1240 2582 οὐδὲ
1315 2532 1513 2602 μεῖζον,
1578 2529 1684 2582 ἀλλ’
1745 2534 1863 2583 ὅσον
1921 2529 2099 2591 Ἠλίας
2155 2549 2246 2581 και
2307 2532 2366 2582 τὸ
2428 2530 2620 2582 ἐκείνου
2672 2537 2893 2602 πνεῦμα,
2931 2534 3082 2601 γνοὺς
3149 2530 3278 2583 εἶναι
3315 2551 3406 2582 και
3463 2531 3623 2592 αὐτὸς
3693 2529 3808 2590 ἠδη
3849 2529 3922 2583 δε-

563 2613 598 2669 δ
600 2637 693 2674 υνη
699 2620 867 2688 μένος.

631 2795 700 2848 Et
722 2795 851 2852 haec
874 2795 1118 2868 quidem
1137 2797 1218 2856 ita
1251 2813 1313 2852 se
1337 2797 1694 2854 habuerunt.
1715 2797 1799 2854 lbi
1831 2803 2031 2854 autem
2050 2813 2213 2870 quae-

559 2880 706 2940 ritur
766 2888 825 2939 et
896 2883 1042 2940 illud
1091 2903 1102 2940 :
1161 2888 1354 2951 Quare
1402 2902 1524 2942 non
1573 2887 1811 2953 obvius,
1870 2886 1975 2942 sed
2022 2887 2209 2940 durus

559 2969 712 3030 Elias
741 2972 929 3028 Elisaei
954 2973 1340 3045 postulationi
1361 2976 1631 3042 occurrit,
1662 2980 1948 3048 tanquam
1992 2975 2212 3030 invidia

558 3065 727 3120 actus
750 3075 946 3134 neque
980 3064 1212 3134 patiens
1251 3081 1313 3120 se
1353 3066 1552 3119 minus
1590 3064 1810 3120 habere
1844 3081 2033 3137 quam
2072 3079 2209 3118 eum

556 3150 660 3220 qui
691 3149 769 3206 ad
799 3151 930 3221 ipso
968 3159 1182 3208 unctus
1202 3159 1327 3208 erat
1363 3155 1391 3209 Ῡ
1421 3155 1708 3219 Quaeritur
1737 3160 1959 3221 autem,
1992 3161 2046 3208 et
2087 3169 2211 3208 ma-

557 3238 716 3296 xima
743 3238 1093 3297 ditﬁcultate
1126 3242 1398 3298 abundat
1419 3242 1586 3306 illud,
1613 3242 1779 3314 quod
1813 3243 1962 3298 Elias
1991 3243 2046 3297 in
2073 3259 2210 3297 ocu-

556 3325 627 3382 lis
650 3327 840 3385 Elisaai
861 3344 1101 3384 currum
1125 3331 1414 3386 ascendat
1433 3337 1489 3386 et
1509 3347 1747 3386 sursum
1769 3337 1984 3395 currat,
2008 3331 2189 3386 Jorda

555 3415 649 3470 nis
678 3431 817 3470 vero
845 3415 922 3470 ab
951 3417 1073 3476 Elia
1100 3418 1328 3472 divisus
1359 3419 1562 3474 Elisaeo
1590 3419 1846 3485 resistat,
1893 3435 2086 3490 neque
2116 3435 2210 3473 ce-

557 3499 683 3568 dat,
717 3517 911 3572 neque
941 3503 1183 3559 obediat
1216 3522 1228 3559 :
1262 3510 1318 3561 et
1345 3506 1474 3561 haec
1514 3512 1653 3561 sunt
1692 3507 1930 3577 spiritus
1969 3506 2072 3578 qui
2113 3523 2212 3560 su-

557 3603 664 3660 per
693 3587 864 3646 illum
884 3597 1029 3658 erat,
1055 3597 1110 3647 et
1123 3594 1296 3662 juxta
1317 3610 1523 3664 preces
1549 3594 1756 3656 Elisaai,
1786 3595 2009 3657 duplex
2034 3611 2212 3666 super

558 3674 831 3732 Elisaaum
868 3678 1059 3734 factus
1119 3685 1263 3736 erat.
1329 3684 1458 3735 Non
1509 3681 1669 3736 enim
1728 3682 2033 3737 verisimile
2087 3689 2210 3738 erat

557 3764 877 3820 mentitum
907 3783 1036 3822 esse
1078 3767 1285 3833 Eliam,
1327 3784 1521 3840 neque
1561 3771 1888 3842 quisquam
1919 3771 1976 3825 id
2014 3771 2209 3826 dicere

557 3851 825 3912 auderet.
868 3855 981 3910 Sed
1012 3855 1158 3928 quid
1188 3857 1216 3911 ‘?

629 3960 742 4016 Sed
767 3963 1042 4018 nondum
1072 3964 1205 4019 hoc.
1245 3964 1358 4020 Sed
1399 3965 1475 4019 de
1498 3966 1694 4036 priore
1725 3967 1904 4020 credo
1938 3972 2211 4038 oportere

555 4064 667 4104 nos
693 4050 863 4121 prius
894 4051 1080 4123 loqui.

627 4157 902 4221 Queritur
927 4175 995 4214 ac
1031 4159 1282 4216 moleste
1310 4160 1418 4215 fert
1457 4163 1511 4215 et
1558 4160 1721 4216 dolet
1759 4161 1933 4230 Elias,
1963 4162 2210 4233 quando

555 4243 798 4298 Elisaeus
844 4247 1148 4302 contendit
1168 4247 1333 4318 quod
1359 4249 1673 4318 ignorabat
1695 4249 1789 4304 ille
1816 4265 1885 4304 ac
1908 4250 2212 4306 nesciebat

556 4332 694 4386 Elia;
722 4334 1014 4403 spiritum.
1050 4337 1375 4407 Oportebat
1400 4339 1558 4394 enim
1578 4343 1641 4393 ut
1671 4339 1764 4393 ille
1784 4354 1904 4393 non
1927 4355 2065 4393 eum
2094 4341 2210 4410 spi-

556 4422 761 4485 ritum,
803 4437 997 4493 neque
1030 4440 1164 4478 eum
1194 4425 1493 4498 duplicem
1527 4427 1872 4498 postularet.
1916 4431 2080 4482 Nunc
2107 4444 2209 4481 au-

2402 2800 2501 2850 Καί
2553 2804 2716 2850 ταῦτα
2762 2799 2852 2868 μὲν
2890 2801 3072 2858 όῦτως.
3123 2797 3375 2850 Ἐνταῦθα
3421 2795 3484 2849 δὲ
3533 2798 3785 2859 ζητεῖται

2322 2883 2548 2952 κάκεῖνο,
2583 2890 2634 2938 τί
2665 2885 2742 2938 ὃτι
2799 2890 2870 2956 μὴ
2929 2890 3214 2957 προσηνὴς,
3279 2885 3406 2938 ἀλλὰ
3462 2886 3700 2961 σκληρὸς
3759 2888 3920 2946 Ἠλίας

2323 2972 2405 3026 ἐπι
2455 2977 2548 3030 τήν
2607 2981 2699 3026 τοῦ
2757 2973 3057 3026 Ἐλισσαίου
3122 2977 3333 3032 αἴτησιν
3410 2974 3637 3045 ἀπαντᾷ,
3702 2979 3778 3037 ὡς

2323 3063 2509 3132 φθόνου
2538 3057 2712 3118 δήπου
2728 3081 2785 3132 γε
2824 3064 3043 3132 ἠγμένος
3083 3068 3173 3115 καὶ
3223 3068 3294 3134 μὴ
3349 3063 3666 3134 ἀνεχόμενος
3721 3065 3918 3116 ἐλαττοῖ

2323 3152 2462 3220 ἔχειν
2489 3157 2580 3202 τοῦ
2639 3150 2726 3202 ὑπ’
2782 3151 2942 3203 αὑτοῦ
2987 3153 3318 3224 χρισθέντος.
3376 3150 3621 3209 Ζητεῖται
3692 3151 3776 3221 δί,
3840 3174 3920 3204 χαι

2322 3237 2562 3298 πλείστης
2618 3241 2747 3299 ὅσης
2797 3243 2910 3291 ἔστι
2965 3245 3186 3311 μετέχον
3240 3249 3334 3302 τῆς
3394 3239 3640 3315 ἀπορίας,
3713 3249 3809 3294 καὶ
3871 3249 3920 3292 τε

2321 3326 2497 3380 Ἠλίαν
2526 3331 2616 3398 μὲν
2655 3326 2703 3378 ἐν
2733 3327 2915 3398 ὄψεσιν
2969 3327 3270 3384 Ἐλισσαίου
3320 3328 3394 3402 ἐφ’
3460 3331 3705 3404 ἅρματος
3768 3331 3926 3404 βῆναι

2319 3420 2407 3470 καὶ
2446 3413 2663 3488 δραμεῖν
2700 3415 2823 3483 ἀνω,
2880 3414 3149 3490 Ἰορδάνην
3198 3415 3250 3470 δ’
3301 3419 3389 3472 ὑπ’
3441 3420 3606 3472 αὐτοῦ
3661 3424 3926 3492 τμηθέντα

2319 3508 2448 3577 πρὸς
2527 3501 2822 3558 Ἐλισσαῖον
2913 3505 3168 3576 ἀντέχειν,
3251 3512 3339 3558 καὶ
3417 3509 3548 3578 μήθ’

2319 3597 2450 3662 μήτε
2479 3594 2830 3656 καθυπείκειν,
2900 3597 2989 3645 καὶ
3033 3602 3203 3646 ταῦτα
3250 3603 3342 3646 τοῦ
3397 3595 3476 3647 ἐπ’
3538 3596 3726 3668 ἐκείνῳ
3785 3618 3928 3650 πηοεν-ο

2321 3700 2501 3751 ματος,
2530 3685 2666 3734 κατὰ
2703 3686 2760 3734 τὸ
2793 3679 2982 3735 δοκοῦν
3022 3683 3320 3753 Ἐλισσαίῷ,
3381 3681 3572 3737 διπλοῦ
3630 3686 3724 3740 ἐπὶ

2319 3775 2677 3840 ’γεγενημένου-
2746 3770 2804 3821 οὗ
2855 3773 2952 3844 γάρ
3018 3767 3078 3829 ἦν
3139 3768 3273 3833 εἶκος
3338 3772 3649 3843 ψεύσασθαι
3727 3776 3925 3839 Ἠλίαν,

2320 3854 2435 3908 οὐδ’
2459 3855 2636 3920 οὐδεὶς
2664 3858 2724 3910 ἂν
2764 3862 2918 3928 εἴποι.
2952 3860 3108 3911 Ἀλλά
3136 3865 3186 3912 τί
3222 3879 3234 3927 ;

2913 3505 3168 3576 ἀντέχειν,
3251 3512 3339 3558 καὶ
3417 3509 3548 3578 μηθ’
3621 3511 3927 3581 ὑποχωρεῖν

2395 3963 2548 4015 Ἀλλὰ
2601 3971 2759 4036 μήπω
2821 3974 2996 4017 τοῦτο·
3062 3965 3189 4018 ἀλλὰ
3234 3972 3350 4038 περὶ
3405 3976 3496 4018 τοῦ
3557 3977 3783 4040 πρώτου
3849 3975 3929 4023 καί

2320 4059 2520 4124 χρῆναι
2549 4071 2698 4125 οιμαι
2720 4052 2845 4124 ἐρεῖν
2876 4054 3012 4124 ἡμᾶς
3052 4062 3252 4126 πρῶτον

2392 4164 2728 4231 Δυσχεραίνει
2789 4164 2878 4211 καὶ
2947 4156 3339 4231 δυσανασχετεῖ
3413 4182 3504 4213 και
3580 4165 3930 4238 σχληρύνετιιι

2323 4246 2517 4308 Ἠλίας,
2551 4251 2899 4320 αἳτησαμένδυ
2931 4256 3021 4300 τοὺ
3077 4248 3397 4317 Ἐλισσαίου,
3466 4253 3550 4303 ὅτι
3610 4250 3686 4312 δή
3735 4255 3928 4320 ἆννῡεέιτ

2319 4335 2380 4391 ἧν
2428 4335 2575 4397 οὗτος
2632 4341 2721 4388 καὶ
2765 4341 2833 4409 μη
2885 4341 2940 4388 τὸ
3002 4343 3104 4388 πᾶν
3169 4335 3323 4400 εἰδὼς
3365 4347 3456 4392 τοῦ
3529 4344 3653 4394 κατ’

2315 4426 2620 4496 πνεύματος
2675 4421 2780 4477 ἔδει
2834 4421 2893 4477 δὲ
2945 4426 3003 4477 οὐ
3061 4435 3210 4479 τοῦτο
3266 4424 3390 4480 οὐδὲ
3444 4425 3676 4482 διπλοῦν

3744 4344 3927 4397 ᾖεῖη)

3775 4438 3925 4485 αῧτεὲν

556 4512 674 4562 tem
701 4507 863 4563 idem
892 4516 984 4565 est
1009 4527 1077 4565 ac
1110 4515 1158 4567 si
1189 4515 1322 4582 quis
1355 4516 1549 4570 sciens
1585 4516 1928 4571 divitiarum
1970 4516 2207 4571 thesau-

2323 4512 2442 4564 αὐτό
2476 4513 2727 4573 ζητῆσαι.
2768 4521 2876 4567 Νῦν
2909 4511 2958 4568 δ’
2990 4515 3101 4568 ἐστὶ
3149 4520 3357 4578 ταυτὸν,
3426 4517 3604 4585 ὥσπερ
3673 4522 3735 4572 ἂν
3790 4526 3922 4588 in;

551 4610 651 4651 ros
681 4611 807 4651 esse
833 4600 997 4669 apud
1029 4600 1311 4673 aliquem,
1348 4604 1660 4659 thesauros
1711 4605 1954 4678 quidem
2012 4607 2203 4671 sciret,

554 4700 876 4740 numerum
908 4702 1048 4741 vero
1078 4691 1348 4761 nesciret,
1384 4692 1488 4748 sed
1520 4695 1780 4748 minores
1802 4710 1904 4749 eos
1937 4710 2005 4749 ac
2037 4694 2208 4748 dimi-

552 4773 686 4828 dios
743 4777 1014 4841 credens,
1069 4777 1338 4850 duplices
1391 4797 1492 4837 eos
1549 4786 1770 4853 peteret
1829 4802 1843 4849 ;
1902 4789 2079 4854 atque
2129 4783 2208 4838 ita

537 4877 850 4936 quaerens,
882 4880 985 4920 eos
1007 4865 1190 4938 ipsos,
1225 4877 1278 4926 et
1313 4886 1509 4942 neque
1530 4871 1602 4925 iis
1634 4871 1836 4942 plures
1860 4871 2203 4942 postularet.

625 5045 766 5108 Quis
795 5045 953 5100 enim
986 5046 1180 5117 major
1203 5047 1444 5119 spiritus
1484 5063 1554 5102 ac
1591 5048 1676 5102 vis
1732 5048 1790 5104 in
1846 5049 2203 5121 prOphetam

549 5130 926 5203 fieretquam
948 5151 1127 5206 posse
1159 5153 1300 5192 voce
1332 5153 1554 5210 aquam
1603 5139 1662 5193 in
1712 5138 1875 5193 ccelis
1933 5153 2202 5193 coercere

553 5235 622 5281 ac
655 5221 940 5293 stabilire,
999 5231 1055 5280 et
1094 5243 1330 5282 sursum
1371 5243 1633 5294 manere,
1675 5245 1810 5283 cum
1862 5235 2062 5284 tamen
2100 5245 2202 5283 na-

551 5313 685 5381 tura
714 5319 972 5384 nequeat
992 5316 1122 5385 cogi
1151 5331 1220 5370 ac
1242 5333 1503 5384 manere,
1529 5323 1584 5372 et
1611 5333 1715 5389 per
1743 5319 2204 5374 determinatum

552 5393 821 5471 tempus,
844 5416 978 5478 eam
1010 5420 1361 5486 coacervare
1395 5406 1475 5461 ita
1495 5411 1559 5461 ut
1589 5423 1730 5462 voce
1768 5423 2006 5462 rursum
2036 5421 2204 5462 ruere

626 5612 702 5683 (l)
742 5612 808 5667 IV
836 5614 974 5680 Reg.
1009 5629 1066 5683 u,
1098 5615 1134 5668 9
1163 5632 1176 5669 :
1214 5623 1313 5670 Και
1344 5624 1476 5670 εἶπεν
1514 5617 1737 5672 Ἐλισαῖε
1761 5639 1774 5652 ·
1822 5621 2092 5678 Γενηθήτω
2131 5617 2201 5682 δή

553 5678 718 5760 ιπλᾷ
831 5678 1086 5759 πνεῦματί
1125 5706 1220 5763 σου
1356 5687 1463 5760 ἐμέ.
2004 5699 2005 5702 “

2316 4603 2438 4675 παρ’
2498 4603 2650 4676 ἑτέρῳ
2713 4607 3003 4676 χρημάτών
3060 4609 3354 4680 θησαυροῦς
3413 4605 3588 4674 εἰδως,
3641 4617 3764 4672 τοὺς
3839 4616 3921 4684 μὲν

2319 4692 2616 4763 θησαυροὺς
2647 4689 2784 4764 ᾖδει,
2818 4697 2903 4744 τὸν
2936 4689 2988 4745 δ’
3027 4693 3243 4768 ἀριθμὸν
3274 4696 3369 4746 οὐκ
3402 4693 3544 4768 ᾔδει,
3589 4697 3726 4769 ἀλλ’,
3781 4701 3920 4753 E155?-

2315 4799 2432 4841 τους
2452 4786 2541 4832 καὶ
2569 4785 2689 4843 τούς
2718 4785 2929 4854 ἡμίσεις
2985 4780 3105 4844 ἷσώς
3160 4788 3407 4857 νομίζων,
3459 4783 3686 4852 διπλοῦς
3737 4792 3920 4849 αὐτους

2315 4871 2506 4931 ἐζήτει·
2533 4870 2666 4922 οὓτω
2709 4866 2768 4922 δὲ
2827 4871 3016 4939 ζητῶν,
3087 4872 3274 4935 αὐτοὺς
3334 4872 3584 4941 ἐκείνους,
3653 4884 3745 4931 καὶ
3799 4881 3920 4951 οὐχὶ

2312 4967 2411 5009 τῶν
2439 4959 2594 5012 ὄντων
2615 4959 2840 5029 πλείουε,
2873 4960 3066 5020 ἐζήτει.

2382 5053 2445 5101 Τί
2467 5051 2568 5122 γὰρ
2602 5048 2662 5100 ἂν
2696 5049 2844 5101 πλέον
2912 5055 2999 5102 καὶ
3055 5056 3254 5121 γένοιτο
3312 5051 3397 5105 ἐπὶ
3460 5063 3710 5129 προφήτῃ
3783 5067 3922 5110 πνευ-

2311 5157 2466 5211 ματος
2496 5143 2582 5188 καὶ
2607 5137 2815 5209 ἰσχύος,
2877 5142 2905 5196 ἧ
2969 5135 3111 5214 ὕδωρ
3179 5144 3270 5211 μὲν
3328 5141 3378 5194 ἐν
3435 5145 3682 5218 οὐρανοῖς
3724 5148 3917 5220 γλωττῑ

2315 5223 2642 5285 δεδυνῆσθαι
2708 5222 2942 5285 πεδῆσαι
3008 5229 3085 5297 (3)
3151 5234 3242 5282 καὶ
3303 5229 3550 5306 ἱδρύσαι,
3603 5243 3695 5290 καὶ
3763 5245 3918 5309 μέλλειν

2313 5317 2415 5368 ἀνω
2473 5320 2543 5386 μὴ
2602 5319 2827 5386 πεφυκὸς
2865 5313 3126 5389 καρτερεῖν
3197 5317 3514 5390 βιάσασθαι
3578 5328 3670 5377 καὶ
3740 5333 3917 5399 μένεῠ.

2312 5410 2400 5457 καὶ
2429 5412 2716 5456 τοσοῡστον
2756 5403 2840 5456 ἐπὶ
2872 5410 3084 5478 χρόνον,
3149 5408 3240 5460 εἴτ’
3306 5408 3526 5486 ἀθρόον,
3565 5417 3698 5469 ὥστε
3739 5418 3919 5490 ῥυῆναί

2380 5620 2453 5689 (2)
2484 5620 2552 5673 IV
2578 5621 2718 5689 aeg.
2745 5635 2804 5685 ιι,
2847 5623 2931 5674 ιι.

2385 5691 2459 5761 (3)
2492 5693 2563 5745 lll
2595 5692 2736 5763 Reg.
2766 5706 2897 5768 itm,
2925 5706 3084 5758 xvm.
