4050 6306
120 336 234 394 1461

1200 345 1286 396 DE
1326 339 1681 395 PETITIONE
1721 337 1973 394 ELISEI
2012 341 2105 392 AD
2149 340 2380 394 ELIAM.

3328 339 3464 392 4462

113 467 169 530 τῇ
230 458 423 532 γλώττῃ
484 463 636 522 αὖθις
686 463 879 536 πρᾶξαι
945 470 1033 517 καὶ
1095 468 1230 517 κατά
1281 473 1377 536 γῆς
1427 463 1692 533 ἐκχιὰσαιε

1813 475 1945 514 earn
1973 462 2184 532 jubeat
2215 469 2271 519 et
2330 464 2389 518 in
2439 467 2656 518 terram
2704 461 2973 517 effundat
3025 479 3039 529 ;
3098 462 3297 530 ignem
3323 480 3461 518 vero

113 555 204 620 πῦρ
258 545 304 600 δ’
392 551 582 603 ἄνωθεν
630 551 844 604 ελκύσαι
919 555 1081 619 κάτω,
1137 561 1292 607 τόπον
1351 553 1455 622 οὐχ
1509 553 1698 624 ἓτερον,

111 638 252 689 αὐτὸν
307 635 358 690 δ’
380 642 504 710 ἔχον
533 644 620 693 τὸν
659 643 784 709 άνω,
834 643 920 695 ἐπὶ
980 640 1038 695 δε
1089 646 1290 701 ὤθησεν
1348 646 1432 695 ἐπὶ
1493 643 1700 709 θυσίαν,

110 727 168 778 οῦ
202 732 344 799 μόνον
393 729 575 797 αὐτὴν,
644 730 771 783 ἀλλά
835 737 923 784 καὶ
1005 730 1150 807 ὕδωρ
1230 735 1351 807 ὅπερ
1403 730 1480 783 ἐπ’
1537 730 1700 788 αὐτὴν

113 814 275 885 ἔϐαλε,
312 822 402 870 καὶ
454 820 625 871 πάντα
687 823 753 872 τὰ
803 826 921 892 περὶ
969 822 1148 893 αὐτην,
1207 821 1437 874 ἀνάλωσε
1481 817 1702 892 συμφλε-

115 903 200 966 ξας
226 906 348 975 (1);
400 909 609 968 Πάντως
657 904 715 960 δὲ
777 905 901 960 οὐδὲ
956 918 1112 962 τοῦτο
1156 915 1362 982 μικρὸν,
1420 911 1502 960 ὅτι
1557 910 1700 980 ἄρτῳ

111 991 298 1064 βραχεῖ
316 999 404 1046 καὶ
452 991 612 1047 ὕδατι
655 995 856 1070 βραχεῖ
911 1001 998 1050 καὶ
1036 1006 1096 1068 τῇ
1151 995 1371 1071 δυνάμει
1421 1006 1514 1058 τῆς
1563 996 1700 1068 βρῶ-

116 1099 236 1142 σεως
325 1086 516 1144 ταύτης
574 1087 963 1158 τισσαράκοντα
1037 1089 1234 1160 ἡμερας
1305 1088 1555 1160 ἐπορεύθη
1610 1090 1699 1137 καὶ

109 1173 515 1244 τεσσαράκοντας
575 1176 761 1234 νύκτας
978 1175 1131 1229 Ἀλλά
1180 1196 1234 1228 τι
1279 1181 1370 1227 καὶ
1425 1175 1494 1234 εἰς
1539 1176 1700 1245 Σάρα-

110 1260 210 1329 φθα
250 1259 322 1328 (3)
369 1261 481 1327 ἧκε,
546 1267 635 1313 καὶ
692 1262 749 1318 ἣν
790 1266 986 1321 ἤκουσε
1050 1269 1245 1337 χήραν,
1305 1260 1511 1330 ἐπειδὴ,
1574 1261 1696 1335 παρ’

103 1346 230 1419 αὐτῇ
283 1354 568 1421 γενόμενος,
643 1352 768 1423 παρ’
833 1351 962 1424 αὐτῇ
1017 1349 1190 1411 δήπου
1243 1358 1332 1406 καὶ
1362 1353 1423 1410 ἦν
1496 1357 1696 1408 σκηνώ-

105 1455 214 1503 σας,
243 1438 336 1510 ὅρα
353 1457 445 1510 μοι
509 1438 658 1490 κάκεῖ
706 1443 824 1492 τίνα
875 1445 960 1492 καὶ
1022 1442 1124 1494 ὅσα
1174 1447 1263 1494 καὶ
1319 1442 1406 1493 οἷα
1448 1442 1514 1492 τὰ
1575 1442 1695 1491 θαῦ-

100 1545 278 1598 ματα·
310 1531 368 1578 τό
416 1533 533 1602 περὶ
585 1533 678 1586 τὴν
735 1526 923 1602 ὑδρίαν
975 1537 1063 1582 τοῦ
1117 1530 1336 1602 ἀλεύρου
1390 1533 1694 1601 κενουμένην

99 1619 188 1666 καὶ
231 1620 428 1686 μήποτε
477 1616 773 1682 λείπουσαν,
841 1617 951 1670 ἀλλ’
1004 1619 1104 1670 αἰεὶ
1156 1619 1513 1691 πληρουμένην
1563 1640 1573 1650 ·
1636 1621 1694 1670 τό

98 1707 215 1776 περὶ
264 1706 348 1754 τὸν
429 1703 673 1775 καψάκην
722 1713 811 1757 τοῦ
874 1706 1044 1758 ελαίου
1109 1709 1358 1767 ὡσαύτως
1421 1709 1543 1778 ἔχον

1809 549 1886 604 ab
1910 549 2030 606 alto
2077 553 2396 618 attrahere,
2447 567 2570 607 non
2631 549 2812 606 alium
2847 549 3168 606 habentem
3236 551 3458 621 locum,

1809 640 1924 694 nisi
1941 640 2108 696 illum
2129 644 2498 714 superiorem
2533 659 2546 708 ;
2581 645 2904 712 postquam
2919 646 3118 696 autem
3131 655 3269 696 eum
3288 641 3348 696 in
3368 642 3458 697 vi-

1809 730 2052 784 ctimam
2099 729 2318 800 injecit,
2371 747 2493 788 non
2543 729 2726 785 modo
2771 743 2929 797 eam,
2981 727 3086 784 sed
3124 734 3184 784 et
3207 745 3456 801 aquam,

1807 832 1992 888 quam
2013 817 2072 872 in
2104 819 2302 888 ipsam
2333 818 2550 874 infudit
2578 822 2634 871 et
2663 816 2869 871 omnia
2898 831 3034 886 quas
3073 817 3232 872 circa
3256 817 3456 889 ipsam

1807 910 1992 974 erant,
2017 907 2366 978 complexus
2387 913 2474 964 est
2503 924 2572 962 ac
2610 904 2896 962 incendit.
2922 907 3122 976 Neque
3142 905 3291 960 illud
3323 921 3456 977 par-

1804 1009 1948 1048 vum
1975 999 2063 1050 est
2089 995 2255 1066 quod
2281 995 2498 1065 exiguo
2517 1009 2696 1067 pane,
2727 1008 2797 1048 ac
2825 992 3042 1062 exigua
3070 1008 3232 1065 aqua
3255 999 3314 1050 et
3334 995 3456 1050 cibi

1805 1081 1984 1151 hujus
2024 1083 2236 1138 virtute
2261 1084 2664 1157 quadraginta
2691 1082 2820 1137 dies
2849 1081 3092 1136 incessit
3111 1086 3168 1137 et
3193 1083 3457 1154 quadra-

1805 1169 1969 1238 ginta
1997 1176 2223 1227 noctes.
2279 1172 2420 1228 Dein
2446 1171 2604 1228 venit
2634 1171 2696 1226 in
2720 1169 3070 1241 Sarephtha,
3100 1174 3158 1226 et
3175 1171 3341 1242 apud
3366 1172 3452 1227 vi-

1803 1257 1988 1314 duam
2010 1258 2344 1316 diversatus
2375 1268 2463 1316 est
2490 1257 2845 1332 aliquandiu
2883 1257 3024 1313 Vide
3053 1262 3194 1314 tunc
3221 1275 3357 1331 quae
3397 1265 3456 1316 et

1801 1351 2030 1418 quanta
2077 1354 2134 1403 et
2178 1354 2325 1422 quot
2369 1347 2678 1405 miracula.
2719 1346 2860 1402 Vide
2914 1345 3198 1417 hydriam
3244 1346 3450 1404 farinae

1801 1435 2205 1492 vacuefactam
2217 1443 2590 1510 etnunquam
2601 1434 3106 1502 deﬁcientem,sed
3118 1451 3346 1508 semper
3363 1452 3452 1493 reo

1800 1522 2012 1595 pletam
2043 1543 2056 1592 ;
2090 1524 2202 1580 olei
2217 1525 2349 1580 vide
2361 1525 2631 1596 lagenam
2646 1523 2839 1580 eodem
2854 1523 3028 1579 modo
3040 1539 3102 1578 se
3114 1523 3449 1583 habentem.

1802 1610 1975 1677 Quod
2005 1612 2277 1682 ejusdem
2308 1613 2504 1668 viduae
2533 1618 2842 1668 mortuum
2867 1610 3059 1666 ﬁlium
3088 1610 3242 1666 Elias
3267 1613 3451 1668 susci-

1802 1699 2030 1767 taverit,
2062 1699 2210 1771 quid
2253 1700 2368 1756 hoc
2393 1700 2594 1771 majus
2623 1699 2918 1754 diceretur
2967 1697 2995 1750 ?
3028 1699 3244 1753 Eorum
3273 1699 3452 1768 igitur

99 1798 216 1842 Ὅτι
262 1788 317 1843 δὲ
387 1795 476 1844 καὶ
545 1796 718 1866 νεκρὸν
794 1798 879 1846 τόν
936 1803 1032 1856 τῆς
1085 1795 1242 1856 αὐτῆς
1294 1801 1467 1866 χήρας
1525 1791 1692 1847 παῖδα

1804 1787 2006 1843 talium
2049 1789 2480 1862 operantisque
2522 1788 2663 1844 talia
2695 1787 2964 1860 Spiritus,
2988 1786 3244 1858 duplum
3273 1788 3452 1860 quale

101 1879 270 1940 Ἠλίας
326 1884 501 1956 ἤγειρε
547 1884 646 1953 (ἓν),
707 1887 756 1933 τί
802 1903 878 1943 τις
943 1883 1002 1935 ἂν
1052 1889 1176 1955 φαίη
1237 1887 1422 1936 τούτου
1467 1884 1691 1955 peltas;

101 1975 210 2020 Τῶν
273 1973 438 2020 τοίνυν
500 1973 744 2022 τοιούτων
818 1976 901 2022 καὶ
979 1981 1070 2024 τοῦ
1149 1973 1470 2045 ἐνεργοῦντος
1533 1980 1696 2024 ταῦτα

101 2059 380 2128 πνεύματος
409 2061 466 2110 τὸ
521 2054 737 2110 διπλοῦν
783 2064 835 2110 τί
883 2060 995 2111 ποτ’
1027 2060 1087 2110 ἀν
1139 2066 1338 2131 γένοιτο
1390 2066 1479 2112 καὶ
1533 2063 1692 2128 ὅσον;

104 2144 256 2216 Ἀλλ’,
286 2167 312 2194 ‹‹
381 2146 499 2198 Ἐὰν
537 2143 662 2219 ’ἱδης
714 2167 797 2219 με,
847 2170 874 2197 ››
915 2154 1073 2220 φησὶν
1137 2154 1241 2220 (ὃ),
1271 2172 1298 2198 (ι
1340 2147 1693 2220 ἀναλαμϐανό-

12 2255 20 2262 ·
95 2253 262 2306 μενον,
291 2256 319 2283 ››
346 2232 544 2306 σχεδὸν
575 2243 727 2288 τοῦτο
764 2236 919 2306 λέγων
950 2258 962 2270 ο
1003 2260 1021 2285 α
1077 2237 1220 2289 Ἐπεὶ
1275 2243 1343 2309 μὴ
1401 2240 1565 2288 ταῦτά
1611 2257 1694 2289 σοι

95 2322 444 2395 ἀποχρώντως
489 2321 620 2396 μηδ’
674 2325 855 2387 ἱκανῶς
911 2328 1024 2397 ἔχει
1070 2330 1196 2399 πρὸς
1283 2323 1548 2389 ἀπόδειξιν
1603 2334 1693 2378 τοῦ

764 2413 873 2465 ἀλλ’

87 2501 318 2572 ἅρματος
368 2500 665 2574 ἁρπαγέντα
727 2521 790 2574 με
855 2508 944 2554 καὶ
1005 2502 1386 2576 λαμϐανόμενον
1437 2503 1514 2574 (7)
1571 2499 1694 2554 ἱδῶν

90 2411 144 2462 ἐν
193 2409 301 2483 ἐμοὶ
371 2416 674 2484 πνεύματος,
764 2413 873 2465 ἀλλ’
947 2415 1040 2466 οὐκ
1093 2418 1166 2466 ἔτι
1215 2419 1303 2466 καὶ
1365 2417 1464 2467 ὑπὸ
1530 2419 1695 2487 πυρός

88 2591 216 2656 οῐνω,
264 2590 357 2640 οῦκ
408 2589 467 2640 ἂν
518 2589 667 2642 πλέον
717 2599 804 2642 τοῦ
864 2590 910 2642 ἐν
981 2593 1097 2664 ἐμοὶ
1164 2594 1309 2653 όντος
1361 2597 1452 2644 καὶ
1516 2593 1694 2664 μεῖζον

90 2682 212 2729 οὔτε
255 2683 484 2741 νομίσοις
530 2679 638 2730 οὔτ’
684 2676 810 2730 εἶναι
908 2684 1050 2752 παρά
1105 2685 1188 2733 σοὶ
1271 2681 1544 2745 ζητήσοις,

1800 1881 1856 1932 et
1892 1883 2189 1948 quantum
2247 1879 2439 1934 esset!
2476 1877 2609 1945 Sed,
2654 1899 2682 1929 ς
2729 1877 2787 1932 Si
2829 1875 3050 1932 videris
3091 1892 3210 1943 me,
3234 1876 3449 1949 inquit,

1801 1981 2038 2020 sursum
2068 1965 2339 2020 ablatum
2365 1984 2378 2021 :
2415 1990 2442 2016 »
2471 1966 2644 2038 quasi
2675 1965 2914 2021 diceret:
2949 1985 2977 2013 »
3005 1965 3303 2030 Quoniam
3322 1965 3453 2023 haec

1800 2070 1922 2110 non
1953 2055 2058 2110 tibi
2087 2054 2390 2111 sufﬁciunt
2420 2061 2484 2110 ut
2538 2056 2980 2112 demonstretur
3024 2053 3222 2126 qualis
3243 2054 3318 2110 sit
3345 2055 3452 2127 qui

1799 2143 1857 2199 in
1892 2160 1985 2198 me
2011 2149 2102 2199 est
2139 2143 2399 2216 spiritus,
2445 2143 2549 2199 sed
2593 2143 2798 2199 videns
2837 2157 2933 2198 me
2959 2147 3201 2214 raptum
3239 2147 3296 2198 et
3325 2157 3453 2198 sur-

1801 2250 1934 2287 sum
1967 2231 2237 2288 ablatum
2283 2248 2478 2304 neque
2517 2231 2654 2303 plus
2694 2247 2880 2304 quam
2912 2232 2974 2286 in
3015 2245 3111 2286 me
3141 2234 3229 2286 est
3257 2246 3452 2302 neque

1800 2322 1996 2391 majus
2018 2337 2145 2376 esse
2176 2321 2399 2384 credes,
2423 2336 2617 2394 neque
2639 2319 2804 2392 apud
2834 2325 2888 2376 te
2918 2320 3118 2389 majus
3139 2335 3270 2375 esse
3308 2335 3450 2376 con-

1801 2409 2092 2480 cupisces,
2129 2409 2324 2479 majus
2364 2425 2437 2463 ex
2465 2409 2596 2479 ipso
2626 2408 2763 2462 visu
2791 2407 2939 2462 illud
2965 2407 3160 2463 sciens
3188 2411 3245 2463 et
3274 2407 3453 2478 igitur

1800 2497 2046 2552 edoctus
2071 2513 2256 2569 quam
2292 2499 2455 2570 prius
2481 2496 2821 2554 credideras
2851 2501 2907 2552 et
2956 2496 3128 2566 cujus
3161 2495 3455 2554 desiderio

1802 2588 2122 2643 tenebaris.
2163 2610 2186 2636 ι)

1617 2680 1760 2732 πλέον
1809 2680 2014 2737 πάντως
2065 2681 2154 2727 καὶ
2211 2680 2363 2746 γνοὺς
2431 2675 2483 2738 ἐξ
2531 2675 2694 2747 ὅψεως
2745 2675 2908 2735 αὐτῆς
2966 2681 3121 2727 τοῦτο
3180 2679 3270 2727 καὶ
3330 2683 3454 2747 γοῦν

87 2762 367 2837 διδαχθείς
396 2776 486 2819 τοῦ
506 2775 592 2818 νῦν
624 2773 706 2820 σοὶ
727 2773 814 2821 καὶ
835 2769 1174 2841 νομιζομένου
1214 2790 1302 2823 και
1340 2779 1431 2822 τοῦ
1469 2789 1528 2840 γε
1553 2774 1681 2843 πρὸς
1710 2773 1803 2826 τὴν
1833 2770 2041 2824 αἴτησιν
2069 2766 2366 2824 κατ²αὗτὴν
2407 2762 2716 2840 ἐρχομένου.

165 2888 317 2942 Ἀλλὰ
335 2909 500 2942 ταυτα
529 2894 619 2961 μὲν
672 2891 747 2962 ἄγ’
793 2891 871 2953 οἷς
921 2898 1010 2944 καὶ
1065 2897 1183 2965 περὶ
1251 2912 1352 2944 των
1409 2896 1544 2944 κατά
1601 2897 1686 2944 τὸν
1772 2911 1782 2920 ·

86 2977 266 3032 Ἠλίαν
319 2983 410 3032 καὶ
459 2978 755 3032 Ἐλισσαῖον
821 2977 1205 3054 διηπορηκότες
1265 2979 1414 3052 ἐσμέν
1449 2982 1690 3051 ’ὁλόγος

1875 2891 1987 2946 Sed
2025 2907 2098 2946 ea
2139 2889 2384 2962 quidem
2425 2892 2565 2943 sunt
2601 2889 2664 2943 in
2697 2887 2920 2959 quibus
2955 2887 3325 2957 ambigimus
3378 2888 3454 2943 de

1802 2980 1923 3034 Elia
1951 2985 2008 3034 et
2031 2979 2256 3034 Elisieo.
2292 2980 2499 3033 Sermo
2523 2982 2728 3032 autem
2756 2975 2835 3032 ad
2865 2976 2987 3031 alia
3007 2975 3242 3046 majora
3269 2981 3327 3032 et
3356 2991 3455 3032 ex-

86 3065 153 3118 δέ
204 3069 488 3137 προαχθεὶς
542 3069 618 3139 ἐφ’
665 3069 814 3142 ἕτερα
859 3071 1022 3141 μείζω
1061 3075 1151 3122 καὶ
1210 3070 1524 3144 ὑψηλότερα,
1567 3070 1686 3141 ἑχό-

1804 3069 2048 3124 celsiora
2067 3067 2383 3137 adductus,
2399 3065 2876 3138 praecedentibus
2891 3069 3095 3120 tamen
3107 3065 3240 3136 conj
3249 3069 3450 3137 uncta,

85 3175 220 3228 μενα
248 3163 344 3207 τῶν
376 3155 704 3228 λελεγμένων,
734 3159 869 3228 ἄγει.

166 3248 264 3296 Καὶ
330 3247 431 3316 γὰρ
510 3246 559 3296 ἐν
635 3254 742 3306 τοῖς
799 3247 1130 3317 Εὐαγγελίοις
1186 3247 1404 3318 ἄγγελος
1460 3253 1690 3320 φαίνεται

76 3343 157 3402 τῷ
187 3339 437 3406 Ζαχαρίᾳ
473 3354 485 3366 ·
516 3339 605 3385 καὶ
663 3331 730 3392 δὴ
790 3341 963 3406 φανεὶς
1017 3355 1106 3387 και
1157 3340 1273 3407 περί
1315 3333 1503 3396 παιδὸς
1550 3337 1690 3407 αῦτῲ

73 3429 175 3474 τοῦ
239 3421 472 3474 Ἰωάννου
548 3423 1018 3496 εὐαγγελιζόμενος,
1073 3448 1101 3474 ‹‹
1155 3424 1337 3477 Ἔσται
1425 3430 1606 3496 μέγας.
1663 3447 1690 3474 ι)

72 3513 209 3582 φησὶ
299 3512 400 3580 (8),
468 3533 488 3559 ι
547 3516 635 3562 καὶ
693 3511 845 3572 αὐτὸς
910 3511 957 3563 ἐν
1011 3515 1264 3584 πνεύματι
1328 3518 1418 3566 καὶ
1471 3510 1690 3584 δυνάμει

74 3598 450 3670 προελεύσεται
527 3599 724 3664 Ἠλιοῦ,
789 3623 809 3650 ι
867 3606 968 3654 Καὶ
1031 3606 1215 3653 σκόπει
1267 3621 1357 3673 μοι
1423 3601 1691 3654 κάνταῦθα

63 3693 132 3740 τὸ
156 3690 293 3740 κατά
316 3691 398 3739 τὸν
438 3689 610 3741 Ἠλίαν
641 3691 761 3741 ὅσον
792 3695 882 3742 καὶ
921 3691 1024 3742 οἷον
1088 3694 1220 3762 μέγα
1272 3696 1362 3743 καὶ
1421 3695 1687 3762 μέγιστον,

71 3773 308 3850 μηδενὸς
343 3777 482 3837 ὄντος
538 3778 714 3842 ἄλλου,
768 3784 898 3850 μήτε
955 3779 1184 3840 πλείονος
1241 3785 1373 3850 μήτε
1429 3781 1683 3851 μείζονος.

70 3868 218 3917 ὥστε
263 3873 418 3918 τοῦτο
489 3872 606 3939 περὶ
669 3875 763 3918 τοῦ
847 3865 1042 3928 παιδὸς
1116 3868 1556 3938 εὐαγγελίσασθαι
1617 3878 1688 3939 τῷ

74 3958 354 4026 Ζαχαρία.

153 4049 342 4096 Σκόπει
370 4040 428 4095 δὲ
455 4063 541 4094 χαι
595 4041 776 4114 αὖχις,
825 4051 1060 4118 Χριστοῦ
1115 4052 1231 4106 ταῖς
1283 4055 1473 4117 φωναῖς
1530 4066 1686 4119 προσ-

73 4137 234 4202 σχὼν
260 4131 358 4202 (9),
390 4137 626 4206 Χριστοῦ
660 4142 750 4185 τοῦ
779 4142 932 4199 Θεοῦ,
965 4142 1056 4187 τοῦ
1087 4155 1176 4186 και
1235 4132 1305 4186 δι’
1364 4135 1583 4206 ἀγγέλου
1624 4138 1686 4188 τὰ

75 4224 331 4294 εἰρημένα
402 4221 736 4283 λελαληκότος
814 4245 825 4256 ·
907 4246 934 4273 ‹‹
1019 4225 1130 4275 Οὐκ
1183 4223 1476 4296 ἐγήγερται,
1531 4247 1558 4273 ››
1606 4226 1684 4277 λέ-

72 4329 160 4379 γει
225 4309 356 4379 (10),
409 4331 436 4359 ‹‹
495 4311 684 4381 μείζων
740 4311 788 4362 ἐν
849 4315 1107 4382 γεννητοῖς
1143 4322 1401 4383 γυναικῶν
1449 4314 1684 4365 Ἰωάννου

69 4404 172 4448 τοῦ
215 4403 512 4449 Βαπτιστος
566 4420 578 4431 -
615 4421 642 4447 ››
701 4407 792 4451 τοῦ
838 4405 989 4452 ποίου
1040 4405 1221 4452 τούτου
1254 4418 1267 4464 ;
1299 4410 1388 4452 τοῦ
1437 4400 1484 4452 ἐν
1537 4407 1685 4454 πνεῦ-

65 4504 209 4557 ματι
263 4492 352 4536 καὶ
413 4483 631 4558 δυνάμει
679 4487 858 4540 Ἠλιοῦ
911 4488 1160 4549 ἐλθόντος.
1213 4489 1364 4540 Ἀ).λά
1417 4489 1684 4544 κάνταῦθα

63 4578 132 4624 τὸ
198 4573 487 4644 συμϐαῖνον
534 4576 746 4648 ἄπορον,
797 4577 924 4647 οὐχί
965 4581 1151 4651 μικρὸν
1203 4580 1422 4636 πάντως.
1466 4579 1524 4629 Εἰ
1579 4585 1680 4650 γὰρ

61 4664 93 4712 ὁ
163 4666 466 4722 Βαπτιστής
541 4673 639 4714 τῶν
712 4664 900 4716 λοιπῶν
981 4667 1185 4716 πάντων
1268 4685 1357 4715 και
1405 4678 1680 4738 προφητῶν

56 4749 294 4822 μείζων,
354 4755 405 4801 τί
459 4751 584 4822 οὐχί
645 4773 732 4803 και
785 4752 832 4804 ἐν
890 4756 1090 4824 μείζονι
1148 4756 1422 4825 πνεύματι,
1471 4753 1586 4807 οὐδ’
1631 4757 1678 4809 ἐν

136 4928 223 5003 (1)
277 4929 348 5003 ll_l
406 4930 545 4996 Reg.
606 4944 760 5003 ιςγιιι,
820 4933 906 5003 38.
964 4960 1035 5003 έ-
1086 4931 1307 5003 Forsan
1361 4932 1677 5003 νσυμφλέξαν,

55 4985 230 5119 Εὶῖἓὲ
255 5000 432 5055 ῶθησε
481 4985 569 5051 {at
608 4985 755 5051 ἔϐαλέ
803 5021 815 5033 ο
875 5001 1046 5070 ignis,
1103 5009 1205 5073 πῦρ
1259 4985 1490 5054 ἀνάλωσέ
1548 4985 1677 5076 ἆυμέ

55 5091 91 5119 ω
129 5085 282 5119 suav.

81 5085 282 5130 ιΑεςαν.

50 5092 282 5140 φΑεςαν.

136 5142 224 5208 (2)
274 5141 343 5192 Ill
390 5142 529 5207 Reg.
572 5157 691 5203 XIX,
732 5144 784 5203 6,
825 5146 879 5198 8.

377 5213 514 5287 Beg.
556 5228 688 5275 xvn,
830 5214 1050 5285 πορεύου
1083 5213 1154 5274 εἰς
1184 5217 1436 5287 Σαρεπτά,

133 5282 221 5352 (4)
266 5283 334 5336 111
380 5284 518 5349 Reg.
561 5299 693 5349 xvu,
735 5284 820 5337 16.

135 5353 222 5419 (5)
254 5352 323 5405 lll
368 5355 512 5421 Reg.
562 5369 698 5417 xvu,
742 5355 830 5408 17.

130 5423 222 5493 (6)
269 5426 336 5478 lV
380 5423 522 5493 Reg.
564 5440 624 5486 ιι,
672 5429 756 5480 lO.

130 5439 193 5490 (ό
269 5439 330 5478 ιν
381 5439 522 5493 neg.
564 5440 624 5486 ιι,
672 5439 756 5480 tu.

129 5439 684 5570 (ZiLegerimfere
726 5494 1224 5570 ἀναλαμϐανόμενον.
1277 5499 1502 5554 Excidit
1530 5515 1676 5570 pra:-

37 5565 313 5638 positio,
346 5566 512 5638 quod
543 5567 667 5622 ﬁeri
697 5573 883 5625 amat.

1725 4457 1764 4509 Ι)

1800 3173 1912 3212 nos
1938 3157 2123 3212 ducit.

1865 3246 2094 3301 Etenim
2115 3246 2177 3300 in
2204 3244 2540 3316 Evangeliis
2569 3242 2822 3313 angelus
2853 3246 3105 3314 apparet
3127 3241 3447 3312 Zachariae;

1799 3340 1856 3389 et
1883 3341 2206 3406 postquam
2247 3333 2528 3405 apparuit
2564 3337 2622 3387 et
2649 3332 2724 3386 de
2761 3331 2884 3386 tilio
2902 3333 3130 3386 Joanne
3157 3332 3452 3404 propheti-

1799 3440 1939 3480 zans
1973 3441 1986 3478 :
2021 3424 2156 3488 Erit,
2181 3423 2396 3494 inquit,
2447 3437 2724 3490 magnus,
2778 3427 2834 3476 et
2886 3421 3014 3492 ipse
3063 3421 3346 3492 procedet
3387 3422 3450 3478 in

1800 3513 2012 3584 spiritu
2061 3517 2118 3568 et
2181 3512 2394 3566 virtute
2454 3511 2606 3566 Elite.
2663 3511 2726 3565 Et
2767 3509 2862 3564 hic
2912 3510 3092 3565 etiam
3137 3511 3451 3567 considera

1799 3609 2093 3674 quantum
2123 3607 2181 3658 et
2205 3618 2392 3674 quam
2447 3601 2750 3656 excelsum
2795 3605 2853 3656 et
2891 3599 3148 3656 sublime
3179 3601 3253 3656 sit
3279 3601 3450 3672 quod

1800 3692 1875 3747 ad
1911 3691 2092 3747 Eliam
2125 3696 2372 3762 spectat,
2403 3707 2538 3745 cum
2557 3689 2705 3745 nihil
2728 3689 2799 3745 sit
2829 3688 2993 3744 aliud
3010 3705 3207 3761 neque
3231 3689 3447 3744 celsius

1798 3797 1989 3851 neque
2020 3781 2219 3850 majus
2265 3779 2431 3851 quod
2469 3780 2545 3834 de
2569 3779 2693 3833 ﬁlio
2717 3778 3016 3834 Zachariae
3058 3778 3448 3847 evangelizari

1799 3869 2010 3941 possit.

1869 4046 2195 4102 Considera
2225 4051 2283 4100 et
2306 4061 2566 4109 rursum,
2600 4041 2810 4100 Christi
2839 4041 3092 4096 vocibus
3132 4041 3445 4096 attendens

1797 4135 2011 4190 Christi
2077 4135 2194 4195 Dei,
2233 4149 2338 4204 per
2375 4133 2656 4202 angelum
2700 4135 2844 4186 nota
2880 4129 2980 4186 illa.
3019 4129 3206 4185 verba
3234 4129 3444 4185 dicen-

1797 4225 1908 4280 tis:
1951 4227 2124 4288 gNon
2184 4223 2453 4291 surrexit,
2525 4221 2739 4291 inquit,
2788 4219 2984 4288 major
3057 4219 3208 4273 inter
3266 4222 3442 4276 natos

1796 4312 2113 4368 mulierum
2173 4313 2399 4365 Joanne
2455 4309 2740 4378 Baptista.
2769 4329 2796 4357 »
2825 4307 3029 4372 Qualis
3083 4312 3209 4362 erat
3269 4309 3445 4363 Joan-

1796 4401 2038 4456 nes?ln
2093 4400 2301 4471 spiritu
2376 4404 2432 4453 et
2474 4399 2688 4452 virtute
2764 4395 2897 4451 Eliaa
2935 4400 3192 4451 venerat.
3253 4400 3442 4468 Atque

1793 4490 1958 4561 quod
1975 4489 2070 4544 hic
2095 4488 2370 4553 occurrit,
2393 4502 2514 4541 non
2537 4491 2696 4540 caret
2717 4484 3082 4550 difﬁcultate,
3106 4499 3301 4557 neque
3316 4499 3445 4540 om-

1793 4578 1936 4632 nino
1967 4591 2218 4647 parvum
2238 4580 2348 4631 est.
2375 4575 2430 4630 Si
2445 4575 2607 4629 enim
2624 4574 2887 4646 Baptista
2907 4573 3136 4628 cmteris
3157 4573 3442 4628 omnibus

1792 4665 1879 4719 vel
1919 4665 2224 4737 prophetis
2247 4664 2440 4734 major
2461 4669 2570 4732 est,
2592 4662 2739 4735 quid
2775 4667 2862 4718 est
2882 4662 3048 4736 quod
3074 4677 3198 4717 non
3219 4662 3279 4716 in
3306 4678 3440 4718 ma—

1786 4756 1913 4824 jore
1941 4754 2172 4826 spiritu,
2198 4769 2472 4825 nequem
2500 4754 2728 4824 majore
2756 4752 2988 4817 virtute,
3014 4751 3119 4806 sed
3141 4752 3202 4808 in
3224 4749 3439 4804 iisdem

1859 4933 1936 4998 (8)
1970 4934 2104 4985 Luc.
2150 4949 2189 4998 1,
2227 4936 2309 4992 15,
2363 4935 2450 4986 l7.

1961 5003 2051 5056 Sic
2079 4975 2450 5074 προσσχόντες.
2471 5017 2672 5074 ξὶιιρῐέι.Σ
2718 4999 2802 5054 Nil
2837 4995 3202 5074 mutandum
3231 4993 3289 5048 in
3308 4993 3434 5074 ξιρο

1788 5066 2045 5152 auctore.
2081 5066 2520 5152 Grammaticus
2541 5066 2783 5127 Bachm.
2813 5067 3040 5152 .A‘necd.
3067 5068 3200 5152 t‘..l|,
3225 5080 3284 5152 ρ.
3307 5066 3436 5152 3ος,

1789 5145 1868 5218 ait
1920 5149 2156 5218 πρόσχες
2213 5145 2758 5218 esse__Atticorurr_i,
2809 5139 2991 5218 idque
3055 5133 3436 5218 δι’-εὗφωνίαν

1790 5207 1966 5270 Idem'
1998 5207 2174 5270 tradit
2213 5214 2561 5270 scholiastes
2606 5213 2664 5266 in
2705 5209 2864 5264 Pauli
2894 5207 3113 5264 'Silent.
3144 5207 3433 5263 Thermas

1788 5303 1840 5358 Υ.
1912 5291 2110 5358 12]Τό
2152 5293 2384 5358 πρόσχες
2443 5281 2536 5358 διὰ
2595 5280 2691 5333 δὺο
2759 5299 2830 5358 aq
2893 5279 3070 5358 ὤφειλε
3140 5280 3435 5358 γράφεσθαι

1787 5357 1896 5408 ἐπεὶ
1960 5354 2018 5410 δὲ
2096 5349 2396 5429 κακάφωνον
2478 5354 2672 5424 ἐγένετο
2761 5349 2953 5416 οὕτως
3039 5349 3315 5402 ἀποϐάλλει
3374 5352 3433 5401 τό

1786 5446 1835 5478 εν
1898 5449 1948 5483 σ.

1857 5500 1968 5569 (l0)
2002 5499 2200 5556 Matth.
2232 5515 2304 5569 χι,
2340 5498 2425 5551 11.
