4050 6306
491 301 627 367 “4'1

488 437 728 480 morum
749 420 1002 486 videtur,
1037 420 1086 476 si
1109 421 1319 486 homo,
1337 422 1549 493 inipsa
1563 421 1770 478 ultima
1797 421 1892 477 die
1917 422 2135 478 consti-
2174 427 2220 478 Α

488 515 670 576 tutus,
684 526 806 566 non
815 511 943 581 jam
957 525 1157 566 omnes
1176 510 1357 566 rebus
1378 511 1748 567 terrestribus
1761 511 2136 568 adhaerentes

489 600 880 671 cogitationes
910 599 1198 669 rejecerit,
1223 599 1350 668 sed,
1373 600 1592 666 adhuc,
1633 600 1709 655 de
1757 601 2138 672 propriorum

487 689 788 744 bonorum
815 687 1301 759 cogitationibus,
1334 688 1456 744 imo
1495 704 1636 745 vero
1666 688 1741 744 de
1762 689 1938 745 bonis
1992 690 2139 761 ipsis

490 776 773 833 sollicitus
812 776 904 845 sit,
936 781 1358 850 convertatque
1385 793 1447 832 se
1474 777 1554 833 ad
1579 793 1648 832 ea
1669 793 1804 850 quae
1826 778 2140 834 mundana

491 869 652 934 sunt,
678 864 826 920 dum
853 864 931 920 ad
962 865 1079 920 alia
1102 865 1231 936 jam
1263 872 1531 931 vocatur,
1589 867 1864 922 nesciens
1884 866 1944 922 in
1977 883 2139 940 quae-

487 970 651 1019 nam,
694 957 894 1008 utrum
929 953 991 1008 in
1017 953 1310 1024 jucunda,
1343 969 1422 1010 an
1447 953 1507 1009 in
1542 955 1750 1020 tristia,
1796 961 1854 1010 et
1899 971 2034 1027 quae
2076 955 2138 1011 in

490 1048 781 1099 teternum
813 1042 1252 1115 protenduntur
1280 1061 1293 1109 ;
1324 1059 1518 1116 neque
1549 1042 1626 1100 ad
1657 1043 1800 1099 illud
1821 1049 2052 1100 tantum
2083 1050 2139 1101 et

489 1136 834 1188 constanter
860 1132 1131 1204 aspiciat,
1155 1148 1298 1204 quo,
1331 1133 1536 1188 anima
1575 1132 1768 1188 soluta
1793 1148 1829 1190 a
1868 1149 2135 1204 corpore,

490 1220 569 1276 ab
599 1220 955 1276 ducentibus
971 1221 1835 1286 transmittendaest,nesciens
1857 1223 2138 1293 quisnam

488 1309 684 1381 ipsam
709 1315 1062 1380 accepturus
1102 1309 1177 1363 sit
1234 1309 1426 1375 locus,
1481 1314 1680 1366 utrum
1735 1310 2006 1382 supplicii
2061 1326 2140 1366 an

488 1397 760 1470 quietis?
799 1400 960 1453 Hanc
1027 1413 1206 1470 porro
1253 1397 1591 1453 doctrinam
1649 1403 1706 1453 et
1760 1398 2138 1470 disciplinam

486 1486 810 1555 habemus,
834 1492 898 1542 ut
926 1492 1281 1558 praesentem
1312 1487 1517 1552 vitam,
1552 1488 1758 1544 mortis
1808 1487 2138 1544 meditatio-

487 1589 627 1629 nem
660 1574 985 1642 faciamus,
1006 1590 1142 1645 quaa
1170 1574 1324 1629 bene
1347 1574 1614 1629 futurum
1645 1575 1935 1630 saeculum
1961 1575 2138 1630 nobis

487 1661 850 1733 praeparabit
884 1669 941 1718 et
972 1662 1289 1716 commode
1346 1677 1456 1716 nos
1504 1662 1642 1717 huic
1695 1663 2027 1734 adaptabit.
2077 1666 2142 1719 Et

487 1748 645 1804 beati
673 1749 778 1820 qui
806 1749 900 1803 his
928 1748 1367 1805 hortationibus
1411 1754 1596 1805 totam
1644 1756 1906 1806 mentem
1963 1751 2138 1806 adhi-

486 1839 721 1902 bentes,
749 1841 937 1892 totam
976 1837 1156 1892 vitam
1185 1836 1254 1891 iis
1277 1835 1643 1902 submittere,
1666 1854 1804 1892 cum
1836 1838 2030 1912 iisque
2050 1840 2136 1892 vi-

485 1942 620 1983 vere
649 1931 962 1982 conantur.

1835 297 2206 358 NICEPHORI
2243 300 2505 360 CHUMNI

3923 50 3952 192 l

3933 203 3952 256 1

3705 305 3823 358 ηδε
3941 255 3955 462 1

2248 421 2566 496 ἐπιστρέφειν
2621 421 2773 488 αὖθις
2828 425 2895 486 εἰς
2947 429 3196 496 μερίμνας
3249 431 3340 476 καὶ
3383 426 3628 486 τοιαύτας
3684 423 3831 494 ἀσχο-

2247 513 2362 574 λίας
2407 510 2572 585 μηδὲν
2641 514 2771 585 αὐτῇ
2822 517 3198 587 προσηκούσας
3240 534 3252 544 ·
3296 513 3321 564 ὃ
3351 510 3416 570 δή
3462 533 3554 584 μοι
3603 519 3691 565 καὶ
3712 517 3830 564 πάνυ

2247 621 2299 653 τι
2348 603 2631 673 θαυμάζειν
2712 605 2932 667 ἔπεισιν,
2984 602 3028 654 εἱ
3077 603 3362 673 ἄνθρωπος,
3421 601 3474 654 ἐν
3523 601 3655 672 αὐτῇ
3708 607 3834 672 γενό-

2247 709 2391 762 μενος
2446 698 2507 760 τῇ
2570 693 2842 764 ὑστεραίᾳ,
2932 691 3059 761 οὐχὶ
3108 696 3198 744 καὶ
3261 693 3453 752 πάντας
3510 691 3662 750 εὐθὺς
3729 698 3838 754 τοὺς

2247 787 2356 842 τοῖς
2446 789 2700 854 παροῦσιν
2786 779 3116 852 ἐνεχομένους
3201 777 3455 831 ἀπόλλυσι
3543 778 3834 850 λογισμοὺς,

2249 866 2377 934 ἀλλ’,
2437 871 2513 920 ἔτι
2566 876 2681 931 ταῖς
2751 873 2869 940 περὶ
2923 878 3024 920 τῶν

2887 977 3124 1028 συνεσχη
3131 961 3301 1028 μένος,

2247 1054 2344 1096 τῶν
2384 1045 2432 1097 ὲν
2476 1053 2548 1116 τῷ
2600 1045 2702 1118 βίῳ
2733 1055 2977 1111 ποιεῖται,
3025 1046 3076 1098 ἐν
3118 1045 3290 1106 ἄλλοις
3341 1041 3407 1104 δή
3451 1064 3566 1097 τισι
3625 1065 3837 1116 μετακα-

2246 1133 2508 1205 λούμενος,
2569 1135 2662 1187 οὑκ
2719 1132 2873 1196 εἰδὼς
2909 1131 2963 1189 δ’
3019 1133 3069 1186 ἐν
3125 1137 3270 1200 οἰοις,
3328 1129 3485 1191 ἡδέσι
3551 1129 3834 1192 ὃηλονοτιξ

2251 1225 2598 1295 σκυθρωποῖς,
2674 1224 2726 1284 ἐς
2799 1223 3082 1297 ἀπέραντον
3139 1220 3190 1276 δ’
3267 1225 3403 1293 ὅμως
3467 1228 3838 1296 παρατεινομέ-

2248 1330 2370 1375 νοις,
2438 1309 2561 1366 οὑὸε
2628 1316 2756 1386 πρὸς
2820 1311 2980 1364 ἐκεῖνο
3032 1315 3185 1385 μόνον
3234 1310 3491 1370 παντελῶς
3548 1309 3840 1384 ἁνεπιστρό-

3116 873 3412 942 προσόντων
3479 887 3762 940 φροντίσιν,
3809 870 3833 927 ἑ

2247 956 2435 1027 μᾶλλον
2519 958 2586 1008 ὧν
2665 955 2801 1029 εἶχε,
2887 961 3301 1028 συνεσχημένος,
3381 962 3701 1028 επιστροφήν
3740 977 3838 1010 τινα

2251 1419 2351 1469 φως
2373 1398 2574 1472 βλέπει,
2609 1402 2727 1454 ὅποι
2777 1397 3041 1469 δηλονότι,
3099 1400 3318 1454 λυθεῖσα
3376 1407 3467 1451 τοῦ
3526 1405 3780 1471 σώματος,
3813 1403 3840 1456 ἡ

2248 1488 2402 1559 ψυχὴ
2437 1492 2727 1560 μετασταίη
2779 1491 2880 1542 ὑπό
2934 1498 3033 1540 τῶν
3085 1488 3308 1560 ἀγόντων
3377 1487 3716 1550 ῧκυσθείσα,
3763 1508 3843 1539 και

2249 1584 2390 1636 ποῖος
2455 1577 2616 1634 αὐτὴν
2695 1575 3031 1648 μεταδέξεται
3101 1585 3299 1648 χῶρος,
3345 1576 3582 1638 κολάζων
3642 1578 3672 1634 ἡ
3743 1576 3846 1629 ανα-

2249 1667 2448 1718 παὺων.
2516 1664 2746 1738 Ἐχομεν
2805 1663 2864 1717 δὲ
2927 1671 3013 1718 καὶ
3093 1668 3283 1722 ταύτην
3349 1667 3554 1724 πάντως
3614 1662 3845 1716 παιδείαν

3680 1751 3702 1768 ν

2250 1758 2340 1804 καὶ
2391 1756 2683 1821 νουθεσίαν,
2731 1757 2866 1807 πάνυ
2914 1775 2962 1806 τι
3037 1758 3096 1806 τὸ
3165 1753 3344 1826 μέλλον
3425 1756 3553 1825 ἡμῖν
3649 1753 3705 1806 εὖ
3767 1762 3845 1805 και

2250 1842 2417 1903 καλῶς
2455 1842 2828 1915 οἰκονομοῦσαν
2894 1848 2982 1894 καὶ
3047 1843 3468 1916 καταρτίζουσαν
3522 1846 3659 1916 πρὸς
3709 1852 3847 1894 τοῦτο

2251 1935 2632 2002 συμφερόντως,
2681 1931 2894 2004 μελέτην
2944 1932 3046 1983 αἰεὶ
3105 1932 3323 1984 θανάτου
3410 1934 3497 1982 τόν
3553 1927 3686 2002 τῇδε
3746 1930 3851 2002 βίον
3981 1918 3983 1966 l

487 2017 888 2086 ποιεῖσθαι
956 2021 1056 2067 Καὶ
1130 2017 1382 2089 μακάριοι
1447 2034 1505 2085 γε
1553 2017 1601 2066 οἱ
1669 2019 1831 2088 ταύτῃ
1887 2024 2145 2086 νουνεχῶς
2199 2025 2525 2090 προσχόντες
2565 2022 2644 2090 ('2)
2824 2021 3086 2090 νουθεσίᾳ,
3142 2023 3230 2070 καὶ
3275 2023 3369 2077 τὴν
3429 2017 3659 2070 ἐνταῦθα
3713 2019 3854 2071 πολι·
3983 2028 3985 2066 !

485 2109 624 2158 τείαν
657 2104 776 2163 ὅλην
802 2100 1192 2165 σπουδάσαντες
1232 2105 1522 2156 ὑποθέσθαι
1552 2112 1614 2175 τῇ
1641 2109 1961 2176 παραινέσει,
1993 2109 2084 2156 καὶ
2105 2107 2267 2177 ταύτῃ
2304 2111 2559 2168 συζῆσαι.

557 2193 810 2259 Quando
840 2199 1039 2248 autem
1072 2193 1203 2263 quis
1233 2210 1336 2247 eas
1390 2193 1452 2247 in
1507 2192 1805 2248 oblivione
1851 2193 2133 2265 posuerit,

484 2287 860 2356 mortemque
911 2282 1107 2354 ipsam
1159 2288 1449 2353 tanquam
1499 2283 1634 2337 vita;
1692 2283 1874 2352 hujus
1934 2298 2138 2338 rerum

483 2371 938 2426 meditationem
971 2369 1191 2440 fecerit,
1225 2369 1316 2426 his
1351 2369 1871 2426 adhortationibus
1904 2376 2138 2427 contra-

484 2456 711 2525 dicens,
739 2473 856 2518 me,
891 2462 952 2512 ut
977 2455 1277 2521 dicebam,
1303 2455 1396 2511 ille
1423 2456 1483 2510 in
1527 2457 2023 2528 stupefactionem
2054 2457 2138 2511 in—

479 2544 622 2614 jicit,
666 2560 804 2598 cum
833 2544 950 2599 hoc
975 2544 1160 2598 modo
1189 2543 1412 2598 ultimis
1425 2543 1638 2598 diebus
1668 2550 1724 2599 et
1751 2545 1813 2598 in
1842 2545 1977 2615 ipso
2019 2545 2139 2600 ﬁne

483 2636 704 2688 utatur.
741 2631 966 2686 Etenim
999 2632 1047 2686 si
1076 2631 1247 2697 velis,
1278 2631 1425 2686 dum
1445 2635 1576 2701 jam
1607 2638 1663 2687 te
1689 2633 1902 2703 pungit
1951 2648 2134 2698 mors,

483 2724 840 2776 testamenta
869 2720 1181 2784 conﬁcere,
1209 2719 1451 2775 aliunde
1484 2736 1627 2775 vero
1660 2737 1781 2776 non
1805 2721 2068 2776 sustines
2102 2737 2138 2777 a

482 2809 659 2864 bonis
689 2808 981 2878 decidere,
1025 2809 1235 2880 quidni
1267 2825 1445 2864 omne
1471 2809 1607 2864 vitaz
1641 2813 1879 2881 tempus
1928 2811 2138 2865 mortis

488 2902 725 2970 tempus
757 2904 1018 2969 reputes,
1048 2903 1106 2952 et
1135 2898 1492 2970 priusquam
1505 2913 1643 2953 vere
1672 2897 1812 2954 ﬁnis
1832 2899 2135 2966 adveniat,

484 2986 563 3042 ad
590 2987 790 3059 ipsum
815 2985 1161 3059 respiciens,
1191 2986 1418 3043 scribas
1449 2986 1476 3039 ‘2
2173 3047 2215 3103 Β

557 3253 788 3309 Etenim
818 3268 912 3308 res
937 3253 1019 3309 ita
1049 3268 1109 3308 se
1146 3252 1326 3310 habet
1360 3271 1372 3309 :
1411 3269 1552 3308 cum
1582 3253 1708 3309 nati
1757 3253 1944 3309 simus
1985 3268 2142 3309 mor-

485 3341 654 3409 tales,
686 3359 810 3397 una
833 3342 1154 3397 nobiscum
1186 3343 1447 3412 gignitur
1476 3359 1611 3415 quae
1639 3343 1825 3398 vitam
1866 3341 2142 3398 dissolvit

487 3431 788 3501 corruptio
814 3436 872 3484 et
899 3430 1116 3484 ﬂuxus.
1149 3433 1213 3486 Et
1243 3447 1385 3486 sane
1417 3431 1591 3487 nobis
1613 3432 1673 3486 in
1706 3433 1867 3486 viam
1895 3437 1952 3486 et
2007 3431 2140 3486 vitae

486 3533 733 3573 cursum
763 3517 1160 3572 incidentibus
1190 3535 1309 3572 non
1342 3519 1525 3574 modo
1555 3519 1688 3574 licet
1718 3519 1796 3574 ab
1821 3519 1988 3575 initio
2005 3535 2144 3574 con-

490 3609 715 3660 stanter
743 3605 1217 3660 animadvertere
1243 3623 1426 3677 quem
1456 3608 1534 3661 ad
1560 3607 1741 3662 ﬁnem
1772 3609 2142 3679 requiescere

487 3693 839 3761 debeamus,
873 3693 976 3748 sed
981 3697 1112 3763 jam
1127 3694 1187 3748 in
1214 3694 1306 3749 his
1326 3711 1459 3766 quae
1475 3700 1855 3766 praetereunt,
1871 3695 2141 3767 aspicere

491 3799 817 3854 possumus
864 3783 1209 3853 adjunctam
1267 3785 1732 3856 corruptionem.
1792 3785 1922 3840 Vita
1981 3785 2140 3839 enim

487 3877 694 3928 nostra
721 3876 1013 3944 tanquam
1045 3873 1106 3927 in
1133 3873 1393 3943 vestigiis
1421 3878 1546 3928 tota
1593 3873 1829 3944 incedit,
1862 3878 1919 3928 et
1979 3889 2142 3929 mors

489 3976 808 4016 accurrens
838 3977 907 4017 ac
935 3961 1227 4016 comitans
1257 3962 1316 4016 id
1349 3962 1513 4033 quod
1552 3962 1672 4017 vita
1696 3968 1995 4020 transacta
2014 3962 2142 4018 reli-

489 4051 638 4122 quit,
670 4050 729 4104 id
751 4051 949 4105 statim
975 4051 1189 4122 accipit
1215 4051 1806 4122 comprehenditque,
1851 4057 1905 4106 et
1947 4052 2141 4106 omni-

487 4139 602 4194 bus
659 4139 793 4194 vita:
846 4139 1116 4211 partibus
1162 4140 1489 4194 ﬂuentibus
1573 4140 2140 4212 trauseuntibusque

489 4228 843 4293 occidimur,
865 4245 1122 4300 quasque
1159 4228 1286 4298 jam
1319 4229 1496 4283 morti
1525 4229 1905 4299 adjiciuntur.
1939 4231 2022 4283 Ita
2051 4233 2135 4298 ut,

490 4317 540 4371 si
570 4333 732 4371 mors
762 4323 815 4372 te
872 4319 933 4372 in
988 4318 1262 4372 timorem
1316 4319 1613 4387 injiciens,
1671 4318 1884 4374 ultima
1936 4319 2032 4374 die
2085 4324 2137 4373 te

490 4409 914 4460 testamentum
954 4406 1247 4461 conﬁcere
1279 4407 1454 4475 cogit,
1481 4407 1690 4478 quidni
1731 4412 1786 4462 et
1810 4407 2008 4461 hodie.
2035 4407 2136 4461 illa
2177 4405 2218 4458 Ο

489 4498 776 4560 regnante
827 4498 905 4558 (et
963 4501 1189 4564 quanta
1239 4495 1562 4565 possideat,
1622 4495 1871 4549 omnino
1926 4495 2135 4565 vides),

490 4585 846 4636 testamenta
860 4581 1088 4642 scribis,
1110 4597 1328 4652 corpus
1341 4583 1584 4654 quidem
1603 4583 1870 4639 validum
1884 4583 2134 4645 habens,

490 4673 688 4724 mente
703 4683 842 4723 vero
854 4668 1124 4723 nondum
1140 4669 1400 4724 violento
1420 4671 1633 4726 morbo
1656 4671 1914 4737 turbata,
1943 4687 2139 4743 neque

489 4775 561 4814 ea
577 4755 933 4827 cogitatione
947 4773 1085 4812 cum
1100 4756 1418 4813 formidine
1431 4760 1704 4830 agitatus,
1723 4759 1888 4832 quod
1920 4775 2138 4832 nempe

481 4848 612 4918 jam
641 4846 912 4902 moreris.

488 4942 737 5011 κραταιᾶς

488 5045 577 5082 νην
608 5042 622 5090 ;

556 5167 634 5236 (1)
687 5165 912 5221 Gobilis
973 5172 1061 5222 est
1115 5167 1408 5222 Ciceronis
1451 5167 1618 5222 locus
1668 5170 1838 5222 Tusc.
1914 5183 1954 5235 ι,
2025 5173 2131 5224 30:

489 5257 517 5285 «
551 5238 693 5291 Tota
722 5236 1217 5306 philos0phorum
1250 5240 1378 5302 vita,
1431 5242 1494 5292 ut
1543 5240 1622 5292 ait
1680 5239 1839 5293 idem
1896 5238 2131 5308 (Plato),

488 5308 912 5379 commentatio
944 5310 1147 5362 mortis
1162 5314 1266 5362 est.
1302 5309 1488 5364 »Vide
1516 5310 1835 5379 \Vyttenb.
1868 5309 1946 5365 ad
1978 5312 2137 5365 Phae-

487 5377 633 5449 don.
663 5391 720 5448 p.
752 5381 875 5445 207,
909 5384 964 5432 et
996 5379 1054 5432 in
1085 5379 1331 5434 Philom.
1366 5386 1406 5435 t.
1465 5380 1556 5443 Ill,
1607 5377 1683 5449 'p.
1735 5384 1820 5434 96.
1881 5382 2139 5436 Joannes

489 5448 730 5523 Climac.
791 5463 848 5518 p.
924 5452 1016 5504 145
1047 5455 1190 5523 ε-Καί
1231 5453 1428 5523 ’,θανμα
1472 5448 1658 5523 Αὸντως,
1732 5458 1837 5508 πῶς
1870 5470 1973 5523 ,και
2033 5451 2139 5504 Ἐλο

485 5518 631 5580 ληνές
679 5538 737 5592 τι
787 5525 1015 5592 τοιοῦτον
1073 5518 1397 5592 ἐφθέγξαντο,
1465 5520 1572 5574 ἐπεί
1647 5541 1736 5572 και
1811 5522 2140 5592 φιλοσοφέων,

485 5599 638 5642 τοῦτο
691 5588 819 5642 εἶναι
915 5588 1206 5660 οριζονται,
1309 5588 1539 5664 μεχέτην
1571 5594 1792 5644 θανάτου
1818 5588 1855 5664 ’ᾗ
1915 5588 2144 5651 Seneca

2318 2195 2478 2246 ’⁷Οταν
2539 2193 2598 2248 δέ
2663 2217 2742 2258 τις
2794 2201 2865 2267 μὴ
2917 2201 3068 2267 μόνον
3131 2200 3327 2255 ταύτης
3405 2195 3856 2267 κατωλιγωρηκως

2250 2289 2450 2354 φανείη,
2494 2283 2622 2336 ἀλλὰ
2668 2290 2758 2337 καὶ
2809 2289 2896 2337 τόν
2955 2287 3170 2337 θάνατον
3211 2284 3421 2356 μελέτην
3466 2286 3667 2336 ὡσανεὶ
3706 2286 3857 2341 τιθῆ-

2248 2391 2335 2423 ται
2386 2373 2463 2441 (3)
2511 2381 2610 2424 τῶν
2668 2371 2716 2424 ἓν
2772 2372 2874 2445 βίῳ
2931 2376 3269 2446 πραγμάτων,
3338 2375 3468 2447 πρὸς
3563 2373 3857 2423 τούναντίον

2249 2459 2504 2518 παντελῶς
2559 2468 2651 2511 τοῦ
2733 2460 3164 2533 παραγγέλματος
3252 2463 3410 2527 ἢχων,
3478 2462 3682 2530 ἔμοιγε,
3740 2462 3856 2531 ὅπερ

2249 2551 2391 2618 ἔφην,
2426 2549 2484 2599 οὑ
2537 2547 2711 2622 πόρρω
2755 2549 3016 2619 θαύματος
3045 2550 3070 2599 ό
3110 2556 3362 2613 τοιοῦτος,
3417 2555 3601 2599 τοῦτον
3665 2545 3734 2605 δὴ
3780 2569 3858 2600 τον

2248 2641 2435 2710 τρόπον
2488 2645 2592 2697 τοῖς
2641 2639 2885 2697 ὑστάτοις
2958 2644 3048 2689 καὶ
3091 2645 3152 2708 τῇ
3235 2636 3439 2708 τελευτῇ
3510 2643 3857 2710 κεχρημένος.

2252 2730 2351 2777 Καὶ
2422 2728 2547 2799 γὰρ,
2619 2726 2660 2776 εἰ
2722 2724 2918 2798 βούλει,
2968 2729 3236 2786 νύττοντός
3309 2745 3366 2777 σε
3442 2734 3535 2777 τοῦ
3611 2728 3857 2793 θανάτου,

2246 2817 2459 2887 γράφειν
2542 2809 2818 2878 διαθήκας,
2905 2813 3071 2874 ἄλλως
3152 2810 3204 2865 δ’
3269 2812 3361 2864 οῦκ
3435 2813 3598 2886 ἀνέχῃ
3693 2813 3859 2867 δοκεῖν

2249 2901 2513 2954 ἐκπίπτειν
2573 2909 2671 2952 τῶν
2725 2907 3044 2974 προσόντων,
3102 2907 3154 2954 τί
3220 2907 3290 2973 μὴ
3358 2907 3449 2953 καὶ
3521 2906 3699 2954 πάντα
3779 2924 3861 2954 τον

2252 2993 2388 3052 ζωῆς
2413 2995 2603 3063 χρόνον
2662 2993 2884 3043 θανάτου
2915 2997 3107 3066 χρόνον
3133 3010 3191 3062 γε
3219 2991 3433 3063 λογίζῃ,
3487 2997 3599 3061 καὶ,

2250 3082 2494 3149 καθαρῶς
2550 3083 2608 3131 τὸ
2661 3079 2803 3141 τέλος
2881 3079 3180 3152 ἀφικέσθαι,
3239 3083 3366 3153 πρός
3442 3080 3570 3132 αὐτὸ
3648 3085 3864 3156 γράφεις

2253 3167 2455 3240 βλέπων
2487 3185 2500 3233 ;

3675 2999 3798 3065 πρὶν
3831 2997 3856 3050 ᾗ

2324 3262 2424 3310 Καὶ
2478 3260 2579 3331 γὰρ
2638 3257 2798 3318 οὑτως
2860 3258 2972 3328 ἔχει
3007 3278 3019 3289 ·
3072 3259 3273 3317 θνητοῖς
3331 3258 3454 3328 ἡμῖν
3515 3277 3573 3328 γε
3614 3278 3867 3331 γεννωμε-

2249 3367 2356 3406 νοις
2415 3351 2844 3399 συναποτίκτεταί
2901 3367 3012 3408 πως
3075 3353 3164 3400 καὶ
3225 3349 3255 3404 ἡ
3317 3351 3411 3404 τὴν
3494 3347 3641 3406 ζωὴν
3702 3349 3866 3406 αὐτὴν

2249 3436 2449 3486 λὺουσα
2504 3437 2670 3508 φθορὰ
2722 3441 2809 3486 καὶ
2870 3436 3070 3508 ῥεῦσις.
3127 3441 3223 3488 Καί
3280 3454 3338 3505 γε
3393 3438 3539 3508 παρὰ
3589 3442 3690 3494 τὴν
3742 3435 3866 3489 ὀδόν

2251 3524 2537 3596 ἐμπεσοῦσι
2567 3528 2773 3576 καὶτὸν
2829 3521 3023 3596 δρόμον
3067 3532 3159 3576 τοῦ
3227 3523 3346 3596 βίου
3380 3529 3448 3593 μὴ
3504 3531 3664 3596 μόνον
3725 3529 3869 3578 ἔστιν

2251 3615 2375 3684 ἡμῖν
2437 3613 2489 3675 ἐξ
2545 3612 2720 3686 ἀρχῆς
2777 3611 3073 3673 ἀπταίστως
3131 3611 3303 3683 ἐνορᾲν
3368 3618 3494 3686 πρὸς
3546 3615 3572 3664 ὁ
3628 3611 3698 3672 δή
3777 3637 3866 3667 χαι

2251 3703 2656 3774 καταπάυσομεν
2697 3701 2859 3769 τέλος,
2895 3699 2999 3752 ἀλλ’
3031 3699 3137 3760 ἤδη
3173 3706 3261 3753 καὶ
3318 3701 3365 3752 ἐν
3421 3711 3533 3762 τοῖς
3556 3706 3680 3756 καθ’
3725 3707 3869 3779 ὥραν

2253 3791 2538 3861 ζῶμεν,.ἑν
2614 3792 2821 3851 τούτοις
2877 3793 2989 3841 ἔστι
3045 3796 3264 3864 συνορᾲν
3321 3795 3410 3842 καὶ
3473 3797 3568 3848 τὴν
3667 3796 3870 3867 φθορὰν

2252 3879 2402 3938 εὐθὺς
2443 3878 2860 3951 παρεζευγμένην
2923 3899 2934 3910 ·
2989 3880 3056 3940 ὡς
3098 3882 3199 3951 γὰρ
3254 3877 3301 3930 ἐν
3334 3881 3517 3949 ἵχνεσί
3562 3899 3682 3932 τισι
3736 3881 3870 3953 βαι-

2248 3969 2442 4029 νοὺσης
2527 3974 2622 4029 τῆς
2689 3967 2828 4028 ζωῆς
2876 3969 3020 4037 ἡμῶν
3074 3967 3285 4025 ἁπάσης
3329 3973 3418 4018 καὶ
3471 3976 3563 4019 τοῦ
3637 3973 3871 4023 θανάτου

2247 4057 2591 4130 παραθέοντος
2649 4059 2738 4106 καὶ
2821 4064 3405 4130 συμπαρομαρτοῦντος,
3473 4059 3599 4130 ὅπερ
3694 4059 3871 4116 ἐκείνη

2247 4153 2447 4217 παρῆκε
2496 4141 2751 4210 διαϐᾶσα,
2801 4146 2943 4196 τοῦτ’
2999 4145 3149 4204 εὐθὺς
3224 4145 3376 4205 αὑτός
3439 4144 3875 4220 μεταὸεξάμενος

2247 4233 2433 4304 ὑφεῗλε,
2467 4237 2556 4284 καὶ
2595 4235 2943 4305 νενεκρωμεθα
2980 4232 3163 4283 λοιπὸν
3218 4240 3351 4284 πᾶσι
3405 4242 3514 4294 τοίς
3570 4244 3676 4298 τῆς
3731 4243 3872 4300 ζωῆς

2249 4325 2429 4394 μέρεσι
2466 4321 2645 4394 ῥέουσι
2673 4326 2764 4373 καὶ
2812 4325 3242 4393 παρερχομένοις,
3295 4326 3384 4372 καί
3449 4342 3513 4392 γε
3566 4334 3646 4394 τῷ
3716 4328 3869 4376 θανά-

2921 4409 3072 4461 "Qa-1"
3083 4449 3096 4470 ,

2249 4493 2614 4568 δεδιττόμενος
2655 4497 2738 4549 ἐπὶ
2777 4506 2872 4558 τῆς
2925 4497 3218 4558 τελευταίας
3282 4497 3530 4569 βιάζεται
3591 4498 3866 4560 διαθηκῶν

2247 4429 2318 4479 τῳ
2361 4414 2842 4480 προσγιγνομένοις,
2921 4411 3096 4470 Ὠστ’,
3175 4413 3312 4482 εἰπερ
3382 4411 3407 4460 ό
3483 4413 3715 4475 θάνατος
3815 4433 3867 4464 σε

2249 4587 2566 4656 μεμνῆσθαι,
2625 4591 2674 4638 τί
2727 4591 2798 4657 μὴ
2833 4592 2922 4638 καὶ
2952 4592 3046 4644 τὴν
3087 4592 3329 4660 σήμερον,
3394 4584 3864 4649 ἐνδυναστεύοης

2246 4677 2434 4725 τούτου
2495 4677 2605 4745 (και
2663 4674 2866 4747 βλέπεις
2923 4676 3128 4737 πάντως
3183 4677 3374 4727 ὁπόσον
3455 4675 3863 4750 ἐγκαταλαμϐά-

2246 4762 2360 4834 τη),
2408 4764 2623 4837 γράφεις
2701 4766 2794 4822 τὰς
2852 4759 3128 4826 ὃιαθηκας,
3201 4761 3499 4836 ἐρρωμένως
3549 4771 3645 4837 μὲν
3727 4773 3866 4838 ἔχων

2246 4857 2337 4901 τοῦ
2379 4858 2638 4922 σώματος,
2682 4857 2752 4922 μή
2821 4872 2901 4903 πω
2945 4847 3003 4903 δὲ
3059 4855 3142 4902 τόν
3204 4859 3320 4903 νοῦν
3385 4849 3774 4926 διεφθαρμένος
3815 4856 3865 4906 ἐκ

827 4937 1218 4995 κατασεισάσης
1307 4940 1485 5006 νόσου,
1563 4933 1702 5008 μηδὲ
1763 4943 1856 4994 τὴν
1941 4934 2176 4990 διάνοιαν
2227 4939 2474 5012 οὐμενοῦν
2529 4943 2628 4992 ὑπὸ
2679 4937 2828 5002 δέους
2884 4944 3021 5012 ἔχων
3077 4942 3157 4992 ὅτι
3210 4944 3448 5001 θνήσκεις
3499 4945 3864 5016 τεθορυϐημέ-

2317 5170 2494 5244 Epist.
2514 5174 2582 5224 26
2609 5189 2671 5244 :r«
2699 5169 2978 5244 Meditare
2993 5175 3314 5225 mortem.»
3334 5171 3504 5228 Adde
3531 5172 3866 5244 Diogenem

2249 5241 2426 5312 Epist.
2472 5245 2531 5295 t0
2562 5243 2668 5296 init
2715 5242 2772 5296 in
2807 5242 3146 5312 Notit.,Mss.
3181 5248 3222 5298 t.
3250 5244 3309 5296 Χ.

2321 5312 2612 5386 (2)Codex
2637 5313 2718 5386 sic
2748 5330 2761 5370 :
2797 5313 2901 5366 sed
2941 5311 3085 5368 olim
3114 5313 3223 5368 fuit
3252 5320 3639 5386 προσσχόντες.
3683 5316 3865 5372 Conf.

2247 5387 2370 5436 not.
2405 5387 2456 5446 9,
2481 5383 2592 5437 col.
2633 5385 2786 5438 1386.

2321 5453 2396 5521 (3)
2427 5452 2718 5527 Relinquo
2780 5455 2900 5506 ὅταν
2958 5460 3133 5527 φανείη
3188 5459 3276 5506 καὶ
3306 5459 3546 5518 τιθῆται,
3590 5475 3732 5513 cum
3775 5459 3865 5512 vi-

2248 5522 2507 5650 iiietantur
2535 5522 2724 5581 sic—ab
2756 5522 2994 5582 auctore
3024 5526 3179 5598 ipso,
3243 5541 3368 5582 non
3401 5545 3432 5584 a
3475 5529 3746 5594 librario,
3781 5545 3868 5584 re-

2292 5610 2322 5649 c
2351 5611 2407 5650 a.

2292 5610 2407 5652 cta.
