4050 6306
218 321 346 378 1469

1621 322 2146 382 ΤΕΞΤΑΜΕΝΤΗΜ.

3421 332 3442 382 1
3451 330 3559 386 4⁸70

283 445 398 496 Οἷον
437 445 534 516 γὰρ
568 439 636 502 δὴ
683 448 774 496 καὶ
817 452 990 507 τοῦτο,
1047 448 1167 498 ὃταν
1208 467 1430 522 πυρετος
1485 447 1666 523 λάϐρος
1725 453 1768 515 (l

1983 450 2284 515 Quidnam
2338 454 2582 525 patieris
2629 452 2878 526 quando
2949 456 3004 508 te
3060 451 3321 510 adurens
3374 451 3557 508 febris

216 532 546 604 ἀναφλεχθεὶς
633 530 848 605 ἐκτήκῃ,
920 540 1134 609 κρείττω
1215 543 1303 589 καὶ
1359 538 1544 611 ἰατρῶν
1607 542 1800 608 τέχνης

213 627 294 674 καὶ
324 625 494 683 πάσης
527 619 680 682 ἀλλης
723 631 972 694 μηχανῆς
997 630 1088 683 τήν
1143 624 1312 698 ἀκμήν
1354 630 1509 698 ἔχων,
1565 633 1654 678 καὶ
1705 631 1799 685 τήν

212 714 393 785 φθορὰν
447 715 537 762 καὶ
579 710 728 762 λύσιν
785 715 1225 786 κατεργαζόμενος
1292 716 1526 787 εὐτόνως,
1599 720 1689 768 καί
1741 734 1800 788 γε

208 804 290 852 ⁸ν-όν
327 797 520 872 δεσμὸν
551 798 826 873 παραλύων
853 805 938 853 τόν
978 812 1069 864 τῆς
1098 803 1285 876 ψυχῆς
1341 809 1430 856 καὶ
1475 812 1562 858 τοῦ
1613 812 1797 876 σωμα-

209 909 303 955 τος,
332 889 360 946 ή
393 890 514 940 ὅταν
590 889 739 962 ῥῖγος
782 887 1136 964 ἐπεισφρῆσαν
1193 896 1280 944 τόν
1350 893 1463 945 ὃλον
1541 893 1793 966 συγκλονῇ

210 980 498 1050 σωματικὸν
555 981 728 1048 ὄγκον,
791 983 882 1030 καὶ
947 982 1011 1032 τά
1057 983 1243 1032 τούτου
1283 984 1483 1054 πέρατά
1535 982 1794 1054 καταλαμ-

207 1065 326 1139 ϐάνη
401 1069 702 1139 νεκροποιόν
774 1065 971 1140 ψῦχος,
1048 1076 1140 1120 τοῦ
1229 1070 1453 1130 ζωτικοῦ
1508 1074 1797 1142 πνεύματος

209 1153 604 1226 συστελλομένου
684 1158 770 1206 καὶ
849 1154 946 1228 βίᾳ
991 1163 1110 1230 περὶ
1166 1163 1260 1216 τήν
1311 1156 1535 1233 καρδίαν
1587 1158 1794 1230 ἀναχω-

203 1250 427 1316 ροῦντος,
479 1239 588 1294 εἶτα
654 1249 888 1315 προσιών
945 1265 1021 1306 τις
1082 1242 1390 1319 διαλέγηται
1443 1253 1560 1319 περὶ
1621 1267 1793 1320 γραμ-

201 1333 368 1403 μάτων
421 1336 515 1389 τήν
557 1331 739 1383 ούσίαν
796 1334 1244 1407 καταμεριζόντων
1313 1340 1403 1387 καὶ
1482 1334 1792 1388 ἀποταττόν·

199 1440 295 1471 των
331 1420 550 1494 κλήρους
597 1428 702 1480 τοῖς
759 1423 834 1472 ἔτι
894 1431 967 1493 τῷ
1034 1422 1135 1494 βίῳ
1188 1429 1590 1498 περιεσομένοις,
1646 1430 1734 1476 καὶ
1765 1427 1791 1476 ὁ

198 1511 284 1580 μὲν
309 1516 474 1560 ταῦτα
502 1508 850 1582 συμϐουλεύῃ,
909 1512 934 1562 ὀ
985 1508 1063 1576 δὲ,
1111 1532 1240 1584 προς
1285 1517 1378 1571 τήν
1428 1512 1587 1572 ἀκοήν
1640 1514 1790 1575 εύθύς

197 1599 485 1668 παταχθεὶς
549 1593 725 1658 δεινῶς
789 1603 880 1656 τὴν
918 1596 1164 1673 καρδίαν,
1219 1601 1395 1654 ἑαυτόν
1444 1610 1534 1662 τῆς
1588 1608 1789 1677 μακρᾶς

196 1685 386 1746 πλάνης
436 1691 525 1738 καὶ
579 1695 674 1748 τῆς
724 1686 916 1749 πολλῆς
978 1692 1174 1751 ἐκείνης
1227 1695 1578 1761 ματαιότητος
1633 1691 1786 1743 ταλα-

194 1778 330 1846 νίζη,
361 1774 446 1846 ὑφ’
476 1776 536 1836 ἧς
565 1776 736 1845 ἠγνόει
763 1779 850 1827 τόν
909 1783 1076 1828 πάντα
1123 1788 1218 1839 τῆς
1276 1780 1416 1841 ζωῆς
1464 1785 1654 1852 χρόνον
1696 1799 1787 1831 κα-

192 1863 537 1935 τειλημμένος,
603 1869 691 1916 καὶ
765 1862 1013 1938 διελέγχη
1062 1863 1129 1926 δή
1205 1872 1320 1919 τότε
1380 1887 1438 1920 το
1515 1873 1786 1941 παρεστὼς

192 1955 370 2024 α’ίιρνης
422 1961 519 2012 τῆς
575 1951 834 2016 ἀπλανοῦς
923 1957 1313 2017 συναισθήσεως
1363 1960 1480 2016 τούς
1548 1958 1783 2028 μόχθους

190 2038 409 2101 ἐκείνους
462 2045 552 2092 καὶ
617 2048 791 2094 πᾶσαν
868 2042 1006 2113 αύτῷ
1061 2049 1155 2101 τήν
1222 2049 1474 2120 προτέραν
1543 2042 1782 2102 σπουδήν

189 2129 296 2187 εἰκῆ
364 2133 453 2180 καὶ
496 2132 666 2201 μάτην
719 2129 1100 2190 ἐκπεπονῆσθαι
1145 2137 1232 2184 καὶ
1295 2137 1426 2208 πρὸς
1463 2131 1612 2186 οῦδὲν
1661 2139 1778 2206 ὄφε-

187 2217 272 2278 λος
316 2216 614 2277 ἀπαντῆσαι
663 2236 678 2286 ;
723 2220 843 2271 ὅταν
925 2239 1047 2290 γουν
1119 2229 1307 2289 ταῦτα,
1379 2227 1468 2274 καὶ
1523 2225 1779 2285 τοιούτοις

187 2305 610 2380 ἐνασχολουμένῳ
640 2305 776 2378 τῴὃε
817 2306 921 2369 τοῖς
971 2308 1241 2381 λογισμοῖς
1305 2314 1778 2383 προσεπιτιθώνται

185 2399 396 2446 καὶτῶν
448 2401 676 2466 γνησίων
727 2396 858 2449 εἰσὶν
909 2395 1086 2450 οἱκαὶ
1140 2408 1239 2450 τῶν
1284 2398 1454 2468 ξένων,
1500 2402 1568 2464 οὶ,
1619 2404 1776 2471 χρέος

184 2484 355 2556 ὥσπερ
443 2484 621 2548 αύτοῐς
703 2484 930 2557 ἀνάγκης
998 2485 1054 2548 ἐξ
1106 2485 1316 2548 ἀπάσης
1393 2487 1771 2560 ἐπωφλημένον,

182 2577 436 2645 χρήματα
501 2573 689 2626 ἐκείνου
766 2579 854 2626 καὶ
909 2577 1192 2648 πράγματα
1267 2572 1531 2628 διαλαϐεῖν
1617 2575 1773 2637 ἐκζη-

181 2667 403 2727 τοῦντες,
453 2667 540 2714 καί
577 2682 635 2733 γε
681 2661 986 2736 βιαζόμενοι
1043 2667 1470 2737 συμμερίσασθαι
1513 2668 1605 2728 τὰς
1653 2671 1777 2724 κτή-

185 2767 309 2816 σεις,
343 2751 448 2802 οἷον
502 2745 569 2808 δή
619 2756 709 2803 καὶ
761 2751 1044 2820 τοῦτο;’0
1097 2755 1184 2823 μὲν
1241 2755 1339 2828 γὰρ
1395 2750 1588 2828 διαιρεῖ
1643 2757 1775 2806 κατὰ

181 2843 273 2896 τήν
335 2839 547 2905 οἰκείαν,
601 2839 659 2891 ού
696 2845 799 2912 μὴν
853 2837 912 2892 δὲ
968 2843 1101 2892 κατά
1161 2847 1253 2899 τήν
1293 2841 1491 2894 ἐκείνων
1553 2841 1771 2895 ἑκάστου

181 2925 426 2984 ϐούλησιν
483 2925 608 2980 ούδέ
661 2948 721 2999 γε
776 2931 911 2980 κατά
965 2933 1052 2986 τήν
1113 2928 1378 2986 ἄπληστον
1438 2932 1627 3003 ἔφεσιν·
1683 2936 1773 2982 καὶ

179 3015 330 3067 αὐτοὶ
394 3015 571 3068 λοιπὸν
638 3013 1159 3089 δυσανασχετοῦντες
1219 3017 1625 3092 ἀποστρέφονται
1675 3024 1770 3077 τήν

177 3104 360 3176 χάριν,
389 3105 414 3155 ό
453 3108 541 3176 μὲν
593 3105 742 3157 πλέον
797 3105 1119 3176 εἰσπράττων
1168 3106 1197 3164 ἦ
1258 3107 1378 3157 όσον
1418 3105 1603 3167 ἐκεῖνος
1644 3111 1770 3159 ἑκὼν

177 3199 307 3244 εῖναι
359 3189 604 3259 δίδωσιν,
659 3194 686 3246 ὁ
741 3190 800 3246 δε
859 3199 953 3252 τήν
1001 3198 1124 3252 ἴσην
1175 3202 1360 3268 μοῖραν
1407 3193 1770 3268 δυσχεραίνων

175 3280 266 3332 καὶ
334 3285 404 3352 μή
449 3284 584 3333 πάνυ
631 3303 683 3334 τι
743 3279 1205 3354 καταδεδεγμένος·
1272 3286 1409 3336 ἔστιν
1475 3289 1528 3346 ὃς
1593 3290 1770 3337 καὶτὸ

172 3371 387 3441 νεμηθὲν
458 3370 570 3422 ῶον
648 3370 902 3424 ἀπείπατο
968 3371 1161 3440 τελέως,
1239 3377 1328 3423 καὶ
1397 3374 1426 3430 ἡ
1511 3378 1770 3447 πρόφασις

172 3457 430 3534 εὐπρεπής
484 3464 574 3511 καὶ
621 3480 678 3511 το
733 3457 1002 3531 δικαίωμα
1061 3467 1314 3531 γενναῖον·
1345 3484 1371 3510 ››
1424 3461 1592 3532 πολλῷ
1665 3466 1767 3538 γὰρ

170 3547 362 3614 πλεῖον,
436 3571 456 3596 ι
519 3553 671 3622 φησί,
736 3571 762 3597 n
826 3554 1066 3620 νομίσας,
1135 3547 1373 3621 βεϐαίαις
1440 3555 1487 3602 ἐν
1564 3551 1766 3603 ἐλπίσιν

1910 549 2238 612 consumet,
2265 543 2630 599 medicorum
2663 547 2787 598 arte
2817 546 2875 598 et
2904 539 3021 598 alia
3048 541 3259 613 quavis
3283 540 3554 607 validior,

1909 642 1980 682 ac
2007 627 2288 686 violenter
2325 633 2768 706 corruptionem
2797 629 3374 701 dissolutionemque
3417 645 3557 702 ope-

1907 716 2154 784 rabitur,
2190 719 2497 792 solvetque
2528 721 2745 776 animus
2766 724 2822 776 et
2870 719 3138 792 corporis
3196 717 3502 774 vinculum
3535 736 3550 787 ;

1907 810 2010 860 aut
2048 807 2296 877 quando
2318 809 2504 881 frigus
2529 809 2749 866 sensim
2790 807 3121 880 procedens
3159 822 3404 864 omnem
3433 807 3554 876 agi-

1905 893 2054 949 tabit
2084 897 2348 966 corporis
2373 896 2614 964 molem,
2639 902 3053 968 extremasque
3075 900 3267 967 partes
3293 910 3553 966 occupa-

1903 979 1991 1035 bit
2018 982 2382 1056 ubicumque
2409 990 2661 1042 mortem
2682 985 2876 1040 ferens
2909 983 3193 1058 ;quando
3239 983 3552 1038 viviﬁcans

1906 1069 2147 1140 spiritus
2178 1073 2544 1130 coercebitur
2573 1079 2629 1130 et
2654 1073 2713 1128 in
2741 1088 2844 1128 cor
2871 1072 3114 1128 tandem
3170 1071 3425 1138 recedet,
3481 1087 3551 1126 ac

1904 1158 2118 1214 deinde
2145 1161 2358 1232 aliquis
2388 1162 2701 1229 accedens,
2751 1167 2950 1218 tecum
2986 1166 3122 1230 aget
3150 1160 3224 1216 de
3265 1159 3550 1216 codicillis

1902 1244 2066 1302 bona
2096 1253 2199 1302 tua
2229 1249 2630 1304 dividentibus
2648 1249 3145 1320 haereditatesque
3172 1252 3307 1304 tuas
3338 1246 3407 1302 iis
3444 1246 3550 1319 qui

1903 1341 2256 1405 supererunt
2287 1337 2758 1406 assignantibus,
2792 1343 2995 1411 tuque,
3019 1337 3215 1393 statim
3237 1351 3306 1391 ac
3338 1335 3548 1390 audie-

1900 1422 1978 1477 ris
2011 1423 2188 1479 corde
2215 1425 2593 1481 vehementer
2614 1425 2912 1492 turbatus,
2963 1426 3224 1497 teipsum
3281 1440 3318 1480 a
3366 1423 3548 1494 longo

1900 1526 2095 1566 errore
2126 1518 2182 1567 et
2211 1519 2498 1586 perpetua
2524 1514 2622 1570 illa
2648 1515 2906 1569 vanitate
2953 1520 3200 1583 avertes,
3259 1529 3382 1585 qua
3424 1517 3550 1568 tota

1896 1599 2019 1656 vita
2044 1599 2328 1674 deceptus
2355 1617 2418 1656 es
2446 1602 2737 1663 nesciens,
2805 1601 3295 1672 convincerisque
3347 1601 3547 1656 statim

1898 1692 2058 1743 certo
2084 1687 2380 1744 intellectu
2421 1706 2629 1746 omnes
2681 1689 2814 1745 illos
2870 1690 3109 1746 labores
3178 1705 3545 1760 omnemque

1894 1776 2153 1847 priorem
2189 1793 2394 1833 curam
2426 1795 2579 1834 vane
2618 1780 2956 1850 impensam
2997 1778 3176 1833 fuisse
3206 1793 3317 1832 nec
3373 1777 3544 1849 quid-

1893 1880 2078 1936 quam
2108 1865 2245 1921 utile
2266 1866 2551 1922 habuisse
2583 1867 2610 1922 ?
2633 1867 2886 1932 Quando
2898 1867 3216 1937 haecigitur
3229 1866 3323 1935 agi
3346 1881 3543 1937 cmpe-

1891 1954 2024 2026 rint,
2059 1961 2114 2011 et
2143 1955 2390 2027 quando
2417 1956 2499 2012 illi
2536 1957 2748 2013 talibus
2780 1961 3073 2029 occupato
3117 1956 3542 2029 supervenient

1890 2044 1980 2099 vel
2011 2045 2294 2115 extranei,
2341 2047 2445 2118 qui
2475 2053 2764 2119 tanquam
2785 2063 2856 2102 ex
2910 2045 3256 2100 necessitate
3306 2044 3540 2100 debitas

1888 2131 2046 2188 illius
2067 2149 2161 2187 res
2191 2150 2260 2188 ac
2285 2133 2523 2189 divitias
2551 2134 3058 2206 comprehendere
3080 2133 3362 2200 nitantur,
3395 2148 3535 2206 pro-

1889 2221 2138 2293 priaque
2168 2223 2354 2293 ipsius
2380 2223 2542 2278 bona
2570 2223 2680 2278 sibi
2717 2223 2863 2296 ipsis
2893 2221 3249 2278 distribuere
3295 2226 3534 2292 cogant,

1887 2310 2032 2383 quid
2096 2311 2235 2367 inde
2307 2312 2557 2367 evenit?
2615 2313 2716 2367 Hic
2783 2312 2944 2367 enim
3008 2310 3215 2366 dividit
3269 2327 3377 2386 pro
3424 2327 3536 2366 sua

1888 2398 2208 2470 voluntate,
2265 2416 2386 2456 non
2415 2401 2585 2472 juxta
2606 2401 3082 2474 uniuscujusque
3120 2415 3330 2458 eorum
3355 2399 3533 2456 bene-

1884 2488 2190 2560 placitum,
2233 2505 2426 2563 neque
2468 2491 2640 2563 juxta
2713 2491 3074 2563 inexpletam
3123 2489 3530 2564 cupiditatem.

1885 2578 1951 2631 Et
1981 2576 2061 2632 illi
2086 2576 2465 2650 indignantes
2492 2579 2746 2649 gratiam
2789 2583 3066 2649 renuunt,
3100 2577 3253 2633 alius
3283 2577 3531 2654 quidem

1883 2665 2058 2737 plura
2085 2671 2437 2738 exspectans
2467 2684 2651 2740 quam
2678 2684 2813 2740 quae
2842 2666 2936 2723 ille
2961 2666 3170 2722 volens
3220 2682 3290 2722 ac
3335 2665 3530 2721 libens

1882 2754 2095 2820 tradit;
2124 2755 2272 2810 alius
2309 2772 2440 2812 vere
2484 2757 2776 2828 aequalem
2835 2761 3064 2812 tantum
3119 2755 3232 2810 sibi
3297 2759 3530 2827 partem

1881 2841 2093 2898 donari
2123 2860 2244 2898 non
2285 2844 2416 2910 fert,
2466 2861 2574 2899 nec
2615 2847 2879 2916 seipsum
2910 2860 3033 2900 non
3065 2844 3198 2916 plus
3238 2843 3526 2916 accipere.

1881 2933 1977 2986 Est
1997 2932 2101 3006 qui
2131 2938 2320 2988 totum
2370 2932 2537 3004 quod
2584 2933 2697 3006 ipsi
2740 2948 3096 2987 concessum
3142 2937 3230 2988 est
3279 2933 3524 3004 rejiciat,

1879 3026 2354 3094 praetextumque
2380 3021 2707 3076 decendem
2730 3022 2949 3093 jusque
2978 3036 3337 3090 generosum
3361 3021 3528 3078 adhi-

1877 3107 2104 3164 beat:«
2144 3110 2318 3165 Multo
2372 3110 2624 3180 majora,
2677 3109 2888 3182 inquit,
2957 3108 3399 3181 exspectabam,
3472 3115 3529 3166 et

1877 3196 2054 3254 ﬁrma
2084 3213 2188 3269 spe
2246 3197 2493 3254 nitebar.
2533 3221 2553 3247 ι
2592 3199 2705 3254 Sed
2773 3204 2994 3266 tamen,
3093 3213 3240 3252 num
3291 3203 3528 3271 tempus

1879 3285 1956 3341 ad
1986 3285 2249 3342 lamenta
2306 3303 2376 3342 ac
2441 3287 2696 3356 gemitus
2761 3286 2989 3356 invitat,
3063 3285 3159 3340 alii
3227 3302 3298 3341 eo
3359 3287 3525 3360 quod

1879 3391 1994 3430 non
2027 3375 2096 3430 iis
2134 3392 2244 3447 pro
2298 3383 2493 3432 mente
2541 3375 2887 3431 successerit
2929 3375 2989 3430 in
3029 3391 3267 3447 pugnas
3302 3376 3523 3448 saepius

1878 3463 2120 3534 abeunt,
2153 3464 2454 3538 lacrymas
2483 3465 2874 3538 doloremque
2907 3465 3260 3536 omittentes,
3302 3464 3524 3521 doloris

1878 3556 2138 3624 tempus,
2161 3552 2298 3608 belli
2325 3571 2394 3609 ac
2423 3553 2614 3609 litium
2645 3560 2882 3626 tempus
2915 3553 3326 3624 designantes.

166 3643 433 3718 ἐθάρρουν·
469 3668 489 3694 ι
525 3646 583 3698 ού
629 3650 731 3719 μήν
780 3645 926 3712 ἀλλά,
975 3666 1064 3696 και
1118 3654 1206 3697 τοῦ
1256 3654 1440 3718 καιροῦ
1492 3647 1770 3710 καλοῦντος
1818 3653 1947 3722 πρὸς
1993 3650 2224 3722 οἰμωγας
2291 3671 2379 3702 και
2435 3653 2674 3725 θρήνους,
2738 3656 2787 3702 οί
2838 3647 2918 3717 δὲ,
2966 3671 3178 3724 γνωμης
3234 3648 3520 3724 ἀπληστίᾳ,

165 3730 377 3805 δάκρυα
430 3736 599 3786 πάντα
640 3754 730 3785 και
775 3738 830 3786 τό
883 3735 1080 3786 πενθεῖν
1131 3737 1520 3808 παρωσάμενοι,
1579 3740 1628 3797 ἐς
1685 3739 1866 3809 μάχας
1922 3738 2167 3799 πολλάκις
2205 3759 2294 3790 και
2330 3743 2456 3814 πρὸς
2485 3739 2730 3802 ἀλλήλους
2769 3749 3033 3814 χωροῦσι,
3066 3745 3154 3792 τὸν
3200 3747 3292 3790 τοῦ
3321 3742 3520 3802 πάθους

163 3825 347 3896 καιρόν
378 3819 548 3898 ἐριδος
573 3826 759 3875 ὡσανεί
789 3826 967 3898 καιρὸν
997 3842 1086 3874 και
1115 3823 1338 3896 πολέμου
1373 3825 1610 3886 τιθέντες.

242 3917 340 3963 Και
393 3915 458 3964 τά
543 3913 766 3964 εντεῦθεν
834 3913 1102 3980 τίνα;’0,
1195 3917 1383 3984 τρόπον
1444 3917 1495 3963 ἄν
1554 3916 1761 3986 ἔφημεν,

161 4005 576 4072 κατηπειγμένος
640 4003 770 4074 πρὸς
848 4004 941 4058 τήν
1007 3997 1286 4073 ἐκδημίαν,
1379 4004 1445 4052 τὰ
1502 4006 1590 4073 μὲν
1650 4009 1766 4066 ταῖς

157 4092 363 4140 ἐκείνων
419 4091 710 4159 χαυνωθείς
775 4108 865 4139 και
929 4087 1292 4159 μαλακισθείς,
1367 4091 1478 4162 ἅμα
1543 4086 1602 4142 δὲ
1672 4111 1760 4142 και

155 4178 403 4248 καθυφείς
488 4176 859 4248 λογομαχίαις,
920 4179 987 4228 τὰ
1076 4173 1134 4228 δὲ
1199 4175 1511 4250 βουλόμενος
1578 4177 1758 4232 ἑαυτὸν

155 4263 473 4335 ἀπαλλάξαι,
531 4264 974 4336 ἀπαλλαττόμενον
1030 4260 1138 4322 ἤδη
1205 4273 1292 4316 τοῦ
1346 4265 1481 4329 ϐίου,
1536 4285 1624 4317 και
1663 4274 1758 4326 τῆς

149 4357 378 4405 ἐκτόπου
423 4356 618 4414 ταύτης
665 4357 908 4426 ἐπηρείας
961 4372 1050 4404 και
1099 4357 1218 4427 περί
1264 4353 1420 4405 αὐτόν
1459 4372 1513 4404 τε
1556 4374 1645 4405 και
1696 4357 1753 4404 τό

146 4439 331 4493 δίκιον
405 4441 799 4514 ἀγνωμοσύνης,
870 4440 1008 4513 ἀφείς
1073 4445 1137 4493 τά
1218 4445 1354 4493 κατά
1430 4447 1638 4514 γνώμην
1704 4445 1826 4533 ένῡ

145 4527 440 4592 διαθήκαις
481 4533 712 4604 γράφειν,
767 4531 955 4604 γράφει
1019 4532 1086 4581 τὰ
1110 4539 1207 4590 τῆς
1255 4526 1582 4604 τυραννίδος.
1627 4527 1752 4581 Εἶτα

140 4622 217 4672 τὰ
263 4622 550 4692 γράμματα
596 4621 888 4674 τελευταίαν
939 4625 1068 4692 φασί
1126 4619 1380 4693 βούλησιν
1435 4640 1522 4670 και
1577 4618 1752 4677 ἀκίνη-

138 4714 236 4761 τόν
276 4728 394 4760 τινα
441 4706 722 4773 διαθήκην,
781 4729 870 4760 και
921 4712 989 4770 ὡς
1064 4709 1258 4771 ἔξεστιν
1311 4705 1487 4760 οὐδενί
1554 4707 1751 4762 ἀθετεῖν

135 4818 240 4850 και
287 4807 613 4870 παραποιεῑν·
669 4818 760 4849 και
815 4805 1032 4849 τοιαῦτα
1079 4801 1129 4848 οἰ
1180 4796 1491 4870 ϐιασάμενοι

132 4908 239 4939 και
297 4895 506 4960 γενναῖα
573 4894 682 4948 τοῖς
738 4889 1098 4963 ἀπροαιρέτοις
1165 4906 1253 4937 και
1319 4892 1750 4961 κατηναγκασμέ-

132 4997 255 5038 νοις
316 4976 742 5048 ἐπιψηφίζονται.

219 5065 364 5118 Ἀλλ’
456 5067 551 5118 ούκ
637 5069 737 5136 ἐγὼ
803 5067 982 5124 οὕτως·
1043 5062 1172 5130 ἀλλ’,

129 5158 342 5228 τρόπου
401 5152 696 5226 δοκιμάσας
749 5157 797 5206 έν
845 5160 949 5213 τοῖς
1005 5155 1256 5213 τοιούτοις
1314 5154 1528 5225 ἄριστον
1569 5154 1749 5222 ἔγνων,

126 5243 286 5299 τοῦτ’
313 5241 419 5304 ἤδη
449 5265 538 5297 και
567 5248 651 5297 ἐπί
675 5249 780 5302 τοῖς
819 5242 1042 5313 ἐμαυτοῦ
1075 5241 1269 5314 πράξω.
1296 5245 1364 5292 Τό
1397 5237 1456 5292 δέ
1486 5243 1597 5291 ἐστι
1626 5242 1702 5313 (2)
1734 5263 1747 5314 ;

212 5342 345 5404 Νῦν,
387 5337 471 5388 ὅτε
506 5339 664 5386 νόσου
719 5327 884 5404 μηδὲν
937 5330 1157 5402 ἐνοχλεῖ,
1207 5338 1314 5395 νῦν,
1345 5335 1426 5382 ὅτε
1473 5334 1541 5400 μή
1593 5349 1750 5382 κατα-

1251 5067 1372 5135 ὅπερ
1441 5067 1494 5114 ἐκ
1559 5068 1751 5126 παντὸς

213 5445 294 5520 (Ι)
327 5443 472 5520 90d-
503 5442 729 5520 λξίῦροςα
941 5513 1003 5520 _.
1037 5504 1084 5520 ι.
1123 5512 1131 5520 .
1338 5512 1343 5520 ,

209 5503 289 5586 (2}
321 5515 412 5572 Sic
443 5503 654 5570 codeiz.
691 5513 914 5566 Forsan
941 5513 1003 5560 Τί
1025 5504 1084 5559 δέ
1109 5512 1222 5559 ἐστι
1246 5525 1258 5573 ;
1292 5503 1414 5558 τόδε
1441 5503 1500 5558 δέ
1525 5526 1637 5559 εστι
1662 5512 1743 5575 τί;

1947 3918 2008 3972 Et
2039 3933 2173 3988 quae
2206 3921 2416 3989 postea
2440 3922 2774 3990 sequuntur
2797 3918 2824 3972 ?
2856 3917 2986 3984 Qui,
3015 3933 3137 3988 quo
3168 3915 3350 3971 modo
3367 3915 3518 3971 dixi-

1875 4019 2030 4065 mus,
2063 4004 2140 4058 ad
2168 4011 2416 4059 mortem
2450 4005 2531 4059 ita
2560 4004 2855 4058 adductus
2885 4008 2990 4070 est,
3019 4020 3226 4058 eorum
3269 4003 3517 4074 quidem

1869 4092 2040 4146 vanis
2071 4093 2448 4147 sermonibus
2479 4092 2818 4147 debilitatus
2844 4107 2913 4146 ac
2947 4091 3207 4146 mollitus
3230 4098 3282 4146 et
3305 4091 3516 4148 subac-

1869 4183 1982 4250 tus,
2024 4180 2432 4251 seipsumjam
2472 4181 2592 4234 vita
2625 4179 2960 4244 liberatum,
3024 4179 3227 4234 volens
3271 4195 3514 4251 quoque

1865 4267 2118 4324 liberare
2157 4268 2464 4323 abinsana
2488 4266 2946 4333 bacinsolentia,
2972 4269 3167 4322 nonin
3193 4272 3512 4322 testamen-

1865 4356 1938 4410 tis
1955 4373 2062 4428 pro
2074 4356 2242 4411 libitu
2256 4357 2536 4429 disponit,
2556 4357 2655 4411 sed
2668 4357 2688 4426 j
2701 4363 2841 4411 uxta
2854 4373 3082 4411 meram
3108 4356 3484 4429 tyrannidem
3497 4401 3509 4412 .

1868 4445 2086 4500 Deinde
2106 4445 2357 4500 codicilli
2379 4445 2648 4500 ultimam
2679 4443 3268 4500 dicuntvoluntatem
3300 4452 3358 4501 et
3403 4445 3510 4500 im-

1864 4534 2079 4589 mobile
2113 4535 2425 4607 quoddam
2464 4540 2914 4601 testamentum,
2959 4540 3013 4590 et
3050 4534 3163 4590 tale
3195 4539 3259 4589 ut
3285 4535 3510 4590 nemini

1862 4621 2035 4678 liceat
2064 4623 2209 4677 illud
2235 4629 2498 4678 avertere
2513 4629 2568 4678 et
2595 4623 3164 4681 contemnere.’l‘alia
3193 4624 3369 4694 igitur
3382 4625 3508 4695 jus-

1863 4717 2065 4768 serunt
2102 4711 2249 4779 ﬁeri,
2275 4717 2330 4766 et
2360 4711 2556 4766 valida
2582 4727 2651 4767 ac
2678 4718 2806 4768 rata
2847 4712 3174 4768 decernunt
3195 4729 3329 4784 quae
3387 4727 3508 4768 non

1860 4798 2208 4865 voluntarie,
2241 4798 2348 4855 sed
2373 4804 2575 4856 coacte
2616 4799 2772 4856 facta
2802 4806 2960 4858 sunt.

1929 5067 2056 5121 Non
2088 5066 2190 5136 ita,
2224 5081 2357 5136 ego.
2387 5065 2557 5132 Quod
2588 5063 2938 5120 omnimodo
2969 5063 3263 5135 optimum
3293 5063 3505 5120 essein

1859 5155 2078 5212 talibus
2109 5159 2385 5228 expertus
2413 5172 2566 5219 sum,
2595 5153 2654 5207 id
2670 5155 2798 5224 jam
2843 5152 2904 5206 in
2949 5152 3205 5224 propriis
3261 5153 3500 5210 faciam.

1860 5244 2012 5308 Quid
2044 5249 2241 5300 autem
2271 5243 2414 5299 illud
2446 5248 2537 5298 est
2566 5243 2594 5297 ‘I

1930 5335 2117 5404 Nunc,
2150 5350 2286 5391 cum
2309 5333 2507 5388 nullus
2528 5348 2624 5396 me
2650 5329 3184 5404 impeditmorbus,
3213 5349 3352 5388 cum
3380 5349 3502 5388 non
