4050 6306
533 265 660 318 1471

1856 258 2231 320 NICEPHORI
2270 259 2558 318 CHUMNI.

3767 269 3897 326 1472

530 385 593 442 in
629 386 782 442 lecto
811 387 1038 444 solutus
1063 390 1373 459 recumbo,
1395 405 1592 464 neque
1608 390 1684 447 de
1702 389 1826 447 vita
1848 403 1974 445 non
1995 387 2178 444 modo

2294 383 2421 438 λύων
2488 385 2573 440 ὶπί
2619 385 2792 448 κλίνης
2849 387 2976 456 εἰπέ,
3039 384 3176 460 μηδὶ
3233 391 3347 463 περί
3397 392 3554 460 ζωῆς,
3614 396 3693 464 μὴ
3755 397 3901 465 μόνον

529 473 820 530 incertum
849 479 937 532 est
965 491 1112 532 num
1150 477 1331 549 hujus
1361 478 1559 535 futura
1591 479 1664 535 sit
1728 477 1989 534 crastina
2030 475 2180 542 dies,

533 563 640 619 sed
661 564 788 635 jam
815 568 870 620 et
898 565 972 620 de
1000 565 1290 623 hodierna
1312 566 1592 624 ditferunt
1615 568 1768 624 inter
1797 581 1858 622 se
1899 563 2186 620 mediciet

532 657 823 724 pugnant,
864 653 1009 709 dum
1041 654 1140 711 alii
1162 655 1437 728 spiritum
1480 672 1676 730 usque
1738 655 1817 712 ad
1864 667 2182 726 vesperam

533 741 754 797 iturum
784 758 915 798 esse
945 745 1338 815 contandunt,
1366 746 1465 803 alii
1503 761 1644 802 vero
1658 745 1813 802 circa
1826 748 2055 800 sextam
2082 745 2184 798 aut

532 845 760 886 nonam
783 835 887 888 aut
913 833 1100 907 quam
1150 834 1332 889 aliam
1383 851 1457 891 ex
1487 839 1612 892 arte
1663 839 1766 890 aut
1842 829 2185 903 ignorantia

536 922 870 981 statuerunt
907 921 1143 987 horam,
1183 922 1634 980 dissolvendam
1651 939 1781 978 esse
1804 921 2074 978 animam
2095 918 2180 974 di-

534 1011 676 1063 cunt
705 1013 817 1065 eta
855 1024 1102 1083 corpore
1124 1017 1472 1084 erupturam
1501 1029 1514 1068 :
1539 1029 1678 1068 cum
1716 1010 1866 1067 nihil
1918 1009 2043 1066 veri
2081 1011 2184 1064 aut

534 1097 832 1154 manifesti
863 1099 1008 1170 ipsis
1021 1099 1352 1156 dicentibus
1368 1106 1424 1158 et
1449 1101 1892 1158 afﬁrmantibus
1913 1101 2178 1171 apparet,

533 1199 729 1258 neque
766 1201 1007 1243 rursum
1065 1188 1748 1262 interrogantibus;sed
1793 1203 1935 1244 cum
1991 1189 2182 1241 totum

535 1288 752 1346 corpus
777 1276 952 1348 valet,
1000 1279 1281 1350 valetque
1333 1279 1484 1336 ratio
1530 1279 1775 1352 propria
1830 1275 2064 1350 operari
2127 1277 2185 1330 et

533 1367 688 1420 recte
720 1364 1053 1423 discernere
1083 1383 1280 1435 ;nunc
1311 1383 1449 1424 cum
1476 1383 1654 1423 nemo
1682 1382 1778 1422 me
1843 1365 2046 1422 turbat
2084 1366 2185 1418 aut

534 1453 735 1523 agitat,
773 1457 951 1510 statui
968 1459 1394 1514 testamentum
1408 1472 1613 1513 meum
1640 1455 2026 1521 conﬁcere,et
2047 1467 2185 1508 con-

533 1539 752 1601 fectum
784 1547 891 1614 est,
917 1543 1064 1602 nihil
1090 1545 1277 1604 coacti
1326 1547 1430 1602 aut
1481 1543 1806 1601 inconsulti
1849 1541 2184 1600 continens.

608 1815 676 1868 Et
701 1812 995 1884 optimum
1023 1816 1113 1869 est
1149 1813 1294 1870 illud
1335 1812 1582 1870 omnino
1611 1816 1668 1869 et
1698 1810 1990 1868 universis
2020 1809 2186 1882 apud

533 1917 745 1959 omnes
765 1900 997 1973 judices
1023 1903 1344 1969 sententiis,
1361 1907 1721 1976 etquantum
1746 1900 1890 1957 mihi
1936 1899 2184 1972 quidem

533 1992 786 2060 videtur,
804 1992 967 2064 apud
996 1991 1256 2066 reliquos
1271 1993 1985 2049 etlamhomines.0mnes
2024 1989 2185 2047 enim

532 2081 695 2152 leges
726 2085 782 2138 et
806 2081 1178 2152 legislatores
1203 2083 1265 2138 id
1294 2087 1430 2139 ante
1461 2083 1689 2148 omnia,
1735 2086 1799 2138 ut
1857 2081 1938 2136 ita
1963 2079 2181 2147 dicam,

535 2171 794 2227 examini
824 2171 1162 2244 subjiciunt,
1197 2177 1252 2229 et
1311 2188 1499 2245 quam
1547 2171 1881 2228 maximam
1933 2169 2015 2224 rei
2070 2169 2186 2224 hu-

528 2260 629 2331 jus
683 2260 978 2317 rationem
1025 2261 1270 2329 habent,
1342 2265 1703 2318 testamenta
1791 2259 1972 2314 fuisse
2037 2272 2185 2313 con-

533 2349 708 2414 fecta,
732 2349 880 2405 dum
918 2350 1212 2406 testatoris
1237 2365 1409 2406 mens
1445 2351 1508 2406 in
1567 2349 1840 2416 sanitate,
1894 2351 2186 2420 tanquam

533 2439 596 2494 in
626 2438 816 2494 solido
837 2438 1252 2508 fundamento,
1285 2439 1547 2495 stabilita
1576 2441 1720 2494 erat.
1750 2437 1834 2492 Ac
1872 2435 2026 2492 bene
2052 2435 2185 2508 qui-

534 2526 674 2602 dem
721 2527 783 2583 id
843 2531 1203 2584 curaverunt
1261 2526 1488 2598 legiferi
1539 2531 1596 2582 et
1645 2525 1898 2597 judices,
1962 2523 2187 2596 quippe

533 2616 700 2689 quod
731 2615 1134 2688 justissimum
1206 2616 1481 2672 omnium
1529 2615 1620 2670 sit.
1681 2617 1751 2670 Ut
1806 2628 1838 2668 e
1890 2611 2187 2668 contrario

535 2704 791 2778 impium
804 2720 1053 2778 prorsus
1068 2708 1175 2774 est,
1205 2705 1403 2778 siquis
1423 2702 1648 2777 aliquid
1662 2704 1908 2760 econtra
1946 2699 2188 2758 violenti

535 2793 838 2850 adhibeat.

607 2883 663 2940 Si
691 2883 868 2952 igitur
886 2883 1015 2940 haec
1038 2884 1116 2940 ita
1165 2898 1228 2940 se
1276 2882 1504 2940 habent
1554 2883 1644 2953 (ac
1689 2896 1935 2954 prorsus
1986 2879 2068 2935 ita
2123 2894 2186 2934 se

533 2972 797 3042 habent).
843 2973 1241 3046 quandonam
1289 2973 1486 3043 magis
1534 2971 1705 3027 decet
1769 2969 2184 3026 examinantes

2293 473 2628 547 ἀμφίϐολοςή
2690 476 2868 552 αὔριον
2925 477 2968 530 εἰ
3011 480 3204 539 ταύτης
3260 481 3424 545 ἔσται,
3481 477 3596 531 ἀλλ’
3651 478 3771 540 ἤδη
3820 504 3898 535 και

2289 583 2408 640 περι
2460 573 2555 626 τῆς
2605 571 2848 640 σήμερον,
2906 566 3075 640 ἰατροί
3128 563 3460 640 διαφέρονται
3508 589 3603 622 και
3664 571 3901 644 ζυγομα-

2289 661 2503 726 χοῦσιν,
2559 651 2614 707 οῖ
2663 658 2752 727 μὲν
2821 652 2887 714 δὴ
2939 675 3028 708 και
3089 658 3214 728 πρὸς
3277 656 3495 732 ἑσπέραν
3581 658 3733 722 ἧξειν
3818 683 3900 713 και

2293 743 2526 817 ἀρκέσειν
2569 747 2659 806 τάς
2710 744 2967 808 ἀναπνοὰς
3016 747 3430 820 φιλονεικοῦντες,
3504 750 3557 800 οἰ
3631 747 3696 803 δὲ
3786 761 3896 826 περὶ

2293 835 2444 891 ἕκτην
2501 835 2531 894 ἦ
2589 832 2820 904 ἐννάτην,
2863 837 2893 895 ἢ
2951 837 3132 896 ἥντινα
3179 834 3231 887 ἐκ
3292 845 3387 898 τῆς
3433 841 3627 910 τέχνης
3702 841 3734 899 ἦ
3809 850 3895 902 τῆς

2293 921 2521 994 ἀμαθίας
2541 929 2962 991 κατεσκόπησαν,
3027 925 3162 1000 ῶραν
3211 925 3430 985 λυθῆναί
3482 947 3616 999 φασι
3666 936 3768 987 τήν
3804 931 3894 1000 ψν·

2293 1015 2400 1083 χὴν
2441 1019 2534 1064 τοῦ
2611 1019 2852 1086 σώματος
2899 1012 3297 1094 ἀπορρογεῖσαν,
3355 1020 3591 1086 γνωστὸν
3647 1016 3702 1075 δ’
3754 1017 3891 1074 οὐδὲν

2292 1103 2376 1152 ἐπί
2407 1108 2498 1154 τοῦ
2555 1105 2695 1165 ὄντος
2743 1100 2868 1156 οὐδὲ
2923 1101 3080 1163 δῆλον
3125 1106 3234 1156 οὔτ’
3289 1105 3461 1166 αὐτοῖς
3517 1114 3632 1168 τοῖς
3688 1108 3893 1180 λέγουσι

2292 1209 2381 1241 και
2426 1189 2539 1242 λίαν
2605 1191 3046 1266 ὶσχυριζομένοις,
3113 1193 3222 1246 οὔτ’
3281 1194 3345 1246 αὖ
3423 1203 3530 1256 τοῖς
3604 1199 3894 1271 read-4953’.

2290 1298 2411 1339 νοις·
2474 1277 2582 1331 ἀλλ’
2626 1280 2819 1334 εύεκτεῖ
2863 1284 2952 1354 μὲν
3003 1281 3115 1334 ὅλον
3163 1285 3222 1335 τὸ
3275 1292 3445 1356 σῶμα,
3504 1289 3687 1360 κύριοι
3736 1283 3790 1340 δ’
3851 1291 3891 1340 οἱ

2289 1366 2535 1440 λογισμοί
2583 1367 2714 1444 δρᾷν
2754 1373 2813 1422 τὸ
2863 1371 3056 1424 ἑαυτῶν
3105 1392 3194 1424 και
3246 1371 3410 1446 ὀρθῶς
3475 1380 3697 1449 κρίνεινο
3793 1387 3891 1443 νῦν,

2292 1459 2373 1510 ὅτε
2419 1464 2606 1526 ταῦτα,
2658 1456 2886 1531 μηδενὸς
2938 1463 3080 1522 ὄντος
3129 1468 3220 1513 τοῦ
3275 1464 3616 1534 ταράττοντος
3666 1484 3764 1517 και
3821 1469 3897 1519 θο-

2289 1546 2584 1621 ρυϐοῦντος,
2621 1544 2727 1600 δεῖν
2751 1550 2904 1621 ἔγνων
2943 1547 3299 1622 ἀπειργάσθαι
3343 1570 3433 1627 μοι
3483 1556 3584 1610 τὴν
3642 1551 3897 1613 διαθήκην

2291 1636 2405 1706 (και
2461 1633 2856 1709 ἀπείργασται),
2932 1634 3098 1710 μηδὲν
3141 1637 3314 1711 βίαιον
3379 1647 3444 1712 τῇ
3523 1640 3692 1714 ψυχῇ
3777 1640 3897 1715 μ.ιῖ

2219 1729 2264 1783 Β
2293 1721 2484 1782 ἀϐούλη
2492 1744 2574 1777 τον
2605 1727 2733 1797 ἔχου
2741 1745 2856 1781 σαν.

2365 1817 2466 1866 Καὶ
2513 1815 2792 1888 κράτιστὸν
2835 1833 2896 1887 γε
2941 1821 3094 1869 τοῦτο
3139 1817 3342 1878 πάντως
3397 1837 3490 1870 και
3556 1823 3714 1893 παρὰ
3785 1840 3898 1896 κρι-

2292 1905 2402 1960 ταῖς
2457 1905 2588 1952 πᾶσι
2641 1900 2835 1972 ψήφοις
2877 1900 3125 1969 ἀπάσαις,
3213 1923 3302 1955 και
3379 1903 3502 1977 παρ’
3580 1904 3895 1979 ἀνθρώπων,

2292 1991 2465 2061 ἔμοιγε
2502 1985 2692 2058 δοκεῖν,
2745 1997 2854 2053 τοῖς
2900 1990 3095 2052 λοιποῖς
3139 1992 3357 2047 ἅπασιν.
3397 1993 3596 2046 Αύτίκα
3645 1999 3754 2070 γὰρ
3813 2017 3900 2048 και

2292 2081 2439 2150 νόμοι
2490 2080 2672 2139 πάντες
2719 2099 2809 2131 και
2862 2082 3132 2152 νομοθέται
3179 2081 3344 2148 τοῦθ’,
3398 2085 3467 2145 ὡς
3519 2085 3644 2144 ἓπος
3726 2084 3903 2150 εἰπεῖν,

2293 2169 2392 2242 πρὸ
2444 2170 2631 2228 παντὸς
2678 2167 2832 2220 ἄλλου
2889 2165 3323 2237 διασκοποῦνται,
3383 2175 3501 2245 περί
3561 2175 3765 2225 τούτου
3820 2195 3905 2225 και

2293 2259 2378 2308 τὸν
2409 2256 2519 2308 ὅλον
2570 2264 2841 2309 ποιοῦνται
2890 2256 3059 2328 λόγον,
3125 2259 3204 2311 ἐπ’
3257 2257 3568 2331 ἀκραιφνοῦς
3612 2281 3761 2323 τινος
3817 2272 3905 2325 τὶς

2294 2352 2384 2398 τοῦ
2429 2347 2795 2407 συντάττοντος
2845 2352 3078 2420 γνώμης,
3129 2349 3193 2408 ὡς
3251 2348 3330 2400 ἐπ’
3401 2346 3674 2421 ἀσφαλοῦς
3757 2372 3904 2420 τινος,

2297 2429 2549 2508 ἱδρῦσθαι
2586 2437 2651 2486 τὰ
2672 2430 3026 2507 διατάγματα.
3087 2440 3188 2488 Καί
3247 2435 3414 2498 καλῶς
3469 2456 3531 2508 γε
3588 2446 3754 2492 τοῦτο
3821 2446 3904 2493 σὺν

2293 2529 2402 2583 τοῖς
2443 2525 2745 2596 νομοθέταις
2798 2543 2886 2575 και
2934 2531 3040 2584 τοῖς
3089 2521 3372 2587 δικασταῖς
3431 2522 3901 2596 δνεσπούδασται,

2295 2611 2381 2662 ἅτε
2433 2606 2501 2668 δὴ
2554 2631 2643 2663 και
2703 2607 2907 2664 δίκαιον
2955 2611 3008 2664 ὃν
3059 2615 3247 2674 παντὸς
3282 2612 3489 2685 μᾶλλον
3547 2617 3620 2676 ὡς
3705 2617 3905 2669 τού-θαν-

2293 2703 2400 2752 τίον
2437 2699 2691 2760 παντελῶς
2748 2699 2974 2772 ἀνόσιον,
3027 2704 3071 2754 εἴ
3121 2721 3173 2754 τι
3233 2698 3472 2760 δηλονότι
3534 2707 3690 2778 παρά
3753 2714 3899 2758 τοῦτ-ν

2295 2795 2571 2864 κραταιοῦν
2597 2808 2673 2850 τις
2705 2787 2970 2862 βιάζεται.

2363 2878 2423 2931 Εἰ
2495 2884 2619 2948 γοῦν
2687 2881 2812 2932 τουθ
2890 2881 3054 2941 οὕτως
3095 2880 3230 2951 (ἔχει
3301 2877 3362 2932 δέ
3441 2882 3705 2951 πάντως),
3787 2890 3902 2936 πντε

2292 2965 2482 3037 μᾶλλον
2506 2966 2636 3028 εἰκός
2673 2970 2785 3021 ἐστι
2837 2975 2942 3029 τοῖς
2986 2968 3292 3032 ἐξοτάζουσι
3336 2974 3453 3042 περί
3507 2978 3610 3022 τῶν
3674 2992 3900 3046 γεγραμ-

532 3062 715 3118 ﬁdem
748 3063 981 3135 scriptis
1012 3063 1293 3120 arhibere
1318 3061 1582 3128 ﬁrmam,
1624 3075 1822 3132 neque
1881 3058 2182 3124 dubitare,

2294 3060 2452 3128 μένων
2524 3054 2742 3128 βεϐαίας
2793 3055 3023 3129 ἀφῖχθαι
3068 3059 3161 3119 τὰς
3206 3062 3427 3125 πίστεις,
3493 3063 3586 3110 καί
3640 3059 3903 3133 μηδαμῶς

532 3168 719 3224 quam
747 3169 885 3208 cum
917 3152 1251 3208 ambulanti
1280 3168 1353 3209 ac
1396 3151 1614 3207 valenti
1661 3155 1716 3205 et
1767 3149 1891 3204 vim
1938 3147 2186 3203 habenti

532 3241 830 3312 quidquid
853 3240 1157 3310 agendum
1191 3239 1513 3310 sit,agenti,
1547 3256 1616 3295 ac
1657 3238 1762 3295 toti
1789 3238 1850 3294 in
1885 3252 1948 3293 se
2007 3239 2065 3292 et
2123 3237 2185 3291 in

533 3328 655 3383 suis
685 3328 1142 3399 cogitationibus
1172 3329 1326 3384 bene
1357 3327 1670 3400 disposito,
1701 3341 1837 3400 quas
1892 3322 2008 3398 ipsi
2055 3324 2185 3381 visa

533 3421 694 3486 sunt,
726 3417 1062 3488 composita
1082 3417 1244 3472 fuere
1273 3418 1300 3473 ?
1333 3420 1398 3472 Et
1429 3433 1573 3472 sane
1627 3416 1727 3487 qui
1788 3415 1851 3470 in
1906 3414 2185 3470 extremis

533 3509 887 3561 testamenta
914 3510 1126 3561 curant
1177 3505 1635 3575 conficiuntque,
1679 3502 1828 3559 illud
1875 3507 1932 3558 et
1974 3505 2187 3559 curant

533 3596 669 3649 ante
699 3591 818 3648 alia
844 3608 1030 3666 quam
1045 3593 1305 3648 maxime
1323 3592 1637 3648 ostendere
1663 3605 1802 3646 eum
1823 3605 2046 3663 nempe
2083 3606 2185 3646 va—

529 3682 721 3738 lidum
748 3681 927 3739 fuisse
957 3698 1096 3738 cum
1116 3685 1475 3738 testamenta
1503 3679 1774 3745 confecit,
1817 3680 1924 3735 etsi
1975 3694 2186 3736 revera

531 3776 731 3828 mente
762 3787 832 3828 ac
854 3770 1062 3842 lingua
1116 3769 1434 3837 defecerit;
1487 3766 1863 3841 quasi’nihil
1933 3767 2183 3824 omnino

529 3859 1030 3932 praetendentibus
1059 3862 1415 3916 testamenta
1443 3856 1894 3925 auxiliarentur,
1927 3856 1976 3912 si
2033 3855 2184 3929 quid

533 3949 830 4022 ejusmodi
857 3949 1125 4007 defuerit.

603 4127 764 4185 Habe
797 4127 974 4198 igitur
1025 4130 1081 4184 et
1114 4127 1243 4183 haec
1296 4125 1456 4182 circa
1513 4141 1584 4182 ea
1616 4143 1628 4181 :
1663 4127 1720 4181 et
1777 4121 2182 4181 animadverte

533 4221 793 4273 mentem
822 4219 878 4272 et
903 4216 1175 4286 linguam
1187 4214 1459 4283 valentis,
1480 4219 1535 4269 et
1555 4211 1900 4283 aegrotantis
1928 4210 2179 4281 robusti,

530 4309 587 4361 et
613 4304 898 4360 membris
926 4303 1500 4373 deﬁcientis,vigore
1546 4300 1856 4356 dissoluto.
1910 4299 2183 4355 Eximina

532 4399 589 4450 et
617 4392 1034 4462 cogitationem
1066 4392 1309 4449 minime
1332 4391 1685 4465 impeditam
1742 4393 1799 4445 et
1844 4389 2001 4445 circa
2047 4404 2180 4461 pro-

530 4481 694 4555 prios
723 4486 921 4536 motus
948 4481 1204 4537 liberam
1233 4496 1427 4553 neque
1473 4479 1594 4536 ullo
1634 4478 1850 4535 morbo
1896 4477 2182 4548 agitatam

532 4575 590 4628 et
617 4584 981 4643 perversam,
1015 4575 1070 4625 et
1094 4568 1496 4636 aegrotationis
1530 4568 1796 4640 pondere
1828 4584 1898 4623 ac
1943 4572 2183 4639 torpore

531 4661 794 4717 vinctam
825 4677 837 4714 :
872 4662 929 4713 et
948 4656 1147 4713 adhuc
1176 4673 1363 4728 quam
1393 4656 1658 4712 maximo
1673 4655 1886 4712 timore
1901 4655 2182 4712 laborau-

531 4753 649 4806 tem
677 4748 946 4805 animam
979 4751 1036 4802 et
1064 4745 1236 4802 valde
1270 4745 1594 4812 turbatam,
1629 4745 1759 4815 jam
1805 4760 1870 4800 se
1930 4742 2182 4800 dissolvi

532 4837 900 4903 sentientem,
931 4839 991 4892 et
1015 4851 1053 4892 a
1081 4833 1358 4892 sensibus
1405 4833 1785 4889 recedentem
1827 4846 2180 4904 organaque

529 4925 984 4998 relinquentem,
1009 4924 1108 4980 vix
1127 4939 1274 4981 voce
1287 4923 1680 4995 respirantem
1707 4937 1776 4977 ac
1809 4921 2177 4993 loquentem,

530 5021 587 5072 et
617 5017 665 5070 si
707 5016 907 5070 minus
927 5014 1182 5070 obscure
1195 5012 1610 5084 etinterruptis
1632 5011 1855 5082 verbis,
1883 5011 1991 5067 sed
2012 5026 2178 5083 pror—

531 5121 635 5159 sus
664 5104 909 5159 invitam
940 5108 1301 5160 etcoactam.
1336 5105 1468 5156 Haec
1490 5102 1690 5172 itaque
1723 5101 2133 5157 animadverte
2161 5118 2175 5157 :

531 5197 588 5248 et
611 5191 726 5247 nisi
745 5191 888 5246 velis
909 5192 1152 5247 veritate
1203 5189 1452 5260 offendi,
1511 5189 1634 5244 vim
1680 5189 1869 5246 tribue
1925 5191 1995 5245 iis
2044 5207 2177 5262 quae

531 5279 845 5337 manifeste
865 5294 936 5334 ex
956 5280 1188 5335 entibus
1201 5295 1408 5335 revera
1430 5282 1487 5333 et
1530 5277 1964 5350 apparentibus
1987 5278 2176 5351 stabi:

533 5371 754 5428 liuntur
789 5387 803 5438 ;
834 5372 1215 5440 etomnes,tu
1231 5384 1375 5426 sane
1402 5367 1707 5438 legislator
1736 5373 1792 5425 et
1808 5373 1968 5425 recto
2003 5373 2176 5426 utens

2292 3144 2480 3204 αύτούς
2559 3143 2912 3217 ἀμφιϐάλλειν,
2994 3146 3022 3204 ἦ
3089 3148 3208 3198 ὅταν
3270 3147 3559 3218 ὑγιαίνοντι
3605 3169 3704 3200 και
3751 3147 3904 3222 βαδι-

2294 3233 2456 3298 ζοντι,
2514 3252 2604 3285 και
2659 3233 2770 3304 μετ’
2822 3234 3014 3306 ἰσχύος
3067 3237 3275 3306 σύμπαν
3334 3237 3389 3287 τὸ
3438 3241 3706 3308 πρακτέον
3763 3242 3906 3291 καθι-

2294 3326 2420 3393 στᾷν
2451 3323 2647 3394 ἔχοντι,
2697 3343 2786 3375 και
2827 3322 2925 3394 ὅλῳ
2959 3342 3018 3395 γε
3047 3331 3119 3394 τῷ
3181 3319 3521 3396 διατιθεμένῳ
3571 3325 3772 3379 ἑαυτοῦ
3825 3349 3907 3379 και

2289 3418 2386 3462 τῶν
2458 3410 2723 3484 λογισμῶν
2805 3411 2936 3477 ὁντι,
2989 3413 3242 3469 τάττηται
3310 3415 3377 3464 τά
3429 3409 3756 3485 δεδογμένα·
3817 3423 3910 3470 Καί

2290 3503 2392 3570 μὴν
2450 3500 2499 3551 οἱ
2541 3504 2589 3552 ἐν
2638 3506 2745 3561 τοῖς
2792 3499 3103 3562 τελευταίοις
3152 3496 3488 3554 απουδασταί
3539 3522 3633 3554 και
3680 3524 3910 3578 συγγρα-

2292 3593 2393 3660 φεῖς
2455 3595 2554 3640 τῶν
2643 3591 3042 3660 συνταγμάτων,
3137 3595 3287 3642 τοῦτο
3366 3609 3456 3642 και
3526 3589 3912 3654 σπουδάζουσι

2290 3675 2478 3750 μᾶλλον
2530 3681 2630 3749 πρὸ
2675 3685 2774 3729 τῶν
2815 3677 2978 3729 ἄλλων
3026 3674 3310 3744 δεικνύναι,
3362 3678 3661 3753 ἐρρωμένως
3717 3685 3912 3753 ἔχοντα

2290 3768 2376 3817 τὸν
2437 3764 2755 3817 καταλύοντα
2827 3769 2942 3828 νοὸς
3001 3785 3090 3818 και
3149 3765 3386 3838 γλώττης
3445 3768 3602 3839 ἵχθαι
3657 3775 3763 3842 πρὸ
3819 3775 3910 3832 τὰς

2293 3849 2571 3920 διαθήκας,
2631 3856 2696 3915 ὡς
2741 3860 2835 3906 τοῦ
2889 3858 2950 3926 γέ
3001 3874 3138 3916 τινος
3186 3857 3381 3907 τούτων
3429 3855 3590 3918 αύτάς
3649 3857 3910 3912 ἀπολελεῖ-

2291 3945 2416 4016 φθαι
2470 3939 2636 4015 μηδὲν
2713 3939 2842 3995 εἶναι
2885 3950 3156 4006 ποιοῦντος
3221 3945 3332 4005 τοῖς
3372 3951 3798 4019 προϊσχομένοις
3853 3950 3909 4007 ἑ-

2288 4051 2447 4084 κιστα
2477 4031 2544 4092 εἰς
2575 4036 2914 4104 συμμαχίαν.

2358 4119 2490 4192 Ἔχε
2515 4120 2592 4192 (1)
2635 4117 2702 4179 δὴ
2726 4125 2896 4173 τοίνυν
2933 4125 3050 4196 περί
3091 4127 3259 4174 ταῦτα
3306 4141 3396 4174 και
3428 4128 3517 4192 σὺ,
3568 4144 3667 4177 και
3723 4131 3902 4180 σ-κόπει

2287 4215 2404 4262 νοῦν
2477 4229 2567 4262 και
2615 4209 2848 4281 γλῶτταν
2903 4211 3219 4282 ὑγιαίνοντος
3255 4213 3314 4262 τὸ
3357 4211 3492 4280 ὅλον,
3547 4233 3645 4265 και
3692 4235 3903 4268 κατίδοι

2291 4305 2525 4366 σοῦντος,
2607 4299 3002 4372 εὐρωστοῦντος,
3056 4319 3145 4351 και
3193 4301 3256 4350 τὰ
3318 4300 3444 4372 μέλη
3529 4297 3899 4357 dicimus-~15-

2287 4406 2395 4456 τος,
2471 4394 2560 4440 τοῦ
2609 4386 2849 4459 ψυχικοῦ
2905 4391 3052 4440 τόνου
3073 4386 3512 4460 παραλελυμένον·
3577 4398 3776 4446 Σκόπει
3817 4413 3897 4466 μοι

2287 4497 2378 4530 και
2438 4475 2672 4530 διάνοιαν
2746 4475 3006 4529 ἀκώλυτον
3086 4479 3390 4530 παντάπασι
3477 4479 3573 4532 κάι
3641 4483 3896 4558 ἐλευθέραν

2287 4571 2405 4640 περί
2467 4569 2557 4628 τάς
2613 4563 2754 4627 ἰδίας
2797 4572 3047 4638 κινήσεις,
3098 4563 3263 4640 μηδὲν
3293 4568 3380 4619 ὐπ’
3421 4566 3644 4633 οὐδενὸς
3709 4575 3893 4631 πάθννς

2286 4652 2544 4728 μηδαμῶς
2600 4653 2944 4727 σαλευομένην
3016 4675 3105 4707 και
3142 4661 3606 4730 περιτρεπομένην,
3669 4681 3759 4712 και
3815 4667 3891 4713 νι-

2288 4763 2383 4798 σου
2444 4740 2806 4817 πεπεδημένην
2869 4743 3131 4818 βαρύτητι
3207 4764 3297 4797 και
3358 4748 3516 4820 νάκῃ.
3583 4747 3797 4803 Ἐτιιΐε
3816 4770 3894 4801 και

2283 4837 2376 4892 τὴν
2402 4834 2501 4886 ὑπὸ
2534 4829 2686 4896 δέους
2724 4834 2801 4886 ὅτι
2834 4833 3078 4886 πλείστου
3128 4832 3431 4905 ἀγωνιῶσαν
3484 4841 3679 4891 σκόπει

2285 4942 2371 4974 και
2455 4920 2595 4994 μάλα
2673 4941 2723 4973 τι
2796 4919 3232 4993 τεθορυϐημένην,
3315 4921 3566 4982 αἰσθονην
3640 4923 3750 4985 ἤδη
3816 4933 3894 4984 ri;

2283 5011 2498 5080 λύσεως,
2580 5030 2668 5062 και
2749 5018 2848 5061 τῶν
2911 5012 2999 5082 μὲν
3069 5010 3427 5083 αἰσθητηρίων
3512 5013 3892 5089 ἁναχῶροψσιν

2283 5120 2372 5154 και
2433 5097 2890 5173 ἀπορῥηγνυμένην
2951 5097 3202 5170 ὀργάνων,
3264 5108 3372 5161 τοῖς
3429 5096 3493 5154 δέ
3589 5112 3895 5174 gmw-gum}

2283 5189 2455 5261 ὀλίγον
2526 5188 2843 5261 ἐμπνέουσαν
2906 5207 2995 5239 και
3069 5191 3385 5260 ένηχοῦσαν,
3455 5210 3577 5259 και,
3642 5193 3685 5245 εἰ
3728 5200 3800 5265 μὴ
3846 5197 3893 5242 τὸ

2283 5279 2431 5332 πλέον
2502 5268 2709 5350 ἄσημον
2787 5295 2878 5328 και
2946 5275 3426 5349 παρακεκομμένον,
3498 5278 3612 5332 ἀλλ’
3695 5279 3785 5334 οὖν
3845 5285 3891 5333 τέ

2285 5368 2399 5421 ὅλον
2438 5366 2789 5441 ἀποτρόπαιον
2846 5385 2936 5418 και
2995 5368 3518 5441 κατηναγκασμένον.
3580 5375 3771 5424 Σκόπει
3831 5368 3888 5428 δὲ

599 5582 685 5656 tt)
713 5583 902 5649 Quem
925 5579 1240 5654 compellet
1266 5563 1470 5638 nescio
1499 5595 1512 5648 ;
1554 5595 1628 5638 ex
1654 5566 2043 5654 sequentibus
2067 5535 2493 5657 imperatorem
2522 5563 2770 5654 adloqui
2791 5550 3081 5653 suspicari
3110 5595 3249 5654 quis
3278 5534 3518 5656 paterin
