4050 6306
141 252 261 310 ms
1295 257 1302 264 ·
1520 235 2044 308 TESTAMENTUM.
3332 237 3469 314 tm

133 385 284 431 ταῦτα
315 379 459 443 ·καὶ,
483 377 527 426 εἶ
545 393 605 448 γε
642 377 712 447 μὴ
782 373 959 448 βούλει
1013 374 1361 450 λυμαίνεσθαι
1408 379 1523 438 ταῖς
1578 372 1710 432 ἀλη-
1741 378 1771 429 Α

1882 374 2059 444 dicio,
2133 377 2279 450 jube
2350 379 2584 437 validos
2659 383 2718 436 et
2773 395 3019 452 corpore
3079 396 3151 437 ac
3217 381 3470 439 sanitate

133 469 297 536 θείαις,
351 461 445 527 δὸς
508 468 568 516 τὸ
629 465 816 537 κράτος
879 471 984 526 τοῖς
1036 471 1126 519 καὶ
1176 462 1450 541 προδήλως
1500 463 1558 515 ἐκ
1613 470 1710 515 τῶν

1877 463 2100 521 ὠιιεῑοε
2138 482 2259 524 non
2289 483 2433 525 vero
2457 467 2871 540 frangentibus
2902 484 2974 526 ac
3007 469 3472 527 dissolventibus

129 557 271 609 όντων
327 559 416 606 καὶ
492 556 805 626 φαινομένων
859 560 1302 629 κραταιουμένοις,
1352 558 1440 606 καὶ
1489 553 1708 618 πάντας,

1877 554 2047 609 ιοτὺίε
2061 553 2400 614 laborantes
2415 563 2472 614 et
2493 558 3135 628 agitatos,testamenta
3155 559 3472 617 conﬁcere.

131 646 225 718 ὃγε
260 641 461 706 δίκαιος
507 646 568 696 σό
622 645 900 716 νομοθέτης
955 649 1045 698 καὶ
1099 654 1199 698 τῶν
1252 645 1416 719 ὀρθῶν
1465 659 1713 716 μεταποι-

1877 659 1903 699 c
1932 644 2112 702 simul
2135 646 2441 717 judicibus
2464 650 2626 719 juste
2654 647 2916 721 praecipe
2945 652 3011 703 ut
3038 647 3260 705 talibus
3291 653 3474 706 testa-

131 737 325 808 ούμενος
406 733 614 805 ψήφων,
697 735 850 786 τάττε
881 733 1140 808 ἰσχυρούς
1170 738 1315 794 ὄντας
1343 737 1433 785 καί
1459 730 1716 805 ἀκμαίους

1877 734 2040 790 tentis
2081 736 2409 806 prassertim
2448 736 2796 794 adhaereant
2841 752 2912 793 ac
2958 753 3023 793 se
3042 741 3197 794 totos
3248 738 3476 812 impen-

133 822 177 876 ἐν
245 824 384 898 ῥώμῃ
455 828 698 894 σώματος
749 827 839 875 καὶ
898 824 1120 894 ύγείαις,
1177 821 1304 874 ἀλλὰ
1355 825 1427 895 μή
1481 839 1714 873 καταπα-

1877 826 1989 889 ant,
2010 823 2255 881 minime
2281 826 2575 883 rationem
2598 826 2876 882 eamdem
2899 842 3109 883 eorum
3130 844 3266 900 quae
3309 829 3478 886 aliter

132 911 392 974 λαιούσαις
479 916 652 973 νόσοις
704 917 793 965 καὶ
851 911 1248 986 παραλυούσαις
1295 918 1388 964 τοῦ
1438 911 1534 983 ζῇν
1583 908 1718 982 ἀγωο

1877 915 1997 980 unt,
2027 911 2339 970 habentes.
2366 917 2528 971 Hanc
2549 913 2743 987 legem
2766 915 2943 986 feras,
2963 915 3119 972 bene
3136 916 3476 986 consulens,

132 1008 324 1062 νιῶντας
387 1003 476 1052 καὶ
565 1005 1040 1074 κατατεινομένους,
1101 997 1368 1060 διαθηκῶν
1398 1001 1715 1073 μεμνῆσθαι.

1877 1015 2028 1056 :non
2056 1001 2240 1058 modo
2265 1002 2582 1075 justitiam,
2612 1004 2717 1060 sed
2747 1003 3130 1062 etutilitatem
3159 1005 3477 1062 intendens

139 1095 232 1144 Kal
265 1089 369 1163 ἅμα
415 1086 696 1152 δικασταῖς
744 1087 960 1151 ἐνδίκως
1018 1089 1255 1165 ἐπίτρεπε
1305 1097 1418 1150 τοῖς
1467 1091 1720 1149 τοιούτοις

1877 1105 1955 1145 un
1984 1091 2303 1161 testatoris,
2340 1097 2468 1148 tum
2496 1092 2809 1149 haeredum
2841 1093 3129 1166 ipsorum.

137 1178 310 1252 μᾶλλον
380 1186 480 1231 τῶν
562 1175 934 1251 διαταγμάτων
1009 1183 1354 1254 προσανέχειν
1423 1182 1513 1230 καὶ
1586 1177 1729 1238 ὅλους
1804 1178 2017 1240 ἑαυτοὺς
2091 1177 2361 1253 ἐπινέμειν,
2446 1189 2546 1234 τῶν
2649 1182 2831 1257 ἑτέρως
2887 1187 3197 1256 γιγνομένων
3264 1190 3336 1258 μὴ
3394 1189 3480 1238 τόν

137 1287 243 1336 ἴσον
286 1268 432 1340 λόγον
489 1271 686 1327 ἣκιστα
739 1273 1135 1341 πεποιημένους.
1192 1275 1371 1321 Ταῦτα
1415 1263 1480 1325 δή
1545 1269 1830 1340 νομοθέτει,
1895 1268 2064 1330 καλῶς
2137 1267 2532 1342 ἐπεσκεμμένος,
2587 1276 2676 1324 καὶ
2734 1280 2826 1324 τοῦ
2885 1269 3094 1326 δικαίου
3177 1278 3249 1346 μή
3306 1280 3480 1347 μόνον,

138 1357 256 1409 ἀλλά
315 1377 363 1410 τι
447 1361 537 1410 καὶ
599 1365 690 1410 τοῦ
765 1363 1115 1433 συμφέροντος
1178 1365 1251 1428 τῷ
1335 1376 1389 1409 τε
1462 1353 1862 1430 κληροδοτοῦντι
1928 1364 2018 1410 καὶ
2105 1365 2207 1418 τοῖς
2254 1358 2682 1434 κληρονομοῦσιν,
2713 1363 2780 1424 ὡς
2830 1362 2980 1433 εἰκός,
3034 1366 3482 1438 προμηθούμενος,

207 1454 314 1509 Πῶς
394 1455 486 1500 τοῦ
563 1451 912 1521 συμφέροντος
982 1464 994 1502 :
1072 1455 1275 1522 πρῶτον
1343 1449 1431 1518 μὲν
1489 1447 1569 1499 ὅτι
1617 1450 1771 1502 κατἸ

1899 1447 2214 1517 Quomodo
2245 1448 2477 1504 utilitati
2506 1449 2972 1516 consules?Quia
2999 1453 3249 1508 omnino
3277 1453 3481 1525 libere,

139 1535 363 1599 ἐξουσίαν
387 1542 584 1605 πᾶσαν,
639 1539 761 1610 ὅπερ
819 1539 966 1609 ἔφην,
1007 1532 1174 1610 μηδὲν
1228 1534 1414 1596 ἐκεῖνος
1464 1533 1729 1607 βιασθεὶς,

1877 1543 1904 1593 ι
1924 1536 2221 1602 dicebam,
2253 1552 2450 1609 neque
2478 1543 2742 1605 coactus,
2771 1555 2968 1612 neque
2997 1541 3118 1597 ullo
3147 1542 3332 1599 modo
3365 1545 3487 1615 agi-

140 1622 262 1698 μηδ’
291 1625 372 1678 ὑπ’
398 1621 608 1687 οὐδενός
645 1627 782 1697 ἔχων
845 1629 1284 1700 σπαρασσομένην
1335 1629 1429 1683 τήν
1482 1621 1729 1698 καρδίαν,

1877 1631 2030 1682 itum
2068 1640 2171 1681 cor
2205 1625 2422 1693 ferens,
2457 1627 2564 1682 sed
2590 1627 2840 1684 libenter
2869 1644 2938 1684 ac
2965 1628 3168 1698 libere,
3207 1647 3343 1702 quas
3371 1633 3490 1704 ipsi

143 1715 244 1768 ἀλλ’
293 1712 472 1776 ἁνέτως
526 1715 768 1787 πράττων
833 1719 925 1768 καὶ
979 1713 1253 1790 ἐλευθέρως
1299 1716 1366 1767 τὰ
1417 1710 1728 1786 δεδογμένα,

1877 1729 1998 1770 ona
2025 1713 2304 1769 videntur
2333 1713 2576 1783 faciens,
2611 1715 2719 1771 scit
2741 1720 2796 1771 et
2855 1715 3119 1773 dividere
3166 1723 3223 1774 et
3267 1735 3490 1791 procu-

141 1801 249 1858 οἶδε
308 1808 393 1856 καὶ
433 1800 654 1878 διαιρεῖν
703 1808 792 1856 καὶ
843 1807 1176 1878 πρυτανεύειν
1223 1808 1589 1878 προσηκόντως
1642 1808 1732 1856 καὶ

1877 1819 1974 1873 are
2005 1803 2445 1868 convenienter,
2478 1804 2776 1877 quidquid
2805 1805 2943 1862 utile
2971 1806 3080 1864 erit
3099 1810 3226 1864 tum
3247 1809 3489 1879 viventi,

141 1896 208 1956 ὡς
278 1895 410 1964 αὐτῷ
489 1899 722 1946 συνοίσει
803 1898 892 1946 καὶ
968 1894 1122 1954 ζῶντι
1196 1898 1286 1946 καὶ
1351 1891 1684 1966 ἀποιχομένῳ
1716 1913 1730 1926 ο

1877 1908 1970 1949 um
1990 1891 2270 1948 defuncto
2302 1910 2316 1961 ;
2349 1892 2564 1949 deinde
2578 1893 2722 1965 quia
2747 1894 2853 1966 qui
2877 1900 3078 1966 partes
3107 1896 3491 1969 obtinuerint,

139 1982 294 2036 ἔπειθ’
319 1984 396 2035 ὅτι
425 1988 513 2036 καὶ
541 1985 591 2035 οἱ
623 1986 716 2045 τὰς
742 1979 958 2056 μερίδας
995 1981 1341 2055 λαγχάνοντες
1393 1979 1544 2035 οὐδὲν
1594 1981 1736 2052 αύτῷ

1877 1995 2038 2054 teque
2061 1981 2124 2036 in
2143 1980 2344 2053 ipsum
2393 1980 2625 2036 infenso
2677 1983 2881 2039 animo
2937 1989 3130 2054 erunt,
3179 2001 3376 2059 neque
3442 1987 3496 2043 ei

143 2071 551 2148 προσκόψουσιν,
593 2068 710 2124 οὐδ’
755 2071 1006 2144 ἐπαχθεῖς
1058 2091 1191 2133 τινες
1243 2074 1450 2124 ἔσονται
1500 2076 1590 2124 καὶ
1641 2069 1738 2143 βα·

1877 2074 2174 2143 mportuni
2201 2075 2258 2125 et
2286 2068 2539 2140 molesti,
2570 2085 2695 2127 una
2718 2087 2857 2127 cum
2899 2072 3114 2129 morbo
3170 2090 3309 2131 eum
3365 2092 3496 2149 pre-

141 2169 263 2235 ρείς,
335 2163 772 2234 συνεπιτιθέμενοι
840 2163 971 2232 μετὰ
1032 2169 1124 2223 τῆς
1184 2165 1361 2229 νόσου,
1419 2165 1511 2213 καί
1563 2163 1737 2232 γετὸν

1877 2164 2097 2228 nentes,
2129 2159 2399 2231 etipsum
2413 2160 2772 2217 calamitatis
2801 2164 3036 2235 tempus
3067 2164 3410 2238 cupiditatis
3443 2171 3499 2224 et

143 2259 233 2311 τῆς
296 2253 648 2324 περιστάσεως
720 2254 901 2324 καιρὸν
987 2254 1118 2323 πρὸς
1162 2255 1255 2310 τήν
1315 2249 1602 2313 πλεονεξίαν
1650 2254 1740 2302 καὶ

1877 2248 2026 2305 nalis
2061 2247 2404 2304 ambitionis
2424 2249 2802 2306 auxiliarium
2819 2251 3170 2309 adhibentes
3199 2271 3212 2322 ;
3237 2253 3340 2310 sed
3362 2270 3501 2311 con-

148 2344 308 2398 κακήν
380 2339 657 2413 ἐπιθυμίαν
723 2339 1204 2413 προσλαμϐάνοντες
1258 2343 1564 2413 σύμμαχον,
1615 2338 1744 2391 ἀλλὰ

1877 2337 2084 2394 ributis
2111 2337 2372 2394 contenti
2425 2343 2617 2406 erunt,
2673 2339 2828 2395 bene
2882 2340 3134 2398 scientes
3189 2342 3338 2399 nihil
3389 2343 3503 2400 sibi

147 2429 417 2505 στέρξουσι
469 2437 574 2490 τοῖς
640 2431 930 2503 νεμηθεῖσι,
995 2438 1170 2502 σαφῶς
1227 2425 1422 2492 εἰδότες
1473 2430 1540 2490 ὡς
1595 2425 1744 2481 οὐδὲν

1877 2427 1996 2500 psis
2021 2425 2282 2498 amplius
2309 2426 2600 2495 futurum,
2655 2428 2707 2483 si
2759 2427 2882 2484 vim
2931 2429 3280 2500 adhibeant,
3335 2431 3505 2488 simul

146 2519 321 2582 αὐτοῖς
396 2519 646 2593 αύμενοᾶν
721 2522 869 2572 ἔσται
925 2518 1074 2573 πλέον
1137 2518 1494 2593 βιασαμένοις,
1539 2518 1650 2592 ἅμα
1689 2515 1748 2571 δε

1877 2531 1994 2571 rero
2023 2519 2352 2572 metuentes
2381 2530 2457 2572 ne
2498 2515 2578 2573 ab
2637 2515 2922 2573 omnibus
2979 2518 3396 2591 destituantur,
3455 2520 3507 2576 si

146 2614 236 2663 καὶ
295 2605 524 2672 δεδιότες
581 2614 653 2682 μὴ
703 2617 796 2662 τοῦ
848 2612 1036 2670 παντὸς
1092 2607 1438 2668 ἐκστήσονται
1469 2604 1750 2661 διαπεσόν-

1879 2609 2124 2676 ngratos
2153 2620 2216 2660 se
2245 2619 2356 2677 pro
2387 2604 2644 2676 gratuito
2676 2605 2914 2662 donatis
2971 2608 3308 2666 ostendant.
3355 2610 3510 2666 Licet

146 2717 249 2766 τες,
298 2703 613 2773 οχαριστίαν
673 2697 756 2751 ἐπὶ
820 2706 932 2760 τοῖς
989 2695 1186 2773 δωρεὰν
1245 2700 1439 2758 ήκουσι
1483 2716 1752 2766 καταγνω-

1877 2694 2020 2750 enim
2051 2693 2250 2751 statim
2277 2693 2444 2750 aliud
2475 2697 2902 2751 testamentum
2932 2696 3243 2769 conﬁcere,
3273 2702 3330 2754 et
3354 2714 3425 2754 ex
3437 2713 3510 2755 eo

151 2791 362 2849 σθεντες.
424 2787 633 2850 Ἔξεστι
720 2789 822 2862 γὰρ
885 2787 1036 2850 εύθύς
1125 2792 1216 2840 καὶ
1289 2785 1754 2840 ἐπιδιατάττεσθαι

1877 2785 2108 2842 )mnino
2131 2783 2398 2854 ingratos
2420 2783 2754 2852 excludere,
2780 2786 2961 2857 gratis
2982 2802 3124 2843 vero
3144 2788 3509 2845 immobilem

147 2881 239 2931 καὶ
305 2885 399 2940 τῆς
463 2874 730 2939 διαθήκης
785 2877 1039 2938 παντελῶς
1089 2881 1182 2930 τού
1240 2875 1538 2950 ἀγνώμονας
1595 2875 1754 2951 ίξορί-

1877 2878 2124 2930 statuere
2154 2871 2542 2928 donationem
2576 2889 2589 2940 ;
2617 2873 2839 2946 quibus
2863 2877 2920 2930 et
2966 2876 3214 2932 contulit
3264 2877 3512 2932 omnino

157 2968 284 3033 ζειν,
350 2973 459 3028 τοῖς
540 2963 590 3018 δ’
675 2966 1085 3038 εὐγνωμονοῦσιν
1166 2968 1536 3038 ἀμετακίνητον
1590 2971 1754 3018 ποιεῖν

1877 2963 2096 3034 absque
2122 2961 2221 3017 lite
2253 2977 2322 3017 ac
2346 2963 2752 3018 controversia
2782 2965 2839 3018 et
2885 2967 3022 3019 ante
3078 2964 3396 3022 tribunalia
3444 2981 3515 3022 ac

150 3054 363 3109 ἑστάναι
394 3061 488 3113 τήν
513 3057 677 3128 χάριν
711 3076 724 3088 ·
765 3055 842 3118 οἷς
907 3060 996 3108 καὶ
1055 3061 1334 3127 συνήνεγκε
1392 3057 1614 3122 πάντως,
1646 3073 1757 3125 χωο

1877 3051 2195 3122 adjudices
2241 3050 2537 3117 citatione,
2577 3050 2905 3122 praestituto
2956 3051 3052 3108 die
3107 3053 3516 3110 haereditatem

150 3149 236 3218 ρὶς
265 3141 434 3216 ἔριδος
461 3143 673 3206 ἀπάσης
701 3149 792 3196 καὶ
825 3144 1133 3218 φιλονεικίας
1178 3148 1268 3196 καί
1321 3151 1411 3204 τῆς
1468 3143 1553 3196 ἐπὶ
1609 3139 1643 3195 δ
1649 3161 1758 3195 ικα-

1877 3138 2314 3212 accipientibus,
2337 3137 2527 3194 multo
2547 3143 2685 3196 ante
2706 3138 3107 3213 distributam,
3127 3147 3290 3214 tunc,
3311 3147 3378 3199 ut
3394 3143 3517 3199 dis-

155 3238 348 3308 στήρια
420 3238 509 3286 καὶ
592 3229 849 3294 δικαστὰς
922 3233 1122 3299 ἕλξεως,
1197 3231 1532 3305 ἀπειληφόσιν
1589 3230 1638 3283 ἒν
1690 3238 1753 3304 τῇ

1877 3229 2138 3286 tributori
2167 3227 2411 3301 placuit,
2441 3242 2543 3284 eas
2570 3243 2710 3284 suas
2739 3229 2968 3286 fecisse.

152 3324 448 3398 προθεσμίᾳ
516 3324 632 3384 τούς
693 3322 940 3399 κλήρους,
1006 3321 1176 3394 πολλῷ
1256 3324 1346 3395 μὲν
1409 3324 1654 3396 πρότερον
1730 3318 2216 3393 ἁπονενιμημένους,
2297 3321 2414 3370 τότε
2467 3313 2541 3387 δ’,
2600 3321 2670 3379 ὡς
2719 3313 2868 3381 ἔδοξε
2908 3326 2981 3390 τῷ
3041 3315 3284 3392 διελόντι,
3339 3325 3519 3395 σφίσιν

153 3410 332 3474 αὐτοῖς
367 3411 775 3472 εὶσποιηθέντας.
3166 3441 3170 3446 ‘

232 3505 327 3554 Καὶ
354 3505 524 3553 τοίνυν
556 3498 714 3564 δόξαν
764 3501 1186 3574 μεγαλοψυχίας,
1242 3501 1354 3574 ἅμα
1407 3496 1467 3553 δε
1504 3503 1593 3552 καὶ
1623 3497 1760 3572 φιλο-

1939 3498 2132 3570 Atque
2161 3495 2341 3567 igitur
2379 3495 2894 3566 magnanimitatis
2958 3501 3014 3555 et
3055 3499 3302 3557 honoris
3352 3504 3410 3558 et
3463 3501 3525 3557 in

158 3603 341 3671 τιμίας
390 3603 479 3651 καὶ
530 3607 627 3661 τῆς
677 3603 798 3674 περὶ
852 3602 911 3652 τὸ
964 3602 1214 3675 παρέχειν
1273 3597 1583 3672 ἐλευθερίας,
1640 3601 1763 3650 πότε

1877 3587 2074 3644 dando
2093 3585 2464 3642 liberalitatis
2485 3585 2830 3656 Opinionem
2854 3587 2969 3644 sibi
2990 3589 3260 3662 acquiret
3282 3590 3526 3663 justius,

153 3695 346 3771 μᾶλλον
405 3692 627 3758 δικαίως
676 3697 961 3778 ῥιποίσεταί
1013 3716 1108 3767 τις,
1159 3696 1213 3749 ἐκ
1272 3703 1371 3748 τῶν
1415 3695 1621 3749 ἐνόντων
1673 3698 1763 3747 καὶ

1877 3676 1922 3732 si
1950 3691 2024 3732 ex
2052 3675 2134 3730 eis
2164 3689 2300 3747 quas
2329 3673 2443 3747 ipsi
2472 3673 2728 3731 liberum
2760 3680 2850 3732 est
2884 3675 3027 3733 dare
3066 3683 3123 3734 et
3160 3679 3384 3751 quibus
3413 3679 3530 3735 frui

151 3794 224 3845 ὧν
278 3791 549 3847 ἀπολαύειν
606 3796 720 3866 ἔχει
792 3790 961 3847 δοκῶν
1021 3792 1308 3866 ἀπονέμειν,
1372 3794 1400 3851 ἣ
1461 3799 1558 3844 τῶν
1626 3791 1769 3844 ἀλλο-

1877 3769 2088 3839 potest,
2108 3764 2253 3821 dare
2272 3763 2530 3833 videtur,
2561 3779 2747 3837 quam
2780 3765 2828 3820 si
2857 3765 2970 3837 ipsi
2996 3767 3123 3836 jam
3149 3772 3392 3823 externa
3421 3772 3476 3823 et
3497 3784 3530 3825 θ

1875 3853 2097 3926 quibus
2126 3852 2400 3909 excidere
2415 3851 2597 3908 invite
2619 3851 2894 3908 creditur.
2921 3854 3146 3909 Etenim
3169 3854 3230 3909 in
3251 3857 3532 3911 extremis

1876 3942 2024 3998 nihil
2052 3942 2276 4015 proprii
2301 3957 2507 3998 secum
2537 3941 2687 3998 ferre
2724 3941 2950 4009 valens,
2987 3943 3393 4016 omnibusque
3427 3944 3530 4001 de-

1877 4032 2364 4103 nudatus,eaque
2385 4029 2781 4086 distribuendi
2802 4046 2995 4103 capax
3018 4032 3194 4104 quasi
3215 4048 3532 4106 nunquam

1802 4144 1846 4199 D
1882 4121 1960 4179 ad
1981 4137 2042 4176 se
2062 4119 2504 4192 pertinuissent,
2525 4118 2633 4175 etsi
2658 4120 2862 4175 omnia
2878 4119 3257 4192 cupientibus
3277 4121 3532 4191 cederet,

1880 4224 2007 4266 non
2039 4208 2234 4279 magis
2259 4206 2504 4279 propria
2525 4206 2754 4263 donare
2772 4207 3028 4278 videtur,
3060 4224 3247 4282 quam
3279 4210 3478 4267 aliena
3518 4229 3532 4276 ;

155 4288 340 4356 τέχειν
397 4284 518 4336 ὅσον
597 4287 688 4337 καὶ
763 4291 864 4336 τῶν
936 4280 1200 4356 μηδέποτε
1264 4285 1771 4355 προσγεγενημένων,

1883 4313 2020 4371 quae
2049 4296 2210 4352 enim
2237 4295 2364 4366 jam
2393 4309 2518 4350 non
2545 4293 2704 4350 valet
2753 4280 3092 4364 continere,
3121 4295 3354 4354 dimisit.
3408 4301 3538 4355 Non

158 4381 264 4436 κᾶν
333 4382 504 4434 πάντα
562 4387 772 4455 προοῖτο
829 4387 940 4443 τοῖς
989 4379 1342 4454 βουλομένοις,
1396 4375 1546 4432 οὐδὲν
1590 4377 1771 4452 μᾶλλον

1886 4385 2048 4442 enim
2085 4387 2226 4440 tunc
2279 4381 2377 4439 vel
2424 4381 2897 4454 generosissimis
2944 4391 3215 4442 remanet
3254 4385 3410 4442 ullus
3458 4385 3540 4443 ad

162 4473 340 4527 οἰκεῖα
369 4465 518 4523 δοκεῖ
544 4471 573 4529 ή
615 4473 743 4524 νόθα
792 4471 1252 4544 καταχαρίζεσθαι
1285 4490 1299 4504 ’
1330 4469 1366 4521 ἀ
1407 4471 1509 4544 γὰρ
1569 4472 1641 4540 μὴ
1699 4464 1771 4520 δε-

1888 4473 2272 4549 Ρτδεεθηιὶυω
2328 4470 2638 4545 quodlibet
2691 4471 2960 4530 affectus.
3018 4475 3332 4540 Quomodo
3379 4476 3542 4533 enim

163 4563 400 4626 δύνηται
424 4571 684 4640 κατέχειν,
749 4569 962 4640 μεθῆκε.
1014 4572 1115 4621 Καὶ
1171 4574 1296 4640 γοῦν
1339 4562 1456 4618 οὐδ’
1506 4567 1618 4618 ἔστι
1670 4567 1771 4616 τότε

1887 4562 2275 4622 remaneret?
2301 4561 2524 4627 Quibus
2549 4561 2678 4632 jam
2707 4577 2829 4618 non
2858 4562 3042 4620 modo
3093 4564 3438 4622 divitiarum
3470 4581 3542 4622 ac

161 4653 303 4710 ούδέ
344 4676 402 4729 γε
438 4664 546 4720 τοῖς
598 4656 1006 4731 ὶμπαθεστάτοις
1069 4660 1201 4733 πρὸς
1255 4653 1406 4709 οὐδὲν
1450 4663 1549 4708 τῶν
1596 4673 1771 4731 παρον-

1892 4668 2098 4726 opum,
2127 4649 2234 4707 sed
2259 4654 2316 4706 et
2336 4651 2602 4723 corporis
2631 4651 2940 4709 dissolutio
2992 4653 3060 4709 ﬁt
3113 4658 3170 4710 et
3219 4655 3540 4727 depositio.

159 4764 273 4799 των
332 4742 556 4819 οὐδεμία
611 4749 942 4820 προσπάθεια
995 4767 1010 4782 ο
1065 4754 1172 4807 πῶς
1218 4748 1319 4821 γάρ
1357 4762 1370 4812 ;
1403 4741 1480 4807 οἷς
1542 4739 1650 4804 ἢδη
1711 4747 1771 4816 μή

1890 4742 2114 4800 Idcirco
2172 4755 2297 4796 non
2355 4740 2575 4797 ardent
2619 4740 2724 4814 qui
2765 4741 2931 4798 bona
2983 4743 3112 4814 ejus
3187 4744 3541 4815 percipiunt,

159 4839 332 4910 μόνον
388 4837 666 4909 κτημάτων
732 4840 822 4888 καὶ
873 4854 1213 4910 πραγματων,
1274 4832 1402 4886 ἀλλά
1435 4852 1488 4886 τι
1548 4837 1640 4885 καὶ
1694 4840 1771 4885 τοί

1893 4830 1978 4886 illi
2008 4829 2228 4899 gratias
2254 4842 2430 4898 agere
2454 4828 2704 4901 ejusque
2741 4829 3088 4885 meminisse
3115 4848 3134 4900 ;
3197 4829 3303 4886 sed
3346 4829 3424 4886 ab
3481 4828 3546 4884 id

165 4928 419 4998 σώματος
500 4923 647 4986 λύσις
710 4930 800 4978 καὶ
861 4923 1108 4988 ἀπόθεσις
1173 4926 1432 4997 γίγνεταί,
1499 4923 1596 4975 Διὰ
1639 4928 1771 4975 τοῦτε

1895 4917 2134 4975 mellem
2164 4916 2489 4973 ostendunt
2512 4920 2803 4981 mentem,
2824 4932 2896 4972 eo
2921 4916 3087 4988 quod
3105 4917 3222 4986 ille,
3277 4932 3418 4973 cum
3448 4932 3544 4974 sa-

158 5019 264 5068 καὶ
288 5011 416 5067 ούδε
448 5015 627 5090 θερμοί
661 5019 793 5078 τινές
852 5015 981 5068 εἰσιν
1029 5016 1080 5067 οἱ
1125 5021 1226 5067 τῶν
1284 5012 1475 5066 ἐκείνου
1531 5011 1771 5084 μεταλαγ-

1895 5008 2078 5064 nitate
2106 5005 2397 5062 frueretur
2421 5009 2479 5062 et
2502 5005 2748 5069 deliciis,
2779 5019 2903 5061 non
2935 5005 3225 5074 statuerit,
3275 5020 3350 5061 ne
3402 5006 3548 5063 scri-

159 5105 430 5178 χάνοντες
476 5103 741 5177 ὁμολογεῖν
781 5104 947 5176 ἀὐτῷ
1013 5107 1104 5155 καὶ
1160 5104 1295 5156 πάνυ
1377 5121 1429 5154 τι
1477 5104 1570 5159 τήν
1619 5102 1771 5175 χάριν

1907 5101 2009 5170 pto
2042 5094 2310 5169 quidem,
2340 5095 2503 5151 bona
2533 5109 2645 5150 sna
2674 5093 2822 5164 ipsis
2856 5091 3230 5150 distribuere.

163 5191 624 5266 ἀπομνημονεύειν
681 5213 697 5228 ο
751 5191 856 5245 ἀλλ’
952 5190 1274 5266 ἀμϐλυτέραν
1347 5193 1536 5244 ὡσανεὶ
1609 5192 1736 5262 πρὸς
1802 5193 1955 5241 τοῦτο
2048 5181 2343 5238 δείκνυνται
2411 5187 2502 5242 τὴν
2567 5187 2797 5254 γνώμην,
2858 5179 2932 5253 ἔφ’
3000 5187 3075 5244 οἷς
3132 5183 3306 5246 αύτοϊς
3361 5181 3548 5248 ἐκεῖνος

161 5283 428 5354 ὑγιαίνων
517 5287 608 5336 καὶ
659 5290 867 5360 τρυφῶν
935 5277 1067 5356 μηδ’
1127 5280 1300 5334 ἔϐαλεν
1376 5280 1447 5344 εἰς
1514 5285 1654 5347 νοῦν,
1734 5273 1865 5352 μηδ’
1948 5276 2068 5330 ὅσον
2134 5273 2182 5328 ἓν
2247 5279 2494 5349 γραφαῖς,
2545 5279 2644 5324 τῶν
2704 5274 3003 5345 προσόντων
3068 5269 3200 5344 μηδ’
3260 5275 3543 5328 ὁποσονοῦν

164 5369 480 5447 ἀπονεῖμαι.

245 5469 355 5517 Kal
407 5465 526 5539 περὶ
570 5460 761 5536 ψυχῆς
839 5459 899 5515 δε
947 5460 1128 5521 ἥντινα
1177 5463 1293 5515 τότε
1334 5461 1486 5534 μνίαν
1542 5460 1635 5512 καὶ
1683 5463 1771 5511 τῶι

1963 5455 2032 5514 Et
2078 5453 2154 5512 de
2198 5452 2424 5522 anima,
2477 5464 2667 5525 quam
2693 5463 2858 5508 nunc
2902 5465 3134 5523 eorum,
3167 5468 3302 5528 quae
3353 5452 3550 5529 ipsam

162 5547 438 5629 δεομένων
495 5559 723 5610 ποιεῖται
799 5547 1011 5626 βοηθεῖν
1085 5548 1213 5624 αὐτῇ
1293 5539 1656 5621 δεδυνημένων
1711 5561 1771 5602 νει

1893 5545 2180 5620 adjuvare
2200 5543 2445 5621 queant,
2507 5540 2876 5606 mentionem
2925 5540 3085 5617 facit,
3145 5559 3304 5617 eam,
3349 5549 3416 5622 ut
3468 5544 3554 5608 ita

150 3896 311 3967 τρίων
363 3889 706 3964 μεταδιδοὺς,
781 3897 873 3945 καὶ
923 3892 990 3944 ὧν
1043 3894 1182 3945 ἄκων
1259 3888 1522 3944 ἐκπίπτειν
1574 3893 1768 3963 νενόμι-

157 4009 286 4044 σται
335 3989 601 4052 καθάπαξ.
656 3994 758 4043 Καὶ
801 3992 902 4065 γὰρ
971 3986 1020 4042 ἐν
1087 3995 1194 4051 τοῖς
1251 3988 1556 4049 τελευταίοις
1603 3983 1769 4061 μηδὲν

154 4095 262 4141 τῶν
337 4083 482 4139 ἰδίων
535 4089 670 4159 ἔχων
748 4087 862 4160 μεθ’
946 4086 1131 4140 ἑαυτοῦ
1206 4090 1398 4162 φέρέιν,
1455 4088 1660 4139 πάντων
1724 4080 1771 4137 δ’

159 4187 494 4258 ἁπωσμένος,
547 4189 638 4237 καί
697 4192 947 4238 τοσοῦτον
1009 4181 1292 4258 δυνάμενος
1358 4183 1527 4236 αὐτῶν
1581 4201 1778 4256 συμμε-
