4050 6306
594 239 730 293 1475
1922 235 2193 294 NlCEPHt

2337 232 2620 292 CHUMNI.
2753 235 2758 242 ’
3805 255 3910 306 1476

587 363 787 418 dicam
814 372 1115 418 mortuam
1147 367 1204 418 et
1223 363 1462 418 inanem
1490 363 1648 430 facit,
1682 377 1877 434 neque
1905 362 2028 416 ullo
2055 358 2186 414 mod

2311 361 2477 431 ικροὲν
2503 379 2618 412 τινα
2655 368 2867 433 ταύτην,
2927 369 2998 429 ὡς
3049 368 3226 433 εἰπεῖν,
3280 374 3370 422 καὶ
3435 368 3634 444 ἀκερδῆ
3698 383 3910 429 ποιεῖται.

588 456 709 508 Deo
740 457 994 522 gratam,
1026 468 1164 507 cum
1197 466 1390 523 neque
1420 452 1514 506 lex
1544 456 1714 507 vetus
1735 450 1954 506 infirmi
2010 448 2187 520 aliqui

2349 453 2438 498 καί
2460 467 2520 519 γε
2547 471 2617 521 μη
2655 457 3008 521 παντάπασιν,
3062 455 3175 528 ἐμοὶ
3231 453 3421 526 δοκεῖν,
3470 467 3584 530 Θεῷ
3620 473 3910 536 κεχαρισμίς

586 546 689 597 aut
735 541 983 596 emortui
1035 541 1095 595 in
1143 541 1501 596 sacriﬁcium
1558 540 1886 595 adhiberet.
1938 538 2185 603 Quoniai

2343 555 2454 597 νην,
2510 539 2586 589 ὅτι
2651 539 2834 610 μηδ’ό
2872 544 3034 596 πάλαι
3100 550 3256 616 νόμος
3307 545 3576 619 ἄρρωστον
3631 547 3778 602 οὔδε-δ
3820 551 3915 605 οὐδ’

585 631 744 685 enim
773 631 832 685 id
863 632 1025 701 quod
1051 628 1316 696 oﬂ‘ertur,
1349 630 1531 684 vitam
1555 645 1871 700 nunquam
1901 632 2184 682 cessante]

2343 625 2536 676 οἱπνουν
2620 630 2699 695 (1)
2781 627 2898 701 ἦγεν
2951 633 3020 694 εἰς
3081 636 3285 690 θυσίαν.
3339 642 3493 697 Ζωῆς
3543 641 3648 709 γὰρ
3703 646 3769 710 μη
3815 661 3917 693 ποτε

581 719 1124 774 remunerationem
1140 718 1342 787 habet,
1359 719 1668 789 quomodo
1683 720 1863 772 inane
1877 717 2180 772 offerretur

2339 711 2602 784 ληγούσης
2642 723 2698 769 τὸ
2754 727 3218 793 προσενηνεγμένον
3272 722 3597 795 ἀνταλλαγὴν
3652 731 3790 798 ἔχον,
3831 741 3918 790 πῶς

579 809 887 880 quomodo
916 815 973 864 et
997 807 1496 871 abominandum,
1526 812 1590 861 ut
1625 808 1742 877 jam
1795 807 2002 861 mortis
2055 810 2178 876 part

2338 801 2397 852 ἂν
2466 803 2677 876 ἀχρεῖον
2741 814 2830 860 καὶ
2891 810 3185 882 ἀνενεχθείη
3233 829 3245 878 ;
3303 821 3412 874 πῶς
3490 833 3583 866 και
3631 813 3913 889 βδελυκτὸν,

576 913 718 969 ceps
743 895 770 948 Τ
2335 897 2639 964 νεκρότηνος
2664 901 2884 967 μετέχον
2925 917 2938 965 ;

625 989 692 1042 Et
721 1002 867 1043 sane
892 987 1003 1041 etsi
1034 985 1170 1058 quis
1198 985 1439 1057 plurimi
1461 986 1680 1040 faceret
1707 990 1998 1056 tanquam
2025 985 2224 1038 viven-

2409 979 2606 1051 Ἀμέλει
2634 1002 2714 1035 τοι
2753 1005 2843 1036 και
2894 990 2938 1038 εῖ
2992 1007 3066 1049 τις
3117 996 3316 1041 ποιοῖτο
3372 996 3489 1062 περί
3532 991 3782 1046 πλείστου
3833 998 3911 1056 ζώ-

575 1076 658 1132 tia
674 1081 902 1130 mortuo
915 1075 1076 1130 dona
1087 1089 1415 1132 remanere.
1432 1089 1625 1145 neque
1653 1089 1896 1144 prorsus
1909 1087 2174 1142 corrump

2335 1084 2427 1126 σας
2480 1073 2636 1122 ὡσαεί
2725 1093 2815 1123 και
2862 1077 3100 1128 τεθνεῶτι
3175 1081 3265 1137 τὰς
3309 1075 3504 1152 δωρεὰς
3558 1081 3706 1132 αὐτῶ
3767 1091 3905 1154 μενεο

573 1180 644 1219 eo
682 1163 847 1235 quod
880 1179 1002 1218 non
1025 1179 1134 1234 pro
1157 1169 1420 1234 tempore
1448 1179 1642 1233 neque
1672 1161 1918 1233 quando
1971 1162 2172 1228 dignui

2332 1174 2421 1206 και
2471 1163 2542 1228 μὴ
2594 1163 2899 1214 παντάπασί
2961 1183 3022 1235 γε
3067 1162 3396 1240 διεφθάρθαι,
3453 1169 3544 1220 ἅτε
3603 1167 3672 1227 δὴ
3725 1193 3807 1223 και
3850 1181 3903 1245 μὴ

573 1257 718 1312 erat.
743 1253 849 1307 sed
880 1258 943 1307 ut
963 1252 1042 1307 ita
1068 1251 1290 1320 dicam,
1314 1252 1632 1306 morticina
1682 1251 1838 1305 facta
1886 1251 2021 1318 sint,
2072 1267 2172 1322 qut

2332 1249 2463 1296 κατὰ
2518 1252 2698 1323 καιρόν
2771 1271 2860 1302 και
2909 1253 2985 1304 ὅτ’
3036 1254 3166 1314 εἰκὸς
3219 1253 3302 1324 ἦν,
3367 1258 3692 1329 θνησιμαίας
3744 1258 3809 1329 δ’,
3856 1268 3906 1323 ὡς

570 1342 734 1398 niam
755 1341 825 1395 iis
864 1357 974 1413 pro
1004 1341 1209 1396 anima
1239 1344 1476 1411 tempus
1506 1340 1673 1394 adest
1726 1341 1812 1408 (ut
1854 1339 2169 1410 quibusdai

2331 1333 2508 1401 εἰπεὶν,
2537 1344 2864 1410 γιγνομένας,
2918 1341 3030 1392 ἀντί
3083 1342 3268 1414 ψυχῆς
3313 1346 3453 1405 ὄντος
3505 1355 3621 1406 τοῖς
3660 1355 3905 1422 πεοάγιιασι

567 1431 786 1498 visum,
815 1435 870 1484 et
903 1429 1045 1484 mihi
1076 1444 1321 1500 quoque
1350 1427 1626 1496 videtur),
1653 1443 1790 1482 cum
1810 1427 2011 1482 adhuc
2049 1444 2166 1484 mer

2329 1431 2421 1474 τοῦ
2483 1435 2688 1498 καιροῦ,
2768 1431 2832 1489 ὦς
2907 1449 3045 1482 τισιν
3091 1430 3234 1494 ἔδοξε
3287 1433 3447 1505 κάμοί
3501 1435 3771 1500 συνδοκεῖ,
3822 1461 3907 1500 v.5;

567 1524 623 1574 et
653 1534 872 1590 corpus
901 1518 1114 1572 robore
1149 1533 1218 1572 ac
1246 1517 1496 1572 sanitate
1516 1515 1748 1576 ﬂorent.
1769 1516 1845 1570 ad
1871 1521 2166 1571 testamen'

2329 1512 2470 1582 αὐτῷ
2546 1534 2635 1566 και
2713 1524 2952 1589 σώματος
3030 1527 3376 1593 τετονωμενὼν
3460 1544 3553 1575 και
3638 1525 3785 1600 ῥώμῃ
3839 1550 3907 1580 και

565 1607 836 1662 eundum
863 1612 972 1671 est,
1007 1612 1063 1660 et
1088 1605 1251 1660 bona
1279 1603 1625 1672 dividenda,
1657 1608 1714 1660 et
1756 1604 1980 1675 quibus
2001 1605 2164 1675 place

2326 1600 2522 1670 ὑγείαις
2565 1607 2922 1676 ακμαζόντων,
2993 1608 3118 1660 ἰτέον
3188 1614 3314 1684 πρὸς
3367 1615 3456 1672 τὰς
3503 1610 3786 1679 διαθήκας,
3839 1639 3911 1670 και

565 1696 972 1760 concedenda,
1008 1709 1078 1750 eo
1109 1693 1274 1765 quod
1312 1694 1417 1764 qui
1455 1693 1515 1748 in
1547 1694 1824 1748 extremis
1863 1693 2164 1748 constituti

2329 1686 2612 1766 διαιρετέον
2651 1698 2740 1756 τὰς
2779 1697 3042 1768 ὑπάρξεις,
3115 1703 3206 1750 καὶ
3258 1707 3696 1772 προσαρμοστέον
3751 1709 3822 1766 οἷς
3862 1707 3906 1758 ἔτι

563 1785 728 1840 bona
760 1783 989 1848 dividit,
1022 1782 1252 1837 nullam
1284 1782 1397 1836 sibi
1430 1797 1467 1836 a
1522 1781 1759 1836 nemine
1811 1782 2056 1836 honoris
2114 1798 2162 1836 ai

2325 1781 2543 1850 αἰροῐτο,
2596 1785 2661 1842 ὡς
2731 1792 2822 1836 τοῦ
2871 1803 2929 1855 γε
2980 1789 3111 1860 πρὸς
3159 1795 3264 1847 τοῖς
3338 1792 3596 1860 εσχάτοις
3656 1792 3907 1866 ἁφιγμῶν

563 1872 767 1942 gratias
793 1870 1226 1926 confessionem
1256 1868 1537 1924 vindicat.
1565 1868 1676 1924 Sed
1697 1869 1896 1924 adhuc
1926 1869 2162 1937 gratiore

2322 1869 2415 1928 τὰς
2437 1865 2692 1942 διανομὰς
2752 1870 3072 1935 σπουδάζειν
3116 1873 3428 1953 ἐμπαρέχειν
3477 1877 3738 1952 οὐδεμίαν
3786 1865 3909 1934 αὑτῶ

560 1961 702 2016 facit
737 1976 842 2016 eos
864 1975 968 2032 qui
991 1959 1052 2014 in
1093 1958 1466 2012 haereditates
1494 1958 1742 2012 veniunt
1771 1961 1824 2013 et
1855 1961 2020 2030 parvi
2053 1975 2159 2013 sun

2318 1956 2440 2028 παρ’
2497 1955 2702 2020 οὐδενός
2745 1963 2960 2031 ἔχοντος
3016 1967 3136 2015 οὔτε
3189 1965 3485 2037 φιλοτιμίας
3531 1970 3655 2021 οὐτε
3711 1974 3912 2046 χάριτος

559 2066 681 2122 quo
693 2049 916 2104 diutius
935 2047 1268 2116 etlongiore
1294 2051 1560 2118 tempore
1587 2055 1882 2100 noverunt
1914 2053 2158 2118 quantui

2319 2045 2615 2116 ὁμολογίαν.
2685 2047 2799 2100 Ἔτι
2886 2069 2939 2102 τε
3009 2056 3100 2104 καὶ
3173 2052 3320 2105 πλὶον
3403 2055 3736 2128 ευγνὼμενας
3794 2070 3913 2112 ποιεῖ

557 2138 709 2194 lucri
738 2137 951 2194 facturi
979 2138 1096 2192 sint
1123 2152 1230 2208 per
1262 2151 1365 2190 eos
1383 2135 1488 2206 qui
1515 2139 1652 2190 ante
1692 2151 1753 2189 se
1775 2142 2156 2207 perceperunt

2316 2137 2439 2195 τοὺς
2485 2135 2552 2195 εἰς
2588 2141 2710 2198 τοὺς
2747 2138 2972 2212 κλήρους
3027 2140 3361 2214 ἐρχομένους,
3419 2150 3511 2196 καὶ
3563 2152 3791 2220 μικροὺς
3835 2152 3912 2200 ar}-

558 2243 754 2300 neque
788 2227 849 2282 in
881 2227 1022 2291 ﬁne,
1056 2226 1167 2281 etsi
1197 2225 1399 2279 minus
1437 2223 1732 2279 desiderio
1782 2229 1838 2279 et
1887 2225 2157 2296 cupidita'

2315 2227 2430 2282 τοὺς
2503 2229 2673 2294 ὄντας,
2725 2231 2782 2278 τό
2831 2227 3087 2302 πόρρωθει
3146 2230 3321 2292 αὐτοῖς
3384 2237 3808 2305 προσεθισθῆναι
3837 2259 3909 2290 και

557 2318 824 2373 ferantur
842 2322 945 2371 aut
975 2315 1217 2384 indigne
1234 2319 1289 2369 et
1323 2328 1481 2382 aegre
1512 2314 1946 2368 sustinentaut
1977 2315 2036 2368 in
2067 2331 2156 2370 cor

2312 2310 2502 2363 πλείονι
2560 2321 2632 2364 τῶ
2711 2319 2904 2387 χρόνῳ,
2983 2323 3084 2367 πᾶν
3135 2320 3256 2369 ὅσον
3299 2317 3654 2392 κερδανοῦσιν
3713 2324 3770 2375 ἐκ
3825 2336 3909 2378 τῶι

553 2406 862 2461 cedentem
903 2405 1322 2473 indignantur,
1353 2409 1411 2457 et
1468 2418 1578 2474 pro
1610 2403 1792 2466 gratis
1848 2401 1980 2458 irati
2030 2404 2152 2459 ﬁun

2311 2401 2689 2474 προειληφότων
2727 2405 2918 2457 ἄνωθεν
2966 2404 3317 2477 ἐπεγνωκότας
3350 2430 3364 2441 ο
3419 2416 3512 2462 καὶ
3570 2409 3730 2465 οὐδέν
3795 2417 3908 2468 εἰσιν

553 2495 684 2550 Abit
701 2511 842 2550 vero
863 2500 919 2549 et
935 2493 1188 2563 emigrat
1209 2491 1563 2564 tranquillus
1585 2491 1689 2562 qui
1707 2491 1975 2556 moritur,
1996 2509 2152 2563 quoa

2311 2491 2394 2540 ἐπὶ
2437 2491 2626 2561 τέλους,
2713 2492 2808 2544 κᾶν
2855 2493 3064 2546 ἔλαττον
3127 2496 3482 2570 ἀποφέρωνται
3559 2511 3662 2562 τῆς
3711 2503 3907 2576 ὀρέξεως

550 2583 683 2639 illos
704 2583 935 2642 saltem,
951 2597 1146 2654 neque
1167 2581 1245 2636 ab
1270 2580 1390 2635 ullo
1409 2579 1678 2651 quolibet
1701 2579 1883 2634 modo
1903 2581 2144 2636 turbatu

2309 2584 2539 2641 καὶτῆς
2621 2584 2915 2654 επιθυμίας,
3001 2587 3119 2637 οὔτε
3217 2583 3747 2660 δυσανασχετοῦντες
3832 2615 3907 2646 nx

551 2675 772 2728 Etsaue
827 2672 1192 2743 quicumque
1233 2685 1371 2725 cum
1428 2684 1500 2723 eo
1555 2669 1856 2738 conjuncti
1909 2675 2049 2724 sunt
2096 2675 2150 2725 to

2307 2667 2726 2736 χαλεπαίνοντες,
2815 2672 2922 2723 οὔτ’
2977 2670 3043 2724 αὖ
3116 2684 3419 2745 νεμεσῶντες
3465 2686 3539 2746 τῷ
3586 2691 3905 2755 χορηγοῦντι

545 2761 731 2831 hujus
754 2760 936 2817 solius
969 2759 1255 2830 temporis
1277 2773 1346 2813 ac
1366 2758 1450 2812 rei
1469 2763 1625 2823 sunt,
1650 2755 1953 2828 soliusque
1973 2757 2144 2814 abeui

2305 2777 2391 2808 και
2430 2757 2535 2810 ἀντ’
2589 2759 2919 2832 εὐχαρίστων
2975 2767 3270 2834 γιγνόμενοι
3322 2765 3545 2838 ὀργίλοι.
3596 2768 3822 2823 ’Δπεεσι
3858 2771 3903 2823 δι

545 2851 619 2906 tis
651 2866 722 2906 ac
751 2850 1019 2906 defuncti
1043 2849 1224 2920 hujus
1263 2862 1444 2919 quem
1477 2851 1705 2914 amant,
1737 2847 2082 2916 meminere,
2125 2864 2144 2902 ε

2306 2852 2394 2898 καὶ
2425 2849 2450 2899 ό
2482 2853 2574 2906 τὴν
2604 2845 2862 2921 ἐκδημίαν
2897 2851 3223 2923 στελλόμενος
3271 2853 3518 2928 ἀτρέμας,
3560 2864 3624 2910 τό
3669 2879 3736 2928 γε
3789 2869 3905 2912 κατὰ

542 2939 617 2995 de
643 2940 772 3010 ejus
803 2944 990 2994 morte
1020 2937 1243 3000 dolent,
1291 2936 1368 2990 ad
1417 2934 1562 2990 illud
1616 2951 1804 2990 unum
1861 2942 2141 3008 spectanti

2304 2941 2538 3004 τούτους,
2602 2942 2744 3011 παρὰ
2809 2937 3033 3011 μηδενός
3097 2939 3264 3014 μηδεν
3327 2945 3764 3019 τεθορυϐημένος.
3817 2957 3903 3003 Καί

540 3044 736 3101 neque
763 3027 940 3083 ullius
970 3026 1211 3082 alterius
1241 3025 1326 3080 rei
1354 3025 1648 3080 rationem
1675 3025 1966 3080 habentes
1999 3041 2139 3097 neqi

2304 3032 2471 3078 τοίνυν
2518 3030 2703 3088 πάντες
2775 3032 2824 3081 oi
2883 3035 3141 3093 συνιόντες
3181 3032 3340 3084 αὐτοῦ
3382 3031 3450 3091 δή
3507 3039 3706 3088 τούτου
3756 3046 3903 3109 μόνον

539 3119 874 3190 quidquam
899 3116 1063 3172 aliud
1094 3114 1420 3184 cogitantes
1451 3113 1616 3184 quod
1641 3113 1908 3168 dolorem
1939 3129 2010 3169 ac
2039 3130 2138 3185 pra

2302 3121 2388 3168 καὶ
2429 3121 2692 3186 γίγνονται
2748 3126 2842 3170 τοῦ
2893 3124 3146 3194 παρόντος
3199 3130 3386 3195 καιροῦ
3431 3131 3524 3175 καὶ
3579 3134 3680 3178 τοῦ
3749 3133 3901 3202 πράγ-

540 3212 771 3261 sentem
791 3211 1012 3261 statum
1041 3204 1294 3258 deceret.

2306 3222 2474 3271 uati-oc,
2517 3209 2606 3272 καὶ
2651 3213 2743 3256 τοῦ
2799 3215 3082 3279 χωρισμοῡ
3109 3213 3200 3260 καὶ
3250 3217 3344 3270 τῆς
3400 3211 3772 3281 ὑποχωήσεως
3823 3227 3905 3267 τοῦ

535 3297 878 3366 ποθουμένου,
972 3297 1061 3344 καὶ
1138 3299 1229 3343 τοῦ
1307 3311 1364 3360 γε
1446 3291 1528 3342 ἐπ’
1611 3290 1766 3341 αὑτὸν
1842 3293 2077 3361 πένθους,
2191 3295 2319 3364 πρὸς
2379 3289 2528 3345 οὐδὲν
2590 3293 2712 3345 ἄλλο
2764 3293 3056 3366 βλέποντες,
3111 3295 3250 3368 μηδὲ
3294 3304 3411 3372 περὶ
3459 3297 3696 3371 μηδενός
3737 3305 3906 3358 ἐτέων

535 3388 832 3453 ποιούμενοι
907 3385 994 3432 τὸν
1068 3380 1217 3451 λόγον
1286 3385 1375 3430 καὶ
1439 3382 1528 3438 τὰς
1593 3382 1818 3452 στροφὰς
1871 3389 1969 3430 τῶν
2025 3390 2284 3452 λογισμῶν
2335 3385 2544 3452 ἔχοντες
2597 3387 2707 3434 οὔτι
2761 3403 2820 3454 γε
2884 3390 3244 3456 προσήκοντος
3295 3396 3367 3458 τῷ
3425 3391 3588 3442 πάθει
3655 3399 3752 3446 καὶ
3804 3403 3906 3455 τοῖς

534 3473 832 3543 ὁρωμενοις.

604 3558 845 3629 Absque
875 3555 1060 3611 dubio
1083 3556 1275 3628 quivis
1299 3572 1438 3610 eum
1464 3555 1808 3626 laudat,qui
1831 3556 2181 3628 priusquam

2363 3558 2565 3630 Ἀμελει
2632 3579 2714 3612 τοι
2780 3567 2870 3614 καὶ
2940 3569 3043 3624 πᾶς
3094 3583 3170 3624 τις
3215 3564 3441 3636 ἐπῄνησε
3495 3571 3587 3618 τόν
3641 3571 3788 3623 οὕτω
3848 3579 3905 3622 τὰ

531 3646 671 3702 ﬁnis
697 3646 999 3712 adveniat,
1029 3644 1108 3699 ad
1139 3643 1282 3698 illud
1314 3643 1545 3714 aspicit,
1574 3649 1730 3698 recte
1762 3660 1900 3698 sane
1927 3661 1997 3699 ac
2029 3646 2130 3699 be:

2303 3647 2405 3697 ιαθ⁹
2464 3648 2664 3714 ἑαυτὸν,
2724 3655 2845 3723 πρὶν
2898 3655 2954 3702 τό
3003 3652 3148 3712 τέλος
3203 3651 3500 3724 ἀφικέσθαι,
3553 3662 3696 3730 πρὸς
3757 3669 3902 3712 τοῦτο

529 3735 883 3806 dispositus.
919 3733 1122 3789 Laudo
1150 3735 1206 3786 et
1238 3747 1350 3801 ego
1372 3736 1430 3785 et
1472 3731 1606 3802 plus
1654 3747 1842 3802 quam
1895 3732 2017 3792 alii.
2069 3750 2128 3788 ne

2304 3734 2548 3809 πόρρωθεν
2630 3735 2906 3805 ἀπιδόντα,
2975 3737 3029 3792 εὖ
3085 3761 3144 3812 γε
3196 3747 3284 3794 καὶ
3347 3744 3513 3805 καλῶς
3569 3743 3903 3821 διαθέμενον.

527 3824 646 3881 alio
669 3824 852 3880 modo
886 3827 1160 3894 oportere
1181 3821 1358 3877 statui
1397 3819 1472 3875 de
1502 3819 1653 3875 meis
1708 3836 1817 3891 pro
1870 3821 2126 3878 volunta‘

2305 3830 2536 3876 Επαινῶν
2569 3822 2628 3877 δὲ
2649 3825 2795 3897 κάγω
2836 3833 2926 3878 καὶ
2972 3827 3120 3880 πλέον
3159 3839 3259 3880 τῶν
3322 3831 3507 3900 ἄλλων,
3564 3835 3680 3906 οὐχ
3739 3839 3903 3911 ἓτερω

524 3913 863 3984 disponere.
889 3915 956 3966 Et
983 3911 1066 3966 sic
1095 3909 1370 3981 dispono.

2303 3911 2316 3968 ὃ
2350 3921 2525 3964 τουτον
2557 3910 2625 3972 δὴ
2659 3919 2743 3965 τόν
2766 3921 2953 3988 τρόπον
3007 3913 3114 3969 δεῖν
3171 3921 3323 3988 ἔγνων
3366 3922 3432 3971 τὰ
3489 3926 3633 3974 κατὰ
3686 3909 3902 3999 γνώμῃ

2285 4001 2367 4052 ἐπὶ
2391 4011 2500 4064 τοῖς
2522 4003 2662 4074 ἐμοῖς
2688 4004 2932 4056 ἐκθέσθαι
2965 4027 2976 4038 ·
3015 4012 3105 4058 καὶ
3137 4004 3458 4080 διεκτέθημι.

597 4090 776 4160 Igitur
824 4089 887 4144 id
945 4089 1210 4160 primum
1249 4102 1461 4142 omnes
1503 4086 1652 4142 scire
1721 4104 1790 4143 ac
1828 4089 1982 4144 bene
2025 4089 2172 4145 scire

2357 4096 2456 4143 Καὶ
2482 4097 2654 4143 τοίνυν
2685 4101 2832 4145 τοῦτο
2857 4103 3056 4168 πρῶτον
3105 4099 3300 4158 πάντας
3357 4094 3554 4150 εἰδέναι
3614 4107 3713 4154 καὶ
3773 4108 3899 4156 mi):

521 4179 828 4245 volumus,
869 4183 926 4234 et
950 4179 1056 4249 qui
1093 4192 1254 4232 nunc
1291 4191 1424 4231 meo
1456 4180 1813 4232 testamento
1841 4177 2081 4242 adsunt,
2117 4204 2120 4224 ‹

2304 4199 2332 4229 ἰ
2372 4180 2536 4254 ὀρθῶς
2567 4177 2758 4233 εἰδέναι
2823 4182 3138 4255 βουλόμεθα,
3195 4188 3312 4245 τούς
3372 4205 3428 4238 τε
3482 4195 3577 4240 νῦν
3641 4199 3903 4263 παρόντας

519 4269 624 4341 qui
653 4269 850 4324 futuro
878 4267 1020 4322 illud
1044 4271 1309 4336 tempore
1335 4265 1548 4334 legent,
1598 4280 1710 4320 nos
1766 4266 1909 4320 nihil
1957 4283 2028 4321 ex
2080 4268 2118 4322 it

2301 4277 2352 4338 ’ῷ
2393 4266 2715 4342 διατάγματι
2759 4278 2849 4323 καὶ
2896 4276 3013 4333 τοὺς
3181 4279 3358 4347 χρόνῳ
3413 4276 3646 4350 ὕστερον
3686 4301 3900 4334 συνεσο-

517 4357 763 4427 justitia,
795 4361 1091 4428 quantum
1139 4355 1200 4410 in
1261 4354 1616 4410 memoriam
1673 4354 1846 4423 redit,
1898 4357 2116 4412 conscii

2298 4377 2477 4427 ιενους,
2537 4362 2601 4420 ὡς
2652 4357 2804 4413 οὐδὲν
2861 4365 3008 4434 ἡμεῖς
3053 4362 3105 4425 ἐξ
3149 4361 3382 4429 ἀδικίας,
3436 4368 3565 4418 ὅσον
3613 4368 3706 4422 ἐπὶ
3772 4379 3897 4443 pn-

519 4462 652 4502 esse
676 4452 811 4517 post
859 4451 1163 4500 maturum
1215 4459 1466 4499 examen
1524 4443 1937 4516 laboremque,
1993 4445 2113 4501 bon

2297 4467 2377 4507 ιης
2419 4451 2553 4516 ἣκει,
2631 4449 2836 4510 ἑαυτοῖς
2890 4454 3139 4523 σύνισμεν
3183 4457 3515 4525 πανταχόθεν
3581 4456 3896 4521 ἐξετάζουσι

517 4535 741 4590 nostris
761 4533 1234 4604 addidisse,quze
1261 4532 1448 4588 multa
1474 4532 1739 4596 sunt,l)ei
1762 4534 2116 4589 misericordi

2298 4541 2367 4587 ιαὶ
2407 4535 2813 4608 βασανίζουσιν,
2851 4539 3094 4612 οὐμενοῦν
3142 4542 3214 4604 εἰς
3264 4545 3585 4616 προσθήκην
3636 4553 3734 4600 επὶ
3797 4557 3897 4607 τοῖς

518 4639 590 4678 ac
615 4621 1216 4693 dono;frequentibus
1241 4637 1482 4692 quoque
1506 4622 1690 4692 hujus
1709 4621 2036 4690 beneﬁciis,
2062 4640 2117 4696 ῳ

2294 4633 2565 4696 τροσοῡσιν
2680 4625 3066 4697 ἐσπουδακόσι,
3190 4631 3395 4691 πολλοῖς
3501 4633 3686 4700 οὖσιν,
3792 4638 3893 4688 οἰκ-

515 4714 695 4771 nobis
726 4729 865 4769 cum
893 4712 1098 4767 divina
1128 4712 1437 4767 sanctitate
1467 4712 1738 4783 imperat.
1772 4715 1996 4783 Neque,
2028 4730 2114 4768 cui

2292 4721 2477 4785 τιρμοῖς
2507 4722 2639 4767 Θεοῦ
2665 4720 2753 4768 καὶ
2787 4722 3090 4788 χορηγίαις,
3125 4721 3200 4770 ἔτι
3221 4716 3280 4772 δε
3308 4726 3400 4771 καὶ
3462 4732 3700 4793 συχναῖς
3759 4744 3891 4777 τισιν

511 4804 700 4876 ipsius
727 4799 1137 4858 misericordia
1175 4799 1505 4872 plurimum
1549 4815 1727 4872 posse
1773 4801 1882 4855 visi
1932 4817 2110 4857 sumu

2292 4800 2526 4862 εὐποιίαις
2572 4811 2664 4855 τοῦ
2724 4805 2966 4876 θεοφιλῶς
3035 4809 3178 4878 ἡμῶν
3259 4812 3347 4860 καὶ
3409 4811 3584 4873 ὁσίως
3633 4823 3891 4886 κρατοῦν-

512 4908 693 4948 nemo
722 4897 812 4948 est
843 4889 1008 4947 exiis
1030 4889 1135 4962 qui
1162 4894 1381 4944 nostrae
1421 4889 1697 4960 potestati
1729 4888 1980 4958 subjecti
2003 4906 2111 4946 sun

2292 4909 2361 4950 ὀς
2599 4889 2730 4944 Οὐδ’
2796 4892 2977 4954 ἐπειδὴ
3028 4901 3119 4948 καὶ
3193 4893 3532 4957 δεδυνῆσθαι

512 4982 616 5054 qui
642 4981 933 5038 violentas
954 4983 1060 5035 aut
1085 4977 1430 5050 tyrannicas
1460 4981 1563 5032 aut
1603 4976 1912 5045 atﬁgentes
1944 4994 2111 5034 mani

2290 4978 2492 5031 ὲλεοῡντι
2556 4980 2794 5034 πλεῖστον
2868 4980 3139 5056 ἐδόξαμεν,
3188 4984 3391 5048 οὐδένες
3437 4998 3542 5040 τῶν
3604 4990 3889 5064 ἀνθρώπων

509 5074 745 5124 nostras
771 5072 1046 5140 expertus
1085 5066 1178 5132 sit,
1194 5063 1668 5134 ingemueritque
1708 5080 1744 5119 a
1781 5064 1957 5120 nobis
1989 5067 2108 5136 quit

2292 5071 2631 5143 ’ῆςημετέρας
2661 5090 2844 5146 χειρας
2894 5078 2985 5126 καὶ
3025 5070 3312 5146 δυνάμεως,
3370 5081 3491 5130 οὔτί
3531 5084 3678 5142 τινὸς
3711 5063 3891 5154 ginta;

509 5171 695 5227 quam
719 5155 864 5211 mali
888 5169 1233 5226 perpessus.
1264 5155 1465 5224 Neque
1482 5156 1901 5207 extraneorum
1932 5153 2108 5224 cupid

2288 5162 2359 5208 ιαὶ
2409 5168 2717 5230 τυραννικῆς
2788 5161 2894 5213 οὔτ’
2961 5160 3305 5225 ἐκθλιϐούσης
3372 5165 3628 5240 οὐδαμῶς

508 5249 625 5302 tate
646 5259 717 5299 ac
737 5243 1064 5299 mutatione
1077 5244 1340 5298 minores
1359 5240 1472 5296 visi
1492 5257 1720 5296 sumus.
1736 5241 1875 5296 Ideo
1887 5241 2107 5298 nihilnc

2290 5248 2458 5314 lnam,
2487 5243 2604 5298 οὐδ’
2630 5247 2954 5314 ἐπεστέναξεν
3009 5248 3180 5313 οὐδεὶς
3231 5252 3313 5306 ἐπ’
3373 5253 3556 5310 οὐδενὶ
3615 5268 3728 5312 τῶν
3781 5258 3889 5309 ἑαυ-

599 5475 654 5544 1)
678 5476 758 5530 De
778 5469 1580 5544 conditionibushostiarum
1611 5467 1672 5525 in
1711 5473 1906 5524 vetere
1929 5468 2062 5540 lege
2090 5471 2210 5527 vid.
2246 5471 2426 5544 Levit,
2457 5489 2509 5530 c.
2537 5491 2674 5532 xxn.

599 5476 654 5544 1)
678 5476 758 5530 De
778 5476 1219 5528 conditionibus
1248 5476 1355 5527 hos

576 5476 652 5618 ξε)
691 5543 1092 5616 Imperatoris,
1114 5540 1355 5599 scilicet.
