4050 6306
183 259 288 314 1477

1549 258 2085 315 TESTAMENTUM.

3359 269 3496 322 1478

176 390 266 444 τοῦ,
302 389 467 442 κακῶς
519 383 589 442 ὡς
625 383 891 443 πεπονθώς
943 382 1026 452 ὑφ’
1077 385 1243 454 ἡμῶν.
1311 379 1452 434 Οὐδὲ
1497 401 1556 452 γε
1630 389 1730 432 τῶν

1850 381 2060 436 debere
2082 383 2340 440 dicimus
2383 401 2579 457 neque
2617 385 2950 457 quidquam
2974 391 3077 443 aut
3109 388 3362 460 simplex
3394 395 3498 446 aut

175 469 413 544 ἀλλοτρίων
464 469 746 541 ἐπιθυμίας
833 468 1083 543 οὐδεμιᾶς
1172 477 1261 523 καὶ
1344 474 1732 543 μεταποιήσεως

175 559 330 620 ἣττονς
351 557 623 630 ἐφάνημεν.
655 558 750 610 Διά
808 566 962 610 τοῦτο
1019 565 1109 612 καὶ
1157 559 1371 631 ὀφείλειν
1427 555 1578 610 οὐδέν
1637 579 1729 629 φα-

171 667 244 718 μεν
265 647 358 699 οὗθ’
399 648 592 700 ἁπλοῦν
630 651 748 699 οὔτε
801 647 1124 700 πολλαπλοῦν
1180 649 1260 718 (l)
1306 643 1616 710 ἀποδοῦναι,
1666 650 1731 706 ὡς

171 741 618 806 συκοφαντήσαντες
654 737 683 794 ἦ
749 734 845 808 βίᾳ
933 742 1021 788 καὶ
1089 745 1326 808 πονηρῶς
1409 733 1728 807 ἀφελόμενοι,

167 829 335 886 Παντὸς
358 828 459 899 γὰρ
487 825 677 897 μᾶλλον
724 828 783 876 τὸ
835 822 1038 877 ἀδικεῖν
1079 824 1272 897 ἐχθρὸν
1331 827 1456 896 ἡμῖν
1501 829 1554 876 ἄν
1610 821 1730 876 δια-

167 918 378 988 φερόντως
417 914 665 986 ἐμισήθη,
688 919 778 964 καὶ
833 919 934 965 πᾶν
983 917 1042 965 τὸ
1100 914 1155 975 ἐξ
1208 913 1369 965 αὐτοῦ
1433 910 1726 984 ἐϐδελύχθη

165 1006 226 1064 ὡς
247 1001 482 1078 βλαϐερόν
507 1007 598 1054 καὶ
628 1002 892 1073 πολέμιον,
948 1008 1048 1055 Καὶ
1104 1007 1200 1074 μὴν
1248 1008 1337 1053 καὶ
1393 1009 1502 1062 τοῖς
1558 1000 1732 1062 ἄλλοις

165 1088 473 1163 διε-γενόμεθα
525 1090 982 1162 συμϐουλεύοντες,
1046 1088 1136 1151 οὖς
1191 1095 1281 1142 καὶ
1325 1097 1590 1162 προσῆκον
1669 1087 1730 1147 ἦν

165 1181 290 1251 ἡμῶν
340 1179 790 1239 συμϐουλευόντων
846 1181 1050 1240 ἀκούειν
1122 1201 1133 1212 ·
1185 1184 1274 1230 καὶ
1333 1183 1526 1249 συχνοί
1598 1197 1731 1239 τινες

1839 470 2154 541 multiplex
2191 473 2439 529 reddere
2458 474 2634 529 nobis
2684 474 2997 540 incumbit,
3031 479 3095 531 ut
3113 478 3498 548 sycophantis

1840 558 2052 614 accidit
2087 567 2144 615 et
2171 561 2242 616 iis
2267 563 2373 634 qui
2397 563 2687 618 violenter
2709 566 2765 617 et
2792 563 3010 632 injuste
3043 564 3273 635 aliquid
3297 566 3496 622 abstu—

1838 646 2054 704 lerunt.
2081 650 2376 720 lnjustitia
2397 652 2555 707 enim
2578 651 2754 706 nobis
2771 651 2910 707 odio
2930 653 3065 724 plus
3094 669 3281 724 quam
3305 654 3497 726 quod-

1836 735 1979 791 libet
2027 737 2152 807 fuit,
2178 740 2546 812 etquidquid
2577 757 2649 796 ex
2677 756 2748 796 ea
2768 741 2972 807 oritur,
3015 742 3494 800 abominandum

1839 825 2014 879 nobis
2044 825 2172 895 fuit,
2205 834 2269 882 ut
2300 829 2602 884 funestum
2630 833 2686 883 et
2714 829 2944 885 hostile.
2979 831 3105 886 Imo
3136 836 3191 886 et
3213 831 3340 887 aliis
3357 848 3496 888 con-

1839 911 1972 968 silia
1992 914 2448 989 dedimus,quos
2465 917 2716 974 decebat
2731 935 2844 973 nos
2872 919 3245 975 consulentes
3264 921 3492 989 audire;

1838 1006 1897 1056 et
1940 1002 2281 1075 frequentes
2328 1022 2365 1062 a
2403 1007 2578 1062 nobis
2607 1007 2682 1063 de
2729 1008 2800 1062 iis
2845 1009 3145 1064 orationes
3175 1009 3494 1066 elaboratae

1845 1092 2317 1157 sunt,hortantes
2357 1099 2423 1150 ut
2456 1095 2751 1165 justitiam
2782 1096 3240 1168 amplectantur,
3266 1098 3497 1169 injusti-

1839 1179 1983 1234 tiam
2014 1197 2153 1237 vero
2182 1182 2535 1240 omnimodo
2569 1184 2818 1253 fugiant.

164 1268 238 1320 ἐπὶ
289 1271 478 1328 τούτοις
538 1271 662 1340 ἡμῖν
716 1267 859 1338 λόγοι
921 1268 1328 1332 ἐξεπονηθησαν,
1391 1271 1736 1340 προσανέχειν
1811 1267 1902 1338 μέν
1969 1267 2046 1321 ἀεὶ
2114 1267 2493 1341 δικαιοσύναις,
2565 1276 2762 1344 φεύγειν
2823 1270 2874 1325 δ’
2933 1277 2988 1325 ἐκ
3036 1279 3222 1335 παντὸς
3297 1281 3491 1350 τρόπου

162 1362 246 1414 τὴν
274 1354 502 1414 ἀδικίαν,

224 1449 305 1497 Διά
327 1453 476 1498 τοῦτο
497 1466 587 1497 και
625 1447 999 1518 παραιτεῖσθαι
1027 1454 1114 1497 νῦν
1141 1445 1234 1497 ούκ
1265 1442 1368 1498 οἶδ’
1427 1445 1508 1496 ὃτι
1566 1441 1650 1496 δεῖ
1700 1444 1730 1502 ἦ

156 1553 238 1586 και
293 1540 403 1606 περί
463 1541 775 1606 συγγνώμης
831 1531 1060 1600 δεῖσθαι,
1094 1535 1423 1606 ἐγνωσμένων
1467 1530 1534 1593 δη
1584 1553 1734 1585 τινων

1914 1448 2283 1520 Quapropter
2319 1465 2438 1506 non
2469 1451 2648 1507 credo
2688 1451 2833 1508 mihi
2879 1452 3322 1524 implorandam
3362 1470 3493 1511 esse

1841 1538 1944 1588 aut
1959 1535 2255 1592 orandam
2274 1538 2532 1608 veniam,
2548 1555 2686 1595 cum
2704 1539 2880 1595 nobis
2903 1547 3254 1598 succurrant
3273 1559 3408 1614 quae
3431 1543 3492 1598 in

156 1627 268 1696 ἡμῖν
290 1624 458 1689 ὄντων,
485 1633 584 1675 τῶν
627 1643 686 1694 γε
732 1643 858 1696 προς
904 1623 1206 1695 ἀνθρώπους
1262 1643 1350 1675 και
1406 1626 1544 1676 κακὰ
1606 1625 1733 1694 ἡμῖν

1850 1622 2117 1679 homines
2138 1627 2242 1697 qui
2263 1627 2438 1682 malis
2456 1629 2803 1699 permagnis
2816 1645 2927 1684 nos
2939 1630 3278 1702 opprimere
3289 1632 3492 1687 volue-

154 1712 337 1784 μεγάλα
390 1710 599 1784 σφόδρα
667 1711 1015 1784 βουληθέντας
1065 1711 1231 1772 καλῶς
1305 1711 1728 1784 ἐξειργασμένων,

154 1801 328 1860 Συνέϐη
357 1804 458 1874 ⁴γὰρ
518 1800 633 1872 ἐμοί
688 1804 832 1875 παρὰ
876 1801 1072 1852 πολλῶν
1128 1822 1218 1852 και
1276 1809 1428 1853 τοῦτο
1481 1805 1612 1872 μέγα
1661 1797 1728 1858 δὴ

1250 1911 1352 1942 τινι
1438 1889 1730 1963 βληθέντων

152 1982 330 2051 φθονῳ,
357 1979 408 2042 ἐξ
429 1977 677 2052 οὐδεμιᾶς
709 1977 758 2032 δ’
790 1980 950 2040 ἀλλης
994 1977 1240 2052 οὐδαμῶς
1291 1980 1442 2050 λόγον
1500 1979 1731 2051 ἐχούσης

151 1911 235 1942 και
285 1895 524 1962 μέγιστον
590 1894 854 1963 ἐπηρείας,
941 1891 1158 1962 χαλεπῷ

148 2069 305 2128 αἰτίας
333 2073 670 2141 κεκινημένων
705 2091 716 2102 ·
751 2071 877 2143 ὑπέρ
910 2069 977 2120 ὧν
1007 2089 1095 2120 και
1115 2071 1221 2121 τότ’
1279 2073 1423 2140 ἔφην,
1485 2091 1513 2119 ‹‹
1561 2068 1732 2129 Ἲλεως

147 2157 317 2218 αὐτοῖς
355 2158 483 2224 εἴης,
519 2161 698 2230 Κύριε,
728 2178 756 2207 ››
811 2177 900 2208 και
944 2165 1032 2208 νῦν
1086 2154 1144 2210 δέ
1207 2177 1361 2230 φημι,
1431 2180 1450 2206 ε
1505 2177 1594 2208 και
1636 2166 1734 2218 της

148 2245 294 2318 ὀργῆς
357 2254 451 2298 σοῦ
507 2243 787 2318 μηδαμῶς,
853 2256 947 2308 τῆς
1010 2243 1060 2298 δ’
1127 2245 1211 2298 ἐπι
1277 2252 1438 2298 πᾶσιν
1517 2247 1592 2307 οἷς
1674 2246 1732 2297 ἂν

146 2331 331 2387 δέοιντο
372 2339 740 2408 χρηστότητος
786 2343 966 2408 πεῖραν
1011 2333 1212 2387 λάϐοιεν
1274 2355 1363 2386 και
1445 2334 1729 2408 φιλανθρω-

142 2428 282 2491 πίας,
311 2444 398 2476 και
459 2429 530 2496 μη
602 2429 824 2485 στὴσκις
883 2425 1064 2485 αὐτοῖς
1127 2430 1258 2494 μήτε
1332 2427 1548 2494 ταύτην,
1612 2423 1731 2495 μήθ’

143 2512 310 2586 ἑτέραν
365 2513 673 2584 ἰσχύσασαν
725 2512 774 2564 ἐν
826 2510 1076 2586 καρδίαις
1128 2515 1313 2579 αὐτῶν,
1369 2512 1647 2585 ἁμαρτίαν.
1702 2534 1731 2562 »

212 2608 322 2661 Τοῖς
352 2599 632 2673 βασιλεῦσι
671 2598 909 2672 δ’ἡμών,
942 2601 986 2652 εἰ
1013 2621 1102 2653 και
1149 2606 1221 2673 μὴ
1271 2608 1372 2653 πᾶν
1433 2606 1552 2653 ὅσον
1606 2601 1735 2661 εἰκὸς

152 2692 214 2748 ἧν
269 2710 354 2742 και
419 2694 545 2764 πρὸς
569 2695 729 2765 χρέος
770 2687 975 2742 δίκαιον
1021 2692 1146 2749 ἧκον
1202 2691 1549 2764 ἀποχρώντως
1601 2690 1734 2743 ἀπο-

144 2776 444 2850 δεδωκαμεν
465 2776 616 2850 (ούδέ
643 2782 746 2852 γὰρ
780 2776 992 2844 ἧν,οὓτ’
1037 2783 1148 2832 ἔστι
1205 2784 1331 2853 πρὸς
1387 2782 1476 2839 τὰς
1533 2780 1737 2852 εύεριγε-

143 2872 260 2928 σίας
289 2867 461 2942 (ὁρᾶτε
497 2864 546 2919 δ’
580 2868 742 2928 αὐτὰς
768 2869 984 2933 ὁπόσαι,
1007 2887 1098 2920 και
1121 2871 1216 2928 τὰς
1240 2867 1524 2941 ὑπερϐολὰς
1584 2870 1736 2940 ὁρᾶτε

135 2965 232 3008 τοῦ
260 2958 522 3028 μεγέθους)
551 2959 609 3008 τὸ
644 2959 815 3009 ἱκανόν
871 2956 1171 3025 ἐκπλῆσαι),
1233 2955 1361 3008 ἀλλὰ
1416 2977 1475 3027 γε
1523 2961 1580 3008 τό
1635 2964 1736 3009 πᾶν

138 3048 330 3097 ὁπόσον
360 3046 465 3097 οἷόν
504 3065 558 3097 τε
589 3047 649 3103 ἧν
671 3044 722 3105 ἐς
773 3045 1014 3098 πλεῖστον
1070 3044 1123 3108 ἐξ
1175 3045 1296 3106 ὅλης
1359 3045 1568 3116 ψυχῆς,
1616 3045 1738 3107 ὅλης

135 3154 231 3185 και
264 3131 488 3208 καρδίας
513 3153 604 3185 και
636 3130 891 3199 διανοίας,
926 3131 1245 3186 ἀποδεδώκα
1275 3153 1386 3206 μεν,
1430 3154 1520 3186 και
1568 3135 1612 3186 εἰ
1669 3139 1738 3206 μὴ

134 3231 229 3281 τῆς
285 3222 443 3284 ἀξίας
470 3221 826 3294 ἐφικνούμενον
873 3223 1051 3293 (τοῦτο
1104 3225 1206 3296 γὰρ
1283 3225 1472 3284 παντὸς
1547 3222 1738 3294 μᾶλλον

134 3308 421 3381 ἀδύνατον)
471 3310 601 3363 ἀλλὰ
656 3320 752 3372 τῆς
808 3313 1057 3383 ἡμετέρας
1115 3311 1208 3363 οὐκ
1283 3310 1508 3363 ἐλλεῖπον
1582 3298 1738 3364 δυννά-

135 3419 294 3472 μεως.
347 3399 410 3454 Εἰ
474 3395 534 3452 δὲ
583 3420 634 3452 τι
686 3419 775 3452 και
839 3404 1305 3471 συνεισηνέγκαμεν
1352 3399 1408 3451 ἐκ
1463 3408 1554 3460 τῆς
1606 3403 1738 3452 πάνυ

129 3492 332 3549 ταύτης
359 3491 651 3561 προθυμίας
677 3487 726 3549 ἐς
744 3491 812 3540 τὰ
884 3497 1028 3547 κοινῆ
1083 3494 1334 3563 χρήσιμα
1387 3509 1478 3540 και
1531 3485 1673 3541 ποίνδ
1677 3509 1738 3546 η-

129 3597 232 3650 μον
262 3582 358 3634 τὴν
403 3577 700 3630 λυστέλειαν
761 3577 976 3649 ἔχοντα,
1033 3584 1149 3638 ταῖς
1197 3584 1385 3649 σοφαῖς
1444 3585 1535 3629 τοῦ
1583 3577 1741 3649 βασι-

128 3668 259 3728 λέως
292 3665 757 3738 ἐξυπηρετούμενοι
804 3671 876 3737 μὴ
937 3666 1051 3718 λίαν
1107 3665 1327 3737 ἀγεννῶς
1385 3665 1597 3738 βουλαῖς
1653 3687 1741 3718 και

125 3756 508 3828 μνώμαις,ούκ
546 3756 668 3827 ἐμὸν
722 3757 783 3806 ἄν
830 3759 908 3813 εἴη
967 3755 1151 3825 λέγειν,
1209 3763 1300 3806 τοῦ
1369 3751 1419 3806 δ’
1481 3758 1742 3827 ἐγκρίναν-

1441 3861 1452 3871 ·
1510 3848 1743 3918 παρίημι

123 3953 222 3985 και
282 3933 412 4005 αὐτῄ⁵
469 3941 531 4004 τῇ
591 3932 809 4004 ἀληθείᾳ
864 3932 1027 4003 λέγειν
1081 3933 1162 4002 (2)
1213 3952 1303 3984 και
1377 3937 1739 4006 παριστάνειν,

124 4019 394 4082 διαϐολῆς
444 4041 534 4072 και
583 4027 932 4093 συκοφαντίας
981 4040 1071 4071 και
1110 4022 1296 4091 φθόνου
1358 4025 1550 4082 παντὸς
1623 4041 1743 4091 γεν-

125 3863 218 3904 τος
248 3843 322 3903 εἰς
352 3851 509 3895 τοῦτο
537 3848 724 3916 μοίρας
769 3864 854 3895 και
911 3842 1182 3905 διακονίας
1231 3845 1371 3915 ἡμᾶς

119 4113 404 4183 ναεοτέραν
446 4113 541 4167 τὴν
603 4110 761 4180 ἰσχὺν
811 4110 1013 4181 ἐχούσῃ
1047 4129 1134 4160 και
1165 4111 1259 4166 τὴν
1301 4113 1470 4180 φωνὴν
1550 4109 1744 4180 ὑψηλο-

119 4204 304 4272 τέραν,
340 4195 527 4256 ἐπειδὴ
571 4218 661 4249 και
711 4201 916 4251 πάντων
964 4198 1333 4272 ἰσχυρότερον,
1382 4197 1496 4270 ἐμοί
1549 4195 1740 4264 δοκεῖν,

125 4290 158 4346 ἡ
196 4286 424 4344 ἀλήθεια
475 4287 552 4357 (3)
607 4307 620 4320 ο
675 4287 825 4354 ὥστ’,
854 4289 899 4338 εἰ
938 4306 1017 4346 τις
1060 4305 1151 4336 και
1204 4285 1386 4350 ζῶσιν,
1437 4285 1481 4338 εἶ
1528 4305 1608 4341 τις
1652 4306 1744 4338 και

119 4378 434 4444 τεθνεῶσιν,
499 4374 610 4433 εἰκῆ
665 4380 756 4427 καὶ
815 4377 981 4446 μάτην
1027 4376 1152 4446 ἠβν
1206 4373 1508 4448 ἐπηρεάζειν
1562 4373 1738 4443 ἐθελει,

120 4461 292 4517 οὐδὲν
347 4463 490 4515 αύτῶ
546 4463 695 4516 πλέον
751 4466 917 4533 ἔσται,
980 4471 1080 4514 τῶν
1131 4465 1445 4537 πραγμάτων
1500 4461 1611 4529 οἶμα
1683 4459 1744 4514 δὲ

117 4572 223 4605 και
293 4560 394 4604 τῶν
457 4550 544 4604 ἐπί
593 4554 798 4614 τούτοις
848 4550 1049 4623 βαθέως
1105 4556 1376 4603 συνιέντων
1435 4570 1525 4601 και
1579 4551 1743 4624 ὀρθῶς

116 4638 358 4694 εἰδότων
383 4645 591 4711 κρίνειν,
656 4639 1088 4693 ἁντεπιϐοὼντων.
1154 4661 1182 4689 ι(
1248 4647 1415 4692 Μυῐαι
1469 4646 1744 4709 σαπριοῦ-

119 4751 219 4784 σιν
283 4729 478 4782 ἔλαιον.
537 4751 566 4778 ››
627 4734 785 4801 φησίν
825 4731 850 4782 ὁ
902 4729 1053 4781 εἰπὼν
1109 4728 1207 4801 (4),
1266 4748 1356 4780 και
1408 4730 1471 4779 τὰ
1521 4727 1653 4779 καλὰ
1717 4729 1744 4778 ὁ

1768 3006 1807 3060 C

1841 1712 2156 1780 runt,bene
2169 1715 2487 1784 egerimus.
2506 1717 2655 1773 Mihi
2665 1717 2824 1772 enim
2837 1717 3050 1773 accidit
3063 1723 3126 1772 ut
3137 1718 3301 1774 multi
3315 1719 3488 1775 valde

1840 1804 1897 1854 et
1925 1800 2252 1871 plurimum
2284 1805 2616 1870 nocuerint,
2689 1806 2822 1863 dira
2893 1806 3120 1862 invidia
3173 1806 3489 1872 sollicitati,

1839 1904 2035 1960 neque
2065 1890 2187 1946 ulla
2215 1892 2331 1948 alia
2365 1893 2618 1949 rationis
2656 1895 2883 1967 aliquid.
2925 1895 3270 1966 praeferente
3309 1912 3494 1954 causa

1839 1977 2104 2049 impulsi.
2131 1982 2240 2035 Pro
2272 1981 2496 2052 quibus
2523 1987 2580 2038 et
2610 1988 2753 2039 tunc
2791 1983 3070 2040 dicebam
3126 2001 3142 2041 :
3199 2005 3228 2035 «
3288 1985 3375 2042 Sis
3420 1985 3492 2041 iis

1839 2065 2198 2132 misericors,
2233 2070 2502 2134 Domine,
2534 2093 2563 2120 ››
2589 2075 2645 2126 et
2697 2087 2857 2126 nunc
2908 2071 3044 2126 dico
3101 2089 3114 2139 ;
3171 2075 3490 2144 Nunquam

1839 2154 1995 2209 iram
2034 2160 2202 2212 tuam
2243 2159 2645 2229 experiantur,
2686 2159 3016 2216 bonitatem
3054 2176 3196 2216 vero
3235 2161 3398 2216 illam
3436 2167 3494 2218 et

1841 2244 2317 2301 misericordiam
2347 2248 2626 2317 sentiant,
2658 2265 2846 2320 quam
2876 2250 2937 2304 in
2968 2265 3179 2305 omnes
3207 2249 3308 2306 illa
3336 2250 3492 2306 indi-

1842 2337 2048 2401 gentes
2077 2333 2356 2402 eﬂ‘undis,
2383 2351 2579 2408 neque
2605 2342 2834 2394 statuas
2881 2337 2993 2393 illis
3042 2342 3146 2394 aut
3200 2339 3335 2405 hoc,
3391 2345 3494 2395 aut

1842 2420 2025 2491 aliud,
2066 2423 2474 2496 quodcunque
2511 2425 2574 2480 in
2603 2426 2886 2482 cordibus
2914 2442 3125 2482 eorum
3159 2427 3492 2497 inoleverit,

1843 2516 2179 2581 peccatum.
2223 2535 2250 2561 »

1917 2599 2383 2668 lmperatoribus
2409 2616 2546 2656 vero
2584 2603 2820 2665 nostris,
2869 2603 2974 2658 etsi
3022 2619 3144 2659 non
3193 2607 3494 2675 quantum

1839 2687 2072 2757 justum
2105 2693 2231 2742 erat
2261 2703 2329 2742 ac
2370 2687 2667 2757 deditum,
2704 2689 3063 2745 sufﬁcienter
3099 2691 3494 2747 reddidimus.

1843 2806 1913 2814 —
1937 2776 2067 2830 Non
2099 2777 2258 2831 enim
2287 2776 2502 2832 licebat
2531 2793 2729 2841 neque
2755 2778 2888 2835 licet
2912 2779 3214 2835 beneﬁciis
3244 2783 3496 2851 (quanta

1845 2863 2006 2918 enim
2043 2864 2162 2919 sint
2185 2869 2241 2918 et
2267 2870 2414 2935 quot
2443 2881 2698 2921 numero
2738 2867 2997 2936 videtis),
3039 2867 3220 2937 digne
3248 2884 3496 2940 respon-

1848 2951 2008 3007 dere.
2040 2952 2152 3008 Sed
2177 2958 2496 3023 quantum,
2527 2954 2814 3025 quodque
2843 2954 3167 3021 valuimus,
3189 2955 3251 3011 id
3270 2971 3343 3011 ex
3371 2961 3498 3013 tota

1846 3040 2070 3107 anima,
2101 3046 2224 3096 toto
2253 3040 2434 3096 corde
2493 3057 2564 3096 ac
2621 3047 2820 3098 mente
2873 3043 3292 3110 reddidimus;
3348 3050 3404 3100 et
3448 3045 3498 3101 si

1845 3129 2053 3200 minus,
2077 3129 2242 3200 quod
2268 3129 2521 3198 dignum
2551 3135 2697 3196 erat,
2731 3136 3038 3186 assecutus
3069 3149 3224 3200 sum,
3259 3147 3384 3188 non
3413 3138 3496 3190 ta-

1845 3233 1986 3273 men
2015 3233 2152 3273 mea
2192 3217 2489 3274 voluntate
2526 3217 2738 3274 defeci.
2782 3219 2839 3276 Si
2875 3219 3024 3291 quid
3063 3224 3119 3277 et
3156 3221 3495 3292 profuimur

1846 3322 1919 3362 ex
1947 3312 2069 3363 toto
2099 3306 2312 3362 ardore
2343 3307 2596 3378 publicis
2622 3308 2802 3364 rebus
2831 3313 2888 3366 et
2915 3309 2994 3364 ad
3023 3310 3298 3366 omnium
3335 3311 3496 3367 utili-

1844 3402 2028 3451 tatem
2053 3396 2506 3466 pertinentibus,
2536 3397 2908 3468 sapientibus
2938 3398 3318 3470 imperatoris
3355 3415 3497 3456 con—

1849 3484 1992 3539 siliis
2019 3485 2443 3556 sententiisque
2491 3501 2612 3540 non
2662 3485 2840 3541 nimis
2884 3486 3100 3557 ignave
3155 3488 3495 3554 servientes,

1847 3587 1969 3628 non
1992 3587 2196 3627 meum
2225 3578 2316 3628 est
2341 3571 2404 3626 id
2435 3572 2648 3640 dicere,
2685 3573 2791 3630 sed
2823 3574 2953 3645 ejus
2982 3575 3087 3647 qui
3145 3592 3260 3631 nos
3317 3576 3389 3632 ad
3437 3575 3500 3630 id

1848 3661 2113 3716 muneris
2142 3659 2440 3732 ofﬁciique
2470 3663 2883 3734 assumpserit.
2918 3663 2983 3718 Id
3012 3669 3070 3719 et
3097 3664 3374 3734 relinquo
3403 3664 3502 3719 di-

1848 3749 2106 3804 cendum
2133 3755 2190 3805 et
2209 3749 2662 3821 at‘ﬁrmandum,
2709 3751 2940 3808 veritati
3002 3752 3140 3823 ipsi,
3183 3769 3318 3824 quae
3369 3753 3506 3824 plus

1849 3854 2036 3910 quam
2066 3838 2370 3894 calumnia
2395 3846 2498 3894 aut
2526 3840 2924 3911 sycophantia
2952 3847 3056 3896 aut
3091 3840 3318 3897 invidia
3346 3841 3506 3898 valet

1849 3928 2188 4000 clariusque
2217 3928 2455 3994 clamat,
2485 3929 2708 4000 quippe
2745 3945 2882 4000 quae
2920 3929 3126 3984 omnia
3163 3929 3399 3996 robore,
3442 3935 3508 3986 ut

1849 4017 1995 4074 mihi
2019 4017 2271 4082 videtur,
2304 4022 2543 4088 superet
2565 4018 2802 4072 veritas.
2837 4017 2919 4073 lta
2947 4022 3028 4088 ut,
3064 4017 3114 4072 si
3141 4019 3277 4089 quis
3330 4023 3388 4074 et
3443 4019 3504 4074 in

1849 4121 1961 4161 nos
1988 4105 2278 4171 viventes,
2306 4105 2443 4160 etin
2474 4120 2584 4160 nos
2634 4110 2902 4160 mortuos
2965 4105 3187 4162 frustra
3235 4122 3307 4162 ac
3375 4106 3505 4162 sine

1849 4194 2010 4249 exitu
2036 4192 2212 4248 vellet
2234 4193 2560 4264 insurgere,
2585 4191 2730 4247 nihil
2753 4192 3012 4264 amplius
3059 4193 3140 4248 illi
3187 4193 3306 4264 ﬁet,
3366 4210 3508 4250 cum

1848 4298 1943 4338 res
1979 4282 2145 4354 ipsae,
2187 4285 2244 4336 et
2264 4296 2385 4336 una
2413 4281 2518 4352 qui
2541 4296 2642 4336 eas
2669 4280 2965 4353 profunde
2994 4281 3364 4353 intelliguntj
3377 4283 3504 4339 udi-

1851 4375 2130 4442 cantque,
2199 4373 2406 4425 contra
2447 4368 2796 4426 reclament.
2857 4392 2886 4419 «
2930 4373 3142 4426 Muscae
3197 4371 3507 4443 putridum

1848 4450 2112 4515 reddunt
2139 4457 2361 4524 oleum,
2399 4480 2420 4506 ι
2454 4457 2596 4512 dicit
2625 4457 2886 4534 sapiens.
2916 4461 2983 4514 Et
3011 4459 3281 4532 pluchra,
3341 4460 3501 4516 volet

1852 4547 2099 4620 quidem
2119 4545 2366 4612 invidia,
2392 4561 2517 4601 non
2533 4546 2749 4617 poterit
2766 4563 2909 4603 vero
2934 4564 3317 4622 corrumpere
3338 4549 3504 4621 apud

1853 4653 1956 4693 eos
1975 4635 2080 4709 qui
2101 4634 2330 4706 judicio
2357 4635 2622 4705 gaudent
2645 4641 2702 4692 et
2734 4637 2890 4707 juste
2946 4637 3149 4694 volent
3202 4638 3503 4711 inquirere

1852 4730 1912 4781 et
1935 4724 2228 4797 judicare.

115 4821 322 4891 φθόνος
345 4816 665 4889 βουλήσεται
689 4820 767 4888 (ὅ)
798 4820 910 4889 μὲν,
963 4817 1022 4869 ού
1089 4813 1369 4874 δυνήσεται
1436 4813 1495 4868 δὲ
1558 4818 1703 4887 παρὰ
1763 4820 1868 4875 τοῖς
1939 4822 2056 4866 νοῦν
2122 4815 2314 4884 ἔχουσι
2384 4833 2474 4865 και
2543 4810 2760 4875 δικαίως
2819 4814 3069 4879 ἑξετάξειν
3135 4834 3226 4867 και
3291 4811 3503 4885 διαιτᾷν

115 4910 500 4981 αἱρουμένοις.

200 4995 289 5048 Οὐ
349 4999 454 5066 μὴν
494 4993 625 5063 ἀλλ’,
675 4999 758 5046 ἵνα
805 4999 875 5067 μὴ
919 4999 1036 5068 περί
1095 4997 1281 5046 τούτου
1337 4993 1501 5045 πολλὰ
1581 4993 1744 5064 λέγειν

113 5088 380 5157 ἔχοντες,
421 5103 512 5134 και
578 5085 748 5136 πάντα
803 5083 1026 5145 καθεξῆς
1064 5088 1370 5155 πειρώμενοι
1407 5080 1594 5152 λέγειν,
1641 5080 1745 5134 ἐτέ-

201 5210 289 5277 (1)
311 5209 523 5264 Vetere
551 5207 678 5277 lege
709 5208 1007 5264 sancitum
1038 5211 1164 5261 erat
1189 5211 1272 5273 ut,
1303 5221 1413 5278 pro
1468 5210 1743 5276 surrepto

111 5282 297 5337 bove
310 5296 456 5344 uno,
477 5279 742 5350 quinque
757 5278 1163 5344 redderentur,
1182 5282 1440 5349 quatuor
1451 5292 1595 5331 oves
1632 5292 1742 5348 pro

115 5367 283 5408 una.
307 5350 496 5406 Exod.
515 5366 660 5406 χιιι.
687 5356 708 5405 1

227 5428 291 5484 2)
320 5430 416 5478 An
449 5421 666 5477 excidit
693 5429 847 5474 τοῦτο
869 5425 897 5476 ?

227 5497 292 5567 3)
367 5493 626 5567 Veritas;
657 5495 966 5567 παγκρατὴς
1020 5489 1202 5567 dicta__
1235 5488 1346 5567 fuit
1379 5488 1740 5567 Δβείιοιῃζιὶίίἱ

113 5559 310 5626 Stob.
341 5566 432 5633 tit,
459 5570 517 5620 7.
564 5559 870 5620 Eschin'es
921 5566 1122 5618 orator
1166 5559 1312 5616 ibid.
1371 5561 1433 5614 l6
1489 5578 1502 5617 :
1563 5559 1741 5621 Οὕτως

1922 4995 2216 5060 Attamen,
2245 5004 2322 5044 ne
2341 5005 2501 5055 cum,
2537 4989 2612 5045 de
2632 5005 2703 5045 eo
2727 4990 2914 5046 multa
2933 4990 3128 5045 dicere
3159 4989 3485 5060 possimus,

1852 5081 1900 5136 si
1921 5078 2156 5150 singula
2180 5078 2375 5134 dicere
2415 5082 2796 5146 tentaremus,
2857 5078 3040 5134 aliam
3096 5077 3256 5134 viam
3311 5093 3500 5151 quam

1853 5206 2076 5279 ἰσχυρὸν
2117 5202 2252 5255 ἐστιν
2320 5201 2556 5263 ἀλήθεια,
2611 5204 2745 5252 ὥστε
2781 5203 2982 5254 πάντων
3035 5200 3326 5278 ἐπικρατεῖν
3392 5212 3493 5255 τῶν

1850 5273 2182 5349 ἀν’θίρὼπίνῳν
2220 5273 2505 5344 λογισμῶν,

1915 5345 1994 5416 (4)
2023 5345 2239 5401 Eccles.
2269 5361 2328 5412 x,
2366 5350 2411 5398 l.

1917 5413 2114 5490 (5)7An
2147 5413 2542 5490 repetendum
2581 5413 2854 5490 σαπρίςειν
2878 5414 3082 5472 animo
3111 5416 3140 5471 ?
3331 5420 3498 5490 puto.

1846 5483 2415 5616 Excii'tllisitﬁvgrbum
2441 5483 2720 5552 videtur;
2761 5483 3048 5558 ἀμαυροῦν,
3093 5487 3263 5544 verbi
3291 5483 3496 5554 causa,

1848 5576 1964 5616 sim
2012 5575 2045 5616 e
2159 5574 2198 5613 u
2247 5598 2260 5611 .

1848 5574 2045 5616 simne
2077 5574 2260 5616 811110..
