4050 6306
574 231 710 286 1479

1919 205 2289 274 NICEPHORI
2315 194 2580 268 CHUMNI

3790 225 3899 280 1480

571 352 943 428 propositam
969 363 1375 423 sequeremur,
1408 347 1537 404 haec
1558 360 1776 404 censeo
1805 341 1952 401 mihi
1972 338 2220 398 omnino

2336 354 2426 407 ραν
2481 345 2571 397 τῆς
2627 344 2968 413 προκειμένης
3019 345 3190 415 εἴημεν
3251 349 3549 417 τραπέντες,
3603 352 3775 400 ταῦτα

574 443 904 500 omittenda
926 457 995 498 ac
1019 443 1137 496 Deo
1152 438 1511 495 conﬁdenda
1521 437 1625 510 qui
1637 435 1842 493 omnia
1857 432 2085 489 novitet
2099 444 2222 485 ma-

573 533 793 590 nifesta
825 537 881 588 et
910 531 1192 599 obscura,
1230 533 1556 584 etmanum
1578 525 1807 582 veritati
1847 519 2094 597 porrigit
2123 532 2222 573 ne-

571 638 691 695 que
718 621 856 676 sinit
884 635 1020 677 eam
1052 633 1496 690 aquocumque
1545 615 1701 672 vinci
1731 619 1833 672 aut
1863 605 2222 668 conculcari.

573 709 885 782 Reliquum
919 711 1008 766 est
1031 711 1094 764 ut
1115 707 1191 765 ad
1209 707 1586 780 propositum
1607 705 1851 762 redeam
1870 700 2053 773 idque
2084 710 2222 753 con-

572 799 796 857 ﬁciam.

643 975 1001 1035 Volebamus
1015 976 1190 1048 igitur
1201 975 1364 1033 bona
1375 977 1580 1032 nostra
1596 973 1912 1046 disponere
1927 970 2224 1026 nostram-

573 1081 692 1140 que
717 1067 791 1123 de
818 1067 888 1122 iis
911 1066 1276 1122 voluntatem
1303 1063 1650 1121 statuere.ld
1671 1057 2220 1134 igiturperﬁcimus,

573 1156 951 1230 propositum
976 1160 1253 1212 nostrum
1287 1153 1704 1227 adimplentes.

656 1335 722 1390 Et
754 1349 825 1391 ea
854 1337 1164 1391 estnostra
1186 1330 1487 1402 voluntas,
1518 1333 1583 1386 ut
1602 1343 1781 1401 super
1822 1324 2104 1382 omnibus
2123 1323 2227 1379 bo-

573 1422 666 1478 nis
697 1423 940 1489 nostris,
983 1423 1120 1478 vitae
1151 1425 1369 1477 nostrae
1410 1421 1575 1476 socia
1603 1424 1659 1475 et
1687 1432 1889 1474 comes
1915 1415 1993 1471 ad
2043 1413 2226 1483 hujus

577 1513 710 1568 vitae
739 1511 1079 1568 felicitatem
1127 1510 1204 1566 ab
1261 1511 1392 1582 ipso
1470 1510 1588 1564 Deo
1651 1505 1943 1563 conformi
1988 1517 2228 1559 mecum

575 1601 782 1657 anima
810 1605 1042 1672 parata,
1073 1599 1489 1667 constituatur,
1515 1602 1572 1652 et
1600 1602 1665 1652 ut
1691 1601 1826 1652 ante
1857 1593 1975 1650 alia
2012 1591 2228 1648 animae

2334 421 2473 477 δοκῶ
2503 448 2594 500 μοι
2619 430 2869 491 παντελῶς
2899 438 3172 504 παρήσειν,
3223 439 3308 486 καὶ
3373 455 3433 507 γε
3488 445 3560 507 τῷ
3634 445 3750 508 Θεῷ
3809 439 3906 512 θαρ-

2329 517 2498 589 ρῆσαι
2559 520 2708 570 πάντ’
2773 517 2934 574 εἰδότι
3003 527 3092 574 καὶ
3139 526 3328 596 φανέρὰ
3369 530 3457 578 καὶ
3562 525 3759 598 ἀφανῆ,
3834 536 3902 580 καὶ

2329 613 2488 681 χεῖρα
2556 609 2787 682 ὀρέγοντι
2833 619 2895 683 τῇ
2957 609 3171 685 ἀληθείᾳ
3222 617 3311 664 xui
3383 611 3552 686 μηδὲν
3609 620 3769 668 ταύτν
3838 619 3903 668 ὑπ’

2331 691 2542 758 οὐδενός
2567 703 2700 769 μήτε
2751 702 3056 772 κρατεῖσθαι
3118 707 3249 773 μήτε
3303 706 3732 757 καταπατεῖσθαι
3794 726 3904 777 συγ-

2331 793 2593 859 χωροῦντι
2635 807 2648 820 °
2691 786 2867 840 λοιπὸν
2913 785 2962 841 δ’
3029 788 3088 842 ἆν
3156 790 3231 849 εἰη
3284 796 3411 866 πρὸς
3467 797 3528 845 τό
3597 800 3902 868 προκείμενον

2331 871 2588 927 ἐπανιέναι
2613 881 2703 929 καὶ
2727 879 2792 928 τὰ
2815 886 2905 938 τῆς
2929 881 3221 954 προθέσεως
3251 889 3646 956 συμπεραίνειν,

2404 967 2597 1027 Σκοπὸς
2622 973 2746 1037 γοῦν
2768 967 2829 1024 ἦν
2884 969 3007 1040 ἡμῖν
3072 974 3186 1043 περὶ
3248 979 3347 1022 τῶν
3401 973 3754 1045 ὑπαρχόντων
3804 972 3903 1027 διει-

2335 1053 2517 1106 θέσθαι
2565 1057 2652 1106 καὶ
2708 1059 2801 1113 τὴν
2846 1055 2893 1107 ἕν
2941 1060 3140 1118 τούτοις
3193 1061 3438 1133 ἡμετέραν
3496 1069 3721 1135 γνώμην
3777 1061 3902 1122 εὗδε-

2332 1141 2416 1194 λον
2450 1144 2630 1198 θεῖναι.
2673 1149 2850 1197 Τοίνυν
2891 1150 2981 1199 καὶ
3006 1153 3416 1223 συμπεραίνομεν
3476 1147 3616 1216 ἠδη,
3675 1157 3761 1204 τόν
3811 1173 3904 1205 σιο-

2331 1234 2427 1283 πὸν
2460 1231 2764 1305 πληροῦντες
2788 1235 2864 1307 (1)

2410 1325 2509 1372 Καὶ
2541 1319 2840 1394 βουλήσεως
2869 1327 3028 1386 οὕτως
3063 1329 3270 1400 ἔχομεν,
3311 1326 3395 1381 ἐπὶ
3452 1335 3594 1382 πᾶσι
3650 1339 3764 1394 τοῖς
3816 1329 3906 1384 οὗςι

2337 1414 2430 1466 τὴν
2452 1419 2544 1462 τοῦ
2576 1409 2698 1483 βίου
2757 1419 3016 1467 κοινωνόν.
3057 1413 3135 1466 ἐπ’
3191 1413 3499 1490 εύδαιμονιᾳ
3559 1422 3756 1472 τούτου
3811 1429 3908 1494 πρὸς

2335 1498 2638 1572 όμοψυχίαν
2704 1500 2758 1554 ἐκ
2806 1508 2930 1556 Θεοῦ
3013 1511 3428 1580 συνηρμσμένην,
3521 1514 3717 1580 κυρίαν
3792 1515 3912 1562 καθε-

2339 1589 2544 1654 στάναι,
2599 1593 2687 1640 καὶ
2743 1609 2801 1660 γε
2853 1594 2952 1664 πρὸ
3010 1600 3107 1642 τῶν
3166 1593 3325 1645 ἄλλων
3380 1602 3472 1654 τῆς
3527 1594 3666 1667 ἐμῆς
3757 1597 3914 1668 {au-gi;

573 1706 726 1747 meae
757 1706 963 1746 curam
987 1689 1227 1758 habeat,
1257 1686 1552 1761 quidquid
1577 1685 1937 1742 conveniens
1976 1685 2086 1754 est,
2118 1696 2225 1753 pro

2341 1673 2594 1750 φροντίδα
2668 1681 3008 1745 πεποιῆσθαι,
3082 1687 3182 1732 πᾶν
3247 1684 3340 1734 ὄσο
3418 1690 3733 1756 γιγνόμενόν
3803 1686 3914 1738 ἐστιν

575 1794 649 1835 ea
671 1783 938 1835 statuens
957 1794 1152 1850 neque
1183 1776 1582 1833 sollicitudine
1612 1791 1747 1847 quae
1797 1773 1909 1845 ipsi
1956 1771 2225 1835 debetur,

573 1867 834 1924 inferior.
870 1870 936 1924 Et
955 1883 1098 1922 sane
1124 1867 1341 1922 animae
1362 1881 1510 1922 meae
1539 1865 1802 1920 studium
1840 1857 2230 1916 habentilice-

572 1957 661 2015 bit
687 1956 936 2015 omnino
959 1955 1253 2030 quidquid
1270 1955 1387 2029 ipsi
1411 1954 1708 2013 videbitur
1747 1969 1820 2010 ex
1857 1950 2007 2009 meis
2057 1948 2232 2008 bonis

574 2047 939 2119 impendere,
956 2063 1152 2119 neque
1176 2047 1357 2102 ullam
1380 2047 1672 2102 rationem
1691 2045 1764 2100 de
1785 2041 2076 2114 impensis
2097 2040 2229 2095 red-

575 2137 736 2193 dere.
778 2137 1060 2193 autdeiis
1087 2153 1224 2210 quae
1268 2136 1470 2206 egerit.
1527 2138 1593 2190 Et
1638 2134 1772 2190 filiis
1820 2131 2224 2188 haereditatem

575 2228 883 2300 praestabit
911 2233 968 2283 et
988 2228 1118 2284 aliis
1141 2243 1354 2297 genere
1378 2226 1752 2299 propinquis.
1780 2227 1846 2280 Et
1862 2223 2044 2278 servis
2073 2222 2227 2278 bene

576 2317 767 2384 faciet,
801 2321 856 2373 et
891 2316 1007 2372 alia
1027 2317 1232 2372 omnia
1257 2332 1366 2389 pro
1390 2319 1682 2388 potestate
1699 2315 1893 2381 faciet,
1926 2318 1990 2368 ut
2045 2329 2081 2368 a
2122 2329 2228 2370 no-

575 2405 668 2462 bis
688 2406 951 2479 plurima
980 2421 1189 2462 eorum
1229 2404 1520 2470 dicentur,
1560 2409 1620 2461 et
1665 2403 1826 2461 dictu
1874 2403 2072 2474 magis
2127 2417 2229 2460 ne-

576 2497 840 2552 cessaria
869 2511 975 2567 per
1000 2498 1196 2568 partes
1213 2498 1608 2566 exponentur.

648 2769 823 2819 Porro
847 2760 993 2817 mihi
1020 2759 1104 2816 sic
1123 2759 1343 2817 volenti
1368 2776 1440 2818 ac
1467 2760 1805 2833 disponenti
1836 2759 2002 2817 nulla
2029 2759 2227 2818 obstat

574 2851 670 2908 lex
703 2855 808 2907 aut
836 2851 1187 2920 refragatur,
1218 2865 1412 2922 neque
1437 2849 1787 2906 contradicit
1819 2868 1831 2919 ;
1856 2849 1961 2905 sed
1989 2865 2222 2918 omnes,

574 2944 642 2997 ut
661 2940 744 2997 ita
771 2939 994 3008 dicam,
1019 2945 1147 2994 tum
1173 2938 1412 3008 divinae,
1436 2943 1563 2994 tum
1584 2939 1866 2994 humanae
1886 2938 2047 3008 leges
2068 2938 2144 2993 ad
2162 2937 2225 2993 id

2337 1765 2463 1838 ὑπὲρ
2532 1767 2696 1829 αὐτῆς
2759 1768 2994 1840 θεοφιλῶς
3066 1773 3418 1844 πράττουσαν,
3497 1779 3594 1826 καὶ
3669 1785 3765 1836 τῆς
3825 1783 3914 1848 περὶ

2339 1860 2532 1914 ταύτην
2607 1856 2890 1931 ἐπιμελείας
2955 1860 3049 1912 ούκ
3130 1859 3576 1934 ἀπαλλατομένην,
3666 1871 3771 1918 Καὶ
3836 1872 3915 1938 μὲν

2343 1945 2391 1998 ἐν
2417 1951 2583 2019 τούτῳ
2614 1953 2707 2006 τὴν
2741 1946 2978 2008 σπουδὴν
3005 1953 3204 2023 εχούση
3249 1952 3449 2013 ἐξέσται
3501 1956 3676 2024 ταύτῃ
3743 1959 3921 2017 πάντως

2337 2041 2426 2089 καὶ
2490 2041 2546 2088 τό
2601 2033 2790 2089 δοκοῦν
2855 2041 3064 2111 σύμπαν
3109 2039 3163 2091 ἐκ
3208 2049 3304 2092 τῶν
3353 2046 3686 2114 πραγμάτων
3748 2043 3924 2096 unli-

2341 2145 2450 2193 σαι,
2489 2123 2628 2198 μηδὲ
2679 2147 2780 2179 τινι
2835 2137 2934 2180 τῶν
3003 2127 3237 2182 ἁπάντων
3284 2127 3551 2202 μηδαμῶς
3603 2132 3766 2204 λόγον

2337 2219 2538 2288 χούση,
2575 2221 2707 2288 μήτε
2745 2226 2842 2278 τῆς
2899 2213 3157 2288 δαπάνης,
3211 2225 3343 2291 μήτε
3393 2228 3494 2272 τῶν
3551 2231 3925 2296 πραττομένων.

2342 2309 2441 2358 Καὶ
2476 2312 2630 2359 παισὶ
2661 2306 2885 2382 κλήρους
2913 2313 3213 2383 χορηγήσει
3251 2314 3340 2361 καὶ
3389 2317 3498 2371 τοῖς
3553 2318 3800 2382 γνησίως

2335 2394 2646 2467 λωςὲχουσι
2684 2400 2814 2468 πρὸς
2842 2401 3007 2468 γένος.
3046 2402 3144 2450 Καὶ
3182 2397 3383 2460 οἰκέτας
3413 2399 3467 2450 εὖ
3536 2407 3785 2458 ποιήσει.
3851 2407 3926 2454 Kal

2335 2484 2496 2537 τᾶλλα
2552 2487 2722 2538 πάντα
2769 2486 2954 2560 πράξει
3012 2485 3124 2538 κατ’
3183 2487 3441 2557 ἑξουσιαν,
3495 2491 3571 2550 ὡς
3656 2496 3753 2543 καὶ
3828 2495 3926 2562 ἡ,αό

2336 2573 2600 2646 εἰρήσεται
2665 2577 2732 2627 τὰ
2795 2573 2953 2626 πλείω
3015 2577 3208 2628 τούτων
3249 2581 3337 2629 καὶ
3408 2576 3607 2648 μᾶλλον
3689 2578 3926 2650 dar/112:

2334 2661 2583 2734 λεχθῆναι
2617 2665 2752 2716 κατὰ
2775 2668 2930 2738 μέρος
2968 2663 3250 2721 ἐκτεθέντα.

2406 2753 2564 2825 Ἀτάρ
2606 2751 2720 2825 ἐμοὶ
2760 2753 2894 2804 οὕτω
2945 2751 3325 2826 βεϐουλημένῳ,
3379 2755 3490 2827 ἅμα
3545 2753 3608 2808 δὲ
3680 2764 3776 2809 xui
3832 2753 3924 2810 διι-

2333 2843 2601 2916 τιθεμένῳ,
2642 2841 2966 2900 ἀντιτίθησιν
3017 2840 3186 2904 οὐδεὶς
3231 2846 3435 2904 πάντως
3489 2842 3610 2896 οὐδ’
3670 2846 3924 2916 durari-in

2335 2941 2435 2984 τῶν
2467 2936 2656 3004 νόμων,
2683 2932 2929 3004 οὐμενοῦν
2966 2929 3083 2984 οὐδ’
3116 2931 3365 3004 ἀντιλέγει
3424 2954 3437 2966 ·
3487 2933 3622 2986 ἀλλὰ
3653 2942 3751 2988 xui
3792 2939 3924 3002 θεῖος,

577 3029 758 3085 simul
780 3028 995 3096 ferunt,
1026 3027 1171 3084 mihi
1196 3044 1414 3100 nempe
1444 3033 1509 3083 ut
1532 3026 1707 3083 liceat
1744 3028 1819 3082 de
1857 3027 2005 3083 meis
2031 3027 2223 3083 facere

2336 3025 2398 3082 ὡς
2425 3021 2600 3087 εἰπεῖν,
2647 3021 2780 3082 ἅπας
2846 3023 3037 3094 θεσμός
3086 3027 3176 3075 xui
3229 3024 3552 3094 ἀνθρωπινος
3609 3029 3745 3096 πρὸς
3805 3029 3925 3077 τοῦθ’

573 3117 870 3190 quidquid
891 3115 1046 3172 volo.
1072 3118 1154 3171 Ac
1175 3115 1353 3170 simul
1375 3115 1519 3188 quid
1532 3115 1750 3186 justius
1771 3121 2139 3188 esset,quam
2160 3121 2228 3174 ut

575 3222 646 3262 ea
671 3221 806 3278 quae
828 3206 1181 3277 omniaquae
1203 3209 1440 3271 egomet
1460 3205 1607 3276 ipse,
1636 3204 1970 3276 participat,
2003 3221 2098 3261 me
2128 3207 2227 3262 de-

574 3294 798 3360 functo,
844 3309 1027 3366 super
1063 3293 1136 3350 iis
1166 3293 1342 3350 bonis
1378 3294 1792 3364 constituatur,
1831 3295 2056 3368 quippe
2091 3311 2226 3368 quae

573 3383 722 3440 nihil
748 3384 950 3438 minus
988 3398 1173 3454 quam
1205 3382 1352 3454 ipse,
1373 3382 1452 3438 ad
1482 3398 1552 3439 ea
1582 3398 1832 3454 operam
1865 3385 2228 3440 contulerit?

577 3472 832 3541 Contigit
855 3471 1014 3527 enim
1044 3470 1242 3536 nobis,
1275 3477 1331 3527 et
1361 3472 1580 3528 mirum
1615 3473 1674 3528 in
1707 3473 1956 3529 modum
1987 3474 2229 3545 contigit

578 3560 824 3615 domum
873 3559 1194 3630 adaugere,
1247 3575 1371 3615 non
1409 3561 1596 3616 modo
1639 3562 1920 3618 metendo
1952 3563 2058 3618 ubi
2105 3578 2228 3619 non

573 3649 1106 3720 seminaveramus,
1123 3653 1180 3705 et
1202 3649 1540 3718 colligendo
1553 3651 1713 3707 unde
1727 3651 2128 3723 disperseram
2137 3669 2226 3722 us,

573 3743 631 3794 et
659 3737 1140 3794 benedictionem
1172 3752 1295 3794 non
1326 3738 1512 3794 modo
1543 3738 1622 3794 ab
1679 3740 2104 3797 accedentibus
2134 3757 2227 3798 ac-

573 3827 870 3900 cipiendo,
904 3827 1011 3883 sed
1039 3831 1095 3883 et
1123 3825 1202 3882 ab
1228 3827 1298 3882 iis
1326 3826 1431 3899 qui
1451 3831 1793 3883 nostrorum
1815 3830 2037 3885 conscii
2057 3834 2228 3886 erant

572 3920 630 3973 et
664 3915 840 3973 nobis
864 3931 1221 3989 prosperum
1245 3930 1589 3972 successum
1617 3921 1674 3972 et
1695 3916 1811 3973 alia
1833 3917 1997 3974 bona
2019 3907 2224 3990 preca’.

569 4006 791 4063 bantur
817 4026 829 4076 ;
855 4009 1010 4079 (quae
1027 4005 1156 4063 sola
1169 4005 1322 4062 ratio
1343 4021 1521 4076 agros
1534 4005 1681 4062 solet
1703 4007 1955 4079 pingues
1975 4008 2223 4064 reddere

570 4100 627 4152 et
645 4095 871 4152 fructus
896 4095 1244 4168 producere,
1280 4099 1339 4151 et
1376 4094 1590 4150 uberes
1636 4094 1858 4150 reditus
1917 4099 1974 4151 et
2025 4096 2223 4152 abun-

569 4186 840 4242 dantiam
866 4184 1251 4251 afferre;dum
1273 4185 1579 4241 contraria
1597 4184 1750 4241 ratio
1777 4184 1948 4240 valde
1971 4200 2041 4241 ac
2065 4187 2222 4256 juste

571 4275 827 4343 abradit,
860 4278 917 4330 et
946 4289 1142 4346 neque
1171 4290 1448 4343 manum,
1479 4289 1676 4346 neque
1699 4273 1896 4329 sinum
1935 4274 2224 4347 adimplet

2335 3111 2463 3182 ὁμοῦ
2531 3114 2798 3184 φέρουσιν,
2859 3108 3052 3173 ἕξεῖκαί
3100 3131 3190 3184 μοι
3251 3119 3414 3164 ποιεῖν
3474 3111 3563 3164 ἐπὶ
3622 3122 3740 3176 τοῖς
3807 3114 3928 3186 ἐμοῖς

2333 3205 2435 3251 πᾶν
2467 3201 2588 3252 ὅσον
2612 3198 2890 3272 βούλομαι.
2918 3199 3060 3273 ’Ἅμα
3108 3198 3170 3253 δε
3214 3205 3304 3252 καὶ
3357 3197 3566 3253 δίκαιον
3618 3208 3676 3255 τί
3728 3203 3790 3255 ἀν
3853 3210 3928 3273 γέ-

2334 3308 2470 3341 νοιτο
2531 3291 2718 3342 τούτου
2760 3309 2819 3361 γε
2871 3289 3081 3361 μᾶλλον,
3124 3291 3154 3349 ἢ
3222 3294 3317 3349 τὴν
3368 3293 3574 3343 πάντων
3661 3294 3733 3343 ὧν
3794 3295 3932 3354 αὑτός

2336 3381 2542 3451 μετέχω
2597 3383 2685 3431 καὶ
2728 3381 2924 3436 ταύτην
2975 3379 3028 3442 ἐξ
3073 3381 3188 3444 ἴσον
3267 3383 3606 3452 μετέχουσιν,
3696 3382 3791 3435 ἁτε
3862 3390 3934 3434 xxi

2336 3464 2501 3539 μηδὲν
2565 3468 2719 3525 ἧττον
2774 3468 2944 3520 αἰτίαν
2996 3467 3333 3540 γεγενημένην
3380 3465 3511 3540 μηδ’
3583 3470 3808 3522 ὓαττον
3882 3491 3933 3528 εις

2335 3563 2500 3609 ταῦτα
2529 3555 2942 3630 συμϐαλομένην,
2977 3555 3053 3608 ἐπ’
3085 3557 3262 3618 αὐτοῖς
3321 3559 3548 3622 τούτοις,
3605 3560 3744 3631 ἐμοῦ
3806 3562 3935 3621 ὑπεξ-

2339 3647 2519 3713 ιόντος,
2585 3650 2675 3698 καὶ
2730 3645 2974 3707 καθάπαξ
3023 3645 3455 3716 ἐγκαταστῆναις
3532 3645 3776 3717 Ἐγένετο
3850 3653 3934 3719 γάι-

2336 3736 2482 3807 ἡμῐν,
2524 3738 2615 3786 καὶ
2639 3736 2772 3786 πάνυ
2812 3753 2864 3785 τι
2885 3733 3053 3794 καλῶς
3108 3732 3318 3804 ἐγένετο,
3380 3735 3466 3785 τόν
3525 3735 3676 3786 οἶκον
3724 3735 3938 3798 ἐπαυξῆ-

2338 3844 2448 3892 σαι,
2483 3824 2577 3876 ούκ
2603 3826 2658 3875 ἐκ
2690 3830 2780 3876 τοῦ
2816 3823 3032 3898 θερίζειν
3061 3827 3213 3895 μόνον
3252 3825 3378 3874 ὅπου
3453 3827 3546 3874 καὶ
3600 3823 3935 3899 ἐσπείραμεν,

2334 3916 2418 3966 καὶ
2475 3915 2712 3985 συνάγειν
2765 3913 2876 3965 ὅθεν
2925 3908 3364 3985 διεσκορπίσαμεν
3416 3913 3518 3982 (2),
3564 3918 3664 3965 xui
3721 3933 3790 3986 γε
3863 3920 3938 3971 τὲν

2333 4003 2569 4076 εὐλογίαν
2598 4006 2669 4073 μη
2717 4006 2868 4073 μόνον
2922 3999 2978 4052 ἐκ
3023 4009 3124 4052 τῶν
3182 4005 3492 4074 παριόντων,
3553 3999 3694 4054 ἀλλὰ
3750 4023 3807 4056 τι
3865 4011 3938 4055 xxi

2332 4101 2430 4145 τῶν
2459 4086 2770 4144 συνειδότων
2813 4091 3016 4142 πάντων
3076 4093 3165 4141 καὶ
3219 4094 3313 4148 τήν
3371 4089 3614 4147 έῦθηνίαν
3667 4092 3806 4164 ἡμῖν
3864 4099 3938 4144 καὶ

2331 4181 2492 4234 τᾶλλα
2551 4188 2651 4232 τῶν
2705 4179 2913 4251 ἀγαθῶν
2963 4183 3374 4252 συνευχομένων,
3427 4184 3785 4254 καρποῦσθαι
3823 4205 3839 4218 ο
3895 4185 3940 4243 ἐς

2334 4268 2401 4328 δή
2426 4275 2516 4323 καὶ
2545 4273 2700 4343 μόνος
2727 4273 2917 4345 τρόπος
2947 4267 3171 4344 ἀρούρας
3201 4265 3313 4321 οἶδε
3363 4273 3587 4322 πιαίνειν
3654 4277 3751 4324 καὶ
3825 4292 3942 4347 xz;-

571 4364 838 4420 metentis
867 4368 924 4419 et
945 4363 1298 4436 colligentis')
1327 4382 1341 4433 ;
1375 4362 1481 4419 sed
1518 4367 1576 4418 et
1602 4361 1792 4418 ﬁrmis
1828 4361 2138 4420 laboribus
2167 4368 2223 4428 et

2336 4365 2453 4422 πούς
2528 4359 2803 4435 ἐκτρέφειν,
2871 4363 2959 4411 καὶ
3037 4361 3296 4430 γεννιαίας
3341 4360 3431 4418 τὰς
3506 4357 3789 4422 ἐπιδόσεις
3861 4367 3942 4413 καὶ

572 4451 832 4506 consiliis
856 4451 1097 4522 optimae
1118 4451 1302 4523 hujus
1353 4467 1424 4507 ac
1469 4449 1761 4506 mirandte
1821 4451 2042 4506 uxoris.
2092 4455 2221 4509 Non

570 4536 633 4596 id
645 4539 899 4595 dicendo
917 4538 1223 4608 erubesco,
1245 4539 1532 4596 veritated
1544 4539 1825 4596 omnibus
1837 4555 2218 4614 praeponens.

570 4628 753 4686 Nobis
780 4627 1116 4684 vitaﬂoruit
1141 4643 1210 4685 ac
1249 4629 1528 4686 multum.
1560 4633 1978 4702 quantumque
2006 4630 2223 4688 licebat

568 4717 855 4793 profudit,
887 4716 1017 4774 aliis
1047 4733 1119 4773 ex
1141 4732 1264 4773 non
1291 4717 1624 4774 minoribus
1654 4717 1852 4786 initiis,
1906 4719 2030 4776 imo
2077 4736 2220 4778 vero

569 4825 644 4866 ex
670 4805 1028 4880 majoribus,
1058 4821 1181 4864 non
1210 4805 1424 4862 eadem
1459 4806 1712 4880 adeptis.

2330 4454 2446 4511 τοὺς
2496 4449 2853 4522 πλεονασμοὺς
2905 4448 3174 4522 εἰσφέρειν,
3233 4450 3300 4510 ὡς
3368 4455 3462 4501 τοῦ
3548 4447 3797 4504 ἐναντίου
3895 4470 3945 4522 γε

2328 4543 2522 4600 παντός
2575 4545 2628 4590 εὐ
2680 4537 2821 4610 μάλα
2869 4541 2959 4590 καὶ
3017 4533 3240 4599 δικαίως
3293 4536 3802 4612 καταξηραίνοντος,
3863 4561 3944 4590 ιιι

2330 4635 2458 4702 μήτε
2493 4633 2587 4686 τὴν
2651 4635 2812 4702 χεῖρα
2861 4630 2994 4699 μήτε
3044 4629 3132 4678 τὸν
3191 4625 3379 4678 κόλπον
3436 4626 3770 4698 πληροῦντος
3859 4635 3943 4679 τεῦ

2333 4719 2622 4793 θερίζοντος
2654 4721 2744 4769 καὶ
2773 4718 3084 4788 συνάγοντος
3113 4736 3126 4749 ο
3157 4715 3285 4767 ἀλλὰ
3332 4734 3387 4767 τι
3437 4721 3533 4768 καὶ
3583 4726 3706 4781 ταῖς
3759 4719 3943 4777 καλαῖς

2331 4807 2665 4881 φιλοπονίαις,
2717 4805 2826 4878 ἅμα
2883 4801 2942 4858 δε
2988 4808 3078 4858 καὶ
3124 4808 3411 4879 περινοίαις
3465 4807 3537 4879 (3)
3604 4816 3704 4869 τῆς
3800 4806 3942 4860 πάντ’

567 4897 793 4973 ἀρίστης
855 4899 1048 4958 ταύτης
1112 4900 1202 4949 καὶ
1272 4892 1576 4970 θαυμαστῆς
1649 4897 1936 4971 ὁμοζύγου.
1995 4899 2070 4952 Ού
2136 4901 2235 4978 γὰρ
2325 4901 2659 4971 ασχυνοίμην
2719 4895 2899 4967 λέγων,
2963 4897 3150 4957 παντὸς
3208 4893 3398 4967 μᾶλλον
3473 4905 3762 4971 προτιμῶν
3863 4905 3942 4950 cf:

643 5078 739 5150 (ﬁt),
757 5077 849 5135 Sic
876 5075 1196 5150 vernacule
1235 5097 1266 5127 «
1306 5075 1690 5150 remplissant
1734 5078 1789 5134 le
1837 5077 1967 5136 but.
2034 5099 2062 5130 »
2115 5078 2229 5136 Sed

571 5148 679 5222 qui
706 5148 1016 5222 diligenter
1047 5149 1318 5222 scribunt
1345 5148 1525 5205 talem
1554 5149 1840 5222 loquendi
1862 5151 2114 5207 modum
2142 5153 2228 5208 fu-

574 5219 762 5294 giunt,
820 5219 989 5292 cujus
1029 5220 1381 5294 metaphora
1421 5224 1507 5276 est
1559 5219 1962 5294 inconcinna;
2007 5237 2228 5294 scopus

574 5291 734 5346 enim
765 5291 1044 5362 tangitur,
1079 5308 1200 5364 non
1226 5291 1507 5364 impletur
1541 5310 1552 5359 ;
1589 5292 1667 5347 ad
1683 5308 1936 5364 scopum
1959 5291 2226 5364 perveni-

573 5376 733 5434 mus,
763 5379 902 5418 eum
932 5378 1054 5434 non
1097 5362 1440 5434 implemus.
1468 5363 1653 5434 rSﬁunt,
1682 5362 1880 5420 tamen
1937 5362 2032 5420 vel
2077 5364 2225 5420 boni

577 5432 895 5504 scriptores
922 5433 1026 5506 qui
1065 5432 1144 5489 ad
1168 5432 1329 5488 hunc
1357 5433 1622 5506 lapidem
1642 5433 2043 5506 impegerunt,
2061 5435 2225 5492 aliud

576 5508 820 5578 agentes
848 5504 1132 5578 profecto:
1161 5504 1437 5578 Possem;
1460 5505 1508 5559 si
1537 5505 1631 5560 his
1672 5504 1871 5578 essent
1897 5505 1993 5561 hic
2030 5505 2220 5578 locus,

573 5575 796 5648 Harpii,
848 5574 1278 5648 ’Campofortii,
1331 5574 1604 5634 viVorum
1655 5577 1835 5636 etiam
1891 5574 2221 5652 eorumque

2337 5075 2957 5136 excellentissimorum
2969 5073 3302 5144 hominum,
3317 5074 3597 5149 exempla
3610 5076 3672 5134 in
3685 5077 3944 5135 medium

2336 5151 2796 5296 prgfitrgspectu
2823 5218 2899 5276 ad
2925 5217 3053 5296 haec
3084 5217 3266 5296 verba
3319 5217 3584 5296 Matthaei
3614 5235 3764 5286 xxv,
3819 5224 3888 5277 2t
3933 5235 3940 5268 :

2335 5290 2555 5366 Σκληρός
2595 5290 2639 5345 ei
2667 5292 2956 5367 ἄνθρωπος,
2992 5290 3204 5364 θερίζων
3241 5290 3372 5342 ὅπου
3413 5292 3512 5344 οὐκ
3553 5295 3838 5367 ἔσπειρας,
3873 5308 3941 5343 κει

2336 5359 2569 5436 συνάγων
2591 5366 2702 5436 ὅθεν
2729 5359 2787 5436 οὗ
2816 5359 3214 5436 διεσκόρπισας.

2329 5433 2672 5566 29(i3()':.Conf.
2707 5433 2924 5492 similia
2952 5433 3118 5507 apud
3141 5435 3385 5505 Gregor.
3415 5435 3700 5507 Nazianz,
3736 5442 3782 5496 ι.
3820 5437 3864 5506 1,
3895 5448 3938 5506 Ρ.
