4050 6306
156 255 270 320 1481

1534 252 2080 317 TESTAMENTUM.

3362 250 3499 320 1482

153 386 396 447 ἀλήθειαν·
430 379 761 441 ἓνευθήνησεν
790 380 937 453 ἡμῶν
966 379 992 433 ό
1023 377 1141 455 βίος
1158 384 1250 436 καὶ
1276 380 1515 436 πλεῖστον
1542 369 1614 443 είς
1643 382 1767 435 ὅσον
1793 381 1898 435 οἶόν
1923 401 1978 436 τε
2007 370 2069 442 ἧν
2098 381 2151 446 ές
2204 386 2271 438 τὰ
2307 382 2541 459 μάλιστα
2607 380 2823 460 προῆκε,
2875 388 2976 435 τῶν
3041 379 3227 456 ἄλλων,
3281 382 3375 438 οὐκ
3444 383 3502 449 ἕξ

152 474 410 529 ἕλαττόνων
435 478 536 524 τῶν
565 467 828 546 ἀφορμῶν,
859 468 988 523 ἁλλοί
1013 488 1074 542 γε
1097 466 1188 525 καὶ
1216 469 1387 542 πολλῷ
1408 469 1680 545 μειζόνων,
1704 469 1763 522 οὐ
1794 472 1861 525 τὰ
1886 469 1982 525 ἶσα
2004 477 2500 548 κατακτησαμένων.

215 562 341 636 Ἐγὼ
403 563 495 636 μεν
559 562 661 634 γὰρ
727 557 842 612 ὅλον
914 557 1133 633 ἐμαυτόν
1204 556 1417 622 ἐπιδοὺς
1472 566 1583 622 τοῖς
1640 564 1738 613 τοῦ

1909 562 2032 633 Ego
2069 562 2312 636 quidem
2326 568 2520 620 totum
2546 559 3035 635 meimperatoris
3045 560 3235 634 jussis
3257 560 3498 619 tradens

148 658 449 730 κρατοῦντος
516 646 835 722 κελεύσμασι
893 652 984 702 καὶ
1060 655 1175 712 ταῖς
1231 648 1358 723 ὕπερ
1409 657 1509 702 τῶν
1555 655 1738 704 κοινῶν

151 742 457 819 πραγμάτων
513 736 809 812 ἀσχολίαις.
876 735 1002 813 ἦγον
1072 736 1280 813 οὐδαμῆ
1360 738 1561 812 σχολὴν
1637 745 1737 792 τῶν

149 831 257 885 κατ’
319 829 458 884 οἶκον
511 826 916 902 ἐπιστρέφεσθαι
977 832 1068 882 καὶ
1119 827 1557 904 προσαναλίσκειν
1621 830 1738 882 τού-

149 936 253 983 τοις
276 935 460 979 πονους
496 920 587 969 καὶ
626 912 923 993 φροντίδας·
976 916 1107 976 αὕτη
1167 913 1228 970 δι
1272 921 1332 970 τό
1392 916 1582 980 ἑαυτῆς
1624 915 1738 971 ὅλον

147 1007 415 1083 πληροῦσα
451 1010 541 1058 καὶ
583 1008 643 1057 τὸ
695 1003 814 1079 έμόν
865 1003 973 1058 ἀντ’
1030 1004 1156 1079 ἐμοῦ
1220 1010 1591 1082 συνεισέφερεν.
1652 1005 1740 1070 Ἐξ

149 1097 206 1150 οὗ
235 1094 300 1157 δὴ
332 1100 405 1170 μὴ
445 1099 600 1169 μόνον
620 1089 772 1147 οὐδὲν
821 1101 920 1148 τῶν
987 1097 1162 1164 ὄντων,
1211 1096 1330 1149 ὅποι
1380 1101 1451 1170 μη
1506 1105 1740 1170 προσῆκε

151 1182 406 1262 διαρρυὶν,
439 1181 801 1259 παραπώλετο,
842 1181 971 1237 ἀλλά
1009 1199 1059 1237 τι
1115 1188 1205 1238 καὶ
1258 1180 1516 1258 πρόσοδοι
1569 1188 1734 1260 ταύτῃ

146 1280 234 1329 καὶ
260 1277 511 1349 πορισμοί
562 1275 618 1326 εκ
671 1268 892 1326 δικαίων
950 1281 1050 1326 τῶν
1100 1277 1304 1347 τρόπων
1361 1271 1735 1343 ἐπενοήθησαν,

147 1381 234 1418 και
271 1364 502 1439 περισσά
554 1369 628 1434 τῷ
682 1364 808 1434 οἴκῳ
873 1365 1006 1436 μετὰ
1060 1362 1248 1425 πολλῆς
1301 1370 1392 1426 τῆς
1442 1368 1562 1438 περί
1616 1368 1739 1428 τοὺς

143 1455 363 1516 πένητας
413 1451 825 1523 εὐσπλαγχνίας,
884 1450 1076 1505 πολλοῦ
1140 1467 1229 1505 και
1285 1459 1379 1506 τοῦ
1442 1452 1738 1528 περιαλγεῖν

142 1559 233 1595 και
259 1548 369 1604 τοῖς
410 1536 752 1613 δυστυχοῦσι
809 1541 1100 1614 συμπαθῶς
1156 1539 1597 1614 έπικάμπτεσθαι,
1646 1546 1738 1596 καί

141 1646 203 1704 γε
257 1625 568 1703 διαφέροντα
640 1636 738 1681 τῶν
808 1627 969 1681 ἄλλων
1048 1628 1340 1701 γεγένηται,
1403 1649 1494 1683 και
1570 1629 1740 1704 πολλῷ

141 1717 330 1792 μᾶλλον
373 1717 632 1789 ἐπαινετὰ,
704 1717 734 1775 ἦ
794 1719 927 1769 κατά
998 1721 1092 1776 την
1166 1719 1475 1791 θαυμαστὴν
1526 1716 1740 1789 ἕκείνην,

140 1825 235 1860 και
270 1811 447 1881 μόναις
470 1813 587 1867 ταῖς
627 1813 720 1858 τοῦ
774 1806 1099 1879 Σολομῶντος
1152 1812 1380 1880 σοφίαις,
1431 1804 1639 1882 οὐδαμῆ
1689 1805 1740 1862 δ’

1845 655 1904 708 et
1916 665 2028 725 pro
2046 651 2355 726 republica
2366 650 2699 721 laboribus,
2712 664 3033 724 nunquam
3044 650 3219 708 omisi
3233 650 3496 725 propriis

1844 738 2192 798 incumbere
2240 740 2435 816 iisque
2482 756 2703 815 operas
2734 739 3243 814 cogitationesque
3268 739 3503 813 impen-

1845 827 2004 886 dere.
2021 829 2125 887 llla
2136 844 2298 902 vero,
2312 829 2609 905 quidquid
2620 828 2700 887 ad
2716 844 2779 886 se
2799 828 3140 902 pertineret,
3155 828 3499 903 adimplens

1845 917 1929 990 id,
1967 920 2136 993 quod
2164 921 2242 978 ad
2258 936 2357 978 me
2378 923 2670 995 spectaret
2687 934 2800 994 pro
2820 935 2919 975 me
2940 918 3302 977 conferebat.
3334 916 3501 975 Unde

1846 1024 1970 1068 non
2000 1011 2184 1069 modo
2201 1010 2350 1069 nihil
2376 1011 2678 1068 bonorum
2700 1006 2950 1067 efﬂuens
2976 1024 3099 1083 quo
3115 1024 3238 1066 non
3268 1011 3503 1083 oporte-

1844 1097 1969 1170 bat,
2023 1099 2363 1173 periittsed
2410 1103 2468 1157 et
2520 1098 2747 1156 reditus
2794 1101 2852 1155 et
2904 1097 3129 1155 fructus
3194 1113 3269 1154 ex
3319 1096 3502 1170 justis

1843 1188 2178 1246 rationibus
2200 1189 2519 1263 excogitati
2536 1193 2694 1260 sunt,
2711 1191 2768 1246 et
2785 1186 2996 1245 domni
3018 1185 3347 1261 superflua,
3362 1200 3505 1244 cum

1845 1276 2036 1335 multa
2072 1293 2218 1350 erga
2240 1292 2537 1353 pauperes
2584 1275 3328 1349 misericordia,multaque
3359 1288 3506 1346 erga

1846 1365 2111 1423 infelices
2140 1366 2560 1441 compassione
2582 1370 2640 1423 et
2670 1365 2970 1423 aﬂ‘ectu.et
3000 1365 3132 1422 aliis
3159 1363 3506 1439 praestantia

1845 1470 2152 1514 accessere
2180 1462 2238 1514 et
2263 1456 2452 1513 multo
2473 1455 2690 1528 magis,
2720 1454 2900 1512 laude
2920 1454 3106 1526 digna
3133 1469 3322 1527 quam
3359 1468 3499 1527 quae

1844 1544 2060 1602 mulier
2081 1544 2186 1603 illa
2215 1545 2515 1612 miranda,
2542 1544 2672 1601 sola
2688 1542 3023 1601 Salomonis
3045 1543 3359 1616 sapientia,
3380 1555 3506 1599 non

1847 1639 2049 1691 autem
2073 1633 2336 1705 aliunde,
2360 1634 2623 1701 inventa,
2647 1634 2859 1706 (quam
2878 1646 2989 1703 ego
3006 1630 3358 1688 illiberalem
3378 1629 3506 1703 opis

1846 1722 2020 1780 ﬁcem
2033 1723 2231 1797 potius
2245 1723 2503 1796 censeo),
2527 1722 2606 1780 ad
2625 1721 2831 1779 fusum
2857 1736 3000 1778 man
3009 1737 3075 1777 us
3092 1719 3425 1778 admovens
3440 1721 3502 1776 et

1847 1810 2053 1869 laneas
2072 1816 2267 1869 vestes
2324 1810 2669 1881 conﬁciens,
2707 1815 2764 1867 et
2785 1809 2846 1866 in
2865 1809 3019 1867 lanis
3044 1824 3116 1866 ac
3140 1808 3505 1866 vestimentis

138 1896 323 1965 ἄλλως,
381 1894 739 1971 ἕξευρημένην,
796 1896 857 1955 ἣν
913 1893 1013 1967 ἐγὼ
1062 1904 1423 1972 σμικροπρεπῆ
1473 1915 1590 1951 τινα
1652 1914 1741 1952 και

1850 1917 1923 1959 ac
1967 1900 2309 1974 duplicibus
2360 1899 2638 1968 lacernis,
2687 1905 2746 1956 et
2767 1899 2930 1956 victu
2950 1903 3009 1956 et
3032 1898 3504 1955 domesticorum

135 1990 557 2060 χειρωνακτικην
626 1984 814 2055 μᾶλλον
874 1984 1092 2058 νομίζω,
1143 1988 1274 2061 πρὸς
1327 1987 1583 2059 ἄτρακτον
1647 1989 1744 2051 τάς

134 2081 325 2152 χεῖρας
435 2069 740 2148 έρείδουσαν
849 2092 937 2126 και
1028 2072 1288 2127 ταλασιῶν
1401 2074 1739 2150 ἐπιμελουμέ-

1848 1990 2076 2047 mensis
2092 2005 2163 2047 ac
2181 1989 2401 2047 talibus
2423 1989 2701 2047 virtutem
2716 1991 2772 2045 et
2794 1987 3073 2045 ardorem
3102 1991 3162 2045 ct
3185 1981 3509 2060 magnani-

1851 2081 2118 2136 mitatem
2170 2078 2451 2137 ostendit.

133 2178 256 2233 νην,
277 2182 366 2216 και
393 2167 511 2239 περί
537 2165 651 2239 ἔρια
674 2181 765 2216 και
794 2165 1108 2237 ἱματισμοὺς
1136 2178 1225 2217 και
1256 2160 1451 2228 δισσὰς
1482 2166 1720 2238 χλαίνας,
1761 2186 1852 2223 και
1877 2173 2125 2242 σιτηγίας
2144 2186 2234 2222 και
2273 2166 2536 2243 τραπέζας
2596 2165 2806 2221 οἰκετῶν
2856 2165 2953 2240 (ί),
3006 2182 3095 2220 και
3146 2172 3386 2234 τοιαῦτα,
3445 2165 3506 2218 τὸ

136 2256 384 2307 σύντονον
404 2272 495 2305 και
527 2248 817 2306 σπουδαῖον
846 2272 936 2306 και
965 2252 1282 2327 μεγαλοφυές
1322 2249 1621 2311 δεικνῦσαν.

210 2340 350 2397 Ἀλλ’
424 2341 546 2418 ὅπερ
619 2344 766 2415 ἔφην,
834 2347 937 2395 τίνι
1009 2342 1200 2416 μαλλον
1270 2341 1598 2419 ἐπιτρεπτέον
1678 2342 1740 2399 ἃν
1821 2344 1830 2351 ’

131 2430 219 2491 εἴη
252 2428 359 2505 μετ’
392 2430 478 2504 έμὶ
532 2432 598 2483 τὰ
648 2429 765 2483 κατ’
838 2430 925 2504 ἐμὲ
972 2451 1062 2484 και
1118 2433 1363 2507 ἡμέτερα,
1423 2433 1467 2488 εἰ
1518 2440 1591 2509 μὴ
1649 2455 1741 2490 και

128 2523 321 2595 παρὼν
377 2520 474 2594 ᾖγε
552 2526 720 2573 ταῦτα
799 2518 1169 2594 ἐπιτετράφθαι
1218 2518 1326 2576 δεῖν
1401 2525 1580 2596 ἔγνων,
1651 2541 1742 2579 καε

129 2608 536 2683 ἐπιτέτραπται.
592 2608 735 2668 Αὕτη
799 2624 889 2661 και
957 2609 1121 2672 καλῶς
1180 2609 1291 2684 οἶμα
1348 2629 1440 2666 και
1497 2614 1744 2688 θεοφιλῶς

126 2697 497 2771 οἰκονομήσει,
560 2701 655 2758 τὴν
718 2696 803 2751 έπί
860 2696 1023 2751 πᾶσιν
1109 2698 1346 2763 ἐξουσίαν
1433 2721 1523 2756 και
1609 2703 1742 2758 έλευο

126 2785 319 2861 θερίαν
352 2793 446 2839 τοῦ
479 2782 610 2861 δρᾷν
637 2789 773 2840 κατὰ
812 2784 1068 2860 βούλησιν
1122 2786 1431 2861 ἀνέγκλητον
1486 2792 1742 2855 παντελῶς

118 2890 223 2930 και
249 2876 463 2949 κρείττω
503 2872 853 2950 δικαστηρίου
888 2880 1081 2940 παντὸς
1114 2877 1339 2950 ἔχουσα,
1396 2878 1547 2934 πάντ’
1610 2881 1742 2936 έσεί-

121 2982 225 3018 ται
293 2967 653 3038 συμφερόντως
704 2963 815 3037 ἅμα
868 2976 958 3017 και
1020 2971 1255 3039 κοσμίως
1319 2963 1737 3042 διαπραξαμένη.

120 3055 244 3107 Καί
276 3056 399 3113 τοὺς
433 3051 676 3129 κλήρους,
733 3055 864 3128 πρὸς
920 3052 1015 3114 τήν
1083 3053 1210 3128 ἐμὴν
1269 3057 1445 3130 ὁρῶσα
1506 3064 1738 3132 γνώμην,

124 3143 304 3203 οὕτως
336 3136 628 3216 παρέξεται.

1922 2346 2055 2416 Sed,
2088 2350 2155 2404 ut
2189 2345 2487 2415 dicebam,
2525 2345 2767 2403 cuinam
2797 2349 2934 2419 post
2962 2360 3059 2402 me
3107 2343 3306 2418 potius
3344 2354 3506 2400 coma

1849 2436 2202 2494 mandarem
2230 2452 2369 2509 quae
2398 2436 2477 2492 ad
2515 2450 2613 2492 me
2633 2436 2931 2508 pertinent
2957 2450 3028 2491 ac
3056 2438 3281 2500 nostra,
3306 2432 3421 2490 nisi
3450 2437 3509 2490 et

1848 2541 2114 2600 praesens
2129 2524 2213 2582 illi
2259 2524 2674 2582 commendari
2717 2527 2991 2597 oportere
3032 2522 3370 2580 statuissem
3403 2539 3416 2578 :
3446 2524 3504 2578 et

1849 2614 1933 2672 illi
1959 2613 2384 2672 commendata
2412 2617 2571 2670 sunt.
2596 2612 2697 2669 Illa
2721 2612 2881 2670 enim
2903 2616 2959 2668 et
2982 2611 3134 2668 bene
3157 2614 3215 2667 et
3232 2609 3508 2681 religiose

1849 2701 2312 2770 administrabit,
2333 2707 2391 2759 et
2421 2716 2558 2759 cum
2589 2701 2653 2758 in
2677 2701 2883 2758 omnia
2900 2704 3278 2774 potestatem,
3310 2702 3366 2755 et
3395 2712 3506 2771 pro

1849 2790 2154 2849 voluntate
2177 2790 2396 2862 agendi
2422 2790 2758 2846 immunem
2777 2788 3111 2845 libertatem
3134 2791 3189 2844 et
3214 2785 3383 2844 omni
3405 2786 3508 2842 tri-

1847 2879 2059 2938 bunali
2090 2879 2384 2952 majorem
2411 2879 2691 2935 habitura
2711 2882 2819 2950 est,
2851 2877 3057 2934 omnia
3085 2874 3509 2933 convenienter

1849 2974 1905 3028 et
1926 2969 2106 3042 digne
2127 2973 2389 3043 peraget.
2415 2970 2483 3025 Et
2527 2966 2903 3025 haereditates
2951 2965 3031 3024 ad
3077 2980 3279 3023 meam
3319 2967 3508 3021 atten-

1849 3059 2000 3117 dens
2049 3064 2334 3131 mentem,
2384 3058 2467 3116 ita
2513 3055 2973 3115 administrabit.

204 3209 426 3303 Πρῶτον
455 3233 547 3302 μὲν
572 3230 660 3283 οὖν
688 3231 814 3304 ὑπὲρ
850 3236 941 3293 τῆς
979 3229 1074 3305 ἕμῆ
1086 3251 1128 3301 ς,
1193 3234 1314 3307 ὅπερ
1386 3233 1530 3308 ἔφην,
1600 3232 1741 3310 φιλο-

1920 3236 2116 3295 Primo
2153 3234 2400 3312 quidem
2452 3234 2527 3292 de
2567 3250 2705 3293 mea
2725 3233 2951 3301 anima,
2977 3236 3044 3290 ut
3069 3229 3211 3301 dixi,
3255 3230 3508 3291 sollicita

114 3325 359 3378 πονήσει
379 3318 583 3392 ψυχῆς.
627 3323 729 3373 Καὶ
784 3327 880 3383 τῆς
933 3321 1229 3394 φιλοπονίας
1282 3326 1431 3377 ἔσται
1482 3325 1541 3378 τὸ
1601 3333 1740 3401 πρῶ-

110 3429 241 3464 τονο
295 3415 359 3481 τῇ
414 3416 506 3461 τοῦ
569 3416 702 3462 Θεοῦ
746 3414 928 3485 μητρί,
983 3414 1115 3486 πρὸς
1170 3412 1231 3470 ἣν
1288 3432 1378 3466 και
1441 3413 1489 3466 έν
1542 3405 1739 3478 κοὶλίας

112 3497 414 3575 ἐπερῥίφην
465 3501 682 3573 μητρὸς,
737 3516 825 3551 κκι
878 3499 941 3558 ἣν
989 3507 1081 3552 τοῦ
1138 3496 1262 3574 βίου
1344 3506 1534 3564 παντὸς
1616 3523 1741 3578 κρα-

108 3590 289 3643 ταιὰν
366 3589 561 3645 σκέπην
621 3586 828 3657 ἐθέμην,
995 3584 1062 3647 δὴ
1153 3595 1243 3643 καὶ
1335 3594 1740 3666 προσεκπνεύσω

107 3674 311 3737 ἡδέως
371 3693 431 3728 το
476 3683 681 3749 πνεῦμα
731 3695 1022 3749 προεμενος,
1080 3683 1243 3751 κακίᾳ
1275 3682 1366 3752 μὶν
1416 3685 1561 3755 πασῃ
1649 3686 1740 3735 καὶ

104 3784 364 3841 πονηριᾳ
390 3761 728 3827 δεδουλευκὸς
771 3771 949 3819 πίστιν
1016 3763 1069 3819 δ’
1119 3770 1258 3842 ὅμως
1303 3771 1461 3844 ὀρθὴν
1512 3774 1600 3824 καὶ
1646 3777 1740 3830 τὴν

105 3853 476 3929 εοῦασγγελικήν
518 3855 829 3929 περισῶζον,
884 3859 975 3908 καὶ
1032 3852 1126 3909 διὰ
1185 3860 1381 3917 ταύτην
1442 3863 1603 3932 μόνην
1651 3864 1739 3914 καὶ

103 3948 220 4007 τὰς
264 3942 318 3997 ἕν
344 3950 416 4013 τῷ
448 3940 552 4016 βίῳ
593 3948 867 4017 γενομένας
918 3942 1217 4017 ἀντιλήψεις
1274 3946 1516 4023 θαρροῦν,
1572 3946 1739 4021 μηδὲν

101 4029 383 4109 ἐμποδὼν
439 4038 536 4094 τῆς
590 4040 688 4085 τῶν
746 4031 879 4106 ἐμῶν
926 4037 1127 4107 τρόπων
1201 4042 1542 4111 γεγενημένης
1615 4058 1742 4112 φαυ-

98 4124 376 4186 λότητος,
406 4124 567 4194 ταύτῃ
599 4117 692 4187 δὴ,
722 4127 812 4175 καὶ
858 4118 952 4175 διὰ
999 4125 1194 4182 ταύτην
1257 4133 1321 4199 τῇ
1378 4125 1734 4201 ἀνατεθειμένη

96 4215 303 4284 ταύτῃ
335 4216 464 4282 μονῇ
498 4214 586 4263 καὶ
609 4209 731 4285 παρ’
760 4212 906 4285 ἡμῶν
965 4211 1018 4275 ἐξ
1075 4212 1242 4266 αὐτῶν
1302 4211 1552 4290 ἱδρυμενῃ
1603 4235 1739 4292 κρη-

95 4297 332 4365 πίδων,
372 4303 606 4374 χρυσίου
651 4304 953 4372 νομίσματα
993 4341 1005 4355 .
1046 4338 1063 4357 .
1105 4342 1121 4359 .
1163 4343 1178 4357 .
1223 4343 1239 4360 .
1278 4305 1608 4357 καθοσιῶσαι
1634 4305 1734 4376 (2).

89 4392 306 4461 ταύτῃ
344 4392 435 4441 καὶ
484 4390 572 4440 τὸν
630 4385 748 4461 ἐμόν
803 4397 942 4462 χοῦν
992 4389 1288 4466 προσρῖψαι
1343 4396 1434 4445 καὶ
1482 4391 1739 4467 βόρϐορον

88 4482 167 4534 τὸ
202 4479 415 4552 μιαρόν
456 4485 630 4551 σῶμα,
670 4482 760 4532 καὶ
807 4477 1009 4552 κρύψαι
1055 4480 1114 4532 τό
1170 4478 1462 4555 ἀκάθαρτον
1511 4489 1583 4553 τῷ
1646 4501 1740 4535 κα-

87 4572 279 4644 θαρῷ
313 4562 495 4639 ἄδᾶφει
523 4573 615 4619 τοῦ
643 4568 801 4644 ἱεροῦ,
829 4564 995 4641 μηδὲν
1023 4570 1113 4642 μὶν
1142 4572 1328 4624 τούτου
1392 4567 1524 4645 μηδ’
1575 4573 1740 4626 ἅπτε·
1772 4559 1818 4615 D

89 4662 260 4714 σθαι
296 4664 589 4727 προσῆκον,
616 4658 697 4710 ὅτι
742 4654 884 4731 μηδὶ
944 4659 1150 4732 θεμιτόν
1205 4657 1497 4736 ἀκάθαρτον
1554 4660 1739 4735 ἔγγὺς-

85 4750 261 4805 ὶέναι
319 4746 421 4799 τῶν
474 4746 736 4820 καθαρῶν,
787 4751 878 4800 καὶ
936 4743 1031 4801 διὰ
1076 4756 1231 4803 τοῦτο
1289 4752 1496 4825 μακρὰν
1552 4747 1740 4811 ἀπελη-

78 4837 339 4894 λοξσθαι
370 4832 562 4907 μᾶλλον
593 4831 818 4903 δίκαιον,
868 4840 955 4890 καὶ
1016 4835 1240 4901 ἑξῶσθαι
1294 4843 1386 4892 καὶ
1426 4838 1739 4916 ἀπερῥίφθαι

76 4926 359 5003 ἀχρεῖον
416 4919 465 4974 έν
519 4920 751 4997 ἀχρείοις
815 4928 906 4978 καὶ
957 4922 1177 4998 βέϐηλον
1223 4923 1273 4979 έν
1322 4923 1585 5000 βεϐηλοις.
1638 4931 1739 4981 Καὶ

72 5020 170 5077 ὧς
261 5011 356 5082 (3)
405 5008 509 5064 ἐκεῖ
568 5008 629 5065 δὲ
673 5016 902 5087 κείμενον
962 5011 1277 5068 ἀνακαλεσαι
1351 5019 1437 5085 σὺ,
1514 5017 1741 5090 πάναγνε

66 5103 381 5182 παρθένε,
421 5104 513 5154 καὶ
567 5109 728 5175 μῆτέρ
770 5109 863 5156 τοῦ
917 5106 1049 5180 πρὸς
1095 5103 1316 5167 ζήτησιν
1369 5103 1599 5169 έλθόντος
1650 5113 1741 5159 τοῦ

168 5301 281 5379 (Ι)
330 5296 503 5355 Prov.
540 5313 708 5379 XXXI,_
739 5303 803 5359 10
837 5317 858 5379 ξ
896 5297 1419 5379 ΓυνήκαΑάνδρείαν
1454 5305 1537 5379 τίς
1594 5303 1744 5379 rapi).

61 5372 300 5448 ση’;“,
354 5409 370 5425 ,
413 5410 429 5426 ,
467 5373 768 5448 μηρνομένη
832 5374 946 5448 (ora:
986 5378 1077 5427 καὶ
1138 5372 1295 5442 λίνον,
1362 5373 1602 5448 ξποίησεν
1651 5372 1743 5448 ἐυ-

54 5443 386 5528 χρήςτον
425 5443 554 5528 ταῖς
601 5443 795 5528 χερσίν
847 5443 1008 5507 αὐτῆς
1049 5484 1069 5528 ._
1106 5486 1119 5502 .
1164 5483 1185 5528 ε
1219 5449 1310 5499 καὶ
1358 5443 1633 5528 ἀνίσταται
1687 5446 1743 5528 ἐκ

50 5509 343 5581 gaza-6v
370 5518 461 5568 καὶ
489 5509 681 5569 ἔδωκε’
692 5512 953 5591 βρώματα
1005 5524 1079 5589 τῷ
1134 5517 1260 5592 οἴκῳ
1312 5520 1401 5571 καὶ
1454 5519 1582 5593 ἔργα
1628 5525 1744 5585 ταῖς

462 5674 710 5738 Pauca.
749 5677 850 5739 Gn.
891 5676 1041 5738 CXL.

1848 3326 1974 3385 erit.
2003 3329 2084 3384 Ea
2121 3329 2253 3399 ejus
2279 3326 2477 3400 prima
2507 3340 2652 3382 cura
2680 3323 2773 3395 sit,
2797 3323 2897 3380 Dei
2922 3321 3208 3393 genitrici,
3237 3321 3298 3378 in
3329 3320 3504 3393 cujus

1850 3417 2069 3483 sinum,
2129 3416 2269 3473 inde
2315 3431 2347 3472 e
2384 3420 2589 3472 ventre
2633 3413 2863 3484 matris,
2902 3411 3206 3486 projectus
3259 3426 3416 3480 sum,
3449 3413 3508 3468 et

1848 3521 2034 3579 quam
2065 3505 2196 3562 vitae
2225 3505 2425 3562 omnis
2453 3503 2721 3561 validam
2752 3501 3167 3575 protectricem
3191 3498 3502 3575 proposui,

1848 3594 1942 3651 cui
1956 3594 2221 3667 spiritum
2239 3593 2682 3664 commendans,
2702 3592 2872 3649 laetus
2893 3589 3243 3664 cxspirabo;
3271 3589 3508 3663 quispi-

1846 3683 2167 3751 ritus,licet
2186 3683 2350 3740 omni
2367 3682 2603 3739 malitiae
2618 3697 2688 3738 ac
2708 3680 2987 3754 parvitati
3000 3679 3288 3746 servierit,
3316 3677 3503 3734 ﬁdem

1848 3776 2049 3829 tamen
2069 3788 2275 3829 veram
2306 3777 2363 3828 et
2391 3770 2803 3841 evangelicam
2834 3768 3110 3836 servavit,
3144 3770 3201 3823 et
3228 3781 3335 3839 per
3368 3781 3505 3822 eam

1850 3860 2048 3917 solum
2078 3878 2149 3918 ac
2178 3865 2423 3934 propter
2456 3875 2560 3917 eas
2584 3875 2721 3932 quae
2748 3858 2810 3914 in
2828 3857 2970 3926 vita,
3002 3854 3224 3927 gratias
3253 3853 3502 3925 accepit,

1848 3949 2117 4017 conﬁdit,
2151 3965 2273 4006 non
2302 3949 2579 4005 obstante
2596 3961 2836 4003 morum
2865 3958 3141 4000 meorum
3166 3941 3424 4008 miseria,
3443 3941 3506 3997 Ei

1849 4045 1907 4098 et
1937 4043 2182 4113 propter
2205 4054 2340 4095 eam
2367 4036 2478 4092 soli
2502 4034 2726 4107 templo
2747 4050 2784 4090 a
2820 4032 2999 4089 nobis
3028 4046 3065 4088 a
3088 4029 3498 4087 fundamentis

1847 4134 2063 4195 erecto,
2080 4141 2294 4183 aureos
2305 4140 2591 4181 nummos
2790 4135 3160 4178 consecrare.
3180 4121 3299 4176 Hoc
3311 4132 3501 4191 prope

1846 4216 2141 4290 templum
2169 4213 2308 4272 volo
2355 4228 2524 4269 meos
2572 4211 2799 4269 cineres
2848 4214 2906 4267 et
2946 4208 3162 4271 lutum,
3210 4207 3503 4263 miserum

1846 4307 1963 4364 hoc
1988 4320 2207 4378 corpus
2236 4302 2477 4376 deponi,
2502 4306 2557 4359 et
2574 4302 2883 4373 impurum
2903 4313 3057 4372 puro
3074 4295 3278 4369 templi
3296 4295 3503 4353 limine

1847 4392 2162 4459 abscondi,
2189 4391 2356 4466 quod
2382 4390 2567 4447 limen
2590 4388 2739 4446 nihil
2758 4394 2961 4446 tamen
2982 4390 3227 4457 tangere
3239 4385 3500 4454 deberet,

1848 4500 1919 4543 eo
1947 4483 2115 4558 quod
2135 4480 2303 4539 nefas
2334 4479 2760 4553 sitquidquam
2782 4476 3002 4551 impuri
3023 4475 3189 4550 quod
3202 4475 3503 4532 mundum

1848 4579 1935 4632 est
1958 4580 2225 4646 tangere,
2257 4575 2314 4628 et
2345 4569 2575 4642 justum
2605 4572 2758 4626 esset
2795 4584 2999 4626 meum
3050 4582 3269 4641 corpus
3322 4564 3502 4637 longe

1846 4664 2011 4738 rejici
2040 4668 2099 4721 et
2128 4659 2343 4734 expelli
2359 4662 2537 4717 inane
2552 4660 2615 4717 in
2636 4659 2840 4716 inania
2861 4663 2917 4716 et
2942 4657 3264 4732 profanum
3284 4656 3347 4713 in
3367 4672 3503 4728 pro-

1848 4755 2008 4812 fana.
2024 4750 2256 4810 Etutibi
2268 4750 2478 4823 jacens
2497 4764 2718 4823 corpus
2735 4764 2976 4807 revoces
2999 4753 3080 4820 tu,
3113 4745 3504 4803 Immaculata

1848 4842 2047 4916 Virgo,
2065 4844 2325 4899 etmater
2352 4838 2513 4896 illius
2541 4853 2645 4912 qui
2670 4854 2807 4895 eum
2826 4837 2932 4911 qui
2963 4838 3263 4894 erraverat
3284 4832 3502 4906 quaesi-

1848 4936 1979 4990 tum
2007 4931 2190 4988 venit.
2224 4944 2367 4986 eum
2393 4928 2499 5002 qui
2526 4926 2811 4985 omnibus
2833 4925 3025 4998 culpis
3049 4926 3104 4980 et
3132 4921 3310 4979 malis
3340 4919 3503 4977 dela-

1847 5036 1996 5096 psus
2018 5022 2163 5090 erat,
2188 5024 2245 5078 et
2267 5018 2374 5093 qui
2393 5032 2612 5076 manus
2632 5016 2695 5073 in
2714 5030 2889 5073 cruce
2910 5011 3258 5076 tetenderat,
3286 5024 3410 5066 non
3434 5013 3502 5067 ut

1849 5111 2169 5172 attraheret
2194 5112 2252 5169 et
2275 5109 2585 5167 revocaret
2625 5108 2683 5162 et
2728 5103 2986 5162 salvaret
3009 5101 3205 5174 justos
3242 5103 3498 5183 tantum,

1922 5307 2003 5392 (2)
2049 5307 2336 5367 Relictum
2394 5309 2488 5392 est
2532 5303 2874 5392 l_1iicA:__qu_t_‘eAt~
2898 5296 3500 5392 in_fram1ion__semel.

1850 5385 2114 5454 spatium
2132 5393 2416 5449 vacuum,
2447 5390 2570 5450 quo
2590 5387 2982 5454 nummorum
3004 5387 3317 5454 numerus,
3333 5385 3502 5454 non-

1849 5440 2077 5535 dhma
2115 5440 2414 5510 testatore'
2458 5440 2832 5510 constitutus,
2884 5447 3094 5516 postea
3145 5447 3349 5517 posset
3408 5440 3501 5496 in-

1851 5523 2054 5582 scribi.

1921 5595 2001 5672 (3)
2062 5592 2285 5664 Codex,
2327 5591 2415 5657 ὣς.
3146 5669 3219 5737 4⁷
3470 5672 3503 5738 Δ
