4050 6306
582 291 716 366 1483

1915 299 2294 362 NICEPHORI
2333 299 2599 356 CHUMNI

3785 304 3898 359 1484

577 433 684 487 sed
731 436 793 488 ut
821 447 1031 487 omnes
1059 448 1090 487 e
1122 447 1308 488 manu
1333 433 1580 502 maligni
1623 433 1877 504 eriperet
1906 437 1960 486 et
1990 427 2209 484 nullum

2334 422 2671 485 πλανηθέντος
2734 425 2814 497 (1)
2871 447 2971 478 και¹
3029 446 3222 486 πασαις
3307 426 3587 499 ἁμαρτίαις
3657 446 3746 477 και
3820 436 3900 486 rei;

577 536 786 576 eorum
813 521 917 592 qui
947 520 1023 575 ad
1057 520 1246 591 ipsius
1275 521 1606 592 imaginem
1638 522 1772 576 facti
1803 525 1972 576 erant
2001 518 2229 573 amitte-

575 611 684 664 ret.
716 612 799 663 Ita
823 623 968 662 sane
998 607 1113 663 hoc
1141 613 1440 664 terrenum
1473 625 1690 680 corpus
1721 613 1807 664 tot
1833 604 2226 664 immunditiis

2338 516 2588 582 ἐσχάτοις
2657 522 2836 577 κακοῖς
2893 515 3437 586 έγκατολισθησαντος
3483 514 3804 585 πλάσματος,
3833 523 3901 566 xui

2335 621 2394 672 γε
2423 604 2516 663 τάς
2554 610 2740 676 χεῖρας
2768 609 3018 663 τείναντος
3048 609 3097 655 ἐν
3145 612 3374 676 σταυρῷ,
3434 603 3543 674 οὐχ
3601 605 3687 655 ἱνα
3736 600 3798 661 δη
3835 625 3902 656 και

575 701 922 769 corruptum
947 697 1208 752 advoces
1237 703 1292 752 et
1313 700 1582 754 animam
1609 699 1680 753 iis
1702 700 1872 768 (quot
1903 703 1958 751 et
1981 692 2209 766 quantis

2336 689 2587 763 ἀνελκύση
2648 711 2736 743 και
2786 690 3170 750 ἀνακαλέσηται
3227 712 3315 743 και
3386 698 3534 765 σώσῃ
3605 697 3788 764 μόνους
3839 690 3901 742 διο

571 785 688 840 scis
734 785 890 856 ipsa)
933 785 1298 841 maculatam
1339 786 1598 855 benigne
1643 787 1904 859 accipias
1950 791 2004 839 et
2033 796 2221 846 cures,

569 888 766 945 neque
793 877 1028 928 avertas
1051 890 1086 929 a
1113 890 1300 946 puero
1332 879 1432 930 tuo
1453 880 1565 930 tuae
1587 875 1969 947 protectionis
1992 871 2224 926 vultum

569 961 912 1018 salutarem.
928 962 1250 1032 Oportebat
1267 963 1424 1018 enim
1441 979 1551 1020 nos
1564 980 1702 1019 cum
1717 981 1786 1019 eo
1805 974 2053 1034 corpore
2075 975 2222 1031 quo-

569 1066 708 1106 cum
727 1051 1030 1107 reformati
1052 1067 1261 1106 sumus
1292 1052 1498 1108 Christi
1521 1054 1834 1124 sanguine,
1866 1058 1989 1107 tota
2017 1052 2136 1105 vita
2161 1049 2222 1103 in

568 1143 673 1194 tua
702 1138 885 1194 domo
933 1139 1144 1210 projici
1193 1140 1391 1212 (idque
1430 1157 1544 1196 nos
1593 1142 1816 1213 optime
1846 1140 2169 1199 decuisset)
2205 1157 2218 1204 ;

566 1228 856 1298 quoniam
878 1242 1019 1282 vero
1067 1227 1416 1300 decipientis
1442 1235 1498 1284 et
1526 1229 1849 1285 occidentis
1903 1228 2140 1283 fallacia
2164 1232 2220 1282 et

566 1313 706 1370 dolo
754 1321 810 1371 et
829 1331 1017 1387 prava
1045 1315 1331 1372 electione
1373 1317 1577 1373 anima
1611 1318 1689 1372 ad
1729 1318 1993 1372 divinam
2021 1321 2220 1370 creata

563 1403 888 1474 imaginem
919 1405 978 1459 in
1019 1405 1280 1460 tentoriis
1308 1413 1690 1476 peccatorum
1715 1406 1922 1461 maluit
1940 1405 2088 1460 illud
2115 1405 2218 1459 ha-

562 1491 752 1548 bitare
773 1493 1070 1563 (foetidum
1092 1493 1208 1549 hoc
1253 1496 1571 1550 tentorium
1600 1495 1776 1566 dico),
1817 1501 1873 1550 et
1900 1495 2101 1549 adhuc
2134 1494 2214 1548 vi-

562 1580 711 1636 dens
736 1582 900 1652 quod
923 1582 1086 1636 omni
1117 1581 1460 1654 impuritate
1488 1583 1850 1655 replebatur,
1871 1599 2030 1638 nunc
2052 1598 2216 1638 mor-

561 1676 731 1726 tuum
769 1669 995 1725 dimisit
1046 1671 1302 1726 maculis
1362 1671 1608 1742 plenum
1652 1679 1708 1728 et
1759 1674 2091 1744 projectum
2148 1672 2209 1726 in

559 1757 791 1814 delubri
819 1759 901 1813 tui
930 1758 1134 1814 limen.
1158 1762 1241 1815 Tu
1270 1767 1470 1815 autem
1495 1760 1778 1830 benigna,
1797 1767 1853 1816 et
1870 1762 2204 1816 misericors
2235 1791 2276 1844 Β

558 1851 616 1901 et
637 1846 1025 1917 compatiens,
1052 1851 1328 1919 etpreces
1345 1848 1696 1914 exaudiens,
1725 1849 2056 1904 immunda:
2077 1849 2204 1904 ani-

555 1949 671 1988 mae
692 1939 750 1990 et
770 1934 1007 2006 corpori
1038 1933 1376 2006 indulgeas,
1425 1953 1560 2009 qum
1600 1937 1875 2008 pessimis
1901 1936 2206 1992 desideriis

556 2027 611 2077 et
622 2021 1024 2094 voluptatibus
1045 2023 1288 2093 indigne
1310 2024 1574 2094 indignis
1592 2026 1936 2091 servierunt,
1957 2031 2012 2080 et
2030 2031 2201 2082 totam

551 2126 754 2166 meam
782 2115 1001 2168 terram
1033 2128 1068 2167 a
1098 2113 1369 2184 pessimo
1392 2113 1569 2169 Belial
1595 2119 1650 2169 et
1682 2114 1938 2185 peccatis
1968 2113 2202 2169 concul-

549 2203 748 2254 catam
782 2199 1106 2254 sanctuarii
1132 2200 1214 2255 tui
1255 2206 1423 2256 terra:
1456 2201 1708 2257 misceas
1736 2208 1791 2256 et
1819 2201 1998 2272 hujus
2035 2209 2202 2257 terrae

546 2286 761 2341 virtute
813 2287 1334 2355 salves;animam
1384 2305 1547 2355 vero,
1597 2305 1963 2361 quocunque
2013 2290 2197 2358 voles,

547 2378 650 2430 tuo
689 2375 851 2446 apud
896 2375 1105 2431 Filium
1151 2377 1486 2432 interventu
1532 2377 1806 2448 (ﬂectitur
1851 2379 2011 2432 enim
2058 2385 2113 2434 et
2146 2385 2196 2435 te

546 2462 1007 2518 intercedentem
1048 2464 1332 2534 exaudit),
1373 2465 1549 2534 longe
1570 2481 1605 2520 a
1635 2473 1924 2538 perpetuo
1946 2483 2192 2523 manen-

545 2551 705 2607 tibus
732 2551 1004 2621 ﬂagellis,
1034 2569 1103 2609 ac
1133 2555 1367 2610 aeternis
1400 2555 1704 2627 suppliciis
1734 2557 1952 2614 mittas.

543 2645 716 2692 τοίνυν
745 2638 830 2691 ἐπὶ
861 2638 1045 2712 ἀσώτῳ
1074 2641 1227 2713 ψυχῇ
1262 2647 1349 2694 xui
1374 2650 1596 2714 σώματι,
1626 2649 1716 2695 καί
1745 2665 1803 2715 γε
1827 2652 1941 2706 ταῖς
1971 2650 2252 2708 κακίσταις
2271 2644 2572 2715 ἐπιθυμίαις
2600 2646 2688 2694 καὶ
2715 2639 2932 2702 ἡδοναῖς
2986 2640 3195 2702 ἀτόποις
3247 2639 3474 2703 ἐκτόπως
3533 2637 3913 2704 δεδουὶενκότι,

544 2733 634 2780 καὶ
658 2733 750 2786 τὴν
781 2727 907 2800 ἐμὴν
935 2737 1034 2800 γῆν
1062 2729 1181 2796 ὃλην
1206 2738 1278 2801 τῷ
1302 2741 1510 2804 πονηρῷ
1536 2731 1714 2804 Βελίαρ
1745 2738 1831 2785 καὶ
1863 2741 1971 2794 ταῖς
2000 2733 2242 2807 ἁμαρτία
2267 2755 2313 2796 ις
2346 2735 2844 2802 καταπεπατημένην
2874 2738 2932 2802 τῇ
2966 2739 3056 2782 τοῦ
3081 2732 3215 2804 ἱεροῦ
3267 2731 3414 2801 μίξον
3463 2737 3562 2802 γῇ,
3619 2737 3720 2784 καὶ
3770 2741 3911 2784 σώσω

541 2837 602 2889 γε
629 2825 690 2889 τῇ
721 2821 918 2880 ταύτης
939 2815 1179 2892 δύναμιν
1208 2825 1303 2878 τὴν
1328 2816 1386 2872 δὲ
1413 2820 1619 2892 ψυχὴν,
1655 2823 1772 2874 ὅποι
1796 2826 1859 2874 σὺ
1893 2821 2090 2894 βούλει,
2121 2844 2247 2887 ταῖς
2273 2826 2397 2895 πρὸς
2425 2824 2512 2872 τόν
2543 2821 2653 2871 υἱόν
2679 2824 2963 2890 μεσιτείαις
2992 2820 3240 2890 (πείθεται
3254 2821 3374 2892 γὰρ,
3407 2838 3498 2870 και
3529 2819 3913 2890 πρεσϐεύοντες

543 2907 758 2980 ἑτοίμως
788 2906 1071 2979 ἐπακούει),
1099 2908 1276 2984 πόρρω
1295 2929 1394 2962 που
1433 2912 1611 2971 πάσης
1643 2909 1743 2964 uisi
1771 2917 2032 2984 μενούσης
2064 2915 2322 2984 μάστιγος
2359 2915 2447 2962 καὶ
2481 2907 2881 2981 βασανιζούσης
2908 2907 3141 2959 ἀθάνατα
3164 2907 3384 2978 πέμψον.

611 2998 1208 3068 Attamen,quoniam
1233 3015 1303 3054 ea
1331 2999 1582 3071 (oportet
1612 3005 1666 3055 et
1690 3017 1848 3055 nunc
1883 3007 1938 3056 et
1969 3017 2205 3072 semper

2389 2997 2462 3049 Ού
2503 3001 2605 3068 μὴν
2640 2994 2775 3066 ἀλλ’,
2835 2992 3012 3053 ἐπειδὴ
3079 3005 3264 3063 ταῦτα,
3307 2991 3424 3047 δεον
3493 2995 3551 3046 ὃν
3617 2999 3670 3048 ἓν
3739 3017 3800 3067 γε
3860 3005 3917 3062 τῷ

544 3091 744 3154 orare)
765 3093 822 3141 te
849 3087 1177 3158 oravimus,
1212 3092 1269 3143 et
1293 3104 1365 3143 ex
1385 3088 1454 3143 iis
1473 3088 1745 3160 plurimis
1775 3089 2207 3145 beneﬁciorum

2326 3105 2534 3158 παροντι
2587 3089 2676 3137 καὶ
2719 3085 2814 3136 διὰ
2865 3089 3056 3147 παντὸς
3112 3086 3370 3149 ἱκετεύειν,
3449 3085 3911 3157 καθαετεᾶσαμτι,

542 3174 846 3230 miraculis
885 3191 1020 3246 quas
1079 3192 1184 3246 per
1239 3183 1424 3232 Vitam
1476 3178 1703 3249 experti
1759 3195 1988 3247 sumus,
2040 3183 2093 3232 et
2132 3178 2207 3233 de

548 3262 761 3317 futuris
779 3264 1086 3335 possimus
1111 3263 1433 3331 conﬁdere,
1473 3281 1667 3337 neque
1689 3266 1763 3320 de
1787 3265 1975 3321 salute
2002 3274 2209 3322 nostra

550 3349 891 3421 desperare,
908 3352 1181 3422 permitte
1205 3369 1367 3409 nunc
1393 3355 1582 3408 nostri
1605 3354 1971 3410 valedictorii
1988 3371 2207 3411 sermo-

543 3438 638 3493 nis
669 3454 739 3495 ac
761 3441 1101 3495 testamenti
1121 3441 1350 3512 reliqua
1389 3442 1680 3498 conﬁcere
1694 3486 1706 3498 .

2335 784 2509 838 καίους
2587 799 2676 830 και
2744 785 2865 841 τούς
2940 782 3090 838 ἧττον
3167 783 3533 853 ἡμαρτηκότας
3570 822 3585 846 ,
3658 780 3761 831 ἀλλ’
3838 785 3901 831 in

2334 870 2525 927 πάντας
2583 873 2637 920 εκ
2685 873 2866 940 χειρός
2917 869 3130 942 ἁρπάσῃ
3199 877 3289 921 τοῦ
3345 877 3599 941 πονηροῦ,
3668 889 3756 920 και
3820 879 3898 921 τῶν

2332 959 2466 1007 κατὰ
2487 962 2579 1014 τὴν
2628 953 2768 1009 ἱὸίαν
2831 957 3000 1009 εἰκόνα
3047 962 3390 1029 γεγενημένων
3439 954 3691 1030 οὐδαμῶς
3746 954 3898 1010 οὐδενί

2333 1045 2597 1118 ζημιωθῇ.
2651 1052 2776 1112 Ναί,
2823 1066 2912 1098 και
2959 1049 3048 1098 τόν
3097 1054 3210 1108 ταῖς
3294 1045 3542 1107 ἀσωτίαις
3617 1051 3737 1117 ἐμόν
3800 1051 3895 1118 φθε-

2329 1139 2480 1204 ρέντα
2539 1143 2671 1206 χοῦν
2740 1133 3072 1198 ἀνακάλεσαι,
3120 1155 3210 1186 και
3277 1141 3370 1194 τὴν
3451 1135 3646 1207 ψυχήν
3711 1139 3891 1196 ταύταις

2329 1229 2732 1295 κατεστιγμένην
2779 1226 2917 1297 (ὁρᾷς
2985 1227 3197 1294 ὁπόσον)
3279 1224 3494 1295 εὐμενῶς
3566 1230 3768 1297 πρόσον
3830 1247 3895 1276 xm

2331 1313 2499 1379 ἴασαι,
2523 1332 2611 1364 και
2649 1317 2720 1384 μὴ
2781 1311 3116 1385 ἀποστρέψης
3174 1311 3274 1365 ἀπὸ
3330 1321 3420 1365 τοῦ
3467 1309 3671 1375 παιδος
3719 1333 3804 1365 σου
3849 1321 3890 1365 τε

2326 1408 2414 1460 τῆς
2503 1408 2602 1462 σῆς
2697 1405 2987 1462 ἐπισκοπῆς
3089 1408 3517 1473 κοσμοσωτήριον

2326 1489 2472 1544 Ἔδει
2497 1495 2585 1564 μεν
2619 1490 2719 1565 γὰρ
2753 1493 2894 1562 ἡμᾶς
2948 1492 3061 1563 μεθ’
3125 1492 3185 1544 οὗ
3239 1511 3326 1543 και
3379 1489 3777 1564 ἀνεπλάσθημεν
3819 1513 3899 1544 σν-

2327 1599 2485 1651 ματος
2537 1582 2728 1651 αἰμασι
2787 1582 2942 1642 θείοις
2991 1587 3226 1652 Χριστοῦ
3291 1580 3606 1642 ἐκλέξασθαι
3683 1582 3903 1655 παραρρε-

2327 1670 2570 1720 πτεῑσθαι
2591 1668 2779 1740 μᾶλλον
2812 1665 2905 1720 διὰ
2944 1667 3068 1740 βίου
3098 1672 3290 1729 παντὸς
3314 1674 3363 1720 'w
3392 1672 3516 1738 οῖκῳ
3566 1678 3642 1739 τῷ
3701 1679 3774 1740 σῷ
3814 1675 3902 1738 {xui

2328 1760 2467 1828 εἶχεν
2497 1757 2557 1808 ἂν
2601 1759 2723 1829 ἡμῖν
2773 1765 2927 1809 τοῦτο
2975 1756 3192 1829 καλῶς).
3222 1762 3330 1809 ἐπεί
3383 1754 3444 1809 δέ
3494 1765 3615 1819 τοῖς
3666 1766 3759 1810 τοῦ
3801 1761 3904 1810 ἀπι-

3631 1408 3728 1472 πρό
3737 1422 3896 1455 cvm-.02.

2322 1856 2509 1908 τῶντος
2563 1866 2652 1897 και
2709 1852 2997 1906 κτείνοντος
3075 1850 3394 1918 έμπαιγμοῖς
3463 1866 3556 1898 και
3636 1857 3903 1917 μηχαναῖς,

2320 1941 2410 1986 καί
2451 1954 2510 2005 γε
2562 1937 2816 2008 μοχθηρᾷ
2870 1942 2931 2006 τῇ
2986 1939 3308 2008 προαιρέσει,
3367 1936 3396 1992 ἠ
3449 1939 3584 2008 πρὸς
3639 1939 3736 1993 τήν
3795 1939 3907 1988 θείω

2319 2025 2492 2076 εἰκόνα
2540 2019 3002 2096 δημιουργηθεῖσα
3051 2023 3205 2094 ψυχὴ
3265 2030 3578 2095 σκηνώματι
3639 2025 3910 2099 ἁμαρτωλῷ

2319 2112 2508 2186 μᾶλλον
2538 2114 2811 2183 ἠγαπησεν
2853 2110 3171 2183 ἐγκατοικεῖν
3196 2112 3344 2180 (αὐτὸ
3401 2109 3468 2170 δη
3524 2113 3666 2184 λέγω
3727 2118 3786 2165 τὸ
3830 2112 3911 2166 ὅν-

2323 2197 2488 2262 σώὃες
2522 2206 2754 2270 σκῆνος),
2785 2206 2873 2252 καὶ
2905 2203 2977 2252 ἔτι
3040 2201 3164 2262 ζῶν,
3214 2200 3300 2252 οἵτε
3350 2197 3416 2258 δὴ
3473 2206 3570 2252 καὶ
3619 2204 3804 2262 πάσης
3841 2223 3914 2272 γε·

2320 2309 2414 2360 μον
2454 2287 2800 2361 ἀκαθαρσίας,
2855 2296 2943 2339 νῦν
2999 2284 3104 2340 ὧδε
3159 2291 3333 2360 νεκρόν
3396 2286 3569 2360 ἀφῆκε
3629 2293 3912 2361 στιγμάτων

2319 2383 2476 2449 γέμον
2534 2381 2622 2428 καὶ
2688 2375 2986 2450 ἐρριμμένον
3072 2374 3148 2427 ἐπ’
3235 2372 3456 2447 ἐδάφους
3539 2380 3914 2450 τεμενισμεὶτω

2320 2474 2419 2518 τῶν
2481 2473 2602 2517 σῶν
2663 2468 2726 2516 σύ
2762 2459 2820 2516 δὲ
2876 2468 3075 2525 πάντως
3128 2464 3358 2536 εὐμενὴς,
3405 2468 3726 2536 συμπαθὴς,
3779 2467 3912 2532 Dama

2321 2577 2411 2608 και
2464 2559 2822 2628 γοργέπήκοος
2871 2559 3001 2628 πρὸς
3050 2557 3272 2620 ἵκεσίας,
3343 2559 3431 2605 καὶ
3493 2553 3912 2626 σπλαγχνίσθττε

2315 3105 2534 3158 παροντι
2587 3089 2676 3137 καὶ
2719 3081 2814 3136 διὰ
2865 3089 3056 3147 παντὸς
3112 3086 3370 3149 ἱκετεύειν,

2316 3175 2416 3226 κάκ
2445 3183 2544 3226 τῶν
2576 3173 2623 3225 ἐν
2656 3169 2794 3243 τῷδε
2844 3182 2915 3243 τῷ
2977 3171 3078 3245 βίῳ
3118 3176 3232 3247 περὶ
3282 3173 3420 3244 ἡμᾶς
3471 3172 3745 3225 πλείστων
3803 3178 3914 3225 ὅσων

2315 3265 2661 3334 γεγενημένων
2715 3261 2764 3312 ἐν
2822 3260 3142 3334 εὐεργεσίαις
3201 3263 3477 3332 θαυμάτων
3560 3263 3760 3333 ἔχομεν
3846 3272 3918 3312 καὶ

2317 3357 2576 3426 περὶ.τών
2640 3349 2917 3406 μελλόντων
2977 3349 3200 3423 θαρρεῖν,
3259 3355 3346 3400 xui
3402 3359 3505 3400 τὼν
3566 3355 3706 3423 πρὸς
3759 3371 3918 3406 σωττο

2249 3430 2431 3512 δρίαν
2483 3439 2576 3490 οὐκ
2631 3437 3006 3508 ἀπογινώσκειν
3065 3433 3310 3503 ἐλπίδων,
3367 3442 3484 3509 φέρε
3536 3435 3610 3496 δὴ
3674 3460 3772 3492 και
3830 3448 3920 3496 τεᾶς

2317 3527 2437 3591 ἑξῆς
2471 3526 2775 3602 προσθῶμεν
2804 3536 2898 3579 τού
2950 3531 3331 3600 συντακτηρίου
3390 3531 3481 3579 καὶ
3531 3522 3920 3600 διατάγματος.

2390 3716 2453 3763 Τί
2504 3709 2800 3782 γοΰν;τοίς
2851 3707 2992 3782 ἐμοῖς
3041 3704 3321 3782 βασιλεῦσι
3377 3707 3545 3760 πολλὰ
3638 3707 3924 3762 δεδωκόσι,

2322 3799 2428 3851 ἐπεὶ
2459 3796 2624 3871 μηδὲν
2671 3797 2904 3860 ἀντάξιον
2966 3794 3325 3869 ἀπεδώκαμεν,
3369 3799 3475 3849 οὔτ’
3543 3801 3754 3871 ἔχομεν
3818 3799 3924 3851 ἐπτυ-

2325 3885 2527 3954 δούναι,
2566 3887 2659 3939 κᾶν
2686 3887 2806 3945 ὃλην
2863 3892 2958 3945 τὴν
3006 3895 3165 3960 χεῖρα
3219 3891 3591 3958 προσοὶσωμεν
3645 3909 3928 3960 γεμουσεε..

622 3707 774 3772 Quid
803 3705 983 3778 igitur
1014 3708 1042 3765 ?
1072 3707 1537 3780 Imperatoribus
1570 3709 1756 3765 nostri
1776 3710 2081 3783 quimulta
2112 3713 2210 3768 de-

548 3794 710 3866 dere,
743 3795 877 3852 licet
897 3796 1044 3852 nihil
1067 3797 1325 3852 invicem
1346 3798 1943 3872 reddidimus,neque
1963 3802 2212 3856 reddere

545 3901 896 3957 possumus,
938 3886 1169 3942 etiamsi
1220 3892 1408 3942 totam
1439 3903 1692 3944 manum
1732 3888 1975 3959 plenam
2003 3891 2214 3945 aﬁ’era-

550 3991 706 4045 mus,
740 3975 1048 4031 nuncideo
1065 3977 1312 4032 omnino
1335 3977 1509 4031 nobis
1531 3977 1931 4033 deﬁciendum
1967 3995 2095 4032 esse
2109 3995 2215 4051 pu-

549 4063 811 4119 tabimus
842 4065 870 4122 ‘P
894 4065 1009 4121 Sed
1029 4066 1286 4136 improbi
1303 4081 1633 4135 prorsusac
1661 4066 1879 4135 ingrati
1906 4068 2116 4123 merito
2130 4070 2200 4124 d1-

550 4168 838 4209 ceremur.
859 4153 1045 4219 Unde,
1077 4153 1184 4208 etsi
1210 4153 1412 4208 minus
1455 4155 1702 4222 dignum
1750 4155 1824 4209 sit
1850 4155 2215 4228 decensque,

551 4241 656 4295 sed
690 4247 888 4297 tamen
939 4241 1514 4314 quomodocumque
1537 4243 1914 4298 reddendum
1940 4255 2048 4311 est,
2078 4261 2211 4314 gra-

549 4327 812 4383 titudinis
833 4329 1216 4385 ostendendae
1245 4346 1450 4396 causa,
1471 4346 1685 4385 aureos
1713 4347 1996 4388 nummos
2155 4336 2213 4389 et

549 4430 622 4470 ex
660 4432 828 4487 aequo
857 4416 1008 4472 inter
1032 4421 1260 4473 Patrem
1293 4423 1349 4474 et
1376 4419 1885 4491 imperatorem,et
1919 4420 2127 4477 Filium
2158 4427 2212 4478 et

546 4503 972 4574 imperatorem
1025 4505 1332 4561 dividendi
1384 4511 1542 4563 sunt.

623 4594 833 4647 Postea
847 4608 1066 4664 pueros
1082 4597 1338 4659 nostros,
1359 4599 1419 4650 tu
1441 4611 1576 4666 quae
1592 4595 1745 4650 inter
1755 4612 1969 4652 omnes
1987 4603 2212 4654 matres

549 4679 704 4736 ﬁlios
759 4685 893 4735 tuos
936 4680 1156 4750 diligis,
1199 4683 1533 4749 considera,
1576 4684 1624 4738 si
1665 4683 1912 4754 quidem
1950 4693 2212 4757 quatuor

547 4769 723 4829 nobis
753 4769 857 4826 ﬁlii
891 4773 1046 4840 sunt,
1090 4775 1146 4825 et
1176 4769 1311 4826 duae
1340 4771 1502 4830 ﬁliae.

622 4862 686 4915 Et
713 4875 922 4915 earum
962 4859 1242 4930 primam,
1292 4876 1579 4931 sponsam
1622 4864 1739 4916 Deo
1775 4864 2046 4918 omnium
2081 4879 2186 4933 reg

550 4948 833 5004 libentem
868 4948 1060 5004 libens
1095 4947 1412 5004 offerentes
1445 4950 1891 5020 conjunximus.
1929 4952 2204 5008 Utinuam

551 5038 756 5093 divino
780 5037 880 5094 illo
907 5037 1040 5108 conj
1050 5038 1187 5107 ugio
1205 5054 1275 5094 ac
1297 5037 1565 5093 thalamo
1582 5054 1919 5112 numquam
1941 5040 2201 5111 decidat,

551 5141 749 5199 neque
760 5127 811 5197 ej
821 5143 887 5181 us
902 5125 1286 5198 splendorem
1298 5126 1530 5183 amittat
1563 5125 1576 5180 !
1606 5128 1778 5193 Quod
1792 5135 1992 5185 autem
2005 5145 2197 5202 perse-

2325 3975 2696 4048 ἀπολειφθῆναι
2727 3972 2821 4027 διὰ
2869 3983 3022 4027 τοῦτο
3083 3971 3189 4027 δεῖν
3250 3972 3380 4026 εἶναι
3430 3980 3524 4026 καὶ
3577 3985 3680 4028 τοῦ
3761 3983 3931 4033 παντες

2323 4062 2824 4137 ἡγησομεθα;ἀλλὰ
2879 4068 3095 4136 πονηροί
3142 4083 3273 4124 τινες
3339 4064 3543 4122 πάντως
3623 4071 3721 4116 καὶ
3793 4065 3932 4136 ἀγαθ-

2323 4173 2465 4225 μονες
2507 4151 2727 4215 δίκαίως
2766 4151 3072 4223 ἀκούσομεν.
3133 4151 3284 4204 ’Ὅθεν
3343 4152 3386 4203 εἰ
3439 4157 3532 4203 xui
3596 4160 3671 4224 μη
3735 4175 3792 4205 τι
3847 4151 3934 4205 οέεῖ

2321 4250 2410 4295 καὶ
2467 4242 2776 4315 ἀξιόχρεων,
2828 4240 2936 4292 ἀλλ’
2986 4236 3268 4292 ἀποδοτέον
3325 4242 3646 4306 ὁποσονοῦν,
3710 4240 3932 4314 δείγμα-

2321 4351 2406 4393 τος
2429 4331 2821 4402 εὐγνωμοσύνης
2859 4331 3296 4402 ἔνεκεν,χρυσίου
3347 4333 3667 4399 νομίσματα
3699 4373 3714 4384 .
3780 4375 3792 4384 .
3852 4374 3862 4383 .
3913 4372 3924 4381 .

2331 4463 2343 4475 .
2403 4464 2414 4474 .
2473 4461 2485 4472 .
2543 4462 2556 4474 .
2616 4461 2626 4473 .
2663 4423 2753 4469 καὶ
2795 4413 3077 4491 διαιρετέον
3104 4416 3156 4479 ἐξ
3179 4419 3298 4468 ἴσου
3328 4425 3401 4487 τῷ
3440 4436 3498 4479 τε
3519 4427 3694 4492 πατρὶ
3722 4426 3819 4470 καὶ
3849 4417 3930 4490 ῥε-

2324 4507 2476 4573 σιλες,
2507 4527 2597 4558 και
2626 4515 2697 4578 τῷ
2727 4508 2845 4576 υἱῷ,
2868 4511 2957 4556 καὶ
2989 4504 3198 4577 βασιλεῖ
3225 4508 3320 4574 (2).

2392 4600 2536 4650 Μετά
2563 4604 2734 4661 τοῦτο,
2784 4592 2982 4656 παῖδας
3026 4596 3192 4666 ἡμῶν,
3246 4596 3276 4652 ἡ
3331 4594 3579 4666 φιλόπαις
3639 4603 3708 4649 σὺ
3758 4604 3930 4649 πεσὼν

2320 4685 2508 4758 μᾶλλον
2557 4690 2754 4758 μήτηρ,
2824 4682 3124 4753 ἐπίσκεψαι,
3174 4686 3224 4734 οἶ
3281 4678 3349 4740 δὴ
3406 4689 3499 4736 καὶ
3550 4691 3806 4760 τέτταρες
3853 4701 3936 4755 μεθ’

2244 4764 2287 4818 D
2319 4777 2442 4846 ἡμῖν
2474 4777 2598 4840 υἱοὶ,
2635 4775 2907 4844 θυγατέρες
2943 4768 3001 4824 δὲ
3027 4769 3124 4823 δύο
3151 4775 3478 4843 γεγένηνται.

2391 4868 2489 4916 Καὶ
2519 4864 2713 4914 τούτων
2743 4866 2836 4918 τὴν
2876 4866 3106 4933 πρώτην,
3139 4863 3340 4932 νύμφην
3398 4869 3516 4934 Θεῷ
3584 4872 3661 4933 τῷ
3727 4863 3932 4934 βας-ὑεῖ

2313 4954 2515 5004 πάντων
2604 4949 2823 5002 ἑκοῦσαν
2899 4949 3097 5010 ἑκόντες
3185 4953 3422 5020 φέροντες

2316 5045 2413 5094 Καὶ
2461 5044 2656 5112 γένοιτο
2707 5042 2902 5095 ταύτην
2957 5043 3090 5109 μήτε
3143 5045 3234 5088 τοῦ
3289 5047 3570 5110 νυμφῶνος
3631 5047 3770 5112 μήτε
3847 5046 3928 5096 τὲς

2313 5132 2448 5192 θείας
2501 5123 2778 5187 παστάδος
2836 5125 3134 5193 ἀποπεσεῖν,
3197 5130 3331 5197 μήτε
3382 5134 3483 5189 τῆς
3541 5127 3751 5182 ἐκεῖθεν

3532 4951 3928 5024 ὲιηρμδτιξιῦ-

2309 5453 2373 5534 τά
2439 5451 2530 5534 dp?)
2616 5449 2904 5533 πορευθεὶς,
2993 5451 3140 5521 ζητεῖ
3209 5449 3267 5509 τό
3345 5446 3688 5532 πλανώμενον
3723 5445 3916 5526 :Conf.

2308 5533 2454 5674 Lué')
2480 5535 2822 5658 ἲξίάῗεὸηίοο
2855 5600 3080 5657 Seniori
3108 5604 3168 5656 et
3191 5599 3554 5659 Andronico
3582 5599 3841 5666 Juniori,

628 5451 701 5521 (1)
736 5447 1024 5532 Respectu
1054 5446 1130 5511 ad
1157 5447 1510 5527 parabolam
1538 5448 1683 5532 boni
1719 5457 1977 5532 pastoris
1999 5453 2194 5518 Matth.

552 5525 1038 5607 XV‘IH,‘12:A'Ee‘z3
1098 5525 1311 5607 γένηταί
1369 5550 1471 5582 τινι
1511 5525 1785 5607 ’ἀνθρωπῳ
1849 5535 1897 5607 ρ’
1963 5533 2200 5605 πρόϐατα

552 5597 642 5647 καὶ
708 5596 943 5667 πλανηθῇ
1004 5598 1052 5647 ἓν
1107 5596 1167 5658 νέξ
1223 5600 1407 5668 αὐτῶν,
1467 5596 1637 5672 ούχὶ,’
1677 5596 1815 5675 ἀφεὶς
1849 5596 1926 5658 ’τά
1981 5596 2060 5665 ’56⁸
2114 5610 2197 5658 ἐπι
