4050 6306
123 381 244 438 1486

1500 381 2034 445 TESTAMENTUM.

3314 389 3461 448 1486

114 510 375 579 προτητος.
422 503 509 565 Ὠς
561 506 651 576 μεν
712 499 801 554 οὖν
844 509 934 558 καὶ
983 508 1424 578 συμπαραμείνοι,
1479 511 1570 558 καὶ
1621 503 1687 558 δι’

1805 515 2076 566 veratura
2107 509 2180 566 sit
2207 515 2264 567 et
2287 511 2348 568 in
2378 516 2667 568 internum
2691 525 2832 566 cum
2858 524 3086 582 sponso
3138 513 3463 586 conjuncta

114 595 280 656 αἰῶνος
328 596 475 646 ἔσται
552 599 625 661 τῷ
697 597 900 664 νυμφίῳ
959 589 1330 666 συνδεδεμένη,
1384 590 1550 667 μηδὲν
1607 593 1696 646 λυ-

115 681 250 736 θεῖσα
304 689 394 742 τῆς
457 680 650 733 ἐκείνου
709 678 1084 753 φαὶδρότητος,
1131 679 1331 736 δίδωσι
1380 682 1582 757 θαῤῥείν
1608 689 1697 736 καὶ

110 779 207 833 τοῖς
260 774 606 843 φαινομένοις,
662 769 782 827 ὃλην
827 775 922 829 την
983 770 1171 842 ψυχὴν
1225 770 1490 833 ἐξόπισθεν
1541 771 1698 824 αὑτοῦ

109 863 442 934 πορευομένην
505 859 673 926 θεῖσα,
748 863 840 910 καὶ
904 863 998 916 τὴν
1060 855 1284 932 καρδίαν
1333 859 1452 917 ῶην
1518 856 1699 920 δεινῶς

107 957 174 1000 τῶ
202 949 342 1018 πόθῳ
375 945 696 1018 βεϐλημένην
731 951 820 998 καὶ
871 951 1190 1019 τετρωμένην
1250 945 1492 1020 ἀσφαλῶς
1559 947 1700 1019 αύτῷ

105 1035 559 1110 προσκολλήσασα,
635 1040 724 1087 καί
797 1054 856 1105 γε
943 1043 1040 1098 τῆς
1091 1035 1281 1088 ἐκείνου
1342 1033 1517 1100 δεξιᾶς
1562 1036 1699 1089 ἀντι-

104 1123 479 1196 λαμϐανομένης
517 1123 776 1195 ἐξημμένη
842 1128 931 1175 καὶ
985 1128 1110 1196 πρὸς
1144 1129 1238 1182 τὴν
1294 1123 1342 1176 έν
1387 1125 1528 1196 αύτῷ
1578 1144 1698 1196 χει-

101 1216 433 1286 ραγωγούσης
524 1215 878 1266 κατάπαυσιν.
959 1215 1134 1286 Ταύτῃ
1219 1233 1302 1266 τοι
1386 1219 1476 1266 καὶ
1550 1213 1703 1286 ὀλίγα

99 1305 255 1374 ταύτῃ
310 1298 525 1373 δεομένῃ
605 1310 705 1352 τῶν
756 1302 919 1366 κάτω,
980 1302 1063 1353 ὅτι
1106 1306 1177 1373 μὴ
1253 1307 1342 1355 καὶ
1387 1308 1554 1374 μόνων
1600 1312 1699 1355 τῶν

1806 595 2005 653 futura
2043 599 2136 666 sit,
2155 614 2352 672 neque
2379 615 2648 672 unquam
2673 599 2836 654 hunc
2857 597 3237 670 splendorem
3277 604 3458 659 amis-

1806 699 1966 751 sura,
1990 687 2353 744 conﬁdimus
2383 705 2456 745 ex
2486 689 2579 744 his
2617 704 2754 761 quae
2789 687 3061 743 videmus
3094 695 3251 746 :tota
3299 693 3458 749 enim

1808 775 2012 830 anima
2050 781 2185 848 post
2215 777 2383 834 Illum
2405 777 2604 843 currit,
2638 781 2696 832 et
2715 781 2909 832 totum
2935 792 3036 832 cor
3069 778 3220 834 miro
3250 796 3457 837 amore

1806 862 2147 933 perculsum
2177 872 2233 920 et
2267 865 2642 922 vulneratum
2674 864 2940 920 ﬁrmiter.
2976 865 3055 920 Illi
3098 866 3350 937 adunat,
3403 873 3459 926 et

1808 950 1936 1022 ejus
1966 950 2219 1008 dexterae
2250 961 2544 1026 protensaa
2591 953 2877 1019 adhaeret,
2908 970 3043 1025 quae
3078 956 3152 1011 ad
3197 957 3460 1028 quietem

1809 1044 2096 1096 aeternam
2124 1043 2322 1114 ipsam
2354 1043 2542 1098 ducit.
2581 1044 2723 1099 Huic
2750 1057 2895 1097 sane
2935 1044 3143 1114 paucis
3167 1045 3458 1115 indigenti

1807 1128 1998 1200 iisque
2029 1130 2170 1186 solis
2199 1148 2336 1204 quae
2377 1132 2744 1204 corruptibili
2800 1131 2896 1187 isti
2948 1132 3080 1188 vitae
3121 1136 3458 1192 necessaria

1809 1224 1966 1284 sunt,
1996 1235 2186 1290 pauca
2211 1225 2269 1276 et
2291 1236 2403 1275 nos
2418 1220 2830 1293 relinquimus,
2846 1220 3012 1292 quod
3041 1221 3216 1278 nobis
3229 1223 3458 1280 videtur

1809 1305 2080 1362 sufﬁcere
2110 1308 2528 1366 concedentes.

101 1391 386 1462 ἀναγκαίων
440 1397 502 1461 τῇ
593 1391 892 1464 φθέιρομενη
958 1389 1087 1461 ζωῇ,
1140 1390 1288 1463 όλίγα
1352 1396 1442 1456 xui.
1502 1393 1651 1462 ἡμεῖς
1702 1391 2146 1468 ἀπεμερισαμεθα,
2202 1401 2260 1449 τὸ
2333 1393 2491 1459 δόξαν
2552 1399 2722 1449 ἱκανόν
2782 1399 2966 1460 ἱκανῶς
3023 1403 3444 1473 χορηγήσαντες.

166 1485 266 1538 Τήν
295 1477 422 1551 ἐμὴν
461 1476 712 1549 μεγάλαις
757 1481 846 1549 μὲν
897 1486 1032 1531 Θεοῦ
1081 1475 1323 1552 δωρεαῖς,
1383 1479 1694 1552 ὑπερϐολαῖς

97 1565 157 1620 δέ
189 1587 326 1620 τισιν
364 1567 643 1640 οἰκτιρμῶν
683 1574 774 1618 τοῦ
829 1562 901 1618 δι’
953 1566 1112 1618 αὑτοῦ
1170 1567 1552 1640 βασιλεύοντος,
1614 1569 1692 1621 εύ·

94 1653 508 1728 δαιμονεστάτην
544 1659 629 1706 xui
687 1654 1077 1726 εὐτυχεστάτην
1121 1654 1444 1728 βασίλισσαν
1511 1659 1609 1727 (1),
1663 1659 1689 1710 6

1872 1485 2079 1550 Meam,
2113 1486 2212 1540 Dei
2240 1486 2486 1558 quidem
2501 1485 2886 1552 dono,nimia
2912 1492 3114 1542 autem
3147 1488 3449 1562 Hujusqui

1800 1587 1905 1642 per
1935 1575 2121 1628 Deum
2150 1573 2430 1646 imperat,
2453 1573 2884 1639 misericordia,
2901 1574 3336 1632 faustissimam
3373 1578 3458 1634 fe-

1797 1659 2268 1734 licissimamque
2306 1661 2768 1733 imperatricem,
2800 1661 2929 1734 ipse
2955 1661 3298 1735 imperator,
3368 1663 3453 1718 sic

92 1745 243 1806 αὐτὸς
275 1743 541 1817 βασιλεὺς,
572 1744 706 1795 οὕτω
732 1762 822 1796 του
863 1751 996 1796 Θεοῦ
1048 1749 1359 1808 κινήσαντος
1420 1753 1509 1798 xui
1531 1743 1687 1809 δόξαν

1799 1750 1917 1804 Deo
1948 1755 2226 1806 movente
2243 1750 2409 1824 quod
2432 1750 2546 1806 sibi
2558 1749 2838 1824 placeret,
2857 1765 3151 1822 sponsam
3169 1751 3269 1808 uni
3301 1750 3453 1824 ﬁlios

86 1836 251 1906 αὐτῷ,
299 1837 500 1906 νύμφην
547 1833 622 1906 ἐφ’
772 1830 840 1892 δὴ
889 1839 981 1886 xui.
1005 1834 1163 1888 είλετο
1219 1844 1318 1887 τῶν
1366 1839 1514 1890 υἱέων
1562 1839 1690 1910 ἠγά-

84 1943 224 1996 γετο,
267 1923 465 1997 ἀρίστῳ
522 1925 589 1976 τὰ
615 1925 785 1975 πάντα
812 1927 902 1976 xui.
940 1923 1198 1996 καλλίστῳ
1247 1925 1344 1996 (2).
1407 1931 1506 1979 Καὶ
1541 1927 1688 1998 ὑμεῖς

83 2014 238 2084 ὁρᾶτε
273 2014 479 2072 πάντως
532 2016 622 2063 xui.
677 2010 798 2082 μετὲ
863 2010 1148 2075 ἐκπλήξεως
1195 2016 1384 2066 ὡσανεὶ
1414 2019 1506 2072 τὴν
1542 2034 1685 2087 χρη-

81 2107 318 2160 στότητα
393 2092 492 2152 τῶν
555 2103 758 2172 τρόπων
831 2101 1141 2172 θαυμάζετε,
1208 2105 1272 2163 ἧς
1308 2110 1424 2164 ταῖς
1477 2123 1684 2178 περιου-

80 2204 226 2258 σίαις
256 2201 461 2250 καὶτὸν
492 2196 611 2269 ἐμόν
647 2197 759 2249 ὃλον
820 2199 980 2249 πόθον
1042 2201 1169 2271 πρὸς
1224 2198 1404 2252 ἑαυτὸν
1467 2200 1687 2263 Θικύσας

74 2287 165 2358 ἐμὲ
217 2294 438 2338 κενῶσαι
495 2289 792 2343 πεποίηκεν.
853 2285 1014 2352 Ἀλλ’,
1089 2287 1128 2337 ὦ
1181 2306 1272 2358 μοι
1323 2292 1389 2340 σύ
1431 2289 1682 2348 καλλίστη

71 2377 314 2446 συζυγία
346 2374 399 2437 ἐξ
426 2374 740 2447 ἀμφωτέρων
770 2382 870 2426 τῶν
903 2382 1062 2444 γενῶν
1124 2372 1328 2449 ἀνδρῶν
1357 2382 1446 2430 καὶ
1506 2399 1686 2448 γυναι-

67 2473 176 2515 κῶν
243 2463 357 2514 κατ’
411 2462 624 2533 ἐκλογήν
689 2463 719 2519 ἡ
782 2481 1070 2535 ρμοσμενη,
1129 2469 1218 2516 καὶ
1271 2467 1682 2538 θαυμασιωτάτη

71 2552 313 2627 ξυνωρὶς,
340 2556 410 2623 μὴ
453 2558 554 2603 τῶν
587 2549 751 2602 ἄλλων
784 2553 987 2602 πάντων
1044 2556 1197 2623 μόνον
1227 2551 1360 2624 ἐμοὶ,
1411 2554 1538 2608 ἀλλὰ
1596 2561 1685 2610 καὶ

67 2640 251 2700 αὐτῆς
293 2642 656 2711 προτιμωμένη
699 2646 862 2699 πνοῆς
895 2644 981 2691 καὶ
1010 2639 1163 2710 ζωῆς,
1196 2649 1290 2694 σού
1328 2644 1507 2716 χάριν
1535 2649 1626 2696 καὶ
1657 2645 1684 2696 6

68 2731 301 2790 θάνατος
332 2727 446 2800 ἐμοὶ
479 2729 870 2800 μνηυόνεμθεὶς,
901 2731 1034 2799 μετά
1095 2733 1214 2792 τούς
1267 2737 1505 2805 πρώτους
1559 2731 1685 2785 ἐκεί-

61 2838 191 2880 νους
226 2822 317 2868 καὶ
357 2815 609 2894 μεγοίλους
639 2814 848 2886 φόϐους,
885 2819 962 2868 ἔτι
1026 2813 1407 2896 δηκτικώτερος
1456 2825 1546 2874 καὶ
1594 2842 1683 2874 πι-

58 2914 323 2981 κρότερος
350 2912 604 2978 γίγνεται,
638 2908 718 2958 ὅτι
739 2925 796 2959 σε
843 2906 938 2958 οὐκ
975 2909 1042 2960 ἔτ’
1075 2907 1273 2981 ἅψομαι
1319 2913 1416 2981 (3),
1473 2908 1610 2981 οὐδ’,
1641 2915 1684 2964 εἰ

55 3002 114 3050 τί
157 3015 226 3068 γε
253 2993 349 3047 κάν
378 3002 556 3066 τοῐςίεν
586 2991 720 3064 ᾅδου
757 2998 968 3067 φρικτόν
994 3001 1083 3048 καὶ
1136 2995 1297 3061 ἀηδὲς
1355 2999 1567 3070 (μᾶλλον
1602 2996 1680 3066 δε,

1797 1851 1930 1892 rum
1957 1853 2126 1910 quem
2155 1837 2362 1906 voluit,
2384 1839 2612 1910 optimo
2645 1855 2716 1894 ac
2734 1838 3137 1911 pulcherrimo
3167 1839 3360 1908 elegit.
3385 1841 3453 1895 Et

1794 1940 1903 1980 vos
1933 1925 2125 1981 videte
2155 1927 2404 1982 omnino
2427 1931 2486 1982 et
2511 1943 2648 1982 cum
2680 1931 2920 1998 stupore
2944 1942 3182 1982 morum
3209 1926 3450 1984 bonita-

1797 2018 1913 2071 tem
1953 2015 2354 2080 admiremini,
2387 2015 2559 2086 cujus
2576 2021 3246 2071 excessutotummeum
3284 2031 3450 2072 amo-

1796 2118 1921 2157 rem
1952 2101 2030 2158 ad
2062 2118 2123 2158 se
2145 2104 2385 2159 attraxit
2417 2108 2472 2159 et
2493 2103 2797 2175 corripuit.
2855 2102 2990 2169 Sed,
3031 2117 3068 2157 ο
3125 2101 3448 2174 pulcherri-

1795 2206 1962 2245 mum
1987 2190 2338 2262 conjugium
2369 2207 2440 2246 ex
2475 2196 2726 2263 utroque
2759 2206 2907 2246 sexu
2934 2190 3200 2245 virorum
3230 2205 3302 2246 ac
3323 2207 3453 2247 mu-

1792 2278 2005 2335 lierum
2037 2279 2274 2350 egregie
2293 2278 2638 2344 formatum,
2654 2284 2710 2335 et
2724 2277 3151 2334 admirandum
3173 2295 3304 2351 par,
3326 2295 3450 2335 non

1793 2367 1977 2422 modo
2003 2367 2130 2423 aliis
2162 2367 2446 2424 omnibus
2472 2384 2508 2424 a
2536 2384 2634 2424 me
2663 2372 3002 2440 praelatum,
3048 2367 3154 2423 sed
3213 2372 3270 2424 et
3313 2383 3450 2424 meo

1795 2457 2024 2527 spiritui
2055 2472 2127 2512 ac
2159 2457 2314 2526 vitae,
2353 2456 2437 2512 tui
2467 2472 2653 2512 causa
2682 2472 2846 2512 mors
2882 2472 3018 2528 quae
3055 2455 3201 2511 mihi
3255 2454 3450 2512 immi-

1794 2557 1914 2613 net,
1945 2551 2082 2616 post
2111 2544 2342 2616 primus
2380 2543 2512 2600 illos
2557 2559 2936 2616 magnosque
2963 2543 3227 2612 timores,
3285 2559 3447 2601 mor-

1792 2633 1998 2688 dacior
2044 2633 2416 2704 amariorque
2457 2633 2541 2702 ﬁt,
2595 2648 2666 2689 eo
2705 2632 2870 2705 quod
2911 2637 2964 2688 te
3007 2647 3131 2688 non
3179 2633 3310 2703 jam
3361 2631 3444 2688 vi-

1792 2720 1970 2789 debo,
2000 2737 2216 2794 neque,
2250 2723 2298 2776 si
2346 2721 2492 2794 quid
2547 2721 2610 2776 in
2657 2721 2863 2777 inferis
2904 2721 3189 2777 horrendi
3238 2737 3308 2777 ac
3360 2721 3448 2777 fu-

1792 2810 1944 2864 nesti
1975 2809 2044 2866 sit
2097 2809 2244 2880 (imo
2300 2825 2442 2866 vero
2499 2825 2623 2866 non
2693 2825 2883 2865 unum
2946 2814 3214 2876 tantum;
3273 2814 3448 2865 erunt

1792 2913 1955 2966 vero,
1985 2897 2110 2952 scio
2153 2897 2455 2969 equidem,
2511 2897 2702 2952 multa
2754 2913 2824 2953 ac
2874 2896 3006 2952 dira
3070 2897 3131 2952 in
3187 2912 3289 2952 eos
3341 2896 3448 2968 qui

1792 2985 1884 3040 his
1915 2986 1978 3041 in
2051 2985 2219 3041 terris
2276 2984 2433 3041 male
2495 2985 2790 3054 vixerint),
2888 2989 2950 3039 tu
3025 2983 3142 3039 sub
3234 2983 3445 3040 oculos

56 3087 176 3157 οὐχ
209 3085 258 3137 ἓν
289 3094 442 3136 τοῦτο
464 3087 669 3136 ἔσονται
700 3079 780 3153 δε,
814 3081 957 3151 οῖδα,
986 3085 1146 3139 πολλὰ
1175 3093 1264 3141 καὶ
1293 3089 1503 3159 χαλεπὰ
1526 3089 1686 3152 ἀξίως

1798 3073 2053 3144 veniens,
2097 3073 2157 3128 id
2188 3073 2528 3144 dissipabis,
2556 3078 2660 3129 aut
2685 3072 2910 3128 leviora
2936 3072 3117 3127 facies
3138 3071 3267 3127 haec
3309 3071 3446 3128 tris-

57 3176 139 3236 εἰς
179 3171 343 3230 δίκην
376 3182 476 3224 τῶν
517 3171 755 3224 ἐνταυθοί
788 3181 961 3235 κακῶς
1016 3177 1376 3248 Βεϐιωμένων),
1434 3181 1500 3230 σὺ
1555 3181 1686 3250 πρὸς

56 3266 191 3316 θέαν
235 3262 392 3314 ἰοῦσα
445 3257 734 3326 διαλύσεις,
789 3261 818 3318 ἦ
887 3267 944 3313 τό
996 3282 1056 3332 γε
1108 3259 1342 3338 δεύτερον
1403 3270 1688 3339 κουφότερα

52 3355 322 3410 ποιήσεις
346 3352 412 3400 τὰ
443 3351 644 3420 στυγνά
679 3357 845 3401 ταῦτα
871 3354 961 3402 καὶ
993 3354 1302 3424 σκυθρωπὰ,
1363 3357 1432 3415 ὡς
1470 3354 1518 3406 ἐν
1580 3363 1686 3416 τοῖς

49 3447 308 3512 παροῦσι
358 3443 529 3490 πᾶσαν
589 3435 640 3498 ἐξ
714 3436 936 3510 ἀνιαρῶν
994 3439 1348 3514 συμϐαμάτων
1421 3448 1684 3514 κουφίςεις

47 3535 152 3580 xui.
213 3527 397 3588 τελέως
453 3525 675 3600 έξαίρεις
725 3532 938 3599 πικρίαν
994 3533 1146 3600 μόνον
1196 3532 1415 3602 ὀφθεῖσα
1445 3553 1458 3564 ο
1501 3536 1590 3584 καί
1626 3551 1686 3603 γε

44 3617 324 3692 βρασμὸν
352 3614 667 3674 καταπαύεις
690 3611 919 3688 καρδίας
966 3615 1242 3686 σϐεννῡσα,
1287 3625 1374 3672 καὶ
1417 3621 1685 3694 θραυσμόν

45 3706 394 3780 θεραπεύεις,
453 3709 543 3755 καὶ
601 3707 856 3775 κοιμέζεις
920 3704 1110 3778 ψυχῆς
1161 3709 1540 3780 παθαινομένης
1596 3715 1686 3762 xui.

37 3795 340 3866 λογισμῶν
391 3794 652 3864 τάραχον.
699 3797 762 3844 Τί
822 3801 914 3845 τοῦ
964 3802 1060 3846 σοῦ
1105 3805 1389 3871 χωρισμού
1436 3801 1567 3872 πρὸς
1601 3804 1685 3850 κό-

35 3885 223 3936 λασιν
316 3877 735 3953 δραστικώτερον
779 3899 793 3947 ;
845 3890 950 3942 πῶς
1006 3887 1157 3954 οἴσω,
1215 3889 1336 3948 τοὺς
1391 3886 1685 3959 ὀφθαλμούς

33 3974 270 4043 μύσας,
333 3967 524 4040 μᾶλλον
596 3963 648 4019 δ’
721 3968 865 4031 ὅλους
920 3969 1234 4045 ἑρῤυηκότας
1283 3973 1682 4058 ἀποϐαλόμενος,

33 4066 106 4114 τὸ
177 4063 282 4111 σὸν
341 4057 526 4119 κάλλος
576 4062 666 4110 καὶ
713 4062 770 4110 τό
809 4057 900 4111 τοῦ
957 4068 1239 4134 προσώπου
1291 4064 1440 4124 ἄνθος
1494 4069 1584 4117 καὶ
1626 4057 1685 4117 τό

35 4159 154 4210 τῆς
224 4153 434 4219 μορφῆς
485 4148 674 4219 ὡραῖον
710 4144 923 4200 ἀθέατον
963 4168 976 4215 ;
1013 4155 1104 4212 Τίς
1153 4150 1264 4204 ἀνθ’
1303 4154 1442 4224 ύμῶν
1479 4152 1526 4205 ἐν
1573 4155 1679 4225 όμι-

31 4239 205 4296 λὶοιις
261 4232 460 4286 ἐσεῖται
524 4233 813 4304 γλυκαίνων
862 4243 952 4289 καὶ
1018 4242 1376 4311 στυγνάζοντα
1448 4261 1684 4314 παρακα-

32 4327 154 4378 λῶν
247 4326 342 4374 καὶ
402 4325 882 4394 παραμυθούμενος,
925 4333 996 4395 τῷ
1056 4336 1320 4401 χωρισμῷ
1356 4329 1386 4387 ᾖ
1425 4333 1514 4381 καὶ
1569 4337 1686 4390 ταῖς

1794 3162 1875 3217 tia
1902 3177 1972 3218 ac
1993 3161 2313 3229 horrenda,
2355 3159 2419 3216 ut
2449 3177 2631 3229 nunc,
2660 3160 2763 3216 ubi
2795 3175 3077 3233 appares,
3105 3175 3350 3216 omnem
3371 3176 3445 3216 ex

1796 3249 2025 3306 miseris
2074 3249 2386 3305 eventibus
2470 3252 2666 3304 ortum
2721 3264 3037 3304 mmrorem
3093 3247 3332 3320 mitigas
3374 3264 3446 3304 ac

1793 3338 2042 3393 omnino
2074 3337 2271 3394 aufers
2290 3357 2310 3408 ;
2344 3342 2401 3393 et
2427 3353 2571 3392 sane
2603 3336 2798 3392 cordis
2825 3341 3026 3392 motus
3058 3335 3233 3394 sedas
3262 3340 3320 3391 et
3349 3352 3446 3391 ex-

1795 3427 2066 3497 slinguis,
2099 3433 2156 3483 et
2177 3427 2420 3482 vulnera
2443 3443 2646 3497 sanas,
2662 3425 2960 3483 etaﬂlictm
2988 3425 3205 3482 animm
3227 3426 3447 3495 cogita-

1797 3517 2146 3588 tionumque
2158 3515 2481 3595 tumultum
2495 3515 2669 3573 lenis.
2687 3514 2854 3581 Quod
2868 3514 3076 3571 durius
3090 3514 3446 3587 supplicium

1794 3623 1980 3680 quam
2011 3613 2123 3662 ate
2157 3607 2422 3679 separari
2457 3607 2484 3662 ?
2515 3605 2828 3672 Quomodo
2879 3605 3233 3675 sustineam,
3289 3612 3446 3679 post-

1794 3713 1979 3770 quam
2009 3696 2214 3752 oculos
2227 3696 2516 3767 clausero,
2541 3696 2664 3751 imo
2705 3711 2844 3753 vero
2879 3701 3032 3752 totos
3063 3711 3164 3752 eos
3194 3689 3447 3751 eﬂluxos

1794 3785 2072 3848 amisero,
2097 3791 2262 3842 tuam
2288 3785 2793 3858 pulchritudinem
2817 3783 3079 3839 etvultus
3112 3783 3196 3839 tui
3234 3784 3444 3839 ﬂorem

1794 3879 2030 3947 tuaeque
2042 3873 2293 3930 fortuna:
2307 3871 2676 3946 splendorem
2685 3872 2808 3944 jam
2851 3887 2972 3928 non
2985 3870 3378 3942 contemplari
3419 3873 3448 3926 ?

1795 3963 1937 4028 Quis
1991 3978 2100 4034 pro
2130 3962 2326 4027 vobis,
2371 3961 2582 4017 mediis
2609 3960 2667 4016 in
2703 3959 2945 4015 coetibus
2971 3959 3077 4014 erit
3129 3959 3357 4014 leniens
3390 3964 3446 4014 et

1794 4050 2082 4107 afﬂictum
2118 4049 2437 4105 consolans
2470 4048 2866 4104 etadhortans
2878 4047 3053 4102 vestri
3067 4047 3442 4119 separatione

1794 4145 1850 4194 et
1881 4138 2090 4194 futurae
2121 4139 2251 4193 vita:
2282 4138 2476 4208 poenis
2509 4137 2930 4192 vulneratum?
2958 4136 3118 4192 Eheu
3139 4133 3152 4189 !
3174 4151 3269 4191 me
3287 4139 3446 4204 teget

1793 4226 1988 4295 gravis
2017 4227 2191 4298 lapis,
2232 4231 2289 4282 et
2317 4224 2581 4280 tumulus
2608 4239 2702 4280 me
2732 4224 2957 4296 operiet
2996 4242 3008 4292 ;
3042 4229 3099 4279 et
3135 4240 3273 4278 cum
3333 4240 3441 4280 vos

1793 4331 1998 4373 amore
2021 4314 2181 4369 ducti
2213 4314 2526 4384 accedetis,
2553 4318 2607 4369 ct
2636 4311 2797 4368 dulci
2833 4328 2973 4368 voce
3019 4318 3248 4385 patrem
3277 4328 3440 4368 com—

28 4415 240 4466 ἐκεῖσε
295 4409 543 4482 μάστιξιν
623 4407 944 4484 ὀδυνώμενον
982 4431 996 4481 ;
1037 4418 1214 4486 Οἷμοι,
1294 4418 1375 4468 ὅτι
1409 4436 1472 4488 με
1540 4417 1685 4478 λίθος

1798 4403 2112 4476 pellabitis,
2137 4419 2248 4473 ego
2297 4403 2445 4458 cinis
2503 4402 2701 4457 inanis
2742 4406 2799 4458 et
2845 4417 2985 4457 ossa
3035 4400 3200 4457 omni
3263 4417 3440 4458 carne

25 4500 302 4570 καλύψει
339 4497 506 4572 βαρύς
550 4504 640 4551 καὶ
695 4503 850 4572 τάφος
903 4503 1214 4578 συγκρύψει,
1286 4510 1398 4570 καὶ,
1436 4506 1576 4577 ὑμῶν
1612 4515 1684 4577 τῷ

24 4593 273 4664 φίλτρῳ
353 4591 694 4659 κεκινημένων
755 4596 845 4643 καὶ
896 4597 1236 4664 προσιόντων,
1305 4598 1395 4646 καὶ
1478 4603 1685 4668 γοεραῐς

22 4675 267 4754 φωναῖς
320 4674 741 4749 ἀνακαλουμένων
803 4683 890 4731 τὸν
947 4685 1164 4752 πατέρα,
1201 4686 1342 4744 κόνις
1402 4683 1470 4734 ὧν
1536 4689 1680 4756 κωφὴ

11 4775 132 4825 καὶ
209 4765 357 4819 ὀστᾶ
440 4771 574 4838 μόνα
669 4773 1036 4841 γεγυμνωμένα
1113 4772 1287 4833 πάσης
1350 4790 1540 4844 σαρκος
1595 4778 1684 4825 καὶ

14 4859 394 4915 αἰσθήσεως,
433 4855 458 4906 6
491 4857 557 4906 τὰ
597 4854 761 4907 πολλά
798 4865 884 4908 νῦν
912 4857 1010 4929 ἐγὼ
1079 4858 1263 4926 λαλῶν,
1300 4857 1506 4932 ούδαμῆ
1569 4864 1684 4914 οὔτε

7 4956 139 5008 τῆς
170 4951 369 5016 φωνῆς
436 4943 579 5014 ὑμῶν
637 4947 752 4996 οὔτε
807 4954 895 5006 τῆς
957 4946 1137 5008 λαλιᾶς
1191 4947 1380 5000 ἐπαίων
1440 4951 1684 5019 γνωσθη-

6 5054 226 5113 σοριαι
282 5030 294 5084 l
345 5031 500 5084 Ἀλλὰ
550 5037 781 5105 περιττὸν
834 5038 963 5098 ἴσως
998 5035 1082 5088 ἐπὶ
1132 5044 1240 5099 τοῖς
1292 5056 1543 5098 τοιουτοις
1583 5057 1686 5111 μη,

85 5341 204 5419 (1)
279 5343 614 5419 Annotator
637 5337 1110 5419 recentissimus,
1147 5353 1329 5419 quem
1365 5339 1677 5419 Boivinum

5 5411 186 5479 πόθ’
234 5411 544 5483 suspicor.
577 5411 655 5484 ad
691 5414 1027 5484 marginem
1078 5411 1300 5470 codicis
1333 5432 1348 5480 ;
1388 5436 1414 5462 ‹‹
1450 5417 1674 5482 Irenen,

51 5503 186 5546 uae
244 5490 466 5561 postea
519 5483 764 5561 hiulogia
819 5483 1132 5542 nominata
1188 5490 1291 5539 est.
1329 5485 1680 5557 »Nupserat

29 5552 312 5624 bann'i
333 5552 696 5624 Palaeologol
1073 5611 1076 5616 _
1254 5604 1256 5606 .

96 5629 207 5702 (2)
241 5622 769 5702 ldemannojtator
796 5643 808 5682 :
842 5650 868 5678 ιι
906 5624 1193 5684 Nondum
1225 5624 1429 5698 itaque
1463 5625 1694 5684 obierat

5 5693 347 5775 Ddspola
375 5693 631 5754 Chumni
658 5710 859 5768 gener.
895 5718 919 5749 ι

1792 4494 2021 4550 nudata
2049 4498 2106 4548 et
2136 4509 2338 4560 sensu,
2371 4508 2482 4561 ego
2508 4491 2611 4564 qui
2637 4506 2799 4546 nunc
2851 4497 2937 4547 tot
2979 4489 3164 4546 verba
3213 4492 3438 4559 emitto,

1791 4597 1986 4654 neque
2006 4597 2214 4635 vocem
2242 4585 2523 4634 vestram.
2545 4595 2740 4651 neque
2757 4584 2981 4634 vestros
3010 4594 3315 4635 sermones
3333 4594 3441 4634 au-

1792 4669 1955 4724 diam
1990 4667 2131 4724 !Sed
2162 4668 2385 4723 forsam
2419 4673 2507 4723 est
2560 4666 2932 4740 superﬂuum
2984 4667 3296 4722 sictalibus
3330 4668 3440 4721 im-

1791 4757 2037 4824 morari,
2067 4757 2358 4828 quoniam
2385 4755 2480 4810 hic
2512 4771 2707 4828 neque
2735 4762 2944 4810 cantus
2973 4760 3066 4810 est
3094 4769 3287 4826 neque
3325 4758 3440 4808 tra-

1793 4845 2124 4916 gaadia,sed
2139 4844 2269 4899 sola
2287 4845 2492 4899 mortis
2507 4843 2876 4913 memoria,et
2888 4849 2949 4897 ut
2963 4843 3168 4914 paucis
3182 4842 3436 4906 dicatur,

1794 4939 1855 4989 ut
1885 4949 2011 4988 rem
2039 4939 2395 5004 praesentem
2411 4933 2597 5003 decet,
2613 4948 2749 5004 quae
2763 4931 3044 4986 humanae
3059 4934 3287 4984 naturai
3303 4935 3442 4984 sunt

1790 5022 2156 5088 necessario,
2187 5026 2250 5076 ut
2279 5025 2416 5093 pote
2438 5020 2690 5089 mortali,
2716 5019 2931 5073 vincta.
2963 5016 3130 5072 Unde
3157 5020 3214 5070 et
3241 5014 3320 5071 ab
3341 5015 3436 5072 his

1790 5110 2096 5178 recedens,
2115 5110 2329 5182 longos
2357 5124 2551 5166 annos
2578 5108 2761 5175 vivas,
2776 5103 3075 5174 etlaateris,
3099 5108 3156 5160 et
3181 5103 3438 5161 exsultas

1857 5344 1950 5415 (3)_
1969 5339 2204 5415 Similes
2234 5336 2534 5412 querelas,
2579 5339 2643 5390 ut
2672 5331 3050 5415 philosophis
3079 5336 3136 5389 et
3164 5331 3439 5415 christia:

1787 5402 1880 5468 nis
1916 5402 2380 5482 Iindignasfaci
2416 5402 2660 5482 prorsus
2714 5402 3076 5482 indecoras,
3138 5404 3440 5482 vituperat

1785 5487 2044 5540 Joannes
2069 5476 2304 5552 Chryst.
2351 5476 2544 5552 Eclog.
2577 5491 2636 5545 p.
2699 5477 2800 5552 229
2849 5493 2860 5529 :
2909 5476 2969 5528 Εἰ
3019 5478 3120 5548 γὰρ
3166 5479 3437 5552 έπίστευρν

1799 5557 1880 5608 ὃτι
1927 5557 1952 5607 6
2013 5542 2377 5610 τετελευτηκὼς
2439 5542 2516 5600 οὗ
2574 5542 2974 5612 τετεκεύτηκεν,.
3191 5545 3288 5598 οὐκ
3376 5542 3438 5594 ἆν

1798 5629 2042 5685 τοιαύτας
2081 5623 2308 5694 ’ἀφῆκαν
2352 5620 2520 5692 φωνὰς
2593 5615 2840 5678 ἀπιστίας
2908 5619 3189 5690 γεμούσας,
3229 5635 3261 5668 ιι
3331 5612 3441 5690 Oti:

1800 5701 1912 5750 έκτι
1951 5713 2010 5750 σε
2034 5691 2251 5766 ὄψομαι.
2283 5710 2316 5766 »_
