4050 6306
156 307 296 366 1489

1566 302 2098 366 TESTAMENTUM.

3372 302 3514 368 1490

144 429 416 508 κερδανεῖς
456 428 628 488 πλέον.
692 427 945 485 Ἐνταῦθά
991 451 1082 505 μοι
1123 431 1345 486 κένωσον
1397 435 1488 486 καὶ
1537 433 1597 485 τὸ
1634 429 1745 504 ἐμοὶ

1855 431 2090 505 utrique
2127 429 2398 503 debetur,
2436 433 2572 507 post
2633 445 2828 490 meam
2867 433 3143 502 mortem,
3181 433 3356 490 matri
3394 439 3511 492 ture

144 521 441 588 έπιϐοἱλλον,
485 524 575 574 καὶ
631 526 730 573 πᾶν
790 524 847 574 τὸ
909 541 1040 596 προς
1097 521 1439 596 ἀμφοτέρους,
1506 528 1598 573 τοῦ
1650 540 1749 574 πα-

141 613 261 688 τρὸς
307 611 676 677 ὑπεκστάντος,
729 616 792 682 τῇ
861 615 1024 684 μητρὶ
1071 611 1286 683 πρᾶξον,
1352 611 1746 683 εὐγνωμοσύνην

143 698 412 755 ἀνόθευτον
469 696 553 751 έπὶ
605 700 824 766 τούτοις,
883 701 1116 758 ὑπακοήν
1173 702 1430 775 πρόσθες,
1487 698 1747 774 ἐκπλήρω-

149 809 234 844 σιν
303 787 648 860 ένταλμάτων,
708 790 764 840 τὸ
821 789 974 841 πάνθ’
1059 789 1264 862 ἕτοιμον
1334 787 1463 842 εἶναι
1513 789 1740 860 τοσαύτη

144 883 239 930 καὶ
294 879 510 950 τοιαύτη
584 875 803 948 θεοφιλεῖ
865 881 1029 950 μητρὶ
1114 879 1422 950 πειθαρχεῖν
1469 880 1558 930 καὶ
1596 874 1744 948 φιλό-

142 961 326 1030 παιδι,
373 969 458 1018 σοὶ
495 971 696 1038 πρῶτον
743 968 832 1022 τὴν
872 969 1050 1024 ὄνησιν
1099 967 1294 1038 ἔχοντα
1342 965 1592 1024 πλείστην
1656 968 1746 1017 καὶ

142 1060 424 1129 μεγίστην.
467 1053 634 1108 Καλόν
675 1073 758 1106 σοι
810 1058 900 1107 καὶ
947 1054 1088 1127 μάλα
1114 1075 1167 1108 τι
1206 1063 1446 1108 συνοῖσον
1485 1053 1744 1108 εύσέϐειαν

143 1150 407 1218 μητρικην
487 1142 836 1209 εὐλαϐεῖσθαι,
896 1149 986 1197 καὶ
1069 1149 1164 1203 τήν
1221 1145 1411 1204 πολλὴν
1475 1144 1634 1205 αὐτῆς
1696 1142 1746 1196 έν

145 1240 281 1288 πᾶσι
335 1235 632 1306 θεραπεύειν
669 1231 954 1288 εὐλάϐειαν.
1010 1240 1189 1286 Ταῦτα
1241 1230 1308 1293 δὴ
1363 1239 1560 1306 πρᾶττε
1591 1255 1604 1267 ·
1654 1237 1746 1286 καὶ

142 1329 256 1384 τοῖς
323 1318 566 1394 ἀδελφοῖς
623 1319 737 1374 ἀντὶ
791 1326 984 1396 πατρὸς
1034 1325 1144 1392 ἔσο,
1189 1323 1431 1396 φιλόπαις
1485 1324 1615 1396 ὁμοῦ
1651 1326 1742 1374 καὶ

143 1409 470 1485 φιλάδελφος,
546 1411 750 1484 εἰρήνην
829 1416 924 1470 τὴν
982 1413 1093 1484 μετ’

139 1497 498 1573 μεταδιώκων,
561 1498 770 1571 ἀγάπην
828 1499 876 1552 έν
929 1501 1174 1558 εύθύτητι
1237 1501 1420 1573 ψυχῆς
1497 1500 1558 1560 ἣν
1612 1504 1742 1562 Θεὸς

141 1588 482 1661 έγκελεύεται.
550 1589 945 1664 ’Υπερηφανείας
1008 1591 1360 1665 ὑπερφονητὴς
1405 1591 1539 1653 ἴσθι,
1625 1590 1741 1643 κατ’

141 1673 352 1738 οὐδενὸς
377 1681 468 1750 μὶν
498 1685 599 1730 τῶν
646 1677 830 1741 ἄλλων,
861 1678 972 1730 κατ’
1017 1678 1180 1740 αὐτῆς
1204 1675 1280 1732 οδε
1303 1682 1393 1730 καὶ
1435 1682 1592 1752 μόνης
1621 1678 1742 1741 ὅλας

139 1768 236 1828 τάς
286 1766 440 1838 ὀφρῦς
497 1763 794 1838 ἐπηρμένος,
855 1770 942 1819 καὶ
1001 1770 1231 1838 γενναῖος
1285 1786 1362 1827 τις
1402 1769 1528 1842 πρὸς
1580 1767 1740 1826 αὐτὴν
1770 1803 1816 1858 Β

139 1852 223 1906 ἀεὶ
303 1857 773 1928 παρατεταγμένος,
852 1857 986 1908 ὥστε
1041 1860 1110 1928 μή
1170 1875 1222 1907 τι
1280 1863 1495 1928 φανῆναι
1572 1857 1737 1928 ταύτῃ

141 1938 557 2014 δεδουλωμένος.
590 1940 832 1996 Ἀδικίαν
861 1942 915 2007 ἐξ
960 1944 1077 2005 ὅλης
1131 1943 1313 2016 ψυχῆς
1365 1942 1740 2018 βδελυξάμενος

135 2035 393 2104 μίσησον.
456 2035 556 2085 Καί
582 2031 656 2102 γ’,
715 2035 763 2085 ἓν
811 2035 1011 2094 τούτοις
1064 2035 1201 2104 ἔχων
1252 2037 1341 2085 καὶ
1393 2035 1737 2101 κατευθύνων,

133 2125 299 2173 πᾶσιν
350 2118 398 2170 έν
430 2117 649 2191 ἀγαθοῖς
680 2121 824 2187 ζῆθι,
865 2125 954 2173 καὶ
999 2129 1098 2174 τῶν
1142 2129 1232 2174 του
1288 2129 1516 2194 πονηροῦ
1553 2129 1737 2174 πασῶν

132 2215 392 2282 μηχανῶν
502 2206 750 2282 ἀνῶτερος
841 2213 933 2261 καὶ
1007 2208 1316 2284 ὑψηλότερος
1418 2213 1736 2284 περισώζου,

133 2293 304 2369 μηδὲν
348 2303 458 2358 τοῖς
511 2295 672 2348 αὐτοῦ
731 2300 961 2373 κέντροις
1004 2303 1134 2370 μήτε
1179 2297 1560 2370 πλησσόμενος,
1616 2304 1740 2371 μήτε

135 2384 512 2458 βλαπτόμενος.
563 2385 762 2457 Βλάψοι
802 2406 859 2439 σε
916 2383 977 2439 δὲ
1033 2392 1123 2439 καὶ
1177 2383 1365 2459 μηδείς
1421 2389 1582 2462 ἔτρος,
1629 2395 1741 2449 ταῖς

134 2473 326 2528 ἐκείνου
357 2470 654 2546 μεθοδείαις
703 2474 779 2545 (ί)
837 2480 926 2528 καὶ
982 2478 1192 2547 τέχναις
1243 2479 1585 2548 κεχρημένος,
1651 2481 1742 2528 καί

131 2582 196 2635 γε
246 2571 466 2638 φανερῶς
519 2561 860 2616 ἐπιϐουλεύων
922 2564 951 2623 ᾖ
1029 2563 1232 2636 ἀφανῶς
1287 2563 1553 2636 βλάπτων.
1639 2569 1740 2618 Καί

135 2653 355 2704 ἴντειναι
422 2671 510 2704 και
575 2654 849 2725 κατόρθου,
929 2651 1204 2705 ἐπιϐαίνων
1264 2673 1354 2705 και
1431 2662 1739 2706 καταπατῶν

1175 1412 1344 1465 αύτων
1399 1417 1489 1465 καὶ
1538 1413 1742 1464 πάντων

134 2759 230 2791 και
281 2737 545 2815 δράκοντα
601 2744 691 2813 μὲν
769 2740 976 2793 σκολιὸν
1032 2741 1216 2795 σκολιά
1269 2761 1355 2794 σοι
1403 2742 1739 2815 σοφιζόμενον

137 2848 233 2881 και
277 2827 598 2899 ἐπινοοῦντα,
655 2829 784 2882 ἀλλά
833 2850 924 2882 και
963 2829 1142 2884 λέοντα
1186 2833 1262 2900 (2)
1319 2831 1604 2905 ὧρυὸμενον
1650 2851 1741 2884 και

128 2918 389 2992 ἅρπαγμα
421 2939 510 2971 και
551 2917 755 2994 βρῶσιν
791 2924 884 2979 τὴν
917 2924 1014 2979 σὴν
1043 2919 1229 2992 ψυχήν
1275 2919 1595 2982 ἕκζητοῡντα
1637 2920 1738 2991 (3).

127 3011 322 3081 Στέργε
377 3028 467 3060 και
520 3009 640 3060 ὅσον
695 3008 882 3081 ἔλαχες
955 3009 1027 3072 εἰς
1074 3009 1283 3085 κλῆρον,
1333 3013 1478 3083 ἡμῶν
1547 3012 1741 3086 προῖκά

131 3113 226 3148 σοι
282 3114 373 3147 και
442 3097 765 3170 μερισάντων
822 3117 912 3149 και
977 3097 1157 3160 τελέως
1209 3096 1586 3153 ἀποτισάντων.
1644 3101 1742 3150 Καί

128 3191 231 3236 νῦν
286 3180 345 3236 δὲ
397 3184 690 3238 τελευταῖον
743 3189 898 3258 μέρος
961 3185 1124 3261 χάριν
1187 3185 1358 3262 έτέραν
1416 3185 1705 3259 ἀπειληφὼς
1762 3188 1873 3259 ῖχε,
1939 3187 2240 3257 νομίσματα
2299 3187 2508 3256 χρυσοῦ

131 3279 244 3326 τῶν
275 3273 532 3346 ἡμετέρων
551 3280 802 3326 τοσοῦτον
827 3273 887 3326 ἂν
911 3273 1278 3348 ἀποτιμηθείη,
1307 3273 1521 3348 ἀγαπῶν
1542 3279 1590 3328 έν
1620 3278 1809 3348 τούτῳ.

215 3361 290 3413 Ού
349 3367 448 3434 μὴν
487 3360 597 3414 ἀλλ’
651 3367 1015 3438 έπιστρεπτέον
1070 3361 1176 3424 ἤδη
1226 3384 1317 3417 και
1363 3367 1491 3437 πρὸς
1528 3369 1584 3418 σέ
1647 3384 1738 3438 μοι
1769 3366 1808 3421 C

135 3454 230 3505 τὸν
259 3447 499 3525 δεύτερον
528 3455 618 3524 μὲν
652 3460 726 3523 τῷ
763 3457 942 3526 χρόνῳ
975 3496 991 3522 ,
1029 3450 1196 3526 μηδεν
1255 3450 1306 3508 δ’
1353 3455 1506 3513 ἧττον
1555 3452 1740 3528 ἀποφε-

131 3543 351 3616 ρόμενον
411 3547 636 3611 στοργῆς
709 3542 856 3613 ἡμῶν
916 3561 1006 3594 και
1077 3541 1309 3616 φίλτρου,
1389 3542 1479 3596 ἆτε
1527 3539 1595 3602 δὴ
1650 3562 1739 3594 και

128 3623 306 3702 μηδεν
377 3629 531 3685 ἧττον
583 3638 680 3692 τῆς
721 3638 978 3704 πατρικῆς
1026 3635 1318 3703 μετέχοντα
1363 3637 1594 3704 σχέσεως
1649 3650 1740 3684 και

125 3725 235 3772 τῶν
300 3719 460 3790 ταύτῃ
515 3722 908 3794 προσηκόντων,
961 3718 1050 3781 Ὠς
1106 3727 1230 3791 γοῦν
1282 3725 1408 3796 πρὸς
1462 3722 1742 3794 ὁμοτίμους

128 3810 279 3868 ὄντος
317 3825 407 3878 μοι
435 3814 528 3860 τοῦ
575 3806 754 3879 λόγου,
805 3813 899 3867 τήν
941 3809 1090 3882 ἴσην]
1109 3829 1198 3862 και
1242 3813 1373 3884 πρὸς
1421 3808 1742 3884 ἀμφοτέρους

126 3897 427 3966 νουθεσίαν,
485 3899 608 3960 ἴσας
659 3893 720 3950 δε
795 3917 884 3950 και
933 3900 1022 3961 τάς
1083 3899 1244 3971 εύχάς
1288 3907 1559 3973 ποιοῦμαι.
1641 3904 1741 3954 Καί

128 3983 395 4058 βούλομαί
435 4004 519 4038 σοι
547 4005 636 4038 και
689 3989 983 4060 ἐπεύχομαι
1010 3989 1128 4040 ’ὃσα
1159 3984 1226 4047 δὴ
1273 4008 1364 4042 και
1411 3992 1615 4064 εῖρηται
1653 4008 1741 4042 και

127 4080 210 4144 τῷ
272 4077 373 4148 πρὸ
443 4082 538 4128 σού
594 4077 885 4147 γεννηθέντι
963 4076 1338 4150 συνταξάμενος
1373 4105 1381 4138 ;
1413 4077 1736 4151 ἐπηυξάμην.

135 4166 243 4216 Καί
293 4166 400 4224 εἰης
451 4162 500 4216 έν
560 4168 650 4236 μὲν
697 4171 803 4225 τοῖς
847 4163 1023 4228 καλοῖς
1074 4185 1162 4218 και
1229 4164 1464 4238 ἀμεινοσι
1519 4163 1741 4240 μηδενὸς

135 4253 282 4310 ἧττω
322 4259 511 4324 μοῖραν
560 4252 1051 4326 ἀποκεκομισμένος,
1098 4251 1292 4322 τοῡνδε
1319 4260 1557 4328 χείρονος
1605 4276 1740 4308 παν-

136 4342 235 4402 τὸς
269 4343 377 4403 εἴης
442 4346 708 4416 κρείττων,
765 4339 986 4416 μηδενὸς
1033 4347 1284 4415 μετέχων,
1349 4364 1439 4397 και
1479 4363 1538 4398 σε
1581 4349 1742 4396 κακία

132 4424 378 4502 μηδεμία
427 4425 689 4503 μηδαμῶς
720 4436 770 4483 έν
824 4428 998 4484 οὐδενί
1047 4437 1303 4507 κρατήσοι
1346 4437 1738 4507 χειρωσαμένη,

129 4520 183 4570 έν
236 4513 285 4568 δ’
347 4515 554 4591 ἀρεταῖς
627 4519 861 4582 ἀπάσαις
943 4523 1030 4574 τὸν
1100 4523 1308 4595 εὑρετὴν
1383 4525 1579 4586 ταύτης
1651 4543 1740 4575 και

131 4610 392 4678 σοφιστὴν
445 4613 659 4679 νικῴης,
691 4629 780 4662 και
823 4615 1011 4680 νικῴης
1067 4617 1182 4675 ταῖς
1234 4619 1506 4686 μετρικαῖς
1554 4612 1742 4683 εὐχαῖς

130 4695 639 4770 ἐγκαθωπλισμένος,
718 4718 810 4751 και
856 4702 988 4772 πρὸς
1065 4702 1155 4761 τάς
1238 4701 1534 4769 ἐπιϐουλὰς,
1584 4703 1613 4762 ἡ
1668 4698 1740 4754 δι’
1779 4714 1821 4767 D

128 4785 318 4838 ἑαυτοῦ
414 4794 508 4839 τοῦ
599 4785 849 4860 πολεμίου
919 4792 1236 4862 πειρωμένου
1313 4791 1342 4850 ἦ
1413 4787 1486 4843 δι’
1562 4790 1742 4863 ἑτέρων

130 4877 546 4947 μηχανωμένου,
615 4873 984 4950 ἀπερίτρεπτός
1047 4895 1124 4938 τις
1193 4897 1281 4930 και
1349 4882 1592 4952 κραταιὸς
1637 4899 1744 4932 πα-

127 4961 454 5037 ρεμϐάλλων.
535 4963 838 5039 Ἐπαρὴξει,
930 4961 983 5016 εὖ
1081 4961 1224 5034 οἶδα,
1313 4970 1512 5041 μητρὸς
1581 4969 1740 5041 θερμὴ

127 5055 334 5118 πίστις,
401 5055 532 5104 Θεὸν
593 5051 817 5127 ἰσχυρὸν
856 5073 947 5104 και
1003 5053 1350 5116 ἐξουσιαστην
1398 5058 1530 5107 κατά
1567 5058 1744 5117 πάσης

130 5139 498 5212 ἀντικειμένης
555 5137 824 5213 δυνάμεως
878 5139 1080 5215 ἀρωγὸν
1120 5143 1494 5216 ἐπικαλουμένη
1561 5148 1650 5196 καί
1686 5165 1746 5217 γε

537 5230 560 5245 ν

129 5233 492 5303 παρεχομένη,
527 5230 567 5300 ᾧ
626 5227 694 5289 δὴ
745 5250 836 5282 και
885 5225 1037 5283 οὐδὲν
1093 5231 1257 5294 οὕτως
1296 5228 1450 5290 ἣδιον
1499 5234 1567 5294 ὡς
1634 5235 1747 5295 υὶος

132 5441 417 5569 γ¹(Ι¹)¹Τὰς
457 5440 741 5517 μιθοδιίας
767 5442 988 5501 diaboli
1017 5443 1166 5500 dixit
1215 5444 1434 5502 Paulus
1465 5446 1545 5503 ad
1597 5447 1746 5521 Eph.

209 5586 286 5655 (2)
358 5585 573 5644 Psalm.
639 5602 730 5658 XC,
785 5590 847 5643 13
892 5603 904 5642 :
957 5591 1360 5650 Καταπατήσεις
1406 5587 1584 5643 λέοντα
1660 5599 1750 5642 και

135 5651 173 5708 δ
179 5651 430 5726 panicum.

1855 520 2130 578 tribuas:
2165 522 2460 582 sinceram
2523 522 2972 593 gratitudinem,
3041 539 3149 596 pro
3207 522 3512 580 beneﬁciis

1854 610 2030 666 tantis
2079 610 2484 668 obedientiam
2539 627 2781 684 quoque
2819 611 3033 676 addas,
3075 611 3504 670 mandatorum

1853 697 2344 772 adimpletionem
2371 718 2384 768 ;
2413 701 2476 757 in
2510 700 2795 757 omnibus
2818 703 2994 755 tantae
3018 715 3088 756 ac
3111 699 3232 768 tali,
3266 705 3509 774 tamque

1851 787 1967 860 piae
2003 793 2060 844 et
2091 788 2350 846 ﬁliorum
2377 789 2606 846 amanti
2641 788 2815 845 matri
2842 787 3088 844 obedire
3125 804 3363 862 semper
3396 805 3507 862 pa-

1851 883 2016 932 ratus
2054 877 2155 943 sis,
2193 883 2252 935 et
2281 877 2421 934 inde
2457 877 2778 950 plurimam
2815 893 2885 933 ac
2922 877 3254 934 maximam
3285 878 3505 936 utilita-

1853 967 1974 1022 tem
1999 966 2310 1040 percipies,
2332 965 2650 1023 Pulcbrum
2684 965 2785 1022 tibi
2820 970 2908 1022 est
2926 971 2983 1021 et
3003 965 3178 1021 valde
3205 966 3344 1022 utile
3379 981 3509 1024 ma-

1853 1053 1956 1110 tris
1989 1054 2271 1126 pietatem
2306 1055 2596 1125 venerari,
2629 1059 2687 1112 et
2719 1070 2906 1128 quam
2937 1054 3200 1110 maxime
3231 1054 3291 1110 in
3313 1055 3508 1112 omni—

1851 1143 1968 1200 bus
2017 1143 2198 1217 hujus
2225 1145 2620 1202 reverentiam
2673 1160 2904 1201 curare.
2968 1147 3097 1200 Ηορο
3136 1145 3312 1214 igitur
3345 1159 3456 1215 age
3489 1161 3504 1201 :

1852 1232 2207 1289 etfratribus
2233 1233 2312 1289 sis
2337 1249 2446 1305 pro
2469 1239 2636 1306 patre
2669 1252 2682 1290 :
2711 1237 2960 1306 paterno
2988 1232 3166 1288 Simul
3197 1248 3266 1289 ac
3292 1232 3506 1289 frater-

1850 1336 1931 1378 no
1969 1337 2173 1378 amore
2199 1321 2433 1394 plenus,
2465 1337 2678 1394 pacem
2708 1337 2847 1377 cum
2869 1321 2939 1377 iis
2974 1325 3031 1376 et
3057 1336 3196 1377 cum
3217 1321 3503 1378 omnibus

1847 1409 2102 1478 habens,
2131 1409 2559 1482 caritatemque
2595 1426 2732 1466 eam
2769 1410 2828 1466 in
2869 1409 3086 1465 animae
3126 1409 3508 1478 rectitudine,

1848 1503 1914 1555 ut
1942 1498 2114 1570 jubet
2149 1501 2322 1556 Deus.
2351 1498 2708 1570 Superbiam
2731 1502 3106 1564 contemnas,
3131 1503 3337 1553 contra
3359 1498 3504 1554 nihil

1847 1587 2031 1656 aliud,
2068 1591 2277 1643 contra
2310 1602 2446 1643 eam
2483 1603 2624 1642 vero
2661 1585 2851 1642 solam
2904 1590 3024 1642 tota
3059 1586 3376 1657 supercilia
3410 1591 3497 1644 at-

1847 1676 2079 1745 tollens,
2094 1690 2502 1748 generoseque
2518 1677 2577 1731 in
2596 1691 2731 1732 eam
2747 1680 3038 1747 tauquam
3057 1674 3183 1730 acie
3199 1689 3500 1746 pugnans,

1846 1765 1949 1829 ita.
1986 1769 2050 1821 ut
2081 1780 2396 1836 nunquam
2449 1764 2498 1820 ei
2538 1765 2756 1820 servire
2793 1763 3070 1820 videaris.
3137 1763 3502 1833 lnjustitiam

1846 1859 1970 1911 toto
1999 1853 2177 1910 corde
2213 1852 2594 1910 abominatus
2616 1853 2736 1908 odi.
2769 1853 2902 1908 Haec
2935 1851 3268 1908 observans
3302 1856 3359 1908 et
3399 1853 3502 1908 ad-

1845 1942 2124 2015 implens,
2160 1942 2223 1998 in
2256 1941 2540 1997 omnibus
2578 1941 2752 1997 bonis
2785 1941 2938 2011 vive,
2977 1945 3034 1996 et
3070 1955 3254 2012 supra
3287 1955 3500 1996 omnes

1847 2030 2094 2102 maligni
2106 2030 2406 2087 machinas
2422 2045 2765 2100 assurgens,
2787 2045 2856 2085 ac
2873 2027 3229 2085 excelsiorin
3245 2027 3492 2085 effectus

1847 2125 1983 2188 stes,
2003 2135 2200 2192 neque
2234 2122 2363 2189 ejus
2401 2118 2620 2174 aculeis
2654 2119 2855 2182 laesus,
2883 2133 3078 2190 neque
3109 2117 3280 2173 ictus.
3317 2119 3502 2174 Nemo

1848 2213 2050 2266 autem
2103 2207 2255 2263 alius
2299 2212 2352 2264 te
2402 2207 2600 2273 laedat,
2631 2207 2801 2263 istius
2830 2205 2984 2262 dolis
3016 2211 3072 2261 et
3104 2205 3333 2261 artibus
3358 2221 3504 2260 usus

1849 2298 1969 2353 sive
1990 2300 2189 2370 aperte
2204 2295 2533 2362 insidietur,
2556 2297 2677 2351 sive
2689 2295 2942 2353 obscure
2959 2293 3274 2350 laedat.Sed
3289 2293 3502 2351 firmus

1849 2401 1920 2442 ac
1932 2390 2126 2442 rectus
2144 2399 2411 2448 maneas,
2424 2400 2706 2457 premens
2725 2383 3154 2440 etconculcans
3171 2382 3500 2440 draconem

1851 2475 2031 2531 istum
2056 2473 2372 2546 obliquum
2434 2471 2678 2545 obliqua
2743 2472 2850 2528 tibi
2905 2470 3308 2527 insinuantem
3366 2487 3506 2528 sua-

1849 2562 2232 2635 dentemque,
2250 2561 2356 2617 sed
2382 2567 2440 2618 et
2464 2560 2700 2618 leonem
2735 2560 3069 2630 rugientem
3094 2562 3152 2614 et
3185 2563 3350 2615 tuam
3377 2559 3504 2616 ani-

1850 2668 2018 2708 mam
2038 2666 2247 2724 rapere
2277 2666 2348 2706 ac
2375 2665 2588 2707 vorare
2615 2653 3004 2722 querentem.
3035 2651 3186 2704 Ama
3205 2647 3504 2721 quidquid

1850 2741 1912 2797 iu
1947 2739 2355 2796 hereditatem
2378 2739 2620 2794 sortitus
2650 2754 2712 2793 es
2730 2753 2766 2792 a
2783 2736 2952 2793 nobis
2977 2735 3081 2809 qui
3106 2734 3213 2792 tibi
3230 2735 3289 2791 id
3320 2735 3505 2805 gratis

1849 2828 2286 2902 impertivimus
2321 2831 2377 2883 et
2398 2827 2652 2899 perfecte
2687 2825 3098 2898 rependimus.
3133 2826 3196 2880 Et
3219 2824 3507 2882 nuncult-

1851 2934 2019 2975 mam
2078 2920 2332 2989 partem,
2373 2915 2631 2985 gratiam
2690 2913 2938 2970 alteram
2975 2911 3179 2984 accipe
3215 2926 3284 2966 ac
3320 2911 3505 2968 retine

1850 3021 2136 3063 nummos
2157 3019 2373 3060 aureos
2530 3005 2596 3058 Et
2624 3001 2670 3057 si
2686 3001 2832 3074 quid
2856 2998 3020 3057 aliud
3039 2999 3342 3055 bonorum
3361 3014 3505 3056 nos-

1852 3100 2080 3154 trorum
2115 3092 2257 3150 tanti
2294 3092 2619 3148 mstimetur
2635 3090 2750 3147 hoc
2784 3092 3098 3146 contentus
3123 3086 3224 3145 sis.

2967 3218 2981 3244 ,
3033 3177 3062 3238 ἢ
3127 3177 3170 3230 εἷ
3223 3195 3276 3229 τι
3339 3175 3506 3251 ἓτερον

1921 3361 2035 3419 Sed
2088 3364 2290 3417 tamen
2341 3373 2505 3416 nunc
2557 3359 2793 3430 oportet
2831 3371 2928 3412 me
2967 3354 3045 3412 ad
3112 3357 3168 3411 te
3204 3352 3498 3421 converti;

1846 3451 1951 3524 qui
1977 3449 2123 3507 mihi
2177 3452 2348 3506 aetate
2390 3447 2637 3520 quidem
2692 3444 2994 3502 secundus
3051 3459 3138 3511 es,
3200 3456 3325 3499 non
3401 3441 3510 3500 mi-

1847 3557 1960 3598 nus
2014 3544 2216 3596 autem
2296 3537 2626 3594 dilectionis
2690 3540 2746 3591 et
2811 3533 3035 3591 amoris
3103 3548 3141 3590 a
3204 3547 3302 3589 me
3359 3530 3510 3588 obti-

1847 3646 1977 3696 nes,
2018 3630 2242 3702 quippe
2272 3628 2376 3701 qui
2403 3641 2522 3683 non
2553 3625 2752 3682 minus
2777 3623 3005 3680 habeas
3043 3627 3358 3695 paternam
3386 3620 3503 3678 for-

1849 3735 2013 3777 mam
2035 3723 2245 3792 etquae
2269 3717 2348 3774 ad
2373 3733 2504 3773 eam
2531 3715 2886 3790 pertineant.
2921 3715 3067 3770 Cum
3095 3711 3276 3780 igitur
3303 3713 3382 3765 ad
3403 3725 3504 3766 eo

1848 3809 1951 3882 qui
1978 3809 2111 3882 pari
2136 3809 2302 3882 apud
2329 3824 2426 3864 me
2452 3805 2665 3863 honori
2695 3809 2854 3871 sunt,
2880 3815 3200 3858 sermonen
3220 3798 3504 3868 habeam,

1849 3899 1927 3956 ad
1975 3903 2296 3971 utrumque
2343 3896 2557 3954 eadem
2592 3892 2840 3950 consilia
2885 3890 3251 3962 easdemque
3287 3902 3496 3962 preces

1849 3988 2126 4058 dirigam,
2149 4003 2219 4043 ac
2241 3986 2344 4043 tibi
2373 3989 2514 4057 opto
2545 3995 2876 4056 percorque
2911 3991 3310 4052 quascumque
3340 3976 3509 4034 dicta

1852 4081 1992 4134 sunt
2021 4081 2077 4133 et
2102 4078 2155 4132 ei
2207 4075 2312 4148 qui
2365 4075 2528 4146 prior
2553 4077 2605 4129 te
2642 4069 2876 4140 genitus
2903 4074 3010 4138 est,
3030 4071 3308 4140 precatus
3330 4080 3494 4122 sum.

1850 4170 2052 4238 Neque
2081 4163 2375 4220 minorem
2415 4163 2474 4218 in
2510 4159 2775 4234 pulchris
2809 4157 3110 4228 bonisque
3147 4158 3383 4227 partem
3418 4167 3507 4210 re-

1850 4256 2006 4311 feras
2035 4273 2048 4321 ;
2081 4250 2376 4326 quidquid
2400 4266 2540 4307 vero
2563 4248 2788 4306 malum
2811 4253 3206 4319 est,superes,
3224 4242 3372 4300 nihil
3395 4241 3509 4299 tale

1849 4343 2178 4417 experiens,
2209 4356 2402 4414 neque
2427 4339 2548 4396 ulla
2569 4337 2797 4395 malitia
2818 4341 2871 4394 te
2894 4337 3093 4392 vincat
3112 4334 3510 4405 domitetque,

1850 4435 1907 4490 in
1935 4432 2217 4489 omnibus
2246 4446 2380 4486 vero
2404 4427 2723 4485 virtutibus
2759 4425 3000 4482 malitiae
3035 4425 3412 4481 inventorem
3447 4425 3510 4478 et

1851 4526 2156 4578 auctorem
2187 4520 2417 4586 vincas,
2451 4523 2508 4575 et
2538 4517 2743 4572 vincas
2765 4516 2974 4572 matris
3002 4512 3281 4586 precibus
3315 4526 3510 4568 arma-

1849 4615 1948 4668 tus
1985 4615 2042 4666 et
2068 4609 2356 4665 adversus
2384 4607 2514 4679 ejus
2549 4604 2824 4672 insidias,
2862 4604 2984 4659 sive
3009 4617 3116 4675 per
3137 4617 3200 4657 se
3229 4600 3508 4656 inimicus

1854 4703 2052 4769 tentet,
2089 4698 2212 4754 sive
2246 4713 2354 4770 per
2388 4695 2538 4752 alios
2574 4693 2824 4749 artificia
2877 4696 3083 4762 struat,
3123 4694 3408 4746 constans
3442 4701 3514 4743 ac

1852 4788 2017 4845 fortis
2060 4785 2336 4842 resistas!
2370 4785 2495 4841 Tibi
2556 4782 2965 4850 auxiliabitur,
3017 4784 3082 4836 ut
3117 4778 3262 4846 scio,
3301 4775 3510 4831 matris

1853 4878 2070 4935 ardens
2082 4876 2253 4942 ﬁdes,
2269 4875 2455 4930 Deum
2479 4873 2686 4928 fortem
2704 4887 2772 4927 ac
2799 4870 3275 4941 omnipotentem
3292 4862 3500 4920 adver-

1855 4983 1958 5022 sus
2003 4980 2249 5021 omnem
2291 4963 2637 5036 oppositam
2674 4963 3032 5031 potestatem
3061 4950 3510 5024 adjutoremin-

1851 5069 2078 5111 vocans
2107 5059 2164 5110 et
2192 5058 2504 5126 praestans,
2530 5049 2624 5105 cui
2662 5063 2808 5102 sane
2841 5044 2986 5100 nihil
3016 5049 3136 5099 tam
3169 5038 3511 5111 jucundum

1853 5149 2146 5216 estquam
2186 5141 2345 5197 filius
2375 5145 2630 5195 matrem
2676 5135 3008 5200 laetiticans,
3041 5135 3099 5186 et
3124 5130 3298 5201 juxta
3321 5126 3512 5216 ipsius

1854 5215 2146 5289 mandata
2183 5231 2338 5287 hanc
2374 5226 2523 5298 legis
2562 5229 2820 5297 partem,
2845 5235 3033 5293 quam
3091 5215 3510 5289 diligentissim

1926 5447 2006 5516 (3)
2068 5443 2480 5516 Petr.lEpist.
2529 5455 2601 5516 _V,
2662 5441 2694 5493 8
2755 5436 2815 5490 Ὀ
2851 5431 3116 5516 ἀντίδικος
3167 5434 3318 5516 ⁸τξιμῶν
3391 5425 3511 5516 διά-

1858 5504 2021 5587 ϐολος,
2091 5519 2160 5580 ὡς
2224 5504 2369 5568 λέων.
2406 5513 2714 5584 ὠρυόμενος,
2795 5513 3089 5579 περιπατεῖ,
3163 5504 3336 5566 ζητῶν
3396 5504 3515 5552 τίνα

1859 5593 2087 5662 καταπίῃ
2099 5629 2114 5644 .
