4050 6306
164 294 290 373 μέν

1571 278 2095 362 TESTAMENTUM.

3371 294 3392 344 1
3403 290 3508 347 494

161 415 348 482 ἀλλ’,εἷ
398 434 458 484 γε
496 413 649 485 μόνον
707 415 796 464 καὶ
861 414 1010 482 ἡμεῖς
1073 409 1451 484 βουληθείημεν
1510 406 1593 460 ἐπὶ
1653 413 1742 457 τοῦ

1854 419 1978 475 quo
2003 408 2295 466 salvatore
2326 416 2384 467 et
2418 412 2609 483 capite
2634 427 2772 466 cum
2801 414 2855 466 te
2911 425 3019 482 per
3081 413 3269 468 totam
3331 413 3509 468 vitam

159 504 308 556 καλοῦ
370 499 596 576 ἑδραίως
651 501 883 565 ἑστάναι,
943 498 1174 571 φεύξεται
1233 501 1258 550 ὁ
1309 502 1554 561 Σατανᾶς,
1641 489 1745 546 οἶδ’

159 597 253 660 ὅτι,
285 596 372 644 καὶ
401 593 768 664 ὑποχωρήσει,
826 593 916 640 καὶ
966 590 1112 660 ἡμῶν
1169 587 1336 640 ὀπίσω
1392 586 1746 655 καθυπαχθὴ-

160 701 298 735 σεται
349 683 479 752 μετά
528 685 760 752 Χριστοῦ
816 683 905 729 καὶ
950 680 1271 748 τεταγμένων
1337 680 1427 728 καὶ
1503 691 1748 725 συνιστα-

157 774 332 843 μένων,
380 775 472 821 τοῦ
524 771 613 819 τὸν
651 767 848 838 κόσμον
907 765 1040 832 ὂλον,
1097 785 1186 816 και
1262 765 1422 816 αύτοῦ
1500 759 1568 820 δὴ
1659 765 1747 812 τὸν

157 862 399 932 ἄρχοντα,
467 859 552 908 τὸν
618 858 906 928 πειραστὴν
976 862 1176 921 τοῦτον,
1252 855 1590 915 νενικηκότος,
1641 847 1746 920 Ὑφ’

156 951 194 1020 ᾧ
223 945 285 1006 δὴ
319 954 520 1021 σωτῆρι
550 965 640 996 και
664 944 854 1016 κεφαλῇ
883 963 974 995 και
997 947 1052 996 σὲ
1102 940 1193 994 διὰ
1245 945 1436 1002 παντὸς
1491 947 1582 992 τοῦ
1628 937 1746 1010 βίου

154 1037 545 1090 πεπολιτεῦσθαι
601 1033 702 1105 ἐγὼ
753 1053 842 1084 και
888 1037 1109 1105 νομίσας
1153 1051 1242 1083 και
1289 1030 1576 1105 θαρῥησας,
1659 1046 1748 1078 και

153 1145 208 1198 γε
265 1130 355 1183 τὴν
395 1128 525 1196 πρὸς
591 1122 744 1173 αὐτὸν
821 1125 1031 1194 πορείαν
1109 1119 1490 1192 ἀμεταστρεπτί
1567 1134 1748 1167 κατευ-

154 1218 328 1280 θύνειν,
357 1231 757 1266 καταπατουντα
787 1215 880 1268 τὴν
938 1217 1030 1262 τοῦ
1093 1229 1182 1260 και
1232 1213 1326 1266 τὴν
1379 1206 1575 1281 ἀρχὴν’
1605 1204 1744 1258 ἀπα-

150 1309 398 1363 τήσαντος
426 1306 585 1373 ὄφεως
636 1298 854 1370 κεφαλὴν
888 1318 978 1349 και
1022 1305 1084 1370 τῇ
1159 1304 1252 1348 τοῦ
1303 1296 1457 1358 ξύλου
1514 1293 1747 1346 ἀποπλα-

151 1397 394 1451 νήσαντος
448 1408 538 1440 και
607 1389 993 1446 θανατώσαντος
1059 1384 1280 1460 βρώσει,
1341 1403 1431 1434 και
1496 1381 1574 1434 ἀεί
1695 1377 1746 1432 δ’

152 1481 348 1550 ἀπατᾷν
402 1478 450 1530 ἐν
501 1479 759 1538 τοιούτοις
801 1479 1117 1548 πειρωμένου
1162 1481 1382 1548 τρυφαῖς
1463 1491 1552 1524 και
1617 1467 1748 1531 ἠδοέ

151 1578 258 1631 ναῖς
313 1589 398 1620 και
449 1569 628 1626 ἥτταις
683 1573 909 1638 σαρκῶς,
966 1565 1069 1636 ὁρῶ
1121 1582 1178 1615 σε
1211 1570 1298 1614 νῦν
1337 1563 1400 1629 (ὠ
1450 1566 1613 1614 πόσον
1657 1565 1752 1610 και

154 1656 256 1711 οἷον
300 1660 459 1710 κακὸν
527 1655 576 1707 ἑν
628 1661 737 1714 τοῖς
782 1653 922 1725 ἐμοῖς
981 1651 1260 1724 ὀφθαλμοῖς
1313 1650 1353 1721 ι)
1399 1657 1506 1710 τοῖς
1553 1649 1744 1700 ἐκείνου

1855 499 2128 551 acturum
2157 512 2287 553 esse
2319 503 2593 570 putarem
2631 504 2688 556 et
2722 497 3106 567 conﬁderem,
3138 504 3196 556 et
3228 499 3306 556 ad
3369 493 3510 556 eum

1856 591 2194 641 constanter
2249 604 2492 645 cursum
2541 593 2710 644 tuum
2761 588 3150 650 directurum.
3209 594 3509 663 caputque

1856 675 2145 744 serpentis
2179 676 2359 746 hujus
2392 678 2495 749 qui
2547 676 2626 732 ad
2669 677 2839 733 initio
2885 676 3136 748 decepit,
3186 686 3241 732 et
3283 678 3510 734 fructus

1855 764 2219 820 comestione
2266 767 2325 821 in
2389 781 2650 822 errorem
2697 765 2925 822 inducit
2981 766 3343 840 occiditque,
3387 773 3512 824 ten-

1856 855 2058 923 tatque
2118 869 2366 926 semper
2423 861 2479 910 et
2520 855 2746 912 deliciis
2800 860 2856 911 et
2939 855 3346 928 voluptatibus
3454 862 3512 915 et

1855 943 2051 996 carnis
2073 944 2425 1000 remissione
2452 944 2747 1016 decipere,
2770 945 2947 1000 video
2963 949 3014 1000 te
3029 960 3210 1012 nunc,
3235 946 3293 1016 (ο
3315 961 3509 1017 quan-

1856 1033 1981 1084 tum
2013 1035 2070 1087 et
2098 1032 2277 1103 quale
2317 1033 2376 1088 in
2407 1033 2595 1089 oculis
2631 1033 2780 1090 meis
2833 1033 3062 1090 malum
3116 1034 3154 1105 1)
3213 1034 3507 1091 daemonis

1855 1118 2110 1189 pedibus
2141 1121 2458 1176 mortiferis
2479 1121 2894 1178 conculcatum
2921 1127 2978 1178 et
2999 1123 3340 1179 contritum.
3382 1124 3510 1180 Etsi

1854 1206 1981 1278 ipse
2002 1207 2063 1262 in
2093 1209 2313 1265 durum
2328 1210 2593 1282 lapidem
2611 1227 2713 1266 cor
2731 1216 2904 1267 tuum
2919 1216 3273 1268 convertens
3311 1228 3509 1285 neque

1855 1294 2153 1362 affectum,
2193 1313 2387 1370 neque
2418 1299 2836 1355 contritionem
2869 1304 3093 1356 sentias
3125 1304 3246 1357 tota
3309 1306 3508 1356 mente

1856 1388 1961 1440 tua
1989 1384 2240 1457 abrepta
2275 1391 2330 1442 et
2366 1387 2520 1442 male
2579 1388 2853 1459 decepta,
2916 1404 3115 1444 nonne
3169 1389 3506 1459 evigilabis,

1855 1478 1912 1527 et
1969 1474 2259 1543 intelliges
2301 1481 2356 1531 et
2406 1477 2653 1532 rationis
2711 1478 2914 1550 tuique
2960 1479 3155 1549 ipsius
3213 1478 3340 1550 ﬁes,
3404 1480 3509 1552 qui

1856 1563 2055 1618 adhuc
2084 1564 2144 1618 in
2175 1565 2391 1620 teneris
2429 1566 2604 1621 annis
2623 1569 2679 1622 et
2699 1568 2892 1638 prima
2916 1572 3174 1638 posteos
3193 1568 3508 1638 juventute

1855 1653 2152 1722 sapienter
2176 1654 2528 1725 intelligens,
2585 1671 2748 1711 nunc
2812 1671 2955 1711 vero
3007 1656 3312 1712 dementia
3378 1672 3507 1713 cor-

155 1747 335 1817 μᾶ).λον
393 1746 820 1817 συμπατούμενον
894 1761 983 1792 και
1049 1739 1442 1812 συντριϐόμενον
1521 1740 1742 1794 θανατη-

1851 1747 2081 1812 reptus,
2119 1747 2192 1806 et,
2232 1759 2373 1798 cum
2403 1745 2602 1815 potius
2626 1744 2984 1816 oportuisset
3004 1749 3058 1800 te
3097 1744 3175 1800 ab
3207 1733 3511 1814 i'ignoran-

154 1841 323 1909 φόροις
386 1837 532 1888 ποσί.
604 1836 708 1884 Κάν
775 1849 861 1881 και
928 1829 1080 1888 αύτός
1133 1829 1198 1888 εἰς
1259 1828 1481 1899 σκληρὸν
1556 1827 1743 1876 ὡσανεί

153 1925 287 1977 λίθον
311 1929 403 1981 τὴν
440 1917 666 1995 καρδίαν
731 1917 1031 1992 μεταϐαλών
1087 1916 1418 1976 ἀναισθήτως
1476 1918 1608 1987 ἔχῃς
1651 1921 1742 1966 τοῦ

151 2015 344 2073 πάθους
393 2031 482 2062 και
534 2018 624 2069 τῆς
677 2007 978 2081 συντριϐῆς,
1037 2006 1158 2064 ὃλην
1222 2003 1565 2065 ἀποσυληθεις
1653 2021 1743 2054 και

150 2101 351 2160 κλαπείς
370 2106 544 2159 κακῶς
598 2101 692 2154 τὴν
751 2092 1012 2157 διάνοιαν,
1071 2092 1200 2145 ἀλλὰ
1263 2092 1376 2144 πότ’
1443 2090 1736 2161 ἀνανήψας,

147 2207 237 2240 και
277 2191 533 2245 συνέσεως
555 2203 648 2235 και
705 2182 969 2254 λογισμῶν
1018 2201 1108 2233 και
1155 2186 1374 2232 σεαυτοῦ
1447 2184 1664 2250 γενήσῃ,
1715 2180 1741 2230 ὁ

147 2277 413 2335 ἑννηπιοις
450 2273 610 2326 ἔτ’ὡν
671 2271 750 2343 ti)
797 2290 887 2322 και
960 2269 1054 2343 τῇ⁴
1092 2275 1272 2342 πρώτῃ
1341 2287 1402 2339 γε
1474 2287 1563 2319 και
1630 2267 1738 2338 μετ’

144 2365 302 2422 αὐτὴν
351 2363 531 2433 ἡλικίᾳ
580 2364 768 2419 συνιείς
808 2359 1088 2431 ἐμφρόνως,
1167 2365 1256 2417 νῦν
1331 2353 1383 2408 δ’
1462 2357 1744 2427 ύποσυρείς

144 2461 258 2514 ταῖς
287 2451 622 2525 ἀφροσύναις,
646 2468 754 2517 και,
789 2449 873 2500 ὅτε
926 2446 1114 2519 μᾶλλον
1162 2442 1269 2498 ἔδει
1311 2464 1369 2498 σε
1415 2452 1516 2496 τῶν
1555 2443 1743 2514 ἀγνοη-

145 2543 318 2616 μάτων
381 2538 637 2599 παντελῶς
692 2536 1054 2606 ἀπηλλάχθαι,
1133 2536 1534 2606 νουνεχεστέρας
1630 2536 1742 2584 έπι-

147 2630 306 2682 ϐάντα
328 2637 418 2689 τῆς
444 2627 668 2694 ἡλικίας,
697 2630 808 2677 τότε
846 2628 974 2698 πρὸς
1032 2627 1096 2675 τά
1155 2628 1322 2696 χείρω
1370 2626 1742 2694 μεταστραφείς

148 2720 220 2779 εἰς
277 2717 488 2774 ε’λεεινὴν
548 2720 642 2772 τὴν
707 2713 1058 2787 ταλαιπωρίαν
1114 2713 1196 2781 (2)
1262 2711 1312 2763 ἐν
1377 2719 1449 2779 τῷ
1515 2709 1742 2771 ἀκάνθας

149 2806 442 2880 ἐμπαγῆναί
472 2823 556 2856 σοι
595 2806 661 2855 τὰ
716 2804 881 2872 πικρά
932 2805 1118 2875 κέντρα
1171 2806 1264 2852 τοῦ
1312 2806 1587 2874 πονηρῶς
1643 2804 1742 2852 Καὶ

147 2900 250 2969 ⁴γὰρ
302 2903 533 2947 τοιοῦτον
593 2896 649 2946 τὸ
711 2889 956 2943 ἐκκλίνειν
1018 2888 1120 2941 ἀπὸ
1190 2897 1290 2941 τῶν
1379 2886 1741 2958 ἐντεταλμένων

146 2983 334 3057 τρίϐων
371 2989 606 3057 Χριστοῦ
636 3002 648 3014 ·
694 2986 926 3032 τοιοῦτον
984 2981 1167 3030 καὶτὸ
1221 2981 1308 3029 τὸν
1367 2976 1526 3047 ζυγὸν
1581 2975 1741 3027 αὑτοῦ

147 3073 537 3126 ἀποσείσας-θαι
595 3073 684 3121 τὸν
738 3067 953 3142 ἐλαφρὸν
1005 3072 1096 3119 καὶ
1161 3069 1400 3139 χρηστὸν
1480 3064 1577 3136 (3),
1651 3069 1741 3117 καὶ

145 3165 276 3234 πρὸς
300 3157 515 3219 ἀνοδίας
544 3163 634 3210 καὶ
669 3156 936 3231 βάραθρα,
996 3160 1085 3207 καὶ
1141 3157 1388 3214 τοιαύτας
1444 3151 1740 3224 ἀνωμάλους

143 3255 236 3303 καὶ
279 3252 660 3323 προσκόμμασι
699 3243 1094 3310 συνθλιϐούσας,
1152 3239 1496 3314 ἀποδραμεῖν,
1550 3240 1741 3311 ἀφέντα

143 3334 388 3411 βαδίζειν
453 3339 542 3407 μεν
597 3339 686 3386 καὶ
743 3333 1140 3406 ἐπιπορεύεσθαι
1192 3336 1286 3388 τὴν
1355 3329 1402 3380 ἐν
1481 3329 1740 3400 εὐλογίαις

140 3425 547 3497 ἐπηγγελέμενην
598 3431 698 3494 γῆν
750 3427 840 3474 καὶ
886 3426 980 3479 τὴν
1041 3417 1114 3472 δι’
1169 3419 1328 3478 αὑτης
1379 3421 1504 3492 πρὸς
1567 3419 1738 3490 παρά-

140 3513 324 3568 δεισαν
377 3515 488 3566 ὅθεν
551 3511 852 3582 έξεπέσομεν
908 3512 1186 3584 φέρουσαν,
1238 3514 1416 3559 πατεῖν
1493 3503 1552 3559 δε
1645 3510 1738 3563 τὸν

138 3605 364 3663 ἀκάνθας
415 3606 505 3654 καὶ
560 3599 829 3674 τριϐόλους
895 3597 944 3650 έν
999 3599 1255 3670 κατάραις
1311 3599 1450 3668 φύειν
1515 3591 1738 3647 καταδι-

136 3693 426 3744 κασθεῖσαν
459 3691 536 3761 (4)
583 3694 674 3740 καὶ
726 3694 990 3759 γεωργεῖν.
1042 3685 1156 3738 Ἐτι
1207 3684 1349 3745 ἐλπὶς
1401 3684 1516 3755 ἐμοὶ
1562 3689 1630 3754 μη
1688 3687 1740 3734 τί

141 3799 205 3834 σε
228 3784 352 3853 πρὸς
379 3778 520 3838 τέλος
547 3781 636 3837 τὰς
667 3775 748 3828 ἐπὶ
780 3781 864 3828 σοὶ
930 3782 1025 3836 τῆς
1090 3777 1289 3847 μητρὸς
1339 3772 1499 3834 καλὰς
1546 3771 1741 3832 ἐκείνας

139 3865 362 3929 ἐλπίδας
414 3873 793 3937 καταισχῦναι,
853 3869 943 3916 καὶ
1026 3882 1250 3934 ματαιας
1330 3860 1740 3932 ἀπεληλεγμένας

140 3957 335 4020 δεῖξαι.
379 3980 407 4008 ‹‹
465 3957 848 4029 Ἐπιστράφητε
894 3957 1024 4024 πρὸς
1077 3972 1160 4025 με,
1233 3957 1322 4003 καὶ
1411 3950 1739 4025 ἐπιστραφὴ-

141 4067 310 4117 σομαι
339 4050 470 4120 πρὸς
493 4045 647 4114 ὑμᾶς,
706 4044 840 4114 λέγει
891 4045 1080 4114 Κύριος
1138 4044 1217 4108 (5)
1275 4062 1287 4074 ο
1340 4063 1366 4091 ››
1430 4039 1739 4112 έπίστρεψον

135 4141 235 4188 καὶ
258 4141 344 4202 σὺ,
377 4140 466 4186 καὶ
495 4133 944 4204 ἐπιστραφήσεταί
979 4149 1094 4197 σου,
1125 4135 1214 4182 καὶ
1255 4149 1315 4200 ’γε
1367 4132 1433 4181 τὰ
1491 4133 1739 4202 συντρίμ-

135 4244 305 4298 ματα,
344 4228 433 4276 καὶ
488 4227 610 4284 τοὺς
667 4221 721 4283 ἐξ
781 4219 1078 4292 ἀφροσύνης
1126 4215 1394 4279 ὁδωδότας
1455 4222 1544 4268 καὶ
1603 4217 1743 4287 μάλα

135 4335 194 4368 τι.
252 4316 725 4385 κατειργασμένους
778 4314 868 4362 καὶ
922 4313 1218 4369 σεσηπότας
1259 4307 1534 4378 μώλωπας,
1604 4306 1740 4368 ἐξιά-

1853 1830 1935 1886 tia
1951 1830 2208 1895 liberari,
2238 1832 2684 1902 prudentiorem
2723 1838 2958 1890 aetatem
2981 1833 3338 1904 ingressum,
3369 1839 3509 1889 tunc

1850 1919 1928 1974 ad
1987 1919 2194 1989 pejora
2254 1921 2316 1974 in
2382 1919 2792 1976 miserandam
2847 1919 3262 1992 infelicemque
3324 1923 3508 1977 vitam

1851 2006 2179 2074 cucurristi,
2219 2007 2364 2062 dum
2395 2009 2661 2080 utspinae
2679 2010 2740 2064 in
2758 2015 2811 2064 te
2834 2008 3165 2078 inﬁguntur
3185 2010 3375 2065 amari
3397 2010 3510 2065 ini-

1852 2095 1989 2150 mici
2019 2095 2211 2150 aculei
2245 2095 2273 2149 ?
2301 2097 2381 2151 Ea
2410 2097 2569 2152 enim
2590 2103 2821 2153 estsors
2847 2112 3055 2153 eorum
3081 2097 3240 2169 quia
3276 2098 3508 2154 Christo

1849 2182 2152 2239 declinant
2186 2203 2202 2254 ;
2239 2185 2343 2256 qui
2360 2186 2577 2255 jugum
2607 2187 2788 2241 Chisti
2814 2186 2941 2242 leve
2975 2201 3047 2242 ac
3097 2201 3280 2242 suave
3331 2202 3509 2242 excu-

1850 2272 2022 2326 tiunt.
2055 2277 2111 2327 et
2134 2272 2211 2327 ad
2232 2272 2394 2328 invia
2428 2279 2486 2330 et
2520 2274 2844 2346 profunda,
2877 2279 2934 2330 et
2967 2275 3340 2331 inordinatus
3397 2274 3506 2331 ob-

1851 2360 2213 2433 staculisque
2234 2361 2480 2416 refertas
2501 2363 2765 2428 semitas,
2780 2364 3112 2429 incurrunt,
3130 2363 3278 2418 dum
3293 2363 3504 2419 ambu-

1849 2447 1970 2503 lare
1991 2453 2049 2503 et
2083 2448 2353 2504 incedere
2384 2450 2444 2504 in
2468 2449 2646 2521 plena
2667 2450 3189 2506 benedictionibus
3239 2454 3398 2506 terra
3449 2456 3507 2507 et

1850 2536 1930 2592 ad
1963 2537 2336 2608 paradisum,
2366 2538 2525 2594 unde
2545 2538 2902 2606 decidimus,
2926 2538 3168 2604 ferente,
3194 2538 3501 2605 deberent,

1848 2625 2205 2680 conculcare
2236 2641 2377 2682 vero
2411 2641 2546 2682 eam
2567 2643 2704 2698 quae
2732 2632 2789 2682 et
2812 2628 3017 2699 spinas
3043 2631 3100 2683 et
3132 2626 3372 2683 aculeos
3442 2627 3504 2682 in

1851 2712 2370 2768 maledictionibus
2394 2715 2637 2784 gignere
2654 2719 2712 2771 et
2735 2715 2887 2771 ferre
2915 2715 3206 2772 damnata
3223 2719 3330 2771 est.
3358 2717 3504 2787 Spes

1849 2801 2048 2856 adhuc
2071 2801 2217 2856 mihi
2254 2806 2341 2856 est
2371 2802 2494 2858 fore
2514 2808 2578 2857 ut
2599 2803 2840 2859 tandem
2860 2819 2983 2859 non
3009 2803 3336 2876 opprobrio
3354 2803 3503 2875 opti-

1783 2905 1808 2913 '
1851 2905 1982 2945 mas
2010 2889 2143 2944 illas
2187 2892 2394 2945 matris
2421 2895 2535 2946 tua;
2561 2891 2636 2947 de
2693 2898 2748 2947 te
2789 2908 2926 2964 spes
2976 2893 3176 2948 fallere
3234 2893 3394 2956 velis,
3447 2897 3504 2948 et

1848 2993 2037 3033 vanas
2067 2977 2230 3032 abire
2257 2978 2654 3035 demonstres.
2698 3001 2719 3030 ε
2757 2980 3179 3036 Convertimini
3199 2981 3275 3037 ad
3299 2996 3417 3051 me,
3441 2985 3501 3036 et

1769 3092 1813 3150 ρ
1849 3072 2163 3122 convertar
2179 3066 2257 3120 ad
2277 3082 2402 3133 vos,
2426 3068 2568 3123 dicit
2587 3068 2890 3124 Dominus.
2916 3091 2936 3118 ι
2964 3071 3313 3126 Convertere
3335 3074 3392 3125 et
3413 3073 3500 3139 tu,

1849 3160 1906 3210 et
1940 3159 2312 3210 convertatur
2337 3155 2415 3210 ad
2441 3162 2514 3219 te,
2548 3162 2605 3211 et
2630 3190 2638 3198 -
2662 3157 3044 3213 contritiones
3114 3163 3268 3224 tuas,
3323 3162 3382 3213 et
3427 3173 3501 3213 ex

1849 3243 2150 3298 dementia
2181 3248 2311 3299 orta
2359 3249 2416 3299 et
2462 3244 2757 3316 producta
2809 3251 2866 3301 et
2908 3251 3190 3318 corrupta
3247 3245 3499 3302 vulnera

1849 3331 2121 3387 sanando
2134 3331 2376 3388 auferet.
2400 3333 2715 3398 Quomodo
2729 3335 3163 3392 autemYOleum
3175 3334 3500 3390 infundens

1847 3423 2109 3492 desuper
2125 3426 2180 3476 et
2198 3420 2488 3490 ligamina
2507 3422 2844 3493 imponens,
2860 3438 2996 3494 quas
3012 3439 3208 3495 neque
3219 3438 3293 3479 ea
3306 3423 3502 3479 sinent

1846 3524 1885 3566 a
1913 3508 2076 3564 bono
2107 3509 2380 3564 recedere
2411 3515 2514 3564 aut
2544 3526 2784 3566 sursum
2801 3510 3015 3582 frangi.
3039 3517 3120 3568 Ac
3139 3511 3307 3568 brevi
3327 3527 3500 3568 sana-

1846 3597 1934 3654 bit
1960 3602 2034 3662 te,
2068 3602 2124 3652 et
2177 3597 2536 3653 matutinum
2591 3598 2797 3655 lumen
2846 3600 2957 3656 has
3019 3600 3298 3658 tenebras
3363 3616 3498 3672 quae

1847 3701 2009 3742 nunc
2037 3693 2093 3742 te
2115 3686 2634 3758 comprehendunt
2659 3688 2910 3760 franget,
2933 3694 2989 3745 et
3017 3706 3262 3746 omnem
3290 3690 3498 3746 horro-

1848 3791 1974 3831 rem
2005 3774 2241 3847 repellet
2263 3783 2318 3831 et
2343 3775 2704 3843 deturbabit,
2738 3783 2796 3833 et
2817 3779 3050 3834 sanatio
3073 3779 3236 3834 carni
3271 3784 3386 3835 tua;
3441 3783 3498 3834 et

1848 3880 1992 3921 cura
2020 3865 2120 3920 fiet
2145 3865 2384 3920 ossibus
2413 3866 2547 3929 tuis,
2580 3870 2638 3920 et
2669 3866 2883 3921 animas
2913 3872 3026 3922 tuae
3052 3867 3207 3922 dicet
3239 3884 3301 3922 τι(
3328 3867 3497 3923 Salus

1850 3959 1951 4009 tua
1977 3968 2088 4022 ego
2125 3969 2282 4020 sum,
2313 3975 2340 4002 »
2371 3958 2427 4008 et
2445 3969 2578 4009 eam
2606 3953 2880 4009 salvabit.
2923 3957 2987 4010 Et
3011 3959 3150 4010 tunc
3168 3971 3299 4022 nos,
3328 3960 3499 4026 pater

1850 4041 2049 4103 simul,
2086 4057 2158 4097 ac
2194 4047 2401 4106 mater,
2432 4041 2616 4097 teneri
2643 4047 2699 4097 et
2734 4042 2930 4110 mites,
2955 4043 3182 4098 nedum
3242 4043 3377 4098 duri
3425 4057 3497 4100 ac

1843 4130 2009 4200 justa
2044 4130 2134 4184 ira
2160 4129 2342 4200 pleni,
2377 4127 2481 4183 ﬁlii
2507 4133 2780 4184 amantes
2811 4129 3032 4185 erimus
3062 4148 3076 4198 ;
3109 4135 3166 4185 et
3190 4131 3356 4202 quod
3417 4132 3498 4187 ad

1851 4223 1904 4272 te
1933 4221 2178 4288 spectat,
2201 4216 2352 4271 bene
2391 4216 2802 4286 pcenitentiam
2835 4221 3110 4286 agentem
3141 4224 3197 4274 et
3217 4218 3295 4274 ad
3333 4219 3498 4291 prio-

1851 4322 1976 4362 rem
2010 4309 2246 4377 lleoque
2281 4305 2559 4361 dilectam
2619 4305 2801 4362 vitam
2853 4307 3226 4374 redeuntem,
3261 4309 3498 4380 providi

136 4411 473 4463 σεταιοπώς
495 4405 586 4452 καὶ
649 4404 767 4450 τίνα
822 4402 1059 4470 τρόπον;
1114 4396 1319 4450 Ἓλαιον
1380 4395 1597 4466 ἐπιχέας
1653 4399 1741 4446 καὶ

1851 4395 2098 4461 erimus,
2130 4409 2203 4449 ne
2216 4409 2422 4448 eorum
2435 4409 2572 4464 quae
2586 4393 2666 4449 ad
2677 4409 2922 4451 cursum
2937 4395 3252 4452 conferunt
3265 4397 3499 4454 defectu

132 4493 336 4550 ἐπιθεὶς
387 4485 750 4560 καταδέσμους
797 4487 895 4556 (6),
944 4490 1131 4558 μηκέτι
1220 4492 1311 4536 τοῦ
1385 4485 1544 4535 καλοῦ
1622 4483 1742 4555 μήτ’

134 4579 588 4647 ἀποσαλευθῆναι,
657 4577 772 4647 μήτ’
828 4577 978 4634 αῦθις
1031 4572 1411 4647 ἀπορραγῆναι,
1481 4568 1740 4643 μηδαμῶς

135 4670 379 4728 ἀνιέντας
413 4689 424 4700 ·
457 4676 548 4718 και
603 4671 718 4717 τότε
770 4667 836 4716 τά
895 4665 1090 4736 ἰάματά
1155 4683 1249 4714 σου
1285 4666 1439 4732 ,ταχύ
1493 4660 1740 4723 ἀνατελεῖ,

133 4763 237 4811 καὶ
304 4763 538 4829 πρωῑμον
597 4755 889 4828 ῥαγήσεταί
954 4771 1038 4804 σοι
1101 4756 1158 4803 τό
1214 4760 1314 4822 φῶς
1375 4751 1452 4820 (7)
1515 4756 1608 4808 τὴν
1655 4750 1742 4801 νῦν

132 4850 479 4918 κατέχουσαν
549 4846 896 4914 σκοτομαιναν
950 4846 1039 4893 καὶ
1111 4839 1278 4910 ἀχλύν
1352 4839 1472 4896 ὅλην
1540 4835 1740 4890 διωσά-

1850 4483 2148 4554 dejiciaris
2173 4481 2526 4537 et'indolens
2555 4482 2857 4555 officiique
2886 4484 3222 4557 despiciens
3261 4485 3374 4543 tias
3401 4503 3415 4551 ;
3443 4491 3500 4544 et

1853 4572 2256 4630 concedemus
2292 4572 2453 4642 quod
2486 4571 2590 4628 tibi
2625 4572 2897 4630 sufﬁcere
2938 4575 3150 4647 possit,
3211 4582 3497 4648 quatuor-

1853 4662 2050 4718 decim
2080 4675 2298 4730 nempe
2331 4660 2460 4715 auri
2500 4660 2742 4728 talenta,
2781 4662 2933 4718 mille
2971 4679 3186 4720 aureos
3215 4680 3500 4720 nummos

1853 4749 2256 4820 adaequantia.
2278 4748 2529 4804 Tantam
2553 4749 2730 4818 igitur
2753 4750 3010 4808 dicimus
3031 4751 3156 4808 fore
3186 4757 3352 4808 tuam
3364 4767 3500 4824 par-

1854 4845 1992 4906 tem,
2018 4837 2066 4892 si
2083 4841 2136 4891 te
2152 4836 2382 4891 bonum
2403 4838 2785 4894 converteris.

130 4954 296 5010 μενον
323 4940 412 4986 καὶ
465 4931 796 4995 ἀποτινάξαν,
855 4936 944 4982 καὶ
995 4933 1133 4990 ἴασις
1183 4937 1243 5000 τῇ
1313 4937 1378 5000 σῇ
1437 4933 1593 5000 σαρκὶ
1651 4933 1740 4980 καὶ
1798 4926 2060 4999 ἐπιμέλεια
2114 4930 2395 4994 γενώσεται
2460 4933 2562 4986 τοῖς
2618 4929 2812 4987 ὀστέοις
2867 4930 2963 4996 (8),
3019 4933 3109 4979 καὶ
3184 4935 3246 4998 τῇ
3339 4927 3495 4999 ψυχῇ

132 5043 242 5078 σου
297 5028 559 5097 προσερεῖ,
618 5043 636 5069 ε
703 5024 939 5091 Σωτηρία
989 5021 1084 5070 σού
1138 5016 1245 5088 εἰμι
1290 5015 1390 5086 ἐγώ
1465 5019 1565 5084 (9),
1624 5037 1651 5064 »
1719 5022 1808 5068 καὶ
1876 5020 2114 5074 σεσωκως
2185 5014 2347 5071 αὐτὴν
2423 5017 2590 5068 ἔσται.
2672 5019 2771 5067 Καὶ
2852 5019 3018 5066 τοίνυν
3088 5017 3252 5086 ἡμεῖς,
3324 5021 3497 5088 πατὴρ

216 5166 296 5236 (l)
325 5161 666 5231 Legendum
697 5159 906 5236 forsan
921 5158 1066 5211 ἐτῶν.

1925 5158 2003 5236 (5)
2041 5155 2286 5236 ζᾶοὴδιθ.
2325 5158 2434 5236 i._3_,

216 5221 296 5307 (2]
311 5221 552 5308 Videtur
574 5231 846 5308 nonnihil
873 5231 1102 5308 deesse.
1125 5303 1150 5308 __
1236 5303 1244 5308 Α
1677 5300 1684 5308 Ι

1864 5299 1874 5308 _
2047 5228 2182 5308 [ΑΗΕ.
2255 5243 2310 5294 X,
2368 5229 2496 5308 3.34,:
2556 5221 2829 5280 Κατεδησε
2893 5227 2958 5276 τά
3007 5227 3284 5299 τραύματα
3339 5228 3498 5281 αὐτοῦ

217 5298 293 5372 (3)
325 5306 521 5363 Matth.
557 5319 629 5360 XI.
664 5304 777 5359 30:
860 5308 903 5352 Ο
960 5303 1062 5373 γὰρ
1124 5303 1274 5371 ζυφός
1321 5317 1421 5370 μου
1480 5300 1741 5371 χρηστὸς,

1856 5299 2082 5369 έπεχέων
2119 5298 2282 5349 ἔλαιον
2305 5300 2393 5347 καὶ
2419 5298 2569 5348 οἶνον.

135 5369 238 5432 καὶ
264 5385 322 5431 το
354 5382 561 5450 φορτίον
588 5394 688 5446 μου
711 5373 924 5450 ἐλαφρά-ν
946 5369 1084 5422 ἐστιν
1134 5442 1143 5450 .
1198 5369 1204 5371 ⁷
1323 5369 1361 5450 θ’
1476 5446 1496 5450 _
1527 5369 1562 5450 ig
1705 5444 1724 5450 _

1926 5372 2000 5450 (ἶ)
2029 5369 2161 5450 Ιὲιιὶ.
2193 5383 2319 5450 Lv_u,
2344 5370 2395 5422 8.

214 5453 302 5522 (4)
328 5433 535 5506 Cenes.
569 5433 646 5516 lii,
721 5451 776 5522 l_7
809 5433 1370 5522 'z'jﬁrrtzot1'd9rtrolgmﬁ
1428 5446 1496 5508 γῆ
1535 5438 1594 5520 ’ἐν
1643 5444 1742 5522 τοῖς

2023 5438 2309 5522 'i’ro‘verb.
2346 5452 2424 5504 ιιι,
2450 5439 2502 5522 8Ξ

131 5508 316 5595 ἕρνοίς
387 5539 480 5572 σου
554 5508 644 5572 ..ί
726 5515 948 5574 ἀκάνθας
1013 5517 1098 5564 και
1147 5508 1450 5577 ’τριϐόλους
1524 5508 1749 5560 ἀνατελεῖ
1927 5510 1998 5576 (9)
2021 5509 2456 5570 Psalm.xxxu|,
2486 5508 2538 5560 3.

133 5611 253 5660 σοι,
