4050 6306
555 300 692 359 1495
1904 287 2208 352 NICEPHO

2324 286 2569 348 IHUMNI
3801 294 3928 350 1496

553 424 686 498 ὁμοῦ
710 425 800 476 καὶ
819 425 1016 495 μήτηρ,
1042 423 1133 473 καὶ
1152 419 1262 493 μετ’
1286 420 1374 494 εμε
1404 417 1554 485 αὖθις
1597 423 1799 496 μήτηρ,
1843 417 2121 492 μειλίχιοι,
2167 420 2472 490 προσηνεῖς,
2529 411 2642 466 ἀντὶ
2696 420 2790 476 τῆς
2841 419 2929 465 νῦν
2980 411 3293 478 ἐπιπλήξεως
3339 434 3428 468 και
3468 409 3689 478 δικαίας
3752 417 3928 490 ὀργῆς,

553 509 808 588 φιλόπαιδ
812 532 860 574 ες
890 511 1114 584 ἐσόμεθα
1139 530 1229 563 και
1251 513 1310 562 τό
1337 511 1420 564 ἐπὶ
1443 514 1548 581 σοί,
1579 510 1743 572 καλῶς
1763 511 2106 584 μετεγνωκότι
2131 524 2221 559 και
2258 507 2384 577 πρὸς
2421 507 2513 562 τήν
2554 508 2732 577 πρώην
2759 501 3020 556 πολιτείαν
3047 507 3141 563 τὴν
3161 523 3251 557 και
3277 511 3391 575 Θεῷ
3442 504 3597 577 φίλην
3644 505 3927 569 ἐπανιόντι.

554 603 614 659 ού
667 608 770 675 μὴν
824 599 951 654 ἀλλὰ
999 619 1088 651 και
1138 602 1446 674 προμηθεῖς,
1518 603 1600 652 ἵνα
1652 604 1724 673 μὴ
1783 608 1846 659 τῆ
1905 596 2125 667 ἐκλείψει
2177 603 2277 647 τῶν
2333 597 2689 646 συντεινόντων
2710 595 2840 667 πρός
2870 595 2956 645 τόν
2983 589 3179 668 δρόμον
3211 593 3403 666 ἐγκοπὴ
3439 613 3525 647 σοι
3582 598 3798 666 γένοιτο
3849 598 3928 647 κάξ

553 693 808 767 ῥᾳθυμία,
855 709 945 740 και
991 707 1049 760 γε
1105 689 1198 741 τόῦ
1256 686 1672 762 σπουδασματος
1705 689 1973 762 ὀλιγωρία,
1997 705 2087 738 και
2115 687 2490 757 χορηγὴσομεν
2551 677 2618 739 δὴ
2684 683 2742 733 τὸ
2801 679 3052 754 ἀποχρῶν
3114 682 3376 750 καθάπαξ,
3427 692 3645 756 χρυσοῦ
3721 681 3924 745 aulaei

554 779 779 836 τάλαντα
807 782 1030 852 τέτταρα
1047 777 1138 829 κὰι
1169 773 1204 830 δ
1207 782 1318 844 ἐκα,
1341 777 1530 849 χιλίων
1554 776 1915 852 ἀπαρίθμησιν
1940 775 2276 848 νομισμάτων
2299 767 2579 832 δηλοῦντα.
2605 777 2864 826 Τοσοῦτον
2889 773 2986 844 γὰρ
3011 791 3174 846 φαμεν
3197 768 3324 826 εἶναι
3344 792 3432 826 και
3453 775 3513 826 τό
3546 772 3831 828 congiales
3855 795 3930 829 σοι

557 873 712 942 μέρος
740 867 844 939 (1),
877 866 924 919 ἐν
956 865 1240 940 ἐπιστροφῇ
1285 863 1528 924 δηλονότι
1549 874 1639 920 τοῦ
1668 866 1828 920 καλοῦ
1851 868 2106 937 γεγονότι.

626 959 703 1013 Te
726 971 890 1024 vero,
922 954 1202 1012 ultimum
1223 958 1280 1012 et
1304 955 1618 1029 reliquum,
1641 960 1706 1011 ut
1731 954 2027 1024 dicebam,
2049 967 2208 1008 meo-
2240 955 2286 1008 Α

556 1060 696 1104 rum
716 1043 999 1113 ﬁliorum,
1019 1043 1326 1100 Nicolaum
1347 1044 1780 1112 meum,nescio
1795 1058 1932 1116 quas
1945 1040 2210 1114 etqualis

557 1140 614 1193 te
638 1139 882 1193 maneat
904 1134 1165 1203 fortuna,
1197 1133 1302 1190 ubi
1335 1135 1456 1191 vita
1481 1149 1617 1190 mea
1657 1133 1843 1190 fracta
1877 1132 2004 1200 erit,
2069 1145 2209 1186 cum

560 1225 714 1284 adeo
748 1223 1109 1296 imperfectas
1138 1222 1326 1280 aetatis
1358 1223 1460 1292 sis,
1490 1238 1686 1295 neque
1745 1220 2209 1278 adolescentiam

559 1313 911 1376 absolveris.
926 1314 1201 1382 Magnam
1213 1327 1354 1368 vero
1366 1311 1650 1368 ﬁduciam
1669 1313 1949 1383 prmstant
1961 1323 2211 1382 eamque

555 1401 822 1459 validam
851 1400 938 1458 tui
963 1415 1187 1469 mores,
1228 1399 1358 1471 jam
1414 1399 1494 1456 ad
1551 1398 1777 1455 bellum
1831 1397 2082 1454 accincti
2140 1411 2211 1453 ac

557 1491 752 1548 bonas
774 1504 913 1562 spes
938 1488 1113 1546 nobis
1135 1487 1378 1561 polliciti
1414 1507 1431 1560 ;
1456 1487 1666 1544 incutit
1697 1503 1838 1543 vero
1865 1486 2012 1542 mihi
2037 1485 2211 1542 timo-

558 1595 686 1638 rem
713 1594 878 1636 mors
897 1577 1254 1651 plerumque
1271 1577 1597 1650 improvisa
1609 1575 2058 1648 superveniens,
2072 1591 2211 1630 cum

559 1683 758 1741 neque
788 1667 950 1724 diem
980 1667 1306 1723 crastinam
1332 1666 1528 1722 videre
1542 1665 1680 1722 certi
1697 1666 1904 1722 simus.
1923 1664 2036 1722 Sed
2051 1664 2113 1721 id
2133 1664 2213 1720 ad

559 1772 658 1814 me
688 1756 892 1814 attinet
921 1800 934 1825 ,
957 1755 1059 1812 sed
1102 1758 1159 1812 et
1188 1759 1288 1813 tua
1301 1754 1856 1813 teneraaetasmead
1876 1753 2214 1810 timendum

559 1846 806 1913 inducit,
837 1860 975 1918 quas
995 1843 1270 1901 nondum
1305 1860 1400 1901 res
1456 1843 1614 1901 valet
1664 1843 1933 1916 accipere
1991 1855 2213 1916 easque

560 1949 765 2006 gerere
797 1951 812 2002 ;
852 1934 1034 1992 timeo
1054 1949 1131 1991 ne
1152 1934 1320 2005 forte,
1355 1949 1496 1990 cum
1517 1934 1598 1990 sis
1623 1934 1847 2005 junior,
1900 1936 2068 2004 patre
2107 1937 2211 1990 tuo

557 2028 816 2095 mortuo,
831 2037 1012 2082 nemo
1036 2026 1088 2080 te
1107 2026 1379 2102 protegat
1393 2037 1768 2095 manumque
1791 2021 1896 2078 tibi
1922 2023 2213 2094 porrigat,

558 2117 614 2171 te
640 2112 719 2171 ad
733 2112 985 2171 meliora
1022 2111 1221 2169 verbis
1248 2116 1306 2168 et
1329 2111 1619 2184 exemplis
1639 2111 1929 2168 ducturus
1955 2129 1974 2178 ι
2003 2126 2074 2167 ac
2115 2109 2216 2168 de-

557 2203 697 2260 inde
727 2219 802 2260 ne
829 2207 956 2261 tam
981 2201 1159 2259 bona:
1181 2200 1404 2258 indolis
1418 2201 1563 2258 nihil
1576 2201 1706 2272 jam
1721 2200 1824 2257 tibi
1845 2199 2124 2272 supersit,
2163 2199 2213 2256 si

557 2291 808 2350 inimica
831 2291 1070 2349 fortuna
1090 2289 1370 2348 ﬂuctibus
1388 2289 1623 2348 latuerit
1639 2289 2002 2362 daemouque
2019 2288 2215 2349 malus

557 2384 615 2438 te
636 2380 964 2438 tentaverit.

555 2470 706 2527 πλέον
814 2470 980 2540 ἔσται,

555 2580 656 2622 νος.

629 2647 744 2706 Sed
771 2646 921 2721 quid
941 2645 1088 2703 mihi
1106 2647 1235 2703 hinc
1247 2650 1385 2704 sunt
1414 2647 1443 2706 ?
1465 2645 1554 2704 Sis
1582 2645 1918 2704 misericors
1940 2661 2010 2703 ao
2029 2644 2185 2704 bene

555 2737 744 2804 volus,
781 2736 886 2809 qui
916 2735 1163 2793 multam
1189 2736 1251 2792 in
1287 2735 1510 2793 Christo
1537 2735 1817 2794 virtutem
1853 2751 1923 2792 ac
1985 2740 2203 2807 poten-

554 2825 703 2882 tiam
729 2823 986 2898 adeptus
1007 2838 1091 2894 es,
1106 2823 1296 2880 multa
1327 2828 1656 2894 unguenta,
1679 2821 2203 2894 multa~miracula,

557 2917 760 2972 sancte
790 2929 861 2970 ac
889 2927 1110 2983 magne
1135 2910 1391 2981 Nicolae,
1413 2911 2051 2982 indigentiumlardens
2073 2927 2206 2985 pro-

555 3007 761 3074 tector,
783 3004 864 3062 ad
893 3018 1078 3076 quem
1107 3017 1220 3074 ego
1259 3017 1464 3060 meum
1498 3001 1954 3059 dilectissimum
2015 3001 2206 3060 ﬁlium

553 3092 770 3155 ferens,
839 3108 871 3148 e
938 3092 1226 3149 maternis
1288 3091 1620 3149 visceribus
1689 3095 1981 3164 ereptum,
2045 3106 2205 3148 com-

553 3181 692 3238 misi
714 3185 772 3238 et
795 3180 1141 3238 consecravi
1169 3199 1187 3252 ;
1218 3184 1273 3238 et
1298 3180 1556 3238 multum
1581 3180 1716 3237 ideo
1737 3179 1974 3237 ﬁduciis
1994 3179 2203 3248 habui,

555 3270 722 3344 quod
748 3270 914 3342 prius
945 3270 1214 3327 maxima
1241 3285 1312 3327 ac
1332 3269 1551 3327 deinde
1580 3273 1693 3326 tua:
1716 3285 1860 3343 erga
1890 3285 1986 3326 me
2033 3267 2207 3326 boni-

557 3358 690 3414 tatis
720 3358 1224 3431 protectionisque
1255 3359 1598 3416 testimonia
1615 3357 1807 3428 retuli,
1859 3358 1967 3415 etsi
2013 3359 2208 3428 ingra-

1085 2465 1375 2542 δυσμενοῦς
1466 2471 1641 2541 τύχης

1741 2466 2176 2545 ἕναποκρυϐείσης
2265 2469 2532 2543 κευθμώσι

2394 954 2452 1006 Σὶ
2518 948 2578 1006 δε
2624 955 2712 1006 τόν
2764 952 2990 1006 ὕστατόν
3041 972 3134 1026 μοι
3194 972 3285 1007 και
3337 953 3538 1021 λοιπόν,
3610 956 3743 1032 ὅπερ
3794 955 3925 1029 ἔφην,

2321 1049 2420 1094 τῶν
2467 1038 2691 1109 παίδων,
2754 1044 2842 1095 τὸν
2890 1041 3008 1115 ἐμόν
3059 1041 3332 1109 Νικόλαον,
3392 1043 3488 1097 οῦκ
3529 1040 3661 1097 οἶδα
3743 1050 3826 1107 τίς
3875 1046 3926 1097 ἂν

2321 1150 2411 1183 και
2439 1136 2566 1184 ποία
2621 1128 2941 1194 ῦποδέξηται
2992 1134 3158 1204 τύχη,
3220 1141 3316 1194 τῆς
3375 1135 3514 1197 ζωῆς
3557 1132 3679 1206 ἐμοί
3722 1136 3927 1206 τμηθεὶο

2325 1239 2444 1290 σης,
2503 1218 2552 1274 ἓν
2607 1219 2770 1282 οὓτως
2819 1219 2986 1274 ἀτελεῖ
3042 1241 3129 1273 σοι
3181 1224 3529 1280 καθεστηκότι
3588 1230 3651 1296 τῇ
3737 1224 3925 1295 ἡλικίᾳ,

2321 1329 2412 1362 και
2477 1313 2631 1381 μήπω
2695 1313 2790 1367 τὴν
2876 1314 3184 1385 μιρακικήν
3249 1309 3670 1383 παραμείψαντι,
3736 1310 3930 1367 Δίδωσι

2321 1402 2412 1474 μὲν
2453 1403 2554 1472 γὰρ
2607 1398 2810 1474 θαρῥεῖν
2865 1419 2954 1452 και
3003 1399 3166 1453 πολλὰ
3219 1396 3416 1454 δίδωσι
3478 1400 3690 1476 θαρρεῖν
3744 1405 3770 1454 ὁ
3825 1410 3931 1475 res.

2320 1507 2432 1551 πος,
2490 1491 2986 1564 παραγυμνούμενος
3037 1486 3143 1549 ἠδη
3229 1509 3318 1543 και
3397 1493 3492 1552 τὰς
3568 1497 3935 1565 χρηστοτίρας

2321 1580 2446 1652 ἡμῖν
2475 1582 2881 1651 μνηστευόμενος
2923 1587 3021 1630 τῶν
3080 1575 3302 1632 ἱλπίδων
3364 1595 3378 1611 ⁰
3437 1579 3585 1652 φοϐεῖ
3642 1577 3712 1634 δέ
3775 1601 3838 1654 με
3884 1589 3934 1633 τό

2321 1675 2414 1723 τοῦ
2456 1669 2678 1721 θανάτου
2731 1665 3036 1743 ἁπροόπτως
3093 1669 3158 1722 τὰ
3218 1667 3383 1721 πολλὰ
3434 1667 3599 1734 ἐπιόν,
3662 1690 3761 1724 και
3811 1669 3938 1744 μηδε

2322 1761 2441 1831 περί
2486 1765 2577 1818 τῆς
2631 1760 2809 1832 αῦριον
2889 1754 3160 1830 μηδεμιᾶς
3238 1757 3400 1821 οὖσης
3476 1758 3705 1830 ἐγγύης,
3793 1761 3935 1814 ’Δὶὶά

2322 1852 2476 1900 τοῦτο
2496 1848 2586 1919 μεν
2608 1845 2731 1918 ἐμοῦ
2757 1847 2919 1922 χάριν
2951 1845 3150 1900 ’πολλὰ
3206 1843 3266 1901 δε
3321 1867 3410 1899 και
3466 1851 3526 1900 τὸ
3579 1853 3677 1901 σόν
3750 1850 3936 1903 ἁπαλόν

2324 1933 2372 1988 ἐν
2425 1939 2601 2009 χρόνῳ
2651 1931 2964 2004 δεδίττεται,
3024 1956 3113 1988 και
3166 1939 3225 1989 τό
3279 1939 3409 2010 πρός
3453 1935 3774 2009 ἀντιλήψεις
3849 1949 3936 1992 τῶν

2324 2025 2643 2098 πραγμάτων
2693 2023 2799 2096 οὐχ
2843 2025 2948 2078 οἷον
2997 2044 3051 2078 τε
3118 2028 3194 2079 ἔτι
3269 2025 3437 2079 αὐτῶν
3510 2026 3855 2098 ἐφικνεῖσθαι
3926 2049 3939 2064 ·

2325 2131 2416 2165 και
2447 2109 2765 2181 δεδίττεται,
2797 2117 2870 2186 μή
2905 2117 3028 2166 ποτέ
3084 2133 3168 2166 σοι
3225 2118 3448 2188 νεωτέρῳ
3507 2119 3641 2183 ὄντι,
3714 2137 3806 2171 και
3853 2119 3938 2170 Θι-

2325 2203 2460 2273 νάτῳ
2507 2203 2594 2255 τὸν
2646 2205 2846 2277 πατέρα
2904 2201 3292 2276 ἁποϐαλομένῳ,
3351 2203 3446 2257 ούκ
3502 2203 3772 2260 ξπαειύνοε
3839 2227 3932 2272 τις,

2323 2286 2447 2344 οῦδὲ
2474 2309 2532 2362 γε
2562 2298 2723 2366 χεῖρα
2761 2291 2946 2365 ὁρίξοι,
3003 2291 3087 2344 ἐπι
3134 2294 3200 2345 τὰ
3255 2291 3443 2366 βελτίω
3492 2289 3528 2345 δ
3535 2290 3812 2356 ιαδεεκνύς
3856 2316 3932 2348 και

2318 2378 2786 2453 προσεμϐιϐάζωνο
2827 2382 2940 2435 εἶτα
2981 2389 3076 2444 τῆς
3133 2379 3331 2454 ἀγαθῆς
3381 2402 3588 2454 φύσεως
3655 2381 3817 2439 οὐδέν
3859 2405 3930 2438 σοι

2629 2489 2717 2523 και
2807 2471 3142 2544 πειραθείσης
3239 2468 3484 2545 δαίμονος
3597 2471 3926 2548 κακοδαίμο-

2389 2646 2547 2703 Ἀλλὰ
2609 2652 2662 2701 τί
2712 2651 2907 2702 τούτων
2955 2648 3110 2722 spei;
3172 2649 3313 2712 ἵλεως
3377 2671 3468 2724 μοι
3536 2672 3628 2706 και
3727 2653 3926 2727 nigrai:

2318 2740 2426 2800 εἶης
2484 2739 2509 2790 ό
2561 2737 2717 2800 πολύς
2763 2741 2854 2812 μεν
2899 2738 2946 2792 ἐν
3013 2746 3228 2814 Χριστῷ
3274 2735 3492 2812 δύναμιν
3541 2761 3635 2794 και
3728 2744 3923 2819 παρρη-

2319 2831 2460 2896 σίαν,
2502 2825 2661 2889 πολῦς
2709 2821 2768 2880 δε
2815 2847 2905 2880 και
2948 2829 3017 2881 τὰ
3068 2831 3230 2902 μύρα,
3286 2828 3441 2890 πολύς
3493 2849 3586 2882 και
3657 2834 3727 2884 τὰ
3812 2835 3925 2885 θαύ-

2315 2935 2456 2990 ματα
2489 2917 2590 2988 (2),
2657 2917 2684 2968 ό
2746 2917 2934 2992 θερμός
2987 2923 3086 2970 τῶν
3129 2913 3466 2992 ἔπιδεομένων
3512 2922 3854 2994 προστάτης,
3905 2922 3926 2972 ό

2320 3006 2453 3079 ἱερός
2509 3024 2601 3058 και
2653 3009 2816 3078 μέγας
2906 3005 3186 3072 Νικόλαος,
3263 3010 3392 3081 πρός
3449 3009 3503 3061 ὃν
3577 3008 3686 3080 ἐγὼ
3776 3018 3927 3086 φέρων

2318 3094 2473 3147 αὐτόν
2503 3113 2593 3168 μοι
2626 3098 2710 3148 τόν
2760 3094 3025 3169 φίλτατον,
3085 3095 3205 3171 ἆρτι
3253 3105 3349 3150 τῶν
3392 3107 3670 3173 μητρικῶν
3736 3097 3927 3153 ὠδίνων

2319 3182 2621 3256 ἐκραγέντα,
2670 3185 2867 3258 θερμῶς
2945 3187 3234 3248 πιστεύσας
3318 3185 3554 3246 ἐνέθηκα.
3617 3209 3714 3240 και

2317 3291 2370 3325 τι
2415 3280 2488 3344 τῷ
2539 3269 2769 3346 δόγματι
2825 3293 2914 3326 και
2972 3272 3190 3328 πλεῖστα
3217 3294 3306 3328 και
3352 3277 3552 3348 μεγάλα
3601 3278 3927 3354 τεθάρῥηκα,

2319 3366 2578 3435 τεκμήρια
2598 3365 2905 3436 παμμεγέθη
2966 3367 3212 3438 πρότερον
3261 3383 3350 3417 και
3411 3367 3640 3429 καθεξῆς
3704 3366 3790 3420 ἀεί
3847 3378 3930 3429 τῆς

555 3452 652 3502 tus
686 3447 816 3518 ipse
846 3446 1152 3502 miraculis
1190 3447 1352 3503 visus
1375 3463 1530 3519 sum,
1587 3447 1669 3504 ita
1714 3451 1780 3504 ut
1816 3446 2209 3504 metuendum

2324 3460 2422 3515 σῆς
2474 3458 2593 3527 περί
2649 3453 2736 3528 ἐμὲ
2785 3453 3170 3529 φιλανθρωπίας
3245 3475 3335 3507 και
3403 3463 3743 3528 προστασίας
3818 3459 3929 3511 ἀπε-

555 3534 756 3607 potius
776 3534 920 3590 mihi
934 3535 1028 3604 sit,
1047 3550 1122 3590 ne
1143 3549 1279 3591 mea
1299 3535 1580 3609 improba
1597 3540 1654 3592 et
1676 3551 1861 3608 prava
1883 3537 2004 3593 vita
2056 3535 2212 3592 ﬁlius

557 3639 682 3681 non
711 3623 772 3679 in
800 3623 1032 3680 bonum
1061 3628 1282 3682 utatur.
1321 3625 1481 3682 Unde
1507 3630 1565 3681 et
1589 3642 1624 3681 a
1646 3641 1742 3682 me
1765 3626 1857 3682 ille
1881 3627 2212 3698 sejunctus,

559 3717 616 3771 et
645 3717 748 3770 tua
778 3713 908 3770 sola
946 3713 1309 3786 protectione
1339 3714 1651 3772 conﬁdens
1680 3731 1748 3771 ac
1781 3715 1982 3773 vivens
2004 3721 2061 3773 et
2076 3732 2212 3790 ope-

557 3819 720 3872 rans,
751 3802 998 3861 meliora
1031 3803 1220 3860 multo
1245 3819 1430 3877 quam
1464 3820 1572 3878 pro
1604 3806 1821 3861 nostris
1847 3806 2124 3878 precibus
2144 3821 2214 3862 ac

556 3892 860 3951 voluntate
889 3892 1118 3950 referet.
1152 3895 1313 3950 Tunc
1343 3893 1539 3964 igitur,
1578 3894 1683 3966 qui
1721 3909 1861 3950 eum
1894 3895 2000 3951 tibi
2025 3895 2214 3952 infan-

557 3982 750 4040 tulum
779 3987 843 4040 ut
880 3999 1120 4040 servum
1149 3983 1472 4057 acceperis,
1495 3989 1550 4042 et
1580 3999 1764 4053 nunc,
1795 3990 1859 4042 ut
1879 3985 1962 4042 ita
1991 3985 2211 4054 dicam,

558 4075 662 4130 tua
690 4073 884 4146 gratia
918 4073 1132 4130 emeris
1157 4077 1215 4130 et
1244 4089 1280 4130 a
1336 4072 1513 4130 nobis
1571 4073 1860 4130 traditum
1907 4073 2212 4141 habueris,

558 4161 782 4233 adjuva
817 4177 957 4218 eum
987 4160 1250 4218 etlibera
1275 4162 1352 4218 ab
1383 4161 1668 4218 omnibus
1694 4161 1952 4227 insidiis,
1980 4163 2215 4236 tuisque

555 4249 665 4308 alis
693 4265 832 4307 eum
852 4250 1246 4317 obumbrans,
1267 4250 1320 4308 ei
1348 4251 1616 4324 requiem
1637 4250 1914 4325 prtebeas
1946 4251 2072 4309 sole
2093 4252 2215 4310 diei

559 4341 713 4406 usto,
751 4342 807 4394 et
826 4340 1054 4411 sagittis
1080 4341 1142 4396 in
1167 4340 1263 4397 die
1319 4340 1661 4398 volantibus
1717 4339 2060 4404 vulnerato,
2111 4357 2215 4398 ne-

557 4443 677 4501 que
697 4428 1006 4500 permittas
1033 4446 1173 4486 eum
1201 4430 1348 4487 luna
1378 4447 1484 4503 per
1517 4437 1757 4488 noctem
1784 4437 1888 4487 aut
1911 4447 1948 4488 a
2005 4432 2216 4489 timore

559 4522 853 4576 nocturno
869 4524 926 4576 et
943 4535 980 4576 a
1000 4521 1268 4592 qualibet
1293 4538 1355 4578 re
1371 4522 1836 4595 perambulante
1859 4526 1918 4579 in
1954 4523 2213 4580 tenebris

560 4605 789 4664 turbari
826 4610 883 4662 et
901 4608 1058 4680 capi.
1093 4611 1155 4663 Et
1182 4609 1298 4664 hoc
1337 4609 1522 4667 modo
1561 4627 1699 4667 eum
1734 4611 1812 4668 ab
1843 4611 2009 4668 omni
2045 4611 2212 4669 malo

557 4696 894 4753 immunem
914 4711 1134 4764 serves,
1158 4697 1345 4752 vitam
1367 4697 1496 4768 ejus
1517 4699 1578 4754 in
1592 4698 1767 4755 bonis
1782 4699 2029 4771 dirigas,
2051 4717 2215 4757 eum-

557 4800 677 4858 que
705 4789 1000 4858 quantum
1029 4783 1496 4843 licetdefendas.
1538 4787 1758 4842 Deinde
1785 4788 1866 4843 ita
1924 4803 2032 4860 per
2081 4804 2213 4844 om-

558 4889 700 4930 nem
729 4873 1008 4930 virtutem
1037 4873 1310 4938 ductum,
1343 4878 1400 4928 te
1429 4872 1603 4942 duce,
1638 4878 1695 4930 et
1722 4874 1968 4932 ductore
1997 4882 2051 4932 et
2083 4892 2216 4948 pro-

560 4967 800 5029 tectore,
845 4962 1076 5019 Christo
1099 4967 1488 5034 repraesentes
1514 4962 1575 5018 in
1601 4968 1894 5020 aeternum
1917 4965 2218 5022 exsultan-

559 5054 680 5106 tem
710 5055 767 5105 et
789 5065 1064 5122 superate
1094 5049 1481 5107 beatitudinis
1512 5050 1814 5108 haeredem
1866 5053 2215 5112 constituas.

641 5224 888 5294 “H.110,
922 5243 1029 5304 _xv,
1088 5229 1151 5282 12
1202 5244 1216 5284 :
1271 5229 1458 5304 Πάτερ,
1523 5223 1612 5290 δός
1673 5247 1764 5300 μοι
1825 5231 1883 5281 τὸ
1948 5227 2216 5282 ἐπιϐάλλον

557 5300 622 5370 μέ
637 5314 724 5371 ρος
745 5305 856 5371 τῆς,
876 5297 1078 5371 αὐτίκα

641 5366 743 5439 (2).
795 5367 1042 5442 Nicolai
1074 5366 1178 5442 ﬁlii
1225 5373 1534 5440 patronus,
1594 5385 1778 5442 quem
1823 5369 2067 5442 invocat
2124 5371 2217 5442 pie

561 5437 848 5509 Chumys,
883 5441 940 5494 S.
982 5437 1698 5520 ljlicolaus,.aiy_rorum'_in
1757 5440 1934 5520 Lucio.
1979 5437 2216 5520 episco-

559 5525 697 5582 pus,
729 5510 1188 5582 cognominatus
1226 5510 1335 5566 fuit
1363 5510 1718 5582 Myroblytes
1739 5527 1808 5567 ac
1829 5510 2216 5569 'l‘baumatur-

563 5581 695 5651 gus.
718 5583 799 5637 De
827 5594 899 5640 eo
925 5585 1118 5639 exstat
1155 5581 1461 5653 Lequienti
1510 5581 1850 5640 Dissertatio
1896 5583 1958 5640 id
2020 5585 2212 5642 Conti-

2319 3544 2648 3615 νεγκάμενος,
2691 3545 2734 3596 εἰ
2763 3563 2854 3595 και
2909 3541 3160 3616 ἀγνώμων
3207 3543 3360 3606 αὐτὸς
3411 3545 3596 3617 ἐφάνην
3655 3555 3768 3609 toi;
3820 3552 3928 3602 8r;-

2321 3651 2504 3704 μασιν,
2559 3631 2692 3685 ὥστε
2752 3637 2870 3706 περί
2951 3636 3136 3685 τούτου
3206 3629 3321 3696 δέος
3394 3633 3606 3706 μᾶλλον,
3683 3643 3760 3710 μή
3847 3647 3927 3698 τῆς

2321 3720 2444 3792 ἐμῆς
2497 3721 2692 3793 φαύλης
2749 3741 2839 3774 και
2894 3728 3127 3796 πονηρᾶς
3183 3726 3435 3795 μενούσης
3474 3724 3618 3787 ζωῆς
3714 3729 3740 3778 ό
3819 3735 3929 3786 παῖς

2320 3809 2415 3862 ούκ
2446 3809 2517 3872 εἰς
2545 3809 2698 3863 καλὸν
2728 3808 2977 3864 ἀπόναιτο
3011 3832 3022 3845 ·
3059 3810 3170 3865 ὅθεν
3228 3831 3317 3864 και
3371 3817 3544 3884 χωρίς
3590 3822 3748 3878 οὗτος
3788 3822 3927 3887 7mi-

2321 3918 2488 3972 μενος,
2518 3919 2608 3952 και
2639 3899 2739 3954 ὑπό
2782 3907 2844 3973 τῇ
2900 3908 2965 3973 σῇ
3021 3904 3186 3972 σκέπη
3238 3904 3364 3974 μόνῃ
3427 3921 3520 3954 και
3584 3905 3802 3978 θαρρῶν
3855 3926 3931 3957 και

2323 3987 2424 4048 ζῶν
2474 4007 2561 4040 και
2612 4007 2973 4063 στρεοφμενος,
3022 3985 3125 4042 οἶδ’
3185 3991 3264 4042 ότι
3304 3987 3578 4062 ἀμεινόνων
3640 3993 3727 4045 ἐπί
3769 3995 3928 4062 πολλῷ

2320 4095 2410 4129 και
2459 4075 2730 4150 βελτιόνων
2783 4085 2883 4130 τῶν
2941 4077 3056 4130 κατ’
3111 4077 3274 4150 εὐχὴν
3335 4097 3424 4130 και
3473 4077 3741 4152 βούλὴσιν
3800 4086 3928 4155 ἡμῶν

2321 4168 2720 4240 πειραθήσεται.
2766 4173 2868 4220 Και
2911 4175 3058 4238 γοῦν,
3101 4171 3170 4228 ὡς
3209 4187 3299 4222 και
3347 4173 3441 4226 τὴν
3504 4167 3688 4241 ἀρχὴν
3748 4169 3927 4245 βρέφος

2323 4257 2478 4308 αὑτὸν
2525 4255 2729 4314 οἰκέτην
2794 4255 3145 4329 παρειληφὼς,
3200 4276 3290 4309 και
3341 4265 3428 4310 νῦν
3478 4257 3704 4326 ὠνητὸν,
3757 4261 3925 4322 εἰπεῖν,

2321 4353 2416 4404 τῆς
2449 4353 2540 4405 σῆς
2579 4347 2804 4416 χάριτος
2847 4345 2970 4417 παρ’
3022 4345 3168 4417 ἡμῶν
3225 4341 3632 4418 ἀποδιδόμενον,
3691 4351 3924 4404 sie-ni!-

2323 4452 2432 4500 σαι,
2493 4452 2582 4484 και
2635 4433 2763 4506 ρύου
2808 4437 2897 4505 μὲν
2948 4431 3027 4485 ἀεί
3074 4436 3252 4495 πάσης
3299 4434 3356 4486 ἐκ
3403 4432 3646 4506 παγίδος
3692 4440 3921 4511 θηρενενο

2321 4541 2405 4583 τος
2435 4523 2649 4590 (3),ῦπό
2673 4518 2732 4574 δὲ
2753 4521 2848 4583 τᾶς
2899 4524 2991 4582 σὰς
3066 4527 3322 4597 πτέρυγας
3386 4527 3621 4585 σκιάσας
3705 4525 3920 4578 ἀνάπαυε

2321 4611 2446 4683 μήθ’
2486 4611 2681 4685 ἡμέρας
2754 4619 2826 4682 τῷ
2900 4610 3030 4682 ἡλίῳ
3106 4616 3478 4683 συγκαιόμενον
3559 4633 3659 4666 και
3759 4616 3917 4688 93.57.?-

2322 4717 2472 4771 μενον
2507 4718 2596 4750 και
2664 4705 2776 4761 τοίς
2842 4699 2892 4752 ἐν
2953 4700 3084 4758 άύτῆ
3148 4719 3440 4773 πετόμενοις
3510 4709 3917 4777 τιτρωσκόμενον

2324 4785 2522 4860 βελεσι,
2558 4791 2692 4860 μήτε
2725 4796 2788 4847 τῆ
2831 4788 3016 4846 σελήνῆ
3053 4792 3146 4846 τὴν
3181 4793 3360 4856 νύκτα,
3399 4787 3536 4862 μηδ’
3607 4793 3714 4846 ὑπὸ
3779 4793 3915 4864 ᾳὸεεν

2322 4883 2618 4950 νυκτερινοῦ
2653 4895 2742 4928 και
2800 4873 3114 4949 πράγμαδος
3177 4881 3394 4950 μητενός
3464 4879 3516 4931 εν
3580 4886 3766 4934 σκότει
3821 4879 3919 4934 διι-

2324 4969 2667 5038 πορευομίνου
2727 4970 2860 5038 μήτε
2925 4971 3299 5039 ταραττόμενον
3368 4967 3496 5039 μήθ’
3566 4968 3915 5042 ἁλισκόμδςπ.

2329 5059 2426 5107 Και
2465 5062 2646 5106 τοῦτον
2676 5050 2745 5112 δὴ
2787 5057 2872 5107 τόν
2908 5061 3096 5128 τρόπον
3166 5054 3322 5127 ἁθιγῆ
3395 5066 3563 5109 κακοῦ
3603 5063 3796 5120 παντὸς
3845 5078 3916 5110 πί-

2327 5230 2612 5287 nuatione
2639 5233 2879 5309 memor.
2903 5230 3163 5309 Desmrol.
3195 5237 3238 5290 t.
3271 5232 3339 5309 YI
3371 5253 3406 5309 _;_
3447 5250 3645 5309 quam
3698 5241 3918 5309 propter

2326 5317 2549 5357 nomen
2575 5303 2828 5358 auctoris
2859 5318 2929 5358 ac
2949 5303 3252 5359 raritatem
3284 5303 3556 5362 indicare
3587 5303 3794 5364 visum
3813 5303 3912 5363 ἐει

2327 5376 2570 5428 Exstant
2598 5379 2655 5428 et
2695 5373 2755 5429 in
2812 5373 2950 5430 cod.
3000 5377 3106 5430 400
3141 5375 3352 5431 iuediti
3401 5376 3463 5432 in
3517 5379 3574 5432 S.
3631 5380 3910 5436 Nicolaum

2307 5443 2509 5500 Graeci
2537 5459 2768 5499 versus.

2337 5585 2349 5596 Ὅ
2370 5515 2717 5596 ,ςὸλΡξᾶιιξμ
2745 5522 2999 5596 «31.11.57
3031 5534 3044 5596 ς
3162 5515 3320 5596 ψυχῇ
3351 5519 3504 5596 ᾑμ-ῶν
3534 5521 3609 5585 ὡς
3660 5525 3908 5596 στρονθω

2322 5582 2528 5660 ῥρύσθη
2548 5586 2603 5638 ίκ
2623 5594 2720 5649 τῆς
2740 5582 2971 5660 παγίδός
2992 5582 3092 5640 τῶν
3118 5582 3462 5661 adprimus“.
