4050 6306
159 323 289 381 1497

1216 321 1309 380 DE
1336 319 1553 378 Ε’ΕὸΤο
1601 314 2054 376 DORMITIONIS
2091 316 2151 376 S.
2179 317 2443 378 MARUE.

3376 323 3512 383 1498

153 446 411 522 ρισώξων,
452 443 500 498 ἓν
561 443 779 518 ἀγαθοῖς
811 447 984 498 ἴθυνον
1036 450 1130 505 τὴν
1163 446 1322 518 ζωὴν,
1361 445 1584 506 ἐκτείνας
1648 441 1714 502 εἰς
1768 441 1890 494 ὅσον
1946 436 2166 493 δυνατὸν
2222 441 2271 506 ἐς
2332 444 2594 501 πλεῖστόν.
2653 444 2763 500 Εἶθ’
2817 446 2950 499 οὕτω
3009 442 3104 498 διὰ
3156 447 3336 510 πάσης
3397 446 3511 523 ἀρε-

153 544 243 597 τῆς
271 535 488 607 ἠγμένον
523 535 624 588 ύπό
673 540 753 588 σοὶ
793 539 883 588 καὶ
919 531 1100 606 ὁδηγῷ
1167 540 1257 588 καὶ
1315 540 1629 610 χειραγωγῷ
1689 535 1779 584 καὶ
1840 532 2133 605 προστάτῃ,
2167 540 2381 608 Χριστῷ
2438 542 2814 610 napum-13am;
2865 535 2914 590 ἐν
2984 543 3092 599 τοῖς
3143 533 3340 600 ἀῖδίοις
3393 557 3512 591 συν-

156 624 512 698 αγαλλόμενον,
550 628 641 678 καί
674 643 731 696 γε
757 623 1074 699 κληρονόμον
1110 621 1312 687 δείξαις
1346 633 1443 686 τῆς
1472 622 1658 676 ἐκεῖθεν
1685 622 2092 695 μακαριότητος,

224 714 352 788 Παρ’
400 715 545 786 ἡμῶν
585 709 646 766 δέ
710 731 816 785 σοι,
863 710 1078 767 παιδίον
1114 713 1377 786 φίλτατον,
1410 711 1464 766 ἐκ
1499 720 1599 765 τῶν
1634 713 1752 764 καθ’

1931 712 1971 764 Α
1997 709 2174 766 nobis
2195 726 2338 769 vero
2356 713 2479 783 tibi,
2510 714 2892 772 dilectissime
2904 714 3190 784 ﬁliole,ex
3213 717 3508 788 corrupti-

153 804 287 875 ἡμᾶς
340 803 580 877 φθαρτῶν
641 807 730 854 καὶ
798 804 990 874 γηίνων
1051 801 1164 866 ἣξει
1223 806 1356 878 πρὸς
1407 801 1753 877 κληρονομίαν

153 890 252 945 ὃσα
299 899 361 964 τῇ
400 895 562 965 μητρὶ
596 888 988 964 ἐπεσκήψαμεν,
1023 895 1120 945 ἶσα
1184 897 1276 945 καὶ
1336 893 1563 964 ὁμότιμοι
1621 889 1752 962 λέγω

152 986 259 1042 τοῖς
290 982 416 1053 πρὸς
476 981 598 1042 τούς
650 975 903 1052 ἀδελφούς
963 983 1054 1033 καὶ
1099 986 1298 1056 πρώην,
1363 985 1453 1032 καὶ
1485 987 1572 1032 νῦν
1619 975 1670 1032 δ’
1702 977 1750 1030 ἐν

152 1075 260 1130 τοῖς
293 1069 568 1141 ἐσχάτοις,
625 1064 1022 1142 δεδωρημίνοις.
1081 1073 1183 1123 Καὶ
1233 1076 1379 1142 γοῦν,
1429 1071 1498 1130 ὡς
1532 1067 1580 1121 ἄν
1621 1067 1748 1141 βρα-

153 1165 241 1230 χεῖ
274 1159 330 1211 τὸ
383 1156 499 1210 ὅλον
556 1157 794 1230 καθαρῶς
851 1160 1028 1230 φάναι,
1084 1164 1186 1211 πᾶν
1238 1159 1361 1212 ὅσον
1395 1159 1518 1233 παρ’
1569 1157 1750 1222 ναύτῆς

152 1245 344 1313 λάϐοις,
374 1253 528 1298 τοῦτο
587 1245 766 1318 νόμιζε
798 1251 887 1299 καὶ
922 1247 1048 1318 ἡμῖν
1111 1245 1236 1300 εἶναι
1299 1248 1358 1299 τὸ
1413 1243 1748 1318 δεδογμένον.

155 1335 228 1389 Οὐ
274 1340 375 1409 μὴν
411 1333 540 1404 ἀλλ’,
596 1331 774 1394 ἕπειδὴ
810 1340 900 1389 καὶ
954 1339 1086 1407 πρὸς
1125 1339 1183 1390 σὲ
1241 1343 1408 1389 ταῦτα
1439 1340 1530 1389 καὶ
1580 1335 1748 1389 λείπε-

151 1444 238 1478 ται
295 1420 646 1497 διαλεχθῆναι
693 1427 823 1498 πρὸς
857 1423 1006 1479 ἄλλον
1065 1422 1274 1494 οὐδένα,
1311 1427 1390 1478 ὅτι
1452 1421 1585 1498 μηδ’
1635 1426 1748 1477 ἑστι

151 1516 274 1588 πρὸς
307 1513 362 1566 ὃν
435 1519 584 1566 πᾶσα
619 1511 842 1585 ἀνάγκη,
905 1510 1055 1577 αὖθις
1103 1518 1232 1589 πρὸς
1294 1516 1425 1587 ὑμᾶς
1459 1512 1747 1588 ἐπιστρίφω

151 1607 238 1658 καὶ
273 1599 338 1662 δή
396 1621 531 1675 φημι
582 1622 596 1637 θ
639 1607 848 1674 Ἔχετε,
887 1601 1124 1674 φίλτατοι
1163 1599 1367 1669 παῖδες,
1425 1607 1520 1662 τὴν
1573 1601 1747 1656 τελευ-

149 1697 291 1746 ταίαν
344 1690 397 1755 ἐξ
457 1691 584 1764 ἐμοῦ
627 1687 734 1751 ἤδη
794 1695 1100 1766 παραίνεσιν
1156 1697 1246 1746 καὶ
1302 1693 1594 1758 νουθεσίαν,
1657 1696 1748 1745 καὶ

150 1780 436 1854 φυλάσσετὲ
500 1799 591 1854 μοι
651 1778 817 1842 καλῶς
865 1784 958 1840 τὴν
1015 1779 1178 1840 καλὴν
1248 1783 1443 1840 ταύτην
1497 1799 1742 1856 παρακα-

149 1871 379 1928 ταθήκην
435 1887 452 1904 ο
516 1871 663 1940 ἔχετε
729 1873 818 1922 καὶ
885 1872 1001 1930 τοὺς
1035 1871 1260 1942 κλήρους
1293 1870 1353 1922 ού
1413 1871 1746 1923 παντάπασιν

150 1958 386 2030 ἀγεννεῖς,
425 1954 549 2011 οὐδε
599 1977 658 2030 γε
713 1962 802 2020 τὰς
859 1960 1083 2021 ὑστάτας
1132 1962 1322 2021 ταύτας
1359 1967 1459 2012 τῶν
1518 1956 1744 2034 δωρεῶν,

1859 797 2080 854 bilibus
2116 802 2483 876 terrenisque
2538 804 2712 861 bonis
2741 804 2804 861 in
2831 803 3173 862 haereditate
3203 803 3510 863 dabuntur

1857 902 1994 960 quae
2023 888 2656 958 matrimandavimus,
2671 909 2850 966 mqua
2869 897 2926 950 et
2954 909 3110 965 aque
3132 894 3510 953 aestimabilia

1856 991 2075 1050 nempe
2097 978 2167 1034 iis
2203 995 2341 1054 qum
2364 979 2644 1038 fratribus
2673 987 2731 1039 et
2760 982 2928 1054 prius
2950 985 3008 1037 et
3035 997 3198 1038 nunc
3225 982 3288 1038 in
3317 988 3508 1040 extre-

1855 1066 1993 1128 mis.
2043 1068 2187 1126 data
2243 1073 2397 1125 sunt.
2449 1074 2640 1143 Atque
2690 1071 2885 1141 igitur,
2938 1070 3230 1143 utpaucis
3255 1070 3507 1129 vocibus

1855 1154 2092 1228 loquar,
2121 1157 2418 1232 quidquid
2444 1158 2524 1216 ab
2555 1175 2627 1216 ea
2656 1164 3012 1232 accepturus
3040 1175 3123 1227 es,
3157 1159 3304 1216 illud
3333 1161 3507 1218 crede

1856 1249 1914 1301 et
1939 1245 2115 1302 nobis
2139 1247 2338 1303 visum
2369 1263 2520 1304 esse.
2548 1248 2661 1306 Sed
2690 1253 2892 1306 tamen
2918 1258 3244 1322 postquam
3293 1253 3350 1306 et
3377 1249 3504 1307 haec

1855 1333 1930 1391 de
1951 1338 2005 1391 te
2035 1335 2195 1392 dicta
2218 1339 2374 1407 sunt,
2397 1341 2450 1393 et
2466 1337 2596 1408 jam
2616 1338 2921 1395 neminem
2942 1337 3140 1395 habeo
3159 1353 3343 1411 quem
3363 1338 3506 1397 allo-

1856 1439 2030 1496 quar,
2057 1428 2159 1480 aut
2186 1440 2369 1498 quem
2396 1426 2620 1499 alloqui
2655 1442 2897 1484 necesse
2919 1427 2992 1484 sit
3017 1443 3262 1484 rursum
3288 1427 3368 1485 ad
3395 1443 3505 1485 vos

1854 1529 1952 1570 me
1981 1520 2322 1572 convertam
2335 1515 2656 1589 dicamque
2686 1535 2698 1572 :
2730 1516 3356 1586 Habete,di1ectissimi
3377 1517 3501 1586 ﬁlii,

1854 1601 2107 1660 ultimam
2125 1619 2311 1660 meam
2325 1605 2799 1662 adhortationem
2811 1621 2882 1663 ac
2895 1605 3203 1663 consilium
3213 1609 3288 1676 ,et
3303 1606 3506 1663 obser-

1853 1696 1985 1748 vate
1996 1691 2148 1748 bene
2167 1691 2489 1764 pulchrum
2504 1693 2618 1750 hoc
2630 1693 2993 1766 depositum.
3014 1693 3234 1751 Habeto
3247 1694 3504 1751 ethmre-

1853 1780 2202 1838 ditatesnon
2230 1782 2478 1839 omnino
2498 1783 3011 1857 ignobiles,neque
3027 1783 3328 1841 donorum
3348 1783 3507 1840 vilis-

1856 1868 2030 1941 sima,
2063 1874 2119 1927 et
2147 1872 2404 1928 contenti
2423 1877 2608 1929 estote
2619 1872 2704 1928 eis
2717 1888 2855 1945 quae
2871 1871 3088 1942 singuli
3108 1871 3404 1940 obtinetis,
3420 1873 3506 1929 ni-

1853 1958 1938 2014 hil
1956 1963 2223 2030 petentes
2245 1959 2527 2032 amplius,
2551 1960 2697 2017 nihil
2713 1961 2883 2018 vobis
2913 1960 3176 2033 amplius
3196 1960 3505 2019 vindican-

147 2053 238 2102 καὶ
295 2047 534 2124 ἀρκεῖσθε
569 2049 645 2110 οἷς
697 2049 918 2110 ἕκαστος
975 2049 1116 2122 ὑμῶν
1160 2049 1336 2122 ὒαχε,
1393 2046 1620 2122 μηδενὸς
1657 2047 1779 2122 ὄιν-ξ

1855 2050 1960 2115 tes;
1989 2047 2173 2105 habet
2201 2053 2257 2104 et
2281 2064 2486 2122 preces
2515 2054 2751 2106 nostras
2782 2066 2852 2106 ac
2869 2051 3039 2121 juxta
3058 2049 3190 2106 illas
3217 2050 3419 2118 vivite;
3447 2055 3505 2108 et

145 2141 436 2210 τεχόμενοι,
519 2133 660 2209 μηδὲ
737 2140 1165 2212 μεταποιούμενοι
1261 2137 1490 2201 πλείονος
1545 2157 1562 2175 ο
1599 2140 1747 2211 ἔχετε

147 2232 237 2280 καὶ
270 2225 362 2287 τας
422 2227 601 2298 εὐχὰς,
639 2231 730 2279 καὶ
766 2225 961 2300 βιῴητε
1020 2227 1135 2280 κατ’
1172 2227 1333 2290 αὐτάς
1365 2247 1378 2262 ο
1407 2232 1498 2280 καί
1527 2229 1746 2300 τύχοιτε

146 2316 347 2370 πάντων
413 2324 514 2368 τῶν
574 2313 621 2368 ἐν
658 2315 857 2381 αὑταῖς,
927 2321 1016 2370 καὶ
1053 2315 1364 2370 ἀποπέσοιτε
1428 2319 1619 2370 τούτων
1655 2315 1742 2370 ἀπ’

149 2401 399 2466 οὐδενόςθ
457 2409 546 2456 καὶ
601 2409 849 2478 χαίροιτε
917 2402 996 2458 ἀεὶ
1051 2404 1099 2458 ἐν
1146 2413 1360 2481 Χριστῷ
1417 2409 1512 2464 τὴν
1569 2408 1744 2480 χαρὰν

143 2495 358 2560 ταύτην,
429 2495 477 2545 ἓν
538 2511 592 2546 τε
651 2500 758 2554 τοῖς
819 2501 1098 2568 παροῦσιν,
1163 2496 1211 2547 ἓν
1272 2513 1326 2547 τε
1380 2500 1483 2555 τοῖς
1523 2491 1743 2569 ἀπεράν-

142 2603 272 2651 τοις,
310 2580 502 2658 διαρκῆ
542 2588 632 2636 καὶ⁹
688 2582 948 2658 ἀκήρατον
1009 2587 1398 2657 πρυτανεύοντι,
1457 2589 1746 2657 μεσιτείαις

1300 2676 1500 2746 μητρὸς
1559 2672 1741 2742 αὐτοῦ,

143 2680 242 2734 τῆς
318 2673 714 2746 πανυπεράγνου
811 2677 900 2726 καὶ
979 2671 1200 2726 ασπῦου

141 2770 244 2815 τῶν
324 2763 468 2816 θείων
550 2761 797 2834 ἀγγελῶν,
856 2771 954 2816 τῶν
1018 2771 1217 2817 σεπτών
1286 2761 1604 2834 ἀποστόλων,
1666 2771 1764 2817 τῶν
1821 2766 2150 2838 μαρτύρρων,

141 2871 245 2907 των
279 2846 346 2910 δὴ
384 2858 486 2904 τῶν
513 2849 694 2923 ἁγίων.

1853 2137 2258 2211 assequamini
2287 2139 2583 2212 quidquid
2603 2140 2664 2196 in
2689 2141 2776 2196 eis
2807 2140 3158 2206 continetur,
3190 2143 3248 2196 et
3274 2155 3311 2196 a
3337 2139 3503 2198 nulla

1855 2242 2063 2284 earum
2115 2226 2429 2286 deﬁciatis.
2462 2231 2528 2286 Et
2567 2245 2806 2302 semper
2841 2229 2956 2287 hac
2986 2229 3185 2286 laetitia
3222 2228 3504 2287 fruamini

1855 2317 2195 2388 etprtesenti
2229 2322 2493 2390 tempore
2520 2333 2591 2374 ac
2621 2318 2839 2389 futuro,
2871 2318 2932 2374 in
2959 2317 3192 2375 Christo
3211 2323 3502 2391 perpetuo

1854 2420 1925 2462 ac
1965 2405 2192 2462 sincere
2209 2411 2520 2478 regnante,
2537 2408 2881 2480 purissimae
2905 2407 3373 2464 etimmaculatm
3391 2411 3503 2466 Ma-

1853 2494 1957 2551 tris
1986 2495 2116 2565 ejus
2157 2495 2607 2560 intercessione,
2637 2496 3095 2568 divinorumque
3126 2496 3498 2568 angelorum,

1855 2584 2339 2641 venerandorum
2378 2585 2807 2658 apostolorum,
2863 2591 3224 2658 martyrum,
3256 2583 3501 2659 pontiﬁ-

1853 2689 2014 2740 cum,
2049 2676 2236 2732 sancti
2265 2674 2583 2745 Nicolai,et
2605 2675 2880 2733 omnium
2899 2680 3264 2733 sanctorum.

2237 2773 2336 2818 τῶν
2407 2765 2684 2840 ἱεραρχῶν,
2738 2773 2831 2819 τοῦ
2888 2764 3167 2835 Νικολάου,
3234 2768 3321 2819 καὶ
3377 2766 3503 2819 πάν‹

1153 3101 2417 3284 ΘΕΣΠΙΣΜΑ

659 3404 862 3491 ΕΠΙ
940 3407 1098 3492 ΤΗ
1158 3405 1640 3495 ΜΕΓΑΛΗ
1715 3407 1913 3493 ΚΑΙ
1973 3406 2603 3494 ΤΕΛΕΥΤΑΙΑ
2679 3410 3041 3494 ΕΟΡΤΗ

1123 3563 1254 3610 ΤΟΥ
1293 3562 1467 3612 ΚΑΤΑ
1505 3563 1800 3611 ΧΡιΣΤοΝ
1837 3563 2102 3612 ΠΑΝΤΟΣ
2141 3565 2520 3613 ΜΥΣΤΗΡΙΟΥ
2558 3559 2578 3580 ¹

137 3678 316 3735 Αὑτοῦ
351 3749 366 3757 ⁸
399 3682 488 3752 μὲν
559 3681 670 3732 ὅθεν
732 3686 821 3757 καὶ
884 3680 1135 3757 κατῆλθεν
1229 3680 1279 3742 ἐς
1337 3681 1586 3754 οὐρανούς
1660 3677 1808 3746 αὖθις
1879 3687 2010 3755 μετὰ
2103 3687 2298 3757 σαρκός
2368 3682 2745 3757 ἀναϐεϐηκότος

2847 3684 2901 3747 ἐξ
2960 3683 3146 3756 λαγνῆς
3240 3684 3499 3756 Παρθένου

214 3749 636 3836 προσληρθείσης
699 3751 860 3836 αὐτῷ,
915 3762 1008 3836 τῆς
1066 3749 1125 3806 δὲ
1181 3749 1440 3824 παναγίας
1503 3755 1697 3816 ταύτης
1773 3749 1984 3828 Μητρός
2048 3749 2239 3821 αὑτοῦ,
2300 3759 2358 3808 τό
2437 3764 2524 3836 νύν
2566 3751 2842 3836 *δηλονότι
2904 3749 3233 3827 τελούμενον,
3311 3749 3499 3827 τρόπον

213 3822 266 3897 όν
341 3822 636 3881 ηὐδόκησεν
711 3822 756 3884 ἐς
812 3822 816 3823 ν
866 3823 1020 3897 αὐτόν
1093 3822 1445 3897 μεταστάσης.
1554 3829 1652 3878 Καὶ

213 4041 578 4113 συμπεραίνειν
613 4041 732 4090 ὅποι
769 4042 859 4091 καὶ
887 4041 912 4090 ό
944 4041 1047 4111 μὴν
1075 4041 1305 4112 περαίνει
1327 4041 1369 4094 ⁶.

1758 3825 1902 3901 γούί
1958 3831 2016 3879 τὸ
2094 3829 2362 3901 θέσπισμα
2409 3897 2420 3901 Α
2464 3825 2708 3901 βούλεται

127 3958 136 3966 _
211 3894 426 3966 ἡμέραν,
497 3897 632 3947 κατά
724 3898 781 3946 τὸ
856 3894 1367 3982 πάλαινκρατῆσαν
1449 3897 1584 3960 ἔθος,
1655 3894 1776 3957 τῆν’
1829 3897 2006 3972 ἑορτὴν
2078 3894 2298 3956 ταύτην’
2354 3894 2634 3962 τελείσθαι,
2714 3894 2842 3965 ἀλλ’,
2902 3895 2960 3982 ’ἂνξ

208 3965 417 4036 πρώτης
483 3972 574 4017 τοῦ
621 3971 813 4051 ,μηνὸς
1034 3967 1073 4037 ᾧ
1132 3965 1218 4019 ὺτδ
1299 3972 1612 4041 μυστήριον,
1705 3965 2012 4043 ἀρξάμξνηνν
2103 3974 2289 4044 μέχρις

2825 3833 2854 3886 ἡ
2920 3829 3066 3896 ,κατᾴ
3139 3831 3263 3896 μίαν
3338 3830 3500 3896 μόνην

2918 3895 2963 3958 ἕξ
3022 3894 3194 3968 ἀρχῆς
3257 3894 3350 3968 τῆξ
3411 3900 3500 3968 {ai

2370 3970 2532 4023 αὐτο-3
2626 3963 2836 4029 παντὸς
2895 3963 3128 4032 ἐξήκειν,
3211 3965 3363 4020 κάκεῖ
3424 3963 3492 4026 δὴ

1371 4165 2286 4435 EDIC—TUM

655 4542 793 4623 DE
870 4541 1266 4622 MAGNA
1331 4541 1467 4622 ET
1526 4541 2088 4621 PERFECTA
2149 4539 2973 4622 CELEBRATIONE

1019 4706 1264 4762 TOTlUS
1304 4707 1623 4764 MYSTERH
1662 4707 1756 4761 AD
1801 4706 2150 4762 CHRISTUM
2194 4704 2631 4762 SPECTANTIS.

133 4827 292 4883 Tum
314 4827 548 4902 Christi
567 4832 886 4902 ipsius,qui
904 4831 1174 4888 ascendit
1191 4846 1405 4885 rursus
1423 4831 1485 4885 in
1509 4831 1741 4898 caelum,
1769 4830 1928 4902 unde
1955 4831 2132 4900 venit,
2159 4845 2292 4886 eum
2317 4844 2498 4886 carne
2519 4829 2815 4896 adiuncta
2839 4833 2892 4886 ei
2911 4846 2986 4886 ea:
3003 4835 3214 4885 sancta
3243 4828 3502 4902 Virgine,

204 4913 390 4970 quam
407 4899 633 4972 iifatris
663 4899 1208 4971 ejus—sanctissimce
1239 4903 1691 4969 transfigurata:
1722 4905 1783 4956 in
1815 4901 1975 4957 hunc
1993 4902 2255 4966 modum,
2288 4917 2459 4972 quem
2485 4904 2765 4970 probavit
2787 4904 2966 4957 etiam
2998 4916 3160 4955 nunc
3191 4899 3504 4967 perﬁcien-

198 4972 367 5026 dum.
390 4970 901 5044 Ediclumquippe
918 4973 1187 5040 mandat,
1205 4980 1271 5026 ιιι
1293 4973 1402 5027 hoc
1413 4974 1633 5041 festum
1649 4988 1766 5026 non
1783 4988 1895 5039 per
1910 4989 2092 5028 unam
2107 4970 2481 5034 sotam'diem,
2506 4972 2833 5044 secundum
2853 4973 3164 5044 antiquam
3187 4975 3500 5025 consuetu-

198 5045 397 5100 dinem
419 5041 804 5110 celebereiur,
819 5041 920 5100 sed
940 5052 1001 5099 ut
1022 5044 1162 5100 inde
1174 5059 1210 5099 a
1223 5045 1418 5112 primo
1441 5044 1550 5097 init
1566 5059 1618 5097 ιο
1637 5045 1871 5109 mensis,
1889 5045 1987 5099 cui
2007 5050 2370 5112 assignatum
2391 5050 2474 5099 est
2491 5043 2599 5098 hoc
2613 5044 2979 5110 mysterium,
3002 5041 3158 5096 illud
3169 5045 3506 5110 peragatur

199 5122 484 5175 continuo
507 5131 690 5188 usque
713 5117 794 5172 ad
813 5117 940 5186 ejus
970 5116 1160 5180 'idem,
1182 5120 1235 5171 ει
1257 5116 1398 5184 linis
1427 5115 1641 5170 mensis
1672 5114 1933 5184 designet
1970 5115 2146 5172 simul
2169 5115 2348 5184 ﬁnem
2365 5115 2663 5183 festorum
2679 5152 2692 5167 .

197 5344 268 5399 Ἀ
317 5350 407 5420 μὲν
459 5349 490 5406 ἡ
550 5352 644 5400 τοῦ
699 5353 832 5399 Θεοῦ
884 5350 1095 5419 Μήτηρ,
1153 5339 1208 5398 εὖ
1293 5340 1388 5397 διὰ
1444 5346 1632 5405 παντὸς
1679 5345 1737 5396 τὸ

115 5440 231 5486 τῶν
309 5435 591 5511 ἀνθρώπων
652 5442 880 5488 ποιοῦσα
939 5437 1101 5506 γένος,
1174 5434 1456 5506 θαυμαστὰ
1512 5430 1598 5485 οἶα
1649 5436 1738 5485 καὶ

204 5597 218 5610 ·
257 5579 299 5632 Ε
347 5579 524 5634 codd.
572 5578 748 5648 regiis
793 5582 1035 5649 2l02i,p.
1091 5577 1290 5649 113,_et
1326 5579 1484 5649 3910,
1512 5576 1724 5649 p.362,

121 5647 449 5719 signandis
464 5645 770 5722 deinceps,
795 5648 897 5708 illo
917 5645 1112 5707 littera
1129 5651 1196 5716 Δί
1219 5647 1334 5706 hac
1357 5645 1551 5705 littera
1570 5648 1633 5704 Bt
1657 5645 1724 5705 In

1920 5347 2111 5411 Quam
2133 5342 2429 5399 mirabilia
2454 5342 2572 5398 sint
2593 5339 3012 5397 etexcedentia
3033 5355 3276 5398 omnem
3289 5340 3502 5409 vitam,

1848 5429 1920 5472 ea
1971 5431 2107 5488 quae
2158 5415 2256 5470 Dei
2306 5417 2484 5470 Mater
2541 5417 2830 5484 perpetuo
2852 5412 2914 5468 in
2962 5412 3280 5469 hominum
3310 5427 3503 5484 genus

1839 5579 2091 5647 utroque
2143 5572 2344 5629 titulus
2405 5575 2462 5647 et
2490 5569 2590 5647 illa
2614 5569 2791 5647 quasi
2819 5574 3116 5647 προθιρρία
3145 5571 3272 5626 sine
3301 5570 3498 5647 varie-

1837 5651 1956 5706 tate
1993 5640 2274 5717 leguutur
2323 5642 2430 5701 sed
2483 5640 2826 5700 notundum
2860 5640 2936 5701 'in
2983 5640 3034 5696 B'
3081 5642 3282 5700 locum
3325 5640 3498 5698 illum
