4050 6306
535 160 675 215 1499

539 375 706 440 gunt,
738 375 795 426 et
815 372 1057 442 optimm
1107 371 1450 428 intentionis
1485 379 1622 430 sunt
1647 389 1859 430 omnes
1890 376 1994 446 qui
2047 372 2186 428 talia

539 459 808 515 conﬁteri
837 464 892 514 et
919 459 1246 532 praedicare
1259 463 1709 530 aggrediuntur.
1743 463 1967 519 Etenim
1987 461 2186 517 nullus

537 553 626 604 est
662 564 910 604 sensum
951 553 1008 602 et
1036 549 1328 604 rationem
1368 551 1598 607 habens
1632 553 1734 625 qui
1766 569 1887 607 non
1917 551 2064 607 illud
2093 566 2188 605 ve-

539 638 846 692 hementer
860 641 1115 709 exoptet.
1151 639 1369 695 Omnes
1395 646 1593 696 autem
1623 641 1810 713 probe
1837 641 2031 696 sciunt
2057 654 2186 694 esse

539 741 677 781 vere
707 741 887 796 super
907 741 1151 782 omnem
1168 728 1445 783 virtutem
1469 734 1873 802 naturamque
1895 728 2186 783 sermonis

540 814 616 870 de
639 812 753 870 hoc
783 815 1199 872 convenienter
1231 817 1394 888 loqui
1433 819 1526 874 vel
1554 834 1761 889 parem
1807 819 2062 887 gratiam
2102 831 2187 871 re-

542 903 691 958 ferre
703 918 880 974 posse
893 907 1276 975 quantumvis
1295 906 1728 962 zelantissimos
1754 926 1766 973 ;
1797 923 1918 962 non
1935 905 2121 961 solum
2138 905 2187 959 si

541 991 957 1062 unusquisque
1003 1007 1112 1048 sua
1138 1007 1278 1048 voce
1309 999 1364 1050 et
1393 994 1599 1063 lingua
1636 995 1778 1050 talia
1805 994 2023 1050 nitatur
2047 1008 2187 1048 con-

543 1080 806 1148 cinnare,
846 1096 1054 1136 verum
1103 1087 1160 1137 et
1200 1082 1243 1137 si
1269 1098 1480 1138 omnes
1503 1085 1561 1138 in
1612 1100 1800 1139 unum
1833 1083 2191 1139 conveniant

543 1167 620 1223 ad
651 1167 816 1233 illud,
841 1169 1186 1242 quicunque
1206 1187 1366 1226 nunc
1390 1177 1528 1228 sunt
1558 1177 1614 1228 et
1634 1173 1979 1244 quicunque
2013 1175 2190 1226 antea

545 1256 663 1311 vita
700 1254 886 1313 functi
915 1265 1052 1313 sunt
1084 1277 1096 1314 :
1132 1275 1252 1314 non
1286 1265 1457 1319 certe.
1489 1277 1683 1333 neque
1716 1261 1764 1315 si
1791 1260 1939 1316 foret
1963 1258 2188 1314 labium

545 1360 734 1399 unum
784 1361 972 1418 osque
1031 1363 1218 1403 unum
1266 1365 1388 1420 quo
1433 1365 1643 1405 omnes
1694 1353 2074 1421 erumperent
2131 1347 2189 1402 in

547 1448 733 1489 unam
767 1449 995 1502 vocem,
1020 1451 1093 1490 ne
1124 1437 1434 1507 paululum
1475 1438 1719 1510 quidem
1761 1439 1841 1492 sic
1874 1436 2193 1508 aptissima

546 1522 726 1578 etiam
758 1523 1123 1595 symphonia
1153 1525 1440 1595 attingere
1473 1526 1736 1582 valerent
1761 1526 1838 1580 ad
1872 1525 2190 1580 sublimem

1887 159 2266 217 NICEPHORI
2292 157 2556 217 CHUMNI

537 280 783 338 contulit
821 282 1131 346 beneﬁcia,
1190 297 1402 340 omnes
1447 285 1720 342 homines
1757 285 1946 358 probe
1970 283 2185 340 intelli-

3773 155 3896 209 1500

2295 285 2527 357 ὑπερφυῆ
2603 286 2757 335 παντὶ
2837 290 2909 352 τῷ
2971 281 3074 353 βίῳ
3148 283 3444 352 παρέσχετο
3503 279 3699 336 πάντες
3769 276 3888 328 εἰσιν

2295 374 2557 446 ἅνθρωποι
2599 380 2774 443 σαφῶς
2836 368 3041 440 εἰδότες,
3104 373 3190 420 καὶ
3250 374 3462 439 γνώμης
3514 364 3571 418 εὖ
3602 367 3717 418 εἰσι
3769 370 3891 416 τεέν-

2293 479 2377 521 τες
2414 462 2616 531 ἔχοντες
2675 459 3001 531 δασμολογεῖν
3062 464 3148 510 καὶ
3185 457 3458 529 κηρύττειν
3504 477 3517 489 ο
3547 460 3638 506 καὶ
3676 474 3741 524 γε
3802 463 3888 506 τῶν

2293 548 2528 600 ἁπάντων
2608 551 2747 601 ἔστιν
2795 545 2986 614 οὐδεὶς,
3038 547 3332 606 αἰσθήσεως
3386 552 3508 615 γοῦν
3604 548 3703 595 καὶ
3763 543 3890 613 λογι-

2297 646 2440 708 σμῶν
2476 642 2730 709 μετέχων,
2769 641 2841 710 μὴ
2890 645 3044 688 τοῦτο
3077 631 3283 708 σφόδρα
3347 632 3760 705 βεϐουλημένος.
3822 633 3887 682 Ol

2294 731 2396 797 μὴν
2445 725 2575 778 ἀλλὰ
2634 732 2722 778 καὶ
2778 728 2960 786 πάντες
3027 720 3081 776 εὖ
3159 724 3259 776 εἱσι
3304 728 3394 774 καὶ
3449 721 3618 781 καλῶς
3678 717 3888 784 εἰδότες,

2646 813 2845 875 ἀληθῶς
2897 816 3022 888 ύτερ
3079 819 3253 865 πᾶσαν
3301 812 3456 880 λογον
3518 816 3614 862 και
3677 807 3890 880 δύναμιν

2295 908 2384 955 καὶ
2438 907 2592 974 φύσιν
2669 904 2742 977 ἐφ’
2824 907 2996 956 ἱκανόν
3061 911 3230 954 ταῦτα
3292 900 3583 972 ἐξισχύσητε
3649 899 3885 956 λαλῆσαι.

2295 816 2362 875 ὡς
2412 816 2552 866 ἔστιν

2297 992 2327 1050 ἢ
2385 996 2479 1050 τὴν
2519 991 2764 1063 ἀνάλογον
2824 998 2914 1044 καὶ
2949 993 3084 1044 πάνυ
3143 1010 3195 1042 τι
3262 992 3760 1062 προτεθυμημένους
3821 989 3888 1040 r3-

2296 1087 2586 1152 χαριστίαν
2647 1082 2861 1153 πρᾶξαι,
2921 1085 2993 1154 μὴ
3059 1082 3140 1132 ὅτι
3199 1099 3256 1150 γε
3289 1078 3408 1131 καθ’
3471 1079 3562 1130 ἕνα
3619 1079 3887 1149 φθετνῃμ.

2297 1188 2410 1229 νους
2439 1175 2527 1221 καὶ
2582 1172 2716 1221 κατὰ
2763 1175 2886 1240 μίαν
2941 1169 3187 1239 γλῶσσαν
3223 1169 3440 1219 ἕκαστον
3499 1165 3892 1238 ἐπιχειροῦντες

2300 1256 2589 1328 ἀπονέμειν,
2645 1257 2750 1309 ἀλλ’
2788 1254 2903 1310 οὐδ’
2947 1258 2992 1310 εὶ
3053 1261 3240 1316 πάντες
3288 1255 3360 1316 εἰς
3410 1255 3605 1307 ταύτόν
3660 1257 3743 1323 (ί)
3791 1274 3895 1306 cm-

2302 1351 2480 1414 ιόντες,
2513 1349 2628 1398 ὅσοι
2661 1366 2716 1399 τε
2761 1354 2848 1398 νῦν
2889 1347 2991 1399 εἰσι
3043 1351 3133 1398 καὶ
3195 1347 3311 1398 ὅσοι
3353 1345 3516 1397 πάλαι
3572 1349 3852 1414 γεγόνασιν
3883 1364 3894 1376 -

2299 1435 2564 1507 οὐμενοῦν,
2605 1432 2720 1487 οὐδ’
2758 1437 2802 1487 εἰ
2861 1435 3038 1506 χεῖλος
3092 1435 3141 1486 ἓν
3194 1439 3283 1486 καὶ
3321 1434 3368 1485 ἓν
3401 1438 3577 1504 στόμα
3628 1437 3768 1506 πρὸς
3809 1453 3898 1503 φω-

2297 1529 2389 1580 τὴν
2439 1529 2562 1595 μίαν
2614 1528 2688 1592 (2)
2745 1528 3033 1595 γεγόμενοι,
3091 1519 3206 1576 οὐδ’
3260 1523 3421 1583 οὕτως
3469 1521 3530 1571 ἂν
3595 1517 3733 1573 οὐδὲ
3779 1524 3900 1571 κατὰ

545 1609 704 1666 hanc
726 1614 839 1666 tam
860 1611 1316 1679 magniﬁcorum
1353 1615 1713 1670 mirabilium
1749 1613 2191 1669 confessionem

2311 1615 2484 1686 ιιικρόν
2542 1614 2703 1683 ἔσχον
2751 1611 2903 1683 ἐγγύς
2951 1612 3078 1664 ἰέναι
3132 1619 3225 1663 τοῦ
3261 1629 3377 1662 τινα
3442 1612 3643 1667 ταύτην

546 1714 684 1769 quae
733 1699 1026 1754 excedens
1068 1707 1282 1757 cuncta
1309 1703 1387 1758 ad
1411 1704 1648 1758 inﬁrma
1668 1703 1920 1774 deprimi
1949 1701 2193 1756 minime

548 1790 764 1858 potest.
790 1789 885 1842 Est
911 1787 1087 1856 igitur
1111 1791 1306 1846 omnis
1326 1796 1544 1848 natura
1562 1792 1875 1847 hominum
1898 1805 2031 1846 vere
2052 1788 2193 1844 infe-

547 1877 668 1931 rior
692 1880 749 1931 et
776 1876 1076 1947 impotens
1094 1879 1169 1932 ad
1191 1878 1372 1949 hujus
1387 1880 1617 1936 virtutis
1637 1880 2108 1949 indagationem,
2130 1882 2195 1931 ut

543 1963 796 2033 dignum
817 1965 963 2036 quid
995 1966 1068 2022 de
1084 1971 1167 2024 tot
1191 1970 1436 2025 ettantis
1458 1969 1940 2040 beneﬁciisloqui
1958 1967 2149 2040 possit
2177 1981 2190 2020 :

545 2050 652 2106 sed
681 2056 739 2106 et
760 2052 1061 2124 impotens
1092 2071 1339 2128 quoque
1355 2055 1505 2113 foret
1538 2073 1725 2129 quam
1757 2058 2023 2127 accipere
2055 2069 2192 2126 pos-

543 2145 630 2196 set
647 2139 886 2211 linguas
905 2142 1069 2212 ipsas
1089 2145 1455 2213 Angelorum
1481 2151 1536 2202 et
1563 2144 2072 2213 Archangelorum
2101 2142 2195 2198 vel

543 2228 722 2300 siqui
772 2229 890 2285 sint
942 2231 1198 2288 aliorum
1260 2234 1577 2305 spirituum
1636 2234 1698 2288 in
1752 2234 1850 2288 Dei
1911 2231 2194 2288 laudibus

541 2323 830 2389 perpetuo
886 2325 1182 2390 assuetas,
1212 2326 1270 2377 et
1301 2325 1596 2393 acciperet
1627 2338 1727 2377 eas
1758 2327 1814 2376 et
1843 2319 2196 2390 adimpleret

542 2408 778 2464 cantica
798 2410 1124 2478 gratiarum
1149 2410 1512 2467 creberrima
1545 2429 1558 2466 :
1582 2426 1706 2466 non
1727 2410 1885 2465 enim
1917 2410 2194 2465 homines

542 2501 796 2561 tantum,
831 2514 1039 2554 verum
1071 2499 1250 2554 etiam
1273 2505 1595 2571 potestates
1622 2499 1893 2556 caelestes
1909 2497 2193 2569 obstupe-

541 2584 682 2639 facit
712 2585 1077 2642 mirabilium
1103 2588 1451 2644 excellentia
1468 2593 1525 2643 et
1553 2587 1887 2643 sublimitas
1918 2602 2054 2659 quae
2084 2603 2194 2658 pro

543 2673 718 2728 nobis
747 2678 982 2746 patrata
1019 2674 1259 2732 fuerunt
1290 2676 1588 2750 hodieque
1623 2676 2057 2748 producuntur.

541 2761 756 2833 λογικὴν
851 2766 1006 2834 φύσιν
1109 2762 1237 2816 ἀλλὰ
1311 2770 1400 2816 καὶ

2299 1705 2412 1752 νίαν
2507 1706 2836 1773 παγκόσμιον
2909 1704 3034 1774 πρὸς
3099 1698 3511 1771 ἀνθομολογησιν
3605 1692 3761 1770 ἆραι,
3818 1705 3900 1749 τοῦ

2301 1797 2402 1840 τῶν
2462 1790 2737 1861 θαυμάτων
2789 1789 3064 1861 μεγαλείου
3113 1793 3184 1860 μὴ
3248 1787 3390 1840 κάτω
3448 1792 3764 1839 πίπτουσαν
3823 1791 3901 1837 καὶ

2302 1886 2394 1930 τοῦ
2451 1882 2642 1940 παντὸς
2707 1879 3129 1950 ἀπολειπομένην.
3192 1876 3325 1928 Ἀλλ’
3390 1879 3503 1928 ἔστι
3594 1879 3693 1948 μὲν
3759 1881 3906 1935 dum;

2303 1969 2467 2040 μικρὰ
2535 1974 2684 2020 πᾶσα
2749 1971 2902 2040 φύσις
2975 1967 3254 2041 ἀνθρώπων
3336 1970 3424 2016 καὶ
3475 1963 3713 2022 ἀσθενὴς
3787 1970 3908 2038 πρὸς

2301 2061 2451 2108 τοῦτό
2490 2075 2566 2126 ’γε
2615 2053 2885 2128 δυνάμεως
2958 2054 3315 2127 ἐξεταζομένη,
3368 2055 3492 2105 ὥστ’
3563 2057 3719 2124 ἔχειν
3773 2055 3909 2115 ἐξιόν

2302 2163 2354 2196 τι
2432 2153 2532 2196 τῶν
2630 2148 2890 2197 τοσούτων
2991 2149 3081 2196 καὶ
3162 2147 3409 2196 τοιούτων
3483 2141 3910 2214 εὐεργετημάτων

2303 2231 2431 2307 ἕρεῖν
2457 2254 2468 2267 ·
2493 2235 2609 2286 ἔστι
2639 2230 2698 2286 δὲ
2727 2239 2818 2286 καὶ
2860 2233 3006 2294 αὖθις
3063 2234 3306 2298 ἀσθενὴς,
3380 2231 3423 2283 εἰ
3482 2235 3577 2282 καὶ
3622 2234 3728 2290 τὰς
3768 2230 3908 2301 αγγε-

2301 2321 2450 2385 λίκάις
2539 2323 2702 2383 αὐτὰς
2781 2325 2811 2381 ἦ
2880 2327 2971 2375 καὶ
3014 2320 3426 2396 ἀρχαγγελικὰς,
3482 2323 3531 2372 εῖ
3587 2325 3735 2382 τινές
3792 2321 3908 2372 sier.

2303 2409 2469 2462 ἀῢλων
2535 2413 2775 2483 γλῶσσαι
2825 2416 2949 2484 πρὸς
3023 2408 3274 2470 διηνεκεῖς
3346 2409 3538 2480 ὕμνους
3618 2409 3909 2480 εἰθισμέναι

2305 2508 2458 2567 Θεοῦ,
2509 2500 2791 2573 βουληθείη
2848 2499 3158 2574 προσλαϐεῖν
3215 2503 3306 2550 καὶ
3363 2497 3688 2572 προσλάϐοι,
3747 2502 3910 2552 ἔπειτα

2306 2591 2676 2662 συνεργάξοιτο
2734 2594 2854 2652 τοὺς
2930 2590 3377 2663 εὐχαριστηρίους
3442 2586 3842 2661 ἀποπληρούσα
3897 2607 3906 2620 ί

2303 2677 2362 2730 ού
2396 2681 2496 2752 γὰρ
2562 2677 2863 2750 ἀνθρώποῡς
2922 2682 3072 2748 μόνον
3130 2682 3221 2728 καὶ
3262 2681 3354 2734 τήν
3389 2675 3509 2727 καθ’
3556 2678 3707 2746 ἡμᾶς
3743 2683 3907 2728 πᾶσιν

1493 2768 1584 2825 τὰς
1662 2763 1996 2838 ἐπουρανίους
2074 2759 2344 2836 δυνάμεις,
2433 2766 2738 2841 ύπερϐαῐνον
2799 2766 3074 2824 ἐκπλήττει
3161 2773 3258 2816 τῶν
3344 2765 3662 2826 θαυμασίων
3752 2762 3909 2817 τῶνδε

543 2854 600 2902 τὸ
622 2851 858 2922 μέγεθος,
886 2853 1013 2925 ὑπὲρ
1050 2854 1078 2910 ἡ
1088 2861 1195 2926 μῶν
1224 2852 1446 2927 ἀπείρων
1469 2856 1604 2906 ὅσων
1627 2855 2102 2926 καταπραχθέντων
2129 2857 2217 2904 καὶ
2241 2861 2328 2905 νῦν
2359 2853 2746 2929 ἐνεργουμένων.

613 2940 885 2996 Attamen
918 2941 1082 3013 quod
1113 2943 1241 2998 haec
1281 2959 1519 3015 semper
1545 2943 1874 3013 ordineque
1909 2939 2196 2996 celebrari
2229 2943 2268 2997 (ἶ

542 3029 804 3086 debeant
844 3029 999 3101 pleni
1047 3031 1410 3104 ﬁrmiterque
1437 3047 1772 3095 censemus,
1804 3035 1982 3102 atque
2013 3028 2198 3084 conﬁ-

543 3118 762 3174 dimus.
816 3122 968 3188 Ergo
1020 3126 1084 3175 ut
1123 3137 1462 3176 sermonem
1516 3121 1706 3175 obiter
1741 3124 2201 3191 opportuneque

543 3208 854 3264 ordiamur
893 3209 971 3264 ab
1011 3210 1126 3265 hoc
1177 3211 1339 3282 quod
1397 3210 1504 3265 fuit
1560 3210 1618 3264 in
1650 3208 1942 3281 principio
1977 3207 2199 3262 :homo

541 3297 878 3369 plasmatus
922 3314 1108 3354 manu
1155 3299 1253 3355 Dei
1293 3300 1508 3356 divinae
1555 3314 1805 3354 consors
1846 3296 2091 3352 effectus
2114 3302 2201 3352 est

544 3385 848 3454 imaginis,
881 3386 1020 3440 inde
1041 3403 1219 3457 super
1244 3403 1456 3442 omnes
1477 3387 1738 3442 visibiles
1769 3391 2074 3441 creaturas
2093 3385 2199 3440 ho-

546 3488 693 3527 nore
738 3479 1080 3528 coronatus.
1139 3480 1302 3530 tanto
1357 3477 1588 3544 majore
1642 3475 1830 3544 gloria
1875 3480 1932 3528 et
1985 3473 2200 3528 decore

546 3561 826 3627 donatus,
876 3566 1103 3633 quanto
1157 3562 1527 3618 formationis
1568 3563 1702 3633 ejus
1735 3562 1983 3617 verbum
2024 3561 2200 3616 altius

549 3649 924 3716 efferebatur,
949 3667 1087 3706 cum
1110 3653 1339 3724 accepit
1367 3653 1527 3707 unde
1547 3652 1875 3720 imaginem
1889 3667 2077 3723 quam
2105 3665 2201 3719 ge-

548 3739 719 3795 rebat
751 3746 1154 3808 conservaret,
1201 3742 1250 3796 si
1279 3741 1562 3796 custodiri
1623 3746 1924 3812 praecepta
1955 3739 2198 3794 curarit.

549 3828 876 3900 Postquam
918 3834 1118 3885 autem
1154 3846 1258 3902 per
1286 3830 1646 3901 voluptatem
1685 3830 1946 3884 nudatus
1982 3833 2088 3892 est,
2121 3833 2195 3892 et,

551 3922 852 3989 praecepta
897 3919 1362 3991 parvipendens,
1415 3917 1848 3990 decipientibus
1881 3916 2062 3972 ﬁdem
2095 3915 2200 3971 ad-

551 4005 760 4061 hibuit:
806 4007 1004 4062 statim
1027 4007 1264 4073 decidit,
1308 4009 1368 4062 in
1399 4009 1528 4079 ipso
1563 4008 1694 4062 loco
1725 4007 1821 4061 ubi
1848 4005 2201 4061 constitutus

552 4093 745 4151 fuerat
781 4097 842 4151 in
895 4097 1196 4168 voluptate
1227 4102 1304 4163 ¥et
1346 4097 1620 4152 fruitione
1652 4096 1978 4151 multorum
2018 4093 2201 4149 maxi-

555 4200 916 4258 morumque
973 4185 1293 4250 bonorum,
1352 4185 1648 4257 simulque
1681 4183 1881 4240 amisit
1926 4184 2201 4239 meritum

556 4413 853 4487 integrum
921 4429 957 4469 a
1021 4416 1294 4487 Geo-maps
1359 4417 1435 4470 ad
1489 4419 1718 4487 περαίνει
1774 4413 1958 4468 fuisse
2015 4413 2203 4487 serius

556 4483 769 4555 lineola
806 4491 1143 4555 transversa
1198 4483 1642 4554 inductum,'ab
1697 4486 1828 4555 ipso
1870 4496 1930 4538 ut
1975 4484 2207 4555 videtur

558 4553 818 4628 librario,
845 4554 921 4609 ab
943 4571 1013 4609 eo
1046 4555 1255 4610 saltem
1286 4553 1527 4628 homine
1559 4558 1660 4628 qui
1691 4553 2117 4628 opusculorum
2144 4554 2204 4608 in

559 4625 762 4680 codice
779 4630 1191 4681 contentorum
1250 4627 1506 4682 indicem
1533 4625 1799 4682 confecit.
1835 4628 1898 4680 ln
1929 4641 2000 4680 eo
2030 4626 2207 4694 igitur

557 4695 752 4769 indice
796 4697 1084 4769 generali,
1118 4713 1308 4767 quum
1354 4698 1614 4769 primum
1663 4699 1844 4752 hocce
1878 4696 2206 4769 scripsisset

557 4767 802 4840 lemma,
867 4775 960 4840 τοῦ
1027 4767 1183 4819 αὑτοῦ
1250 4767 1516 4840 θέσπισμα
1580 4773 1662 4821 ἐπὶ
1728 4776 1788 4825 τῆ
1859 4767 2053 4838 μεγάλῃ
2117 4769 2207 4816 καὶ

558 4839 825 4911 τελευταίᾳ
879 4839 1026 4913 ἑορτῇ
1077 4846 1168 4890 τοῦ
1211 4842 1346 4890 κατὰ
1391 4847 1616 4922 Χριστόν
1656 4842 1846 4898 παντὸς
1884 4842 2201 4910 μυστηρίου,

558 4925 630 4964 eo
656 4910 868 4975 deleto,
909 4910 1137 4965 noxium
1170 4910 1490 4975 substituit,
1526 4911 1684 4964 hisce
1721 4910 1943 4964 scilicet
1999 4924 2205 4963 conce-

558 4985 731 5054 ptum
793 4981 988 5036 verbis
1022 4999 1034 5035 :
1066 4989 1157 5034 τοῦ
1206 4982 1365 5033 αὐτοῦ
1423 4983 1570 5052 λόγος
1638 4985 1776 5054 ᾄπως
1830 4977 1911 5031 δεῖ
1947 4979 2206 5054 ἑορτάζειν

558 5055 653 5124 τὴν
711 5051 886 5122 ἑορτὴν
948 5061 1044 5114 τῆς
1119 5058 1403 5124 κοιμήσεως
1471 5051 1562 5112 τῆς
1639 5051 1898 5123 ύπραγίας
1969 5051 2206 5124 θεοτόκου

561 5123 662 5171 ἀπὸ
693 5121 784 5181 τῆς
822 5127 1028 5192 πρώτης
1060 5131 1149 5174 τοῦ
1181 5121 1476 5194 αὐγούστον
1507 5126 1664 5193 μηνὸς
1696 5121 1860 5193 μέχρι
1914 5130 2008 5180 τῆς
2039 5121 2205 5191 ἐσχά-

558 5210 671 5263 της.
714 5194 876 5246 Nova
931 5193 1030 5248 illa
1088 5195 1406 5249 Andronici
1433 5195 1544 5263 lex,
1581 5210 1658 5248 an
1698 5193 1800 5246 diu
1831 5193 2079 5262 viguerit
2106 5207 2206 5246 ne-

561 5262 687 5333 scio
716 5276 729 5326 ;
764 5277 872 5316 nec
912 5265 1159 5320 Strozzaa
1192 5266 1399 5320 licrum
1442 5262 1959 5333 deAssumptione
1985 5278 2206 5333 consu-

559 5332 677 5388 lere
707 5332 892 5406 potui,
919 5335 977 5388 in
1008 5351 1129 5406 quo
1151 5336 1353 5391 forsan
1375 5337 1424 5390 is
1453 5331 1877 5405 antiquitatum
1908 5331 2208 5406 liturgica-

559 5404 912 5477 rum_locum
947 5404 1226 5477 tractatus
1261 5407 1386 5461 fuit.
1411 5438 1478 5445 -—
1508 5404 1823 5477 Apponam
1852 5419 1974 5459 non
2004 5404 2208 5477 intem-

562 5473 788 5548 pestive
837 5490 868 5530 e
907 5476 1111 5532 codice
1137 5478 1300 5548 regio
1329 5481 1489 5546 1630,
1532 5473 1671 5549 pag.
1705 5476 1792 5544 61,
1825 5479 1915 5546 63,
1948 5478 2064 5542 133,
2098 5475 2211 5529 tria

2380 2946 2453 2995 Οὐ
2501 2948 2591 3015 μὲν
2648 2943 2778 2995 ἀλλὰ
2841 2947 2929 2994 καὶ
2988 2942 3204 3004 καθεξῆς
3288 2941 3366 2993 ἀεὶ
3418 2949 3588 2992 ταῦτα
3653 2942 3907 2994 τελεῖσθαι

2309 3030 2529 3102 βεϐαίας
2601 3033 2747 3104 ἡμεῖς

2305 3122 2392 3182 τὰς
2459 3119 2694 3182 ἐλπίδας.

2825 3034 2913 3091 τὰς
2975 3035 3177 3091 πίστεις
3253 3043 3342 3081 και
3405 3027 3658 3100 ἀσφαλεῖς
3729 3034 3910 3101 ἒχομει

2782 3125 2902 3189 Καὶ,

2307 3209 2482 3281 ἀρχὴν
2524 3208 2759 3267 ἀνελθὼν,
2810 3208 2996 3261 ἐκεῖθεν
3059 3207 3175 3260 καθ’
3239 3203 3360 3258 ὁδὸν
3414 3209 3616 3280 προῖοι,
3681 3207 3910 3262 ἐπλάσξθτ

2972 3120 3034 3171 ἶν’
3093 3121 3217 3191 ἡμῖν
3279 3120 3304 3170 ὁ
3352 3117 3518 3189 λόγος,
3597 3120 3783 3193 ὥσπερ
3852 3120 3910 3178 εἰς

2307 3301 2397 3370 μεν
2459 3300 2727 3372 ἄνθρωπος
2777 3303 2923 3370 χειρὶ
2963 3305 3119 3360 Θεοῦ,
3168 3302 3258 3348 καὶ
3313 3300 3541 3366 μετέσχε
3599 3297 3746 3356 θείας
3801 3298 3917 3349 εἰκο-

2306 3401 2386 3446 νος
2457 3387 2556 3457 (3),
2616 3392 2706 3438 καὶ
2773 3389 2938 3457 τούτῳ
3001 3386 3156 3456 πλείῳ
3222 3389 3496 3456 τετίμηται
3555 3388 3777 3436 πάντων
3833 3395 3919 3436 τὼν

2309 3474 2574 3549 ὁρωμένων
2609 3497 2620 3508 ·
2662 3472 2774 3546 εἶχε
2809 3471 2859 3527 δ’
2900 3474 2960 3525 ἃν
3021 3478 3110 3526 καὶ
3156 3472 3304 3525 πλέον
3371 3471 3727 3544 ἀπειληφέναι
3778 3482 3920 3546 τιμὲς

2307 3569 2397 3616 καὶ
2440 3559 2779 3637 δόξης,πρός
2809 3564 2834 3614 ὃ
2871 3568 2958 3615 καὶ
3003 3562 3194 3635 μᾶλλον
3230 3563 3256 3612 ό
3303 3569 3396 3623 τῆς
3444 3561 3559 3612 κατ’
3618 3562 3781 3614 αὐτὸν
3829 3560 3918 3621 δη-

2307 3659 2584 3724 μιουργίας
2651 3656 2792 3726 ἔφερε
2867 3653 3035 3722 λόγος,

2309 3743 2480 3793 εἰκόνα
2560 3748 2882 3815 περισώσας,
2963 3741 3089 3812 μετὰ
3167 3747 3257 3798 τῆς
3327 3737 3537 3800 ἐντολῆς
3613 3738 3916 3812 ἓγυλοὶχθπ.

2307 3826 2528 3881 ,Επεὶιῒ
2574 3829 2658 3902 ὑφ’
2709 3825 2900 3888 ἡδονῆς
2947 3827 3165 3896 ἐκλάπη,
3224 3831 3334 3883 καὶ.
3393 3835 3494 3877 τῶν
3551 3833 3920 3899 προσταχθέν·
4010 3861 4011 3892 ς

2309 3937 2407 3968 των
2449 3917 2798 3992 ὀλιγωρώσας,
2861 3915 3186 3969 ἐνεπίστευσε
3239 3921 3347 3974 τοῖς
3403 3913 3677 3972 ἀπατῶσι,
3747 3923 3918 3968 πίπτει

2309 4009 2398 4076 μὲν
2439 4007 2586 4066 εὐθὺς
2638 4004 2823 4057 ἐκεῖθεν
2877 4005 2976 4062 ὅπη
3031 4008 3121 4055 καὶ
3177 4010 3368 4076 τρυφῆς
3433 4003 3514 4071 (4)
3563 4005 3782 4075 ἐτάχθη
3841 4013 3919 4055 zz:

2309 4094 2504 4146 πολλῶν
2541 4099 2629 4146 καὶ
2691 4093 2920 4166 μεγάλων
2971 4092 3177 4164 ἀγαθῶν
3212 4097 3490 4163 μετουσίας
3554 4131 3567 4141 .

2312 4179 2518 4256 δ’όμοῦ
2571 4189 2661 4236 καὶ
2718 4183 2781 4244 ἧς
2839 4180 2987 4243 ἀξίας
3042 4180 3238 4252 ἔμελλεν
3270 4180 3537 4252 ἀμείνονος
3581 4186 3919 4256 πειραθῆναι,

3119 3655 3208 3702 καὶ
3256 3648 3503 3703 ἁπελαϐεν
3557 3648 3648 3717 ἂν,
3715 3651 3789 3715 εἰ,
3839 3658 3918 3708 tis

3636 4091 3919 4146 ἀποπίπτει

2314 4409 2771 4480 epigrammata,
2806 4407 2876 4468 εἰς
2906 4412 3000 4466 τὴν
3030 4413 3280 4480 κοίμησιν
3301 4415 3398 4469 τῆς
3429 4414 3729 4466 Θεοτόκου.
3763 4442 3832 4450 -—
3858 4411 3917 4461 α’.

2314 4487 2419 4551 Ζῇς
2465 4484 2554 4530 καὶ
2606 4480 2835 4551 θανοῦσα
2869 4497 2879 4508 ·
2933 4480 3082 4539 ζῶσα
3141 4484 3328 4538 τίκτεις
3385 4481 3672 4550 παρθένος.
3727 4511 3795 4521 -

2316 4548 2430 4610 Σαῖς
2469 4550 2753 4620 ὴγκαλίζου
2811 4555 2933 4622 πρίν
2984 4570 3053 4624 με
3099 4555 3278 4623 γερσὶ,
3327 4548 3574 4624 παρθένε,
3616 4552 3807 4611 Θηὶξς
3849 4548 3916 4602 ἶὲξ

2318 4630 2410 4681 σῆς
2449 4623 2657 4693 ἓσπασα
2682 4620 2935 4693 μητρικόν
2969 4620 3123 4690 γάλα.
3167 4620 3248 4672 “Τό
3284 4620 3487 4692 πνεῦμά
3529 4641 3631 4673 σου
3689 4632 3780 4674 νῦν
3837 4623 3916 4672 er)-

2314 4696 2396 4752 τός
2473 4692 2864 4763 ἡγκαλισμένος,
2938 4696 3007 4744 Τὸ
3099 4699 3249 4763 σῶμα
3296 4696 3484 4764 πέμπω
3541 4698 3680 4768 πρὸς
3738 4701 3917 4766 (sua;

2315 4768 2372 4815 τό
2407 4755 2620 4834 χωρίον,
2655 4755 2716 4801 ..ὲ
2740 4765 2813 4832 γ’.
2848 4768 2947 4820 Γῆν
2977 4767 3032 4814 ἐκ
3069 4755 3227 4814 πόλου
3260 4755 3370 4834 μοι,
3418 4770 3526 4834 γῆς
3708 4755 3796 4817 σοί
3845 4755 3917 4814 τόν

2315 4831 2467 4886 πόλον
2489 4831 2631 4886 Ἰδοὺ
2653 4831 2853 4905 τίθὴμι,
2887 4842 3048 4905 μῆτερ
3069 4831 3308 4905 παρθένε.

2387 4905 2464 4973 (1)
2488 4903 3108 4963 Ροιειιυοιαᾱωονριιὶ,
3137 4903 3184 4959 εἰ
3208 4904 3351 4959 tanti
3376 4910 3485 4972 est,
3517 4905 3783 4962 Joannis
3811 4907 3900 4961 Dia

2317 4977 2448 5031 coni
2475 4975 2698 5030 similes
2721 4974 3067 5046 hyperbole:
3086 4992 3155 5030 ex
3181 4976 3340 5030 initio
3360 4975 3742 5034 laudationis
3763 4981 3915 5034 Joan-

2316 5048 2407 5102 nis
2447 5046 2757 5115 Palaeologi
2785 5046 2958 5114 (Vide
2985 5052 3125 5117 tom.
3157 5047 3418 5117 CLVIII).

2387 5118 2465 5188 ('2)
2494 5121 2699 5172 Genes.
2759 5133 2833 5181 XI,
2895 5123 2909 5170 i
2979 5135 2990 5172 :
3032 5115 3091 5175 ἦν
3139 5124 3286 5170 πᾶσα
3332 5115 3388 5176 ubi
3422 5126 3491 5189 γῆ
3552 5121 3740 5190 χεῖλος
3770 5121 3912 5172 ἓνκεὲ

2318 5193 2454 5260 φωνὴ
2480 5194 2576 5260 μία
2599 5194 2752 5244 πᾶσι,

2389 5262 2466 5330 (3)
2491 5264 2697 5332 lienes.
2748 5275 2805 5326 11,
2859 5264 2888 5312 7
2953 5277 2967 5325 ;
3026 5259 3240 5312 ἔπλασεν
3304 5261 3331 5311 ὁ
3403 5265 3542 5324 Θεὸς
3613 5268 3703 5316 τὸν
3739 5264 3912 5332 £399»-

2318 5349 2432 5382 πον.
2473 5330 2611 5385 Vide
2640 5337 2696 5385 et
2729 5347 2768 5398 1,
2796 5333 2884 5384 27.

2389 5402 2461 5468 (4)
2483 5404 2543 5456 ln
2575 5399 2770 5456 Bibliis
2788 5415 2907 5455 non
2936 5400 3119 5456 semel
3139 5400 3467 5472 paradisus
3484 5405 3708 5462 dicitur
3725 5407 3749 5457 ὁ
3768 5407 3908 5474 sapi-

2320 5469 2495 5533 δεισος
2522 5479 2611 5532 τῆς
2629 5479 2796 5545 τρυφῆ
2808 5492 2848 5533 ς.
