4050 6306
173 190 302 246 1501

1233 200 1325 258 DE
1361 198 1578 258 FESTO
1619 191 2069 252 DORMITIONIS
2129 193 2186 250 S.
2232 193 2492 254 MARIJE.

3395 193 3533 252 1502

171 317 258 366 καὶ
291 317 494 388 στρέφει
576 316 728 369 πάλιν
796 318 862 379 εἰς
917 328 1015 391 γῆν
1066 325 1358 397 συντριϐεὶς
1404 333 1465 397 τῇ
1512 323 1752 396 ἁμαρτίᾳ

1877 323 2122 389 propter
2145 318 2311 389 quod
2341 318 2568 374 meliori
2596 318 2754 374 bono
2775 316 2950 389 potiri
2973 316 3036 372 in
3066 317 3409 388 proximum
3429 319 3532 376 ha-

169 402 292 473 μήθ’
344 403 465 478 ὅπερ
520 400 582 462 ἦν
652 404 900 476 φυλάξας,
961 415 1094 480 μήτε
1143 417 1408 486 γενόμενος
1452 416 1581 485 πρὸς
1630 411 1655 463 ὃ
1697 407 1764 468 δὴ

169 497 396 562 κρεῖττον
478 497 568 544 καὶ
657 493 971 571 ὑψηλότερον
1061 497 1567 573 παιδαγωγούμενος
1649 500 1768 552 ἑκα-

169 577 324 634 λείτο.

239 761 339 810 Καὶ
392 760 417 810 6
496 761 586 830 μὲν
653 761 816 824 οὕτως
887 763 1096 834 ὤλισθε,
1179 776 1313 822 Θεοῦ
1355 773 1444 821 καὶ
1491 776 1588 831 τῆς
1628 771 1768 831 θείας

168 845 438 900 ἀποπεσὼν
475 853 663 924 μοίρας
691 872 703 884 ·
739 852 765 902 6
818 849 871 904 δ’
915 851 1067 918 αὖθις
1113 856 1354 928 βούλεται
1405 862 1530 931 πρὸς
1585 857 1766 910 ἑαυτὸν

165 935 396 992 ἑλκῦσαι.
448 939 689 992 Βούλεται
744 949 918 1012 τοῦτο,
962 951 1048 996 καὶ
1107 955 1290 1000 σκοπεῖ
1339 956 1430 1008 τῆς
1483 946 1765 1021 φιλανθρω-

165 1029 290 1088 πίας
343 1030 402 1079 τὸ
457 1031 692 1100 μέγεθος.
749 1030 959 1084 Ἑαυτὸν
1016 1034 1128 1088 ὅλον
1185 1037 1257 1100 εἰς
1314 1038 1456 1109 ἡμᾶς
1497 1037 1591 1089 ούκ
1635 1035 1764 1088 ἁπα-

165 1114 268 1178 ξιοῑ
303 1124 526 1168 κενῶσαι
573 1117 672 1189 (1),
719 1125 809 1172 καί
860 1139 918 1192 γε
965 1121 1240 1196 βαστάσαι
1294 1132 1631 1187 πεπτωκότας
1676 1133 1762 1177 καὶ

165 1203 475 1276 προσλαϐεῖν
543 1211 821 1279 κειμένους,
897 1210 992 1264 ούκ
1070 1213 1142 1277 εἰς
1216 1216 1338 1288 ὅπερ
1391 1212 1516 1287 ἦμεν
1589 1219 1761 1287 μόνον,

167 1291 295 1344 ἀλλὰ
364 1298 452 1346 καὶ
515 1298 648 1368 πρὸς
713 1297 739 1349 ὃ
784 1303 1061 1374 παρήγαγε
1106 1303 1306 1365 πλάσας
1360 1304 1513 1366 αὖθις
1561 1303 1765 1356 ἀνασώ-

167 1381 288 1448 ζων,
366 1387 554 1454 μηκέτι
623 1389 756 1458 μήτε
841 1392 984 1462 παρά
1053 1399 1144 1443 τοῦ
1209 1395 1514 1464 φθονοῦντος
1558 1391 1764 1446 ἐπιϐου-

159 1468 481 1542 λευομένους,
552 1478 686 1545 μήτε
757 1479 1063 1544 πίπτοντας,
1117 1481 1244 1552 μήτ’
1301 1477 1452 1544 αὖθις
1509 1481 1762 1554 ἁχρειου-

155 1578 311 1630 μενον
320 1580 361 1621 ς.

1877 405 2060 461 bebat
2091 424 2104 462 :
2136 413 2192 462 et
2227 424 2464 463 rursum
2485 408 2546 463 in
2561 413 2778 463 terram
2803 421 3134 460 conversus
3169 409 3258 462 est
3293 408 3529 462 attritus

1878 500 2161 565 peccato;
2188 511 2381 566 neque
2451 495 2614 568 quod
2651 499 2778 550 erat
2811 493 3156 550 custodiens
3212 509 3410 566 neque
3451 495 3531 551 ad

1875 581 1989 638 hoc
2015 583 2227 638 melius
2262 587 2490 640 erectus
2507 584 2586 640 ad
2601 583 2769 656 quod
2803 582 3208 638 instruebatur
3260 586 3317 639 et
3343 598 3531 640 voca-

1875 672 2072 728 batur.
3485 662 3488 664 ’

1949 761 2042 816 Ille
2071 778 2212 818 vero
2248 762 2330 818 sic
2357 761 2632 818 titubavit
2667 765 2732 817 ut
2765 777 2800 816 a
2839 763 2954 817 Deo
2993 765 3048 816 et
3083 776 3120 816 a
3154 760 3359 817 divina
3409 761 3530 818 feli-

1875 849 2045 905 citate
2081 850 2370 906 excideret
2409 869 2422 919 ;
2457 850 2565 906 sed
2593 851 2804 906 iterum
2843 849 2920 905 ad
2970 851 3154 905 Deum
3214 865 3529 920 assurgere

1876 938 2089 994 studet.
2131 939 2336 995 Studet
2373 945 2571 994 autem
2633 955 2771 993 cum
2820 938 3102 993 bonitatis
3155 939 3528 995 altitudinem

1872 1026 2160 1095 recogitat
2177 1027 2228 1098 ej
2242 1045 2306 1082 us
2334 1028 2437 1101 qui
2463 1029 2726 1100 seipsum
2759 1027 3008 1082 omnino
3037 1043 3145 1099 pro
3201 1027 3376 1083 nobis
3407 1028 3526 1083 exi~

1873 1119 2144 1178 naniens,
2175 1126 2233 1172 ut
2273 1118 2586 1172 sustineret
2631 1116 2834 1189 lapsos
2885 1121 2940 1171 et
2981 1122 3309 1172 assumeret
3334 1117 3527 1186 erige-

1871 1209 2078 1277 retque
2103 1206 2181 1261 ad
2209 1221 2271 1261 se
2293 1206 2631 1278 prolapsos,
2658 1220 2782 1261 non
2829 1204 3027 1260 solum
3061 1203 3319 1260 reddens
3360 1205 3528 1278 quod

1872 1299 2049 1350 antea
2073 1309 2333 1362 eramus,
2375 1293 2481 1349 sed
2516 1293 2594 1350 ad
2623 1293 2790 1366 quod
2836 1308 2949 1349 nos
3002 1293 3280 1364 perduxit
3311 1294 3524 1350 iterum

1871 1381 2163 1437 salvando
2191 1381 2548 1451 reformans,
2582 1385 2645 1438 ut
2668 1397 2863 1454 neque
2892 1381 2971 1437 ab
2990 1381 3170 1437 invidi
3193 1381 3379 1437 hostis
3399 1397 3524 1438 ma-

1870 1469 2312 1526 chinationibus
2361 1485 2732 1542 caperemus,
2764 1485 2960 1542 neque
2991 1470 3202 1526 iterum
3252 1485 3524 1542 peccare-

1871 1575 2027 1628 mus,
2057 1576 2252 1632 neque
2282 1560 2482 1615 denuo
2521 1559 2751 1631 absque
2782 1558 3063 1614 fructibus
3098 1575 3392 1614 essemus.

230 1655 408 1702 Ταῦτα
493 1653 625 1712 Θεὸς
692 1650 956 1724 βούλεται,
1037 1661 1127 1710 καὶ
1203 1662 1332 1733 πρὸς
1397 1659 1560 1718 αὐτὴν
1613 1659 1752 1720 εὐθὺς

1941 1649 2073 1703 Haec
2093 1648 2305 1704 eadem
2336 1649 2498 1719 cupit
2532 1651 2702 1713 Deus,
2737 1651 2794 1703 et
2823 1663 2928 1720 per
2958 1648 3205 1720 antiqua
3252 1653 3524 1719 tempora

153 1737 336 1811 βλέπει
409 1743 502 1798 τὴν
577 1739 657 1792 ἐπ’
715 1741 958 1814 ἐσχάτων
1001 1754 1101 1797 τῶν
1161 1753 1362 1820 χρόνων
1417 1748 1601 1801 ἑαυτοῦ
1648 1755 1760 1806 Μη-

149 1830 294 1900 τερα,
353 1833 472 1902 πρὶν
527 1828 555 1888 ἦ
610 1835 700 1883 καὶ
757 1834 846 1882 τὸν
901 1832 1012 1886 ὅλον
1061 1845 1378 1908 παραγαγεῖν
1412 1842 1608 1908 κόσμον
1659 1837 1759 1891 ἀπὸ

146 1924 332 1967 πασῶν
364 1915 528 1986 ἐαυτῷ
565 1926 747 1988 γενεῶν
796 1919 1019 1985 ἐκλέξας.
1076 1928 1171 1976 Καὶ
1229 1930 1429 1996 γίνεται
1476 1921 1543 1984 δή
1604 1934 1759 1978 τοῦτο

149 2010 286 2056 Θεοῦ
365 2011 656 2080 μυστήριον
733 2012 833 2072 πρὸ
886 2012 1060 2071 πάσης
1111 2017 1346 2081 κτίσεως,
1397 2014 1574 2080 εἰπεῖν,
1635 2013 1760 2067 ἁπο-

146 2098 496 2166 κεκρυμμένον
558 2116 570 2128 ο
621 2092 751 2166 εἶτα,
831 2101 966 2151 κατὰ
1035 2104 1211 2171 γενεὰς
1287 2106 1604 2174 τυπούμενον
1669 2107 1757 2156 καὶ

150 2183 309 2241 σκιὰς
363 2181 642 2254 λαμϐάνον,
719 2190 876 2248 σώζει
927 2186 1213 2257 κάνταῦθα,
1263 2193 1381 2244 ὅποι
1439 2188 1680 2249 δηλονότι
1731 2193 1757 2243 6

144 2271 314 2328 τύπος
370 2270 449 2341 (2)
528 2272 693 2324 αὐτοῦ
760 2275 789 2332 ἢ
861 2279 987 2328 σκιά
1036 2274 1390 2351 παρεδείχθη.
1440 2284 1540 2334 Καὶ
1598 2277 1755 2338 δῆλον

145 2365 304 2410 τοῦτο
324 2369 570 2432 πανταχῆ
616 2369 970 2436 σκοπουμένῳ.

223 2534 500 2589 Δουλοῦται
537 2539 616 2608 (3)
669 2541 758 2610 μὶν
818 2542 919 2613 γὰρ
972 2541 1046 2603 εἰς
1089 2545 1348 2613 Αἴγυπτον
1405 2545 1618 2617 Ἰσραὴλ
1664 2551 1754 2598 καὶ

145 2624 250 2675 ὑπὸ
299 2630 485 2696 Φαραὼ
559 2635 884 2700 τυραννεῖται
957 2639 1164 2706 πικροῖς
1243 2631 1538 2706 ἐκπιεσμοῖς
1588 2655 1753 2708 προσ-

142 2711 505 2786 ταλαιπωρῶν,
583 2721 673 2768 καὶ
751 2722 1198 2792 καταπονούμενος
1273 2721 1372 2774 ύπό
1454 2722 1753 2796 βαρύτητος

143 2803 327 2874 ξογων,
384 2807 472 2854 καί
519 2823 578 2873 γε
625 2808 753 2879 πρὸς
815 2807 948 2859 αὐτὰ
1004 2804 1068 2866 δὴ
1117 2817 1280 2862 ταῦτα
1333 2817 1751 2884 κατασυρόμενος

141 2890 246 2940 ὅσα
285 2894 374 2942 καὶ
415 2889 593 2958 βίϐλοι
643 2898 856 2966 φέρουσι
913 2899 999 2948 καὶ
1071 2899 1301 2972 ἱστορίαι
1346 2899 1578 2952 παλαιῶν
1634 2906 1750 2972 περὶ

142 2976 340 3028 ἐκείνου
407 2975 750 3051 διηγημάτων
794 3004 805 3015 ·
881 2983 1130 3059 ἐγείρεται
1193 2983 1252 3038 δὲ
1307 2995 1526 3056 Μωσῆς,
1585 2989 1750 3051 ζηλῶν
1785 3015 1824 3069 C

142 3067 274 3137 ὑπὲρ
355 3075 456 3118 τῶν
530 3075 868 3142 πασχόντων,
953 3078 1044 3125 καὶ
1089 3077 1263 3146 φεύγει
1319 3078 1408 3147 μὲν
1464 3079 1746 3147 Αἴγυπτον,

141 3163 456 3228 προσχωρεί
514 3154 572 3210 δὲ
649 3166 782 3230 Θεῷ.
870 3159 1084 3214 Κάκείνο
1151 3161 1329 3235 βλέπει
1373 3169 1430 3216 τὸ
1479 3169 1613 3237 μέγα
1660 3169 1750 3217 καὶ

145 3245 451 3315 θαυμαστὸν
508 3247 680 3318 ὅραμα
724 3247 802 3318 (4)
878 3257 981 3322 πῦρ
1022 3249 1072 3302 ἐν
1123 3260 1185 3324 τῆ
1238 3251 1406 3324 βάτῳ,
1453 3261 1555 3328 πῦρ
1605 3262 1751 3306 καῖον

143 3335 239 3382 καὶ
276 3327 537 3404 μηδαμῶς
576 3343 859 3388 κατακαῐον
900 3339 1000 3409 (5),
1061 3340 1138 3390 ὅτι
1193 3336 1321 3412 μηδ’
1373 3327 1586 3414 ὓστερον
1642 3344 1667 3393 6
1698 3341 1754 3394 ἐκ

141 3423 341 3480 ταύτης
419 3421 641 3485 καλέσας
718 3425 872 3477 αὐτὸν
919 3428 1013 3497 (6),

143 3509 265 3561 οὔτε
342 3510 659 3582 κατέφλεξεν,
726 3513 834 3565 οὔτ’

1109 3428 1282 3480 εἰσιὼν
1334 3435 1426 3489 τὴν
1478 3433 1750 3504 παρθένον,

916 3513 1066 3568 οὐδὲν
1151 3515 1397 3589 οὐδαμῶς
1441 3518 1726 3590 ἐλυμήνατο
1739 3563 1751 3575 .

140 3605 324 3650 Ταῦτα
361 3605 554 3660 Μωσῆς
582 3606 716 3664 τότε,
745 3608 834 3655 καὶ
862 3612 1042 3656 πατεῖν
1079 3614 1178 3676 γῆν
1205 3606 1357 3676 ἁγίαν
1399 3607 1552 3677 ἁγίαν
1603 3609 1753 3670 εὐθὺς

141 3685 342 3756 ἀκούει,
394 3693 482 3741 καὶ
538 3693 603 3741 τὰ
655 3687 972 3764 ὑποδήματα
1025 3701 1124 3746 τῶν
1178 3691 1356 3747 ποδῶν
1402 3695 1561 3748 λῦσαι
1733 3719 1746 3730 ο

140 3779 235 3826 καὶ
283 3774 390 3828 λύει
459 3782 547 3830 καὶ
602 3777 929 3838 ἀποτίθεται.
994 3787 1142 3845 Τίνος
1193 3787 1354 3857 χάριν
1387 3800 1401 3851 ;
1433 3782 1552 3836 Ὀτι
1611 3783 1750 3857 μηδὲ

139 3865 284 3934 θέμις
334 3868 465 3926 ἴσως
536 3871 710 3941 νεκρὸν
789 3866 940 3922 οὐδὲν
1015 3869 1117 3922 ἐκεῖ
1189 3871 1396 3941 ψαύειν,
1447 3873 1564 3924 ὅποι
1616 3882 1749 3927 Θεοῦ

134 3957 426 4023 παρουσία,
469 3959 558 4006 καὶ
615 3959 773 4016 τύπος
825 3954 982 4030 Ἐδὲμ
1014 3967 1110 4019 τῆς
1155 3958 1438 4032 ἀφθάρτου,
1500 3965 1628 4034 πρὸς
1687 3963 1747 4021 ἣν

136 4042 162 4091 6
250 4045 370 4093 τότε
442 4047 611 4113 φανεὶς
692 4046 832 4117 ἡμᾶς
889 4042 1036 4107 αὖθις
1103 4048 1386 4100 εἰσοικίσαι
1437 4054 1744 4124 προμηνύει,

133 4133 228 4180 καὶ
274 4132 342 4182 τὰ
372 4131 610 4202 σύμϐολα
668 4130 895 4186 δίδωσιν
947 4156 960 4168 ο
1017 4137 1045 4195 ἣ
1101 4139 1248 4208 τάχα
1290 4142 1378 4188 καὶ
1436 4137 1747 4212 ἀπεῤῥίφθαι

135 4221 466 4291 προστάσσει
538 4227 639 4283 πᾶς
720 4225 840 4275 ὅσον
917 4223 973 4287 ἐξ
1027 4226 1281 4300 ἅμαρτίας
1339 4225 1593 4299 βοήθημα
1652 4236 1745 4288 τῆς

136 4305 391 4370 ἀσθενοῦς
474 4313 667 4383 σαρκὸς
753 4313 971 4387 ἥρμοσε,
1058 4319 1148 4366 καὶ
1213 4319 1333 4376 τούς
1385 4319 1608 4387 γυμνοὺς
1655 4325 1745 4369 τοῦ

136 4394 324 4449 λοιποῦ
360 4398 561 4474 θαρῥεῖν
609 4403 746 4473 ἡμᾶς
798 4400 970 4464 πόδας
1027 4403 1111 4456 ἐπὶ
1157 4413 1256 4456 τῶν
1305 4408 1460 4476 ὄφεων
1516 4403 1747 4478 βησομέ-

139 4504 256 4545 νους
284 4491 372 4540 καὶ
419 4496 515 4551 τῆς
553 4489 777 4561 κεφαλῆς
806 4498 897 4543 τοῦ
947 4488 1229 4566 δράκοντος
1289 4491 1388 4565 (8),
1447 4494 1500 4554 ἐς
1560 4494 1746 4556 αύτούς

136 4572 420 4637 ἀπατήσας
500 4574 781 4635 ύπέδησεν.
843 4576 967 4632 Εἷδε
1037 4588 1202 4632 ταῦτα
1259 4587 1453 4641 Μωσῆς
1510 4588 1596 4634 καὶ
1650 4587 1743 4642 τὴν

138 4661 426 4735 ελευθερίαν
490 4664 713 4719 ἐντεῦθεν
803 4668 1018 4742 Ἰσραὴλ
1091 4677 1394 4740 πιστοῦται,
1441 4674 1530 4722 καὶ
1585 4670 1742 4747 ἀπέρ-

134 4770 296 4821 χεται
359 4752 556 4828 θυρῥῶν
631 4763 692 4828 τῇ
758 4753 976 4830 δυνάμει
1024 4766 1120 4818 τῆς
1175 4759 1355 4828 ὅψεως,
1430 4762 1742 4830 καταμαθὼν

135 4837 328 4892 ἐκεῖθεν
393 4847 481 4894 καὶ
559 4848 653 4901 τὴν
707 4850 882 4903 κοινὴν
944 4847 1146 4898 πάντων
1205 4845 1490 4918 ἐλευθερὶαν
1547 4846 1742 4921 ἀνθρώ-

129 4946 265 4993 πων,
311 4932 379 4991 ὡς
444 4930 544 4983 ἀπὸ
603 4938 788 5008 Φαραώ
846 4931 1152 5008 τυραννίδος
1201 4940 1315 4987 τότε
1366 4940 1454 4987 τὸν
1504 4936 1739 5010 Ἰσραὴλ,

201 5069 474 5146 (Ι)Ρειᾳ1.
509 5073 685 5144 Epist.
729 5073 806 5130 ad
852 5073 1108 5146 Philipp.
1158 5091 1215 5141 ιι,
1258 5081 1312 5146 7,
1345 5075 1420 5131 de
1466 5075 1736 5144 Christo;

130 5137 354 5219 ἙαυτὸνΔ
397 5137 626 5219 ἒκ-ένωσε,
667 5149 877 5219 μορφὴν
929 5137 1119 5197 δούλόυ
1182 5137 1369 5200 λαϐών.
1420 5145 1503 5201 Cf.
1551 5163 1609 5219 p.
1645 5137 1732 5203 5οί

205 5213 286 5283 (2)
326 5215 372 5265 A
413 5215 539 5283 sine
571 5213 843 5271 articulo.

204 5281 283 5342 (3)
313 5285 375 5339 B.
401 5281 674 5343 δηλοῦται.
710 5287 796 5342 Ad
827 5302 953 5341 rem
984 5285 1120 5341 vide
1155 5287 1421 5343 Exodum
1451 5303 1500 5342 c.
1534 5304 1572 5344 ι.

207 5351 286 5422 (4)
338 5356 516 5434 Exod.
573 5373 652 5423 Ill,
697 5361 737 5434 Δ3
773 5375 806 5434 :_
835 5355 959 5410 Εἷπε
1006 5353 1065 5408 δὲ
1126 5365 1353 5419 Μωῦσῆς
1396 5381 1408 5391 ·
1466 5359 1739 5434 Παρελθὼν

131 5421 354 5500 ὄψομαί
371 5429 428 5477 τὸ
459 5421 712 5500 ᾇραμα-τό
743 5432 876 5500 μέγα
920 5435 1094 5500 τοῦτο.

203 5494 283 5568 (5)
319 5494 502 5565 Exod,
534 5494 610 5570 Ill,
638 5503 673 5554 2
706 5494 853 5574 ε’ὅρα
882 5501 964 5552 ὅτι
999 5499 1024 5550 6
1083 5498 1246 5572 βάτος
1301 5503 1500 5552 καίεται
1562 5505 1688 5576 πυρί
1723 5521 1734 5533 ·

1867 1735 1926 1791 in
1977 1753 2149 1792 suam
2224 1740 2464 1793 Matrem
2520 1736 2744 1792 directo
2800 1736 3062 1808 respicit,
3113 1735 3338 1806 eligens
3385 1752 3522 1792 eam

1867 1829 2189 1898 antequam
2210 1826 2507 1881 ordinaret
2524 1826 2733 1881 orbem
2750 1825 3094 1880 universum
3110 1839 3181 1879 ex
3195 1824 3521 1880 omnnibus

1868 1929 1904 1968 a
1934 1931 1994 1968 se
2026 1916 2234 1970 creatis
2283 1913 2791 1984 generationibus.
2848 1913 3060 1986 Sicque
3101 1913 3381 1984 apparuit
3404 1912 3520 1968 hoc

1869 2004 2214 2073 mysterium
2253 2003 2348 2058 Dei
2380 2007 2515 2058 ante
2534 2018 2778 2058 omnem
2795 2002 3158 2057 creationem
3189 2000 3514 2070 decretum,

1867 2090 1991 2156 sed,
2019 2093 2176 2147 utita
2196 2092 2414 2161 dicam,
2441 2091 2865 2146 absconditum
2891 2089 3139 2146 :deinde
3161 2089 3515 2145 secumdum

1865 2181 2277 2250 generationes
2308 2179 2633 2250 ﬁguratum
2689 2184 2745 2235 et
2803 2179 2917 2234 sub
2971 2178 3199 2234 umbris
3252 2178 3511 2250 positum

1863 2268 1945 2323 ibi
1977 2268 2230 2323 salutem
2260 2273 2558 2340 operatur,
2587 2267 2690 2324 ubi
2743 2272 2922 2340 typus
2970 2268 3098 2338 ejus
3153 2266 3243 2322 vel
3297 2266 3514 2323 umbra

1863 2358 2146 2429 quaedam
2173 2357 2616 2413 demonstratur
2654 2361 2711 2413 et
2739 2356 3045 2428 accipitur.
3104 2358 3171 2411 Et
3217 2355 3333 2411 hoc
3385 2355 3512 2411 evi-

1861 2445 2068 2500 denter
2094 2447 2257 2500 novit
2285 2445 2388 2517 qui
2407 2461 2534 2500 rem
2573 2449 2790 2501 attente
2821 2444 3182 2500 considerat.

1931 2536 2142 2589 Servus
2173 2533 2363 2589 factus
2387 2534 2559 2590 Israel
2589 2533 2648 2589 in
2704 2535 2966 2606 Egypto
3025 2533 3142 2588 sub
3181 2532 3508 2588 Pharaonis

1860 2623 2176 2694 tyrannide
2224 2623 2606 2695 premebatur
2639 2623 2908 2691 ;acerbis
2959 2621 3250 2695 pressuris
3298 2621 3510 2676 misere

1858 2711 2172 2768 lacessitus
2199 2712 2509 2786 fessusque
2535 2711 2800 2784 pondere
2842 2714 2898 2767 et
2935 2710 3314 2766 multitudine
3346 2709 3510 2766 labo-

1859 2817 2015 2868 rum,
2049 2801 2125 2858 ad
2166 2803 2294 2857 haec
2334 2809 2598 2857 extrema
2652 2801 3043 2870 dejiciebatur
3084 2816 3220 2872 quae
3277 2799 3351 2854 de
3409 2798 3508 2854 illo

1860 2896 2106 2945 narrant
2130 2890 2319 2945 Biblia
2338 2898 2394 2945 et
2412 2897 2676 2945 veterum
2702 2889 2964 2944 historiae
2995 2907 3007 2944 :
3035 2888 3287 2942 surrexit
3307 2891 3508 2942 autem

1859 2981 2044 3034 Moses
2071 2978 2271 3033 zelans
2300 2995 2478 3049 super
2524 2979 2835 3049 patientes,
2895 2977 3248 3048 fugiensque
3295 2977 3509 3046 Egyp-

1859 3073 1984 3121 tum
2017 3083 2142 3122 sese
2207 3070 2324 3122 Deo
2370 3066 2826 3138 approximavit.
2881 3065 3167 3138 Videtque
3213 3064 3508 3118 visionem

1858 3156 2014 3211 hanc
2028 3172 2312 3226 magnam
2328 3154 2776 3226 etstupendam,
2805 3154 3005 3224 ignem
3041 3153 3100 3208 in
3119 3152 3508 3220 rubo,ignem

1862 3251 2148 3314 urentem,
2177 3244 2419 3299 minime
2441 3259 2580 3299 vero
2601 3247 3074 3308 consumentem,
3117 3240 3261 3313 quia
3284 3239 3378 3295 illc
3400 3255 3507 3312 qu:

1859 3337 2120 3406 Moysem
2149 3351 2220 3389 ex
2242 3334 2392 3388 rubo
2415 3334 2662 3399 vocavit,
2689 3332 3288 3414 postea'descendens
3302 3331 3376 3386 ad
3391 3330 3508 3385 vir-

1859 3423 2233 3494 ginem,ejus
2273 3423 2671 3493 virginitatem
2722 3437 2830 3476 nec
2886 3415 3129 3477 abstulit
3185 3435 3379 3492 neque
3419 3418 3510 3474 vel

1861 3513 2180 3568 minimum
2201 3512 2560 3568 obscuravit.
2593 3513 2872 3584 Tuncque
2895 3509 3124 3566 audivit
3178 3511 3407 3580 Moyses
3441 3523 3506 3563 se

1859 3602 2086 3658 calcare
2121 3608 2335 3657 terram
2366 3606 2655 3664 sanctam,
2685 3605 2742 3656 et
2764 3601 2969 3671 jussus
3023 3599 3249 3654 solvere
3276 3597 3506 3654 calcea-

1859 3695 2060 3746 menta
2085 3690 2308 3763 pedum
2341 3706 2609 3760 suorum,
2638 3688 2808 3745 solvit
2845 3694 2902 3744 et
2953 3688 3222 3744 accessit.
3279 3688 3507 3752 Quare-

1856 3796 1997 3835 nam
2028 3779 2055 3832 ‘?
2076 3778 2225 3846 Quia
2254 3795 2375 3834 non
2420 3778 2553 3834 licet
2587 3778 2922 3850 quidquam
2955 3781 3257 3830 mortuum
3306 3775 3506 3828 locum

1859 3874 2100 3937 tangere
2129 3867 2227 3923 ubi
2260 3871 2410 3922 Deus
2444 3882 2708 3938 praesens
2741 3869 2847 3921 est.
2879 3867 3075 3936 'l‘ypus
3114 3877 3357 3934 quoque
3388 3861 3504 3916 im-

1857 3957 2171 4013 maculata:
2204 3957 2501 4026 (Virginis)
2545 3961 2606 4009 ut
2636 3955 2839 4014 Edem,
2894 3952 2972 4007 ad
3029 3967 3209 4022 quem
3263 3966 3372 4004 nos
3416 3965 3505 4004 re-

1855 4061 2165 4115 gressuros
2191 4049 2246 4099 et
2270 4044 2707 4099 inhabitaturos
2755 4039 3046 4113 symbolis
3100 4038 3302 4095 multis
3356 4054 3504 4110 prte-

1855 4133 2148 4188 nuntiavit
2178 4131 2269 4185 ille
2299 4131 2401 4202 qui
2455 4131 2514 4185 in
2572 4129 2804 4197 Virgine
2845 4127 3126 4199 apparuit
3158 4144 3171 4180 :
3204 4131 3259 4181 et
3304 4125 3504 4181 statim

1849 4221 2019 4293 jubet
2049 4237 2157 4275 nos
2184 4219 2422 4289 rejicere
2451 4217 2746 4290 quidquid
2785 4217 2844 4271 in
2893 4215 3224 4270 remedium
3257 4219 3312 4269 et
3341 4214 3502 4268 auxi-

1852 4309 1996 4365 lium
2029 4319 2235 4364 contra
2268 4312 2580 4378 peccatum
2608 4305 2861 4360 inﬁrmae
2914 4305 3076 4359 carni
3106 4301 3423 4376 coaptavit,
3448 4305 3504 4358 et

1855 4401 1939 4454 sic
1966 4398 2184 4453 liberos
2199 4395 2276 4451 ab
2301 4395 2584 4450 omnibus
2602 4392 2971 4448 conﬁdenter
2992 4393 3247 4465 pedibus
3274 4391 3504 4447 calcare

1851 4489 2175 4558 serpentes,
2207 4488 2462 4556 etcaput
2506 4483 2784 4538 draconis
2822 4483 2922 4554 qui
2977 4498 3089 4538 nos
3149 4481 3504 4554 decipiendo

1850 4575 2217 4633 indumentis
2263 4589 2464 4628 carere
2522 4571 2758 4628 fecerat.
2822 4573 2949 4629 Haec
3011 4571 3150 4627 vidit
3191 4575 3418 4642 Moyses
3445 4575 3503 4626 et

1851 4664 2172 4722 crediditin
2198 4663 2528 4718 libertatem
2556 4661 2734 4717 Israel
2765 4667 2819 4717 et
2851 4662 3272 4718 abiitconﬁsus
3295 4661 3354 4716 in
3387 4661 3500 4714 vir-

1851 4760 1974 4810 tute
2003 4752 2271 4821 visionis,
2307 4752 2384 4806 ita
2410 4749 2632 4806 docens
2654 4766 3037 4806 communem
3088 4750 3359 4804 omnium
3391 4747 3499 4802 ho-

1852 4843 2081 4897 minum
2104 4841 2454 4911 libertatem,
2479 4843 2662 4894 Deum
2684 4840 2906 4910 quippe
2931 4839 3298 4893 nasciturum
3323 4850 3500 4906 prop-

1851 4937 1936 4986 ter
1965 4947 2075 4986 nos
2109 4946 2181 4985 ex
2211 4932 2386 4986 Matre
2427 4929 2671 4998 virgine,
2707 4932 2770 4982 ut
2808 4924 3326 4997 quemadmodum
3358 4927 3498 4979 tunc

1848 5075 1874 5125 6
1907 5071 1964 5126 δὲ
1989 5073 2146 5146 βάτος
2186 5071 2244 5124 ού
2282 5075 2602 5124 κατεκαίετο.

1919 5135 1996 5214 (6)
2034 5144 2196 5200 Exod
2226 5159 2307 5211 1n,
2344 5147 2416 5198 4:
2475 5139 2743 5192 Ἐκάλεσεν
2794 5136 2950 5188 αὐτὸν
2989 5137 3014 5187 6
3069 5137 3256 5208 Κύριος
3308 5135 3362 5188 ἐκ
3437 5143 3498 5188 οῦ

1849 5214 2038 5288 βάτου.

1917 5287 1995 5357 (7)
2027 5285 2182 5341 Exod
2217 5301 2295 5349 ιιι,
2329 5288 2358 5338 5
2393 5301 2405 5338 :
2439 5282 2594 5333 λῦσαι
2645 5282 2704 5328 τὸ
2756 5274 3011 5357 ύπὸδημα
3071 5276 3122 5328 ἐκ
3159 5287 3258 5329 τῶν
3316 5275 3492 5357 ποδῶν

1849 5348 1943 5409 σού
1980 5348 1999 5391 ’σ
2034 5359 2058 5408 6
2088 5360 2188 5427 γὰρ
2221 5348 2480 5427 τόποςηέν
2538 5351 2578 5419 ᾧ
2631 5348 2996 5427 σὺήέστηκας,
3031 5356 3098 5420 γῆ
3175 5349 3302 5420 ἁγία
3363 5348 3494 5400 ἐστί.

1918 5429 1997 5501 (8)
2029 5422 2316 5500 Respectu
2348 5424 2424 5479 ad
2457 5425 2546 5478 Ps.
2587 5436 2671 5487 xc,
2702 5422 2781 5474 i3.
