4050 6306
572 285 707 344 1503

1919 278 2302 342 NICEPHORI
2341 280 2606 340 CHUMNI

3817 283 3935 343 150':

566 408 972 468 exemitlsrael
1001 424 1072 465 ex
1084 406 1401 481 tyrannide
1421 409 1776 477 Pharaonis,
1792 408 1874 465 ita
1883 423 1996 464 nos
2013 406 2221 463 adum-

2338 404 2496 467 οὕτως
2568 409 2708 480 ἡμᾶς
2773 407 2852 482 ἐφ’
2905 412 3110 483 ἡμερῶν
3167 405 3406 482 ἐσχάτων
3466 409 3544 481 (1)
3606 416 3705 462 τοῦ
3759 420 3933 484 πικραὶ

563 499 784 557 brabat
803 513 876 555 ex
895 497 1154 570 antiquis
1180 497 1396 553 diebus
1427 497 1506 553 ab
1536 497 1756 554 acerbo
1806 501 2089 569 tyranno,
2118 493 2224 567 qui

563 591 656 646 est
685 589 886 653 Satan,
912 585 1256 642 liberandos
1277 601 1428 642 esse.
1462 587 1662 656 Igitur,
1732 589 1798 642 ut
1857 585 2004 654 dixi,
2049 583 2226 640 solvit

565 690 778 735 omnes
797 674 958 732 malo
981 674 1327 742 servientes,
1353 679 1410 731 et
1428 675 1595 748 quod
1613 674 1954 730 liberaverit
1980 689 2010 728 e
2037 688 2225 729 manu

564 764 702 822 forti
744 765 1166 837 Egyptiorum
1219 764 1416 834 ﬁgura
1463 768 1551 820 est
1607 762 1873 836 mysterii
1933 761 2142 820 salutis
2167 766 2224 819 et

565 853 915 929 symbolum
939 852 1366 912 salvandorum
1397 853 1459 910 in
1487 853 1691 910 ﬁnem.

637 1030 753 1087 Sed
773 1031 985 1088 iterum
1013 1031 1274 1105 Egyptii
1297 1035 1526 1090 tentant
1541 1033 1824 1106 persequi
1857 1047 1960 1089 eos
1985 1031 2089 1104 qui
2113 1046 2223 1087 ser-

563 1119 812 1177 vitutem
840 1119 1151 1191 fugiebant
1189 1139 1202 1188 ;
1229 1121 1549 1178 currebant
1573 1125 1710 1194 post
1733 1137 1834 1178 eos
1864 1137 2004 1176 cum
2035 1120 2224 1178 omni-

563 1208 680 1266 bus
699 1209 868 1282 equis
897 1213 952 1266 et
977 1209 1251 1266 curribus
1277 1211 1527 1267 nitentes
1549 1211 1610 1266 in
1655 1226 1757 1267 eos
1794 1211 2016 1266 irruere
2045 1230 2056 1263 :
2087 1210 2227 1266 cito-

563 1313 681 1375 que
697 1305 1093 1372 occupassent
1105 1303 1160 1356 et
1181 1301 1558 1370 redegissent
1573 1301 1634 1356 in
1656 1316 1878 1357 novam
1893 1299 2225 1357 etacerbio-

562 1403 692 1444 rem
722 1389 1081 1460 servitutem,
1117 1389 1236 1444 nisi
1263 1389 1462 1445 subito
1497 1388 1863 1445 circumfusa
1911 1388 2222 1455 salvasset,

563 1475 758 1532 nubes
789 1476 1013 1533 scilicet
1043 1493 1180 1550 quas
1225 1477 1632 1534 obumbrabat
1679 1493 1786 1550 per
1842 1482 2028 1534 totam
2064 1477 2224 1534 diem

564 1569 620 1624 et
653 1566 1069 1623 abscondebat
1097 1583 1202 1623 eos
1235 1585 1247 1620 :
1280 1567 1472 1623 nubes
1502 1567 1849 1640 symbolum
1869 1567 2112 1624 evidens
2137 1573 2228 1625 est

565 1657 717 1712 sicut
750 1661 806 1712 et
831 1655 1022 1712 vellus
1049 1656 1363 1713 Gedeonis.
1417 1656 1612 1714 Vellus
1655 1656 1802 1713 illud
1841 1657 2098 1714 imbrem
2124 1674 2224 1716 os-

2332 498 2494 548 Σατὰν
2543 498 2814 572 ῥύσασθαι
2867 501 3141 575 τυράννου,
3198 503 3323 554 Θεὸν
3368 499 3422 552 ἐκ
3483 504 3684 573 μῆτρός
3753 503 3932 573 παρθέο

2329 603 2417 636 νου
2494 586 2611 639 καθ’
2697 589 2838 660 ἡμᾶς
2914 593 3189 660 γεγονότα.
3257 593 3357 641 Καὶ
3408 596 3556 660 γοῦν,
3620 591 3752 662 ὅπερ
3803 593 3930 662 ἔριν.

2331 673 2488 734 σώζει
2530 674 2681 729 κάκεῖ
2713 680 2832 738 τούς
2885 682 3343 752 τυραννουμένους,
3394 682 3487 730 καὶ
3553 684 3648 738 τῆς
3726 675 3931 750 βαρείας

2330 763 2629 835 Αἰγυπτίων
2691 770 2872 842 χειρός
2953 766 3166 820 ἀπολύει
3239 768 3265 819 ό
3311 775 3403 819 τοῦ
3460 772 3738 842 σωτηρίου
3791 767 3932 820 τοῦδε

2327 859 2622 928 μυστηρίου
2659 858 2821 919 τύπος
2859 861 2948 910 καὶ
3004 858 3071 910 τὰ
3132 855 3370 930 σύμϐολα
3413 864 3515 909 τῶν
3551 858 3786 930 ὕστερον
3839 877 3928 910 σω-

2331 940 2576 1013 ζομένων.

2401 1031 2478 1083 Ού
2503 1036 2606 1104 μὴν
2640 1031 2770 1087 ἀλλὰ
2823 1042 3102 1108 πειρῶνται
3158 1033 3312 1088 πάλιν
3358 1034 3645 1107 Αἰγύπτιοι
3701 1044 3806 1088 τῶν
3850 1040 3926 1094 τὶν

2331 1115 2568 1173 δουλείαν
2631 1128 2917 1194 φευγόντων
2995 1119 3343 1177 καταδιώκειν
3434 1126 3608 1177 ὀπίσω
3695 1127 3796 1195 (2),
3852 1132 3925 1177 και

2329 1206 2648 1262 κατεδίωκον
2731 1209 2962 1284 ἅρμασιν
3013 1212 3168 1280 ὣοις,
3231 1213 3425 1281 ἵπποις,
3492 1213 3800 1276 ἐλαύνοντες
3860 1219 3923 1282 (3)

2330 1297 2409 1351 ἔπ’
2466 1299 2671 1362 αύτούς.
2729 1305 2830 1354 Καὶ
2899 1301 3026 1374 τάχ’
3071 1302 3131 1354 ἂν
3187 1301 3463 1355 κατέλαϐον
3528 1308 3620 1355 καὶ
3699 1304 3831 1356 εἷλον
3876 1304 3925 1354 ευ

2331 1383 2478 1449 αὖθις
2505 1389 2713 1460 ἄγοντες
2763 1388 2848 1443 ἰπὶ
2889 1393 3079 1464 πικρὰν
3119 1388 3374 1459 δουλείαν,
3435 1391 3481 1445 εἰ
3527 1396 3603 1464 μὴ
3671 1391 3929 1446 κάνταῦθα

2329 1486 2618 1552 περιφανῶς
2656 1480 2684 1537 ἠ
2747 1487 2839 1532 τοῦ
2887 1479 3152 1552 μέλλοντος
3199 1483 3325 1533 σκιά
3389 1481 3703 1555 περιέσωζε,
3764 1483 3924 1554 νεξέὶη

2330 1572 2428 1627 τῆς
2480 1568 2672 1640 ἡμέρας
2754 1567 2872 1629 ὅλης
2919 1567 3306 1630 ἐπισκιάζουσα
3361 1568 3439 1642 (4)
3493 1574 3586 1623 καὶ
3640 1574 3933 1645 συγκρύπτ.

2332 1674 2485 1725 ουσα,
2543 1655 2719 1728 νεφέλη
2798 1656 3052 1729 σύμϐολον
3110 1656 3332 1732 ὶναργες,
3379 1661 3448 1721 ὡς
3497 1661 3525 1711 ό
3593 1667 3695 1712 τοῦ
3755 1657 3933 1713 Γεδεὼν

563 1743 754 1801 tendit
781 1743 1182 1801 viviﬁcantem
1211 1745 1284 1801 de
1307 1745 1458 1802 ccelo
1491 1751 1733 1818 propter
1776 1761 1888 1802 nos
1933 1746 2132 1802 aridos
2170 1752 2221 1805 et

2338 1741 2483 1806 αὖθις
2511 1749 2669 1798 πόκον
2701 1743 2798 1819 (5).
2835 1749 2934 1799 Τὸν
2968 1749 3069 1822 γὰρ
3111 1751 3327 1811 ζωτικὸν
3369 1748 3519 1810 οὗτος
3555 1747 3760 1823 ὄμϐρον
3825 1754 3935 1824 πρός

564 1847 716 1907 pene
743 1837 1012 1890 mortuos
1027 1833 1341 1890 cadentem
1368 1852 1380 1902 ;
1398 1834 1589 1890 nubes
1605 1838 1810 1891 autem
1826 1835 2124 1904 Virginem
2146 1837 2224 1892 si-

563 1921 805 1993 gnificat
823 1937 960 1995 quas
981 1922 1160 1979 nobis
1183 1923 1482 1996 praebetur
1503 1928 1567 1980 ut
1617 1923 2045 1980 umbraculum
2095 1924 2225 1982 uni-

561 2025 736 2068 versa
767 2016 922 2068 terra
951 2015 1008 2069 et
1032 2011 1316 2069 omnibus
1341 2012 1506 2070 coslis
1534 2012 1911 2070 immensius.

634 2188 746 2245 Sed
765 2192 1004 2262 propter
1015 2189 1162 2262 quid
1180 2188 1344 2247 aliud
1377 2205 1544 2246 mare
1565 2190 1834 2246 Rubrum
1853 2190 1914 2248 in
1929 2187 2223 2247 mirabilia

561 2277 785 2335 elatum
798 2283 854 2337 et
868 2279 965 2337 Dei
982 2278 1277 2351 populum
1303 2279 1562 2336 multum
1589 2279 1860 2350 salvavit,
1901 2279 2224 2338 submersit

560 2382 700 2423 vero
729 2367 914 2424 robur
931 2367 1263 2426 Pharaonis
1295 2373 1352 2424 et
1379 2368 1679 2440 principes
1703 2368 2041 2440 Egyptios,
2077 2384 2221 2442 quo-

559 2456 745 2514 modo
774 2460 940 2514 tanta
972 2457 1164 2529 potuit
1198 2458 1433 2530 operari
1462 2458 1575 2514 nisi
1607 2457 1753 2530 quia
1783 2457 1861 2514 ad
1891 2457 2058 2514 lllam
2083 2473 2219 2514 vere

561 2543 920 2601 efferebatur
953 2561 1089 2618 quas
1118 2545 1255 2601 ﬁnis
1283 2551 1409 2603 erat
1437 2562 1645 2602 earum
1704 2561 1857 2619 quas
1915 2545 2220 2603 Abraham

562 2633 828 2706 suscepit
846 2633 1337 2707 promissionum,
1364 2639 1538 2707 etper
1560 2651 1748 2708 quam
1778 2635 1937 2692 facta
1957 2641 2048 2691 est
2070 2635 2220 2692 mul-

559 2721 847 2794 tiplicatio
922 2723 1164 2779 seminis
1230 2723 1509 2790 Abrahae,
1574 2723 1738 2796 quod
1793 2723 2223 2794 multiplicatur

560 2826 634 2867 ex
653 2811 786 2888 ipsa
816 2816 1187 2881 generatum,
1222 2811 1432 2868 orbem
1464 2812 1816 2868 universum
1830 2828 2218 2886 regenerans,

559 2904 616 2956 et
643 2899 703 2956 in
735 2901 931 2972 seipso
957 2899 1234 2957 adunans
1269 2916 1480 2959 omnes
1516 2901 1665 2957 dum
1705 2901 1831 2974 ipse
1894 2907 2221 2974 congregat

557 3005 732 3047 veros
766 2989 1024 3046 Abrahae
1045 2989 1266 3048 liberos
1298 2991 1326 3046 Τ

630 3078 852 3136 Deinde
875 3085 1042 3152 petra
1071 3080 1616 3152 producitaquam,
1656 3080 1990 3138 maximum
2040 3080 2218 3139 mira-
2256 3107 2298 3165 ρ

558 3168 783 3235 culum,
798 3172 854 3225 et
871 3169 1378 3243 spargitundique
1391 3169 1615 3226 ﬂuenta
1659 3187 1795 3244 quae
1817 3171 1878 3227 in
1901 3171 2219 3229 continuos

557 3256 776 3315 ﬂuvios
793 3257 1044 3314 eﬂluunt
1077 3275 1089 3314 :
1123 3262 1181 3315 et
1205 3258 1468 3332 populus
1501 3258 1593 3315 siti
1621 3263 1900 3331 perustus
1939 3259 1998 3316 in
2021 3259 2220 3316 deser-

559 3348 619 3402 to
643 3345 795 3402 bibit
821 3362 1010 3418 usque
1046 3346 1124 3403 ad
1151 3348 1710 3404 satietatem.‘Petra
1740 3353 1942 3404 autem
1975 3364 2115 3421 pars
2130 3353 2223 3406 est

558 3435 781 3492 montis
801 3435 908 3508 qui
939 3441 1153 3508 typum
1182 3437 1365 3494 habet
1393 3438 1644 3508 Virginis
1703 3454 1774 3494 ex
1839 3455 1962 3511 qua
2002 3439 2220 3512 prodiit

560 3523 830 3580 Christus
891 3524 1064 3596 Lapis
1137 3525 1444 3594 angularis
1491 3533 1549 3582 et
1601 3527 1794 3582 vitalis
1843 3533 2032 3600 petra,
2097 3529 2220 3584 sive

557 3626 698 3668 cum
725 3626 761 3668 a
794 3614 911 3668 Deo
935 3611 1114 3682 longe
1134 3627 1406 3670 essemus
1435 3631 1548 3670 nos
1571 3617 1974 3686 congregavit,
2009 3621 2065 3673 et
2102 3621 2220 3673 sta-

559 3699 746 3756 tuitin
773 3698 1154 3771 infrangibile
1175 3701 1485 3758 vinculum
1513 3719 1718 3759 secum
1744 3721 1757 3770 ;
1792 3704 1912 3759 sive
1934 3705 2078 3778 quia
2107 3721 2218 3762 nos

556 3789 1042 3865 potavitaquaex
1057 3791 1256 3863 seipso
1287 3790 1562 3850 eiﬂuente
1594 3799 1651 3850 et
1687 3792 1931 3851 saliente
1955 3795 2016 3850 in
2033 3795 2216 3853 vitam

555 3893 692 3953 quas
717 3893 1034 3952 nunquam
1065 3879 1320 3936 deficiet.

630 3967 785 4035 Quid
821 3968 1082 4041 amplius
1111 3968 1375 4026 ?famem
1398 3969 1705 4043 patiuntur
1724 3970 1785 4026 in
1803 3971 2058 4043 deserto,
2077 3989 2215 4046 quae

557 4059 645 4112 est
670 4056 1097 4114 acerbissimus
1123 4058 1295 4116 dolor
1318 4076 1330 4114 :
1352 4058 1434 4115 illi
1453 4075 1595 4129 ergo
1621 4060 1836 4117 iterum
1862 4062 1920 4117 in
1949 4065 2212 4136 Moysem

555 4145 929 4202 concitantur
949 4146 1028 4204 ad
1051 4147 1224 4214 iram,
1243 4148 1348 4220 qui
1370 4147 1536 4205 nullo
1555 4149 1737 4205 modo
1763 4154 1972 4207 exorto
1995 4150 2214 4207 tumul-

555 4237 620 4290 tu
653 4237 1018 4306 perterritus,
1042 4236 1190 4294 dixit
1224 4237 1309 4293 eis
1343 4255 1411 4294 ;‹‹
1446 4239 1501 4295 Si
1538 4239 1698 4294 enim
1736 4255 1874 4296 cum
1924 4242 2216 4313 percussit

555 4325 787 4394 petram
814 4323 985 4380 ﬂuxit
1001 4340 1182 4398 aqua,
1203 4341 1405 4383 nonne
1427 4331 1483 4383 et
1500 4343 1721 4400 panem
1746 4329 2114 4400 poteritdare
2135 4330 2162 4384 ?
2184 4353 2210 4380 ››

559 4411 671 4476 Qui
707 4411 790 4466 eis
821 4413 1103 4484 produxit
1127 4414 1329 4472 cibum
1355 4431 1477 4471 non
1509 4431 1581 4472 ex
1612 4421 1785 4484 terra,
1812 4418 1980 4490 etqui
1998 4423 2212 4490 patens

555 4503 646 4554 est
667 4513 856 4568 panes
869 4501 1051 4558 etiam
1063 4519 1135 4558 ex
1156 4503 1461 4575 lapidibus
1479 4505 1764 4576 proferre,
1779 4507 1839 4561 in
1865 4522 2090 4563 novum
2108 4509 2212 4564 mi-

554 4586 831 4643 raculum
848 4595 1078 4646 mutata
1093 4592 1359 4664 potentia
1380 4611 1392 4660 ;
1414 4593 1571 4649 unde
1591 4609 1733 4664 ergo
1747 4593 1878 4651 illos
1892 4596 2214 4654 enutrivit?

553 4675 629 4732 de
663 4675 828 4733 caelis
863 4692 966 4734 eos
1005 4679 1241 4736 satiavit
1279 4684 1422 4736 tunc
1461 4682 1785 4739 ostendens
1828 4698 2211 4756 perseverare

620 4889 696 4961 (1)
727 4887 966 4968 ξῃιιειείε
995 4893 1083 4947 est
1111 4888 1337 4948 biblica
1365 4889 1442 4944 ἐπ’
1479 4893 1722 4964 ἐσχάτων
1753 4895 1956 4968 ἡμερῶν
2001 4913 2014 4964 ;
2048 4895 2211 4952 conf.

549 4975 692 5034 pag.
721 4965 842 5034 110,
885 4962 967 5034 i7.

622 5031 704 5101 (2)
739 5032 923 5086 Exod.
960 5048 1060 5097 xu,
1095 5036 1125 5087 8
1165 5050 1179 5088 :

551 5104 674 5154 υἱῶν
707 5101 934 5173 Ἰσραήλ.

648 5173 700 5244 3)
733 5174 951 5228 Forsan
982 5176 1190 5244 ἱππους,
1216 5175 1307 5230 vel
1340 5177 1530 5240 ἱππεῖς,
1571 5176 1882 5240 ἐλαύνοντες.

647 5243 702 5316 ὅ.)
732 5244 843 5316 _lj3_x_.
869 5249 1079 5316 xui,21
1122 5263 1134 5300 :
1167 5243 1343 5301 Num.
1373 5264 1430 5316 κ,
1474 5250 1566 5306 34.

622 5313 699 5390 (ἐξ)
731 5313 920 5390 {ide}
932 5315 1208 5390 udic.rv1,
1231 5321 1318 5384 37,
1347 5313 1480 5390 sqq.
1513 5351 1583 5360 —
1616 5322 1654 5374 Β
1706 5319 1833 5376 sine
1872 5320 2128 5390 articulo
2159 5323 2209 5380 ὁ.

622 5384 710 5466 (6)“
741 5383 940 5466 Εξρᾴ..
969 5401 1057 5455 xv,
1086 5389 1129 5466 4.
1155 5383 1382 5466 εᾶρματα
1396 5383 1613 5466 ’Φαραῲ
1680 5395 1771 5466 καὶ
1828 5395 1920 5451 τὴν
1956 5389 2210 5466 Δδύναμιν

551 5453 739 5530 αὐτοῦΔ
803 5453 1005 5529 ἔρριψεν
1046 5453 1053 5455 ’
1090 5457 1160 5530 είς
1211 5453 1506 5530 θάλασσαν,
1595 5460 1890 5525 ἐπιλέκτους
1947 5453 2212 5528 ἀναϐάτας

549 5525 833 5608 τρίς-τάξας
858 5525 876 5558 ’-
895 5529 1268 5608 κατεπόθησαν
1299 5528 1346 5581 ἐν
1395 5525 1621 5606 Ἐρυθρᾷ
1653 5531 1918 5608 θαλάσσῃ.

621 5599 700 5669 (7)
726 5596 866 5654 Vide
889 5598 1096 5655 Genes.
1127 5615 1223 5666 xv,
1264 5604 1320 5659 5a

1222 5029 1532 5096 κατεδίωξεν
1587 5035 1824 5108 (Φαραὼ)
1872 5036 2043 5090 ὀπίσω
2109 5047 2212 5091 τῶν

2332 1833 2518 1908 ξηροὺς
2579 1837 2714 1908 ἡμᾶς
2780 1835 2870 1889 ἅτε
2925 1841 3015 1888 καὶ
3064 1841 3270 1909 νεκρούς
3320 1836 3467 1898 ὅλους
3517 1837 3855 1910 καταϐάντα,
3909 1843 3931 1896 ἑ

2333 1919 2392 1977 δε
2473 1923 2647 1997 νεφελη
2729 1929 2817 1983 τὴν
2901 1926 3150 1998 παρθένον
3225 1934 3401 1998 σαφῶς
3471 1931 3798 2001 προγράφει,
3862 1935 3938 1979 τεῦ

2329 2016 2530 2086 κόσμου
2583 2015 2784 2075 πάντως
2817 2018 3014 2072 σκέπην
3060 2018 3150 2068 καὶ
3216 2018 3420 2069 πάντων
3473 2023 3736 2088 φανεῖσαν
3800 2017 3941 2090 οὖρα-

2329 2109 2426 2153 νών
2456 2100 2797 2176 πλατυτέραν.

2401 2189 2478 2242 Ού
2505 2195 2608 2262 μὴν
2640 2189 2768 2244 ἀλλὰ
2792 2200 2942 2244 τουτο
2979 2194 3068 2264 μὲν
3133 2188 3201 2250 δὴ
3274 2199 3545 2246 τοσοῦτον.
3598 2195 3845 2267 Ἐρυθρὰ
3895 2191 3942 2246 δε

2328 2289 2753 2355 τερατουργοῦσα
2812 2286 2903 2334 καὶ
2969 2279 3317 2344 διασώζουσαι
3370 2286 3460 2355 μεν
3519 2291 3594 2353 τῷ
3660 2291 3780 2355 Θεῷ
3835 2284 3941 2335 λαόν

2326 2373 2643 2443 περιούσιον,
2695 2369 2998 2443 βυθίζουσα
3059 2368 3118 2424 δε
3172 2367 3393 2445 δύναμιν
3441 2376 3634 2446 ψαραώ
3693 2379 3787 2426 καὶ
3845 2393 3939 2446 τρι.

2330 2461 2520 2520 στάτας
2602 2459 2920 2532 Αἰγυπτίους
2993 2461 3091 2529 (6)⁹
3153 2462 3305 2514 πόθεν
3355 2460 3562 2514 ἄλλοθεν
3621 2463 3696 2513 τὰ
3752 2463 3936 2534 μεγαῖιι

2327 2554 2495 2600 ταῦτα
2517 2543 2823 2613 δεδύνηται,
2857 2549 2886 2608 ἣ
2919 2551 3048 2622 πρὸς
3109 2549 3270 2608 αὐτὴν
3309 2545 3376 2608 δὴ
3426 2551 3626 2607 ταύτην
3705 2553 3936 2622 καθαρῶς

2329 2633 2675 2708 ἀναφέρουσα,
2771 2641 2897 2713 πρὸς
2988 2636 3048 2695 ἢν
3101 2643 3191 2690 καὶ
3247 2641 3304 2690 τό
3367 2637 3504 2698 τέλος
3551 2646 3660 2690 τῶν
3709 2638 3936 2712 ’Δϐρααξι

2327 2724 2734 2797 ἐπηγγελμένων,
2809 2730 2898 2778 καὶ
2968 2727 2994 2778 ὀ
3068 2725 3377 2799 πληθυσμὸς
3465 2735 3559 2779 τοῦ
3642 2732 3932 2800 σπέρματα

2326 2822 2420 2868 τοῦ
2446 2814 2500 2877 ἐξ
2553 2814 2719 2878 «ars;
2772 2817 3100 2888 γεννηθέντος
3153 2817 3247 2885 (³7),
3306 2819 3502 2887 κόσμον
3561 2815 3684 2868 ὅλον
3739 2815 3935 2886 50970-

2325 2908 2577 2966 νήσαντος
2629 2908 2718 2956 καὶ
2792 2905 3191 2977 οἰκειωσαμίνου
3255 2907 3345 2978 μὲν
3403 2904 3590 2976 ἑαυτῷ,
3669 2905 3933 2959 οἰκείωσι-

2326 2999 2478 3066 μένου
2507 2989 2567 3046 δε
2586 2997 2837 3065 γνησίους
2867 3003 2941 3065 τῷ
2966 2993 3204 3068 Ἀϐραάμ
3236 3010 3250 3060 ;

2402 3079 2528 3135 Εἶτα
2577 3086 2743 3158 πίτρα
2798 3085 3025 3154 πηγάζει
3073 3083 3152 3156 (8)
3198 3087 3287 3136 καὶ
3349 3084 3408 3135 τὸ
3464 3082 3620 3136 πλέον
3674 3093 3770 3137 τοῦ
3833 3085 3940 3137 θαύ-

2327 3191 2510 3245 ματος,
2571 3171 2652 3224 ὅτι
2741 3174 3122 3248 μεταφερομίνη
3193 3173 3376 3247 ῥεῖθρα
3443 3171 3730 3243 προϐάλλει
3796 3174 3940 3241 [κατὰ

2326 3264 2593 3332 ποταμοὺς
2652 3259 2893 3322 ἀεννάους
2945 3262 3023 3332 (9)
3079 3282 3092 3296 ο
3133 3263 3180 3314 οὶ
3239 3257 3298 3314 δὲ
3339 3265 3580 3314 πίνουσιν
3649 3262 3724 3325 εἰς
3779 3269 3938 3336 κόρεν,

2329 3345 2476 3420 δίψει
2533 3351 2811 3422 κάμνοντες
2879 3349 2928 3402 ἓν
2981 3346 3212 3425 ἀνύδρῳ.
3258 3355 3357 3402 Καὶ
3410 3352 3440 3407 ἡ
3506 3351 3680 3424 πέτρα
3743 3355 3936 3412 πάντως

2327 3437 2380 3501 ἑξ
2408 3440 2554 3512 ὅρους
2603 3440 2766 3490 τύπον
2831 3441 3048 3510 ἔχοντος
3103 3443 3195 3498 τὴν
3253 3441 3525 3510 παρθένον,
3595 3437 3655 3501 ἐξ
3700 3440 3767 3502 ἧς
3827 3448 3940 3513 Χρι-

2330 3530 2450 3590 στός
2482 3526 2774 3602 ἀκρόγωνος
2802 3526 2942 3590 λίθος
2999 3528 3113 3598 (10)
3161 3531 3250 3580 καὶ
3299 3528 3435 3589 ζωῆς
3497 3532 3692 3602 πέτρα,
3755 3533 3819 3581 τὸ

2329 3617 2601 3669 συνάπτων
2649 3617 2789 3688 ἡμᾶς
2857 3615 2957 3668 ἀπὸ
3046 3623 3179 3670 Θεοῦ
3236 3617 3623 3690 μακρυνθέντας
3685 3623 3782 3670 καὶ
3836 3637 3936 3669 ws,

2326 3703 2462 3777 ἔχων
2494 3705 2564 3768 εἰς
2627 3703 2827 3780 ἀρραγῆ
2885 3702 3199 3778 σύνδεσμον,
3257 3708 3316 3758 τὸ
3381 3701 3439 3758 δι
3505 3706 3747 3768 ποτίζων
3809 3704 3936 3778 ὕδωρ

2326 3791 2515 3858 ἀίδίως
2577 3793 2821 3856 ίκϐλύζον
2879 3799 2968 3848 καὶ
3024 3800 3094 3868 μή
3161 3813 3284 3848 ποτε
3334 3793 3607 3866 λήγουσαν
3661 3799 3809 3860 ζωήν
3860 3796 3938 3868 ἐρα

2326 3889 2589 3958 παρέχον.

2393 3977 2457 4026 Τί
2488 3976 2561 4026 ἔτι
2600 3989 2614 4030 :
2674 3980 2914 4026 πεινῶσιν
2981 3971 3028 4026 ἓν
3073 3972 3336 4048 ἐρημίαις,
3387 3977 3478 4026 καὶ
3525 3975 3704 4036 πάθος
3762 3979 3826 4028 τό
3860 3997 3943 4045 χα-

2321 4061 2610 4115 λεπώτατον
2647 4061 2768 4135 λιμό
2800 4061 2984 4123 αὐτοὺς
3041 4061 3423 4134 καταλαμϐάνει
3478 4082 3492 4096 ο
3553 4065 3607 4114 οἱ
3667 4060 3729 4117 δε
3797 4065 3939 4116 mila

2324 4155 2562 4226 φέρονται
2641 4153 2776 4204 κατὰ
2845 4154 3098 4218 Μωσέως,
3170 4147 3433 4224 μηδεμιᾶς
3500 4149 3773 4226 μηδαρῶς
3825 4149 3942 4224 μεῖ

2323 4240 2371 4294 ἕν
2402 4240 2577 4294 ἐλπίσι
2610 4248 2859 4313 μηχανῆς
2900 4245 3207 4314 φαινομένης
3249 4262 3261 4274 ο
3310 4263 3337 4291 ‹‹
3400 4241 3460 4293 Εἰ
3505 4243 3608 4314 γὰρ
3675 4241 3941 4304 ἓτταὲταξειΙ

2325 4334 2454 4402 φασὶ
2486 4351 2515 4380 ιι
2544 4333 2753 4404 πέτραν,
2793 4335 2882 4382 καὶ
2917 4325 3059 4404 ὕδωρ
3094 4327 3269 4404 ἐρρύη,
3324 4333 3396 4401 μὴ
3450 4334 3542 4381 καὶ
3585 4332 3751 4404 οῐρτον
3797 4328 3941 4383 δύνα-

2324 4437 2412 4470 ται
2441 4414 2753 4489 δούναιῌί)
2787 4435 2801 4486 ;
2837 4439 2864 4467 ›)
2898 4417 2956 4470 Ὀ
3013 4414 3062 4470 δ’
3110 4416 3210 4470 ἀπό
3261 4427 3362 4488 γῆς
3577 4419 3770 4480 αὐτοῖς
3831 4438 3938 4488 τρες

2327 4511 2423 4578 φήν
2478 4505 2572 4558 ούκ
2654 4510 2854 4578 ἤνεγκε,
2911 4510 3001 4558 καὶ
3048 4506 3195 4558 ταῦτ’
3270 4503 3377 4568 ἐξὸν
3441 4506 3646 4578 ἄρτους
3699 4511 3795 4558 καὶ
3841 4510 3938 4562 rei;

2323 4595 2499 4656 λίθους
2524 4597 2764 4667 γενέσθαι
2797 4594 2935 4665 (12),
2963 4601 3058 4655 τῆς
3099 4595 3261 4654 αὐτῆς
3289 4602 3361 4664 τῷ
3413 4598 3658 4667 προτέρῳ
3719 4597 3934 4666 eadem

2323 4687 2710 4759 μεταποιούσης
2761 4681 3022 4758 δυνάμεως
3079 4705 3092 4718 ·
3150 4685 3382 4757 ψωμίςει
3436 4680 3500 4736 δὲ
3548 4686 3710 4737 πόθεν
3745 4685 3806 4746 ἐς
3855 4685 3934 4735 εν-

2394 4899 2471 4968 (8)
2499 4897 2683 4968 Exod.
2716 4912 2853 4964 xvu,
2896 4900 2947 4952 6.

2393 4963 2468 5039 (9)
2504 4967 2650 5024 Psal.
2724 4963 2938 5032 LXXVII,
3005 4966 3380 5091 ίϐεέξὴὸγαγω
3434 4963 3586 5039 ὕδωρ
3649 4966 3705 5019 ἐκ

2395 5062 2412 5091 ι
2441 5057 2736 5091 κατηνανεν
2771 5059 2838 5091 ως
2874 5057 3136 5091 ποτααους
3170 5060 3199 5090 υ
3245 5057 3364 5091 ατα.

2320 5045 2412 5092 καὶ
2441 5043 2736 5110 κατήγαγεν
2771 5042 2838 5100 ὡς
2874 5043 3136 5110 ποταμούς
3170 5040 3364 5092 ὕδατα.

2387 5115 2503 5179 (to)
2531 5107 2797 5191 Christus
2834 5107 3206 5191 ἠκρογῲςνιαῐες
3241 5110 3437 5191 dictus
3471 5108 3590 5191 fuit
3614 5125 3745 5190 non
3769 5107 3937 5191 semel

2320 5181 2382 5238 in
2421 5180 2784 5254 apostolicis
2821 5179 3106 5253 epistolis.
3152 5181 3310 5238 Fons
3352 5179 3684 5236 locutionis
3737 5187 3830 5237 est
3889 5183 3934 5234 in

2321 5253 2473 5308 Isaia
2488 5253 2495 5254 “
2508 5267 2702 5308 xxvui.
2740 5256 2826 5308 t6.

2391 5322 2740 5396 (tt)_Psalm.
2773 5338 2991 5396 LXXVII,
3048 5327 3116 5379 20
3181 5341 3194 5378 :
3257 5320 3372 5396 ἕπει
3433 5320 3667 5396 ἐπάταξε
3718 5328 3924 5396 πέτραν,

2321 5399 2410 5447 καί
2463 5391 2958 5468 ἐρρυησανμῦδατα
3007 5398 3097 5468 καςι
3147 5393 3434 5468 χείμαρροι
3493 5391 3922 5453 καταλυσθὲσυ

2321 5471 2413 5540 μὴ,
2431 5461 2705 5540 κᾴἷηᾲρτον
2733 5461 3018 5540 υνήσεται
3057 5461 3249 5540 δοῦναι
3276 5483 3288 5540 ς

2395 5509 3448 5607 ζῖἷίιῑέέρὲᾶιῐ’ἔᾱ’ἕὲι-Βῖ’ἐείαηεε,
3515 5537 3721 5596 Matth.
3759 5553 3836 5604 ιγ,
3864 5539 3916 5590 3:

2323 5608 2433 5662 εἰπε
2463 5610 2547 5662 ἶνα
2582 5608 2794 5662 οίλίθοε
2815 5613 2958 5662 οῦτοι
2986 5608 3138 5682 ἄρτοι
3165 5611 3436 5680 γίνωνται.
