4050 6306
164 227 305 289 i505

1211 225 1302 284 DE
1349 224 1568 285 FESTO
1609 219 2059 284 DORMITIONIS
2099 224 2158 284 S.
2198 222 2459 285 MABUE.

3392 235 3412 290 Ι
3427 230 3528 290 306

153 359 348 431 ρανιῶν
417 355 588 429 τρέφει
641 353 739 426 (1),
801 348 989 406 ὲκεῖθεν
1049 344 1177 407 εἶναι
1252 347 1452 414 δεικνύς
1543 354 1633 405 καὶ
1701 351 1758 405 τὰ

1875 365 2011 425 quae
2040 351 2205 425 prius
2237 350 2446 410 effecta
2467 351 2721 410 fuerant.
2748 353 2814 412 Et
2834 350 2937 426 qui
2957 367 3144 427 panes
3169 367 3290 412 non
3331 353 3527 414 habe-

155 450 339 519 πρώην
400 442 697 518 τελούμενα.
759 447 861 496 Καὶ
927 444 976 496 οἰ
1028 451 1127 496 τῶν
1185 443 1354 518 ἄρτων
1415 440 1768 515 ἀπεγνωκότες

154 540 424 612 τρώγουσι
473 535 662 608 μάννα,
717 538 898 592 καινήν
956 553 1073 586 τινα
1140 538 1334 607 τροφήν
1426 537 1517 584 καὶ
1596 531 1766 604 πολλῷ

153 633 249 677 τοῦ
305 625 629 697 ζητουμένου
696 622 1038 700 τιμιωτίραν,
1102 621 1213 696 ἃμα
1270 619 1329 675 δε
1377 627 1466 674 καὶ
1526 623 1765 694 ἄφθονον,

153 719 248 768 καὶ
343 711 536 790 ῥᾳδίαν
611 719 746 766 πᾶσι
806 721 916 774 τοῖς
1015 712 1327 784 κομίζεσθαι
1411 710 1764 784 βουλομένοις.

156 786 354 857 Ἀνείτο
405 805 506 879 γὰρ
584 800 986 875 ἀπολαμϐάνειν,
1080 806 1152 874 μὴ
1217 801 1333 854 καθ’
1410 803 1530 854 ὅσον
1613 805 1766 873 μόνον

157 892 448 966 ἐπαρκέσαι
487 900 550 966 τῇ
601 897 763 964 χρείᾳ
819 889 948 944 ἀλλά
1009 896 1101 944 καὶ
1152 893 1388 967 περιττόν
1446 889 1586 963 ἐχειν
1641 895 1766 942 κτᾶ-

160 984 307 1050 σθαι,
360 982 404 1035 εἰ
449 986 539 1034 καὶ
595 981 758 1043 ἄλλως
827 977 889 1040 ἦν
982 985 1041 1033 τὸ
1119 988 1414 1055 περιττεῦον
1499 978 1757 1038 ἀνόνητον·

156 1075 328 1144 ἕτερον
391 1067 640 1130 δηλονότι
696 1072 872 1141 θαῦμα
925 1077 1218 1144 καταργοῦν
1287 1074 1378 1129 τὴν
1444 1068 1756 1136 ἀπληστίαν,

156 1161 271 1233 ἅμα
320 1157 378 1213 δε
434 1165 524 1212 καὶ
562 1164 657 1217 τὴν
715 1157 964 1211 ἀπιστίαν
1023 1155 1412 1234 διορθούμενον,
1464 1158 1506 1211 εἰ
1572 1161 1757 1211 τούτου

154 1251 320 1325 χάριν
343 1253 400 1302 τό
427 1248 578 1301 πλέον
618 1246 910 1316 ἀπετίθουν,
972 1249 1097 1300 ὣστ’
1151 1249 1299 1310 αὖθις
1348 1249 1510 1321 ἔχειν,
1565 1246 1760 1300 ἀπιλεί-

153 1357 340 1398 ποντος
386 1345 476 1390 τοῦ
529 1333 832 1410 διδομένου,
878 1345 950 1407 τῷ
995 1335 1307 1411 προλαϐόντι
1489 1337 1756 1411 χρῆσθαι,

153 1430 362 1499 καὶμὴ
414 1434 486 1498 τῷ
549 1433 874 1500 χορηγοῦντι
924 1425 1230 1500 θαρροῦντες
1309 1423 1442 1484 ἦσαν
1515 1425 1594 1478 ἀεὶ
1672 1429 1756 1477 καὶ

156 1514 420 1575 πλουσίως
480 1518 730 1586 παρέχειν
794 1509 1150 1586 διδυνημένῳ·
1201 1521 1315 1574 Τοῖς
1393 1516 1482 1587 μὲν
1559 1514 1648 1565 οὖν
1721 1514 1752 1571 ἡ

154 1601 364 1679 βρῶσις
416 1601 720 1676 ἐπεστήριξε
777 1604 871 1660 τήν
927 1599 1171 1677 καρδίαν,
1217 1606 1405 1676 μηκέτι
1458 1599 1755 1655 διαπιστεῖν

1874 442 2022 498 bant
2040 442 2562 501 manducaverunt
2579 459 2824 513 manna,
2847 459 3072 501 novum
3093 443 3406 518 quoddam
3427 446 3532 504 ali-

1874 535 2164 598 mentum,
2180 532 2370 590 multo
2386 549 2571 607 quam
2586 532 2973 606 postulabant
2987 534 3321 606 pretiosius,
3351 534 3532 594 simul

1876 619 2196 678 abundans
2225 627 2282 679 et
2319 622 2474 680 lectu
2503 622 2673 680 facile
2697 623 2789 679 his
2815 624 2919 697 qui
2947 622 3095 680 illub
3121 625 3528 698 requirebant.

1877 709 2114 767 Licebat
2150 711 2310 768 enim
2348 728 2655 769 assumere
2685 728 2808 769 non
2847 712 3042 770 solum
3090 717 3386 786 quantum
3423 729 3530 771 ne-

1875 800 2476 872 cessitatisuﬂlcerct,
2530 802 2638 858 sed
2685 806 2864 858 etiam
2922 802 3144 860 habere
3211 803 3377 876 quod
3433 820 3534 860 su-

1873 888 2171 960 perﬂuum
2203 890 2571 962 perderetur,
2612 890 2937 964 inutileque
2986 892 3065 947 ad
3107 907 3530 965 quemcunque

1872 993 2072 1034 usum.
2104 978 2366 1035 Alterum
2397 983 2552 1037 certe
2602 979 2687 1035 sic
2751 978 3090 1036 habebatur
3139 980 3529 1048 miraculum,

1870 1067 2035 1140 quod
2054 1068 2485 1125 excludebatur
2505 1067 2860 1126 insatiabilis
2885 1069 3246 1142 appetentia,
3273 1075 3330 1126 et
3351 1070 3530 1126 simul

1869 1157 2689 1228 corrigebaturincredulitas,
2712 1157 2859 1214 dum
2883 1159 2930 1213 si
2951 1163 3193 1232 propter
3209 1159 3529 1216 abundan-

1869 1245 2011 1301 tiam
2038 1245 2172 1317 plus
2203 1261 2390 1318 quam
2417 1245 2558 1303 satis
2588 1250 2714 1303 erat
2742 1245 3133 1316 colligeretur,
3169 1247 3247 1303 ad
3271 1263 3523 1304 servan-

1866 1333 2013 1390 dum
2040 1335 2098 1390 in
2130 1334 2417 1405 futurum,
2476 1335 2579 1400 sic,
2635 1335 2944 1392 deficiente
2998 1335 3202 1393 forsan
3244 1336 3526 1408 donante,

1866 1421 2166 1495 accipiens
2195 1423 2510 1489 frueretur,
2547 1439 2671 1480 non
2703 1422 2989 1497 possibile
3039 1425 3207 1493 foret,
3266 1425 3410 1499 quia
3445 1426 3528 1482 sic

1865 1526 1988 1567 non
2023 1511 2411 1568 conﬁdedant
2437 1513 2576 1569 duci
2604 1529 2715 1568 suo
2763 1513 2936 1585 quasi
2975 1529 3099 1570 non
3126 1513 3333 1571 valens
3372 1519 3529 1570 esset

1865 1601 1943 1656 ad
1991 1600 2265 1658 dandum
2295 1605 2352 1658 et
2385 1617 2623 1674 semper
2660 1607 2715 1658 et
2760 1601 3194 1659 adundantius.
3237 1603 3354 1659 Illis
3383 1619 3527 1674 ergo

153 1691 236 1745 ἐπ’
266 1688 441 1744 οῦδενὶ
495 1699 595 1743 τῶν
657 1689 884 1763 ἀπόρων,
943 1694 1012 1752 ὡς
1059 1691 1187 1764 ούχὶ
1237 1697 1512 1763 γενήσεται
1555 1693 1755 1752 τούτοις

1873 1689 2032 1746 cibus
2066 1689 2162 1746 ille
2203 1689 2554 1747 refocillavit
2590 1706 2713 1761 cor,
2753 1705 2829 1747 ne
2867 1691 3072 1749 animo
3114 1691 3530 1763 frangerentur

155 1779 530 1853 ἐπιστρέφουσι
576 1783 708 1856 πρὸς
753 1783 882 1833 Θεὸν
933 1785 1026 1833 καὶ
1097 1786 1325 1853 γνησίως
1410 1779 1754 1854 ἐπικαλουμέ-

152 1888 286 1938 νοις,
313 1871 450 1922 καθά
471 1865 711 1926 δηλονότι
764 1873 855 1921 καὶ
909 1877 1103 1930 Μωσῆς
1157 1869 1234 1940 (3)
1279 1871 1304 1921 ό
1365 1874 1522 1942 μέγας
1563 1868 1753 1922 ἐκείνου

158 1959 395 2032 Θεράπων
471 1961 681 2028 γνήσιος
742 1957 879 2028 αύτῷ
943 1962 1204 2032 γενόμενος
1255 1960 1385 2030 μετά
1455 1955 1755 2032 παρρησίας

154 2044 470 2113 ἐπεκαλεῖτο,
531 2050 621 2098 καὶ
680 2045 830 2098 πάντ’
881 2047 1020 2119 εἶχεν
1068 2047 1219 2110 εὐθὺς
1271 2046 1578 2100 ἀπαντῶντα
1625 2048 1755 2120 πρός

150 2138 249 2196 τὰς
275 2134 528 2196 αἰτήσεις·
563 2133 866 2211 ἐπεστήριξε
912 2133 963 2188 δ’
1009 2136 1199 2210 ὁμοίως
1241 2137 1299 2190 ού
1342 2140 1462 2198 τοὺς
1518 2137 1599 2209 (4)
1643 2140 1756 2189 τότε

150 2228 341 2296 μονόυς
387 2230 486 2275 τῶν
572 2221 874 2299 ἀνθρώπων,
960 2224 1088 2277 ἀλλά
1164 2230 1254 2278 καὶ
1340 2230 1455 2287 τοὺς
1533 2225 1755 2288 καθεξῆς

149 2313 388 2374 ἅπαντας
413 2317 512 2386 μὴ,
541 2317 612 2385 μὴ
647 2308 943 2366 διαπιστεῖν
973 2313 1216 2386 οὐμενοῦν
1257 2320 1322 2376 ὡς
1363 2314 1422 2368 ού
1462 2313 1755 2372 καταϐήσε-

150 2422 242 2455 ται
279 2405 408 2477 πρός
438 2401 576 2473 ἡμᾶς
605 2400 659 2464 ἐξ
689 2401 914 2476 οὐρανῶν
964 2404 1118 2479 οἶρτος
1173 2404 1310 2468 ζωῆς
1491 2409 1580 2458 καὶ
1633 2423 1753 2476 τρυ-

152 2500 258 2565 φῆς
278 2499 378 2544 τῶν
400 2491 618 2543 αἰωνίων
657 2497 937 2567 παρεκτικό
947 2513 987 2554 ς.

231 2673 329 2724 Καὶ
358 2667 428 2729 δὴ
477 2669 658 2723 λοιπόν
711 2672 740 2730 ἡ
783 2680 965 2744 χρυσῆ
1022 2673 1344 2726 καθίσταται
1391 2673 1618 2747 στάμνος
1667 2674 1756 2724 καὶ

153 2756 376 2832 δέχεται
404 2762 463 2813 τό
502 2762 668 2832 μάννα
707 2760 804 2833 (6),
863 2766 953 2814 καὶ
996 2767 1090 2820 τήν
1138 2763 1309 2815 εἰκόνα
1357 2769 1448 2816 τοῦ
1491 2761 1754 2836 μέλλοντος

152 2847 205 2902 ἐν
238 2849 392 2922 ἑαυτῇ
429 2848 678 2922 λάμπρῶς
709 2853 863 2923 φέρει.

231 2941 298 2990 Σύ
319 2934 379 2991 δέ
406 2957 498 3011 μοι
531 2942 620 2990 καὶ
671 2941 764 3001 τὰς
814 2939 1010 3001 πλάκας
1069 2937 1226 3013 βλέπε
1280 2943 1370 2993 καὶ
1425 2942 1511 2992 τόν
1568 2937 1616 2991 ἐν
1665 2938 1755 2992 αύο

1862 1779 1924 1835 in
1954 1794 2317 1852 quacunque
2339 1779 2740 1852 tribulatione,
2775 1780 3112 1838 difﬁdentes
3138 1797 3174 1838 a
3192 1783 3312 1838 Deo
3341 1797 3522 1839 exau-

1863 1867 1978 1925 diri
1994 1885 2133 1925 cum
2156 1874 2642 1926 converterentur
2658 1869 2735 1926 ad
2749 1874 2964 1927 eumut
2981 1874 3348 1940 invocarent,
3371 1873 3525 1928 sicut

1863 1961 2023 2015 certo
2056 1957 2326 2015 sciebant
2350 1959 2702 2016 exauditum
2731 1959 2914 2016 fuisse
2943 1963 3205 2032 Moysem
3235 1975 3521 2032 magnum

1863 2053 1921 2105 et
1943 2048 2276 2119 legitimum
2309 2049 2407 2105 Dei
2442 2065 2682 2106 servum
2714 2066 2852 2107 cum
2879 2049 2998 2106 ﬁde
3028 2050 3439 2123 postulantem
3463 2055 3523 2108 et

1863 2137 2264 2206 invocantem,
2295 2137 2399 2210 qui
2427 2142 2484 2194 et
2504 2139 2711 2195 omnia
2735 2139 2934 2196 statim
2959 2139 3216 2196 obtinuit
3239 2140 3410 2211 juxta
3429 2155 3528 2212 pe-

1864 2225 2119 2282 titiones.
2157 2227 2271 2284 Sed
2301 2231 2358 2282 ct
2383 2227 2466 2282 sic
2489 2226 2836 2285 refocillavit
2875 2243 3000 2284 non
3049 2231 3286 2284 tantum
3341 2228 3527 2284 corda

1863 2316 2172 2373 hominum
2203 2317 2307 2390 qui
2330 2321 2469 2373 tunc
2499 2323 2686 2386 erant,
2720 2333 2931 2375 omnes
2965 2323 3168 2376 autem
3199 2319 3378 2375 simul
3423 2334 3527 2374 eos

1862 2408 1966 2480 qui
1996 2411 2208 2480 postea
2241 2407 2379 2464 facti
2421 2413 2576 2476 sunt,
2625 2423 2701 2464 ne
2735 2409 2984 2466 omnino
3015 2407 3352 2465 difﬁderent
3379 2407 3527 2481 quin

1860 2503 2108 2572 propter
2127 2513 2240 2554 nos
2269 2497 2344 2554 de
2371 2498 2524 2556 creto
2551 2499 2788 2556 caderet
2808 2499 2983 2573 panis
3005 2499 3137 2556 vitae
3165 2504 3222 2556 et
3243 2499 3524 2572 volupta-

1861 2588 1935 2646 tis
1962 2591 2257 2660 praestans
2286 2592 2510 2645 aeterna
2530 2587 2714 2645 bona.

1933 2679 2224 2734 Craterum
2284 2677 2347 2733 in
2409 2676 2799 2734 tabernaculo
2833 2676 3096 2750 positum
3140 2677 3251 2736 fuit
3274 2694 3384 2736 vas
3417 2694 3524 2736 au-

1861 2781 2031 2824 reum
2062 2765 2375 2823 includens
2406 2782 2654 2836 manna,
2668 2766 2840 2840 ‘quod
2863 2767 2924 2824 in
2953 2783 3018 2824 se
3048 2767 3362 2841 splendide
3392 2782 3527 2840 pro-

1862 2854 1972 2912 fert
1999 2854 2330 2925 imaginem
2360 2854 2719 2912 futurorum.

1935 2943 2051 3001 Sed
2079 2958 2318 2999 mecum
2345 2943 2667 3000 considera
2695 2958 2900 3000 sacras
2929 2942 3199 3001 Tabulas
3232 2949 3289 3002 et
3317 2945 3379 3001 in
3411 2942 3524 3001 illis

154 3023 276 3087 ταῖς
306 3028 584 3101 θεόγραφον
605 3031 758 3101 νόμον
797 3034 872 3100 (7)
927 3033 1000 3098 μὴ
1061 3036 1172 3090 τοῖς
1222 3027 1369 3091 ἐκτός
1413 3033 1565 3102 μόνον
1625 3027 1751 3102 βοη-

1873 3032 2140 3105 seriptam
2170 3031 2365 3103 legem
2398 3033 2495 3086 Dei
2527 3031 2952 3100 viviﬁcantem,
2979 3023 3115 3106 quae
3159 3047 3283 3090 non
3324 3033 3523 3090 solum

157 3117 365 3180 θοῦντα,
425 3118 676 3189 σωμάτων
751 3120 938 3170 ὡσανεὶ
1020 3115 1419 3170 κινδυνευόντων
1495 3121 1753 3170 σωστικόν

153 3205 299 3271 ὄντα,
331 3204 457 3258 ἀλλά
481 3223 563 3258 τοι.
619 3209 708 3258 καὶ
757 3205 949 3279 ψυχῶν
1007 3205 1360 3280 ἐφικνούμενον
1417 3211 1506 3260 καὶ
1557 3203 1752 3260 παιδα-

152 3301 429 3367 γωγοῦντα
460 3297 671 3365 ταύτας,
720 3299 811 3348 καί
858 3314 915 3368 γε
975 3295 1232 3370 σφαλερᾶς
1278 3299 1456 3361 πάσης
1513 3297 1754 3370 εξαιρού-

149 3402 303 3457 μενον
333 3389 454 3460 περὶ
493 3392 626 3438 Θεοῦ
682 3380 866 3448 δόξης.
925 3385 1081 3438 Βλέπε
1149 3382 1216 3445 δὴ
1282 3394 1468 3457 ταῦτα,
1509 3390 1620 3453 καὶ,
1668 3389 1755 3438 τὸν

149 3479 272 3525 νοῦν
342 3479 452 3535 τοῖς
499 3475 774 3549 ὁρωμένοις
826 3474 990 3536 καλῶς
1032 3478 1311 3552 προσέχων
1377 3476 1602 3549 μάνθανε
1667 3478 1755 3527 τόν

149 3563 498 3616 ἐνυπόστατον
557 3562 708 3636 λόγον
767 3559 1008 3636 δακτύλῳ
1073 3572 1228 3633 Θεοῦ,
1285 3567 1539 3638 πνεύματι
1617 3566 1754 3636 θείῳ,

144 3658 217 3724 τῇ
276 3653 511 3725 παρθένῳ
561 3657 844 3728 γραφέντα,
901 3656 991 3706 καὶ
1051 3661 1151 3705 τῶν
1227 3659 1489 3727 πατρικῶν
1557 3653 1758 3706 κόλπων

149 3742 439 3794 κενωθέντα
487 3744 599 3815 μὶν,
655 3742 749 3794 οὐκ
801 3741 1100 3796 ἂποστόντα
1150 3739 1229 3810 δὲ,
1307 3747 1526 3816 μόνοντα
1595 3741 1647 3796 δ’
1711 3742 1760 3795 ἐν

153 3828 340 3892 αὐτοῖς
402 3835 491 3883 καὶ
556 3830 854 3904 πληροῦντα
932 3834 1121 3902 πάντα,
1192 3837 1438 3906 χωρητόν
1521 3834 1761 3904 γενέσθαι

155 3926 273 3979 τοῖς
319 3923 511 3993 μητρός
549 3919 777 3989 κόλποις,
825 3925 914 3974 καὶ
985 3928 1164 3973 τοῦτον
1253 3918 1320 3980 δὴ
1401 3925 1490 3974 τόν
1572 3927 1761 3997 τρόπον

160 4007 504 4061 ἐπανασῶσαι
555 4013 751 4083 κόσμον
814 4010 948 4081 ὅλον,
1028 4015 1118 4063 καὶ
1196 4009 1379 4083 ψυχὰς
1470 4012 1762 4086 ῥύσασθαι,

163 4095 381 4169 ἀγνοίας
407 4115 582 4151 σκότει
611 4103 700 4152 καὶ
732 4105 858 4171 σκιᾷ
883 4101 1104 4153 θανάτου
1130 4099 1208 4172 (8)
1247 4105 1619 4174 κατεχομένας.

241 4188 316 4241 Ού
346 4193 449 4262 μην
477 4188 604 4242 ἀλλά
643 4199 810 4243 ταῦτα
869 4195 971 4264 μὴν
1015 4194 1168 4243 οὕτω·
1227 4197 1316 4244 καὶ
1374 4192 1529 4254 οὑτως
1576 4191 1765 4247 ἀνωθεν

164 4279 235 4331 τά
293 4281 428 4331 κατά
482 4284 576 4338 τὴν
636 4282 886 4354 παρθένον
937 4287 1070 4334 Θεοῦ
1131 4285 1329 4354 μητέρα
1404 4277 1496 4334 διά
1569 4281 1764 4335 πολλῶν

162 4373 256 4420 καὶ
307 4367 537 4440 μεγάλων
583 4372 774 4428 ἥκοντα
824 4377 923 4421 τῶν
969 4367 1258 4442 συμϐόλων,
1332 4379 1578 4443 πανταχῆ
1626 4380 1765 4444 παρ-

161 4461 358 4530 έχοντα
400 4455 622 4532 δύναμιν
671 4460 949 4533 θαυμάτων
1006 4460 1276 4534 ὑπερφυῶν
1347 4461 1601 4535 εὑρήσεις,
1656 4462 1767 4534 ἅμα

163 4542 226 4599 δε
274 4551 362 4600 καὶ
421 4552 683 4620 σωτηρίαν
728 4567 829 4600 των
883 4547 1126 4620 ἐσχάτως
1176 4544 1597 4605 κινδυνευόντων.
1662 4557 1763 4606 Καὶ

159 4637 231 4688 τὰ
250 4634 406 4689 πλείω
457 4633 703 4699 διεξιέναι
754 4645 988 4711 παρῆκεν
1046 4639 1072 4690 ὁ
1121 4636 1290 4709 λόγος,
1339 4639 1419 4690 ὅτι
1473 4635 1612 4711 μηδὲ
1672 4643 1762 4693 πέ-

162 4743 293 4795 φυκε
315 4729 388 4798 μὴ
415 4729 494 4778 ὅτι
518 4745 578 4797 γε
608 4722 702 4778 διὰ
742 4727 947 4781 πάντων
1007 4726 1178 4798 (τοῦτο
1241 4729 1340 4803 γὰρ
1389 4731 1582 4790 παντὸς
1636 4728 1762 4801 μᾶλ-

158 4812 250 4866 λον
289 4810 588 4886 ἀδύνατον),
630 4811 755 4868 ἀλλὰ
803 4810 933 4888 μηδ’
985 4813 1058 4888 ἐφ’
1114 4817 1286 4868 ίκανόν
1338 4816 1505 4869 αὐτῶν
1558 4819 1763 4873 ἱκέσθαι

164 4901 478 4964 δυνηθῆναι-
544 4912 649 4965 πῶς
699 4905 993 4983 γάρ;ὃπου
1059 4923 1118 4976 γε
1158 4909 1248 4958 καὶ
1303 4913 1468 4959 ταῦτα
1533 4906 1600 4958 ὧν
1673 4906 1763 4981 ἀρ-

230 5149 318 5237 ’(1)
346 5147 487 5207 Vide
509 5151 693 5210 Exod.
717 5168 906 5210 xv1.—-—
936 5151 1166 5210 Deuter.
1205 5155 1322 5222 vm,
1347 5156 1377 5210 3
1405 5168 1416 5211 :
1443 5152 1678 5229 ἐψώμισέ
1705 5160 1764 5213 σέ

164 5241 353 5296 μαννα.

241 5295 318 5368 (2)
350 5296 406 5350 Β.
434 5293 804 5368 προσλαϐόντι.

263 5363 316 5433 3)
348 5371 406 5433 Β,
434 5363 680 5428 Νωῦσῆς,

263 5369 316 5433 3)
348 5371 406 5433 Β,
434 5372 680 5428 Νωῦσῆς,

237 5369 317 5507 (4)
341 5443 404 5510 β,
437 5438 624 5510 ὁμοίως
649 5435 854 5510 αύτούς.

239 5506 626 5589 (5)ξίοερεοιιι
647 5509 726 5567 ad
745 5510 918 5589 δοριξ.
956 5506 1157 5589 νι,,33
1204 5508 1406 5589 εσκὸ.
1452 5511 1551 5586 γὰρ
1601 5511 1758 5589 ἄρτος

165 5585 259 5633 τοῦ
289 5585 370 5634 Θῦ
424 5578 539 5634 στιν
587 5582 616 5634 ὁ
662 5580 988 5636 καταϐαίνων
1047 5578 1105 5634 ἔκ
1153 5578 1299 5634 εοτόῦ
1349 5578 1482 5661 οὐρα
1521 5578 1755 5658 ὀῦ,’καὶ

1862 3125 2101 3179 externe
2123 3120 2410 3178 auxilium
2425 3125 2686 3193 praestat,
2702 3120 2879 3194 quasi
2907 3121 3261 3194 corporibus
3289 3122 3350 3178 in
3374 3122 3525 3196 peri-

1864 3210 1998 3267 culo
2015 3209 2389 3267 versantibus
2412 3209 2664 3267 salutem
2677 3209 2959 3283 proferat,
2977 3211 3081 3268 sed
3094 3227 3230 3284 qua:
3251 3211 3430 3267 etiam
3444 3211 3525 3267 ad

1863 3300 2088 3357 animas
2110 3299 2341 3370 attingit.
2361 3303 2419 3356 et
2437 3298 2611 3355 docet
2631 3298 2782 3365 illas,
2799 3305 2856 3356 et
2873 3300 2951 3356 ab
2970 3300 3136 3358 omni
3156 3315 3316 3357 vana
3336 3299 3526 3371 gloria

1862 3392 2104 3446 revocat
2123 3388 2203 3444 ad
2235 3391 2442 3444 Deum.
2467 3390 2602 3444 Haec
2625 3388 2944 3446 considera
2972 3389 3367 3445 attentissimo
3406 3389 3530 3461 spi-

1863 3478 2002 3545 ritu,
2024 3477 2308 3550 disceque
2337 3492 2678 3534 sermonem
2710 3477 2896 3548 digito
2944 3477 3046 3534 Dei
3103 3476 3525 3535 subsistentem

1865 3567 2086 3641 Spiritu
2114 3568 2297 3639 Deijn
2322 3566 2555 3638 Virgine
2581 3566 2890 3641 scriptum,
2945 3583 2976 3624 e
3008 3568 3145 3624 sinu
3195 3568 3382 3625 Patris
3429 3584 3526 3624 ex-

1869 3661 2110 3714 euntem
2139 3656 2404 3730 quidem,
2434 3655 2540 3712 sed
2565 3671 2689 3712 non
2721 3657 3180 3730 relinquentem,
3217 3657 3320 3714 sed
3350 3657 3412 3714 in
3453 3672 3525 3714 eo

1867 3751 2212 3804 manentem
2231 3751 2287 3802 et
2297 3745 2626 3818 replentem
2639 3746 2866 3814 omnia,
2882 3751 3234 3802 contentum
3263 3745 3444 3802 simul
3464 3747 3526 3802 in

1871 3835 2006 3892 sinu
2033 3835 2248 3902 Matris,
2289 3838 2354 3891 ut
2387 3835 2469 3891 ita
2490 3834 2747 3890 salvaret
2767 3834 3119 3890 universum
3147 3833 3444 3899 mundum
3468 3837 3526 3890 et

1871 3925 2105 3982 animas
2124 3924 2402 3980 liberaret
2420 3938 2652 3979 mersas
2675 3923 2737 3978 in
2768 3922 3025 3979 tenebris
3047 3921 3263 3978 erroris
3281 3927 3338 3978 et
3360 3922 3526 3992 igno-

1871 4013 2080 4070 rantiae
2116 4017 2173 4069 et
2204 4012 2266 4067 in
2302 4011 2520 4067 umbra
2555 4011 2765 4067 mortis
2801 4010 3104 4067 sedentes.

1944 4192 2078 4246 Haec
2097 4191 2299 4246 autem
2321 4186 2474 4243 adeo
2497 4190 2636 4243 sunt
2654 4202 2818 4257 vera,
2840 4190 2905 4244 ut
2927 4187 2975 4243 si
3001 4203 3036 4244 a
3054 4185 3348 4260 principio
3363 4202 3527 4260 quae-

1871 4295 1972 4336 ras
2007 4295 2142 4352 quae
2174 4277 2248 4333 de
2283 4281 2466 4334 Mater
2483 4277 2585 4334 Dei
2605 4292 2712 4349 per
2732 4276 2922 4334 multa
2946 4282 3003 4334 et
3023 4276 3350 4348 singularia
3366 4294 3532 4351 sym-

1873 4367 2014 4425 bola
2030 4366 2459 4438 signiﬁcantur,
2484 4380 2722 4438 semper
2744 4370 2801 4422 et
2826 4364 3050 4438 ubique
3083 4365 3350 4422 invenies
3375 4366 3529 4422 ines-

1873 4472 1936 4513 se
1971 4457 2325 4529 potestatem
2359 4452 2729 4510 mirabilium
2764 4454 3310 4527 supernaturalium
3348 4453 3528 4511 simul

1874 4549 2053 4618 atque
2083 4541 2427 4600 salvationis
2455 4557 2664 4600 eorum
2699 4543 2804 4616 qui
2836 4542 2899 4599 in
2934 4543 3211 4600 extremis
3248 4543 3524 4616 periculis

1869 4638 2210 4692 versantur.
2243 4634 2311 4688 Et
2345 4647 2544 4688 sermo
2583 4631 2939 4705 plerumque
2973 4648 3112 4690 cum
3133 4633 3246 4690 ista
3264 4633 3528 4706 loquitur

1868 4723 2056 4797 liquet
2089 4726 2298 4795 aqtum
2336 4735 2460 4777 non
2489 4736 2616 4777 esse
2647 4735 2768 4777 non
2790 4721 2974 4779 modo
2995 4721 3073 4778 ad
3093 4722 3299 4778 omnia
3331 4720 3525 4793 expri.

1870 4811 2182 4881 mendum,
2195 4809 2361 4884 quod
2375 4810 2553 4883 plane
2566 4810 2937 4884 impossibile
2951 4815 3056 4877 est,
3073 4809 3179 4866 sed
3191 4825 3264 4866 ne
3285 4809 3525 4882 quidem

1871 4903 1950 4962 ad
1969 4901 2279 4976 quoddam
2307 4900 2729 4974 exponendum
2758 4900 2924 4972 quod
2949 4898 3292 4957 conveniret
3312 4913 3522 4956 earum

1872 5155 2011 5216 ζωὴν
2037 5148 2224 5214 διδοὺς
2273 5158 2348 5222 τῷ
2393 5155 2645 5222 κόσμῳ...
2695 5149 2820 5203 Birt:
2880 5144 2940 5202 δε
2969 5146 3149 5212 αὐτοῖς
3190 5149 3216 5202 ό
3261 5149 3463 5212 Ἰησοῦς
3501 5167 3518 5186 ο

1870 5225 1970 5300 ίγῴ
1995 5225 2101 5300 sia!
2128 5226 2155 5300 ἑ
2183 5225 2452 5300 ἀετοςῖῆς
2485 5223 2644 5300 Ms:

1960 5299 2014 5367 6)
2039 5291 2184 5351 'Vide
2213 5291 2398 5348 Exod.
2438 5306 2557 5367 xvi,
2587 5294 2675 5348 33.

1960 5299 2014 5367 6)
2045 5299 2184 5351 Vide
2213 5299 2398 5348 Exod.
2438 5306 2556 5359 xu,

1937 5299 2021 5439 (7)
2055 5365 2586 5439 νῡθυίθτοηηνζξβε

1937 5430 2013 5510 (8)
2044 5438 2344 5510 Frequens
2363 5430 2666 5510 _in'Bibliis
2694 5431 3071 5510 metaphora.
3111 5433 3276 5510 Psal.
3312 5433 3420 5498 cvi,
3454 5435 3522 5492 14

1867 5502 2115 5584 eti/575:7”
2142 5502 2326 5567 αύτούς
2355 5502 2412 5556 ἐκ
2436 5502 2655 5567 σκότους
2680 5508 2772 5558 καὶ
2803 5502 2951 5568 σκιᾶς
2992 5507 3231 5562 θανάτου.
