4050 6306
525 282 661 340 150³7

1849 256 2225 318 NICEPHORI
2261 256 2544 318 CHUMNI.

3755 270 3886 323 1508

515 419 746 461 rerum.
779 404 893 457 Nec
928 399 1172 455 mirum.
1219 398 1364 451 Cum
1398 409 1541 463 ergo
1565 392 1640 448 de
1658 388 1786 447 istis
1814 385 1998 442 modo
2019 381 2165 436 dixi-

2277 387 2398 445 τίως
2445 383 2794 462 ἐμνήσθημεν,
2855 390 2961 460 οὐχ
3016 389 3149 440 ὥστε
3201 391 3290 440 καὶ
3346 387 3501 459 ὀλίγα
3563 387 3620 440 ἐκ
3685 389 3886 440 πολλῶν

520 509 680 558 mus,
719 505 840 547 non
875 494 940 545 ut.
973 487 1257 561 quaedam
1290 483 1603 553 seligentes
1627 480 1778 535 inter
1803 474 1990 532 multa
2018 469 2164 561 deli-

517 582 663 637 bare
691 558 1493 636 narrando—conﬁderemus,
1538 569 1642 626 sed
1691 571 1753 622 ut
1782 558 2166 620 solummodo

519 687 626 742 per
659 669 1008 726 strictiorem
1035 665 1478 728 indicationem,
1511 661 1669 715 dicta
1689 670 1881 728 nuper
1919 653 2165 707 demon-

519 763 865 822 straremus,
891 756 1110 810 scilicet
1130 753 1420 809 salutares
1452 766 1582 805 esse
1606 760 1841 817 semper
1863 747 1916 797 et
1939 739 2164 810 ubique

517 848 744 916 ﬁguras
781 850 837 901 et
870 846 1118 900 umbras
1157 857 1367 898 eorum
1393 856 1528 913 quae
1550 841 1759 910 postea
1780 833 2010 902 absque
2034 826 2164 881 velo

517 937 592 992 de
627 936 858 1004 Virgine
889 934 1147 989 revelata
1181 937 1237 986 et
1271 937 1515 985 ostensa
1549 927 1804 982 fuerunt.
1846 925 2164 989 Postquam

516 1027 676 1080 enim
731 1024 1070 1094 adimpletae
1111 1025 1250 1075 sunt
1283 1020 1490 1086 ﬁgurae
1528 1021 1586 1071 et
1633 1012 1862 1068 umbrae
1897 1004 2164 1094 depulsae

517 1114 855 1184 veritasque
894 1093 1044 1166 inter
1081 1108 1357 1164 homines
1394 1106 1619 1160 sincere
1654 1101 1861 1162 illuxrt,
1909 1093 2164 1162 gloriam

517 1201 772 1256 aiferens
809 1199 1030 1267 Virgini
1067 1214 1201 1268 quae
1239 1195 1557 1268 splendore
1594 1207 1705 1246 suo
1735 1189 1918 1244 caelos
1954 1196 2167 1240 omnes

516 1289 1213 1359 obscurat,caelestesque
1225 1291 1471 1340 cunctas
1487 1281 1783 1337 claritates
1796 1278 1974 1344 longe
1985 1271 2170 1328 vincit

517 1384 695 1452 atque
750 1379 884 1449 ipsa
912 1376 1221 1447 Seraphim
1260 1378 1315 1429 et
1352 1371 1674 1428 Cherubim
1711 1375 1970 1440 superat,
2024 1361 2166 1452 quis

520 1450 719 1522 sermo
754 1465 845 1521 vel
876 1481 1010 1537 quze
1040 1464 1250 1531 lingua
1278 1467 1362 1517 tot
1393 1466 1450 1516 et
1475 1464 1776 1514 tantorum
1803 1450 2168 1508 mirabilium

515 1559 731 1626 poterit
766 1567 1063 1625 exponere
1096 1549 1527 1622 plenitudinem
1559 1547 1588 1600 ?
1616 1548 1734 1614 Ego
1761 1543 1936 1613 igitur
1963 1552 2173 1626 vereor

517 1623 593 1696 ne
617 1657 799 1713 paena
823 1623 1045 1708 dignus
1063 1639 1352 1701 inveniar,
1381 1636 1485 1706 qui
1509 1649 1628 1689 non
1649 1633 1772 1702 jam
1797 1643 2046 1685 manum
2067 1623 2170 1680 sed

2274 472 2415 542 ἡμᾶς
2475 473 2882 548 ἀπολεξαμένους
2943 474 3090 545 ἐρεῖν,
3151 479 3338 528 τούτου
3386 479 3553 548 χάριν
3614 479 3882 549 ἐμνήσθην

2272 579 2382 630 μεν,
2423 560 2530 614 ἀλλ’
2567 566 2701 617 ὥστε
2752 571 2907 636 μόνον
2952 566 3215 636 ἅψασθαι,
3270 570 3360 616 xui.
3407 570 3466 616 τὸ
3504 565 3698 637 λιχθὶν
3756 569 3878 618 ὑπο-

2274 645 2462 722 δεῖξαι,
2535 657 2793 716 σώζοντας
2852 653 2982 707 εἶναι
3029 651 3272 712 δηλονότι
3323 662 3606 726 πανταχοῦ
3649 660 3772 716 τούς
3800 661 3884 706 τύ-

2271 758 2420 804 πους,
2453 745 2668 804 καὶτὰς
2697 747 2846 804 σκιὰς
2898 753 2997 796 τῶν
3052 743 3269 816 ὕστερον
3320 743 3403 796 ἐπὶ
3469 752 3568 804 τῆς
3618 747 3877 818 παρθένον

2273 823 2413 898 δίχα
2463 835 2652 893 παντὸς
2717 831 3140 904 ἕπικαλύμματος
3204 832 3449 906 λαμπρῶς
3499 831 3872 903 ἐκφωσθέντυν.

2274 917 2417 972 Ἐπεὶ
2489 917 2539 973 δ’
2590 925 2639 974 οἱ
2684 925 2840 974 τύποι
2935 923 3200 995 παρῆλθον
3266 929 3354 974 xui
3422 923 3791 998 ὑπεχώρησαν
3839 943 3869 974 ι

2276 1014 2442 1076 σκιαὶ,
2497 1015 2587 1062 καὶ
2641 1013 2884 1083 καθαρῶς
2935 1014 2965 1069 η
3027 1011 3245 1070 ἀλήθεια
3300 1015 3501 1082 γέγονεν
3566 1010 3616 1062 ἰν
3690 1011 3876 1082 ὥνθρω-

2271 1116 2410 1164 ποις,
2480 1096 2637 1161 δόξαν
2691 1105 2918 1172 φέρουσα
2980 1109 3042 1172 τῇ
3094 1103 3330 1174 παρθένῳ
3383 1103 3582 1160 πάντας
3636 1101 3881 1173 cipue);

2275 1187 2711 1261 ἀποκρύπτουσαν
2814 1196 2904 1243 καὶ
2990 1189 3503 1265 ύπεραναϐαίνουσαν
3603 1194 3700 1252 μὲν
3797 1193 3880 1248 τὰς

2921 1279 3056 1331 αύτὰ
3125 1277 3184 1331 δε
3258 1280 3336 1348 (1)
3409 1281 3644 1331 κάτωθεν
3705 1279 3882 1337 ἑαυτῆς

2277 1372 2504 1438 Σεραφὶμ
2576 1372 2665 1418 καὶ
2746 1367 3013 1442 Χερουϐὶμ
3067 1367 3327 1440 ἀφιεῖσαν,
3387 1374 3461 1429 τίς
3529 1368 3591 1419 ἂν
3658 1368 3816 1438 λόγος
3853 1371 3880 1424 ἦ

2277 1460 2404 1506 ποία
2459 1455 2679 1526 γλῶσσα
2741 1465 2840 1509 τῶν
2897 1460 3157 1510 τοσούτων
3206 1463 3295 1509 καὶ
3350 1460 3596 1510 τοιούτων
3665 1457 3887 1530 ἀπείρων

2279 1549 2362 1594 καὶ
2449 1553 2674 1617 φρικτῶν
2720 1548 2994 1618 θαυμάτων
3051 1543 3414 1618 ἐκδιηγεῖσθαι
3465 1550 3890 1618 κατισχύςοιτᾶ

2279 1631 2452 1689 πλήθη
2488 1649 2501 1699 ;
2535 1634 2665 1705 Ἐγὼ
2695 1638 2784 1705 μὲν
2815 1635 2902 1686 οὗν
2935 1631 3155 1688 δέδοικα
3181 1640 3253 1707 μή
3279 1640 3404 1688 ποτε
3441 1654 3536 1707 μοι
3589 1642 3691 1688 καὶ
3743 1645 3891 1687 τοῦτο

2277 1279 2380 1328 sive.)
2458 1277 2842 1350 λαμπρότητας,

515 1732 757 1802 impura
777 1728 938 1784 labia
963 1732 1039 1784 ad
1060 1742 1263 1782 arcam
1283 1729 1399 1780 Deo
1417 1723 1658 1796 plenam
1672 1718 2062 1779 admoverim,
2076 1729 2165 1768 ve-

2281 1723 2582 1796 κατάκριμα
2651 1728 2852 1794 γένοιτο
2939 1729 3086 1797 φέρον
3153 1725 3386 1790 εὐθύνην,
3456 1725 3523 1792 εἰ,
3592 1730 3674 1796 μή
3738 1730 3891 1796 χερσί

516 1819 658 1876 teris
688 1818 842 1874 illius
862 1817 1133 1873 miraculi
1163 1815 1473 1871 iteratione
1501 1812 1643 1867 mihi
1662 1808 1988 1881 proposita,
2007 1803 2172 1876 quod

515 1923 792 1964 monerer
813 1905 1114 1978 prohiberi
1135 1921 1238 1960 eos
1259 1904 1363 1976 qui
1382 1897 1513 1958 non'
1532 1907 1670 1956 sunt
1700 1898 1930 1970 absque
1963 1910 2176 1950 macu-

514 1999 594 2064 la,
620 2013 694 2053 ne
714 1997 980 2053 audeant
994 1995 1278 2051 accedere
1296 1993 1385 2049 vel
1404 1991 1480 2048 ad
1503 1990 1752 2046 umbras
1778 2002 1927 2042 arcae
1948 2003 1959 2036 :
1983 1989 2042 2039 et
2060 1984 2174 2039 hoc

472 2142 478 2149 ,
518 2102 555 2142 a
584 2089 702 2141 Deo
733 2086 863 2156 ipso
888 2084 1037 2139 mihi
1068 2081 1321 2138 videbar
1357 2080 1565 2136 audire
1605 2095 1617 2132 ε
1660 2099 1686 2128 ‹‹
1719 2078 1913 2141 Quare
1942 2077 1998 2128 te
2033 2087 2172 2126 cum

516 2176 723 2232 sordes
772 2189 893 2230 non
929 2171 1352 2245 expurgaveris
1407 2167 1648 2225 salutari
1700 2164 1982 2226 carbone,
2021 2161 2175 2215 sicut

516 2264 653 2320 fecit
679 2263 878 2328 Isaias,
907 2276 1103 2334 neque
1125 2260 1394 2332 linguam
1421 2257 1704 2313 exemeris
1735 2251 2000 2324 pondere
2036 2264 2171 2304 ma-

516 2352 712 2408 lorum
747 2367 883 2424 qua:
918 2366 990 2406 ea
1023 2349 1312 2416 irretiunt,
1350 2345 1645 2402 mirabilia
1701 2341 1957 2396 sustines
1993 2352 2172 2394 enar-

518 2457 648 2496 rare
683 2442 904 2512 quibus
936 2438 1134 2509 impar
1167 2441 1258 2492 est
1291 2435 1470 2491 etiam
1529 2431 1881 2501 angelorum
1933 2432 2171 2494 natura,

517 2546 652 2603 quae
687 2531 873 2585 haeret
905 2544 1029 2600 prae
1064 2525 1422 2596 ignorantia,
1471 2521 1804 2590 intelligens
1867 2516 2169 2573 celsitudi-

516 2635 658 2676 nem
693 2621 721 2674 ?
756 2640 784 2666 »

586 2797 685 2852 His
702 2795 934 2850 territus
964 2791 1444 2862 cogitationibus,
1460 2803 1582 2844 non
1609 2801 1861 2859 possum
1885 2782 2038 2838 ultra
2063 2797 2167 2838 ac-

514 2885 746 2942 cedere.
779 2883 892 2939 Sed
917 2898 1056 2938 cum
1091 2896 1128 2936 a
1164 2887 1217 2937 te
1239 2879 1506 2935 salvatus
1538 2878 1672 2941 sim,
1706 2891 1742 2931 o
1780 2877 1957 2929 Mater
1990 2871 2106 2927 Dei.
2133 2887 2168 2926 a

513 2974 731 3030 tedum
764 2971 1104 3037 ceciderim,
1145 2975 1396 3036 erectus,
1426 2967 1569 3021 dum
1603 2965 1866 3033 frangor,
1893 2959 2164 3020 refectus.

512 3060 810 3134 numquid
845 3059 1090 3116 tandem
1117 3058 1392 3113 virtutem
1443 3054 1734 3110 sermonis
1793 3051 2068 3121 adeptus,
2113 3053 2170 3103 et
2197 3084 2237 3139 Ο

513 3150 849 3223 quamdam
883 3149 1145 3204 emittere
1176 3161 1387 3202 vocem
1425 3143 1776 3216 permissus,
1808 3155 1931 3194 non
1961 3143 2168 3210 potero

513 3238 721 3294 conari
749 3243 813 3292 ut
841 3237 1056 3307 loquar
1079 3234 1108 3288 ?
1131 3235 1364 3290 Minime
1396 3247 1538 3304 ergo
1568 3229 1777 3287 tacebo
1813 3226 2167 3298 mysterium

515 3328 744 3396 salutis,
781 3326 885 3382 sed
912 3330 978 3380 ut
1010 3323 1206 3379 licebit
1230 3321 1532 3378 eructabo.

587 3505 704 3557 Nos
739 3499 855 3554 sub
883 3500 1034 3567 jugo
1061 3513 1170 3552 suo
1206 3511 1410 3551 servos
1439 3493 1678 3551 tenebat
1706 3492 1800 3548 ille
1822 3507 1924 3564 qm
1952 3505 1988 3546 a
2009 3490 2166 3561 prin-

515 3591 672 3664 cipio
707 3588 926 3644 erravit
957 3592 1015 3642 et
1051 3585 1406 3658 apostatavit
1439 3599 1475 3639 a
1521 3587 1655 3645 Deo,
1693 3596 1925 3652 nosque
1961 3580 2164 3649 gloriae

512 3680 644 3751 ejus
670 3693 706 3733 a
719 3693 841 3750 qua
854 3672 1399 3731 deciditetavulsus
1412 3668 2020 3726 esthmredesfuturos
2043 3674 2165 3723 ten-

512 3765 834 3824 tationibus
869 3763 1224 3831 lacessebat,
1268 3765 1510 3833 propter
1547 3759 1834 3829 antiquan
1892 3757 2163 3813 rebellio-

511 3873 652 3912 nem
682 3854 1080 3928 inipassiones
1111 3867 1222 3906 nos
1251 3849 1633 3922 praecipitans
1655 3847 1829 3918 quasi
1861 3845 2163 3916 compedi-

507 3944 626 4001 bus
660 3944 959 3999 vinciebat
986 3937 1517 3999 inextricabilibus,
1572 3951 1647 3991 ne
1677 3937 1890 3991 iterum
1927 3935 2006 3990 ab
2034 3934 2164 4004 ejus

511 4033 826 4106 tyrannide
851 4031 1104 4096 liberati,
1130 4043 1448 4100 possemus
1470 4026 1548 4082 ad
1581 4025 1885 4080 Dominum
1909 4023 2163 4092 regredi,

510 4127 586 4188 et,
613 4127 801 4176 morte
819 4119 992 4174 nobis
1017 4133 1124 4189 pro
1147 4116 1395 4172 custode
1419 4115 1757 4184 constituta,
1783 4114 1842 4168 in
1864 4113 2162 4168 infernum

509 4208 840 4264 includeret
882 4213 938 4261 et
995 4204 1321 4260 custodiret
1371 4202 1484 4258 sub
1523 4201 1707 4274 portis
1759 4199 2160 4255 tenebrarum.

511 4299 630 4352 Nos
662 4311 800 4350 vero
822 4294 952 4364 ejus
971 4293 1284 4364 potestatis
1309 4291 1631 4363 tyrannicae
1646 4289 1811 4344 triste
1825 4291 2160 4355 servientes,

509 4399 706 4454 neque
733 4382 911 4438 tantis
932 4382 991 4436 in
1013 4382 1229 4453 quibus
1253 4380 1644 4435 versabamur
1684 4377 1856 4432 malis
1883 4377 2158 4449 permoti,

513 4471 933 4542 gaudebamus
952 4470 1026 4525 de
1046 4471 1240 4536 ruina,
1266 4469 1672 4539 gloriabamur
1696 4469 1756 4523 in
1776 4467 2160 4538 passionibus

512 4576 648 4633 quae
668 4575 779 4615 nos
801 4559 878 4615 ad
896 4565 1151 4614 mortem
1170 4573 1360 4630 usque
1384 4558 1716 4622 trahebant,
1744 4561 1986 4628 propter
2007 4571 2162 4610 erro-

509 4665 638 4705 rem
669 4653 725 4704 et
751 4653 977 4704 tantam
1009 4645 1401 4716 dejectionem
1441 4645 1850 4700 misericordia
1877 4643 2062 4713 digni.
2097 4645 2164 4698 Et

510 4739 722 4812 quales
751 4743 920 4794 erant
940 4735 1044 4808 qui
1076 4735 1214 4791 talia
1241 4735 1620 4806 patiebantur
1649 4736 1676 4788 ‘I
1709 4734 2034 4805 imaginem
2065 4734 2163 4788 Dei

511 4833 805 4900 gerentes,
838 4826 1168 4883 miserrime
1195 4825 1462 4895 jacentes
1491 4824 1551 4878 in
1605 4824 1883 4878 servitute
1940 4828 1997 4878 et
2049 4822 2162 4878 sub

509 4916 825 4989 tyrannide
855 4914 1100 4981 inimici,
1129 4911 1565 4983 miserrimique
1597 4912 1794 4980 magis
1817 4910 2161 4982 propterin-

510 5005 977 5069 sensibilitatem,
1011 5003 1176 5075 quia,
1202 5002 1498 5057 factorem
1539 4999 1902 5064 deserentes,
1934 4998 2162 5070 seipsos

511 5091 667 5150 hosti
695 5092 1032 5158 tradebant,
1054 5089 1158 5162 qui
1178 5105 1366 5146 manu
1393 5088 1548 5144 dura
1570 5092 1798 5156 tenens,
1849 5091 2163 5159 sequentes

579 5362 667 5447 (1).
700 5359 882 5449 Codd.
917 5354 1132 5449 αιξτοξὸλε.
1157 5367 1218 5426 In
1253 5366 1300 5426 Α
1331 5357 1656 5449 praesertim
1707 5353 2048 5449 conjunctio
2101 5349 2160 5425 δὲ

509 5440 737 5580 ιξὲἒῗξέι
753 5439 832 5495 ad
851 5440 1260 5497 encliticarum
1276 5439 1526 5498 modum
1541 5448 1630 5497 est
1640 5439 1882 5514 scripta,
1908 5449 2158 5500 accentu

505 5525 1008 5664 reﬁgmroussus
1035 5586 1122 5640 est
1143 5597 1182 5643 ο.
1196 5584 1316 5642 Deo
1337 5583 1484 5656 01a,
1505 5582 1675 5656 quod
1692 5599 1898 5644 arcam
1915 5582 2156 5641 fcederis

2280 1816 2454 1881 μόνον,
2488 1810 2614 1862 ἀλλὰ
2652 1817 2742 1864 καὶ
2770 1813 3003 1884 χείλεσιν
3031 1813 3270 1884 ἀνάγνοις
3325 1822 3388 1885 τῇ
3445 1810 3701 1885 θεοδόχῳ
3743 1823 3890 1886 προσ-

2281 1917 2387 1970 ειμι
2472 1899 2696 1971 κιϐωτῷ,
2780 1900 3041 1976 πόρρωθεν
3116 1902 3268 1963 αὖθις
3349 1901 3524 1976 ἐτέρου
3631 1904 3899 1974 θαύματος

2281 1985 2629 2053 ἀπειλοῦντος,
2663 1989 2774 2061 ἅμα
2800 1986 2860 2042 δε
2912 1995 3002 2042 καὶ
3039 1988 3371 2064 ἀπείργοντος
3434 1999 3537 2042 τῶν
3611 1996 3694 2062 μή
3740 1994 3895 2043 καθαο

2278 2084 2380 2150 ρῶν
2451 2073 2654 2148 μηδένα
2732 2077 2925 2150 τολμᾷν
3008 2081 3408 2152 προσάπτεσθαι
3471 2076 3621 2150 μηδὲ
3691 2089 3794 2142 τῆς
3855 2080 3899 2131 ἐι

2279 2172 2391 2238 τρῖς
2423 2173 2595 2226 σκιαῖς
2621 2165 2846 2218 κιϐωτού
2877 2168 2956 2236 (2)
3009 2187 3021 2199 -
3076 2165 3278 2219 κάκεῖνο
3327 2175 3420 2219 τοῦ
3473 2175 3617 2220 Θεοῦ
3678 2165 3900 2230 δικαίως

2968 2279 2993 2304 (ι
3015 2251 3127 2308 Ἵνα
3182 2261 3234 2307 τί
3286 2259 3371 2322 σύ,
3439 2262 3576 2328 μήτε
3616 2260 3895 2330 καθαρσιω

2277 2351 2376 2394 τῶν
2428 2344 2604 2416 ῥύπων
2672 2347 3009 2416 χρησάμενος
3063 2346 3304 2417 ἄνθρακι,
3358 2346 3476 2398 καθ’
3526 2345 3765 2398 Ἠσαῖαν
3821 2349 3893 2413 {3)

2279 2433 2420 2489 ἴσως,
2445 2436 2570 2501 μήτε
2597 2435 2691 2488 τὴν
2750 2430 3012 2500 γλῶττταν
3071 2430 3206 2493 ἀνεὶς
3263 2439 3354 2483 τοῦ
3411 2435 3748 2504 ἐπικειμένου
3804 2432 3892 2505 βά-

2275 2536 2397 2588 ρους

2275 2610 2404 2678 πρός
2457 2605 2492 2656 ἃ
2535 2603 2665 2678 μηδ’
2725 2606 2952 2677 ἀγγελῶν
3003 2605 3206 2680 ἐξαρκεῖ
3266 2610 3418 2680 φύσις
3475 2625 3490 2673 ;
3553 2607 3750 2681 ἀπορεί
3808 2630 3886 2660 και

2273 2697 2375 2766 γὰρ
2398 2693 2529 2751 αὕτη
2562 2703 2892 2747 κατανοοῦσα
2919 2698 2978 2747 τὸ
3008 2698 3238 2768 μέγεθος.
3271 2713 3302 2748 ›

2345 2784 2550 2833 Τούτων
2603 2801 2666 2854 με
2719 2782 3012 2854 φοϐούντων
3099 2793 3198 2836 τῶν
3271 2784 3560 2856 λογισμων,
3622 2785 3722 2838 οὐκ
3784 2791 3886 2857 ἔχω

2274 2868 2569 2943 προσϐῆναι
2629 2878 2737 2922 τοῖν
2785 2870 2988 2943 ἐφεξης.
3051 2872 3210 2939 Πλὴν,
3265 2875 3344 2925 ὃτι
3405 2869 3502 2925 διὰ
3563 2883 3666 2926 σοῦ
3717 2881 3885 2928 σεσω-

2277 2978 2430 3029 σμαι,
2456 2967 2620 3034 μῆτερ
2678 2967 2835 3028 Θεοῦ,
2889 2965 2980 3012 καὶ
3022 2966 3194 3014 πεσὼν
3262 2960 3601 3035 ἀνωρθώθην,
3675 2971 3768 3016 καὶ
3800 2983 3888 3016 σύν

2276 3045 2468 3120 τριϐεὶς
2525 3045 2945 3120 ἀναπεπλασμαι,
3027 3056 3135 3108 πῶς
3187 3048 3248 3100 ἂν
3304 3048 3449 3120 ὅλως,
3511 3049 3676 3122 λόγου
3739 3048 3890 3103 δύνει

2280 2253 2568 2326 ἀκούσαιμι
2631 2255 2862 2326 λέγοντος
2904 2277 2916 2288 ·

2491 2526 2590 2568 τῶν
2670 2515 2966 2570 πεδούντων
3040 2528 3234 2580 κακῶν,
3302 2515 3523 2591 ἐκδιηγῇ
3588 2523 3888 2592 θαυμάσια,

2275 3155 2362 3208 μιν
2401 3138 2538 3207 ἔχων
2568 3141 2657 3188 καὶ
2719 3142 2886 3208 φωνην
2943 3156 3060 3189 τινα
3122 3135 3404 3210 δυνάμενος
3461 3136 3699 3210 ἀφιέναι,
3769 3140 3885 3192 ἄλλο

2275 3245 2324 3276 τι
2411 3221 2780 3296 σπουδάσαιμι
2823 3229 2923 3298 πρὸ
2993 3232 3085 3278 τοῦ
3137 3235 3305 3278 ταῦτα
3345 3229 3623 3300 κηρύττειν
3656 3245 3672 3292 ;
3704 3231 3887 3280 οὔκουν

2274 3310 2398 3366 οὐδε
2468 3320 2555 3366 τόν
2626 3322 2717 3375 τῆς
2769 3319 3032 3387 σωτηρίας
3083 3321 3424 3387 σιωπήσομαι
3474 3321 3698 3389 τρόπον,

2274 3406 2343 3464 ὡς
2381 3407 2509 3471 ενόν,
2543 3405 2675 3475 ύμνη
2687 3422 2781 3460 σω,

2343 3488 2473 3563 Εἶχε
2527 3495 2618 3564 μὲν
2698 3494 2837 3564 ἡμᾶς
2886 3489 3281 3565 δουλωσάμενος
3326 3494 3353 3544 ό
3403 3499 3496 3545 καὶ
3539 3498 3644 3552 τὴν
3704 3495 3882 3568 ἀρχην

2271 3580 2533 3641 πλανήσας
2557 3585 2646 3633 καὶ
2684 3580 2988 3640 ἀποστήσας
3029 3589 3182 3647 Θεοῦ,
3231 3587 3322 3634 xui
3369 3579 3526 3645 δόξης
3749 3584 3881 3638 ἑκεί-

2270 3691 2364 3733 νης
2445 3673 2558 3723 ὅθεν
2632 3671 2780 3731 αὐτὸς
2866 3670 3131 3732 ἐκϐληθεὶς
3208 3670 3459 3746 ἀπερρίφη
3538 3672 3885 3747 κληρονομν

2270 3759 2544 3831 μελλοντας
2597 3757 2646 3810 ἐν
2695 3766 2960 3831 μηχαναῖς
3010 3759 3370 3832 ἀπωσάμενος,
3420 3764 3547 3832 πρὸς
3615 3757 3670 3813 δ’
3711 3762 3885 3834 ἐσχά-

2271 3867 2366 3908 της
2432 3846 2645 3919 ἀτιμίας
2699 3849 2842 3905 πάθη
2891 3854 3228 3919 κατενεγκὼν,
3289 3854 3380 3900 xui.
3435 3847 3582 3920 εἶχεν
3635 3850 3888 3922 ἀφύκτοις

2271 3939 2455 3989 ωσονεὶ
2519 3933 2705 3998 πέδαις
2783 3933 3078 4008 δεσμεύσας
3159 3940 3224 3997 ὡς
3287 3933 3416 4008 μηδ’
3497 3941 3648 4008 ἔχειν
3744 3945 3888 4000 αὐθις

2273 4028 2430 4097 ἡμᾶς,
2480 4024 2778 4086 ἑκλυθίντας
2836 4032 2932 4085 τῆς
2995 4024 3155 4077 αύτου
3206 4022 3546 4099 πυραννίδος,
3617 4033 3752 4102 πρὸς
3804 4050 3887 4083 τοι

3869 3362 3885 3388 1

2275 4111 2535 4170 δεσπότην
2623 4111 2961 4184 ἀναδραμεῖν,
3024 4119 3115 4166 xui.
3167 4115 3381 4166 θάνατον
3438 4117 3568 4186 ἡμῖν
3626 4116 3886 4176 ἐπέστητε

2273 4203 2496 4270 φύλακα,
2535 4207 2626 4254 καὶ
2653 4201 2916 4276 καθεῖρξεν
2985 4200 3032 4254 ἓν
3100 4199 3233 4273 ᾅδου
3282 4208 3372 4255 xui.
3418 4204 3615 4265 πύλαις
3665 4214 3882 4269 σκότους

2273 4291 2723 4362 κατησφαλίσατο.
2787 4296 2887 4343 Καὶ
2970 4292 3121 4363 ἠμεις
3178 4288 3302 4361 ἦμεν
3485 4296 3684 4347 τούτου
3734 4294 3884 4349 δυνα-

2276 4385 2421 4452 στείᾳ
2504 4384 2589 4431 xui
2653 4375 2922 4452 τυραννίδι
2979 4375 3324 4450 δουλεύοντες,
3385 4377 3520 4451 μηδ’
3581 4385 3759 4437 αὐτῶν
3824 4383 3880 4443 δὴ

2273 4472 2464 4522 τούτων
2533 4467 2582 4520 ἐν
2649 4469 2721 4528 οἷς
2785 4466 2935 4539 ἐσμεν
2996 4464 3237 4524 δηλονότι
3280 4477 3434 4520 κακοῖ
3484 4470 3879 4546 αἰσθανόμῡοι,

2269 4565 2329 4629 τῇ
2398 4553 2445 4608 δ’

2271 4643 2396 4718 ἧμιν
2437 4644 2488 4708 ἐξ
2543 4645 2609 4694 ὧν
2667 4643 2743 4696 ἐπ’
2793 4644 2946 4696 αὐτόν
2995 4644 3272 4718 ἕτρέχομεν
3332 4647 3579 4718 θάνατον,

2528 4555 2755 4628 ἀπωλείᾳ
2828 4561 3333 4631 συνευφραινόμεναι,
3421 4561 3570 4616 πάθη
3637 4573 3877 4634 τιμῶντες

3655 4651 3878 4704 Elissaei

2268 4742 2359 4794 τῆς
2415 4732 2620 4794 ἀπάτης
2667 4737 2756 4785 καὶ
2801 4743 2892 4794 τῆς
2947 4737 3211 4796 τοσαύτης
3264 4731 3507 4798 ἀδοξίας
3559 4746 3662 4793 καὶ
3724 4752 3881 4794 ταῦτα

2270 4828 2446 4892 τίνες,
2503 4824 2550 4874 οἱ
2603 4831 2696 4883 τῆς
2760 4822 2952 4885 εἰκόνος
3009 4829 3165 4890 Θεοῦ,
3227 4821 3559 4900 ἐλεεινότεροι
3612 4839 3713 4891 τῆς
3771 4828 3881 4883 δον-

2270 4910 2408 4973 λείας
2467 4915 2558 4962 καὶ
2634 4919 2725 4970 τῆς
2790 4929 2880 4962 του
2938 4911 3135 4982 ἐχθροῦ
3213 4911 3552 4985 τυραννίδος,
3831 4917 3879 4971 δε

2269 4999 2418 5052 πλέον
2465 4999 2638 5051 ἄθλιοι
2682 5006 2778 5060 τῆς
2837 4999 3208 5069 ἀναισθησίας,
3271 5003 3354 5054 ὃτι
3406 5006 3499 5056 τὸν
3559 5003 3876 5084 δημιουργόν

2270 5087 2713 5163 ἐγκαταλιπόντες,
2789 5090 3020 5161 φέροντες
3089 5089 3308 5152 ἑαυτοὺς
3363 5099 3440 5166 τῷ
3499 5094 3740 5171 πολεμίῳ
3798 5117 3876 5150 πα.

2267 5371 2454 5452 manu
2481 5358 3026 5452 contrectasset,‘_ui
3057 5353 3236 5428 estin
3269 5364 3314 5428 ll
3338 5354 3498 5446 Reg.
3538 5379 3594 5434 ό.
3634 5391 3708 5435 γι.
3746 5373 3866 5435 Sunt

2266 5448 2324 5499 et
2351 5442 2467 5498 alia
2493 5442 2765 5514 esempla
2795 5441 3030 5500 similia.

2336 5514 2417 5586 (3)
2445 5512 2587 5570 Vide
2605 5512 2741 5572 Issi.
2778 5529 2857 5586 γι,
2883 5519 2936 5584 6,
2968 5518 3025 5572 7.
