4050 6306
139 357 161 406 1
171 353 264 408 509

1173 346 1264 400 DE
1303 341 1518 398 FESTO
1560 333 2010 394 DORMITIONIS
2049 341 2105 396 S.
2147 339 2411 398 MARIIE.

3341 342 3479 399 1510

135 471 494 548 ραδεδώκαμεν
527 488 540 502 ·
584 473 611 522 6
651 464 710 523 δε
735 469 1124 545 χειρωσάμενος
1176 468 1324 528 ὅλους
1389 464 1550 518 εἷλκεν
1599 459 1719 512 ακο-

1857 460 2112 518 rahebat
2129 463 2458 534 gaudenter
2478 464 2539 519 in
2568 463 2892 532 infernum,
2914 461 3081 535 quod
3108 463 3122 518 l
3153 467 3239 519 est
3259 462 3478 520 domus

135 564 428 622 λουθοῦντας
483 561 767 634 προθύμως
843 559 909 618 εἰς
965 557 1212 632 βάραθρα
1263 560 1321 608 τό
1384 551 1569 607 ἑαυτοῦ
1631 568 1722 600 κα-

136 670 382 723 ταγωγιον
392 692 405 706 .

202 757 272 810 Οὐ
302 762 402 828 μὴν
433 754 560 808 ἀλλὰ
595 751 839 828 παριδεῖν
911 759 1073 826 μέχρι
1128 755 1319 812 παντὸς
1381 749 1475 802 οὐκ
1528 748 1589 804 ἧν
1633 750 1726 796 τοῦ

136 853 242 907 ταῖς
292 848 450 919 χερσὶ
498 844 786 903 πλάσαντος
851 847 939 894 καὶ
1026 851 1122 902 τῆς
1191 838 1327 899 ἰδίας
1420 831 1726 909 μεταδόντος

137 934 314 996 εἰκόνος
361 939 562 994 καὶτῆς
591 940 748 1004 τιμῆς
780 953 792 964 ·
866 931 1051 984 οὓκουν
1105 926 1228 983 οὐδὲ
1290 923 1554 1002 παρεῖδεν,
1610 920 1726 976 οὐδ’

138 1023 292 1094 ἀφῆκε
320 1028 508 1095 τρόπον
537 1021 591 1072 ὃν
621 1021 808 1092 ἔφημεν
859 1017 1077 1080 δούλους
1141 1019 1445 1090 ἀγομένους,
1509 1014 1595 1075 οῦς
1654 1017 1724 1084 μὴ

138 1117 278 1184 μόνον
308 1110 620 1184 ἐλευθέρους,
687 1109 816 1162 ἀλλά
883 1115 972 1161 καὶ
1024 1117 1124 1160 τῶν
1189 1107 1272 1160 ἐπὶ
1332 1114 1428 1176 γῆς
1493 1102 1730 1156 ἁπάντων

139 1200 312 1272 ἆρχειν
340 1204 672 1274 προκρίκρινε
723 1219 737 1232 ·
796 1206 964 1272 χωρεί
1019 1194 1068 1250 δ’
1123 1197 1168 1257 ἐς
1231 1196 1440 1257 αὐτοὺς,
1497 1197 1586 1244 καὶ
1639 1195 1730 1242 τοῦ

137 1298 430 1361 κρατοῦντος
479 1287 776 1362 ἐξαιρεῖται,
854 1286 1151 1346 καταλύσας
1218 1290 1312 1342 τὴν
1398 1280 1727 1348 δυναστείαν,

137 1380 240 1449 ἁμα
269 1374 324 1430 δὲ
351 1381 516 1429 καὶτὸ
565 1386 660 1438 τῆς
721 1374 934 1447 ἀγνοίας
994 1372 1248 1434 διαλύσας
1309 1377 1489 1432 σκότος
1559 1368 1642 1440 ὑφ’
1693 1364 1732 1437 ᾧ

137 1473 342 1538 κατεῖχε
370 1466 728 1538 πλανωμένους
758 1467 897 1537 ἡμᾶς
925 1485 937 1498 ·
983 1471 1150 1539 χωρεῖ
1180 1460 1239 1516 δὲ
1265 1471 1376 1523 πῶς
1409 1477 1422 1527 ;
1455 1491 1526 1500 -
1591 1457 1731 1512 Ἀλλ’

138 1554 348 1608 ἐνταῦθά
398 1573 488 1626 μοι
526 1559 614 1606 καὶ
659 1556 685 1606 ό
734 1560 837 1616 πᾶς
900 1553 1066 1624 λόγος,
1118 1548 1299 1609 ἐπειδὴ
1378 1555 1463 1602 καὶ
1545 1549 1732 1608 πάντες

140 1648 306 1709 τύποι,
332 1648 422 1695 καὶ
464 1641 720 1714 σύμϐολα,
789 1647 879 1694 καὶ
939 1644 990 1694 οἱ
1033 1643 1472 1714 προκηρύττοντες
1521 1635 1730 1710 πόρῥω-

142 1735 240 1798 θεν,
296 1730 516 1784 ἐνταῦθα
570 1731 852 1806 πληροῦσι,
915 1731 1054 1791 τέλος
1097 1733 1306 1801 ἔχοντες
1365 1733 1459 1786 τὴν
1542 1727 1730 1800 παρθέ-

1831 551 1978 622 ejus.

1905 743 2030 797 Non
2066 748 2299 814 poterat
2323 750 2522 800 autem
2545 761 2656 801 nos
2670 748 2917 803 omnino
2953 747 3223 804 deserere
3241 748 3342 820 qui
3365 764 3479 805 ma-

1834 829 2012 886 nibus
2035 848 2144 887 nos
2163 833 2581 905 plasmaverat,
2610 837 2913 908 propriam
2947 837 3272 908 imaginem
3288 837 3480 906 etglo-

1835 920 1987 975 riam
2017 921 2284 977 tribuens
2316 939 2330 978 :
2356 924 2533 991 igitur
2567 923 3241 998 nequedeseruitneque
3259 925 3482 982 amovit

1836 1015 2142 1064 creaturas
2171 1027 2324 1082 quas
2360 1012 2712 1068 dicebamus
2751 1013 2811 1068 in
2879 1015 3218 1070 servitutem
3273 1014 3481 1070 mortis

1837 1096 2183 1164 destinatas,
2207 1101 2351 1154 dum
2385 1116 2488 1156 eas
2509 1116 2630 1156 non
2659 1102 2842 1157 modo
2866 1101 3084 1159 liberas
3113 1103 3348 1169 fecerat,
3374 1099 3481 1159 sed

1839 1184 2084 1257 insuper
2117 1194 2184 1242 ut
2217 1194 2412 1244 essent
2441 1204 2621 1260 super
2640 1190 2844 1247 omnia
2870 1206 3006 1263 quae
3043 1198 3180 1248 sunt
3208 1191 3472 1248 interra.

1839 1275 2011 1329 Venit
2040 1281 2239 1331 autem
2269 1277 2346 1332 ad
2378 1293 2480 1333 eos
2517 1284 2570 1333 et
2603 1295 2673 1334 ex
2720 1283 2959 1350 potente
2980 1280 3170 1352 eripit,
3209 1281 3337 1351 ejus
3369 1279 3486 1336 sol-

1840 1381 1988 1420 vens
2019 1368 2366 1437 potentiam,
2404 1373 2459 1423 et
2493 1368 2794 1440 dissipans
2823 1371 3102 1426 umbram
3132 1371 3482 1442 ignorantia

1839 1468 1964 1524 qua
1983 1469 2096 1510 nos
2131 1455 2462 1511 involverat
2499 1457 2780 1529 deceptos
2815 1465 2868 1514 et
2904 1465 3188 1515 errantes.
3227 1462 3485 1526 Quomo-

1839 1541 1919 1597 do
1950 1548 2153 1598 autem
2188 1544 2402 1599 venit?
2423 1547 2541 1600 Huc
2574 1546 2725 1600 enim
2761 1546 3043 1603 tendebat
3094 1551 3248 1604 totus
3312 1563 3485 1604 meus

1841 1646 2057 1696 sermo,
2095 1632 2248 1687 sicut
2270 1638 2326 1688 et
2346 1648 2557 1688 omnes
2579 1634 2787 1702 ﬁgurae
2813 1641 2870 1690 et
2885 1637 3087 1692 omnia
3110 1635 3406 1708 symbola,
3429 1637 3484 1692 et

1840 1734 2053 1775 omnes
2090 1736 2126 1776 a
2159 1727 2312 1776 retro
2349 1722 2676 1794 prophetiae
2697 1724 2814 1779 huc
2845 1723 3248 1796 adimplentur
3300 1724 3484 1779 ﬁnem

139 1841 236 1872 νον.
270 1820 429 1882 Αὐτός
494 1826 583 1872 καὶ
633 1822 734 1894 γὰρ
793 1823 823 1871 ὅ
871 1826 1181 1894 προαιώνιος
1225 1826 1316 1869 τοῦ
1375 1822 1508 1869 Θεοῦ
1566 1819 1731 1884 Λόγος

1857 1822 2029 1862 mum
2069 1809 2358 1864 habentes
2397 1811 2719 1879 Virginem.
2769 1815 2966 1884 Ipsum
2987 1812 3146 1869 enim
3196 1817 3486 1869 aeternum

139 1907 360 1970 καταϐὰς
397 1908 446 1960 έν
477 1909 632 1982 αὐτῇ,
673 1910 880 1982 καθαρᾷ
935 1908 1066 1980 οὓση
1116 1911 1198 1958 καὶ
1268 1905 1486 1978 ἀμώμῳ,
1534 1907 1624 1954 καὶ
1680 1906 1731 1952 τί

141 1995 190 2051 δ’
210 1997 324 2050 ἄλλο
375 1999 405 2056 ἣ
491 2006 582 2050 τοῦ
644 1997 972 2057 κατελθόντος
1031 1996 1171 2068 ἀξίᾳ,
1227 1995 1360 2069 σὰρξ
1406 1999 1603 2066 γίνεται
1657 1987 1730 2044 δι’

140 2089 299 2157 ἡμῶς,
334 2105 557 2159 φορρσας
593 2089 783 2144 ταύτην
839 2085 894 2138 ἐκ
938 2095 1039 2138 τῶν
1092 2085 1257 2145 αὐτῆς
1318 2085 1591 2154 ἁχράντων
1644 2086 1734 2134 καὶ

142 2179 405 2247 πανάγνων
477 2178 733 2248 αἱμάτων,
802 2181 908 2244 καὶ,
959 2181 1054 2232 την
1106 2175 1223 2227 κατ’
1282 2173 1454 2226 εἰκόνα
1507 2170 1732 2244 προσλα-

140 2265 240 2316 ϐών
293 2268 445 2337 φύσιν
499 2264 621 2322 ὅλην
684 2267 987 2340 φθαρεῖσαν,
1053 2268 1300 2336 μίγνυται
1386 2263 1568 2333 ταύτῃ.
1647 2263 1734 2311 καὶ

140 2352 446 2405 ἀναπλάττει
507 2361 567 2425 τῇ
620 2358 878 2425 κοινωνίᾳ,
933 2357 1054 2414 τοὺς
1127 2348 1291 2412 ἰδίους
1350 2347 1500 2411 αὖθις
1548 2348 1736 2402 ἐπανα-

142 2441 321 2501 σώζων
373 2445 502 2513 πρὸς
557 2441 754 2510 ἑαυτὸν,
804 2447 894 2495 καὶ

143 2533 350 2591 σθίντας
385 2539 446 2603 τῇ
489 2531 737 2605 ἁμαρτίᾳ.

988 2441 1329 2513 οἰκειούμενος
1404 2443 1524 2501 τοὺς
1597 2440 1735 2489 ἀπω-

216 2656 376 2716 Οὗτος
409 2657 434 2707 6
490 2664 584 2717 τῆς
641 2657 889 2729 ἡμετέρας
945 2658 1210 2726 σωτηρίας
1261 2659 1451 2727 τρόπος
1515 2670 1526 2682 ·
1587 2659 1738 2704 τοῦτο

149 2747 208 2796 τό
273 2743 434 2795 πάλαι
500 2749 587 2796 καὶ
652 2745 1070 2816 προτυπούμενον
1146 2748 1234 2794 καὶ
1296 2747 1734 2814 προμηνυόμενον,

141 2837 234 2885 καὶ
308 2839 413 2894 τοῖς
476 2838 765 2905 προφήταις
812 2831 1137 2903 λαλούμενον,
1201 2836 1409 2904 φρικτόν
1455 2835 1542 2883 καὶ
1607 2834 1742 2901 μέγα

141 2926 450 2993 μυστήριον,
501 2924 626 2981 Θεὸς
669 2925 940 2992 μεγόγενος
971 2921 1260 2992 ἄνθρωπος,
1323 2921 1404 2971 ἶνα
1459 2926 1602 2992 σώσῃ
1654 2921 1740 2970 τὸν

144 3011 433 3084 ἄνθρωπον,
476 3013 600 3069 Θεὸς
652 3008 700 3060 ἐν
757 3014 934 3084 μήτρᾳ
978 3010 1239 3083 Παρθένου
1315 3013 1403 3060 καὶ
1462 3011 1740 3079 σώμαι-ού-

143 3117 293 3171 μενος
344 3103 434 3151 καὶ
478 3099 846 3170 πλαττόμενος,
915 3103 1002 3150 καὶ
1060 3102 1315 3170 χρονικὴν
1371 3093 1738 3168 καταδεχόμε-

142 3206 226 3247 νος
276 3191 534 3258 γέννησιν,
587 3191 676 3239 καὶ
726 3189 796 3249 ὡς
845 3184 1027 3260 βρέφος
1072 3188 1324 3260 ὁρώμενος
1385 3191 1474 3238 καὶ
1538 3184 1742 3257 βαστα-

145 3276 352 3347 ζομενος
403 3274 652 3346 ἀγκάλαις
718 3279 938 3347 μητρός.
987 3277 1012 3326 6
1069 3278 1136 3326 τὰ
1181 3278 1350 3328 πάντα
1400 3275 1606 3348 πληρῶν
1655 3277 1743 3325 καὶ

141 3359 399 3436 μηδαμοῦ
457 3360 702 3434 μηδὸλως
777 3366 1130 3435 χωρούμενος.
1194 3367 1330 3438 Πρός
1397 3369 1562 3414 ταῦτα
1612 3367 1745 3422 τίνες

145 3451 393 3524 ἀγγέλων,
472 3456 598 3512 τίνες
682 3450 1046 3525 ἀρχαγγέλων,

143 3547 273 3592 ποῖα
358 3546 603 3613 Σεραφὶμ,

1132 3451 1189 3503 οὐ
1269 3451 1672 3521 κατεπλάγησαν
1727 3467 1741 3516 ;

701 3547 826 3591 ποῖα
895 3538 1181 3613 Χερουϐὶμ,
1264 3540 1357 3591 οὐκ
1429 3539 1744 3610 ἐθαύμασεν,

143 3632 345 3703 ὁρῶντα
397 3634 484 3688 τὴν
541 3632 798 3687 τοσαύτην
880 3638 972 3682 τοῦ
1055 3637 1189 3683 Θεοῦ
1236 3634 1450 3682 κένωσιν
1514 3635 1603 3682 καὶ
1659 3631 1746 3689 τὸς

137 3727 394 3770 τοσοῦτον
449 3714 596 3778 αὖθις
652 3721 804 3790 ὄγκον
838 3726 934 3778 τῆς
999 3724 1118 3792 περὶ
1169 3721 1309 3791 ἡμᾶς
1365 3718 1746 3791 φιλανθρωπίας

134 3811 235 3860 καὶ
263 3817 354 3868 τῆς
380 3805 610 3859 ἐπέκεινα
632 3809 810 3868 πάσης
837 3805 1092 3867 ύπεϐολῆς
1121 3805 1458 3878 ἀγαθοτητος.

1010 3923 1110 3966 τῶν

213 3920 500 3987 Τοιγαροῦν
570 3919 660 3966 καὶ
742 3920 910 3966 πᾶσαι
1010 3923 1110 3966 τῶν
1207 3913 1434 3987 οὐρανῶν
1499 3912 1746 3988 δυνάμεις

138 4003 292 4063 εὐθὺς
363 4001 684 4076 ἀνύμνησαν,
779 4007 867 4054 καὶ
943 4002 1055 4076 μεθ’
1122 4005 1268 4074 ἡμῶν
1349 4000 1456 4056 δεῖν
1523 4004 1747 4076 ἔγνωσαν

143 4099 338 4150 στῆναι
415 4098 612 4162 γενεαῖς
668 4090 895 4152 ἀπάσαις
941 4095 1032 4149 την
1114 4093 1368 4163 Παρθένον
1437 4094 1726 4166 μακαριζόν

144 4201 273 4246 των,
311 4183 400 4232 καὶ
439 4181 832 4254 μακαριζόντων
891 4181 1019 4252 ὁμοῦ
1068 4183 1156 4252 μὲν
1213 4180 1379 4232 αὐτῶν
1438 4177 1501 4239 δὴ
1559 4185 1752 4234 τούτων

147 4271 315 4321 ἕνεκεν
386 4277 486 4319 τῶν
565 4267 727 4329 οὕτως
783 4269 1050 4340 ὑπερφυῶν
1124 4267 1254 4340 αὐτῇ
1327 4270 1606 4340 μεγαλείων
1663 4289 1754 4340 γε-

148 4361 466 4429 γενημένων,
525 4358 660 4429 ὁμοῦ
716 4353 765 4408 δ’
813 4357 892 4407 ὅτι
950 4362 1038 4408 καὶ
1108 4361 1202 4414 τὴν
1250 4362 1419 4415 κοινὴν
1472 4356 1757 4428 ἐλευθερίαν

152 4442 230 4497 δι’
263 4445 578 4518 αύτῆςὴμίν
623 4444 846 4519 ὑπῆρξεν
887 4443 1182 4512 ἀπολαϐεῖν,
1239 4443 1349 4518 ἅμα
1401 4442 1460 4498 δὲ
1507 4451 1596 4498 καὶ
1656 4455 1758 4498 τῶν

153 4534 384 4597 καθεξῆς
427 4534 728 4607 εὐεργεσιῶν
793 4535 977 4608 χάριν,
1029 4531 1088 4597 ἃς
1146 4534 1204 4585 ού
1261 4530 1486 4587 διέλεπεν
1537 4531 1653 4587 οὐδ’
1701 4535 1758 4587 ού

153 4629 366 4696 μήποτε
447 4621 570 4695 λίπη
629 4619 721 4675 διὰ
786 4625 980 4684 παντὸς
1061 4623 1504 4696 κατεργαζομένη,
1579 4631 1759 4698 Ιιαρα-

150 4711 397 4764 λαϐοῦσα
457 4717 547 4764 καὶ
600 4714 701 4786 γὰρ
748 4713 882 4784 ἡμᾶς
947 4708 1085 4765 ἰδίαν
1142 4714 1328 4765 ὡσανεὶ
1393 4718 1759 4786 κληρονομίαν,

150 4807 264 4860 τοῖς
291 4807 384 4852 τοῦ
410 4801 534 4852 Υἰοῦ
574 4799 730 4859 αὐτῆς
761 4801 976 4872 αἱμασιν
1027 4798 1126 4851 ἀπὸ
1184 4809 1279 4862 τῆς
1329 4803 1605 4874 μοχθηρᾶς
1670 4809 1760 4856 καὶ

153 4889 357 4960 φαύλης
416 4885 648 4948 δουλείας
701 4887 1166 4962 ἐξηγορασμένους,
1217 4888 1381 4942 ἐκεῖνα
1435 4895 1524 4941 καὶ
1579 4895 1759 4942 πεποί-

151 4997 280 5035 ηκεν
311 4979 437 5053 ὑπὲρ
485 4978 632 5049 ἡμῶν
672 4981 761 5029 καὶ
804 4983 959 5047 ποιεῖ,
1017 4977 1083 5028 ὧν
1118 4984 1207 5030 καὶ
1262 4982 1408 5050 γέμει
1470 4981 1676 5050 σύμπας
1732 4980 1759 5031 6

148 5065 296 5140 βίος,
330 5065 570 5130 ἐξαισίων
598 5064 680 5118 ἀεὶ
711 5065 1040 5138 τελουμένων.

222 5170 445 5232 Ἐπειδὴ
477 5175 580 5246 γὰρ
629 5173 656 5224 6
694 5174 830 5224 κατὰ
883 5181 980 5234 τῆς
1021 5177 1232 5245 πρώτης
1289 5175 1433 5246 ἡμῶν
1488 5171 1758 5248 ἐπιχειρή-

150 5281 254 5325 σας
335 5261 646 5338 ἕλιυθερίας,
722 5267 812 5314 καὶ
860 5270 1028 5322 κακῶς
1072 5261 1234 5320 αὐτὴν
1291 5261 1609 5335 ἀφελόμενος,
1663 5267 1757 5322 τήν

146 5352 277 5411 ὅλην
319 5354 466 5425 ἡμῶν
520 5349 834 5424 καθύϐρισεν
885 5349 1052 5416 ἀξίαν,
1113 5349 1488 5404 ἀπαλλάττεται
1551 5348 1603 5403 δ’
1641 5348 1758 5405 οὐδ’

144 5437 303 5502 αὖθις
390 5447 481 5493 καὶ
555 5441 692 5492 κατὰ
772 5447 872 5490 τῶν
951 5434 1200 5512 δευτέρων
1249 5439 1326 5492 ἀεὶ
1382 5447 1761 5512 μηχανώμενος

141 5528 434 5602 ἀμεινόνων
497 5527 581 5580 ἐπὶ
617 5526 787 5598 πολλῷ
852 5530 984 5598 πρὸς
1035 5523 1192 5588 δόξαν
1256 5532 1623 5599 γεγενημένων,
1675 5529 1760 5580 οὐ·

142 5615 384 5692 δαμόθεν
423 5617 634 5670 ἄλλοθεν
687 5617 839 5692 ἡμεῖς
896 5613 1115 5677 ἕξάντεις
1159 5624 1257 5667 τῶν
1300 5616 1461 5668 αὐτοῦ
1515 5616 1758 5669 ποικίλων

1843 1897 1940 1951 Dei
1980 1897 2235 1952 Verbum
2263 1898 2637 1955 descendens
2675 1900 2734 1956 in
2772 1901 2876 1957 llla
2904 1917 3040 1974 quae
3077 1909 3203 1957 erat
3236 1917 3389 1973 pura
3432 1905 3488 1956 et

1840 1986 2452 2055 irreprehensibilis,et
2476 1990 2550 2043 de
2563 1995 2773 2045 ctetero
2795 1990 3252 2062 quodammodo
3278 1991 3484 2060 digna.

1843 2077 1924 2130 Eo
1948 2075 2051 2145 qui
2088 2075 2378 2141 veniebat,
2412 2076 2633 2132 factum
2669 2083 2757 2133 est
2792 2093 2899 2151 pro
2933 2079 3108 2134 nobis
3143 2095 3282 2135 caro
3303 2079 3490 2144 ;hanc

1843 2178 2085 2218 carnem
2125 2179 2447 2220 assumens
2485 2181 2557 2221 ex
2592 2167 2908 2224 innocente
2978 2172 3034 2224 et
3099 2167 3488 2223 immaculato

1844 2251 2091 2322 Virginis
2127 2253 2440 2322 sanguine,
2471 2255 2767 2326 accipiens
2798 2260 2982 2312 totam
3003 2262 3278 2314 naturam
3324 2257 3490 2312 vitia-

1844 2346 1970 2396 tam
1999 2342 2060 2396 in
2087 2341 2349 2411 imagine
2375 2343 2491 2410 Dei,
2531 2360 2658 2400 sese
2685 2345 2765 2400 illi
2792 2346 3046 2414 miscuit,
3072 2351 3125 2402 et
3149 2344 3491 2401 reformavit

1845 2429 1999 2485 illam
2011 2431 2126 2486 hac
2138 2431 2380 2496 unione,
2399 2449 2424 2485 s
2435 2447 2542 2488 uos
2554 2433 2761 2489 iterum
2779 2435 3018 2491 salvans
3034 2439 3087 2490 et
3102 2435 3178 2490 ad
3191 2440 3244 2490 te
3258 2434 3491 2504 erigens

1844 2519 2181 2591 uniensque
2192 2537 2328 2591 quos
2340 2525 2677 2578 vastaverat
2687 2529 2742 2578 et
2757 2524 3153 2580 exinaniverat
3165 2527 3490 2595 peccatum.

1916 2643 2070 2700 Talis
2107 2648 2194 2699 est
2220 2648 2438 2700 nostrae
2460 2645 2667 2702 salutis
2687 2647 2836 2702 ordo
2861 2664 2875 2703 :
2903 2646 3017 2703 tale
3051 2652 3140 2703 est
3164 2645 3330 2719 quod
3350 2646 3493 2703 olim

1851 2731 2299 2803 przeﬁguratum
2321 2738 2427 2800 est,
2463 2736 2931 2805 praenuntiatum
2967 2741 3145 2807 etper
3171 2734 3494 2808 prophetas

1848 2821 2227 2892 praedictum,
2248 2822 2624 2878 tremendum
2648 2839 3057 2896 magnumque
3096 2824 3452 2895 mysterium
3478 2837 3492 2879 :

1853 2911 2006 2964 Deus
2022 2924 2159 2964 nem
2170 2925 2240 2981 pe
2259 2910 2430 2965 homo
2448 2910 2636 2966 factus
2653 2911 3028 2967 uthominem
3042 2911 3316 2980 salvaret,
3345 2915 3496 2966 Deus

1851 2998 1909 3051 in
1951 3005 2114 3052 utero
2135 2998 2392 3066 Virginis
2416 2999 2831 3070 incorporatus
2852 3005 2908 3055 et
2938 2999 3248 3070 formatus,
3269 3005 3326 3055 et
3353 3003 3499 3055 tem-

1852 3085 2120 3158 poralem
2151 3087 2446 3158 accipiens
2465 3089 2931 3156 generationem,
2953 3088 3120 3144 visus
3136 3094 3193 3145 et
3230 3093 3496 3159 gestatus

1854 3179 1916 3230 ut
1949 3191 2098 3247 puer
2127 3175 2279 3230 inter
2317 3174 2524 3230 matris
2569 3175 2837 3248 brachia,
2903 3177 3050 3232 dum
3103 3177 3498 3250 ipse'omnia

1853 3264 2033 3335 replet
2049 3270 2106 3319 et
2129 3263 2339 3319 nullibi
2361 3264 2756 3320 omninoloco
2773 3266 2988 3322 mutari
3012 3271 3225 3338 potest.
3251 3266 3341 3321 Ad
3369 3266 3499 3322 haec

1853 3353 2102 3424 quinam
2139 3351 2492 3421 angelorum
2528 3359 2584 3408 et
2615 3353 3114 3423 archangelorum
3145 3371 3269 3410 non
3295 3354 3500 3410 obstu-

1855 3449 2113 3513 puerunt
2129 3442 2158 3496 ?
2181 3445 2322 3507 Quae
2337 3441 2657 3514 seraphiin,
2674 3459 2808 3514 quae
2821 3443 3130 3499 cherubim
3151 3459 3273 3499 non
3287 3445 3503 3502 mirata

1854 3536 2011 3597 sunt,
2052 3535 2279 3587 tantam
2316 3547 2453 3586 cum
2476 3536 2783 3587 cernerent
2809 3532 2906 3587 Dei
2923 3532 3410 3598 exinanitionem,
3447 3537 3504 3589 et

1855 3619 2033 3674 simul
2069 3623 2298 3675 tantam
2329 3619 3046 3687 exuberantiam,amoris
3086 3621 3203 3693 Dei,
3240 3627 3294 3678 et
3324 3636 3504 3694 super

1855 3709 2240 3764 eminentiam
2279 3707 2616 3764 excellentis
2644 3707 2927 3765 bonitatis
2965 3709 2994 3764 ?

1919 3908 2128 3964 Omnes
2143 3908 2343 3980 itaque
2356 3907 2597 3962 virtutes
2611 3906 2890 3962 cmlorum
2904 3909 3261 3979 propensius
3274 3911 3334 3965 in
3346 3910 3510 3982 bym-

1858 4014 1970 4053 nos
2005 4001 2331 4068 eruperunt
2365 4002 2422 4051 et
2455 3994 2772 4050 nobiscum
2795 4002 3171 4066 agnoverunt
3193 3998 3271 4053 ab
3320 3999 3513 4054 omni-

1860 4087 1974 4142 bus
2004 4083 2488 4155 generationibus
2517 4082 2996 4140 benedicendam
3036 4101 3168 4140 esse
3205 4086 3512 4158 Virginem

1863 4181 1988 4230 tum
2029 4179 2269 4246 propter
2294 4188 2364 4227 ea
2383 4186 2519 4242 qua:
2541 4171 2654 4242 ipsi
2683 4171 2902 4228 collata
2914 4179 3295 4244 suntmagna
3322 4179 3377 4230 et
3403 4192 3510 4230 su-

1863 4261 2289 4337 pernaturalia;
2315 4266 2430 4316 tum
2447 4261 2590 4332 quia
2610 4275 2714 4332 per
2733 4260 2886 4316 illam
2900 4262 3075 4318 nobis
3089 4263 3287 4319 datum
3304 4270 3396 4321 est
3413 4264 3514 4321 de-

1868 4368 2050 4423 super
2084 4349 2352 4422 accipere
2391 4363 2780 4403 communem
2815 4348 3170 4418 libertatem,
3211 4351 3513 4424 simulque

1867 4447 2109 4516 propter
2135 4445 2348 4496 caetera
2366 4437 2657 4493 beneﬁcia
2675 4454 2810 4510 qum
2844 4455 3158 4512 nunquam
3178 4442 3511 4513 intermisit,

1868 4531 2013 4602 quin
2050 4531 2109 4585 in
2132 4545 2242 4584 nos
2263 4543 2445 4598 supra
2483 4525 2732 4581 modum
2759 4527 2998 4584 abunde
3024 4530 3350 4601 perfecerit.
3377 4533 3515 4587 Sus-

1869 4621 2009 4691 cipit
2043 4619 2201 4674 enim
2238 4632 2348 4672 nos
2414 4615 2585 4686 quasi
2621 4616 2930 4687 propriam
2957 4618 3394 4676 haereditariam
3430 4621 3514 4676 fa—

1869 4708 2098 4764 miliam
2124 4704 2351 4779 proprii
2374 4704 2493 4760 Filii
2525 4703 2618 4760 sui
2654 4706 2948 4774 sanguine
3008 4708 3392 4764 redimendos
3439 4724 3514 4763 ex

1867 4795 2215 4853 miseranda
2239 4793 2648 4865 vilissimaque
2672 4795 2968 4865 servitute,
3012 4803 3253 4868 propter
3267 4812 3379 4851 nos
3399 4797 3514 4852 ista

1867 4887 2001 4943 fecit
2021 4892 2078 4942 et
2105 4899 2266 4941 nunc
2294 4899 2536 4956 quoque
2571 4882 2731 4951 facit,
2775 4884 2996 4954 quibus
3050 4885 3247 4939 omnis
3307 4890 3514 4942 nostra

1865 4976 2162 5050 repleatur
2197 4973 2314 5029 vita
2339 4971 2518 5027 bonis
2545 4971 2926 5028 faustissimis
2961 4976 3018 5026 et
3051 4971 3306 5028 aeternis.

1937 5176 2095 5230 Cum
2119 5177 2319 5228 autem
2346 5168 2441 5224 ille
2461 5168 2566 5240 qui
2591 5167 2758 5239 prius
2785 5171 2992 5223 contra
3025 5175 3296 5226 nostram
3337 5170 3513 5229 liber-

1863 5267 2048 5320 tatem
2067 5257 2383 5316 insui-rexit
2394 5269 2648 5327 eamque
2671 5254 2846 5310 nobis
2861 5255 3079 5312 misere
3105 5257 3350 5327 ademit,
3364 5260 3512 5318 inte-

1866 5367 2038 5422 gram
2067 5354 2334 5405 nostram
2363 5343 2596 5400 fcedans
2629 5343 3000 5411 dignitatem,
3031 5361 3156 5403 non
3191 5354 3387 5405 cesset
3408 5365 3512 5421 po-

1867 5437 2213 5494 sterioribus
2238 5435 2397 5490 hisce
2423 5438 2480 5487 et
2507 5429 2949 5503 pretiosissimis
2980 5450 3216 5507 semper
3238 5437 3510 5493 insidiari

1866 5527 2041 5584 bonis
2074 5543 2211 5598 qum
2241 5522 2512 5596 proxime
2546 5519 2625 5575 ad
2665 5518 2916 5588 gloriam
2953 5537 3064 5577 nos
3125 5531 3363 5587 ornant,
3401 5540 3508 5596 per

1869 5615 2101 5672 nullum
2133 5613 2339 5678 alium,
2375 5624 2412 5665 o
2443 5607 2637 5678 Virgo,
2678 5607 3014 5678 ejusvarias
3039 5609 3396 5683 effugiemus
3421 5625 3512 5686 se:
