4050 6306
532 189 666 249 1511

1853 175 2228 240 ΝΙΟΕΡΗΟΗῙ
2264 174 2556 241 CHUMNI.

3753 184 3881 246 1512

526 315 836 374 ductiones
858 327 1042 386 quam
1074 326 1180 386 per
1216 314 1272 369 te
1309 326 1496 386 quam
1525 312 1770 370 heroem
1791 301 2007 366 ducem
2041 299 2178 362 belli

2291 313 2712 383 μηχανημάτων,
2747 311 2777 372 ἦ
2841 314 2916 386 σὲ,
2989 313 3237 388 Παρθένε,
3292 315 3568 387 πρόμαχον
3633 314 3723 366 καὶ
3767 325 3886 389 προ·

529 403 866 462 invenimus
905 406 962 459 et
985 405 1289 476 potentem
1311 407 1652 475 patronam,
1685 399 1956 473 undique
1990 395 2178 471 ipsius

531 494 906 565 frangentem
944 491 1203 548 fervidos
1255 491 1533 565 impetus.
1593 493 1688 549 ille
1745 489 1905 548 enim
1957 486 2181 560 duplex

533 579 1037 648 suscitatbellum,
1054 580 1175 637 sive
1196 585 1435 637 nostras
1457 581 1737 638 saucians
1753 574 2178 648 animasipsis-

532 687 648 745 que
686 669 919 730 occulte.
941 669 1253 734 insidians,
1283 671 1407 725 sive
1436 669 1566 726 illas
1592 668 1906 742 impellens
1958 663 2036 721 ad
2084 679 2178 719 res

531 766 829 831 externas,
854 764 919 817 ut
953 759 1036 815 sic
1071 760 1382 816 manifeste
1413 777 1584 817 suam
1605 758 1903 832 compleat
1951 757 2012 812 in
2069 753 2181 810 illis

530 849 818 907 invidiam
875 853 933 905 et
983 848 1293 904 malitiam.
1366 851 1449 906 Tu
1518 865 1661 906 vero
1733 847 1900 904 fortis
1973 848 2182 901 contra

530 943 852 1011 utrumque
867 936 1090 993 bellum
1108 942 1319 1010 potens
1335 942 1587 1011 praestas
1601 937 1883 995 omnibus
1901 933 2180 992 auxilium

531 1044 642 1085 nec
665 1027 861 1084 solum
881 1042 1224 1083 succurrere
1251 1027 1574 1093 desideras,
1600 1026 1706 1083 sed
1721 1032 1778 1082 et
1802 1024 1972 1081 facile
1987 1026 2177 1096 potes.

533 1117 711 1175 Nobis
735 1116 956 1173 idcirco
971 1117 1264 1172 succurris
1277 1121 1329 1172 et
1347 1117 1657 1190 praecedis,
1671 1119 1736 1172 ut
1748 1129 1982 1188 pugnes
2000 1117 2181 1184 atque

531 1212 596 1264 ut
624 1207 790 1281 prius
820 1205 983 1262 mala
1023 1205 1358 1278 ingruentia
1389 1206 1655 1276 corrigas
1687 1211 1743 1262 et
1772 1203 2017 1260 innoxia
2041 1200 2179 1258 red-

532 1296 642 1352 das
663 1311 848 1368 quam
879 1295 956 1350 ab
986 1295 1070 1350 eis
1101 1295 1347 1351 omnino
1379 1295 1774 1351 inﬁrmemur.
1831 1297 2030 1366 Neque
2065 1291 2180 1346 hoc

534 1386 749 1442 solum.
787 1385 900 1441 Sed
922 1399 1059 1440 cum
1083 1383 1373 1440 adversus
1432 1385 1563 1457 ejus
1622 1384 1893 1452 insidias,
1938 1384 2180 1450 agentes

531 1474 680 1531 nihil
707 1473 1052 1546 proficimus
1065 1472 1766 1546 etdiﬂicillimeimpetum
1790 1471 2177 1535 sustinemus,

532 1564 708 1637 quasi
736 1562 1088 1618 voluntariis
1114 1561 1286 1618 malis
1323 1561 1782 1618 succumbentes
1835 1559 1949 1630 (ille
2019 1559 2179 1614 enim

532 1669 646 1710 nos
683 1651 1018 1708 voluntarie
1049 1655 1361 1723 corruptos
1389 1651 1754 1724 impugnans
1774 1649 1955 1706 libere
1977 1649 2100 1719 agit
2120 1647 2178 1702 in

2286 1651 2460 1727 ληφὼς
2526 1654 2732 1716 ἑκόντας
2804 1657 3166 1731 φθειρομένους

531 1742 594 1800 id
613 1739 780 1815 quod
805 1739 1107 1797 desiderat
1137 1756 1150 1796 :
1179 1741 1299 1796 vult
1325 1745 1524 1798 autem
1556 1742 1818 1815 pessima
1846 1745 1901 1796 et
1940 1739 2019 1796 ad
2057 1738 2178 1794 haec

532 1831 821 1904 impellit),
853 1829 1399 1900 etindignationem
1414 1831 1510 1886 Dei
1525 1835 1733 1887 contra
1760 1846 1870 1886 nos
1894 1843 2178 1902 provoca-

533 1936 690 1988 mus,
719 1919 1013 1993 qui,justa
1025 1920 1290 1975 concitus
1304 1920 1413 1989 ira,
1433 1924 1713 1976 statutam
1731 1918 2179 1993 paratinﬂigere

531 2025 799 2082 paenam,
830 2014 894 2065 tu
916 2009 1028 2065 cito
1054 2010 1349 2081 praevenis
1379 2014 1434 2064 et
1460 2009 1624 2082 apud
1655 2008 1822 2065 illum
1847 2009 2008 2065 facta
2055 2024 2178 2065 me-

531 2099 762 2166 diatrix,
795 2100 956 2155 hunc
989 2098 1272 2154 maternis
1299 2097 1574 2172 precibus
1589 2098 1947 2171 juribusque
1968 2097 2175 2169 ﬂectis;

531 2203 674 2245 nam
701 2203 878 2261 super
902 2188 1145 2260 propria
1169 2187 1309 2259 jura
1341 2203 1549 2260 preces
1583 2186 1942 2260 protendens
1974 2191 2054 2243 .et
2097 2187 2179 2244 illi

531 2293 971 2335 commemoras
996 2276 1162 2349 quod
1189 2277 1397 2333 similis
1420 2279 1502 2333 tui
1531 2293 1603 2333 ex
1623 2281 1837 2334 natura
1878 2280 1978 2333 tua
2037 2292 2176 2350 par-

532 2365 814 2438 ticipavit,
856 2370 912 2421 et
932 2365 1096 2438 quod
1117 2365 1179 2422 in
1210 2366 1327 2421 tuis
1350 2365 1681 2422 visceribus
1713 2364 1883 2421 illum
1915 2366 2175 2437 gestasti,

530 2471 602 2511 ex
641 2455 927 2512 uberibus
963 2455 1076 2510 tuis
1097 2455 1189 2510 lac
1220 2455 1302 2510 illi
1324 2455 1654 2528 praebuisti,
1685 2459 1740 2511 et
1761 2454 1925 2527 quod
1947 2455 2182 2527 passio-

529 2545 622 2600 nis
643 2559 766 2600 suae
798 2543 982 2600 ﬁnem
1013 2559 1252 2600 cernere
1265 2544 1605 2616 praestolata
1621 2544 1787 2616 juxta
1813 2560 2051 2600 erucem
2074 2543 2177 2600 ubi

529 2631 898 2689 moriebatur
928 2631 1177 2699 steteris,
1217 2633 1422 2689 omnia
1443 2637 1499 2689 et
1567 2633 1699 2706 ipsa
1753 2634 1986 2706 patiens
2043 2649 2178 2707 quae

527 2720 659 2794 ipse
687 2737 797 2794 pro
827 2720 1004 2777 nobis
1041 2721 1156 2777 reis
1185 2725 1242 2776 et
1277 2720 1578 2778 damnatis
1609 2721 1791 2778 subiit
1815 2726 1878 2778 ut
1914 2737 2026 2778 nos
2058 2722 2177 2778 sol-

526 2814 690 2867 veret
718 2826 754 2868 a
778 2809 1024 2882 judicio.
1059 2809 1226 2866 Illum
1249 2826 1392 2882 ergo
1422 2811 1685 2868 converti
1729 2811 1874 2867 facis
1931 2813 2028 2884 pia
2080 2828 2178 2869 ne-

527 2899 806 2970 gotiatrix
831 2912 842 2967 ;
868 2899 1115 2972 insuper
1135 2899 1372 2955 donans
1392 2904 1456 2956 ut
1482 2899 1667 2956 Deum
1688 2900 1913 2956 nedum
1935 2901 2173 2969 iratum,

2293 401 2475 452 στάτιν
2502 406 2755 475 κραταιὰν
2797 408 3118 478 κεκτημένοι,
3167 404 3496 476 πανταχόθεν
3551 402 3694 473 αύτῷ
3746 423 3887 478 περι-

2290 493 2580 564 τρέπουσαν
2629 495 2722 556 τὰς
2783 494 2969 570 ὁρμάς.
3040 492 3100 546 Ὀ
3135 495 3224 567 μὲν
3279 497 3380 569 γάρ
3452 489 3667 546 διπλοῦν
3714 496 3886 569 ἐγείρει

2289 582 2375 630 τὸν
2413 581 2651 654 πόλεμον,
2705 587 2792 636 τόν
2833 587 2942 657 μεν,
3011 582 3203 656 ψυχῶν
3265 583 3432 636 αὐτῶν
3489 584 3886 655 καθικνούμενος

2289 673 2379 721 καὶ
2447 668 2652 742 ἀφανῶς
2715 675 2930 734 ταύταις
2983 670 3344 738 ἐπιϐουλεύων,
3400 675 3483 725 τόν
3540 669 3618 738 δε,
3685 669 3883 744 βάλλων

2289 761 2419 832 πρὸς
2456 762 2522 812 τὰ
2551 759 2695 823 ἐκτός
2750 767 2840 814 καὶ
2898 764 3114 836 φανεράν
3181 761 3231 814 ἐν
3292 764 3498 823 τούτοις
3544 760 3752 833 πληρῶν
3800 766 3889 820 τὴν

2291 846 2576 920 ἀπέχθειαν
2639 871 2652 884 ο
2698 855 2763 904 σὺ
2821 847 2874 904 δ’
2922 851 3031 904 ἀλλ’
3087 850 3318 922 ἀπαντᾷς
3375 849 3730 924 ἀμφοτέρωθεν
3783 849 3889 902 ἐπί-

2289 956 2471 1012 κουρος
2500 942 2744 1013 κραταιά,
2777 941 2945 994 πάντα
2993 937 3204 1014 βοηθεῖν
3257 945 3329 1013 μὴ
3389 944 3541 1013 μόνον
3592 958 3652 1011 γε
3711 937 3888 1012 βουλο-

2289 1026 2588 1098 μένη,ἀλλὰ
2611 1034 2699 1082 καὶ
2752 1026 2954 1105 ῥᾳδίως
3014 1025 3362 1103 δεδυνημένη.
3420 1032 3593 1102 Ταύτῃ
3659 1047 3741 1081 τοι
3800 1033 3887 1082 καὶ

2291 1115 2500 1188 βοηθεῖς
2528 1123 2880 1192 προῖσταμένη
2922 1123 3012 1172 καὶ
3061 1126 3440 1194 προμαχοῦσα,
3491 1123 3598 1185 καὶ,
3663 1121 3785 1191 πρὶν
3851 1119 3878 1176 ἡ

2289 1207 2528 1280 καθαρῶς
2557 1209 2696 1280 ἡμᾶς
2726 1208 3006 1261 αἰσθέσθαι
3035 1216 3134 1260 τῶν
3192 1207 3436 1261 ἐπιόντων
3509 1216 3700 1276 κακῶν,
3768 1210 3886 1279 τρί-

2288 1313 2401 1356 πεις
2431 1304 2597 1348 ταῦτα
2622 1301 2709 1349 καὶ
2752 1304 3047 1372 καταργεῖς.
3107 1297 3183 1350 Ού
3240 1304 3390 1352 τοῦτο
3448 1293 3506 1350 δὲ
3556 1301 3733 1370 μόνον,
3804 1295 3888 1348 ἀλ-

2288 1384 2353 1436 λά
2406 1389 2494 1436 καὶ
2552 1389 2677 1458 πρὸς
2725 1389 2818 1449 τὰς
2863 1385 3139 1447 ἐπιϐουλὰς
3195 1386 3386 1439 ἐκείνου
3465 1386 3509 1439 εἰ
3593 1406 3652 1458 γε
3727 1382 3892 1459 μηδεν

2288 1475 2435 1546 ἡμεῖς
2489 1473 2914 1549 ἀντιπράττομεν,
2977 1484 3359 1549 συμμαχοῦμεν
3420 1473 3478 1528 δε
3528 1475 3741 1547 μᾶλλον,
3805 1475 3892 1528 αύ-

2292 1564 2545 1638 θαιρέτοις
2581 1567 2766 1617 ὡσανιὶ
2804 1573 2986 1628 κακοῖς
3037 1571 3426 1641 περιπίπτοντες
3484 1565 3531 1636 (ό
3592 1561 3652 1617 δε
3718 1581 3893 1641 παρει-

3259 1653 3375 1726 ἆγει
3458 1653 3571 1706 κατ’
3653 1652 3892 1716 ἐξουσίαν

2285 1744 2532 1817 πρόςότι
2569 1748 2660 1796 καὶ
2681 1742 2923 1817 βούλοιτο
2967 1765 2981 1779 ο
3017 1743 3257 1818 βούλεται
3309 1740 3366 1796 δὲ
3432 1748 3522 1796 καὶ
3587 1741 3708 1815 ἆγει
3762 1744 3890 1794 πάνυ

2287 1851 2387 1894 τως
2417 1831 2500 1886 ἐπὶ
2570 1836 2634 1886 τὰ
2683 1835 2978 1908 χείριστα),
3025 1839 3215 1906 νεμεσᾲ
3274 1835 3363 1906 μεν
3416 1836 3536 1893 Θεὸς
3592 1833 3743 1904 ἡμῖν,
3803 1837 3892 1884 καὶ

2286 1925 2415 1996 πρὸς
2446 1923 2606 1996 όργην
2652 1919 2863 1976 δικαίαν
2921 1927 3268 1996 κεκινημένος,
3324 1920 3568 1995 βούλεται
3607 1923 3702 1983 τὰς
3808 1921 3895 1973 εύ-

2290 2013 2444 2073 θύνας
2471 2009 2702 2073 ἐνδίκους
2757 2012 3161 2087 εἰσπράττεσθαι
3223 2033 3236 2046 ·
3287 2015 3352 2064 σὺ
3415 2007 3473 2065 δὲ
3517 2013 3726 2083 φθάνεις
3777 2012 3894 2062 κάν·

2286 2103 2455 2154 ταῦθα
2513 2106 2790 2175 γιγνομένη
2849 2120 3052 2174 μεστις,
3110 2108 3219 2162 ταῖς
3301 2108 3556 2177 μητρικαῖ
3563 2121 3583 2160 ς
3661 2097 3898 2153 καταδυ·

2290 2199 2542 2244 σωποῦσα
2567 2191 2910 2266 παῤῥησίαις,
2977 2197 3067 2244 καὶ
3134 2193 3205 2254 ὡς
3251 2192 3378 2267 ὑπερ
3439 2187 3587 2243 ἰδίων
3643 2193 3898 2242 κατατεί-

2285 2285 2388 2342 νέις
2448 2284 2568 2342 τοὺς
2644 2281 2950 2355 ἰκετηρίους,
3017 2284 3075 2333 τό
3163 2288 3251 2342 τῆς
3343 2283 3543 2353 φύσεως
3651 2283 3898 2353 συγγενὲς

2285 2369 2695 2445 προϐαλλομένη,
2735 2371 2845 2444 ἅμα
2897 2367 2947 2423 δ’
3019 2374 3146 2433 ἴσως
3197 2371 3410 2423 κάκεῖνα
3469 2367 3891 2446 προϐαλλομένη,

2287 2461 2355 2521 ὡς
2412 2459 2565 2512 αὐτὸν
2639 2458 2965 2530 σπλάγχνοις
3028 2454 3238 2522 ὸεδέξω
3280 2463 3369 2511 καὶ
3425 2459 3612 2531 μαζοῖς
3666 2457 3895 2531 ἔθρεψας

2289 2553 2377 2600 καὶ
2415 2547 2551 2620 γάλα
2634 2546 2880 2608 ἑπότισας
2926 2551 3012 2600 καὶ
3064 2549 3231 2610 πάθος
3283 2547 3441 2600 αὐτοῦ
3496 2551 3554 2600 τὸ
3605 2546 3897 2600 τελευταῖον

2286 2633 2517 2690 κατιδεῖν
2548 2641 2638 2690 καὶ
2694 2640 2918 2710 σταυρόν
2949 2636 3181 2709 ἠνέσχου
3237 2637 3315 2709 (1)
3370 2641 3458 2689 καὶ
3504 2637 3754 2704 θάνατον,
3812 2639 3898 2688 καὶ

2286 2725 2438 2779 πάνθ’
2492 2728 2592 2780 ὅσα
2649 2724 2774 2779 ἑκὼν
2832 2726 3019 2788 ἐκεῖνος
3058 2723 3130 2778 δι’
3190 2727 3327 2799 ἡμᾶς
3389 2727 3508 2788 τούς
3548 2730 3901 2800 κατακρίτους

2287 2816 2541 2890 ὑπέμεινε,
2604 2824 2697 2878 τῆς
2772 2811 3088 2878 καταδίκης.
3166 2813 3624 2891 ἁπολυτρούμενος.
3715 2820 3900 2870 Τοίνυν

2285 2912 2375 2960 καὶ
2431 2908 2688 2979 κάμπτεις
2738 2904 3104 2980 πρεσϐεύουσα
3141 2925 3154 2939 ·
3194 2901 3306 2958 εἶτα
3353 2901 3518 2968 δίδως
3575 2906 3731 2979 ἡμῖν,
3790 2903 3896 2957 ἀντ’

526 2988 651 3046 imo
677 2989 1023 3060 diligentem
1051 2994 1106 3045 et
1127 2989 1302 3045 bonis
1334 2988 1743 3046 cumulantem
1757 2990 2173 3062 experiamur;

2286 2995 2646 3070 ὀργιζομένου,
2701 2995 3246 3070 φιλανθρωπευομένου
3325 2996 3608 3070 πειρᾶσθαι
3686 3002 3833 3048 Θεοῦ
3882 3013 3896 3028 ·

526 3078 763 3136 donans
785 3084 868 3150 ut
898 3079 976 3135 ab
1005 3094 1076 3135 eo
1110 3078 1276 3135 bona
1304 3078 1588 3151 donaque
1623 3079 2020 3153 suscipiamus
2067 3095 2175 3153 pro

525 3169 700 3226 malis
731 3186 868 3242 quae
900 3167 1233 3240 suscepturi
1264 3184 1537 3225 ereamus
1574 3173 1627 3226 et
1660 3169 1853 3242 poenis
1885 3184 2038 3242 quas
2066 3169 2177 3226 sol-

525 3272 663 3315 vere
685 3259 1126 3316 debuissemus.
1162 3257 1317 3314 Nihil
1339 3259 1498 3314 enim
1517 3263 1603 3314 est
1631 3258 1878 3315 omnino
1916 3258 2082 3332 quod
2111 3263 2176 3314 tu

526 3345 875 3404 desiderans
889 3363 998 3419 pro
1019 3351 1222 3404 nostra
1240 3346 1632 3404 beneﬁcentia
1651 3365 1686 3404 a
1707 3351 1825 3404 Deo
1845 3362 1966 3404 non
1980 3348 2175 3421 possis

527 3435 879 3508 impetrare:
921 3435 1043 3491 imo
1073 3440 1243 3507 potes
1274 3437 1480 3492 omnia
1507 3441 1661 3492 certe
1701 3442 1757 3492 et
1783 3437 2174 3494 donasmulto

527 3525 721 3594 magis
752 3528 808 3580 et
827 3523 1061 3580 facilius
1079 3540 1265 3596 quam
1283 3523 1428 3580 forte
1442 3525 1624 3581 nosin
1643 3526 1793 3582 votis
1806 3526 2026 3583 habere
2039 3541 2175 3598 pos-

528 3628 757 3671 sumus.
789 3614 1104 3685 Propterea
1134 3613 1354 3668 videris
1379 3617 1436 3670 et
1487 3614 1800 3686 petitiones
1847 3615 2174 3686 praevenire

528 3708 585 3760 et
612 3718 723 3759 nos
753 3701 1244 3776 quasidonajam
1275 3709 1520 3774 accepta
1545 3701 1944 3775 eﬂlagitamus
1969 3705 2174 3762 omnia

527 3791 748 3866 quibus
768 3791 1129 3861 indigemus,
1163 3796 1374 3864 etquae
1388 3796 1526 3847 ante
1542 3793 1968 3864 postulationes
1993 3809 2097 3866 per
2121 3798 2174 3850 te

526 3881 703 3939 nobis
730 3880 898 3936 ﬁunt.
935 3883 1080 3937 Cum
1103 3885 1303 3936 autem
1350 3880 1678 3952 aliquando
1711 3881 1772 3936 in
1801 3882 1980 3938 rebus
2027 3882 2176 3939 utili-

526 3970 643 4028 bus
653 3985 959 4043 perperam
971 3968 1396 4035 desideramus,
1415 3984 1852 4043 perperamque
1865 3971 2174 4027 studemus

529 4063 586 4116 et
626 4059 886 4130 agimus,
921 4063 983 4113 tu
1010 4057 1141 4129 ipsa
1171 4056 1300 4113 haec
1332 4058 1555 4130 optime
1585 4057 1846 4128 dirigens
1876 4063 1933 4114 et
1967 4074 2170 4129 agens,

527 4146 591 4202 in
611 4147 724 4203 hoc
755 4145 1015 4202 maxime
1031 4143 1296 4200 ostendis
1316 4144 1603 4200 bonitatis
1627 4145 1998 4218 thesaurum,
2031 4146 2176 4219 quia

529 4237 686 4293 circa
714 4250 983 4309 quaenon
1009 4235 1344 4305 cogitamus
1367 4249 1564 4307 neque
1587 4235 1865 4308 petimus,
1882 4236 1974 4291 vel
1995 4238 2176 4293 etiam

531 4341 668 4383 cum
697 4324 1112 4380 desideramus
1142 4328 1197 4379 et
1223 4322 1524 4379 tendimus
1557 4323 1634 4380 ad
1659 4324 1886 4396 pejora,
1905 4341 2016 4382 nos
2045 4326 2173 4382 istis

528 4413 816 4472 violenter
848 4413 1024 4485 eripis
1051 4416 1154 4469 aut
1177 4413 1354 4468 etiam
1390 4413 1536 4469 facis
1572 4417 1636 4469 ut
1686 4413 1943 4470 multum
1987 4415 2174 4487 proﬁ-

531 4503 710 4571 ciant,
741 4517 880 4558 cum
899 4501 962 4556 in
1002 4500 1150 4572 ipsis
1213 4516 1353 4558 vere
1418 4505 1613 4574 potest
1673 4502 1866 4560 inesse
1913 4504 2169 4564 utilitas:

530 4592 703 4665 quasi
734 4590 945 4648 invitos
969 4588 1331 4646 benevolens
1358 4590 1419 4645 in
1447 4589 1603 4647 hanc
1638 4608 1744 4648 nos
1777 4593 1959 4650 trahis
1988 4593 2172 4665 viam,

530 4687 589 4740 et
610 4680 826 4739 deinde
848 4694 1092 4736 sensum
1122 4682 1179 4735 et
1201 4678 1508 4736 scientiam
1538 4680 1758 4754 adepti,
1791 4682 1913 4738 vim
1967 4682 2174 4754 diliga-

529 4787 666 4830 mus
678 4785 800 4844 qua
828 4769 890 4824 in
905 4765 1330 4840 experientiam
1343 4765 1488 4823 boni
1512 4767 1685 4825 introi
1696 4769 1906 4827 vimus.
1944 4771 2030 4828 Ita
2059 4787 2173 4829 nos

531 4876 564 4919 e
590 4861 742 4920 vitiis
779 4858 978 4931 eripis,
1018 4855 1121 4913 illa
1149 4855 1325 4926 longe
1346 4854 1670 4928 depellens,
1694 4873 1769 4915 ne
1803 4859 2069 4932 primum
2112 4861 2175 4919 in

529 4950 646 5008 ista
671 4949 1081 5023 impingamus
1111 4961 1249 5002 cum
1270 4944 1598 5018 improviso
1620 4947 1950 5021 periculum
1992 4950 2177 5009 instat

533 5038 788 5097 cadendi
819 5053 832 5104 ;
866 5041 922 5094 et
956 5035 1005 5093 si
1041 5035 1190 5094 forte
1217 5034 1597 5092 inciderimus
1625 5037 1864 5095 ruinam
1893 5043 1950 5096 et
1977 5041 2173 5112 perni-

531 5129 684 5186 ciem
711 5127 1002 5184 reformas
1036 5129 1125 5185 :et
1149 5125 1198 5181 si
1230 5125 1379 5198 quid
1406 5125 1625 5182 horum
1650 5132 1921 5199 potenter
1951 5145 2174 5202 praeva-

531 5217 724 5285 luerit,
761 5221 822 5272 tu
840 5220 1108 5272 nostram
1147 5219 1391 5287 experta
1417 5214 1726 5288 ﬁduciam,
1755 5222 1812 5273 et
1839 5219 2173 5291 periculum

531 5304 1062 5376 evidenteraperis,
1087 5307 1141 5359 et
1164 5303 1548 5377 potissimum
1574 5306 1907 5363 remedium
1938 5309 2173 5381 praebes

2285 3081 2448 3145 δίδως
2474 3089 2563 3137 καὶ
2593 3086 2822 3156 πάσχειν
2879 3078 2932 3136 εὖ
2985 3085 3110 3159 παρ’
3162 3083 3322 3136 αὐτοῦ
3361 3088 3449 3136 καὶ
3498 3079 3696 3158 δωρεὰς
3766 3083 3900 3157 λαμ-

2284 3173 2451 3228 ϐάνειν
2480 3173 2586 3227 ἀνθ’
2638 3174 2705 3225 ὧν
2771 3172 3037 3246 ἐμέλλομεν
3089 3181 3256 3234 κακῶς
3301 3175 3531 3246 πάσχειν
3587 3178 3676 3226 καὶ
3744 3170 3900 3234 δίκας

2285 3261 2498 3328 δικαίας
2553 3263 2904 3319 ἀποτιννύναι.
2972 3259 3113 3317 Ούδε
3157 3266 3259 3338 γάρ
3331 3262 3471 3316 ἔστιν
3524 3259 3648 3316 οὐδὲ
3719 3264 3901 3337 οὐμεν-

2282 3362 2392 3418 οῦν,
2471 3356 2497 3406 ὃ
2552 3373 2608 3425 γε
2677 3356 2740 3406 σύ
2795 3351 3082 3426 βουλομένη
3144 3359 3216 3426 μή
3301 3372 3355 3406 τι
3434 3356 3524 3404 καὶ
3595 3346 3899 3411 δεδύνησαι

2281 3447 2413 3515 πρὸς
2460 3441 2755 3516 εὐεργεσίαν
2807 3443 2950 3514 ἡμῶν
3009 3439 3064 3492 ἐκ
3116 3448 3251 3493 Θεοῦ
3314 3441 3698 3494 κατατίθεσθαι
3743 3457 3757 3471 ·

2287 3532 2490 3604 ἰσχύεις
2527 3533 2694 3584 πάντα
2738 3531 3061 3602 πάνταπασι,
3119 3534 3209 3582 καὶ
3261 3534 3422 3602 νέμεις
3471 3529 3642 3600 πολλῷ
3698 3529 3895 3601 μᾶλλον

2280 3626 2372 3673 καὶ
2397 3621 2521 3695 ῥᾷον
2550 3620 2578 3678 ἦ
2634 3622 2702 3681 ὡς
2744 3618 2803 3671 ἆν
2844 3620 2991 3692 ἡμεῖς
3048 3618 3412 3691 ἐπευξαίμεθα.
3447 3619 3542 3670 Διά
3596 3625 3763 3672 τοῦτο
3810 3623 3896 3670 καὶ

2281 3716 2534 3782 χορηγεῖς
2616 3706 3197 3783 προκαταλαμϐάνουσα
3279 3709 3370 3770 τὰς
3462 3707 3723 3777 αἰτήσεις,
3811 3712 3895 3760 καὶ

2283 3800 2432 3871 ἡμεῖς
2498 3799 2651 3850 οἱονεὶ
2711 3801 2928 3849 κατόπιν
2981 3804 3080 3849 τῶν
3131 3794 3336 3871 δωρεῶν
3377 3800 3562 3869 ἧκομεν
3603 3797 3894 3865 αἰτοῦντες,

2281 3890 2504 3953 πάντων,
2585 3887 2652 3937 ὧν
2706 3888 2766 3938 ἄν
2814 3885 2861 3937 ἐν
2946 3891 3106 3959 χρείᾳ
3154 3887 3450 3958 γενοίμεθα,
3493 3890 3583 3938 καὶ
3637 3890 3746 3959 πρὸ
3797 3895 3895 3939 τῶν

2283 3977 2532 4036 αἰτήσεων
2577 3977 2700 4048 ἡμῖν
2734 3971 2828 4027 διὰ
2859 3983 2954 4028 σοῦ
2991 3979 3329 4048 γιγνομένων.
3389 3979 3490 4028 Καὶ
3545 3979 3726 4027 τοίνυν
3777 3981 3896 4050 περὶ

2281 4073 2378 4117 τῶν
2452 4067 2812 4139 συμφερόντων
2889 4066 3027 4116 ἔστιν
3083 4065 3166 4115 ὅτε
3222 4072 3396 4124 κακῶς
3449 4065 3596 4134 ἡμῶν
3641 4061 3896 4136 βουλευο-

2282 4159 2463 4226 μένων,
2513 4153 2602 4206 άτε
2663 4157 2752 4205 καὶ
2831 4161 3004 4213 κακῶς
3066 4151 3423 4224 ἐπεγνωκότων
3495 4155 3586 4203 καὶ
3635 4171 3892 4227 πραγμα-

2283 4247 2582 4316 τευομένων,
2655 4241 2785 4300 αὕτη
2864 4249 3031 4294 ταῦτα
3091 4245 3328 4314 πράττεις
3411 4240 3636 4316 ἀρίστως
3695 4242 3896 4294 οἰκονο-

2283 4340 2476 4404 μοῦσα,
2524 4335 2613 4384 καί
2672 4349 2732 4402 γε
2781 4333 2867 4382 τὸν
2948 4330 3164 4383 πλοῦτον
3239 4338 3330 4391 τῆς
3388 4329 3775 4404 φιλανθρωπίας
3843 4329 3892 4382 ἐν

2283 4424 2448 4492 τούτῳ
2517 4419 2665 4473 πλέον
2719 4416 3036 4492 ἀποφαίνεις,
3118 4419 3199 4471 ὅτι
3259 4423 3378 4494 περὶ
3430 4419 3497 4468 ὧν
3567 4420 3724 4490 ἡμεῖς
3783 4417 3891 4471 οὔτ’

2284 4505 2518 4582 οἴδαμεν,
2557 4508 2666 4561 οὔτ’
2727 4503 2878 4560 οῦδὲν
2916 4507 3180 4580 αἰτοῦμεν,
3236 4509 3348 4559 ἔστι
3385 4508 3475 4579 μεν
3524 4501 3613 4558 οὖν
3657 4508 3748 4560 ὅτε
3802 4512 3893 4559 καί

2285 4597 2582 4672 βουλόμεθα
2635 4599 2702 4650 τὰ
2750 4601 2936 4670 χείρω,
3005 4596 3063 4649 ού
3134 4597 3338 4658 τούτοις
3397 4596 3531 4667 ἡμᾶς
3571 4593 3745 4668 βιάζῃ
3801 4599 3893 4648 καὶ

2282 4689 2416 4742 πάνυ
2471 4707 2523 4740 τι
2578 4693 2737 4747 ποιεῖς
2795 4687 3118 4761 κεχρῆσθαι,
3199 4683 3519 4737 λυσιτελέσιν
3595 4681 3750 4737 οὖσιν
3822 4689 3895 4747 ὡς

2283 4775 2481 4838 όληθῶς
2537 4777 2859 4849 κεχρῆσθαι,
2938 4776 3157 4837 ἄκοντας
3233 4776 3456 4846 ὡσπερεὶ
3524 4776 3612 4826 τὸν
3693 4779 3892 4849 τρόπον

2282 4873 2462 4920 τοῦτον
2489 4865 2849 4940 ιύεργετοῦσα,
2881 4863 2924 4916 εἰ
2961 4868 3051 4916 καὶ
3079 4865 3209 4937 μετὰ
3264 4868 3358 4921 τὴν
3416 4863 3671 4920 αἴσθησιν
3735 4865 3895 4937 ἡμεῖς

2284 4955 2563 5028 ἀγαπῶμεν
2625 4954 2676 5007 ἐν
2734 4958 2890 5030 πείρᾳ
2950 4961 3042 5007 τοῦ
3100 4951 3259 5006 καλοῦ
3323 4956 3576 5025 γεγόντες,
3642 4959 3749 5007 Καὶ
3812 4972 3894 5006 νο-

2285 5048 2532 5120 σημάτων
2612 5047 2781 5097 τοίνυν
2847 5042 3211 5111 ἁπαλλάττεις,
3304 5043 3373 5094 τὰ
3449 5045 3540 5114 μὲν
3621 5040 3893 5116 πόρῥωθεν

2283 5134 2591 5212 ἀναιροῦσα,
2632 5129 2883 5213 dig-p.116"
2941 5131 2992 5186 ἐν
3047 5131 3224 5195 αύτοῖς
3274 5130 3414 5203 ἡμᾶς
3469 5126 3621 5203 μηδή
3679 5151 3741 5202 γε
3797 5136 3891 5191 τήν

2285 5219 2458 5297 ἀρχὴν
2505 5221 2718 5290 ἁλῶναι,
2778 5219 3046 5293 μελλοντας
3097 5215 3203 5279 ἤδη
3269 5220 3574 5292 ἀπροόπτως
3620 5218 3824 5272 ἁλῶναι
3876 5239 3889 5256 ο

2282 5321 2380 5365 τῶν
2430 5307 2488 5366 δὲ
2539 5315 2629 5366 καὶ
2705 5314 3068 5386 συμπεσόντων
3123 5310 3182 5364 τὸ
3249 5306 3503 5384 βλαϐερόν
3556 5306 3826 5384 ἐκτρέπεις
3874 5325 3890 5346 ο

601 5530 680 5611 (t)
709 5530 915 5595 Stabat
947 5529 1104 5591 enim
1129 5529 1303 5605 juxta
1339 5542 1578 5590 crucem
1609 5547 1623 5591 ι
1656 5530 1777 5590 vid.
1809 5532 2025 5603 Joann,
2046 5550 2167 5604 xix,
2190 5539 2280 5600 25.
