4050 6306
176 261 289 319 1513

1250 251 1343 314 DE
1368 234 1585 316 πετο
1607 245 2055 316 DORMITIONIS
2079 251 2138 316 s.
2160 255 2425 326 manus,

3372 256 3514 323 15M

198 384 236 438 ti
272 379 324 437 δί
363 399 479 434 ⁴τινα
521 380 716 434 τούτων
762 398 853 434 και
893 383 1224 455 κατίσχυσεν
1319 380 1368 436 ἓν
1448 376 1739 456 δυναστείᾳ)

1856 383 2356 459 praastantiusque
2390 381 2557 441 omni
2583 378 2829 441 scientia
2857 381 3144 458 omnique
3173 388 3300 444 arte
3323 388 3514 446 medi-

199 479 280 527 σοῦ
323 473 457 544 τάχα
526 474 624 530 τὴν
679 474 853 524 πίστιν
893 472 1040 543 ἡμῶν
1097 466 1519 545 δοκιμαζούσης,
1591 490 1681 525 και
1728 471 1755 524 ὁ

196 558 397 622 κίνδυνος
449 564 749 632 καταφανὴς
799 561 910 629 ἧκε,
958 563 1133 624 πάσης
1221 559 1449 623 ἐπινοίας
1530 580 1620 614 και
1680 560 1755 614 ἰα-

191 660 305 728 τρῶν
327 653 509 724 τέχνης
566 651 811 723 κρείττων
873 669 965 703 και
1010 658 1111 703 τῶν
1168 646 1462 705 δοκούντων
1514 653 1755 725 ῖσχύρῶς

190 740 233 794 ἕν
277 747 375 803 τοῖς
406 742 660 803 τοιούτοις
717 738 930 814 βοηθεῖν
983 735 1265 805 δύνασθαι,
1327 738 1435 794 ἀλλ’
1492 741 1643 814 ἡμεῖς
1690 741 1756 803 ὡς

186 829 261 885 in!
303 832 355 884 σέ
395 834 555 904 μόνην
611 828 751 890 ὅλαις
800 827 1024 900 ἰλπίσιν,
1081 829 1218 893 ὅλοις
1263 826 1549 904 ὀφθαλμοῖς
1593 831 1757 884 καθα-

185 929 274 996 ρῶς
329 915 547 993 είδομεν,
606 917 752 980 εύθύς
796 919 860 991 (ὣ
916 918 1102 980 πολλῆς
1191 938 1281 973 και
1365 919 1597 992 μεγάλης
1663 939 1754 973 και

180 1013 331 1064 πάντα
357 1005 645 1082 δυναμένης
686 1007 877 1080 ἰσχύος
929 1007 942 1062 l
1005 1009 1046 1060 ὥ
1111 1009 1304 1081 θερμῆς
1378 1006 1681 1085 ἓπικονρίας
1733 1006 1746 1063 l

181 1100 216 1153 ὦ
263 1104 511 1172 ταχίστης
552 1105 656 1151 τῶν
706 1100 1000 1152 κακούντων
1056 1095 1358 1171 ἀπαλλαγῆς
1388 1097 1452 1171 i)
1538 1097 1751 1171 ἀνιστᾷς

177 1192 260 1264 μὶν
307 1190 439 1264 ἡμᾶς
483 1192 690 1264 νεκρούς
738 1191 1020 1262 κειμένους,
1100 1206 1211 1257 και,
1266 1187 1399 1249 πλὴν
1485 1186 1749 1243 ἀναπνοῶν

178 1277 357 1352 ὀλίγων,
405 1275 656 1354 ἀμυδρῶν
707 1297 856 1332 τινων
907 1297 998 1332 και
1062 1280 1274 1351 τούτων,
1338 1280 1399 1331 τὸ
1465 1281 1560 1352 ζῇν
1633 1277 1747 1333 ὅλον

177 1364 556 1440 ἔκλέλοιπόντας,
631 1363 937 1442 φυγαδεύεις
1004 1363 1065 1421 δι
1145 1372 1331 1431 νόσους
1405 1364 1742 1436 ἀνηκέστους,

173 1477 253 1511 και
274 1460 404 1517 πάθη
467 1460 695 1533 κραταιὰ
736 1452 990 1527 διαλύεις,
1043 1453 1233 1532 μηδενί
1276 1476 1380 1511 τινι
1434 1466 1535 1511 τῶν
1582 1456 1745 1511 ἄλλων

170 1541 408 1620 μηδαμῶς
471 1550 693 1602 εἴκοντα.
742 1545 895 1600 Ὀθεν
945 1566 1035 1599 και
1100 1545 1148 1600 οἶ
1201 1554 1295 1610 τῆς
1373 1546 1595 1622 ἑσπέρας
1694 1546 1744 1600 ἐν

167 1636 480 1711 κλαυθμῶνος
543 1637 694 1710 ἡμεῖς
745 1643 1050 1699 σκηνοῦντες
1103 1640 1319 1711 πρωῖνοί
1386 1655 1518 1700 τινες
1595 1632 1744 1699 αὖθις

165 1726 354 1800 ἣκομεν,
421 1727 472 1780 ἐν
544 1724 850 1799 ἀγαλλιάσει
902 1734 1189 1802 τρυφῶντες
1249 1725 1350 1799 (1),
1396 1744 1487 1779 και
1579 1721 1743 1779 διπλᾶ

163 1821 416 1892 χαίρομεν,
437 1818 522 1870 ὅτι
572 1835 627 1870 τε
680 1812 845 1889 μηδὲν
902 1817 1006 1869 οἷον
1060 1814 1115 1869 ἔκ
1174 1824 1273 1869 τῶν
1336 1815 1740 1888 συνενεχθέντων

1860 488 2072 531 eorum
2102 480 2160 532 et
2179 474 2462 532 omnibus
2488 472 2560 531 iis
2580 473 2687 548 qui
2712 471 2986 530 videnlur
3009 489 3187 548 posse
3206 474 3270 533 in
3292 476 3513 535 talibus

1860 562 2153 631 auxiliari,
2186 563 2233 621 si
2255 578 2473 638 nempe
2494 562 2556 620 in
2578 567 2632 619 te
2655 561 2848 621 solam
2864 577 3108 620 omnem
3139 580 3510 640 reponamus

1862 667 2051 727 spem,
2086 653 2285 712 statim
2313 654 2373 728 (ο
2407 653 2711 711 immensa
2737 657 2797 711 et
2824 653 3093 712 maxima
3128 659 3187 712 et
3231 656 3514 731 omnipo-

1860 744 1990 799 tens
2022 742 2213 801 virtus
2248 743 2261 801 ι
2294 758 2331 800 o
2364 742 2663 801 fervidum
2698 742 3033 800 remedium
3066 742 3081 799 ι
3116 759 3154 801 o
3201 744 3514 806 celerrima

1860 830 2160 889 malorum
2182 834 2488 891 evacuatio
2521 832 2565 905 ι)
2596 831 2772 904 erigis
2800 847 2913 889 nos
2942 835 3133 891 morte
3156 833 3423 901 affectos,
3453 839 3514 894 et

1859 919 2104 990 debiles,
2131 921 2405 979 ultimum
2432 921 2608 996 quasi
2627 921 2757 978 vitm
2776 921 2990 978 ﬂatum
3010 921 3355 981 exhalantes
3381 939 3395 987 ;
3421 923 3513 982 fu-

1859 1025 1967 1081 gas
1998 1014 2198 1068 autem
2231 1010 2477 1070 morbos
2508 1010 2897 1083 insanabiles,
2931 1016 2988 1067 et
3023 1016 3237 1084 potens
3266 1012 3508 1072 dolores

1859 1098 2041 1156 solvis
2069 1100 2351 1158 omnibus
2379 1098 2605 1157 ceteris
2635 1098 2921 1174 impares.
2956 1100 3122 1158 Unde
3147 1106 3206 1159 et
3238 1116 3351 1160 nos
3404 1102 3512 1177 qui

1854 1204 2098 1263 vespere
2117 1189 2179 1246 in
2199 1188 2384 1247 domo
2403 1188 2601 1247 luctus
2616 1187 2918 1262 plorantes
2930 1188 3312 1261 sedebamus,
3326 1206 3510 1250 mane

1854 1277 2069 1335 iterum
2096 1277 2481 1352 procedimus
2525 1274 2590 1335 in
2616 1277 2819 1337 laetitia
2849 1278 3237 1351 exsultantes,
3283 1285 3342 1338 et
3389 1280 3509 1339 du-

1852 1366 1992 1441 plici
2030 1366 2254 1440 gaudio
2283 1367 2556 1426 laetamur
2584 1374 2644 1426 et
2661 1368 2806 1442 quia
2829 1383 2906 1426 ne
2937 1384 3126 1426 unum
3155 1369 3405 1444 quidem
3433 1380 3510 1431 ex

1852 1456 2029 1514 malis
2067 1457 2484 1531 ingruentibus
2526 1474 2665 1515 vere
2702 1458 2764 1515 in
2787 1458 2973 1516 ﬁnem
3002 1459 3178 1517 nobis
3207 1457 3510 1520 dominari

1851 1546 2063 1619 potuit,
2095 1551 2153 1604 et
2188 1547 2332 1621 quia
2361 1563 2467 1620 per
2495 1551 2550 1605 te
2581 1546 2839 1605 salutem
2870 1548 3229 1622 accipientes
3257 1548 3508 1608 indubi-

1852 1641 2044 1692 tanter
2062 1636 2363 1693 conlidere
2393 1637 2709 1710 posuimus
2729 1635 2895 1707 quod
2916 1636 3143 1695 nullum
3170 1650 3241 1695 ex
3258 1638 3508 1698 exterioa

1850 1724 2018 1783 ribus
2048 1725 2140 1783 vel
2167 1725 2414 1783 minime
2438 1727 2615 1784 nobis
2644 1726 2842 1784 denuo
2869 1741 3086 1787 nocere
3115 1728 3326 1802 possit,
3355 1728 3505 1788 dum

1852 1815 1914 1872 in
1946 1821 1999 1872 te
2028 1815 2271 1889 plenam
2293 1815 2477 1873 ﬁdem
2502 1816 2917 1874 habuerimus.

159 1903 277 1969 εἰκὸς
296 1907 375 1960 ἐπί
402 1905 582 1969 τέλους
609 1908 914 1980 κεκράτηκε,
945 1925 1037 1959 και
1060 1907 1140 1959 ὅτι
1170 1901 1266 1959 διὰ
1291 1912 1386 1959 σοῦ
1410 1909 1801 1980 τὴνισωτηρίαν
1841 1904 2136 1980 εἰλήφαμεν,
2169 1903 2377 1979 ἔχοντες
2407 1904 2537 1960 κάπὶ
2561 1913 2673 1969 τοῖς
2694 1905 2810 1970 ἑξῆς
2838 1906 2945 1980 ούχ
2980 1909 3177 1968 ἣκιστα
3204 1906 3409 1987 θαρῥεῖν
3435 1903 3505 1975 ὡς

154 1991 289 2048 οὐδὲν
317 1998 455 2068 ἡμᾶς
478 1992 593 2049 οὐδ’
625 1991 776 2058 αὖθις
792 1991 1039 2069 οὐδαμῶς
1067 1993 1281 2070 βλάψει,
1314 1998 1400 2049 σοὶ
1428 1990 1463 2049 δ
1468 1993 1523 2048 ιά
1545 1998 1734 2059 παντὸς
1756 2000 2202 2072 προσανέχοντας.

218 2088 311 2137 Καί
334 2089 436 2158 μὴν
478 2092 646 2138 ταῦτα
695 2087 785 2158 μεν
837 2087 987 2137 κοινὰ
1021 2090 1158 2138 πᾶσι
1186 2084 1304 2138 καθ’
1335 2083 1422 2138 ἕνα
1471 2103 1562 2137 και
1606 2086 1741 2138 κατά

151 2176 333 2248 καιρὸν,
376 2177 442 2236 ὡς
486 2173 664 2243 εἰπεῖν,
715 2172 1052 2249 ἐνεργούμενα
1107 2195 1119 2208 ·
1169 2173 1204 2226 ἆ
1252 2170 1303 2227 δ’
1355 2171 1405 2225 ἓν
1456 2172 1565 2247 ἰμοί
1622 2166 1740 2227 δια-

152 2267 404 2336 φερόντως,
444 2270 564 2326 πῶς
613 2261 673 2315 ἃν
727 2263 881 2317 εἰπὼν
939 2261 1294 2338 ἀποχρώντως
1366 2262 1428 2316 ἂν
1490 2263 1736 2336 εἰποιμις

148 2349 408 2425 Ἐπιλείψει
434 2372 506 2428 με
526 2349 871 2427 διηγούμενον
937 2354 963 2406 ὁ
1018 2357 1228 2427 χρόνος,
1285 2372 1375 2406 και
1423 2358 1497 2427 μὴ
1557 2354 1640 2407 ὅτι
1678 2371 1739 2426 γε

147 2444 270 2495 κατὰ
298 2448 420 2517 μίαν
473 2442 741 2515 γλῶσσαν,
813 2441 920 2496 ἀλλ’
998 2439 1116 2497 οὐδ’
1161 2442 1221 2496 ἂν
1308 2447 1519 2517 μυρίαις
1592 2444 1740 2504 ὅσαις

147 2524 564 2607 ἀπομερισαμην,
633 2532 753 2585 ὥστ’
836 2531 992 2592 ἄλλην
1053 2534 1195 2605 ἔχειν
1268 2528 1399 2584 ἄλλα
1471 2527 1735 2596 διεξιέναι.

147 2618 273 2679 Πλὴν
315 2622 396 2675 ὅτι
455 2641 556 2675 και
607 2624 671 2674 τά
724 2624 854 2696 πρὸς
906 2621 1122 2674 ἕκαστον
1172 2619 1287 2694 ἔμοι
1338 2628 1515 2693 σαφῶς
1563 2617 1740 2693 διαφί-

143 2727 233 2782 ρει,
261 2708 420 2779 ἓστιν,
463 2712 640 2784 οἶμαι,
670 2718 770 2763 τῶν
801 2710 1040 2764 ἁπάντων
1098 2706 1272 2771 οὐδεὶς
1320 2708 1372 2773 ὃς
1430 2707 1514 2763 ἓπί
1569 2711 1737 2781 τούτῳ

143 2792 321 2860 διπλῆν
347 2801 463 2873 ἔχει
515 2805 748 2874 γνώμην.
810 2804 910 2854 Καί
955 2803 1059 2877 γὰρ
1108 2804 1167 2853 τό
1218 2818 1274 2852 τε
1321 2799 1516 2873 σχήμα
1574 2819 1665 2852 και
1710 2798 1738 2851 ὁ

140 2893 220 2949 τῆς
260 2886 432 2963 ἀρχῆς
511 2888 666 2961 λόγος
729 2890 1036 2943 εἱσποιεῖται
1113 2891 1329 2957 πάντας,
1401 2888 1428 2942 ὅ
1492 2888 1540 2943 τ’
1615 2886 1737 2962 ἱμὸς

139 2982 333 3049 τρόπος,
359 2998 450 3032 και
500 2976 645 3051 ύμεῖς
694 2979 806 3031 ίστε
859 2979 1067 3040 πάντως
1126 2980 1191 3040 ὡς
1244 2976 1329 3031 ἐπί
1401 2980 1558 3031 παντί
1603 2977 1736 3050 κάμο

141 3080 326 3138 πτομαι
376 3073 680 3141 συμφοραῖς
735 3071 1066 3142 κεχρημένῳ,
1097 3087 1187 3120 και
1243 3068 1541 3120 τούναντίον
1583 3061 1736 3129 αὖθις

143 3153 464 3230 εἰσποιοῦμαι
489 3157 589 3216 τὴν
604 3156 787 3233 χάριν,
830 3156 873 3210 εἰ
907 3176 987 3218 τις
1030 3156 1084 3210 εὖ
1130 3158 1268 3229 ἔχων
1331 3153 1731 3225 ἀπαλλάττοιτο,

144 3243 270 3306 θείας
307 3248 632 3320 προμηθείας
694 3245 997 3319 ἠξιωμένος.
1093 3249 1189 3299 Δια
1238 3265 1321 3299 τοι
1402 3252 1555 3299 τοῦτο
1643 3262 1735 3297 και

139 3329 276 3386 πλέον
332 3343 434 3388 τῶν
490 3333 660 3388 ἄλλων
728 3333 965 3388 ἀπάντων
1038 3334 1189 3397 αὐτὸς
1270 3332 1734 3408 ἀνθομολογεῖσθαι

138 3428 195 3493 τῇ
233 3429 407 3498 Μητρί
431 3432 530 3478 τοῦ
573 3429 701 3478 Θεοῦ
733 3420 961 3488 δίκαιος,
988 3425 1018 3484 ἣ
1075 3423 1285 3498 μᾶλλον,
1348 3425 1471 3476 ὅσον
1517 3422 1734 3497 εὐχαρι-

141 3515 281 3575 στίας
296 3512 407 3567 ἀνθ’
456 3515 530 3567 ὧν
591 3516 777 3587 ἐφημςν
833 3533 922 3566 και
968 3512 1162 3567 πολλῶν
1220 3513 1400 3586 ἑτέρων
1467 3510 1732 3585 (οὐμενοῦν

139 3599 263 3653 εἰποι
306 3622 381 3665 τις
438 3603 504 3656 ἂν
560 3602 752 3661 ἡλίκων
811 3622 902 3656 και
979 3604 1140 3677 ὅσων)
1214 3609 1360 3662 κοινῆ
1424 3608 1585 3655 πᾶσιν
1666 3600 1733 3663 εἰς

135 3684 412 3762 ἀναγκαίαν
440 3691 655 3767 ὀφειλὴν
698 3694 927 3767 ζοχεται,
982 3691 1124 3745 τοῦτ’
1171 3694 1346 3765 ἔμοιγε
1392 3695 1462 3764 μὴ
1520 3694 1578 3743 τό
1629 3696 1731 3743 πᾶν

134 3782 296 3850 μόνον,
322 3780 454 3836 ἀλλὰ
473 3802 574 3835 και
628 3780 798 3853 πολλῷ
851 3780 1080 3844 πλείονος
1125 3781 1175 3834 ίν
1231 3781 1508 3855 προσθήκῃ
1564 3796 1732 3852 προσ·

133 3865 263 3931 ὁντος
306 3874 445 3925 κατά
488 3875 584 3925 τὸν
639 3869 755 3923 ἴσον
846 3872 1062 3945 ἔρχεται
1131 3869 1303 3941 λόγον,
1380 3888 1471 3921 και
1541 3867 1584 3921 εἰ
1656 3870 1727 3941 μή

130 3961 246 4029 πρὸς
272 3958 444 4032 ἀξίαν,
510 3958 625 4013 ἀλλ’
677 3960 764 4013 οὖν
821 3958 1152 4013 ἀποτιννύναι
1206 3978 1274 4012 τα
1321 3953 1539 4029 δυνατά,
1589 3957 1730 4010 τουτ’

132 4046 273 4111 αὐτὸς
312 4051 411 4104 ούκ
459 4050 524 4105 ἂν
567 4049 1023 4123 ἀγνωμονῆσαιμι.
1086 4048 1456 4121 Πλατυνομίνῳ
1516 4065 1608 4120 μοι
1671 4042 1731 4100 δε

128 4139 214 4195 τὴν
256 4136 491 4214 καρδίαν
541 4141 751 4201 εἰκότως
798 4138 1216 4196 πλαωνθὴσεται
1266 4157 1357 4190 και
1424 4139 1485 4189 τό
1536 4140 1728 4209 στόμα,

130 4234 228 4290 τοῖς
283 4229 748 4306 εύχαριστηρίοις,
816 4232 887 4293 ὡς
949 4236 1073 4302 γοῦν
1120 4229 1347 4303 ἐφικτὸν,
1413 4227 1729 4301 ἐπιθέμενον,

130 4314 228 4372 ἐπεί
253 4340 345 4374 και
374 4329 540 4375 τοῦτο
576 4324 740 4374 πόσον
769 4319 819 4373 ἓν
861 4322 1072 4381 ὁπόσοις
1110 4316 1253 4396 εὗρον
1307 4317 1407 4392 ἐγὼ
1461 4325 1730 4372 στενούσιν
1763 4300 1805 4354 D

131 4402 371 4485 ἀνιαροῖς,
428 4411 769 4488 εὐρυχωρίαν
835 4405 1077 4468 δηλονότι
1134 4408 1322 4482 ψυχῆς
1370 4427 1462 4461 και
1502 4402 1732 4482 παρδίας

125 4494 279 4552 πλατύ
289 4504 427 4574 σμόν

192 4587 553 4664 Ἐμεγαλυνας
753 4592 915 4664 ἡμᾶς,
968 4609 1059 4643 και
1133 4587 1202 4651 είς
1278 4590 1454 4665 θρόνον
1526 4595 1726 4655 τοῦτον,

124 4696 207 4732 και
233 4677 426 4757 μοῖραν
476 4682 681 4738 ταύτην
709 4685 804 4740 τήν
861 4678 1065 4752 ὗψηλην
1116 4698 1208 4732 και
1255 4687 1437 4732 πασῶν
1483 4686 1584 4730 τῶν
1633 4676 1731 4730 ἄλ-

123 4764 215 4820 λων
264 4779 603 4844 κρατοῦσαν,
658 4769 713 4834 ἐξ
789 4768 953 4822 αὐτῶν
1024 4770 1335 4843 σπαργάνων
1428 4765 1732 4828 ἑνεϐίϐασας

121 4861 364 4934 φέρουσα,
389 4880 491 4915 και
530 4878 593 4933 γε
632 4854 726 4912 διὰ
770 4866 870 4912 τῶν
918 4857 1269 4933 εύθυμοτίρων
1327 4854 1408 4910 ἀεί
1467 4858 1555 4910 τὸν
1612 4854 1730 4929 βίον

122 4945 321 5018 ἰθύνειν,
376 4958 548 5004 τοῦτο
594 4952 685 5003 σὸν
732 4946 784 5012 ἕξ
835 4946 1011 5021 ἀρχης
1061 4944 1324 5021 βούλημα,
1383 4964 1470 4998 και
1521 4946 1730 5019 εἴχομεν

117 5032 174 5088 ἀν
219 5038 357 5093 οὕτω
409 5057 531 5101 τοις
577 5033 767 5101 δεξιοῖς
824 5040 1057 5098 συνόντες
1103 5053 1193 5089 και
1267 5043 1369 5089 τῶν
1447 5031 1731 5111 ἀριστερῶν

176 5270 257 5344 (1)
286 5267 818 5346 RespicitPsalm.
873 5283 1038 5346 xxix,
1085 5269 1164 5346 6‘:
1195 5269 1267 5323 Τὸ
1305 5265 1550 5346 ἑσπέρας-
1576 5263 1733 5346 αύλι-

116 5336 367 5416 ςθησεται
413 5336 712 5416 κλαυθμός,
742 5360 859 5416 ’και
937 5336 1029 5403 εἰς⁷
1078 5341 1335 5416 τάπρωί
1397 5336 1730 5416 ἀγαλλίασις.

113 5413 207 5472 Est
234 5408 666 5492 nauigante;
700 5408 947 5469 dictum
988 5426 1100 5486 pro
1126 5410 1201 5492 fw
1234 5408 1245 5416 ’
1267 5408 1416 5492 δόμῳ
1439 5408 1736 5492 κλαυθμῶ-

110 5481 502 5615 misEllipsis'
520 5489 615 5543 est
637 5484 794 5542 bene
838 5481 1055 5556 graeca,
1084 5481 1502 5557 phrasis’ipsa
1545 5481 1738 5540 orien-

524 5683 772 5741 PATROL.
811 5682 915 5742 Ga.
946 5680 1097 5740 CXL.

1923 2084 2039 2144 Sed
2058 2085 2189 2143 hree
2217 2084 2500 2143 omnibus
2531 2084 2930 2143 communiter
2973 2089 3030 2143 et
3085 2086 3334 2160 singulis
3392 2103 3505 2162 pro

1850 2177 2117 2248 tempore
2146 2174 2523 2245 contigerunt
2555 2188 2568 2231 :
2598 2189 2735 2248 qua;
2761 2189 2898 2231 vero
2929 2174 3078 2233 mihi
3120 2176 3505 2234 excellentius

1846 2263 2004 2321 facta
2027 2268 2166 2320 sunt
2185 2262 2495 2337 quomodo
2508 2261 2778 2320 sufﬁcere
2798 2265 3030 2336 possim
3045 2264 3122 2322 ad
3145 2264 3505 2323 dicendum?

1847 2351 2085 2409 Deficiet
2111 2357 2347 2427 tempus
2377 2351 2647 2410 narranti
2680 2371 2693 2422 ;
2719 2366 2843 2409 non
2868 2353 3035 2426 quod
3058 2366 3243 2411 unam
3268 2358 3505 2412 tantum

1847 2438 2105 2498 habeam
2136 2439 2427 2513 linguam,
2461 2440 2568 2499 sed
2603 2445 2661 2499 et
2688 2441 2965 2516 quamvis
3010 2439 3176 2500 illam
3231 2443 3294 2500 in
3341 2442 3503 2500 mille

1845 2545 2088 2604 possem
2116 2530 2405 2601 dividere,
2436 2537 2502 2588 ut
2521 2529 2638 2589 alia
2663 2526 2823 2588 aliud
2864 2529 3287 2605 proclamaret.
3318 2529 3386 2590 Et
3411 2531 3502 2589 in-

1847 2635 2027 2693 super
2052 2619 2101 2676 si
2128 2635 2359 2677 mecum
2390 2624 2624 2678 mature
2649 2620 2970 2693 recogitem
3000 2621 3146 2695 quid
3179 2620 3503 2696 unusquis-

1845 2723 1964 2782 que
1983 2708 2200 2775 valeat,
2225 2709 2425 2766 nullus
2451 2714 2559 2777 est,
2582 2715 2648 2767 ut
2667 2709 2906 2785 opinor,
2931 2711 3035 2785 qui
3055 2711 3117 2768 in
3140 2703 3241 2769 illo
3261 2709 3502 2783 negotio

1845 2796 2148 2871 duplicem
2185 2797 2408 2857 habeat
2471 2799 2806 2857 scientiam.
2864 2797 3092 2857 Etenim
3137 2799 3503 2859 auctoritatis

1842 2884 2039 2943 forma
2062 2887 2334 2960 ratioque
2365 2904 2603 2961 semper
2631 2888 2854 2959 vigent,
2873 2894 2931 2946 et
2960 2889 3089 2947 haec
3109 2904 3245 2946 mea
3260 2889 3498 2962 regula;

1843 2990 1987 3032 nam
2017 2976 2129 3049 ipsi
2150 2975 2338 3050 probe
2365 2977 2527 3033 scitis
2554 2982 2855 3051 quantum
2875 2982 3035 3035 totus
3054 2975 3280 3036 eﬂiciar
3294 2993 3407 3052 pro
3426 2990 3500 3036 eo

1842 3063 1946 3136 qui
1972 3063 2248 3135 graviora
2268 3065 2509 3139 patitur,
2542 3070 2599 3122 et
2627 3070 2834 3124 contra
2861 3065 2924 3124 in
2949 3066 3281 3138 gratiarum
3310 3069 3497 3125 actio-

1842 3153 1934 3210 nis
1964 3169 2281 3227 erumpam
2311 3170 2449 3212 cum
2476 3152 2692 3229 aliquis
2719 3155 2970 3213 moritur
2997 3152 3197 3213 bonus
3244 3156 3498 3215 misera~

1842 3242 2001 3300 tione
2031 3241 2235 3302 divina
2261 3243 2482 3316 dignus
2533 3243 2874 3301 habendus.
2929 3248 3244 3319 Propterea
3300 3239 3497 3319 magis

1841 3348 2029 3407 quam
2059 3334 2254 3392 cmteri
2282 3350 2495 3391 omnes
2524 3333 2687 3392 Matri
2718 3335 2818 3392 Dei
2843 3351 2941 3392 me
2971 3333 3242 3393 conﬁteri
3262 3336 3497 3408 justum

1843 3427 1954 3493 est,
1983 3423 2316 3496 praesertim
2347 3439 2486 3481 cum
2513 3423 2734 3495 gratias
2754 3423 2973 3481 referre
2991 3440 3178 3498 quam
3199 3425 3499 3483 maximas

1842 3518 2084 3584 propter
2110 3528 2183 3569 ea
2211 3528 2348 3585 quas
2367 3511 2493 3569 dixi
2515 3516 2575 3570 et
2610 3511 2729 3570 alia
2757 3512 3074 3587 permulta,
3126 3512 3286 3588 (quis
3336 3514 3499 3572 enim

1841 3600 2037 3658 dicere
2056 3601 2249 3675 possit
2267 3606 2415 3675 quot
2433 3607 2491 3659 et
2507 3607 2738 3676 quanta
2752 3603 2933 3675 sint?)
2962 3602 3228 3662 oﬂicium
3249 3604 3501 3662 exsistat

1843 3690 2110 3748 solemne
2138 3696 2197 3747 et
2237 3690 2651 3749 necessarium
2696 3707 3142 3766 communeque
3196 3693 3498 3762 omnibus,

1841 3778 1988 3836 illud
2018 3796 2259 3836 sacrum
2292 3795 2511 3836 munus
2536 3795 2661 3837 non
2682 3779 2867 3836 modo
2886 3785 3079 3837 totum
3099 3779 3245 3837 mihi
3263 3777 3495 3838 incum‘

1841 3868 1948 3936 bit,
1979 3867 2087 3926 sed
2109 3874 2166 3926 et
2193 3869 2382 3926 multo
2420 3869 2614 3942 magis
2646 3884 2758 3943 pro
2794 3869 3173 3926 multitudine
3191 3868 3497 3928 bonorum

1840 3958 1916 4014 de
1931 3957 2153 4031 quibus
2181 3973 2381 4015 sermo
2402 3963 2507 4025 est,
2527 3957 2653 4013 etsi
2674 3973 2796 4014 non
2818 3957 3107 4029 attingere
3128 3962 3337 4032 potero
3362 3958 3496 4031 ejus

1841 4046 2140 4118 meritum,
2176 4050 2237 4104 at
2256 4045 2467 4103 saltem
2494 4061 2617 4102 non
2647 4045 2962 4103 inficiabor
2978 4062 3089 4120 pro
3108 4061 3289 4119 posse
3315 4046 3501 4105 conti-

1842 4135 1966 4192 teri.
2002 4134 2271 4193 Dilatabo
2297 4151 2440 4205 ergo
2471 4150 2574 4191 cor
2604 4151 2805 4192 meum
2833 4139 2887 4193 et
2921 4134 3101 4192 simul
3147 4132 3498 4193 dilatabitur

1840 4240 1908 4282 os
1929 4240 2132 4281 meum
2152 4223 2404 4282 vocibus
2424 4224 2756 4297 gratiarum
2773 4224 2946 4297 juxta
2959 4223 3024 4281 id
3044 4224 3211 4298 quod
3241 4239 3495 4298 possum

1840 4317 1897 4371 et
1924 4313 2088 4388 quod
2119 4312 2297 4371 statui
2326 4330 2341 4382 ;
2373 4328 2512 4369 cum
2538 4311 2622 4371 ita
2651 4312 2981 4370 invenerim
3012 4312 3075 4370 in
3102 4312 3495 4386 quantiscun-

1839 4419 1958 4476 que
1983 4401 2140 4460 curis
2167 4405 2504 4460 coarctatus
2533 4406 2591 4459 et
2613 4400 2993 4460 latitudinem
3034 4402 3252 4460 mentis
3277 4407 3336 4461 et
3363 4419 3495 4464 cor-

1839 4492 1941 4559 dis,
1955 4492 2382 4551 dilatationem.

1912 4582 2302 4655 Magniﬁcain
2329 4580 2491 4640 enim
2520 4597 2657 4651 nos,
2683 4579 2941 4655 eripiens
2972 4598 3047 4642 ex
3094 4582 3222 4641 istis
3274 4583 3497 4659 pannis

1839 4673 2096 4730 miseriae
2120 4678 2178 4730 et
2197 4670 2481 4730 extollens
2520 4688 2714 4747 usque
2742 4670 2824 4730 ad
2868 4672 3155 4731 thronum
3210 4673 3392 4731 istum
3439 4679 3499 4732 et

1841 4768 2062 4820 sortem
2131 4761 2292 4819 hanc
2371 4760 2692 4819 sublimem
2767 4767 2822 4819 et
2911 4763 3137 4821 caeteris
3209 4762 3494 4820 omnibus

1840 4851 2336 4919 excellentiorem,
2368 4866 2407 4908 a
2448 4852 2744 4926 principio
2793 4850 3003 4908 volens
3052 4856 3111 4908 et
3161 4865 3377 4907 curans
3431 4854 3497 4908 ut

1840 4941 2162 5001 fortissime
2184 4956 2421 5014 semper
2439 4942 2629 4999 vitam
2640 4940 2990 5008 rexcrimus,
3005 4938 3167 4997 unde
3176 4953 3494 5012 possemus

1841 5031 1924 5091 ita
1948 5032 2010 5090 in
2037 5030 2216 5090 bonis
2246 5035 2305 5089 et
2327 5028 2782 5104 perfectioribus
2799 5028 3145 5098 consistere,
3177 5031 3242 5085 ut
3270 5043 3308 5086 a
3325 5025 3494 5086 nullo

1915 5262 1994 5337 (2)
2020 5260 2313 5337 orationis
2353 5258 2516 5337 color
2567 5256 2966 5337 esttbiblicus
2998 5258 3245 5337 _Psalm.
3302 5272 3491 5337 om",

1844 5327 1935 5393 32‘
1974 5327 1996 5388 ἐ
2057 5331 2341 5406 ίπλάτυνάς
2391 5335 2496 5406 τὴν
2533 5327 2761 5406 καρδίαν
2810 5349 2941 5406 μου..
2998 5335 3115 5387 lsa.
3190 5347 3247 5398 v,
3320 5333 3387 5388 14
3445 5327 3490 5406 -ξ

1845 5406 2118 5536 ίῗλέίτυνιν
2148 5408 2174 5460 ὀ
2224 5401 2362 5477 ᾅδης
2444 5405 2540 5460 τὴν
2603 5400 2821 5474 ’ψυχὴν
2880 5400 3058 5457 αὐτοῦ.
3145 5408 3335 5477 Atque
3412 5402 3497 5457 sic

1844 5493 1923 5536 at
1971 5495 2009 5536 ι.

2961 5668 3063 5729 48.
