4050 6306
537 224 674 291 1516
1885 207 2262 268 NICEPHOBI
2286 210 2553 269 CHUMNI
3767 204 3901 273 1516

534 348 634 413 vel
660 344 908 404 minime
927 356 1201 415 unquam
1240 339 1702 402 dimoveremur,
1736 333 2073 392 dummodo
2092 350 2133 387 Vt

2307 333 2383 385 3π’
2455 332 2662 397 οὐδενὸς
2732 336 2793 389 ἃν
2841 334 2957 390 οὐδ’
3033 339 3270 393 ὁπωσοῦν
3309 337 3715 412 ἠνωχλήθημεν,
3776 344 3823 392 εἳ
3849 359 3906 412 γε

536 437 749 494 luntati
773 439 889 490 tuae
922 432 1321 503 obsequentes
1351 428 1549 484 cordis
1576 428 1759 483 nostri
1790 424 2083 481 desideria
2103 422 2135 477 fl

2309 430 2389 473 τοῦ
2463 432 2558 476 σοῦ
2608 426 2893 499 θελήματος
2952 426 3121 479 ὀπίσω
3208 432 3299 480 καὶ
3353 432 3425 499 μὴ
3486 436 3586 479 τῶν
3667 424 3908 503 καρδιῶν

539 540 840 598 geremus.
879 524 1205 591 Postquam
1234 522 1457 585 autem,
1490 532 1527 572 a
1555 521 1716 571 recta
1755 514 2053 570 bonorum
2092 513 2138 566 vi

2308 511 2445 598 ὴμῶν
2501 509 2845 586 ἐπορεύθημεν
2908 514 2987 586 (1)
3049 536 3060 547 ·
3109 512 3217 567 ἐπεὶ
3274 510 3352 581 δὲ,
3430 523 3525 578 τῆς
3578 524 3678 568 τῶν
3741 515 3907 569 καλῶν

539 596 937 673 deﬂectentes,
965 608 1045 664 ad
1073 624 1143 664 ea
1172 623 1311 681 quae
1343 622 1467 664 non
1496 610 1730 679 oportet
1758 602 2131 659 convertimu

2312 596 2500 660 εὐθείας
2577 598 2931 672 ἐκτραπέντες,
3003 605 3130 676 πρὸς
3171 601 3205 653 ἃ
3258 606 3330 675 μὴ
3390 613 3656 677 προσῆκον
3718 603 3911 677 ἐστρά-

534 706 696 778 juste
723 699 976 756 immisit
1014 697 1345 754 cruciantes
1376 694 1635 752 dolores.
1698 690 1969 748 Conclusi
2015 691 2133 760 igiti

2311 708 2487 760 γημεν,
2553 690 2672 747 ἧκεν
2726 691 2934 752 εἰκότως
2984 690 3300 764 ἐνοχλοῦντα
3362 697 3429 745 τὰ
3478 693 3686 768 λυπηρά
3743 715 3758 727 ο
3823 700 3910 746 καὶ

541 776 1102 866 quasiquibusdam
1130 785 1275 840 seris
1321 782 1583 855 propriis
1646 778 2137 852 desperationibu

2312 787 2426 850 γοῦν
2456 776 2607 852 ἡμεῖς
2666 778 2715 831 ἐν
2769 780 3022 854 ἀθυμίαις
3069 783 3169 835 ὑπὸ
3227 791 3326 834 τῶν
3367 778 3515 836 ἰδίων
3567 786 3759 837 ὡσανεὶ
3810 803 3911 836 σει-

543 864 804 937 adversis
831 874 1146 939 contriti,et
1175 869 1712 937 dolentes,nullam
1741 868 2005 941 undique
2035 882 2137 939 spe

2311 876 2406 941 ρῶν
2478 874 2905 942 συσφιγγὸμενοι,
2958 875 3049 923 καὶ
3118 878 3234 933 ταῖς
3288 864 3633 944 δυσχερείαις
3700 870 3910 925 ἐπίστυ-

539 965 969 1038 redemptionis
1014 962 1329 1027 habentes,
1386 966 1440 1016 te
1475 961 1674 1033 ipsam
1724 957 2085 1029 suscipimus

2312 957 2594 1029 γνάζοντες,
2654 959 2721 1009 ὧν
2770 966 2861 1019 τῆς
2905 960 3098 1021 λύσεως
3146 956 3260 1012 οὐδ’
3321 961 3371 1013 ἐν
3420 960 3620 1013 ἐλπίσιν
3674 958 3911 1034 ούδαμοῦ

545 1072 757 1113 omnes
787 1051 1166 1109 diﬂicultates
1197 1054 1592 1121 pugnantem,
1628 1052 1685 1103 et
1714 1045 2039 1101 infortunia
2061 1060 2144 1099 001

2309 1051 2636 1119 φαινομένης,
2710 1047 2842 1106 αῦτη
2928 1052 3059 1123 πρὸς
3138 1049 3228 1110 τὰς
3313 1045 3598 1113 δυσκολίας
3661 1049 3908 1120 ἁπωτᾲς,

544 1145 923 1213 fringentem,
958 1156 1093 1196 cum
1123 1139 1352 1196 habeas
1382 1138 1725 1193 universum
1754 1137 1969 1191 harum
2001 1148 2143 1187 reru:

2308 1140 2418 1205 καὶ,
2461 1131 2761 1209 διωσαμένη
2825 1140 2918 1200 τὰς
2955 1135 3202 1209 ἀνάγκας,
3259 1134 3440 1196 ἐπειδὴ
3499 1143 3587 1191 καὶ
3639 1144 3744 1201 πᾶς
3779 1142 3902 1191 εἰκει

545 1233 837 1305 regimen,
859 1233 917 1286 et
938 1228 1115 1285 nobis
1136 1228 1329 1283 donas
1354 1227 1414 1282 in
1442 1225 1721 1282 secundis
1756 1221 2002 1287 negotiis
2024 1224 2144 1293 prol

2312 1243 2397 1275 σοι
2446 1232 2545 1275 τῶν
2612 1228 2857 1277 τοιούτων
2930 1227 3137 1298 θεσμὸς,
3198 1227 3385 1305 ῥᾴοσιν
3427 1228 3567 1300 ἡμᾶς
3621 1235 3791 1289 ποιεῖς
3832 1247 3911 1279 κε-

546 1338 699 1386 cere,
733 1318 1030 1376 eteadem
1055 1331 1190 1390 quae
1219 1315 1383 1388 prius
1427 1313 1683 1370 adversa
1739 1317 1905 1367 erant
1943 1309 2145 1365 felicim

2311 1315 2553 1383 χρῆσθαι
2579 1322 2683 1374 τοῖς
2708 1317 3004 1388 πράγμασι,
3054 1319 3146 1366 καί
3209 1335 3269 1386 γε
3300 1313 3569 1387 βελτιόνων
3618 1316 3787 1368 αὐτῶν
3845 1311 3910 1374 δή

554 1408 771 1467 deinde
794 1406 1067 1480 experiri.

2310 1404 2504 1453 τούτων
2532 1400 2920 1475 ἀποπειρᾶσθαι
2944 1410 3042 1454 τῶν
3069 1412 3262 1476 προτοῦ
3291 1399 3590 1477 δυσχερῶν.

622 1502 788 1555 Nunc
813 1503 1012 1552 autem
1044 1510 1115 1550 eo
1142 1492 1379 1548 devenit
1408 1494 1736 1563 conceptus
1758 1504 1950 1543 sermo
1976 1492 2040 1542 ut
2057 1485 2204 1558 opti-

2415 1491 2489 1542 Ού
2517 1496 2620 1564 μὴν
2651 1490 2758 1544 ἀλλ’
2807 1494 2833 1544 ὁ
2862 1492 3015 1565 λόγος
3060 1491 3301 1546 ἐνταυθοῖ
3329 1498 3592 1565 γενόμενος
3643 1491 3722 1546 ἐπ’
3781 1492 3916 1545 αὐτὰ

553 1605 648 1645 me
673 1585 908 1656 singula
928 1582 1332 1658 proferrentur
1351 1581 1683 1637 clarissima
1698 1578 1990 1634 miracula
2018 1575 2152 1632 adin

2318 1588 2491 1651 σαφῶς
2533 1579 2627 1637 ἧκε
2669 1583 2736 1633 τὰ
2785 1580 2901 1634 καθ’
2947 1582 3171 1639 ἑκάστην
3229 1581 3416 1657 ἐναργῆ
3474 1581 3750 1654 τελούμίνα
3789 1584 3917 1634 θαύ-

552 1677 709 1753 pleta
740 1676 801 1731 in
826 1680 1097 1730 nostrum
1125 1671 1418 1728 auxilium
1447 1675 1502 1725 et
1533 1670 1591 1725 in
1621 1667 2100 1741 proﬂigationem
2120 1665 2151 1720 i1

2316 1688 2475 1740 ματα,
2528 1672 2657 1745 πρὸς
2722 1667 3022 1745 ἐπικουρίαν
3078 1674 3167 1743 μὶν
3215 1671 3383 1743 ἡμῶν,
3431 1672 3651 1744 θραῦσιν
3707 1667 3768 1723 δὲ
3820 1679 3915 1722 τῶν

555 1763 1021 1823 numerabilium
1043 1761 1529 1833 impugnantium
1549 1757 2154 1831 undiqueinimicorul

2315 1754 2557 1809 ἐπιόντων
2597 1762 2794 1827 (πόσων
2849 1757 2908 1810 ἃν
2963 1762 3159 1832 εἴποιμι
3218 1763 3259 1825 ;)
3305 1760 3439 1810 πάνυ
3491 1762 3582 1831 μὲν
3638 1755 3729 1812 οὖν
3780 1758 3912 1812 πλεί-

550 1853 889 1929 (quomodo
900 1868 1004 1907 eos
1023 1866 1405 1906 numerarem
1419 1848 1489 1910 ?).
1509 1849 1941 1918 Surgunteuim
1957 1844 2149 1913 agmin

2318 1865 2473 1913 στων,
2514 1851 2603 1898 καὶ
2631 1849 2961 1919 πανταχόθεν
3015 1846 3307 1921 βαλλόντων
3359 1846 3583 1923 ἐχθρῶν.
3643 1854 3913 1902 Κινοῦνται

554 1943 673 1999 bus
698 1941 921 2014 pressis
950 1955 1024 1996 ex
1056 1939 1331 1995 universa
1354 1943 1507 1993 terra
1533 1956 1546 2005 ;
1581 1930 1831 2007 surgunt
1862 1939 2060 1990 autem
2087 1933 2153 1988 ali

2317 1938 2405 2008 μὶν
2443 1936 2544 2008 γὰρ
2594 1935 2694 1988 ἀπὸ
2751 1938 2929 1997 πάσης
2989 1933 3187 2009 σχεδὸν
3245 1935 3576 2009 ἀνιστάμενοι
3612 1945 3717 2009 γῆς
3778 1955 3797 1970 ·
3829 1941 3916 1989 καὶ

557 2048 631 2088 ex
660 2030 902 2104 propria
922 2034 1127 2085 nostra
1162 2026 1464 2099 impietate
1487 2027 1863 2082 occasionem
1883 2029 2154 2081 sumente

2317 2032 2597 2091 κινοῦνται,
2674 2026 2722 2077 οἱ
2773 2028 2863 2097 μεν
2938 2030 3032 2084 τὴν
3114 2021 3256 2077 ἰδίαν
3333 2023 3570 2078 ἀσέϐειαν
3656 2030 3916 2100 πρόφασιν

558 2118 659 2176 alii
685 2134 826 2174 vero
856 2134 969 2173 nos
999 2116 1361 2188 impugnant
1389 2120 1630 2187 propter
1650 2115 1984 2187 quamdam
2007 2115 2067 2169 in
2107 2131 2157 2168 n4

2320 2114 2543 2188 ἐχοντες,
2588 2117 2636 2166 οἱ
2699 2111 2759 2167 δέ
2786 2111 2953 2187 μηδὲν
2982 2114 3150 2188 ἕτερον
3180 2112 3506 2186 ἐγκαλοῦντες
3553 2116 3583 2175 ἦ
3644 2117 3727 2168 ὅτι
3780 2135 3918 2189 χρη-

567 2208 701 2264 stris
733 2205 909 2263 rebus
942 2205 1251 2261 utilitatem
1280 2206 1434 2276 (quae
1463 2219 1557 2259 res
1578 2209 1779 2259 tamen
1804 2203 2053 2259 omnino
2074 2219 2166 2258 sur

2321 2205 2420 2255 στοί
2468 2223 2583 2255 τινα
2626 2206 2692 2256 τὰ
2744 2206 2969 2277 ἡμέτερα
3025 2205 3301 2279 (χορηγίαι
3360 2212 3529 2256 ταῦτα
3573 2207 3784 2266 πάντως
3828 2210 3917 2257 καὶ

569 2297 733 2353 dona
762 2294 1011 2365 elargita
1040 2293 1209 2349 nobis
1240 2293 1429 2363 gratia
1459 2292 1582 2361 tua)
1616 2292 1866 2359 ;etenim
1891 2291 2022 2347 illos
2053 2292 2168 2347 trist

2321 2288 2469 2364 δῶρα
2520 2300 2622 2343 σῶν
2674 2291 2956 2366 χαρίτων),
3014 2297 3103 2345 καὶ
3162 2289 3371 2350 πλήττει
3444 2294 3659 2354 τούτους
3707 2295 3740 2351 ἡ
3818 2302 3916 2345 τῶν

561 2390 806 2441 movent
827 2382 993 2439 bona
1017 2388 1074 2437 et
1096 2381 1341 2436 felicitas
1362 2386 1585 2436 nostra.
1616 2380 1669 2435 Si
1689 2380 1868 2450 igitur
1888 2380 2160 2452 separati]

2319 2378 2524 2452 ἀγαθῶν
2546 2379 2776 2437 εύθηνία.
2821 2379 2878 2432 Εἰ
2924 2383 3027 2451 μὴν
3091 2377 3179 2432 οὖν
3238 2378 3338 2432 ἀπὸ
3369 2384 3557 2454 μέρους
3613 2383 3740 2454 ἡμῖν
3788 2380 3915 2453 ἐπῄ-

562 2475 943 2545 impugnant,
970 2486 1188 2543 parum
1202 2468 1536 2538 turbantes,
1561 2469 1829 2523 etminus
1843 2469 2156 2523 insidiante

2323 2487 2463 2533 εσαν,
2525 2470 2590 2519 τὰ
2633 2470 2722 2539 μὲν
2772 2470 2961 2520 ὡσανεί
3014 2463 3424 2540 διενοχλοῦντες,
3479 2475 3588 2530 τοῖς
3653 2465 3705 2521 δ’
3762 2470 3917 2527 ἧττον

559 2560 709 2617 forte
744 2576 865 2616 non
898 2558 1007 2614 erit
1034 2557 1342 2627 negotium
1373 2556 1548 2611 nobis
1591 2556 2039 2627 insurgentibus
2067 2572 2158 2611 res

2320 2553 2742 2623 ἐπιϐουλεύοντες,
2795 2553 2922 2627 τάχ’
2973 2553 3034 2606 ἆν
3089 2575 3179 2606 και
3219 2560 3405 2629 μικρὸν
3453 2557 3484 2615 ἧ
3570 2551 3724 2609 οῦδέν
3794 2558 3917 2630 ἡμῖν

562 2655 735 2705 stere.
775 2647 889 2705 Sed
919 2645 1245 2719 aliquando
1272 2660 1483 2701 omnes
1509 2644 1857 2701 circumfusi
1878 2650 2085 2710 contra
2112 2644 2161 2700 al

2321 2644 2455 2701 ἦσαν
2478 2636 2696 2719 πρᾶγμα
2723 2646 2855 2718 πρὸς
2897 2642 3096 2716 ἄμυναν
3163 2643 3464 2696 ἁντεπιοῦσι
3513 2661 3527 2674 ·
3584 2653 3672 2696 νῦν
3730 2643 3784 2698 δ’
3840 2647 3920 2697 ὁτι

560 2753 744 2810 quem
764 2737 1016 2806 irruunt,
1047 2738 1101 2790 et
1130 2735 1245 2790 vim
1270 2733 1495 2789 faciunt
1515 2750 1585 2788 ex
1607 2733 1890 2790 omnibus
1920 2734 2156 2806 pav-tibu

2320 2735 2502 2793 πάντες
2549 2732 2716 2805 κύκλῳ
2768 2735 2904 2784 κατὰ
2965 2732 3150 2785 ταύτόν
3197 2731 3550 2808 περιῤῥέουσι,
3603 2754 3693 2786 και
3781 2728 3919 2787 πᾶσι

562 2831 619 2881 et
639 2825 838 2895 simul,
865 2840 1003 2880 cum
1030 2822 1195 2879 nulla
1220 2822 1293 2878 sit
1322 2824 1516 2896 potior
1535 2822 1612 2877 ad
1637 2822 1780 2877 istas
1806 2839 2045 2896 pugnas
2068 2840 2161 2896 pra

2320 2822 2741 2895 προσ-παλαίουσι
2825 2825 3006 2895 μέρεσι
3059 2842 3148 2873 και
3218 2818 3364 2875 δεινὰ
3431 2822 3733 2896 μελετῶσιν,
3806 2823 3919 2896 ἅμα

561 2916 793 2987 paratio
824 2929 1010 2987 quam
1050 2912 1355 2984 vigilantia
1404 2916 1462 2967 et
1497 2911 1823 2982 meditatio,
1865 2911 2160 2968 subvertui

2323 2909 2382 2965 δὲ
2428 2932 2517 2963 και
2559 2914 2688 2986 πρὸς
2739 2915 2894 2963 ταυτὶ
2975 2915 3482 2985 παρεσκευασμένοις
3551 2908 3705 2964 οὐδὸν
3771 2912 3917 2964 ἐστιν

570 3004 902 3077 praesertim
933 3002 1270 3058 voluntates
1297 3005 1354 3055 et
1391 3001 1778 3072 cogitationes
1800 3017 2165 3073 corrumpun

2323 3000 2496 3060 αὐτοῖς
2516 2999 2664 3053 πλέον
2716 3008 2805 3060 τῆς
2848 3007 3187 3074 παρασκευῆς
3242 3020 3333 3051 και
3398 2999 3631 3072 μελέτης,
3683 3006 3920 3075 περιτρρ

568 3094 712 3160 Quis
735 3095 796 3149 in
819 3093 944 3148 istis
976 3092 1257 3148 extremis
1287 3106 1399 3163 pro
1429 3090 1604 3146 nobis
1635 3096 1769 3160 aget
1789 3098 1841 3146 et
1862 3093 2067 3146 omnia
2091 3108 2160 3145 ve

2322 3109 2505 3142 πονται
2538 3084 2597 3141 δὲ
2631 3083 2820 3158 μᾶλλον
2847 3088 3019 3148 αὐτοῖς
3061 3087 3385 3160 βουλεύμασι
3441 3109 3531 3140 και
3578 3096 3693 3151 ταῖς
3746 3110 3921 3164 παρα-

562 3186 643 3238 tet
680 3183 739 3238 in
766 3181 980 3238 melius
1012 3179 1041 3235 ?
1071 3179 1205 3253 quis
1231 3179 1383 3235 inter
1418 3179 1609 3234 varias
1627 3184 1683 3234 et
1707 3178 2063 3252 multiplices
2084 3196 2161 3250 gr;

2323 3184 2532 3240 σκευαῖς
2560 3180 2633 3248 (2)
2659 3179 3108 3251 συμφθειρόμενοι,
3141 3181 3222 3239 τίς
3271 3179 3411 3229 ἐστιν
3457 3179 3482 3229 ὀ
3538 3185 3705 3229 ταῦτα
3779 3175 3918 3254 δρῶν

561 3271 960 3343 vissimasque
990 3285 1228 3342 pugnas
1259 3284 1412 3339 quas
1448 3268 1813 3323 sustinemus
1854 3284 1963 3340 pro
2010 3275 2160 3323 nosti

2320 3287 2410 3319 και
2457 3270 2588 3340 πρὸς
2632 3270 2689 3318 τό
2757 3274 2984 3339 κρεῖττον
3051 3267 3176 3338 ἡμῖν
3242 3268 3684 3338 μετασκευάζωνς
3757 3273 3839 3330 τίς
3892 3270 3916 3320 ὁ

563 3373 712 3431 pace
738 3359 1069 3424 decertans,
1104 3357 1305 3412 hostes
1336 3361 1401 3411 ut
1428 3356 1760 3411 aiebamus.
1794 3372 1930 3412 vere
1960 3357 2162 3428 dissipt

2325 3361 2414 3414 τὴν
2459 3356 2696 3427 ἡσυχίαν
2754 3358 2898 3426 ἡμῶν
2955 3352 3001 3406 ἐν
3048 3361 3157 3415 τοῖς
3206 3354 3471 3415 πλείστοις
3518 3354 3747 3425 ἀγόντων
3798 3376 3924 3431 προ-

562 3447 650 3503 bit
677 3448 705 3503 ?
727 3447 867 3512 Quis
888 3446 1064 3501 nobis
1095 3446 1276 3501 etiam
1325 3444 1760 3500 dormientibus
1801 3460 1861 3499 se
1916 3447 2161 3500 constitu

2323 3444 2574 3516 πολεμῶν,
2625 3464 2714 3495 και
2766 3447 2963 3519 πρόπον
3021 3447 3107 3494 τόν
3156 3444 3417 3517 εἰρημένον
3494 3448 3618 3505 τοὺς
3698 3444 3922 3518 ἐχθρούς

565 3541 767 3591 custos
794 3549 1029 3605 semper
1054 3532 1332 3603 vigilans,
1368 3533 1469 3604 qui
1509 3533 2027 3605 perseverantibus
2058 3550 2163 3589 cur

2324 3532 2670 3607 ἀμυνόμενοςς
2738 3537 2816 3595 τίς
2871 3533 2897 3585 ὁ
2953 3552 3043 3584 και
3088 3530 3436 3585 καθεύδουσιν
3478 3534 3606 3604 ἡμῖν
3649 3533 3923 3606 ἑθιστεέμε-

566 3620 1043 3695 supervenientia
1062 3620 1225 3676 mala
1240 3621 1563 3692 prmveniat
1585 3621 1613 3676 ?
1636 3621 1777 3686 Quis
1800 3627 1865 3676 ut
1882 3639 2087 3678 murus
2105 3624 2165 3678 fe

2326 3644 2403 3685 νος
2443 3622 2606 3695 φύλαξ
2659 3619 2752 3674 διά
2812 3624 2997 3683 παντὸς
3045 3621 3323 3694 ἄγρυπνος,
3357 3641 3446 3673 και
3500 3629 3617 3684 ταῖς
3680 3620 3925 3695 ἐμμόνοις

564 3726 702 3767 reus
731 3710 887 3766 circa
915 3725 1027 3765 nos
1066 3709 1294 3782 positus
1316 3715 1370 3764 et
1405 3724 1580 3763 arcus
1600 3709 1857 3765 intentos
1886 3716 1943 3766 et
1982 3710 2163 3782 gladit

2320 3711 2651 3772 ἐπιστασίαις
2732 3714 2821 3771 τὰς
2892 3714 3242 3785 ιπερχομένας
3325 3708 3527 3783 βλάϐας
3608 3709 3918 3786 ἀπείργων;

564 3798 861 3856 districtos
883 3814 1021 3854 cum
1048 3797 1264 3853 feriunt
1280 3795 1594 3865 confringit
1620 3795 1715 3853 ?et
1733 3814 1942 3854 omnes
1970 3800 2163 3856 insidit

2324 3802 2449 3862 τίςὸ
2474 3796 2727 3875 σιδηροῦν
2766 3800 3045 3872 περιτιθείς
3100 3806 3295 3870 τεῖχος,
3348 3818 3436 3850 και
3484 3798 3610 3861 τόξα
3652 3805 3923 3873 πινόμενα

564 3905 602 3947 a
625 3888 800 3946 nobis
839 3884 1108 3944 avertit?
1146 3887 1285 3953 Quis
1318 3888 1533 3942 iterum
1579 3887 1845 3955 ﬂagellat
1892 3891 2163 3961 Egyptui

2320 3909 2409 3941 και
2479 3889 2738 3963 ῥομφαίαν
2805 3886 3091 3962 ἐρχομένην
3168 3886 3215 3939 ἐν
3273 3887 3414 3957 αύτῷ
3495 3887 3749 3941 συντίϐων
3819 3892 3919 3959 (3),

562 3978 896 4053 percutiens
925 3976 1375 4050 primogenitos,
1407 3975 1617 4048 plagas
1653 3975 1943 4032 inducens
1964 3983 2161 4034 statuti

2320 3998 2409 4029 και
2429 3979 2604 4039 πάσας
2659 3980 2906 4049 μηχανὰς
2959 3976 3365 4047 ἁπωθούμενοςς
3422 3981 3504 4038 τίς
3550 3978 3578 4028 ὃ
3637 3976 3797 4029 πάλιν
3835 3978 3899 4032 Αἰ

562 4082 836 4134 numero,
866 4066 1234 4121 Pharaonem
1262 4063 1677 4132 submergens,
1713 4066 1975 4134 gentium
2012 4082 2160 4138 supe

2323 4085 2512 4137 γυπτον
2573 4065 2864 4138 μαστίζων,
2926 4084 3017 4115 και
3073 4068 3359 4117 πατάσσων
3430 4070 3741 4138 πρωτότοκα
3821 4068 3922 4138 (4),

561 4153 723 4212 biam
752 4154 1061 4226 dejiciens,
1104 4158 1160 4209 et
1188 4159 1266 4210 ita
1299 4152 1490 4208 salvat
1518 4152 1693 4209 Israel
1719 4154 1970 4210 electum
2004 4171 2160 4211 suun

2325 4175 2408 4207 και
2446 4155 2643 4227 πληγὰς
2690 4153 2892 4225 ἐπάγων
2950 4155 3031 4227 (5)
3080 4151 3485 4226 ἀριθμουμένας,
3533 4174 3625 4206 και
3679 4154 3924 4228 βυθίζων

563 4244 704 4309 Quis
724 4259 820 4309 tne
847 4242 1087 4312 longius
1118 4240 1461 4314 protraham
1493 4244 1839 4313 sermonem)
1861 4242 1972 4298 has
2001 4244 2162 4299 multa

2324 4250 2525 4318 Φαραώ,
2581 4263 2671 4295 και
2721 4245 2984 4315 καθαιρῶν
3031 4240 3184 4294 ἐθνῶν
3242 4241 3481 4318 ἓπαρσιν,
3526 4263 3619 4295 και
3696 4253 3923 4318 περισῶ-

560 4346 935 4404 magnasque
960 4336 1240 4403 operatur
1265 4329 1510 4386 virtutes
1536 4329 1562 4385 ?
1597 4331 1660 4385 Et
1685 4330 1789 4403 qui
1841 4347 2050 4387 sumus
2099 4348 2159 4388 nt

2324 4334 2419 4394 ξων
2467 4332 2679 4409 Ἰσραὴλ
2723 4332 2910 4407 κλῆρον
2968 4328 3143 4399 ἲδιονς
3194 4336 3276 4394 τίς
3357 4332 3464 4402 (ἵνα
3539 4336 3615 4404 μὴ
3698 4337 3923 4405 μηκύνω

561 4435 671 4491 pro
701 4419 924 4491 quibus
945 4423 1033 4475 tot
1052 4422 1285 4475 ettanta
1308 4423 1540 4490 patrata
1562 4424 1697 4474 sunt
1718 4420 2009 4476 miracula
2028 4420 2057 4475 ‘2
2080 4423 2160 4476 Ha

2324 4423 2433 4475 καθ’
2465 4422 2681 4476 ἕκαστον
2710 4422 2933 4493 λέγων)ὀ
2962 4422 3055 4482 τὰς
3110 4419 3302 4481 πολλὰς
3357 4424 3545 4482 ταύτας
3609 4441 3702 4474 και
3752 4426 3923 4495 μεγά-

563 4512 768 4564 autem
799 4513 1001 4563 mente
1024 4506 1333 4562 revolvens
1361 4505 1597 4562 aiebam
1630 4524 1642 4561 :
1678 4529 1698 4557 ‹
1742 4511 2000 4563 Aversus
2056 4526 2121 4564 es

2325 4515 2407 4573 λας
2464 4512 2677 4584 ἐνεργῶν
2727 4507 3019 4581 δυνάμεις
3069 4528 3158 4561 και
3235 4514 3368 4572 τίνες
3454 4511 3627 4581 ἡμεῖς,
3699 4512 3780 4563 ὅτι
3853 4514 3924 4565 τὰ

558 4594 755 4663 nobis,
783 4609 893 4650 nec
917 4595 1133 4650 iterum
1152 4610 1264 4650 nos
1284 4594 1565 4667 respicies
1586 4595 1647 4650 in
1678 4595 2146 4653 misericordiam

2323 4608 2549 4653 τοσαῦτα
2594 4619 2683 4652 και
2738 4606 2954 4652 τοιαῦτα
3003 4595 3056 4651 δ’
3109 4600 3243 4670 ἡμᾶς
3286 4600 3574 4671 θαύματατ,
3638 4599 3778 4671 Ἐγὼ

557 4685 641 4740 Tu
671 4697 812 4739 vero
833 4682 1031 4739 dixisti
1072 4700 1134 4738 τα
1177 4681 1348 4739 Absit
1400 4688 1465 4738 ut
1501 4700 1611 4740 vos
1654 4684 1952 4741 dimittam
1994 4686 2087 4742 vel
2144 4703 2156 4741 ι

2326 4689 2455 4743 εἷπον
2522 4689 2593 4751 εἰς
2668 4688 2887 4762 ἐμαυτὸν
2976 4686 3175 4759 βλέψας
3251 4706 3264 4720 ·
3334 4709 3357 4737 ι
3442 4686 3776 4761 ἁπέστρεφας
3863 4689 3925 4753 ἐξ

555 4787 831 4846 unquam
854 4788 958 4829 vos
982 4771 1392 4844 derelinquam
1420 4790 1433 4828 :
1462 4787 1658 4845 neque
1678 4773 1947 4831 auferam
1968 4776 2152 4832 miser

2323 4782 2458 4852 ἡμῶν
2504 4778 2604 4852 (6),
2658 4798 2749 4830 και
2792 4777 2884 4829 οὐκ
2932 4779 3007 4829 ἔτι
3057 4777 3118 4828 οῦ
3165 4780 3237 4848 μὴ
3287 4778 3523 4851 προσθῇς
3587 4776 3663 4839 εἰς
3714 4777 3922 4851 οἰκτιρ-

555 4862 825 4918 cordiam
872 4878 909 4919 a
950 4862 1124 4918 vobis
1179 4864 1423 4934 propter
1448 4861 1744 4931 Virginem
1783 4865 2022 4921 Matrem
2068 4882 2149 4938 qu

2326 4873 2442 4930 ιοὺς
2478 4866 2670 4941 βλέψαι
2697 4867 2775 4939 (7)
2815 4888 2829 4900 ·
2862 4887 2891 4916 ν)
2938 4869 3003 4919 Σὺ
3036 4861 3087 4918 δ’
3110 4862 3252 4926 εἶπας
3285 4885 3298 4899 ο
3342 4887 3371 4915 ‹‹
3395 4865 3473 4917 Οὐ
3494 4869 3568 4937 μή
3603 4864 3731 4934 ἀνῶ,
3801 4862 3925 4920 οὐδ’

553 4948 797 5007 fervidis
808 4950 933 5007 suis
958 4949 1233 5022 precibus
1253 4950 1741 5022 compassionem
1763 4967 1959 5009 meam
1982 4952 2203 5027 implo-

625 5164 709 5242 (1)_
750 5166 817 5223 Et
860 5166 976 5224 hoc
1021 5170 1112 5225 est
1152 5165 1380 5242 biblice
1437 5163 1713 5242 dictum:
1764 5166 2025 5242 Ezechiel
2090 5184 2199 5242 _xx,

1307 5181 1380 5242 ce
1437 5163 1713 5242 dictum:
1764 5166 2025 5242 Ezechiel
2090 5184 2199 5242 _xx,
2308 5168 2527 5223 τοκονέν
2555 5168 2906 5242 mamma.

559 5233 901 5311 ίϐξίὈπίσω
971 5248 1071 5291 τῶν
1147 5238 1483 5310 ἐνθυμμάτων
1551 5233 1780 5310 καρδίας
1856 5237 2025 5290 αὐτῶν
2082 5233 2201 5292 ἐπολ
2378 5244 2455 5309 (5)
2484 5233 2643 5295 ΕΧδά
2673 5233 2753 5302 xi,
2806 5233 2903 5295 l':
2951 5236 3066 5311 Ἔτι
3103 5242 3245 5311 μίαν,
3280 5235 3486 5308 πληγὴν
3545 5237 3650 5310 ἐγὼ
3716 5237 3919 5303 ἐπάξω.

552 5305 776 5383 ρεύοντο.
1267 5305 1276 5310 ’
1307 5305 1316 5310 ⁷
1621 5305 1629 5310 ’

2321 5382 2329 5383 7
2383 5305 2454 5377 t6)
2486 5313 2600 5366 lsa.
2620 5327 2770 5378 LXIV,
2811 5316 2841 5366 7
2897 5327 2910 5364 :
2965 5305 3321 5383 Ἀπέστρεψαν
3367 5305 3423 5361 τό
3481 5305 3766 5383 πρόσωπόν
3822 5330 3917 5365 σου

806 5388 1147 5455 κατασκευαῖ,
1323 5453 1333 5455 _
2310 5382 2397 5455 ἀφῆ
2422 5385 2587 5453 ἡμῶν.

627 5450 707 5528 (ἰᾷ)
739 5450 952 5528 Bsalm.
985 5468 1176 5522 xxxw,
1204 5456 1289 5520 l9,
1313 5453 1405 5528 16Δ
1580 5520 1592 5528 ᾗ
1659 5522 1668 5528 _
1742 5521 1768 5528 _

2319 5524 2330 5528 _
2351 5450 2361 5455 ⁷
2491 5453 2721 5528 Phrasis
2739 5450 2962 5510 biblica
2987 5454 3250 5509 Lament.
3278 5468 3353 5518 IV,
3374 5450 3473 5510 16:
3503 5451 3583 5505 Οὐ
3614 5457 3917 5528 προσθήσει

622 5520 704 5589 (4)
760 5521 945 5578 Exod.
1007 5539 1106 5589 XII,
1151 5520 1218 5579 29
1267 5542 1281 5590 ;
1335 5524 1526 5597 Κύριος
1572 5520 1790 5583 ἐπάταξε
1843 5527 1943 5574 πᾶν
1998 5529 2197 5598 πρωτόο

1200 5529 1218 5579 9
1267 5542 1281 5590 ;
1335 5524 1526 5597 Κύριος
1572 5520 1790 5583 ἐπάταξε
1843 5527 1943 5574 πᾶν
1998 5529 2197 5598 πρωτό-
2308 5520 2579 5594 ἐπιϐλέψαι
2609 5524 2799 5584 αὐτοῖς.
