4050 6306
217 316 337 376 1521

1245 325 1335 382 DE
1370 325 1590 384 FESTO
1639 319 2090 383 DORMITIONIS
2128 321 2189 383 S.
2223 323 2486 383 MARLE.

3427 328 3442 384 l
3457 326 3557 386 522

280 441 424 497 ’ADa
475 445 580 516 μὴν
640 446 783 519 ἡμῶν
840 453 1000 512 οὕτως
1087 446 1440 523 ἔπεγνωκότων
1511 455 1605 510 τὴν
1671 448 1784 524 ξορ-

1971 447 2154 506 Nobis
2176 453 2377 507 autem
2400 450 2480 508 ita
2509 450 2584 508 de
2633 446 2925 508 reverenti
2971 447 3370 508 celebratione
3424 452 3556 509 festi

209 537 298 591 τὴν
334 541 581 604 τιμῆσαι,
613 535 643 594 ἡ
681 535 872 608 μᾶλλον
901 541 988 591 τόν
1028 559 1215 611 τροπον
1262 549 1442 594 τοῦτον
1497 539 1546 593 ἐν
1596 539 1798 592 πλείοσι

209 630 304 674 τῶν
357 622 558 696 ἡμερῶν
622 626 762 698 ἡμᾶς
840 629 1185 701 καθαγιάσαι,
1267 632 1406 684 ἔστιν
1483 631 1626 690 ὅστις
1705 628 1799 681 ούκ

212 708 495 770 ἀσπάζεται
546 715 606 765 τὸ
664 709 998 788 δεδογμένον,
1059 713 1182 772 οὐδὲ
1236 738 1296 789 γε
1341 721 1622 793 κράτιστον
1670 714 1798 770 εἶναι

211 798 464 872 βούλεται,
513 805 604 854 καὶ
644 806 766 875 πρὸς
809 808 900 862 τὴν
951 803 1112 864 ἀκοὴν
1166 806 1315 869 εύθύς
1375 805 1651 859 ἀνίσταται
1703 810 1798 863 τήν

207 887 404 960 ψυχὴν,
444 891 708 964 προθυμος
759 891 826 944 ὧν
873 898 1078 968 τρέχειν
1134 900 1223 949 καὶ
1277 894 1529 949 συντελεῖν
1574 901 1675 948 πᾶν
1731 901 1794 966 τῇ

207 981 503 1053 πανηγύρει,
552 983 610 1032 τό
657 999 717 1052 γε
788 981 930 1054 αὐτῷ
1001 992 1305 1056 προσῆκον;
1354 985 1484 1055 Ἐγώ
1545 983 1634 1057 μέν
1703 983 1798 1035 οὐκ

207 1084 364 1139 οιμαι·
392 1067 518 1122 ἀλλά
543 1088 623 1122 τοι
683 1074 773 1123 καὶ
820 1072 1114 1126 τούναντίον
1161 1074 1287 1148 ὑπὲρ
1344 1073 1538 1126 πολλῶν
1606 1069 1796 1131 δηλον-

206 1159 281 1208 ότι
342 1164 441 1209 τῶν
497 1157 806 1231 ὀφλημάτων
857 1164 1047 1237 μικρὰν
1101 1163 1129 1222 ἦ
1190 1159 1440 1235 ούὸεμίαν
1494 1158 1622 1216 εἶναι
1700 1165 1793 1220 τὴν

202 1247 389 1298 ἔκτισιν
443 1247 470 1298 ὃ
522 1267 581 1318 γε
635 1247 894 1323 φιλέορτος
947 1248 1048 1322 ἐρεῖ
1095 1256 1184 1304 καὶ
1247 1257 1484 1326 περὶτοῦ
1540 1254 1792 1324 παρόντος

203 1330 252 1387 εὖ
298 1333 620 1408 ἔσκεμμένος·
673 1337 785 1410 οἶμα
833 1335 892 1392 δὲ
943 1359 1033 1392 και
1092 1337 1216 1394 οὐδὲ
1268 1343 1552 1415 προσάγειν
1603 1339 1791 1413 μᾶλλον

200 1424 331 1496 ἡμᾶς
366 1426 494 1476 εἶναι
527 1430 678 1498 φήσει
719 1423 872 1482 τόνδε
920 1432 1003 1482 τόν
1051 1433 1240 1504 τρόπον
1299 1435 1328 1490 ἦ
1397 1429 1631 1502 μεγάλων
1689 1425 1789 1487 δὴ·

199 1532 339 1564 τινων
405 1511 739 1588 ἀξιουμένους
825 1525 975 1571 εἶναι.
1039 1523 1198 1572 ποίων
1271 1515 1339 1578 δὴ
1417 1519 1790 1590 τούτων;όμι-

196 1601 300 1664 λίας
335 1611 490 1676 Θεοῦ,
543 1611 815 1670 κοινωνίας
863 1605 1092 1679 ἀγγέλων
1147 1613 1241 1662 σύν
1294 1610 1419 1682 ἡμῖν
1476 1609 1786 1680 ὑμνούντων,

197 1689 489 1745 ἀποστόλων
559 1700 850 1768 συρφωνίας
950 1697 1064 1770 μεθ’
1170 1699 1316 1766 ἡμῶν
1418 1697 1786 1770 ἑορταζόντων,

1909 537 2154 607 edoctis,
2205 541 2300 597 vel
2326 541 2523 614 potius
2549 541 2623 598 de
2656 541 2838 598 modo
2865 558 2987 615 quo
3029 542 3229 614 plures
3268 543 3378 600 has
3430 544 3558 600 dies

1909 629 2698 700 sanctiﬁcandashabemus,
2723 631 2767 686 si
2791 633 2924 704 quis
2949 631 3106 686 male
3121 632 3314 688 ferens
3332 633 3446 688 hoc
3460 633 3560 688 de-

1907 721 2134 773 cretum
2165 718 2430 792 illudque
2467 719 2713 775 maximi
2743 719 3030 776 momenti
3049 719 3329 790 judicans
3357 722 3555 778 statim

1907 807 2247 879 temereque
2274 807 2354 863 ad
2404 807 2745 864 obedientia
2783 808 3040 864 retrahat
3059 807 3328 865 animam
3358 826 3552 876 suam,

1906 894 2148 968 zeloque
2198 896 2482 970 praecipiti
2534 898 2865 954 concitatus
2917 897 3102 953 tinem
3161 897 3554 954 solemnitatis

1906 983 2129 1042 ambiat
2161 989 2218 1042 et
2235 984 2473 1042 festinet
2494 987 2552 1041 in
2567 985 2944 1052 celebrando,
2961 985 3105 1041 illud
3123 987 3418 1059 numquid
3437 987 3551 1060 ipsi

1906 1075 2195 1148 profectui
2225 1076 2332 1133 erit
2358 1077 2384 1131 ?
2417 1079 2539 1146 Ego
2570 1093 2692 1132 non
2719 1077 2968 1150 Opinor:
2997 1076 3102 1133 sed
3132 1093 3162 1132 c
3198 1084 3405 1133 contra
3431 1094 3552 1134 cer-

1905 1168 2033 1220 tum
2059 1170 2150 1221 eet
2174 1180 2390 1237 parum
2411 1165 2499 1221 vel
2527 1166 2668 1221 nihil
2701 1165 3024 1222 multorum
3054 1164 3394 1222 debitorum
3417 1182 3550 1222 suo-

1903 1269 2036 1308 rum
2065 1254 2265 1325 ipsum
2296 1271 2425 1310 esse
2464 1255 2820 1320 soluturum,
2849 1254 3013 1327 quod
3043 1254 3219 1310 faciet
3249 1255 3398 1311 fecta
3422 1255 3553 1311 dili-

1903 1356 2050 1411 gens
2077 1346 2130 1398 et
2155 1342 2448 1415 imprimis
2471 1359 2539 1398 ac
2568 1348 2920 1415 praesentem
2940 1343 3376 1400 solemnitatem
3397 1343 3550 1401 bene

1901 1430 2230 1502 dispositus
2258 1431 2469 1487 :simnl
2493 1437 2693 1488 autem
2750 1431 2949 1488 testari
2992 1433 3206 1504 poterit
3241 1431 3336 1488 ille
3383 1431 3550 1504 quod

1899 1534 2012 1574 nos
2048 1519 2149 1592 qui
2185 1521 2542 1577 accedemus
2575 1521 2746 1592 juxta
2767 1521 2944 1576 ritum
2983 1521 3210 1577 huncce
3239 1525 3548 1587 statutum,

1899 1606 2192 1678 majorum
2215 1608 2614 1680 quorumdam
2645 1608 2938 1664 bonorum
2951 1609 3164 1664 erimus
3191 1609 3372 1680 digni.
3396 1611 3549 1674 Quo-

1900 1697 2214 1752 rnmnam‘?
2236 1697 2712 1753 Conversationis
2739 1697 2856 1762 Dei,
2878 1696 3170 1753 societatis
3197 1696 3550 1766 angelorum

196 1783 386 1834 πάντων
445 1791 546 1836 τῶν
598 1783 904 1853 καλλίστων,
966 1790 1067 1838 ὅσα
1110 1783 1176 1846 δὴ
1233 1793 1343 1848 τοῖς
1396 1789 1649 1848 τοιούτοις
1717 1786 1784 1848 εἰς

1901 1783 2220 1841 nobiscum
2251 1785 2614 1851 canentium,
2648 1791 2971 1841 concentus
2999 1785 3410 1857 apostolorum
3441 1785 3551 1841 hu-

196 1870 372 1923 ταύτόν
398 1872 544 1931 ἣκειν
575 1873 601 1925 ό
629 1878 971 1946 πνευματικός
992 1871 1079 1928 οἶδ
1083 1895 1103 1929 ε
1139 1875 1308 1947 λόγος.

1897 1874 1998 1945 jus
2029 1877 2246 1929 nostrae
2301 1873 2628 1930 festivitatis
2683 1879 2913 1946 partem
2968 1874 3550 1937 ambientium;uno

197 1959 369 2017 verbo
404 1961 776 2036 optimorum
813 1978 1196 2038 quorumque
1227 1963 1658 2021 charismatum
1693 1978 1829 2036 quae
1854 1959 1915 2018 in
1941 1961 2157 2018 talibus
2177 1962 2522 2033 contingere
2545 1966 2711 2020 novit
2744 1978 2915 2019 mens
2973 1962 3373 2036 spiritualium
3417 1967 3546 2019 stu-

195 2048 376 2108 diosa.

259 2163 354 2211 Καὶ
384 2159 474 2211 ἵνα
501 2162 652 2232 τίμὴ
689 2162 1026 2232 μακρότερον,
1063 2160 1184 2221 ἰσως
1225 2159 1286 2212 ἆν
1345 2161 1480 2213 εἴποι
1527 2179 1626 2225 τις,
1701 2162 1789 2211 καὶ

195 2242 278 2298 διὰ
305 2252 522 2314 παντός,
556 2249 694 2324 εἰπερ
726 2247 929 2321 ἐφικτὸν
995 2251 1078 2320 ἦν,
1136 2256 1227 2302 τοῦ
1281 2248 1402 2322 βίου
1454 2257 1554 2301 τῶν
1619 2247 1786 2300 καλῶν

190 2331 344 2388 τῶνδε
376 2336 678 2409 μεθέξομεν,
740 2343 1204 2411 στενοχωρῆσομεν
1251 2335 1302 2390 δ’
1359 2337 1406 2390 ἕν
1455 2338 1589 2390 οὕτω
1650 2337 1786 2413 βρα-

187 2431 274 2496 χεῖ
295 2431 478 2498 χρόνῳ
515 2427 602 2478 τόν
627 2434 722 2488 τῆς
747 2425 928 2499 ἑορτῆς
975 2432 1190 2502 χρόνον,
1248 2428 1544 2499 φθονοῦντες
1605 2426 1782 2500 ὥσπερ

188 2512 373 2576 ἑαυτοῖς
446 2523 544 2577 τῆς
623 2513 852 2578 πλείονος
931 2514 1477 2584 ἁπολαυσεωςςΤοῦτ⁹
1571 2513 1784 2588 οἴδαμεν

187 2609 272 2656 καὶ
295 2606 469 2677 ἡμεῖς,
512 2608 600 2657 καὶ
638 2623 698 2675 γε
748 2608 842 2664 τὴν
894 2606 1184 2678 πανῆγυριν
1245 2603 1291 2666 ἐς
1341 2609 1599 2677 μήκιστον
1651 2606 1784 2657 (irro-

187 2700 340 2745 τεῖναι
390 2692 560 2757 πολύς
602 2695 726 2766 ἡμῖν
783 2696 977 2765 εγένετο
1057 2693 1329 2767 λογισμός,
1413 2695 1784 2766 καθυφήκαμεν

189 2778 237 2834 δ’
265 2783 407 2844 αὖθις
436 2791 543 2835 τῶν
567 2781 763 2835 πολλῶν
801 2784 986 2858 χάριν,
1026 2785 1093 2845 ὡς
1149 2783 1209 2834 ἂν
1268 2779 1336 2842 δὴ
1396 2785 1598 2847 πάντες,
1659 2785 1784 2846 ’ίσης

190 2872 368 2924 ὡσανεὶ
423 2878 526 2934 τῆς
571 2872 867 2945 προθνμίας
943 2871 1236 2945 ἐξημμένοι,
1321 2876 1410 2924 καὶ
1492 2872 1784 2924 εἰσοίσθυσι

190 2961 293 3012 κατ’
338 2965 476 3028 ἶσον,
530 2967 624 3014 τοῦ
678 2961 878 3036 ῥᾴστου
934 2967 1070 3014 πᾶσι
1147 2963 1629 3033 νενομοθετημένου.
1725 2960 1784 3014 Εἰ

192 3051 274 3121 μεν
327 3053 427 3124 γὰρ
465 3051 764 3123 χρημάτων
813 3051 1112 3123 θησαυρούς
1161 3057 1334 3103 κενοῦν
1397 3046 1504 3103 ἔδει
1584 3052 1614 3108 ἧ
1691 3053 1783 3102 πό-

192 3157 296 3200 νους
321 3139 641 3214 ἀνῃρῆσθαι,
675 3139 903 3212 μεγάλης
934 3136 999 3198 δὴ
1033 3158 1170 3201 τινος
1243 3139 1438 3211 ἰσχύος
1490 3139 1634 3214 ἔργα,
1691 3147 1782 3200 τῆς

192 3225 396 3290 ίνούσης
458 3233 656 3302 μικρᾶς
704 3232 888 3296 οὔσης,
938 3226 1201 3291 ὶξίκλινειν
1253 3227 1314 3280 ἂν
1374 3247 1454 3292 τις
1496 3231 1646 3292 ἴσως,
1721 3231 1781 3280 τὸ

185 3322 251 3390 μὴ
304 3314 636 3378 δεδυνῆσθαι
699 3322 958 3392 πρόφασιν
1007 3317 1161 3389 έχων·
1221 3324 1307 3369 νῦν
1363 3314 1413 3371 δ’
1463 3313 1612 3370 οὐδὲν
1680 3325 1782 3369 τῶν

184 3409 438 3460 τοιούτων·
510 3405 620 3460 ἀλλ’
673 3409 794 3479 ὅπερ
851 3407 1051 3479 ἔφημεν,
1104 3405 1372 3479 ἀγιασμοῦ
1425 3411 1515 3458 καὶ
1580 3413 1781 3479 τρυφῆς

183 3503 427 3566 μετουσία
483 3501 577 3549 καὶ
631 3491 858 3569 φαιδρᾶς
929 3498 1287 3568 πανηγύρεως,
1343 3492 1404 3557 ἧς
1459 3493 1778 3566 ἀπολειφθῆ-

183 3604 261 3637 ναι
286 3591 356 3658 μὴ
381 3586 462 3640 ὃτι
490 3605 554 3658 γε
580 3587 864 3660 ῥᾳθυμίας,
928 3583 1036 3637 ἀλλ’
1087 3580 1202 3638 οὐδ’
1249 3584 1543 3645 αἰσθήσεως
1603 3585 1778 3655 ὑγιοῦς

183 3671 290 3727 οὐδ’
320 3672 383 3728 αὖ
415 3673 620 3735 εἰδότος
640 3674 690 3727 ἐν
721 3676 798 3736 οἶς
852 3672 991 3727 ἔστιν
1040 3672 1237 3735 ἀπόνως
1296 3676 1428 3746 μετὰ
1471 3681 1561 3726 τοῦ
1618 3672 1778 3726 καλοῦ

179 3767 460 3835 γίγνεσθαι.
497 3770 685 3818 Καίτοι
707 3784 766 3835 γε
794 3767 904 3831 καὶ,
953 3768 1120 3816 πόνων
1183 3766 1322 3836 εἰπερ
1381 3759 1488 3816 ἔδει
1541 3767 1630 3815 καὶ
1689 3782 1778 3816 συ-

183 3861 314 3924 χνῶν
352 3855 629 3927 καμάτῶν,
655 3855 782 3929 ύπερ
812 3857 950 3914 τίνος
1014 3852 1073 3904 ἃν
1123 3852 1313 3926 μᾶλλον
1367 3848 1690 3927 δικαιότερον
1743 3853 1772 3911 ἣ

183 3947 265 3994 καὶ
312 3941 731 4018 λυσιτελέστερόν
778 3961 856 4004 τις
914 3939 1212 4017 ἑνίδρωσεν,
1273 3946 1303 4000 ἤ
1362 3939 1410 3994 ἓν
1493 3937 1631 4011 τῷδε
1686 3946 1777 3993 καὶ

184 4031 300 4106 ύπερ
364 4033 392 4085 ὃ
449 4038 647 4105 πέφυκε
726 4033 1006 4108 προθύμως
1083 4031 1525 4104 ἑπεκτεινόμενος;
1554 4031 1612 4083 Εἰ
1674 4033 1776 4103 γὰρ

185 4127 266 4173 καὶ
313 4132 513 4196 μικρῶν
566 4122 724 4174 ἕνεκεν
789 4126 878 4173 καὶ
931 4120 1133 4192 φαύλων
1199 4123 1338 4174 ἔστιν
1395 4122 1476 4174 ὃτέ
1531 4121 1778 4193 πραγμά-

185 4217 274 4261 τῶν
303 4208 738 4286 ὗπερμοχεῦντας
778 4206 1008 4262 κατιδεῖν
1068 4229 1208 4263 εστιν
1274 4209 1462 4278 ένίους,
1521 4214 1610 4262 καὶ
1667 4208 1780 4261 xli-

183 4317 290 4352 πτει
315 4305 372 4354 τὸ
401 4299 599 4354 δοκοῦν
624 4295 806 4373 κέρδος
835 4307 932 4362 τῆς
991 4299 1339 4375 ταλαιπωρίας
1377 4304 1472 4358 τὴν
1528 4299 1778 4356 αὶσθησιν

181 4392 324 4450 ποίας
347 4387 478 4461 ούχὶ
504 4387 747 4460 μέμψεως
771 4386 931 4450 ἄξιοι,
974 4387 1062 4449 ούς
1104 4391 1162 4440 τὸ
1222 4392 1293 4460 μὴ
1349 4387 1562 4446 θελῆσαι
1625 4390 1778 4460 μόνον

181 4479 235 4527 τό
261 4485 348 4535 τῆς
376 4479 719 4551 πανηγύρεως
747 4474 982 4550 λαμπρόν
1011 4477 1274 4548 ἕζημίωσε
1306 4491 1320 4542 ;

251 4677 347 4725 Καὶ
378 4673 438 4726 ού
469 4679 628 4725 τοῦτο
651 4671 783 4742 λέγω
820 4666 1024 4744 μηδένα
1047 4676 1119 4744 μὴ
1155 4667 1263 4724 δεῖν
1295 4668 1396 4722 ἀπὸ
1449 4672 1622 4732 πάσης
1681 4680 1776 4732 τῆς

186 4759 355 4835 ἑορτῆς
406 4761 462 4813 ἐκ
517 4762 656 4814 πάνυ
720 4779 770 4812 τι
823 4764 1029 4813 πίπτειν
1120 4760 1358 4834 ῥᾳθύμου
1414 4759 1623 4832 ψυχῆς,
1698 4763 1777 4812 ὅτι

183 4846 306 4919 μηδ’
335 4851 484 4922 οἶμαί
511 4867 631 4902 τινα
684 4857 784 4900 τῶν
846 4847 1084 4902 ἁπάντων
1151 4847 1197 4909 ἐς
1257 4855 1503 4900 τοσοῦτον
1549 4847 1780 4921 ἀγνωμο-

187 4940 332 4999 σύνης
379 4939 564 5008 ἐλθεῖν,
623 4933 723 4988 ούδ
776 4936 840 4989 αὖ
895 4938 1069 5012 ὥσπερ
1117 4935 1165 4988 ἓν
1207 4942 1478 5012 νεκρότητι
1527 4937 1622 5009 ζῆν
1692 4937 1779 4990 αἰ-

182 5029 380 5098 ρεῖσθαι
432 5033 526 5080 καὶ
595 5025 918 5087 ἀναισθήτως
967 5025 1109 5097 ἔχειν
1187 5030 1312 5101 πρὸς
1399 5025 1537 5089 ἄπας
1603 5027 1778 5097 καλὸν,

184 5115 300 5170 ὥσθ’
333 5118 454 5176 ὣ.ην
477 5116 582 5169 ἀπὸ
637 5116 831 5187 νάρκης
887 5121 977 5168 καὶ
1041 5115 1316 5177 παντελοῦς
1374 5114 1652 5178 ἀκινησίας
1685 5137 1781 5189 φυ-

182 5212 280 5275 γεῖν
311 5211 397 5266 τὴν
437 5210 754 5278 πανήγυρινσ
810 5203 937 5256 ἀλλά
991 5208 1048 5258 τό
1107 5209 1178 5278 μὴ
1240 5202 1334 5259 διὰ
1387 5206 1560 5268 πάσης
1615 5207 1671 5274 ᾖ,
1725 5208 1782 5257 τό

183 5311 234 5364 γε
280 5292 546 5369 δεύτερον,
601 5299 673 5366 μη
736 5289 828 5347 δια
853 5302 948 5356 τῆς
993 5294 1220 5357 πλείονος
1276 5297 1482 5348 ἱκέσθαι
1553 5290 1786 5348 σπουδά-

186 5399 290 5452 σαι,
317 5386 457 5438 τοῦτ’
481 5384 535 5437 ἓν
564 5382 712 5454 αἰτίᾳ
740 5387 848 5446 καὶ,
909 5385 976 5444 ὡς
1030 5383 1263 5457 ἔγκλημα
1310 5392 1402 5436 τοῦ
1449 5383 1632 5437 λοιποῦ
1677 5390 1784 5443 τοῖς

184 5481 542 5533 κατοκνῆσασι
573 5473 850 5544 γίγνεσθαι
893 5476 952 5525 τό
1009 5477 1173 5549 παρόν
1228 5472 1472 5548 βούλεται
1514 5473 1782 5548 ψήφισμα.

184 5564 333 5634 Τάχα
359 5560 418 5616 δε
461 5566 554 5614 καὶ
615 5560 970 5633 ἀγανάκτησιν
1035 5561 1435 5630 ἕπανατείνεται,
1493 5564 1598 5635 οὐχ
1650 5561 1788 5622 ἣττω

187 5646 251 5709 ἰὴ
316 5661 544 5723 τούτοις,
601 5652 629 5710 ἣ
678 5650 784 5712 τοῖς
838 5649 922 5705 ἰπὶ
963 5655 1019 5706 τὸ
1100 5648 1304 5706 δεῖπνον
1377 5651 1425 5704 ἂν
1501 5639 1788 5725 εὐαγγελιόι

1967 2158 2082 2215 Sed
2111 2159 2260 2215 forte
2288 2159 2424 2233 quis
2449 2159 2650 2216 adhuc
2674 2165 2908 2233 quaerat
2931 2175 3120 2233 quare
3147 2175 3269 2216 non
3300 2159 3546 2225 diutius,

1892 2262 2017 2304 non
2032 2263 2291 2320 semper,
2313 2248 2472 2306 hisce
2493 2249 2626 2306 vitae
2644 2249 2818 2305 bonis
2842 2248 3257 2319 gaudebimus,
3283 2256 3548 2304 coarcta-

1891 2335 2094 2392 bimus
2143 2342 2352 2394 autem
2414 2336 2656 2394 brevius
2683 2337 3010 2394 festivitatis
3033 2343 3288 2409 tempus,
3363 2337 3544 2409 quasi

1893 2426 2299 2499 nosmetipsos
2327 2426 2675 2483 fraudantes
2698 2427 3000 2484 uberrima
3025 2426 3347 2498 voluptate.
3383 2430 3466 2482 Ita
3487 2429 3543 2482 et

1892 2529 2004 2571 nos
2029 2515 2524 2581 sentiebamus,et
2543 2531 2702 2588 saepe
2725 2515 3146 2572 solemnitatem
3163 2515 3222 2571 in
3245 2514 3546 2584 longiores

1893 2604 2236 2674 protrahere
2249 2620 2451 2660 moras
2477 2604 2874 2674 cogitavimus
2899 2623 2912 2672 ;
2939 2604 3318 2676 pepercimus
3343 2607 3544 2659 autem

1891 2692 1952 2747 in
1984 2692 2238 2761 gratiam
2266 2693 2616 2762 multorum,
2651 2698 2713 2749 ut
2751 2693 3202 2750 scilicetomnes
3223 2693 3402 2764 quasi
3426 2708 3545 2747 uno

1891 2782 2227 2856 eodemque
2254 2782 2359 2839 zeli
2397 2782 2625 2839 fervore
2674 2783 3123 2839 inflammentur
3178 2790 3236 2838 et
3279 2781 3543 2853 idipsum

1893 2871 2150 2928 sentiant
2173 2877 2230 2927 et
2257 2872 2341 2928 sic
2373 2871 2604 2928 facilius
2628 2872 2888 2943 unalege
2909 2873 3262 2941 dirigantur.
3295 2872 3350 2927 Si
3381 2870 3540 2926 enim

1891 2964 2189 3032 oporteret
2218 2959 2528 3016 thesauros
2559 2960 2870 3016 exhaurire
2901 2964 3004 3016 aut
3061 2959 3262 3015 subire
3301 2957 3543 3015 labores

1889 3048 2110 3121 quibus
2132 3064 2369 3120 magnas
2389 3049 2543 3104 vires
2563 3048 2922 3105 adhibendae
2951 3049 3144 3104 forent
3186 3048 3264 3104 ab
3311 3063 3382 3103 eo
3438 3047 3544 3119 qui

1891 3138 1969 3196 ad
2006 3140 2122 3194 hoc
2145 3137 2344 3210 impar
2362 3137 2687 3194 exsisteret.
2706 3154 2766 3192 se
2790 3153 2912 3193 non
2932 3153 3108 3210 posse
3118 3137 3276 3209 juste
3289 3136 3382 3192 ille
3399 3151 3544 3208 que-

1889 3231 2133 3283 reretur.
2161 3226 2313 3283 Nihil
2341 3231 2542 3283 autem
2580 3226 2796 3282 horum
2837 3225 3230 3294 accidit;sed,
3282 3229 3346 3280 ut
3393 3223 3541 3280 dixi-

1889 3331 2047 3384 mus,
2064 3315 2518 3381 benedictionis,
2538 3320 2799 3388 sanctmq
2809 3332 2879 3372 ue
2890 3314 3104 3372 laetitia:
3120 3320 3176 3371 et
3191 3314 3281 3370 ref
3283 3314 3538 3384 ulgentis

1889 3404 2281 3462 solemnitatis
2346 3421 2468 3461 uno
2507 3403 2880 3478 proponitur,
2943 3420 3079 3478 qua:
3127 3403 3179 3460 si
3226 3403 3540 3474 negligan-

1888 3497 2002 3564 tur,
2027 3493 2265 3563 signum
2282 3499 2369 3549 est
2389 3509 2511 3550 non
2533 3493 2715 3550 modo
2743 3492 3030 3563 segnitiae,
3059 3492 3168 3549 sed
3206 3492 3387 3550 etiam
3406 3505 3540 3547 sen-

1889 3598 1992 3637 sus
2017 3582 2216 3638 minus
2229 3582 2389 3649 recti,
2419 3587 2475 3637 et
2493 3582 2846 3652 ignorantiie
2859 3580 3304 3654 eorumquibus
3319 3581 3395 3638 ad
3411 3597 3544 3654 per-

1887 3670 2200 3728 factionem
2239 3671 2468 3745 absque
2498 3670 2702 3728 labore
2743 3671 3104 3744 pervenitur.
3153 3671 3325 3737 Quod
3366 3671 3436 3740 si,
3482 3677 3544 3729 ut

1886 3764 2042 3817 certe
2070 3765 2340 3832 apparet,
2374 3760 2650 3816 laborum
2680 3758 3062 3832 suscipienda
3091 3759 3535 3828 estmultitudo,

1886 3849 1964 3906 ad
1983 3849 2130 3922 quid
2151 3849 2367 3922 potiori
2386 3849 2521 3920 jure
2547 3854 2602 3905 et
2621 3849 3022 3922 quaestuosius
3049 3848 3186 3920 quis
3207 3847 3537 3916 insudabit,

1886 3955 2075 4013 quam
2115 3939 2193 3997 ad
2223 3941 2338 3996 hoc
2365 3940 2427 3996 in
2453 3955 2576 4012 quo
2595 3955 2828 3994 summe
2885 3937 3152 4009 proﬁciet
3204 3938 3537 3996 secundum

1886 4027 2054 4100 quod
2081 4028 2246 4084 nisus
2277 4028 2452 4084 fuerit
2480 4027 2604 4083 zelo
2652 4033 2707 4082 et
2755 4026 3153 4083 contentione.
3217 4027 3440 4082 Etenim
3490 4029 3540 4084 si

1883 4115 2189 4188 quosdam
2211 4114 2548 4172 videmusin
2572 4114 2818 4170 minimis
2833 4114 3258 4186 vilioribusque
3281 4115 3535 4186 negotiis

1884 4221 2068 4278 supra
2099 4204 2348 4261 modum
2376 4204 2705 4260 voluntarie
2753 4207 3063 4276 patientes,
3120 4203 3341 4276 quibus
3400 4220 3538 4277 spes

1886 4294 2030 4350 lucri
2045 4310 2291 4351 sensum
2312 4293 2608 4349 maestitia).
2621 4299 2677 4348 et
2704 4292 3173 4363 pmnamlaboris
3209 4293 3383 4364 quasi
3405 4310 3539 4350 om-

1887 4383 2032 4438 nino
2051 4382 2210 4452 lenit,
2243 4398 2365 4455 qua
2402 4397 2524 4438 non
2546 4381 3162 4453 eruntvituperatione
3177 4379 3536 4452 digni,quos

1889 4473 2099 4527 avertit
2125 4472 2253 4527 sola
2283 4470 2562 4527 voluntas
2591 4487 2938 4542 repugnans
2992 4469 3216 4526 festivae
3257 4467 3539 4525 solemni-

1805 4561 1849 4616 D
1890 4561 1990 4616 tati
2016 4561 2029 4615 ι

1958 4671 2024 4724 Ει
2065 4683 2183 4724 non
2207 4683 2454 4740 possum
2483 4667 2628 4739 quin
2683 4666 2881 4723 dicam
2918 4681 3343 4740 quemcunque
3385 4681 3542 4721 cras-

1887 4757 2141 4813 sissimm
2171 4757 2427 4825 ignavia:
2465 4761 2672 4813 notam
2726 4756 2944 4812 animae
2985 4773 3108 4810 suae
3147 4755 3401 4818 inurere,
3433 4753 3540 4823 qui

1887 4850 2074 4902 totum
2097 4845 2420 4901 festivitatis
2434 4861 2674 4901 cursum
2700 4861 2821 4900 non
2842 4843 3204 4908 celebraret;
3233 4841 3536 4896 neminem

1888 4937 2049 4992 enim
2061 4935 2395 5006 judicarem
2423 4936 2694 4991 omnium
2715 4938 2982 4988 vestrum
3006 4939 3182 4985 tantm
3203 4944 3333 4984 esse
3350 4928 3538 4984 insul-

1889 5025 2093 5092 sitatis,
2124 5029 2294 5080 tanta
2321 5023 2483 5080 vitali
2523 5022 2862 5079 fortitudine
2894 5034 3092 5075 carere
3117 5033 3240 5090 qua
3257 5017 3332 5072 ad
3355 5032 3535 5072 omne

1888 5114 2119 5170 bonum
2150 5113 2346 5170 vivide
2367 5128 2701 5173 movemur,
2744 5117 2807 5165 ut
2845 5115 3087 5181 propter
3125 5114 3427 5179 torporem
3482 5114 3538 5164 et

1891 5204 2136 5261 nimiam
2172 5203 2384 5276 quietis
2422 5202 2720 5258 insaniam
2750 5214 2995 5254 omnem
3035 5197 3414 5254 festivitatem
3440 5213 3541 5252 ne-

1891 5293 2168 5362 gligeret:
2196 5306 2457 5364 praesens
2485 5290 2685 5361 itaque
2711 5286 3017 5343 decretum
3075 5286 3192 5344 huc
3249 5285 3436 5343 tendit
3476 5290 3543 5342 ut

1891 5388 2144 5438 noscant
2173 5379 2394 5450 ignavi,
2424 5378 2589 5451 quod
2619 5377 2663 5431 si
2699 5391 2820 5431 non
2840 5375 2941 5431 toti
2963 5375 3541 5432 studeantinteresse

1895 5471 2043 5527 festo
2065 5471 2156 5526 vel
2170 5469 2380 5524 saltem
2394 5467 2442 5536 ej
2455 5483 2522 5522 ns
2537 5463 2747 5536 majori
2762 5464 2933 5536 parti,
2947 5463 3063 5520 hoc
3082 5464 3192 5520 illis
3220 5465 3281 5519 in
3312 5462 3541 5518 crimen

1895 5561 2031 5617 etin
2059 5555 2504 5617 accusationem
2548 5557 2899 5620 casterorum
2946 5559 3223 5610 vertetur.
3273 5554 3346 5606 Εο
3406 5550 3542 5620 ipso

1898 5637 2060 5708 enim
2079 5647 2350 5706 divinam
2367 5641 3172 5713 incurruntindignatiOnem
3187 5655 3310 5698 non
3333 5636 3538 5695 minus
