4050 6306
471 354 606 409 1523

1855 323 2236 403 NICEPHonI
2260 326 2522 399 CHUMNI

3700 327 3846 400 4524

467 492 656 550 quam
679 474 760 531 illi
791 475 915 547 qui,
947 475 1024 531 ad
1052 491 1286 532 caenam
1329 476 1731 548 evangelicam
1759 470 1974 535 vocati,
2000 485 2128 524 sese

2238 465 2525 534 κληθείσιν,
2581 463 2694 519 εἶτα
2741 485 3220 540 παραιτησαμενοις
3294 467 3368 540 (1)
3456 465 3540 521 ἐπὶ
3577 470 3844 543 προφάσε-

469 565 720 622 diversis
773 565 848 619 de
905 564 1099 620 causis
1145 571 1528 638 excusarunt,
1588 565 1736 621 villas
1800 559 2129 628 visitandas,

473 655 675 710 uxoris
697 653 1010 718 ducendae,
1044 653 1335 724 jugorum
1388 657 1657 728 quinque
1706 653 1890 710 boum
1925 664 2130 705 recens

470 747 811 814 emptorum
850 742 1226 814 experientiae
1263 742 1571 800 faciendae.
1600 742 1845 807 Etenim,
1893 739 2042 795 sicut
2071 736 2132 792 il-

473 830 546 886 lis
577 845 699 885 non
722 836 848 886 erat
873 846 1049 903 aequa
1073 833 1403 898 excusatio,
1430 835 1512 888 ita
1543 848 1651 888 nec
1679 830 1832 893 istis,
1857 833 1913 884 et
1933 827 2131 884 nullus

475 933 747 990 unquam
771 917 1070 973 adducere
1098 921 1312 990 poterit
1341 920 1754 982 sufﬁcientem,
1817 933 1955 975 eum
1986 915 2133 973 nihil

475 1007 550 1062 sit
571 1007 787 1073 utilius,
828 1023 1022 1080 neque
1052 1009 1247 1080 aptius
1277 1009 1502 1065 nedum
1559 1010 1636 1066 ad
1679 1009 2129 1073 retrahendum,

474 1112 685 1152 verum
708 1096 884 1152 etiam
903 1095 982 1151 ad
997 1095 1207 1152 fortius
1226 1097 1672 1169 impellendum,
1695 1095 2131 1172 quaminvitari

479 1189 536 1240 et
566 1183 806 1240 suaderi
827 1200 1005 1240 sensu
1030 1185 1107 1241 ad
1121 1185 1492 1242 festivitatem
1515 1188 1961 1246 celebrandam.
1977 1186 2130 1254 Quid

480 1275 640 1332 enim
669 1275 780 1330 hac
818 1273 920 1330 ﬁet
938 1275 1351 1332 honorabilius
1372 1275 1401 1330 ?
1438 1277 1584 1349 quid
1609 1278 1900 1349 majorem
1918 1277 2133 1334 utilita-

481 1369 596 1420 tem
629 1362 938 1435 proferet?
971 1366 1032 1419 Et
1053 1365 1451 1436 quandonam
1475 1368 1534 1420 in
1562 1368 1849 1423 omnibus
1903 1369 2011 1423 erit
2060 1367 2134 1421 si-

482 1451 609 1507 mul
633 1456 689 1507 et
715 1451 881 1524 quod
906 1453 1044 1508 utile
1067 1457 1154 1509 est
1173 1459 1229 1508 et
1257 1454 1422 1525 quod
1445 1454 1782 1526 jucundum
1805 1458 1833 1512 ξ)
1859 1459 1933 1512 Te
1991 1470 2133 1524 ergo

482 1539 982 1597 aﬁiciatomnium
1002 1556 1212 1597 eorum
1229 1541 1305 1597 ad
1319 1559 1456 1615 quae
1478 1547 1532 1598 te
1550 1544 1818 1599 studeres
1831 1545 2132 1618 applicare

481 1629 716 1684 lucrum
747 1629 945 1698 majus
979 1633 1036 1685 et
1060 1629 1246 1685 multo
1272 1633 1674 1704 praastantius,
1728 1633 1959 1690 etiamsi
2011 1649 2133 1690 non

486 1715 687 1772 valeas
717 1733 788 1772 ea
813 1733 948 1787 quas
981 1724 1118 1773 sunt
1154 1718 1474 1775 invisibilia
1512 1721 1893 1793 introspicere
1937 1726 1994 1777 et
2043 1739 2137 1778 eo-

485 1821 620 1861 rum
635 1821 771 1877 quae
785 1821 968 1878 paren
979 1811 996 1860 t
1007 1806 1390 1863 solummodo
1404 1810 1745 1866 consideres
1766 1810 2135 1884 voluptatem

487 1899 541 1950 et
571 1895 1100 1966 pulchritudinem,
1128 1895 1344 1952 choros
1377 1897 1997 1956 scilicetsacerdotum
2021 1917 2136 1956 cm-

486 1988 582 2039 tus
604 1983 1060 2050 monachorum,
1093 1985 1470 2058 aliorumque
1528 1988 1857 2060 permultas
1907 1993 2134 2045 turmas

488 2073 738 2142 Virginis
761 2072 970 2128 laudes
1002 2075 1340 2129 canentium
1368 2093 1380 2130 :
1410 2076 1628 2131 horum
1655 2078 1924 2133 omnium
1950 2077 2136 2147 legiti-

490 2177 656 2217 mum
681 2162 974 2227 ordinem,
993 2162 1345 2233 gravitatem
1365 2169 1579 2220 etcum
1611 2166 1948 2223 caelestibus
1975 2168 2131 2222 simi-

479 2249 815 2307 litudinem.
859 2252 1155 2315 Quantam
1196 2268 1337 2306 vero
1389 2253 1652 2309 laetitiam
1701 2260 1758 2309 et
1812 2255 2132 2328 voluptatis

482 2339 918 2394 abundantiam
941 2339 1265 2396 infundunt
1304 2342 1404 2414 pia
1424 2358 1711 2415 sacraque
1739 2345 2008 2400 carmina
2032 2344 2130 2401 Dei

480 2427 764 2482 laudibus
790 2428 968 2500 plena
999 2434 1054 2484 et
1093 2430 1530 2486 solemnitatem
1555 2432 1870 2489 addentia!
1915 2435 2130 2506 thuis

480 2522 570 2571 est
607 2517 709 2587 qui
731 2532 793 2571 se
825 2522 1046 2572 avertat
1079 2517 1158 2573 ab
1179 2518 1271 2573 his
1303 2520 1588 2575 omnibus
1629 2537 1764 2593 quas
1817 2522 2019 2578 audiet
2075 2528 2132 2578 et

481 2604 996 2675 contemplabitur,
1013 2612 1077 2660 ut
1098 2607 1512 2663 rebuscteteris
1535 2608 1819 2666 libentius
1842 2611 2132 2668 inhaereat

480 2707 667 2765 quam
693 2692 846 2748 festo
875 2693 1015 2749 huic
1042 2694 1071 2750 ?
1093 2697 1276 2750 Nemo
1305 2697 1579 2752 omnium
1606 2713 1852 2770 prorsus
1885 2699 1898 2754 l

551 2871 631 2925 De
660 2875 872 2926 caetero
899 2872 1048 2944 quid
1085 2871 1346 2945 amplius
1399 2873 1599 2931 dicam
1627 2875 1656 2932 ?
1687 2891 1798 2945 age
1847 2877 2131 2934 continuo

479 2957 612 3015 festi
638 2959 983 3016 societatem
1015 2961 1253 3018 insume
1278 2968 1433 3019 utea
1452 2979 1589 3035 quas
1632 2965 1744 3036 ipsi
1800 2972 1941 3022 sunt
1988 2971 2130 3039 apta

478 3049 812 3120 adimpleas
838 3067 851 3116 ;
874 3051 1115 3122 expiare
1122 3052 1372 3122 jejunio,
1393 3057 1785 3126 temperantia
1814 3056 2125 3123 mundare,

478 3142 535 3192 et
558 3138 930 3193 sanctiﬁcare
948 3141 1261 3211 precibus:
1289 3143 1347 3196 in
1370 3143 1592 3211 gaudio
1619 3143 1908 3215 spirituali
1925 3145 2130 3201 omnia

479 3225 583 3282 tibi
613 3228 729 3282 sint
767 3229 986 3300 pariter
1018 3230 1366 3302 spiritualia,
1403 3232 1458 3287 Si
1490 3232 1654 3298 velis,
1691 3233 1972 3289 Davidem
1998 3234 2129 3290 imi-

476 3321 603 3371 tare
616 3316 831 3372 choros
846 3318 1184 3374 saltantium
1199 3319 1510 3376 ducentem
1536 3337 1549 3386 ;
1575 3321 1978 3378 subsilientem
1991 3328 2129 3380 ante

478 3419 681 3460 arcam
717 3411 774 3460 et
805 3405 1121 3462 saltantem
1141 3408 1199 3462 in
1217 3408 1592 3479 jubilatione.
1615 3413 1678 3466 Et
1702 3410 1749 3466 si
1782 3411 1938 3467 fores
1968 3413 2026 3467 in
2041 3428 2129 3468 ex-

477 3493 680 3547 tremis
713 3500 880 3549 terraa
909 3511 1044 3550 cum
1065 3497 1349 3568 apostolis
1365 3514 1607 3554 accurre
1632 3521 1645 3564 ;
1670 3517 1778 3572 pro
1796 3505 1954 3556 certo
1967 3503 2126 3558 enim

484 3579 628 3634 mihi
659 3587 766 3644 est,
795 3581 1523 3656 eosinvisibiliteradesse,
1582 3586 1964 3660 hymnosque
1995 3604 2126 3659 pro-

476 3665 726 3722 fundere
747 3667 1148 3736 abundantes,
1165 3671 1467 3728 sicutolim
1481 3674 1678 3730 subito
1692 3691 1902 3731 omnes
1924 3677 2128 3733 adfue-

476 3759 614 3810 runt
642 3770 711 3810 ex
733 3755 956 3812 ﬁnibus
988 3763 1153 3813 terra;
1179 3767 1524 3816 accurentes
1553 3762 1629 3817 ad
1657 3763 1977 3820 solvendos
2006 3767 2126 3821 Vir-

479 3842 599 3912 gini
642 3843 981 3900 funebrium
1009 3851 1246 3904 cantus.
1269 3849 1523 3920 Sequere
1544 3849 2128 3925 coryphaeosmeque

477 3932 731 3988 chorum
763 3933 1131 4008 derelinque,
1157 3953 1230 3992 ne
1265 3938 1520 3994 accedas
1549 3940 1626 3996 ad
1654 3942 1982 4012 nuptialem
2013 3944 2126 4000 do-

477 4038 643 4077 mum
673 4024 801 4093 jam
828 4024 1142 4092 reclusam,
1175 4032 1232 4082 et
1251 4043 1345 4094 ne,
1375 4028 1521 4084 dum
1568 4030 1726 4086 intus
1755 4031 2131 4091 celebrantur

478 4117 685 4166 sancta
709 4115 1014 4183 mysteria,
1049 4122 1170 4170 stes
1193 4117 1451 4171 exterius
1479 4118 1728 4190 pulsans
1761 4125 1818 4176 et
1862 4137 2126 4194 conque-

475 4214 616 4254 rens
641 4202 804 4272 quod
845 4204 1183 4260 excludaris
1212 4222 1247 4260 a
1284 4205 1506 4263 laetitia.
1558 4214 1678 4276 Age
1736 4208 1944 4277 igitur;
1969 4217 2130 4268 certa

479 4288 706 4343 bonum
735 4297 1056 4359 certamen,
1091 4299 1226 4349 ante
1247 4301 1492 4351 caeteros
1514 4312 1833 4368 praecurre,
1861 4300 2129 4370 etjactu-

475 4370 604 4431 rain
634 4379 822 4448 probe
861 4381 1131 4451 edoctus,
1161 4382 1238 4437 ad
1270 4385 1509 4440 Matrem
1549 4386 1876 4442 Deiiterum
1909 4389 2129 4444 accede

477 4464 824 4521 videndam.

553 4639 635 4709 Si,
669 4656 808 4698 cum
836 4641 1060 4714 aliquid
1087 4661 1159 4701 ex
1185 4646 1276 4702 his
1305 4663 1441 4718 quas
1469 4647 1635 4705 aliter
1655 4649 1939 4718 relucent,
1994 4652 2128 4710 licet

475 4744 595 4786 non
620 4747 762 4787 vere
797 4731 958 4789 ulilia
986 4735 1120 4800 sint,
1153 4736 1256 4790 sed
1290 4753 1322 4791 e
1373 4746 1581 4794 contra
1632 4739 1798 4795 brevi
1857 4757 2125 4798 corrum-

477 4826 718 4890 pantur,
749 4821 864 4877 sub
893 4823 1159 4894 quadam
1184 4826 1376 4896 specie
1433 4827 1676 4883 honoris
1727 4834 1783 4884 et
1845 4829 2129 4888 bonitatis

478 4911 830 4980 prolionitur
859 4913 1362 4984 participandum.
1405 4930 1523 4971 non
1580 4923 1748 4988 potes
1803 4919 1951 4991 quin
1991 4929 2128 4978 ante

549 5084 627 5223 ξι)
653 5085 798 5140 Vide
832 5088 1046 5143 Lucam
1081 5104 1192 5155 xvr,
1220 5092 1284 5144 t6
1314 5105 1449 5162 sqq.

575 5160 628 5221 '2)
676 5162 736 5221 A,
778 5163 1143 5223 προσανέχειν·
1209 5161 1239 5218 ἢ
1296 5168 1448 5213 τοῦτο

575 5160 628 5221 '2)
676 5162 1143 5238 A,‘1rpoa'avéxﬂr
1209 5161 1239 5218 ἢ
1296 5160 1448 5213 τοῦτο
1506 5169 1606 5238 τρών
1827 5171 1882 5231 Β,
1962 5184 2127 5238 προσ-

480 5230 706 5295 ανέχειν,
742 5227 771 5284 ἣ
806 5227 959 5280 τοῦτο
1007 5227 1203 5289 τῶν...
1272 5233 1462 5296 Quam
1521 5232 1630 5286 feci
1683 5227 1948 5290 correcto
2000 5227 2127 5290 sen-

479 5301 721 5422 {situlam
747 5297 1116 5368 probabilem
1150 5302 1320 5374 parit.
1360 5306 1502 5358 Puto
1527 5309 1727 5359 tamen
1777 5305 1938 5361 aliud
1978 5307 2126 5377 quid

503 5381 540 5422 a
565 5382 683 5421 ere.
1540 5419 1542 5422 ,

503 5381 683 5422 atere.
1540 5419 1542 5422 .

549 5437 983 5518 (:l_)l%espicitur
1021 5444 1281 5518 narratio
1335 5444 1555 5500 biblica
1602 5444 1671 5518 (ll
1725 5449 1860 5516 Reg.
1924 5448 1996 5516 VI)
2051 5448 2126 5504 de

477 5509 698 5564 Davide
730 5509 865 5564 ante
904 5527 1102 5567 arcem
1144 5513 1414 5572 saltante.

548 5579 794 5660 (limum
823 5581 1126 5660 hic_in_nui
1179 5584 1257 5660 ab
1307 5592 1547 5660 auctore
1598 5587 1756 5660 piam
1810 5588 1883 5644 de
1932 5589 2124 5648 Mariae

475 5651 834 5709 dormitione
862 5653 1161 5713 fitbulum.
1189 5658 1400 5713 Narrat
1411 5659 1571 5714 enim
1593 5651 1945 5732 Germanus,
1972 5676 2122 5735 apo-

2241 575 2346 624 σιν,
2379 555 2539 628 ἀγροῦ
2563 558 2770 629 θεωρίᾳ,
2813 560 2904 608 καὶ
2958 559 3112 629 γάμῳ
3176 560 3439 628 γυναικὸς,
3498 562 3589 610 καὶ
3643 556 3844 633 ζευγῶν

2237 648 2386 696 πέντε
2440 649 2698 702 νεωνήτων
2774 641 3085 718 δοκιμασίᾳ.
3148 649 3250 698 Καὶ
3322 649 3444 720 γὰρ,
3531 645 3708 721 ὥσπερ
3795 644 3844 698 ἐν

2240 731 2453 796 ἐκείνοις
2509 737 2603 786 ούκ
2669 733 2874 805 εὓλογος
2923 735 2953 793 ἡ
3027 738 3371 808 παραίτησις,
3445 731 3562 788 οὐδ’
3637 733 3842 787 ἐνταῦθ’

2241 822 2463 894 εὔλογος,
2493 822 2588 875 κᾶν
2640 826 2822 876 ὁποίαν
2890 843 2966 885 τις
3023 825 3093 884 ὡς
3149 823 3466 898 ἕξαρκοῦσαν
3515 823 3843 898 ἐξαιρεῖσθαι

2239 910 2601 984 προϐάλλοιτο,
2677 909 2888 975 οὐδενὸς
2955 915 3094 973 ὄντος
3169 916 3300 986 μήτε
3391 911 3839 987 λυσιτελεστέρου,

2240 1002 2366 1073 μήθ’
2428 1005 2538 1055 οἰου
2585 1003 2844 1075 μεθελκειν
2893 1003 3237 1078 ἰσχυρότερον
3300 1023 3390 1056 και
3470 1006 3597 1078 πρός
3689 1002 3841 1055 ἑαυτὸ

2244 1094 2475 1164 στρέφειν
2518 1095 2604 1143 τὸν
2668 1098 2791 1163 γοῦν
2833 1092 2944 1164 μετ’
2989 1091 3287 1152 αἰσθήσεως
3355 1092 3427 1155 εἰς
3497 1097 3590 1150 τήν
3659 1091 3843 1165 ἑορτὴν

2242 1177 2584 1252 ἐπειγόμενον.
2633 1184 2699 1232 Τί
2752 1183 2853 1254 γὰρ
2920 1181 2980 1232 ἄν
3029 1183 3225 1243 ταύτης
3276 1193 3366 1233 και
3449 1184 3650 1252 γένοιτό
3718 1199 3845 1233 ποτε

2240 1271 2635 1343 τιμιωτερον;ἣ
2692 1274 2744 1322 τί
2796 1269 2953 1322 πλείω
3027 1274 3120 1328 τὴν
3203 1261 3383 1328 ὄνησιν
3457 1273 3695 1344 adponi
3769 1278 3845 1342 τῷ

2242 1365 2341 1410 τῶν
2394 1357 2522 1410 ὅλων
2587 1358 2703 1410 κατ’
2753 1360 2864 1411 ἴσον
2921 1361 3049 1430 μετὰ
3114 1365 3205 1411 τοῦ
3270 1359 3654 1421 λυσιτελοῦντος
3726 1360 3843 1432 ἅμα

2241 1451 2532 1520 προσέσται
2579 1446 2708 1500 πολὺ
2761 1452 2850 1499 καὶ
2907 1450 2965 1499 τὸ
3000 1447 3378 1520 χάριεν;ὧστ’
3433 1447 3464 1507 ἣ
3519 1451 3577 1501 τό
3654 1446 3848 1522 κέρδος

2244 1534 2425 1586 ἐλκετω
2461 1553 2518 1587 σε
2541 1537 2747 1588 πάντων
2803 1537 2857 1588 ὄν
2908 1537 3085 1608 μεῖζον
3137 1542 3228 1589 καὶ
3292 1536 3462 1606 πολλῷ
3508 1537 3684 1610 μεῖζον
3743 1547 3847 1589 τῶν

2245 1623 2317 1695 ἐφ’
2373 1621 2408 1674 ἆ
2463 1621 2787 1688 σπουδάσεις
2847 1623 3270 1698 ἕνασχολομενος,
3315 1629 3371 1692 ἦ,
3411 1630 3483 1698 μὴ
3557 1623 3852 1700 δυνάμενος

2246 1715 2378 1787 πρὸς
2424 1718 2576 1765 τοῦτο
2629 1715 2870 1788 καθαρῶς
2947 1713 3142 1786 βλέψαι
3225 1713 3458 1790 ἀοράτως
3539 1716 3847 1788 ἐρχόμενον,

2175 1818 2213 1872 Β
2245 1801 2396 1872 γενόῦ
2444 1809 2535 1862 ra”;
2597 1810 2794 1874 τρυφῆς
2833 1807 2921 1854 καὶ
2994 1810 3086 1855 τοῦ
3138 1802 3376 1865 κάλλους-
3408 1812 3507 1856 τῶν
3555 1805 3848 1882 ὁρωμένων,

2245 1893 2630 1962 χοροὺςὶερίων
2659 1879 2883 1962 βλέπων,
2953 1896 3146 1966 χοροὺς
3200 1895 3491 1960 ιιοναστῶν,
3558 1879 3850 1965 ὁμηγύρεις

2245 1977 2403 2038 ἄλλας
2453 1983 2547 2036 τὴν
2605 1981 2862 2052 Παρθένον
2915 1981 3221 2053 ὑμνούντων,
3276 1984 3482 2034 πάντων
3542 1985 3637 2040 τὴν
3696 1982 3852 2034 εύτα-

2245 2065 2378 2133 ξίαν,
2420 2071 2478 2119 τὸ
2513 2071 2694 2139 σεμνὸν
2758 2070 2980 2135 πάντων,
3038 2074 3128 2122 καὶ
3167 2074 3260 2128 τὴν
3322 2074 3453 2145 πρὸς
3516 2074 3581 2123 τὰ
3629 2071 3854 2144 ούρανια

2243 2160 2492 2227 μίμησιν.
2523 2155 2589 2210 ’Δ
2621 2153 2681 2209 δὲ
2709 2160 2798 2209 καὶ
2853 2159 2964 2210 θεῖα
3013 2163 3104 2211 καὶ
3160 2161 3271 2233 ἱερὰ
3323 2158 3450 2234 μέλη
3489 2166 3580 2212 καὶ
3608 2160 3851 2232 ᾅσματα.

2242 2246 2336 2305 τὰς
2411 2245 2630 2308 αἰνέσεις
2711 2245 3024 2320 πληροῦντα,
3097 2256 3360 2321 κοσμοῦσι
3458 2254 3552 2308 τὴν
3643 2249 3846 2324 ἑορτὴν,

2240 2338 2393 2386 ποίαν
2445 2331 2641 2395 ἡδονῆς
2697 2335 2981 2409 ὑπερϐολὴν
3034 2334 3389 2408 ἀπολείπει;ἣ
3446 2341 3543 2408 τίς,
3583 2336 3684 2391 ἀπὸ
3745 2348 3849 2391 τῶν

2240 2426 2485 2476 τοιούτων
2530 2424 2871 2497 ἀκουσμάτων
2921 2425 3032 2498 ἅμα
3078 2431 3169 2478 καὶ
3232 2429 3500 2500 θεαμάτων
3567 2433 3844 2500 στραφεὶς,

2240 2513 2430 2584 ἕτεροις
2483 2511 2750 2584 ἀγαπήσει
2801 2513 3012 2585 μᾶλλον,
3065 2517 3134 2578 ὡς
3211 2512 3279 2574 δή
3359 2535 3473 2568 τισι
3556 2516 3842 2592 λαμπροῖς.

2240 2597 2402 2661 ἡδέως
2478 2606 2846 2674 προσανέχειν,
2904 2604 2934 2662 ἢ
3023 2606 3232 2675 τούτῳς
3273 2613 3371 2657 τῶν
3456 2605 3697 2658 ἁπάντων

2238 2685 2433 2752 οὐδείς.

2312 2872 2413 2921 Καὶ
2443 2865 2512 2926 δὴ
2543 2889 2634 2942 μοι
2663 2869 2840 2922 λοιπὸν
2871 2867 3026 2943 δεῦρο
3074 2877 3179 2933 πᾶς
3225 2876 3318 2940 τῆς
3370 2871 3520 2944 ἕορτῆ
3532 2893 3555 2935 ς
3602 2877 3844 2945 μετέχων

2239 2955 2287 3010 ἄν
2328 2957 2458 3031 αὐτῇ
2500 2961 2568 3011 τὰ
2609 2959 2784 3012 εἰκότα
2828 2959 3112 3027 τελέσθητι,
3171 2960 3452 3032 ἁγνισθητι
3497 2970 3558 3034 τῇ
3599 2968 3841 3035 νηστείᾳ,

2240 3041 2314 3098 δι’
2379 3045 2682 3122 ἕγκρατείας
2730 3051 3043 3123 καθάρθητι,
3101 3058 3219 3112 ταῖς
3291 3059 3616 3125 προσευχαῖς
3677 3050 3842 3122 ἁγίαι-

2171 3175 2211 3230 C
2241 3136 2417 3192 σθητι·
2467 3137 2614 3190 πάντ’
2677 3140 2810 3190 ἔστω
2897 3158 2982 3192 σοι
3062 3143 3406 3212 πνευματικὰ,
3488 3151 3848 3213 πνευματικῆς

2239 3227 2402 3287 οὔσης
2429 3233 2525 3287 τῆς
2548 3229 2906 3302 πανηγύρεως.
2941 3228 2998 3282 Εἰ
3051 3226 3230 3301 βούλει
3291 3225 3372 3297 δὲ,
3431 3235 3520 3282 καὶ
3581 3235 3843 3305 προσκίρ-

2239 3331 2399 3370 τησον
2455 3319 2550 3376 τῆς
2601 3313 2848 3387 κιϐωτοῦ,
2892 3322 2987 3370 καὶ
3052 3323 3314 3390 χόρευσον
3380 3317 3429 3370 ἐν
3505 3316 3842 3389 ἀγαλλιάσει,

2236 3387 2553 3474 καθηγεμόνι
2608 3412 2708 3456 τῶν
2761 3403 3002 3477 ἅλμάτων
3057 3387 3144 3476 τῷν,
3191 3403 3358 3459 Δαυὶδ
3409 3410 3488 3478 (3)
3547 3387 3841 3482 χρώμενος.

2239 3488 2345 3542 Κᾶν
2383 3489 2532 3563 τελῇς
2561 3491 2652 3554 εἰς,
2681 3494 2992 3564 ἓσχαταγῆς
3022 3497 3154 3566 μετὰ
3179 3503 3280 3547 τῶν
3312 3493 3612 3548 ἀποστόλων
3640 3492 3838 3570 δράμε’

2236 3581 2481 3653 πείθομαι
2534 3583 2632 3654 γὰρ
2696 3583 2886 3644 αὐτούς
2916 3614 2918 3616 τ
2948 3587 3038 3635 καὶ
3079 3583 3254 3654 πάλιν,
3327 3588 3480 3656 μόνον
3530 3590 3603 3656 μή
3658 3604 3844 3656 φαινο-

2235 3671 2438 3738 μένους,
2493 3668 2711 3743 ἁθρόους
2766 3669 2990 3742 ἀφῖχθαι
3047 3677 3138 3724 καὶ
3219 3673 3629 3744 συνεργάζεσθαι
3714 3678 3844 3734 τοὺς

2235 3755 2446 3827 ὕμνους,
2514 3761 2581 3820 ὡς
2646 3758 2808 3812 πάλαι
2858 3759 2974 3812 ποτ’
3063 3762 3244 3832 αἴφνης
3299 3760 3354 3813 ἔκ
3419 3763 3653 3835 περάτων
3735 3771 3842 3833 γῆς

2239 3845 2562 3908 συνελθόντες
2586 3843 2720 3919 ᾖσαν
2774 3852 2896 3910 τοὺς
2950 3845 3180 3910 ἔξοδίους
3234 3851 3336 3921 (4).
3387 3855 3471 3908 Μὴ
3526 3860 3652 3922 γοῦν
3700 3850 3842 3904 ἁπο-

2235 3934 2446 4007 λειφθῇς
2470 3944 2567 3988 τῶν
2611 3943 2920 4009 κορυφαίων,
2990 3934 3130 4010 μηδὲ
3180 3944 3399 3992 κατόπιν
3449 3947 3547 4001 τῆς
3597 3941 3842 4015 χορείας.

2236 4019 2376 4095 μηδὲ
2405 4023 2724 4087 κλεισθέντος
2748 4033 2840 4077 τοῦ
2863 4035 3124 4099 νυμφῶνος
3188 4029 3266 4098 (5)
3319 4026 3491 4100 ὒθῃς,
3542 4027 3596 4080 ἐν
3641 4025 3683 4099 ᾦ
3741 4027 3841 4088 δη-

2237 4111 2405 4164 λονότι
2445 4119 2614 4166 ταῦτα
2666 4121 2767 4164 τῶν
2827 4116 2972 4186 ἱερῶν
3012 4113 3253 4182 τελεῖται,
3305 4121 3378 4187 μή
3427 4121 3610 4189 μείνῃς
3654 4117 3844 4180 ἓξῶθεν

2237 4204 2458 4274 κρούων,
2509 4208 2620 4254 εἶτα
2693 4207 2917 4255 σεαυτὸν
2995 4203 3283 4265 ταλανίξων
3352 4206 3431 4258 ὅτι
3502 4213 3592 4266 τῆς
3664 4213 3843 4280 χαρᾶς

2238 4290 2603 4352 ἁπεκλείσθης.
2659 4290 2760 4345 Ὶθι
2847 4289 3136 4355 σπούδαίος
3200 4297 3295 4351 τὴν
3374 4294 3534 4353 καλὴν
3614 4293 3840 4368 ἅμιλλαν

2236 4379 2602 4452 ἁμιλλώμενος,
2649 4385 2739 4432 καὶ
2793 4385 3097 4456 προτρεχων
3139 4389 3248 4434 τῶν
3296 4381 3484 4450 ἄλλων,
3569 4389 3661 4444 καὶ
3741 4384 3842 4445 ζι-

2235 4488 2358 4540 μιαν
2401 4466 2456 4520 εὖ
2500 4465 2650 4530 εἰδὼς
2693 4477 2756 4542 τῇ
2802 4478 2895 4522 τοῦ
2945 4477 3079 4524 Θεοῦ
3133 4475 3310 4544 Μητρὶ
3377 4467 3613 4546 δεύτερος
3665 4474 3840 4544 ὀφθῆ-

2157 4569 2201 4621 D
2233 4576 2337 4613 ναι.

2303 4648 2366 4698 Εἰ
2387 4665 2438 4698 τι
2492 4654 2591 4700 τῶν
2647 4645 2826 4722 ἑτέρως
2877 4645 3173 4721 λαμπρῶν,
3219 4646 3386 4720 μηδὲν
3446 4646 3497 4714 δ’
3545 4652 3665 4712 οἰῳν
3707 4648 3839 4704 ἁπο-

2233 4737 2426 4787 νασθαι
2449 4740 2753 4811 χρησίμων,
2776 4735 2812 4788 ἆ
2845 4755 2898 4790 τε
2927 4741 3016 4790 καὶ
3071 4740 3213 4809 ταχὺ
3260 4740 3640 4812 φθειρομένων,
3693 4738 3841 4813 ἀπα-

2234 4831 2432 4877 τώντων
2521 4821 2592 4895 δ’,
2657 4826 2796 4898 ὅμως
2859 4823 2927 4884 δὴ
3025 4845 3174 4892 τινων
3254 4832 3464 4900 τιμίων,
3559 4829 3842 4902 προύκειτο

2235 4913 2671 4987 μεταλαγχάνειν,
2711 4913 2771 4966 ού
2823 4912 2884 4965 ἆν
2938 4915 3170 4986 ἠνέσχου
3251 4921 3322 4989 μὴ
3415 4920 3665 4992 πρότερος
3738 4927 3842 4971 τῶν

2235 5090 2417 5147 stolos
2457 5090 2646 5146 Mariis
2678 5089 3002 5157 moriturae,
3034 5090 3538 5158 imodormituraa,
3571 5099 3627 5149 et
3657 5095 3845 5151 caios

2234 5161 2642 5234 assumendae,
2664 5157 2862 5234 subito
2876 5177 3001 5234 _nec
3027 5169 3414 5234 exspectatas,
3443 5157 3552 5219 nec
3585 5164 3714 5220 sine
3734 5167 3846 5222 ful-

2236 5234 2412 5288 minis
2444 5249 2508 5286 ac
2537 5231 2838 5302 turbinum
2867 5231 3422 5302 fragore,_adstisse',
3451 5251 3519 5289 ac
3553 5236 3841 5293 feretrum

2236 5305 2292 5359 in
2320 5305 2602 5359 humeros
2623 5301 3164 5376 sustulisse,5pvet;
3192 5311 3281 5357 καὶ
3320 5301 3573 5377 φωτισμῳ
3595 5311 3655 5359 τὸ
3685 5317 3849 5377 σῶμα

2232 5384 2326 5448 τῆς
2373 5377 2630 5447 Παρθένου
2685 5378 2809 5447 πρὸς
2844 5377 2900 5426 τὸ
2939 5383 3120 5448 μνῆμα
3196 5382 3381 5448 τιμίως
3444 5383 3536 5430 καὶ
3613 5377 3846 5442 εὐλαϐῶς

2265 5444 2564 5508 οδευοντας..
2725 5444 2734 5447 “
2941 5444 2948 5445 ί
3045 5444 3055 5448 ⁷
3248 5444 3257 5448 ⁷
3442 5495 3446 5500 .
3699 5507 3704 5511 _

2233 5446 2731 5648 ξοῗέἱῖῐῖἓέἒὶοίωι·
2759 5513 3048 5587 parabola
3073 5516 3147 5572 de
3161 5495 3489 5586 virginibus
3510 5507 3843 5594 fatuiapud

2233 5591 2364 5646 Matt
2417 5629 2431 5644 .
2462 5605 2585 5648 xxv,
2620 5591 2702 5648 10,
2733 5591 2822 5641 καὶ
2854 5586 3090 5647 ἐκλείσθη
3121 5589 3149 5648 ἠ
3179 5589 3328 5648 θύρα.

2232 5586 2431 5648 Matth.
2462 5586 2585 5653 xiv,
2620 5591 2702 5656 10,
2733 5586 2822 5641 καὶ
2854 5586 3090 5647 ἐκλείσθη
3121 5589 3149 5648 ἠ
3179 5589 3328 5665 θύρα.
