4050 6306
237 343 368 396 1525

232 462 387 517 ἆλλωι
408 464 581 520 δοκεῖν
612 472 1019 545 μεναλαγχάνειν
1060 499 1070 510 ·

231 553 400 625 πολλῷ
449 565 755 634 τιμιωτέρου
808 572 898 614 τοῦ
984 573 1288 640 γιγνομένου
1367 569 1607 647 κέρδους,
1694 573 1829 644 ἄλλῳ

231 648 331 694 τινὶ
396 663 814 722 παραχωρησεις
867 656 1156 727 ἔμπροσθεν
1214 661 1671 733 καταλαμϐάνειν;
1740 669 1825 721 Μὴ

232 734 307 822 σῦ-
343 751 405 802 γε
451 738 674 822 πάντως,
723 741 749 791 ὁ
803 742 1033 812 φιλόθεος
1078 752 1167 798 καὶ
1215 748 1496 822 φιλέορτος,
1555 756 1643 805 καὶ
1728 761 1827 805 τῶν

226 819 394 872 καλῶν
452 821 754 897 ἐπιγνώμων
789 849 800 861 ·
859 830 984 902 ἀλλ’,
1052 833 1100 885 ἐν
1156 836 1401 895 αἰσθήσει
1484 849 1584 892 τῶν
1640 847 1826 915 παρόν-

225 927 323 959 των
358 915 645 984 γενόμενος,
679 935 846 989 ταχυς
874 923 1060 975 σύνεσο
1098 931 1204 986 τοῖς
1234 926 1569 1000 τελουμενοις.

296 1093 405 1138 Νῦν
429 1095 573 1150 κοινὴ
602 1100 892 1171 πανήγυρις
923 1099 1237 1175 ἐπουρανίων
1289 1111 1377 1158 καὶ
1414 1115 1514 1158 τῶν
1565 1107 1820 1180 ἐπιγείων,

224 1180 332 1226 Νῦν
357 1178 553 1270 οἰνωθεν
592 1181 802 1254 ἄγγελοι
875 1191 1136 1253 κατιόντες
1182 1192 1292 1264 μεθ’
1346 1195 1492 1266 ἡμῶν
1548 1178 1824 1270 μίγνυνται

223 1282 324 1314 των
346 1263 628 1340 ἀνθρώπων
671 1293 683 1304 ·
721 1281 808 1326 νῦν
838 1277 1103 1351 ἄνθρωποί
1146 1287 1446 1353 προσιόντες
1495 1285 1566 1347 εὶς
1633 1292 1821 1340 ταυτὸν

226 1354 420 1410 ἣκόυσι
450 1365 553 1419 τοῖς
583 1358 839 1432 ἀγγέλοις,
874 1371 962 1418 καὶ
1000 1375 1125 1439 μιᾶς
1157 1367 1224 1429 δὴ
1282 1391 1420 1434 τινος
1471 1377 1536 1435 ὡς
1584 1374 1667 1428 ἐπὶ
1725 1398 1821 1448 λῖθ’·

222 1445 368 1511 ρείας
401 1445 450 1495 ἔν
515 1443 713 1516 ᾅδουσι
768 1452 938 1524 μέλος,
1021 1461 1116 1515 τὴν
1197 1462 1452 1532 Παρθένον
1524 1443 1813 1535 ὑμνοῦντες.

221 1535 331 1581 Νῦν
371 1537 482 1627 -καὶ
539 1543 786 1609 Χριστός,
826 1546 983 1612 μέσον
1045 1555 1144 1597 τῶν
1211 1548 1555 1621 ἑορταζόντων
1616 1558 1818 1627 γενόμε-

220 1637 323 1687 νος,
360 1617 427 1670 ὧν
456 1620 606 1676 οὐδέν
645 1627 738 1678 οῦκ
798 1633 936 1682 ἔστιν
987 1633 1228 1706 οὐμενοῦν
1275 1641 1430 1690 εἰπεῖν
1489 1642 1688 1712 μεῖζον,
1740 1645 1818 1694 εῦ-

219 1705 417 1796 λογίαις
446 1709 712 1782 ἀμείϐεται
771 1737 864 1776 την
931 1705 1202 1794 Παρθένον,
1259 1733 1364 1778 Νῦν
1412 1705 1568 1790 αῦτός
1623 1733 1648 1782 ὁ
1677 1705 1819 1796 ’Θεὸς

1301 361 1390 414 DE
1411 359 1629 416 FESTO
1693 358 2141 417 DORMITIONIS
2173 363 2228 418 S.
2276 365 2514 420 ΜΑΗΙΑΞ

1126 487 1213 531 νῦν
1273 479 1331 535 δὲ
1391 492 1635 536 τοσοῦτον
1693 488 1801 536 ὅντο

1939 483 2084 539 alios
2111 486 2340 556 primus
2362 489 2578 556 gestias
2602 488 2661 543 in
2689 491 2919 558 partem
2950 485 3080 555 ejus
3135 486 3356 553 venire,
3419 503 3594 545 num.

3452 367 3588 424 1526

1937 576 2082 646 quid
2102 592 2262 632 nunc
2289 578 2417 633 aliis
2444 579 2702 634 dimittes
2724 582 2958 632 tantum
2990 576 3248 632 fructum
3305 579 3592 636 omnibus

1938 663 2114 733 longe
2164 668 2660 737 praestantiorem,
2716 665 3026 735 negligens
3077 664 3246 720 illum
3289 666 3588 738 imprimis

1935 753 2196 811 lucrari?
2233 759 2628 829 Nequaquam
2663 757 2743 811 ita
2769 757 2862 821 sit,
2886 770 2922 810 o
2948 753 3269 826 philothee,
3301 756 3401 828 qui
3424 756 3589 813 festis

1935 841 2250 899 delectaris
2270 849 2326 900 et
2355 844 2655 901 bonorum
2687 843 2913 915 probus
2939 859 3002 898 es
3031 842 3251 898 arbiter
3280 861 3293 910 ;
3319 843 3425 899 sed
3448 859 3587 902 cum

1935 947 2180 986 sensum
2211 931 2438 989 habeas
2458 933 2859 1004 praesentium,
2883 931 3180 986 bonorum
3211 932 3463 1004 impigre
3494 949 3586 990 as-

1934 1019 2104 1076 sistas
2138 1021 2612 1078 solemnitatibus
2625 1067 2638 1079 .

2003 1114 2166 1165 Nunc
2197 1112 2356 1166 enim
2388 1112 2671 1168 festivitas
2687 1111 2855 1167 adest
2903 1110 3240 1166 communis
3289 1110 3583 1168 cmlitib‘us

1931 1203 1987 1253 ct
2015 1201 2407 1256 terrestribus.
2433 1204 2596 1258 Nunc
2626 1200 2822 1271 angeli
2841 1200 3003 1255 ciues
3032 1200 3277 1271 superni
3293 1199 3368 1256 de
3417 1201 3581 1257 caelis

1931 1287 2357 1344 descendentes
2387 1291 2712 1346 miscentur
2732 1288 2906 1345 nobis
2933 1287 3282 1345 hominibus
3345 1306 3358 1344 :
3415 1305 3580 1346 nunc

1929 1376 2202 1432 homines
2241 1378 2630 1434 ascendentes
2692 1375 2920 1447 angelis
2976 1383 3318 1446 occurrunt,
3387 1384 3450 1434 ut
3517 1379 3578 1435 in

1929 1479 2118 1520 unum
2139 1466 2390 1522 chorum
2419 1467 2684 1532 adunati,
2721 1465 2972 1521 melodis
2994 1465 3243 1520 vocibus
3272 1471 3574 1539 canentes,

1926 1551 2137 1610 laudes
2151 1555 2353 1612 dicant
2367 1555 2640 1626 Virginis.
2667 1559 2830 1610 Nunc
2848 1555 3027 1610 etiam
3058 1554 3321 1610 Christus
3338 1557 3576 1612 medius

1927 1643 2076 1697 inter
2101 1643 2318 1699 festum
2343 1644 2713 1700 celebrantes
2734 1643 3016 1699 laudibus
3035 1643 3256 1716 quibus
3282 1644 3429 1700 nihil
3448 1661 3575 1702 ma-

1925 1732 2300 1802 gniﬁcentius
2329 1733 2445 1788 dici
2473 1738 2688 1806 potest,
2720 1735 2910 1787 vicem
2931 1732 3147 1800 Virgini
3175 1731 3385 1788 reddit.
3410 1736 3576 1790 Nunc

217 1801 432 1858 επιστὰς
499 1806 591 1858 τὴν
635 1810 837 1874 μητέρα
899 1813 1282 1881 μετακαλεῖται,
1334 1821 1422 1868 καί
1492 1823 1585 1876 τὴν
1650 1840 1801 1873 παναε

1924 1819 2050 1890 ipse
2085 1823 2235 1875 Deus
2275 1837 2306 1876 e
2344 1821 2494 1878 coelo
2553 1821 2978 1892 superveniens
3022 1823 3262 1876 Matrem
3312 1827 3577 1880 revocaL:

214 1889 337 1983 7‘iav
393 1891 587 1984 ταύτης
641 1892 828 1984 ψυχὴν
880 1896 928 1949 ἐν
975 1908 1086 1962 τοῖς
1136 1902 1346 1966 κόλποις
1401 1903 1812 1984 ’ὑποδεξάμενος,

215 1990 284 2031 εις
350 1975 594 2048 οὐρανοὺς
638 1979 894 2056 ἀναφέρει,
962 1994 1365 2062 προπεμπόντων
1424 1994 1650 2066 ἀγγέλων
1725 2005 1814 2052 καὶ

1248 2347 1496 2421 ἀφιεμένου
1507 2373 1548 2419 ς,
1644 2355 1774 2412 αῦτῆ
1787 2375 1808 2416 ς

200 2421 353 2480 ὅλους
410 2431 503 2484 τῆς
553 2423 734 2496 ἑορτῆς
788 2434 1048 2502 γενέσθαι,
1142 2436 1514 2510 εὐφημοῦντας,
1588 2442 1806 2512 ψάλλον-

202 2527 317 2604 τας,
381 2510 845 2604 εὐχαριστοῦντας,
895 2523 1046 2575 πάνθ’
1102 2522 1200 2577 ὃσα
1259 2532 1381 2601 πρὸς
1447 2510 1608 2601 χρέος.
1683 2534 1804 2604 ἡμῖν

200 2599 319 2652 ἣκει
345 2603 479 2652 κατὰ
533 2605 591 2654 το
643 2601 864 2660 δυνατόν
911 2612 1249 2684 πληροῦντας.
1323 2623 1422 2670 Καὶ
1477 2628 1602 2689 γοῦν
1641 2621 1803 2685 οὕτως

200 2703 369 2740 ισται.

208 2781 346 2874 ...ΣΞ
379 2775 450 2847 δ’,
495 2782 535 2832 ὦ
589 2792 724 2837 Θεοῦ
788 2797 970 2864 μῆτερ,
1017 2793 1236 2865 εῦμένῶς
1304 2794 1492 2869 δέχου,
1553 2807 1640 2854 καὶ
1699 2813 1803 2864 τοῖς

198 2864 254 2962 ἐξ
297 2868 792 2964 ἕθουςΔοίκτιρμοῖς
847 2864 1118 2954 χρωμένη,
1173 2890 1324 2958 τρέπε
1366 2864 1498 2960 --μὲν
1576 2890 1797 2964 ἐχθροὺς

199 2957 405 3046 ἀγανῶς
451 2957 757 3046 βοίλλοντας,
817 2970 951 3021 ὥστε
998 2968 1164 3042 μηδὲν
1206 2957 1360 3046 ημᾶς
1409 2957 1467 3040 έξ
1519 2957 1795 3045 ὲπιέοῦλῆς

195 3042 369 3094 αὐτῶν
419 3045 681 3121 μηδαμῶς
743 3052 1070 3126 βλάπτεσθαι
1139 3083 1150 3095 ·
1221 3042 1369 3136 τρέπε
1434 3064 1493 3119 δὲ
1562 3073 1683 3132 τοὺς
1744 3042 1794 3122 ἐν

194 3139 270 3202 τῷ
337 3145 535 3208 φανερῴ
600 3141 965 3215 πολεμοῦντας,
1032 3156 1143 3218 καὶ,
1185 3149 1278 3204 διὰ
1341 3161 1526 3218 παντὸς
1594 3156 1794 3213 δείκνυε
1832 3184 1871 3239 C

193 3224 318 3317 κενὰ
367 3228 714 3292 σκευάζοντας
764 3241 854 3286 και
907 3236 1220 3307 μελετῶντας
1293 3245 1445 3296 πάνθ’
1522 3248 1622 3298 ὅσα
1693 3245 1790 3306 δη-

194 3314 363 3362 λονότι
379 3315 510 3411 ’καθ’
541 3319 684 3388 ἡμῶν
720 3325 1040 3384 σκευάζουσι
1084 3335 1174 3381 καὶ
1217 3331 1486 3402 μελετῶσι.
1554 3338 1793 3411 Σύντριϐε

191 3417 284 3450 και
312 3401 462 3463 τόξον
487 3411 588 3457 πᾶν
625 3411 742 3462 καθ’
772 3414 918 3483 ἡμῶν
965 3414 1318 3490 ἐντεινόμενον,
1387 3425 1467 3494 ἰ)
1533 3445 1623 3478 και
1668 3401 1792 3501 ρόμ-

192 3492 352 3557 φαίαν
422 3501 724 3567 κινουμένην
771 3498 855 3552 ἐπὶ
926 3508 1044 3565 τοῦς
1087 3516 1353 3571 κινοῦντας
1398 3519 1600 3586 στρέφε.
1661 3522 1793 3588 Πρό-

191 3581 354 3679 στηιθι
402 3578 649 3679 διηνεκὴς
712 3596 1011 3663 πρόμαχος,
1064 3601 1159 3654 τὴν
1209 3604 1306 3656 σὴν
1349 3603 1619 3656 ἑκτείνασα
1665 3578 1791 3679 κρα-

190 3670 344 3719 ταιὰν
397 3669 576 3745 χεζοα,
631 3696 719 3729 και
773 3677 931 3750 βαλλε
985 3686 1128 3736 κάτω
1192 3688 1408 3760 κεφαλὰς
1496 3669 1787 3765 δυσμενων,

189 3756 329 3852 μεθ’.
372 3759 504 3822 ὅσης
563 3771 658 3824 τῆς
717 3766 907 3837 ὕϐρεως
969 3774 1092 3845 ὁρᾷς
1166 3756 1356 3830 ὁπόσον
1428 3756 1786 3852 έπαιρὸμίναςί

193 3841 334 3896 ’ἰδοῦ
368 3866 453 3899 σοι
477 3855 729 3924 πρόσιμεν
773 3859 922 3928 ἡμεῖς
974 3861 1067 3912 οῦκ
1119 3864 1194 3936 ἐφ’
1234 3867 1484 3939 ἅρμασιν,
1535 3868 1648 3923 οὐδ’
1707 3877 1787 3926 ἵπ-

189 3952 327 3997 ποις,
389 3933 506 3988 οῦδ⁹
571 3943 654 3993 ἐπὶ
697 3944 932 4020 ῥομφαίᾳ
978 3970 1066 4002 και
1107 3953 1296 4020 τόξοις,
1351 3955 1427 4009 ἐπ’
1478 3956 1652 4012 οὐδενί
1690 3971 1786 4014 τὼν

187 4025 433 4075 τοιούτων
469 4029 662 4084 ἣκιστα
722 4033 1023 4108 θαρροῦντες
1055 4062 1066 4072 ·
1121 4045 1228 4094 ἐπεὶ
1281 4050 1368 4097 καὶ
1420 4051 1584 4120 μικρά
1619 4052 1787 4103 πάντα

187 4112 489 4184 καιφαῦλα,
529 4115 623 4169 κᾶν
651 4121 803 4174 ὁποῖά
841 4143 941 4191 τις,
1002 4127 1096 4179 κᾶν
1145 4132 1317 4186 ὁπόσα
1377 4155 1455 4196 τις
1499 4141 1638 4196 εἶπη,
1696 4160 1786 4192 και

188 4197 473 4300 εἰςῃοῦδὲν
514 4203 778 4300 ,οὐδαμῶς
836 4212 1011 4284 ὁφελος
1073 4227 1181 4280 τοῖς
1218 4228 1289 4292 μὴ
1351 4233 1467 4287 ταῖς
1531 4197 1660 4300 πρός
1729 4232 1785 4280 σε

184 4288 375 4360 μᾶλλον
412 4303 643 4368 στερραῖς
696 4299 868 4353 ἐλπίσι
959 4306 1424 4382 καθωπλισμένοις.
1484 4314 1543 4366 ἆν
1635 4317 1783 4388 ἡμεῖς

186 4381 358 4441 πάσας
416 4386 500 4432 ἐπὶ
550 4386 607 4436 σὲ
663 4387 829 4452 καλῶς
880 4394 1096 4464 θέμενοι,
1155 4403 1227 4469 μὴ
1279 4405 1520 4474 πέσοιμεν
1583 4404 1635 4466 ἐξ
1692 4405 1782 4457 αῦ-

185 4474 301 4533 τῶν,
332 4465 476 4540 μηδὲ
507 4480 778 4547 φανείημεν
809 4465 1247 4557 κατῃσχυμμένοι
1281 4511 1293 4522 ο
1345 4465 1503 4543 δίὸίου
1550 4465 1625 4545 δεῖ
1655 4513 1783 4566 κρα-

181 4564 502 4654 τοῦντας-έν
571 4572 722 4618 παντί
786 4575 962 4644 χρόνῳ
1057 4573 1291 4651 φαιδρῶς
1390 4587 1783 4654 πανηγυρίζειν,

181 4665 267 4697 και
296 4645 459 4705 τήνδε
492 4656 586 4708 τὴν
653 4654 834 4727 ἑορτὴν
901 4657 1220 4718 ἀκατάλυτον
1279 4666 1408 4721 εἶναι
1459 4666 1619 4723 δίδου
1691 4669 1784 4724 διὰ

178 4750 364 4801 παντός
400 4750 612 4805 αιῶνος,

243 4921 320 4990 (1)
347 4921 810 5009 Respicitur‘P-s.
842 4945 1029 5009 nam,
1069 4935 1151 4999 14,
1192 4935 1573 5009 [5,Ῥομφαίαν
1620 4943 1779 4992 ἐσπά-

175 5009 320 5060 σαντ,
375 4995 427 5047 οὶ
464 4995 795 5068 ἁμαρτωλοίο
846 4995 1092 5056 ἐνέτειναν
1136 4995 1281 5068 τόξον
1340 4995 1508 5059 αῦτῶν
1722 5018 1762 5063 Η

1923 1917 1980 1967 et
2017 1911 2146 1984 ejus
2175 1912 2556 1982 purissimam
2591 1911 2923 1982 suscipiens
2962 1912 3233 1966 animam
3263 1911 3325 1966 in
3352 1911 3572 1968 caelum

1923 2001 2128 2068 elevat,
2161 1997 2390 2070 angelis
2417 2001 2854 2056 deducentibus
2885 2015 3020 2055 eam
3072 2000 3132 2055 in
3190 1999 3569 2058 multitudine

1918 2089 2382 2146 laudum.'Nunc
2403 2091 2576 2158 Virgo
2615 2090 2793 2144 etiam
2814 2088 3047 2160 corpori
3062 2092 3267 2145 nostro
3290 2089 3567 2161 proxima

1919 2179 2292 2235 constituitur
2321 2198 2336 2248 ;
2365 2193 2674 2250 nunquam
2697 2177 2856 2234 enim
2888 2192 3000 2232 nos
3031 2176 3235 2241 oblita,
3285 2177 3360 2234 de
3415 2178 3564 2235 coelo

1916 2265 2248 2338 despicitet
2268 2267 2526 2322 custodit
2554 2267 2613 2321 in
2667 2255 2903 2321 saecula.
2956 2268 3120 2320 Nunc
3178 2280 3318 2336 ergo
3392 2282 3567 2338 opor-

1917 2353 1994 2411 tet
2023 2361 2085 2412 ut
2131 2372 2266 2426 nos,
2319 2357 2544 2412 caeteris
2596 2355 2877 2412 omnibus
2916 2355 3350 2428 praetermissis,
3397 2357 3563 2413 omni

1915 2444 2208 2500 festivitati
2229 2446 2513 2500 interesse
2535 2444 2958 2506 acclamantes,
2978 2441 3317 2516 psallentes,
3343 2443 3564 2512 gratias

1914 2539 2180 2603 agentes.
2213 2533 2408 2588 ofﬁcio
2437 2536 2638 2588 nostro
2661 2532 2743 2587 sic
2769 2547 2879 2604 pro
2899 2547 3080 2604 posse
3110 2531 3562 2602 satisfacientes,

1913 2623 2248 2692 fungentes.
2286 2626 2351 2679 Et
2372 2628 2525 2678 certe
2555 2622 2638 2677 sic
2668 2622 2796 2677 erit.

1985 2804 2074 2858 Tu
2096 2820 2258 2868 vero,
2300 2820 2336 2859 o
2363 2807 2540 2860 Mater
2563 2803 2681 2865 Dei,
2714 2802 2971 2872 benigne
3028 2817 3139 2858 nos
3191 2803 3444 2875 suscipe,
3506 2807 3563 2860 et

1913 2891 2098 2947 solitae
2131 2907 2362 2946 memor
2392 2892 2640 2962 pietatis,
2668 2891 2869 2946 hostes
2908 2889 3164 2961 proﬂiga
3184 2891 3288 2962 qui
3327 2906 3437 2946 nos
3475 2890 3558 2947 la-

1912 2985 2099 3035 tenter
2128 2979 2446 3048 lacessunt,
2473 2995 2547 3034 ne
2598 2994 2868 3050 unquam
2921 2993 2991 3033 ex
3053 2993 3262 3034 eorum
3327 2979 3559 3034 insidiis
3639 2971 3642 2974 ’

1913 3068 2140 3124 malum
2169 3068 2432 3124 feramus
2463 3073 2520 3123 et
2547 3068 2839 3122 damnum
2875 3083 2889 3132 ;
2930 3067 3158 3138 dissipa
3186 3082 3430 3140 quoque
3455 3083 3560 3124 eos

1911 3173 2049 3213 cum
2062 3157 2372 3213 manifeste
2387 3162 2678 3229 pugnant,
2697 3157 2749 3211 in
2763 3155 3047 3211 omnibus
3065 3155 3386 3212 ostendens
3399 3171 3558 3214 vana

1911 3262 2038 3301 esse
2069 3263 2202 3318 quae
2234 3251 2447 3317 parant
2477 3252 2532 3301 et
2554 3244 2877 3300 moliuntur
2906 3249 3112 3301 contra
3132 3259 3243 3300 nos
3271 3245 3557 3302 continuo

1911 3339 1966 3389 et
1994 3335 2256 3406 undique
2279 3334 2673 3404 insurgentes.
2715 3341 2930 3389 Arcum
2985 3332 3291 3402 confringe
3349 3337 3559 3390 contra

1910 3439 2020 3478 nos
2050 3423 2360 3493 intentum,
2391 3428 2448 3478 et
2480 3423 2748 3492 gladium
2779 3437 2902 3494 quo
2922 3422 3181 3494 petimur
3227 3426 3434 3478 contra
3478 3423 3559 3478 vi-

1911 3511 2152 3568 brantes
2168 3512 2331 3584 ipsos
2357 3516 2654 3566 converte.
2681 3510 2862 3566 Nobis
2881 3510 3088 3566 adesto
3120 3515 3402 3566 constans
3425 3525 3560 3583 pro-

1910 3602 2227 3671 pugnatrix
2255 3607 2312 3655 et
2338 3606 2608 3672 patrona,
2629 3599 2952 3655 extendens
2972 3603 3276 3671 potentem
3301 3615 3554 3657 manum

1911 3695 2073 3745 tuam
2099 3697 2160 3745 ut
2179 3695 2450 3746 conteras
2470 3690 2670 3761 capita
2689 3689 3070 3744 insolentium
3089 3689 3378 3758 hostium,
3402 3705 3556 3761 quos

1906 3779 2074 3834 vides
2091 3779 2316 3835 malitia
2333 3796 2442 3834 sua
2460 3784 2516 3834 et
2533 3779 2816 3850 superbia
2831 3793 3016 3850 supra
3029 3777 3275 3832 modum
3290 3778 3552 3834 inﬂatos.

1908 3870 2049 3923 Ecce
2071 3869 2174 3924 tibi
2203 3871 2570 3924 occurrimus
2603 3883 2720 3924 non
2785 3867 2844 3923 in
2897 3866 3192 3935 curribus,
3249 3882 3443 3938 neque
3489 3868 3553 3923 in

1905 3956 2098 4028 equis,
2121 3973 2315 4028 neque
2332 3957 2391 4012 in
2415 3956 2634 4025 gladio,
2675 3971 2868 4026 neque
2884 3955 2941 4010 in
2955 3955 3183 4024 sagittis
3195 3959 3252 4010 et
3269 3954 3548 4028 arcubus,

1905 4045 1962 4099 in
1987 4045 2149 4101 nullo
2170 4062 2378 4101 eorum
2403 4045 2825 4100 velminimum
2839 4043 3387 4110 conﬁdimus,adeo
3413 4047 3553 4100 sunt

1905 4150 2093 4206 parva
2121 4141 2177 4189 et
2209 4133 2428 4191 debilia
2453 4139 2599 4206 quot
2628 4139 2683 4188 et
2712 4138 3179 4206 quantacunque
3208 4131 3343 4205 quis
3369 4132 3550 4202 dicat,

1903 4230 1959 4278 et
1986 4225 2118 4294 ipsa
2140 4229 2276 4278 sunt
2297 4223 2472 4295 plane
2523 4222 2753 4279 inutilia
2816 4221 2928 4277 illis
2994 4221 3094 4293 qui
3154 4237 3274 4277 non
3331 4220 3548 4276 ﬁrmis-

1903 4313 2056 4368 sima
2077 4329 2179 4385 spe
2203 4313 2261 4368 in
2296 4319 2463 4368 tuum
2495 4312 2781 4368 auxilium
2811 4311 3276 4382 praecinguntur.
3311 4313 3374 4366 Et
3415 4327 3546 4382 nos,

1903 4404 2245 4476 plenissime
2268 4405 2324 4458 in
2341 4409 2393 4458 te
2407 4403 2640 4473 confisi,
2656 4419 2966 4475 nunquam
2983 4401 3424 4474 dejiciemurab
3436 4402 3548 4475 eis,

1826 4533 1867 4586 Β
1900 4508 2097 4564 neque
2120 4494 2254 4548 victi
2277 4493 2729 4565 apparebimus.
2767 4495 2932 4586 Dona
2954 4507 3097 4563 ergo
3123 4497 3184 4547 ut
3205 4495 3550 4586 constanter

1903 4598 2008 4653 per
2045 4598 2223 4638 omne
2255 4587 2491 4654 tempus
2515 4588 2799 4638 statutum
2824 4579 3135 4653 splendide
3175 4579 3546 4637 celebremus

1901 4671 2014 4726 hoc
2035 4671 2274 4738 festum,
2290 4677 2346 4726 et
2362 4687 2465 4742 per
2480 4671 2678 4743 ipsum
2694 4670 2756 4726 in
2770 4669 2986 4727 festum
2998 4675 3287 4726 aeternum
3300 4671 3548 4726 transire

1899 4775 2005 4832 per
2029 4761 2234 4816 omnia
2263 4761 2502 4817 saecula.

1894 4943 2126 5046 ῥομφαία
2173 4941 2339 4993 αὐτῶν
2398 4941 2616 4994 εἰσέλθοι
2664 4961 2730 5002 εις
2763 4946 2856 4999 τὴν
2897 4938 3121 5016 καρδίαν
3152 4939 3319 4992 αὐτῶν
3348 4956 3436 4988 και
3477 4935 3543 4989 τά

1895 5017 1952 5046 ...Α
1990 5033 2020 5046 η
2042 5013 2208 5046 κῆρυξ...
2241 5012 2535 5046 Mammaea

1895 5012 2022 5075 τόξα
2041 5013 2208 5065 αὐτῶν
2240 5012 2557 5086 συντριϐείη.
