4050 6306
499 399 3259 441 W

1844 591 1995 636 ANNO
2039 590 2232 636 υοιιικι
2277 591 2538 636 ιοοιιιγ.

1444 765 2164 895 ΔΙΑΤΑΞΙΣ
2301 776 2885 894 ΚΥΠΡΙΑ

1013 1200 2549 1380 ΑΛΕΧΑΝΔΡΟΥ
2696 1199 3357 1377 ΠΑΠΑ

1738 1529 1981 1620 ΤΟΥ
2051 1529 2636 1620 ΤΕΤΑΡΤΟΥ

1373 1937 2341 2066 CONSTITUTIO
2443 1938 2611 2063 CY
2629 1939 2981 2061 PRIA

928 2214 2308 2386 ALEXANDRI
2423 2218 2527 2382 1Ξ

1865 2214 2308 2384 ’ΒΒΙ
2423 2214 3099 2383 ΡΑΡλἘ
3214 2215 3464 2381 IV

808 2508 1088 2576 GR/ECE
1148 2509 1440 2573 PRIMUS
1499 2510 1778 2586 EDIDIT,
1833 2510 2115 2572 LATINE
2178 2508 2539 2573 REDDIDIT
2597 2508 2695 2571 AC
2752 2507 2977 2571 NOTIS
3029 2506 3543 2571 ILLUSTRAVIT

1404 2699 2184 2789 VINGENTIUS
2244 2696 2974 2791 RICCARDUS

1996 2898 2174 2947 GLEB.
2226 2896 2368 2947 RBG.

1308 3216 1537 3291 (Romae
1593 3214 1935 3277 excudebat
1987 3215 2329 3292 Stephanus
2380 3215 2666 3277 Paulinus
2721 3216 3085 3289 MDCXXXVI)

1786 3559 2269 3609 ENINENTISSIMO
2328 3561 2593 3609 PRINCIPI

1146 3695 1476 3743 FBANCISCO
1522 3694 1892 3756 BARBERINO,
1943 3693 2000 3744 8.
2052 3697 2112 3745 Β.
2164 3696 2226 3745 Ε.
2277 3696 2603 3745 CARDINALI
2646 3696 2745 3744 VIC

1615 3694 1892 3756 RBERINO,
1943 3693 2000 3744 8.
2052 3697 2112 3745 Β.
2164 3696 2226 3745 Ε.
2277 3696 2603 3745 ΟΔΒΒΙΝΔΜ
2646 3693 3214 3745 VICECANCELLLRIO.

578 3902 945 3971 Incredibili,
999 3907 1063 3960 ut
1107 3918 1229 3974 par
1264 3907 1414 3970 erat,
1445 3903 1924 3963 Eminentissime
1955 3904 2262 3976 Princeps,
2305 3904 2388 3963 ad
2430 3905 2840 3977 vestigandum
2875 3905 3223 3976 sagacitate,
3258 3913 3312 3964 te
3371 3910 3621 3964 auctore
3666 3907 3873 3977 perlu-

504 3994 774 4053 strabam
814 3994 875 4050 in
919 3993 1337 4063 Allempsiana
1377 3992 1731 4051 bibliotheca
1768 3994 2112 4052 Grecorum
2167 3995 2562 4066 Euchologia,
2617 4001 2685 4052 ut
2719 4010 2851 4067 quae
2906 3996 2971 4052 in
3033 3996 3320 4067 impressa
3362 3996 3761 4065 irrepserunt,
3802 4010 3878 4053 ea:

506 4084 649 4157 ipsis
696 4082 1140 4153 exemplaribus
1177 4082 1415 4157 percipi
1456 4089 1694 4154 possent
1722 4090 1975 4156 errata;
2015 4099 2148 4141 cum
2179 4098 2329 4154 ecce,
2366 4084 2508 4141 dum
2547 4084 2742 4141 alacri
2765 4090 3157 4158 promptaque
3204 4084 3377 4141 vultu
3438 4083 3554 4139 huc
3609 4084 3878 4157 illucque

507 4173 709 4231 omnia
755 4171 1126 4242 pervolvens,
1162 4171 1457 4228 emissitiis
1514 4174 2014 4245 circumspectans
2056 4174 2243 4230 oculis
2288 4173 2577 4244 intuerer,
2613 4188 2675 4230 se
2711 4174 2885 4244 offert
2939 4175 3000 4229 in
3050 4173 3273 4244 Cyprio
3323 4173 3584 4246 quodam
3642 4182 3876 4232 vetusto

505 4261 871 4332 Euchologio
909 4259 1166 4328 Διάταξις,
1202 4260 1561 4318 Constitutio
1606 4262 1952 4318 Alexandri
1997 4262 2329 4333 Pontiﬁcis,
2379 4265 2509 4334 ejus
2569 4263 2824 4319 nominis
2871 4264 3096 4334 quarti.
3142 4262 3294 4319 Eam
3337 4263 3496 4320 mira
3552 4264 3877 4320 alacritate

498 4353 836 4425 perlegens,
867 4353 1055 4409 sentio
1098 4365 1204 4409 nec
1241 4352 1455 4409 Latine
1489 4366 1598 4408 nec
1633 4352 1834 4410 Graece
1863 4352 2167 4424 hucusque
2214 4351 2457 4419 editam,
2509 4352 2629 4408 imo
2661 4367 2767 4409 nec
2800 4353 2865 4408 in
2899 4352 3260 4421 Pontiﬁcum
3299 4351 3533 4423 quidem
3599 4357 3874 4410 notatam

508 4441 680 4511 actis,
730 4455 863 4514 quae
910 4445 1108 4498 tamen
1146 4456 1434 4498 summam
1480 4441 1764 4498 Romana:
1801 4443 1955 4500 sedis
1997 4443 2063 4497 in
2108 4442 2340 4498 Graecos
2380 4446 2433 4497 et
2484 4440 2675 4510 Cypri
2710 4441 2973 4497 insulam
3003 4443 3419 4498 auctoritatem
3449 4441 3739 4513 locupleti
3762 4449 3874 4500 tes-

511 4530 755 4587 timonio
801 4529 1046 4599 prodat,
1093 4544 1166 4587 ac
1201 4533 1496 4602 pleraque
1546 4531 1957 4587 ecclesiasticis
2000 4530 2307 4600 incognita
2345 4529 2734 4598 scriptoribus
2777 4530 3035 4599 pandat.
3078 4531 3168 4587 Ne
3214 4536 3412 4588 autem
3441 4530 3569 4587 alto
3643 4530 3873 4587 diutius

510 4619 741 4677 obtecta
768 4617 1004 4675 silentio
1053 4617 1326 4675 interiret
1353 4633 1619 4688 prorsus,
1643 4634 1681 4675 a
1698 4626 1993 4690 perpetua
2018 4618 2313 4675 oblivione
2333 4618 2667 4688 vindicans,
2691 4619 2961 4674 Latinam
2993 4634 3021 4675 e
3040 4619 3244 4676 Graeco
3269 4621 3605 4689 exemplari
3620 4619 3874 4676 reddere

510 4706 719 4775 statui,
738 4706 1127 4778 pristinaeque
1147 4706 1374 4763 Latinas
1410 4708 1749 4778 integritati
1772 4723 1878 4780 pro
1905 4708 2132 4765 viribus
2152 4708 2453 4766 restiture.
2487 4708 2560 4764 Ut
2581 4722 2717 4765 vero
2740 4708 2996 4765 venatici
3016 4708 3182 4764 canis
3223 4714 3426 4779 partes
3463 4724 3725 4780 agerem,
3751 4724 3870 4782 quo

509 4797 749 4856 nomine
794 4811 834 4854 a
864 4794 1236 4853 sanctissimo
1265 4801 1488 4865 patruo
1533 4803 1632 4852 tuo
1687 4796 1927 4854 Urbano
1965 4796 2081 4852 VII
2117 4811 2211 4854 me
2237 4796 2380 4853 olim
2413 4796 2858 4854 cohonestatum
2908 4797 3126 4865 recolo,
3170 4796 3251 4854 ad
3291 4803 3420 4853 tuos
3477 4797 3655 4867 pedes
3704 4799 3877 4855 unici

510 4887 739 4944 domini
801 4884 915 4942 mei
975 4890 1033 4941 et
1091 4883 1412 4955 singularis
1479 4887 1749 4954 patroni,
1807 4885 1904 4942 cui
1964 4893 2184 4943 cuncta
2239 4900 2314 4942 ea:
2377 4899 2577 4941 animo
2630 4892 2684 4942 et
2739 4886 3033 4956 polliceor
3087 4891 3144 4942 et
3211 4887 3527 4956 proﬁteor,
3596 4887 3873 4957 praedam

512 4980 615 5032 tuo
675 4976 915 5032 nomine
952 4979 1195 5044 partam
1247 4978 1300 5029 et
1356 4980 1593 5030 auctam
1635 4975 1800 5029 ultro
1848 4974 2051 5044 defero
2090 4974 2344 5030 illwsam
2383 4978 2436 5029 et
2488 4973 2711 5045 offero;
2768 4988 2947 5045 quam
2994 4989 3115 5030 non
3162 4975 3336 5029 modo
3393 4988 3501 5029 suo
3542 4975 3729 5045 ipsius
3787 4990 3879 5032 ve-

515 5065 619 5121 lim
658 5065 923 5135 pondere
962 5064 1208 5135 pendas,
1268 5078 1476 5120 verum
1522 5065 1701 5119 etiam
1750 5065 2033 5119 novitatis
2083 5067 2376 5119 momento
2439 5075 2620 5134 eoque
2669 5062 2952 5121 maximo.
3004 5061 3363 5119 Constitutio
3410 5063 3525 5120 ista
3596 5064 3883 5135 lucifuga

511 5153 754 5211 Latium
812 5155 1021 5211 natale
1083 5154 1297 5221 solum,
1343 5153 1406 5207 in
1472 5167 1587 5224 quo
1649 5152 1857 5221 fuerat
1912 5153 2096 5222 edita,
2147 5157 2404 5209 verterat
2464 5152 2700 5224 lateque
2747 5152 3009 5221 spatiata
3062 5150 3282 5207 abditis
3338 5152 3400 5206 in
3447 5151 3616 5209 silvis
3681 5155 3887 5211 sinuo-

513 5242 708 5314 sisque
766 5243 830 5298 in
887 5243 1103 5311 antris,
1144 5243 1458 5297 immutata
1511 5240 1732 5311 eloquii
1763 5241 1986 5311 forma,
2034 5255 2095 5298 se
2147 5245 2471 5310 receperat,
2533 5239 2745 5296 sensim
2805 5240 3037 5297 Latinis
3079 5240 3313 5310 pariter
3344 5255 3416 5297 ac
3472 5241 3697 5305 Graecis
3730 5243 3891 5300 invi-

513 5345 600 5388 sa.
650 5329 1206 5387 Perscrutabundus
1265 5329 1572 5398 oberrans,
1666 5330 2126 5398 praelucescente
2154 5329 2226 5385 Ε.
2280 5331 2368 5394 Τ.,
2408 5329 2472 5384 in
2505 5329 2917 5398 Attempsiana
2951 5330 3179 5398 agresti
3196 5328 3305 5386 illa
3333 5330 3684 5389 Graecorum
3714 5333 3887 5389 codi-

515 5434 651 5477 cum
671 5418 905 5475 inculta
934 5420 1103 5488 silva,
1162 5419 1511 5489 introspicio
1564 5420 1884 5489 peregrino
1920 5433 2048 5475 eam
2081 5419 2421 5475 latitantem
2455 5417 2662 5473 habitu
2692 5418 2944 5488 reperio,
2974 5416 3200 5489 Cyprio
3223 5419 3385 5475 velut
3408 5418 3471 5474 in
3486 5422 3675 5493 saltu,
3706 5424 3890 5480 senti~

513 5524 644 5566 coso
663 5508 771 5564 illo
803 5508 1035 5578 Cypriis
1052 5509 1359 5578 familiari
1384 5522 1565 5579 eoque
1608 5507 1939 5577 asperrimo
1963 5508 2090 5577 ejus
2121 5509 2401 5577 temporis
2440 5507 2640 5565 Graeco
2668 5513 2985 5566 exaratam
3020 5509 3290 5580 eloquio;
3323 5510 3496 5578 rapio
3536 5511 3725 5578 illico,
3750 5515 3888 5571 des-

515 5598 701 5669 cribo,
728 5597 942 5656 Latine
975 5597 1181 5663 reddo,
1255 5597 1672 5668 integramque
1718 5596 2009 5666 praedam,
2036 5595 2429 5656 observantiae
2453 5612 2598 5655 mea
2618 5597 2894 5671 indicem,
2928 5597 3345 5656 benevolentiae
3373 5604 3493 5656 tua
3526 5600 3775 5670 illicem,
3800 5605 3857 5661 Ε

520 5686 591 5747 ι’.
625 5689 900 5761 protinus
942 5686 1139 5756 trado,
1183 5689 1249 5742 ut
1288 5679 1657 5757 poitliminié
1695 5688 1774 5745 ex
1811 5691 1870 5745 te
1904 5687 2220 5745 universus
2266 5689 2395 5746 eam
2433 5676 2686 5760 eicipiat
2730 5679 2912 5759 orbis;
2937 5684 2996 5746 et
3033 5679 3109 5746 ee
3138 5689 3239 5745 tuo
3263 5688 3499 5759 pariter
3530 5690 3875 5750 admiretur
