4050 6306
173 372 294 426 1529
1153 368 1560 430 ALEXANDRI
1601 371 1670 428 IV
1710 371 2163 432 CONSTITUTIO
2203 375 2481 434 CYPRIA.
3365 375 3504 433 1530

173 492 562 564 suscipiatque
619 493 878 559 nomine,
937 495 1144 564 fausto
1210 497 1417 569 utique
1473 497 1777 569 felicique.
1833 497 2076 568 Aspiret
2137 501 2294 557 Deus
2357 505 2378 558 !
2436 501 2684 559 Interim
2752 500 3026 557 demittat
3060 514 3120 557 se
3178 502 3501 570 paululum

171 583 239 640 E.
266 583 346 649 T.,
381 583 784 639 laxamentum
811 584 1008 653 capiat
1061 601 1363 654 curarum,
1424 591 1480 643 et
1547 586 1785 643 blandis
1849 588 2189 646 litterarum
2241 592 2551 648 lenociniis
2600 591 2886 648 animitus
2948 590 3285 647 blandienti
3322 593 3506 662 plau-

169 673 266 729 dat
297 672 492 728 catulo
541 687 615 728 ac
643 672 820 744 longo
829 675 965 744 jam
996 674 1202 732 labore
1221 676 1398 746 fesso,
1453 676 1819 749 deciduoque
1872 679 2088 736 sudore
2131 685 2379 750 gravato
2419 685 2473 737 et
2533 680 2855 738 anhelanti
2897 683 3175 736 occurrat
3228 680 3500 752 benigne,

167 762 460 834 ipsumque
476 763 720 832 pariter
742 777 815 820 ac
827 763 1102 833 przdam
1131 766 1258 836 ejus
1285 781 1360 828 ex
1378 781 1480 823 ore
1501 767 1852 837 pendentem
1878 770 2330 840 gratulabunda
2353 771 2526 831 vultu
2550 771 2858 842 passisque
2909 771 3072 828 ulnis
3123 771 3501 842 amplectere.

228 887 280 950 E
304 889 471 948 domo
491 889 549 948 S.
571 889 830 954 Andreae
853 891 926 950 de
963 891 1134 956 Urbe.
1172 893 1429 954 Kalend.
1459 894 1659 965 Febr.,
1686 908 1848 953 anno
1891 899 2051 962 1636,

2089 1023 2164 1086 E.
2201 1023 2266 1081 Τ.
2298 1023 2672 1082 humillimus
2691 1039 2898 1089 seruus

2023 1149 2176 1213 νινε,
2244 1150 2584 1218 RICCARDUS,
2654 1149 2813 1215 Cler.
2869 1149 3013 1220 Reg.

171 1329 1228 1368 Μ

1233 1338 3469 1380 W

600 1526 966 1668 CON
981 1527 1984 1674 STITUTION
1993 1532 2167 1675 IS
2267 1535 3038 1680 CYPRI/E

1603 1812 2076 1910 HISTORIA

579 2023 1098 2093 AVINCENTIO
1145 2023 1600 2106 RICCARDO,
1647 2026 2009 2097 CLERICO
2053 2029 2524 2112 REGULARI,
2566 2031 3058 2103 ADORNATA.

208 2399 450 2474 Cyprus,
485 2397 826 2474 Pamphylii
863 2401 1046 2458 maris
1087 2399 1304 2471 insula,
1352 2401 1562 2474 procul
1597 2417 1634 2459 a
1669 2404 1990 2462 continenti
2045 2405 2320 2474 discreta,
2371 2407 2450 2466 ad
2491 2411 2688 2467 ortum
2735 2422 3141 2481 occasumque
3189 2405 3400 2465 Ciliciae
3427 2422 3500 2464 ac

145 2489 317 2563 Syriae
339 2490 609 2563 objecta,
644 2489 939 2566 portubus
986 2491 1285 2560 distincta,
1313 2491 1431 2548 loci
1453 2493 1792 2551 ameenitate
1822 2510 2082 2566 summa,
2119 2495 2421 2554 feracitate
2469 2498 2802 2572 multiplici,
2840 2513 3025 2571 opum
3065 2498 3501 2570 copiarumque

142 2576 395 2634 ubertate
432 2577 594 2634 adeo
616 2576 852 2648 referta,
881 2581 944 2635 ut
968 2579 1102 2650 jure
1128 2580 1386 2637 Macaria
1416 2580 1489 2638 sit
1518 2585 1736 2639 vocata
1787 2599 1800 2638 :
1875 2583 2074 2657 seipsa
2122 2585 2431 2658 nimirum,
2466 2588 2834 2645 caducarum
2891 2586 3238 2663 opulentia;
3274 2600 3496 2651 rerum,

141 2664 272 2723 felix
299 2682 369 2724 ac
404 2667 635 2737 beata;
669 2683 884 2724 novem
913 2668 1184 2745 quodam
1238 2684 1564 2739 regnorum
1592 2670 1782 2743 sedes,
1845 2674 2100 2731 Romani
2133 2675 2278 2734 olim
2343 2677 2551 2751 populi
2609 2677 2922 2736 tributaria
2992 2695 3005 2746 ;
3071 2676 3149 2734 ab
3208 2674 3499 2749 apostolis

139 2753 276 2827 ipsis
305 2756 659 2814 Christianae
681 2755 821 2812 ﬁdei
855 2757 1252 2814 sanctissimis
1280 2757 1540 2816 formata
1569 2759 1850 2818 institutis
1880 2778 1894 2819 :
1931 2764 2131 2821 Graeco
2157 2770 2224 2822 ut
2276 2765 2535 2840 eloquio,
2600 2768 2685 2827 sic
2731 2769 2849 2825 ritu
2897 2767 2992 2840 pie
3045 2765 3502 2838 orthodoxoque

139 2842 252 2900 fere
308 2861 561 2919 semper
614 2844 778 2902 culta
843 2863 858 2914 ;
919 2851 1335 2917 Agarenorum
1399 2847 1666 2905 crebrius
1718 2865 1928 2923 pressa
1973 2854 2312 2925 tyrannide,
2361 2855 2586 2929 pluries
2623 2873 2660 2914 a
2712 2857 2925 2914 Grazcis
2973 2855 3196 2930 quibus
3250 2854 3504 2927 parebat

138 2931 604 3008 imperatoribus
633 2934 694 2993 in
711 2933 1048 2992 libertatem
1071 2940 1302 2994 asserta
1335 2953 1349 3004 ;
1378 2935 1740 2995 duodecimo
1770 2939 2016 2998 tandem
2042 2957 2080 2998 a
2109 2943 2342 3000 Christo
2363 2944 2605 3016 saeculo,
2631 2947 2865 3017 Graecis,
2923 2944 3001 3002 ob
3033 2958 3258 3000 saevam
3288 2958 3497 2999 eorum

138 3021 194 3080 in
229 3023 450 3094 Anglos
482 3023 1019 3091 inhumanitatem,
1058 3041 1216 3099 quos
1242 3031 1532 3100 quassata
1559 3026 1747 3085 classe
1775 3029 1837 3085 in
1868 3030 2085 3102 Cypria
2113 3030 2312 3089 littora
2350 3034 2658 3090 exanimes
2695 3034 2989 3107 impactos
3037 3029 3496 3088 exturbantibus

137 3125 202 3169 ac
223 3112 747 3186 protrudentibus,
793 3113 1161 3186 Anglicailla
1202 3115 1416 3174 martia
1460 3116 1676 3174 virtute
1724 3117 2041 3177 Heliadum
2079 3121 2384 3195 oppressis
2424 3121 2775 3196 abactisque
2819 3121 3076 3179 ducibus
3113 3136 3151 3178 a
3201 3119 3495 3177 Richardo

134 3201 446 3274 Anglorum
521 3217 666 3274 rege
738 3202 893 3261 ultro
966 3208 1308 3278 temereque
1394 3205 1693 3275 lacessito,
1773 3208 1972 3267 insula
2021 3210 2273 3269 subacta
2333 3211 2632 3280 universa,
2685 3213 2748 3269 in
2797 3212 3147 3270 Latinorum
3203 3209 3495 3267 ditionem

139 3295 618 3365 potestatemque
676 3293 857 3349 cessit
913 3309 926 3348 :
997 3293 1362 3351 Richardum
1415 3295 1576 3351 enim
1633 3295 1940 3368 invictum,
1997 3317 2179 3374 quem
2244 3301 2508 3359 amicum
2563 3303 2849 3374 rejecerat
2892 3302 3209 3376 hospitem,
3263 3298 3494 3357 violatis

140 3379 644 3454 hospitiijuribus
674 3380 978 3439 infensum
1026 3387 1241 3457 postea
1284 3383 1399 3440 sub
1452 3384 1613 3440 malo
1645 3386 1920 3444 sustinuit
1986 3390 2290 3464 sensitque
2341 3392 2595 3448 hostem.
2630 3377 2850 3449 Deinde
2923 3389 3254 3449 Lusianinis
3298 3387 3498 3461 paruit

140 3469 330 3541 Gallis,
395 3471 506 3547 qui
562 3471 728 3541 regio
796 3486 932 3529 eam
1006 3473 1252 3530 nomine
1326 3489 1363 3530 a
1425 3476 1708 3531 Romanis
1772 3479 2160 3551 pontiﬁcibus
2225 3484 2467 3538 auctam
2513 3481 2974 3555 locupletarunt.
3034 3480 3149 3538 Sed
3205 3477 3493 3549 caedibus,

139 3559 415 3630 dissidiis,
444 3560 851 3619 seditionibus
876 3561 1164 3619 distracta
1188 3578 1258 3620 ac
1289 3562 1534 3634 foedata,
1574 3564 1639 3621 in
1679 3580 1928 3639 superos
1987 3573 2329 3641 contumax,
2394 3570 2456 3626 in
2493 3585 2670 3642 pares
2707 3570 2997 3641 fastuosa,
3053 3569 3115 3626 in
3160 3571 3498 3626 Romanam

139 3649 334 3708 sedem
365 3651 636 3722 ingrata,
677 3651 1137 3708 eccelesiasticis
1165 3651 1520 3709 fulminibus
1578 3654 1714 3722 icta,
1783 3658 2044 3728 pugnaci
2097 3674 2412 3730 procerum
2456 3674 2526 3716 ac
2556 3659 2884 3732 praesulum
2921 3662 3195 3716 vastatur
3222 3655 3493 3714 dissidio.

136 3742 376 3810 Quocira
399 3743 824 3818 perduellibus
854 3745 1136 3800 Romanae
1156 3745 1281 3800 sedi
1305 3745 1688 3817 pontificibus
1717 3742 1991 3817 extrusis,
2036 3747 2376 3804 Graecanica
2407 3747 2712 3806 eliminata
2762 3748 3034 3822 perﬁdia,
3065 3745 3497 3817 abstractisque

138 3835 599 3904 quatuordecim
623 3835 961 3891 Graecorum
1004 3835 1424 3908 episcoporum
1467 3835 1734 3905 sedibus,
1797 3835 2197 3892 ecclesiastica
2241 3841 2545 3894 contracta
2586 3838 2920 3910 provincia,
2959 3841 3219 3909 quatuor
3267 3837 3498 3890 tantum

134 3922 302 3979 totius
368 3924 597 3981 insulae
671 3939 706 3979 a
775 3923 1089 3980 Ccelestino
1147 3925 1330 3995 hujus
1398 3925 1660 3981 nominis
1713 3925 1882 3982 tertio
1950 3926 2284 3983 antistitum
2338 3927 2532 3992 sedes,
2577 3926 2818 3983 duobus
2866 3925 3104 3982 cuilibet
3150 3923 3285 3980 urbi
3339 3921 3494 3978 datis

133 4013 507 4086 praesulibus,
552 4012 757 4068 Latino
788 4013 1075 4069 nimirum
1125 4019 1181 4070 et
1212 4016 1428 4084 Grtsco,
1473 4013 1721 4084 singulis
1753 4031 1862 4072 suo
1925 4016 2219 4088 cujusque
2283 4015 2476 4088 patrio
2526 4015 2640 4071 ritu
2693 4015 2999 4088 pontiﬁcia
3043 4013 3252 4069 munia
3285 4011 3346 4067 in
3372 4025 3496 4067 una

131 4101 454 4177 eademque
478 4101 854 4159 obeuntibus
884 4101 1049 4159 urbe.
1078 4105 1297 4159 Horum
1330 4104 1557 4175 primas
1576 4119 1713 4159 cum
1741 4103 1888 4168 olim
1922 4104 1998 4161 ad
2030 4095 2310 4176 quartum
2337 4104 2457 4160 fere
2481 4119 2672 4177 usque
2717 4103 3006 4160 saeculum
3033 4101 3494 4174 metropolitano

139 4192 292 4248 acius
310 4194 447 4265 jure
512 4192 848 4265 Paphensis
898 4197 1052 4248 esset
1100 4191 1614 4265 archiepiscopus,
1667 4193 1884 4250 deinde
1926 4193 2411 4261 Constantiensis,
2475 4193 2836 4250 duodecimo
2899 4193 3212 4249 demuma
3265 4190 3494 4246 Christo

134 4281 338 4339 saeculo
372 4281 818 4342 Leucosiensis.
850 4281 1087 4353 exstitit,
1120 4281 1356 4338 reddita
1380 4282 1690 4350 Leucosia,
1730 4283 1894 4353 regia
1923 4282 2063 4338 olim
2122 4282 2291 4347 urbe,
2342 4282 2521 4338 totius
2582 4284 2792 4338 insulse
2843 4281 3175 4354 metropoli.
3210 4279 3493 4336 Defuncto

130 4376 321 4429 autem
353 4371 664 4429 Leucosiae
685 4370 939 4443 praesule
963 4373 1187 4440 Graeco,
1221 4370 1525 4441 elegerunt
1558 4371 1740 4428 Grteci
1770 4373 2050 4442 gentilem
2075 4388 2254 4427 suum
2299 4372 2684 4441 Germanum,
2730 4373 2855 4444 qui,
2904 4378 2969 4428 ut
2999 4371 3248 4426 urbanae
3278 4367 3493 4440 gentis,

143 4457 218 4514 ita
269 4466 324 4517 et
367 4461 543 4517 urbis
592 4459 926 4531 insulaeque
974 4459 1265 4515 universae
1312 4460 1544 4530 integro
1605 4476 1666 4515 se
1725 4459 2024 4533 plenoque
2066 4464 2200 4531 jure
2249 4461 2526 4516 antistcm
2581 4461 2807 4517 factum
2849 4467 3033 4529 ratus,
3074 4475 3298 4518 nomen
3321 4458 3496 4529 etjus

133 4550 374 4606 assumit
403 4549 872 4620 archiepiscopi,
907 4552 964 4604 et
1002 4548 1440 4620 metropolitico
1468 4549 1599 4620 jure
1631 4551 1862 4606 Graecos
1887 4565 2094 4606 omnes
2115 4550 2294 4604 totius
2325 4549 2534 4605 insulae
2563 4567 2686 4606 stne
2716 4550 2955 4606 ditionis
2993 4566 3125 4607 esse
3170 4547 3495 4607 contendit.

134 4635 252 4702 Quo
280 4639 598 4711 pontiﬁcio
615 4638 749 4707 jure
779 4643 833 4693 et
861 4637 1108 4692 mu‘nere
1150 4636 1560 4709 pet-fungente,
1591 4640 1780 4710 Hugo,
1807 4639 2047 4694 Latinus
2071 4637 2366 4694 Leucosiae
2393 4639 2902 4712 archiepiscopus,
2929 4639 3189 4711 insurgit
3215 4655 3228 4706 ;
3264 4641 3500 4694 Germa-

132 4739 266 4781 num
295 4743 419 4783 non
450 4729 565 4784 rite
599 4726 853 4782 electum
883 4743 992 4782 nec
1018 4727 1306 4782 canonice
1361 4727 1707 4784 ordinatum
1749 4727 2118 4792 criminatur,
2153 4727 2409 4796 incusat,
2445 4727 2662 4798 injuste
2683 4728 2782 4798 jus
2809 4728 2955 4785 dare
2978 4728 3234 4785 oblatrat
3267 4744 3280 4794 ;
3306 4739 3494 4780 unum

132 4812 420 4873 duntaxat
442 4831 716 4888 eumque
749 4816 1020 4872 Latinum
1061 4832 1190 4872 esse
1222 4816 1743 4889 archiepiscopum
1765 4817 1826 4872 in
1857 4816 2141 4872 universa
2163 4815 2357 4872 insula
2379 4817 2810 4889 metropolitico
2837 4818 3219 4874 constitutum
3240 4815 3393 4885 jure,
3422 4827 3496 4867 ex

130 4917 508 4962 summorum
544 4904 900 4976 pontiﬁcum
927 4904 1197 4974 decretis,
1233 4904 1603 4960 contentioso
1636 4906 2016 4977 pugnacique
2045 4905 2302 4960 tumultu
2328 4905 2527 4974 instat,
2563 4911 2744 4975 urget,
2769 4906 2978 4976 probat
3010 4923 3023 4970 ;
3056 4908 3325 4961 Graecum
3356 4903 3493 4956 Gre-

131 5003 395 5055 manum,
430 4999 492 5049 ut
530 4991 730 5047 aliena
754 4992 892 5062 jura
923 4993 1330 5060 invadentem,
1373 4993 1799 5048 deturbaturus
1824 5010 1855 5049 e
1887 4993 2037 5050 solio
2065 4993 2137 5050 ad
2176 5011 2355 5049 suum
2404 5002 2691 5066 provocat
2720 4994 2976 5050 tribunal
3005 5007 3264 5063 eumque
3302 4991 3493 5044 insec-

125 5083 274 5137 tatur
303 5083 563 5140 moleste
591 5083 972 5153 exagitatque
996 5083 1275 5152 graviter.
1309 5085 1451 5149 Qum
1479 5082 1685 5138 omnia
1716 5083 1934 5138 acerbo
1964 5083 2160 5138 ferens
2188 5083 2392 5138 animo
2417 5085 2762 5148 Germanus,
2797 5083 2951 5138 facta
2989 5081 3066 5136 ad
3087 5077 3492 5136 Alexandrum

127 5167 194 5222 IV
231 5173 402 5228 Rom.
424 5175 601 5228 Poni.
635 5170 1059 5243 appellatione,
1099 5172 1364 5242 Hugonis
1394 5170 1581 5228 eludit
1605 5171 1921 5242 judicium.
1955 5171 2043 5226 Ad
2067 5174 2399 5228 Romanam
2427 5171 2695 5227 convolat
2723 5170 2954 5240 urbem,
3021 5168 3329 5240 gentilium
3355 5181 3492 5222 suo-

119 5270 246 5316 rum
269 5261 714 5333 episcoporum
744 5259 1078 5332 frequentia
1095 5260 1351 5334 stipatus
1389 5279 1401 5328 ;
1429 5259 1656 5316 illatam
1679 5258 1792 5315 sibi
1812 5259 2153 5332 expostulat
2176 5260 2457 5330 injuriam
2489 5275 2501 5324 ;
2526 5258 2772 5330 indigna
2803 5263 2856 5314 et
2882 5257 3260 5314 intoleranda
3289 5273 3350 5313 se
3389 5253 3496 5312 ini-

118 5359 228 5417 que
256 5365 624 5423 perpessum
657 5348 1043 5422 conqueritur
1072 5367 1086 5417 ;
1114 5349 1483 5421 pontificium
1515 5348 1794 5422 implorat
1823 5364 2024 5420 opem.
2071 5365 2196 5421 qua
2251 5347 2515 5420 Cyprios,
2557 5347 2777 5418 quibus
2825 5347 3101 5404 universa
3147 5345 3488 5417 agitabatur

118 5434 324 5505 insula,
361 5437 610 5495 sedaret
637 5435 874 5494 ﬂuctus.
899 5438 1062 5494 Mittit
1090 5439 1271 5494 etiam
1299 5441 1356 5495 et
1381 5441 1551 5508 llugo
1585 5437 1881 5494 Leucosiae
1904 5439 2390 5510 archiepiscopus
2413 5451 2554 5490 suos
2586 5441 2875 5504 oratores,
2916 5451 3266 5493 accessurus
3295 5435 3493 5508 potius

119 5523 238 5596 ipse
263 5527 377 5584 nisi
411 5527 645 5584 veritus
683 5527 944 5583 insulam
976 5526 1102 5584 sine
1127 5526 1247 5585 ulla
1266 5527 1598 5602 relinquere
1628 5526 1904 5598 antistite,
1934 5536 2159 5583 rectore
2204 5530 2564 5599 pastor-eque
2617 5524 2960 5581 destitutam
3007 5541 3255 5598 prorsus
3299 5522 3484 5587 omni.

121 5613 277 5672 Viros
306 5615 569 5690 praeﬁcit
613 5615 892 5688 legatque
938 5619 1210 5685 Romam,
1283 5616 1476 5674 alieno
1522 5617 1771 5691 quidem
1828 5618 2094 5688 nomine,
2149 5619 2356 5674 revera
2413 5619 2615 5670 tamen
2669 5614 2808 5685 jura
2867 5614 3054 5671 Latini
3099 5609 3491 5684 metropolitas

120 5711 618 5778 propugnaturos
684 5704 846 5777 apud
910 5705 1272 5764 acerrimum
1318 5705 1469 5778 juris
1534 5706 2085 5780 propugnaculum,
2148 5706 2212 5764 in
2272 5704 2516 5760 summa
2602 5703 2894 5776 aequitatis
2951 5719 3113 5770 arco,
3160 5697 3493 5774 apostolica
