4050 6306
532 347 666 416 1531
1946 344 2131 414 ᾹιΕχ

2291 360 2362 414 RI
2398 359 2468 413 IV
3753 342 3886 401 i532

533 484 818 541 nimirum
859 482 1018 546 sede,
1042 476 1317 555 praesidia
1341 476 1706 540 defensionis
1739 500 1862 539 suae
1884 484 2268 541 constituens.
2305 484 2544 557 Excepit
2591 498 2803 539 omnes
2865 478 3195 535 Alexander
3237 474 3496 542 benigne
3537 469 3886 542 audivitque

534 572 744 630 amice.
772 572 1025 628 Diversis
1057 576 1250 627 tamen
1274 574 1673 644 pugnantium
1706 575 2121 646 episcoporum
2144 571 2353 628 studiis
2389 556 2728 627 commotus
2756 568 3033 639 graviter,
3059 564 3227 637 pacis
3277 558 3654 635 provinciam
3699 556 3887 646 susci-

532 662 724 734 piens,
753 660 1060 730 Anagniae,
1086 660 1228 716 Latii
1261 661 1406 716 urbe
1428 660 1639 733 patria,
1664 662 1723 717 in
1751 644 1990 735 publico
2007 678 2312 730 consessu,
2344 661 2478 733 ipso
2510 665 2740 716 astante
2780 660 3075 714 Germano
3131 652 3441 723 tribusque
3491 647 3619 704 aliis
3666 644 3891 702 Graecis

533 749 710 821 Cypri
727 748 1043 820 episcopis,
1074 748 1313 804 Nicolao
1331 748 1517 818 Solius,
1552 746 1770 805 loacim
1802 751 2064 822 Carpasii
2093 755 2149 806 et
2174 751 2445 807 Matthzeo
2473 753 2826 813 Leucarum,
2885 761 2955 803 ac
3020 741 3285 813 Hugonis
3344 737 3530 795 Latini
3585 736 3887 792 Leucosim

534 837 1000 909 archiepiscopi,
1074 838 1440 905 oratoribus,
1518 839 1909 912 plurimisque
1990 840 2439 897 considentibus
2482 842 2564 896 ,S.
2627 841 2687 897 Β,
2746 839 2807 891 Ε.
2877 831 3312 905 cardinalibus,
3394 826 3559 900 pacis
3632 828 3891 912 assertor

534 925 825 992 Pontifex,
862 927 1077 981 auditis
1130 932 1481 999 matureque
1520 910 2145 1001 expensis—utriusque
2198 928 2546 984 dissidentis
2594 927 2780 999 partis
2824 921 3177 985 rationibus,
3210 935 3281 974 ex
3342 917 3594 971 fratrum
3640 910 3889 968 consilio

533 1014 787 1085 paciﬁca
817 1008 1233 1070 constitutione
1260 1015 1473 1083 sanxit,
1507 1017 1868 1071 Germanum
1895 1018 2100 1089 quoad
2130 1017 2353 1072 viveret
2377 1015 2813 1089 archiepiscopi
2838 1014 2990 1084 jure,
3041 1008 3304 1071 nomine,
3360 1019 3609 1060 munere
3652 1001 3891 1074 potiun-

535 1102 684 1156 dum
718 1116 905 1169 ;neve
925 1102 1105 1157 unius
1130 1104 1426 1159 Leucosiae
1458 1104 1708 1163 civitatis
1739 1104 1862 1159 duo
1895 1105 2085 1160 forent
2141 1105 2597 1177 archiepiscOpi.
2659 1109 2712 1158 et
2762 1103 2902 1172 jura
2949 1114 3087 1155 cum
3148 1096 3317 1151 daret
3378 1090 3889 1159 Germanus,jura

535 1190 759 1261 eripere
794 1190 1088 1246 videretur
1119 1192 1369 1260 Hugoni.
1394 1193 1693 1247 Neucosiaa
1725 1192 1930 1248 sedem
1964 1194 2212 1263 Hugoni,
2249 1194 2418 1251 Soliae
2460 1209 2602 1249 vero
2634 1195 2930 1247 Germano
2960 1187 3180 1250 tribuit,
3226 1182 3446 1239 Nicolio
3476 1180 3551 1235 ad
3578 1178 3890 1234 Arsinoem

534 1282 847 1334 vacantem
867 1277 1195 1334 Ecclesiam
1221 1280 1551 1337 aSolzBensi
1578 1280 1866 1337 translato
1908 1299 1921 1347 ;
1954 1287 2010 1338 et
2025 1283 2232 1338 omnia
2266 1282 2702 1354 metropolitica
2754 1282 3090 1334 Graecorum
3128 1275 3268 1344 jura
3300 1274 3500 1328 Graeco
3545 1265 3889 1340 impertiens

538 1368 850 1432 Germano,
876 1367 1104 1422 cunctis
1135 1366 1416 1440 deinceps
1438 1368 1661 1424 ademit
1682 1370 1894 1424 Graecis
1917 1388 1930 1424 :
1955 1370 2251 1441 siquidem
2292 1371 2575 1427 defuncto
2615 1372 2909 1425 Germano
2947 1364 3181 1420 nullum
3227 1361 3408 1417 alium
3459 1360 3729 1414 Graecum
3766 1368 3891 1409 me-

536 1454 877 1527 tropolitam
922 1455 1263 1526 eligendum
1308 1457 1529 1533 statuit,
1578 1474 1652 1531 ne
1707 1465 1915 1517 contra
1970 1475 2172 1515 sacros
2230 1476 2493 1517 canones
2536 1459 2657 1514 duo
2711 1459 2912 1511 essent
2970 1454 3030 1509 in
3073 1467 3195 1509 una
3239 1446 3545 1523 provincia
3590 1448 3891 1533 ωθιτορο·

537 1542 673 1611 litin,
704 1559 978 1610 nomeve,
1008 1544 1153 1629 ‘jus,
1203 1530 1421 1629 munus
1485 1530 1941 1619 archiepiscopi,
1981 1549 2159 1615 unius
2191 1544 2418 1605 tantum
2447 1552 2658 1620 postea
2698 1545 2988 1625 futurum.
3017 1540 3197 1597 Latini
3254 1536 3537 1629 nimirum
3592 1530 3889 1629 Leucqsiaa

537 1631 879 1702 pontiﬁcis;
912 1617 1157 1687 caeteros
1195 1622 1335 1688 vero
1365 1634 1642 1689 Germani
1673 1617 1944 1705 posteros
1983 1636 2323 1709 episcopos,
2374 1617 2544 1692 Soiite
2603 1617 2793 1689 tatum
2836 1630 3076 1686 nomine
3116 1632 3168 1682 et
3202 1624 3341 1681 sede
3378 1617 3887 1709 cohonestandos,

540 1736 611 1775 ac
639 1720 843 1776 Latino
865 1722 1166 1777 Leucosiae
1196 1723 1585 1794 metrOpolitte
1608 1706 2040 1796 metropolitico
2057 1706 2212 1797 jure,
2251 1732 2315 1782 ut
2340 1731 2396 1781 et
2440 1724 2700 1796 reliquos
2728 1724 2959 1777 Graecos
2983 1716 3295 1791 pontiﬁces
3324 1728 3454 1769 esse
3481 1706 3895 1780 subjiciendos

537 1809 925 1881 pronuntiat;
981 1812 1318 1866 Grmcorum
1375 1811 1512 1867 item
1568 1812 1883 1883 praesulum
1941 1813 2113 1869 sedes
2165 1816 2226 1871 in
2277 1813 2617 1870 Latinorum
2681 1809 2955 1879 urbibus,
2987 1806 3163 1868 locat,
3222 1801 3524 1875 expressis
3586 1801 3895 1852 utrorum-

537 1912 657 1969 que
680 1897 941 1967 juribus,
966 1916 1076 1955 sua
1102 1900 1423 1972 unicuique
1463 1900 1640 1971 plane
1677 1902 1960 1968 tribuens,
1995 1905 2231 1959 Graecos
2261 1904 2579 1975 episcopos
2611 1900 2673 1955 in
2706 1898 3046 1954 Latinorum
3081 1891 3332 1965 imperio
3363 1904 3433 1945 ac
3485 1886 3713 1942 ditione
3761 1895 3899 1936 con-

538 1985 704 2041 cordi
728 1986 931 2042 animo
961 2003 1146 2061 quam
1168 1989 1584 2060 pacatissimos
1618 1990 1937 2055 constituit.

610 2074 780 2129 Edita
801 2076 1061 2146 primum
1084 2076 1211 2132 haec
1239 2077 1591 2133 Constitutio
1624 2084 1710 2133 est
1763 2095 1923 2135 anno
1978 2081 2211 2136 Domini
2272 2084 2425 2144 1260,
2475 2077 2553 2133 ab
2597 2075 2934 2132 Alexandro
2970 2070 3253 2145 pontiﬁce
3308 2080 3573 2128 summo,
3622 2061 3903 2115 Romano

536 2162 798 2234 eloquio,
824 2166 1229 2221 Romanorum
1266 2166 1617 2238 pontiﬁcum
1636 2183 1802 2223 more
1840 2185 1854 2233 ;
1886 2169 2103 2225 deinde
2133 2186 2167 2225 a
2198 2170 2432 2234 Graecis,
2465 2165 2785 2236 gentilibus
2833 2162 2956 2217 suis
3005 2156 3477 2219 consulentibus,
3542 2147 3901 2238 Greecered-

536 2251 681 2317 dita,
715 2256 771 2307 et
802 2254 977 2308 Leoni
999 2236 1284 2309 Solzeensi
1316 2271 1471 2310 novo
1519 2256 1806 2328 episcopo
1844 2257 2090 2313 suffecto
2131 2274 2291 2314 anno
2342 2254 2577 2311 Domini
2643 2256 2774 2308 1297
2817 2268 2887 2306 ex
2934 2249 3228 2305 Leucosize
3272 2242 3566 2300 tabulario
3611 2236 3899 2328 exhibita,

536 2355 947 2421 germanaque
973 2341 1359 2414 locupletium
1393 2344 1631 2400 testium
1665 2327 1991 2401 assertione
2022 2347 2346 2418 publicitus
2372 2343 2790 2415 comprobata.
2812 2343 3027 2395 Verum
3057 2353 3179 2410 qua
3201 2334 3497 2391 bellorum
3531 2327 3897 2421 incursione,

535 2414 659 2513 qua
680 2429 1026 2487 Latinorum
1063 2432 1308 2503 incuria,
1346 2434 1553 2489 Latina
1576 2414 2042 2501 exciditeditio;
2068 2442 2123 2492 et
2154 2438 2357 2492 Graeca
2394 2414 2646 2497 tantum,
2676 2448 2707 2486 e
2733 2430 2947 2485 Graecis
2989 2426 3243 2484 librariis
3282 2434 3603 2493 nunquam
3665 2414 3900 2513 calamo

537 2508 921 2601 parcentibus
947 2526 1212 2586 exarata,
1244 2521 1303 2576 in
1328 2526 1559 2578 vetusto
1586 2522 1855 2593 quodam
1888 2540 2001 2580 ms.
2038 2526 2249 2597 Cyprio
2294 2521 2654 2592 Euchologio
2709 2517 3129 2590 Altempsianae
3160 2503 3854 2601 bibliothecae_repel‘itl_ll‘
3884 2520 3898 2571 ἱ

536 2596 692 2683 eam,
726 2621 821 2673 ne,
859 2612 924 2663 ut
964 2608 1273 2685 hucusque
1306 2609 1424 2666 alto
1454 2611 1686 2667 silentio
1712 2596 2091 2683 praeteritam,
2127 2596 2217 2671 sic
2253 2614 2432 2669 etiam
2480 2609 2946 2672 oblitescentem,
2974 2606 3106 2678 ipsa
3146 2617 3393 2676 prorsus
3437 2596 3897 2685 οὺὶὶῐῖεΐᾶΐξὲξξπ»

536 2678 793 2769 eGraeco
824 2710 1112 2773 germano
1134 2678 1461 2769 eiemplari
1489 2678 1785 2755 Latinitati
1806 2716 2047 2756 rursum
2078 2678 2405 2770 restituere,
2433 2705 2487 2755 et
2548 2697 2751 2753 Latine
2796 2711 2867 2752 ac
2910 2697 3106 2750 Graece
3136 2707 3298 2748 nunc
3348 2687 3621 2760 primum
3657 2678 3900 2754 publico

536 2781 811 2838 Ecclesiae
839 2781 1003 2841 bono
1025 2783 1198 2842 edere
1226 2778 1425 2842 visum
1457 2791 1562 2843 est.
