4050 6306
147 238 262 296 1541

1420 223 1898 292 CONSTITUTIO
1929 233 2180 292 CYPRIA

3333 244 3471 318 1⁵42

143 369 239 424 σίας
265 361 685 433 ἁρχιιπισκόπου
720 357 772 410 ἐν
800 365 862 430 τῇ
889 357 1016 429 αὐτῇ
1073 363 1212 428 νήσῳ
1269 358 1386 419 ἣτις
1445 353 1559 407 ἐστὶ
1614 358 1711 425 μία

1829 356 2047 424 praefati
2075 363 2492 429 procuratores
2512 361 2735 433 pariter
2762 377 2899 418 cum
2932 362 3064 418 aliis
3089 365 3387 436 petierunt
3409 371 3469 422 ut

138 449 357 523 ἐπαρχία,
386 447 506 500 οὔτ’
536 442 766 505 ἠδύνατο
815 445 924 497 οὔτ’
979 445 1158 517 ὤφειλε
1205 445 1508 496 τάττεσθαι.
1556 441 1707 494 Ὅθεν

155 541 267 610 μετὰ
297 557 387 588 των
445 535 607 588 ἄλλων
665 533 880 595 ἐζήτουν
919 536 967 586 οἱ
1018 534 1382 607 προλεχθέντες
1438 531 1708 605 ἐπίτροποι

149 628 207 677 ἶν’
261 625 482 696 ὂγέγονε
528 628 796 695 πρὸκριμα
841 627 959 695 περὶ
1006 628 1095 680 τὴν
1151 631 1242 674 τοῦ
1299 617 1709 695 προδιαληφθέν-

145 733 217 774 τος
267 719 300 765 Γ
302 720 510 787 ερμανοῦ
557 713 608 764 ἐν
654 720 716 783 τῇ
776 719 872 772 τῆς
917 717 1211 773 Λευκοσίας
1260 710 1513 780 ἐκκλησίᾳ
1553 711 1710 760 κατά-

143 821 326 870 στασιν,
352 808 434 855 καὶ
460 806 503 854 εἶ
539 822 589 853 τι
634 800 689 853 ἔκ
732 803 939 870 τούτου,
999 802 1027 860 ᾖ
1087 801 1246 854 ἕνεκεν
1306 804 1491 852 τούτου
1543 818 1711 872 παρη-

137 893 408 956 κολούθηκε,
450 887 804 952 διατάξασθαι
851 891 989 960 ἡμᾶς
1047 894 1116 961 μὴ
1172 892 1310 960 ἔχειν
1396 891 1454 939 τὸ
1535 895 1704 958 κῦρος·

137 994 215 1041 καὶ
255 989 474 1040 κωλῦσαι
525 989 664 1060 ἡμᾶς
728 991 815 1039 τὸν
873 995 1108 1039 τοιοῦτον
1181 989 1436 1060 Γερμανὸν

140 1102 377 1137 σκοπικων
404 1081 640 1136 δικαίων.

193 1182 493 1245 Τελευταῖον,
538 1181 810 1253 ὀχλήσεως
864 1180 946 1232 ἐπὶ
1013 1184 1216 1242 τούτοις
1270 1183 1561 1251 γεγονυίας,
1616 1181 1708 1229 καὶ

128 1269 302 1321 πολλῶν
352 1273 484 1322 ἔνθεν
551 1272 784 1322 κάκείθεν
837 1277 1115 1340 γεγονυιῶν
1184 1270 1369 1321 θέσεων
1415 1270 1556 1342 παρὰ
1608 1275 1708 1317 τῶν

131 1357 332 1431 ἐκατέρῳ
384 1368 731 1432 παραστῆσαι
786 1363 1132 1430 πεταγμένων·
1223 1359 1330 1410 ἐπεὶ
1401 1356 1454 1419 ἐξ
1541 1355 1710 1407 αὐτῶν

129 1455 218 1496 τῶν
271 1443 575 1510 ἀποδείξεων
629 1454 721 1499 τοῦ
769 1443 980 1499 δικαίου
1043 1444 1213 1498 ἐδόκει
1265 1445 1574 1498 ἐκτετάσθαι
1639 1443 1710 1506 εἰς

125 1542 276 1603 μῆκος
304 1537 395 1596 τὰς
415 1544 511 1597 τῆς
551 1535 826 1606 ὀχλήσεως
873 1532 1165 1606 διχονοίας,
1217 1537 1242 1586 ὁ
1293 1535 1469 1608 ῥηθεὶς
1525 1532 1709 1608 ἀρχ⁶⁸“

1818 443 2120 502 decretum
2161 454 2368 505 contra
2393 451 2494 521 jus
2522 450 2727 517 latum,
2748 451 3142 509 ordinationis
3174 456 3471 528 assumpti

1811 531 1940 602 jam
1970 535 2245 592 Germani
2271 537 2350 592 ad
2381 539 2680 594 Leucosiae
2708 539 3052 605 Ecclesiam,
3083 546 3141 597 et
3168 541 3468 616 quidquid

1816 635 1889 675 ex
1911 621 2023 676 hac
2059 623 2186 693 ejus
2217 625 2590 682 ordinatione
2664 626 2752 682 vel
2820 627 2949 697 ejus
2998 645 3182 685 causa
3242 631 3468 689 factum

1816 708 2032 764 deinde
2081 711 2311 778 fuisset,
2353 730 2464 770 nos
2501 715 2999 772 constitueremus
3055 733 3184 773 esse
3211 719 3464 789 irritum,

1816 813 1886 852 ac
1939 799 2393 869 prohiberemus
2432 818 2505 857 ne
2547 805 2869 860 Germanus
2923 805 3032 859 iste
3098 806 3302 880 aliqua
3350 807 3468 864 ulla

1817 885 2249 960 archiepiscopi
2269 891 2406 959 jura
2429 897 2725 946 exerceret
2752 891 2814 947 in
2847 894 3061 964 Cypro.

1531 992 1624 1036 τοῦ
1699 987 1772 1055 μὴ
1840 982 2223 1055 ἐπεργάζεσθαί
2274 1007 2326 1038 τι
2389 987 2438 1039 ἐν
2485 997 2546 1061 τῇ
2592 992 2779 1042 Κύποω
2844 995 2963 1063 περὶ
3041 999 3142 1043 τῶν
3197 990 3464 1067 ἀριχιεπι-

1889 1179 2152 1234 Tandem
2182 1197 2360 1252 super
2383 1182 2476 1238 his
2501 1183 2713 1239 oborto
2734 1185 2993 1240 tumultu
3015 1186 3338 1260 multisque
3361 1204 3466 1260 po-

1821 1266 1943 1321 sitis
1973 1269 2406 1338 quaestionibus
2448 1271 2526 1327 ab
2557 1271 2628 1327 iis
2655 1273 2760 1344 qui
2794 1274 3103 1345 utriusque
3147 1277 3334 1346 partis
3363 1292 3467 1348 pa-

1819 1355 2136 1411 trocinium
2165 1358 2564 1415 sustinebant:
2593 1363 2884 1432 quoniam
2906 1377 2978 1416 ex
3003 1362 3146 1433 ipsis
3160 1363 3312 1434 juris
3331 1380 3466 1437 pro-

1816 1441 2166 1499 bationibus
2196 1445 2256 1500 in
2282 1446 2531 1517 longum
2555 1448 2870 1504 videbatur
2888 1452 3325 1522 protrahendas
3341 1454 3465 1509 fore

1819 1533 2238 1589 controversiae
2272 1535 2700 1606 dissensiones,
2728 1537 2920 1594 dictus
2979 1540 3468 1613 archiepiscopus

126 1626 362 1684 πίσκοπος
389 1628 674 1696 Γερμανοὺς
732 1625 859 1694 ἡμῖν
915 1625 1248 1676 καθικέτευσε
1298 1631 1570 1690 ταπεινῶς,
1613 1628 1706 1673 τοῦ

1829 1622 2151 1678 Germanus
2216 1623 2519 1678 humiliter
2591 1594 2949 1697 supplicavit
2986 1594 3467 1685 nobis—tne

120 1713 182 1780 μὴ
241 1715 513 1773 τοσαύταις
567 1712 938 1784 μακρολογίαις
999 1712 1354 1785 περιέλκεσθαι
1427 1720 1489 1783 τῇ
1558 1730 1706 1763 πτω-

122 1803 232 1870 χείᾳ
290 1811 381 1861 τῆς
433 1811 538 1852 τῶν
597 1807 830 1873 Γραικῶν
902 1800 1212 1862 Ἐκκλησίας
1267 1803 1358 1852 καὶ
1423 1801 1708 1862 τοσαύταις

124 1895 226 1950 ταῖς
252 1885 554 1951 δυσκολίαις
573 1893 962 1966 προσφέρεσθαι
1022 1911 1035 1923 ·
1091 1889 1394 1962 βουλόμενοι
1449 1894 1542 1947 τὴν
1607 1909 1707 1943 κα-

123 1980 356 2031 τάστασιν
441 1981 613 2041 αὐτῆς
707 1979 798 2032 κάὶ
854 1981 1083 2053 εἰρήνην,
1138 1980 1400 2052 ὀφείλομεν
1473 1979 1703 2051 εἰρηνικῇ

123 2061 338 2130 διατάξει
449 2067 769 2128 ἀποστολικῆ
778 2089 799 2130 ς
912 2071 1283 2128 καταστάσεως
1386 2070 1708 2143 προμήθειαν

123 2151 328 2225 ἐπάγειν,

117 2240 336 2315 λογισμοὶ
411 2251 503 2298 καὶ
563 2247 663 2298 ύπό
714 2249 950 2318 ὑποταγῇ
1020 2253 1114 2304 τῆς
1170 2246 1437 2317 Ῥωμαίων
1493 2244 1705 2303 Ἐκκληο

121 2335 228 2392 σίας
258 2333 362 2402 (10)
394 2337 443 2385 οἱ
473 2332 850 2410 προῤῥηθέντες
912 2340 1126 2407 Γραικοὶ
1176 2337 1312 2397 ζωὴν
1364 2333 1551 2395 ἄξουσι
1582 2337 1711 2404 μετὰ

119 2427 204 2470 τῶν
234 2425 464 2474 Λατίνων
500 2422 784 2497 εἰρηνικήν.
845 2418 1012 2475 Οὐδὲν
1069 2425 1370 2494 θαυμαστὸν
1421 2425 1477 2474 τὸ
1533 2422 1709 2474 λοιπὸν

449 2068 555 2121 ἀπο
561 2067 769 2128 στολικῆ
778 2089 799 2130 ς

404 2154 480 2210 δι’
541 2158 602 2218 ἧς
686 2163 1118 2228 κατασιγήσουσι
1155 2166 1254 2208 τῶν
1301 2156 1594 2228 ὀχλούντων
1661 2157 1709 2207 οἱ

120 2508 246 2570 ἔθνος
272 2519 370 2561 τῶν
399 2516 644 2563 Λατίνων
679 2516 768 2563 καὶ
827 2517 1080 2586 Γραικῶν,
1136 2521 1230 2572 τῆς
1276 2511 1589 2572 Ἐκκλησίας
1616 2519 1710 2573 τῆς

123 2595 271 2658 αὐτῆς
307 2602 526 2673 Κύπρου
592 2597 645 2650 ἐκ
709 2596 970 2672 διαφόρων
1025 2599 1294 2670 ὀχλήσεων
1349 2599 1708 2671 σαλευομένης,

124 2695 318 2760 ταραχῇ
369 2690 727 2760 κυμαίνεσθαι
759 2710 772 2721 ·
834 2688 1123 2763 ἐξαίρηται,
1177 2691 1348 2752 καθώς
1402 2687 1710 2762 δακρίνομεν

123 2771 148 2823 ὃ
214 2772 438 2850 ἱπιφερεν
512 2781 608 2834 τήν
683 2779 946 2847 ὑπόθεσιν,
1019 2797 1075 2830 το
1153 2776 1559 2853 ἁσυμπέραστον
1611 2787 1711 2829 τῶν

121 2859 334 2933 ὅαρσιῶν
397 2869 527 2939 περὶ
584 2870 676 2924 τὴν
729 2874 822 2918 τοῦ
884 2866 1062 2928 τέλους
1112 2866 1259 2928 τάξιν
1313 2868 1472 2918 ἕνεκεν
1523 2869 1710 2918 τούτου

1815 1707 2013 1778 longis
2039 1710 2335 1780 ejusmodi
2367 1712 2870 1784 disputationibus
2894 1731 3032 1772 eum
3055 1717 3467 1773 circumveniri

1818 1811 1889 1852 ac
1904 1797 2192 1868 distineri,
2206 1804 2432 1856 attenta
2442 1801 2715 1857 Ecclesiae
2727 1804 3068 1859 Grmcorum
3085 1809 3464 1876 paupertate:

1819 1901 1967 1942 neve
1993 1892 2073 1943 tot
2100 1893 2416 1960 tantasque
2448 1905 2718 1945 morosas
2738 1890 3115 1949 difﬁcultates
3134 1893 3194 1948 in
3208 1893 3468 1949 medium

1819 1973 2014 2030 afferri
2037 1975 2369 2032 sineremus
2397 1994 2410 2032 :
2444 1979 2823 2034 consulentes
2851 1981 3030 2035 statui
3062 1982 3247 2052 ipsius
3277 1987 3334 2038 et
3358 1998 3471 2054 pa-

1821 2062 1894 2130 ci,
1921 2079 2164 2135 aequum
2194 2065 2476 2119 duximus
2504 2065 2756 2136 paciﬁca
2782 2067 3202 2124 constitutione
3231 2084 3306 2124 ex
3324 2085 3470 2140 apo-

1822 2150 2033 2206 stolica
2060 2151 2449 2224 dispositione
2481 2152 2720 2208 salubre
2758 2154 2906 2210 inire
2956 2155 3292 2224 consilium,
3343 2173 3468 2229 quo

1822 2235 2234 2290 dissidentium
2267 2238 2581 2308 quiescant
2611 2237 2798 2306 litigia
2847 2244 2902 2294 et
2944 2239 3056 2294 sub
3102 2240 3326 2296 ditione
3367 2243 3469 2296 Ec-

1822 2323 2009 2379 clesiae
2032 2327 2411 2380 Romanorum
2433 2328 2615 2381 vitam
2637 2327 2866 2398 praefati
2889 2328 3071 2384 Graeci
3093 2345 3226 2384 cum
3249 2330 3469 2385 Latinis

1820 2412 2044 2468 ducant
2068 2413 2401 2484 paciﬁcam.
2433 2417 2548 2469 Nec
2579 2415 2798 2470 mirum
2834 2416 2883 2470 si
2928 2417 3269 2472 Latinorum
3319 2420 3471 2474 Grae-

1821 2517 2150 2574 corumque
2177 2518 2366 2573 genus
2384 2501 2652 2558 Ecclesiae
2668 2503 2855 2574 ipsius
2887 2506 3064 2576 Cypri
3112 2507 3293 2561 variis
3339 2505 3472 2577 agi-

1821 2597 1958 2648 tatas
1985 2593 2194 2662 turbis,
2234 2593 2624 2649 seditionibus
2667 2595 3045 2665 perturbtum
3071 2600 3302 2664 aestuet,
3332 2613 3473 2652 cum

1821 2687 2143 2746 excrescat,
2174 2686 2236 2737 ut
2265 2681 2686 2751 dijudicamus,
2716 2682 2776 2737 id
2800 2683 2966 2754 quod
3015 2684 3325 2756 prmbebat
3366 2700 3474 2740 an-

1823 2785 1955 2825 sam
2001 2769 2356 2843 dissidiique
2388 2771 2699 2826 materiam
2730 2773 3108 2844 suggerebat,
3163 2774 3475 2848 multiplex

1825 2859 2109 2914 nimirum
2139 2858 2240 2914 illa
2275 2859 2426 2930 juris
2476 2859 2903 2933 alterutrinque
2937 2861 3177 2917 dicendi
3219 2861 3476 2919 dandive

123 2952 194 3001 ὅτι
229 2952 294 3013 ὡς
347 2955 376 3010 ἡ
436 2950 671 3026 διαφορὰ
720 2963 821 3006 τῶν
878 2957 1132 3026 σωμάτων
1179 2960 1268 3006 καὶ
1315 2957 1345 3012 ἡ
1417 2963 1518 3006 τῶν
1575 2955 1712 3013 ἠθῶν

1829 2947 2146 3002 indiscreta
2175 2948 2424 3002 actionis
2458 2947 2729 3017 facultas,
2783 2965 2854 3004 eo
2889 2949 3056 3021 quod
3094 2952 3276 3007 etiam
3304 2951 3475 3008 varia

126 3045 417 3112 ἀσυμφωνία
511 3042 726 3095 εἰώθασι
806 3049 980 3114 γεννᾴν
1049 3039 1325 3115 διχονοίας
1380 3041 1427 3094 ἓν
1596 3042 1715 3094 ἀνα-

127 3137 305 3201 στροφῇ
387 3140 492 3183 τῶν
575 3132 880 3204 ὁμοζώντων
943 3134 1042 3185 ύπὸ
1094 3131 1359 3192 ποικίλαις
1417 3134 1716 3194 συνηθείαις

124 3226 528 3294 παρατηρήσεων
593 3229 694 3272 τῶν
764 3230 967 3291 γενεῶν.
1031 3221 1202 3293 Ἠμεῖς
1255 3217 1363 3286 οὖν,
1419 3221 1467 3273 οἱ
1523 3220 1576 3272 ἐκ
1623 3230 1716 3281 τῆς

123 3302 429 3379 ἐπικειμένης
460 3310 593 3381 ἡμῖν
633 3317 729 3371 τῆς
789 3309 1140 3371 ἀποστολικῆς
1205 3309 1530 3383 λειτουργίας
1581 3309 1715 3381 ὀφεί-

121 3391 257 3465 λομεν
294 3403 382 3450 καὶ
434 3400 727 3472 ὀρεγόμεθα
781 3406 888 3460 τοῖς
930 3397 974 3450 τ’
1026 3397 1173 3470 ἐγγύς
1239 3405 1343 3458 τοῖς
1397 3417 1449 3450 τε
1513 3401 1716 3472 μακρὰν

124 3485 320 3552 φάσκειν
405 3487 642 3559 εἰρήνην,
717 3492 1036 3559 ποσέχοντες
1104 3486 1355 3559 ἐπιμελῶς
1424 3489 1717 3562 θεραπεύειν

129 3582 211 3624 τοῦ
238 3577 328 3637 τὰς
367 3576 754 3648 προλεχθείσας
795 3576 1108 3636 Ἐκκλησίας
1155 3576 1346 3649 βεϐαίᾳ
1403 3577 1545 3639 τάξει
1583 3574 1712 3628 ὃιευυ

129 3662 360 3716 θύνεσθαι
423 3668 564 3740 πρὸς
636 3663 880 3731 ἀλλήλας,
947 3669 1037 3716 καὶ
1091 3664 1346 3738 ἆμοιϐαίᾳ
1410 3664 1458 3716 ἓν
1506 3673 1723 3739 Χριστῷ

131 3751 484 3824 εὐφραίνεσθαι
558 3761 620 3826 τῇ
703 3759 901 3828 εἰρήνῃ,
968 3757 1281 3830 ἱκανωτέρως
1336 3757 1726 3829 προεμηθενσά-

131 3841 252 3910 μεθα
275 3845 368 3905 τὰς
410 3845 611 3895 τούτων
661 3839 973 3905 διαστάσεις
1027 3845 1240 3915 ἡσύχου
1299 3840 1584 3906 διατάξεως
1638 3864 1728 3896 κα-

132 3931 402 4001 τευνάζειν,
468 3931 667 4004 ἀρεστῇ
747 3931 1016 4004 συμϐουλῇ

134 4024 366 4092 μαχαίρᾳ
405 4017 753 4094 διακληροῦν.

195 4113 374 4160 Τοίνυν
422 4117 532 4161 τῶν
597 4109 838 4185 οχληρῶν
901 4109 1216 4182 φιλονεικιῶν
1285 4111 1418 4161 ἔνθεν
1496 4108 1730 4162 κάκεῖθεν

1125 3934 1154 3992 ᾖ
1209 3941 1451 4004 κριτικῆς
1507 3931 1731 3993 ἐκκοπῆς

133 4201 237 4256 ταῖς
275 4207 372 4250 τῶν
465 4198 794 4250 λεπτοτάτων
856 4199 1158 4274 ἀποφοραῖς,
1239 4207 1338 4250 τῶν
1397 4218 1450 4250 τε
1503 4197 1732 4272 θορύϐων

1823 3051 2144 3108 corporum
2158 3051 2228 3091 ac
2248 3051 2483 3090 morum
2511 3036 2912 3108 discrepantia
2925 3053 3134 3108 parere
3159 3041 3476 3096 consuevit

1824 3125 2070 3181 dissidia
2092 3125 2151 3180 in
2182 3123 2458 3180 familiari
2514 3125 2963 3181 conversatione
2989 3141 3197 3183 eorum
3227 3128 3334 3200 qui
3359 3129 3473 3184 sub

1825 3215 2004 3271 variis
2029 3213 2404 3269 diversarum
2435 3213 2744 3269 nationum
2774 3213 3055 3270 institutis
3083 3215 3265 3272 simul
3290 3217 3473 3273 vitam

1825 3304 2074 3360 ducunt.
2114 3305 2230 3358 Nos
2287 3317 2448 3372 ergo,
2502 3303 2606 3374 qui
2665 3302 2938 3373 injuncto
3011 3304 3188 3360 nobis
3237 3311 3476 3377 aposto-

1825 3393 1938 3449 lico
1961 3408 2208 3448 munere
2225 3407 2360 3447 cum
2383 3407 2531 3463 pace
2556 3407 2800 3463 pascere
2832 3397 3103 3448 tenemur
3117 3399 3172 3449 et
3197 3394 3475 3466 cupimus

1827 3499 1947 3538 non
1980 3480 2162 3537 modo
2188 3496 2289 3536 eos
2350 3481 2454 3553 qui
2503 3495 2711 3553 prope,
2762 3497 2975 3536 verum
3016 3481 3195 3538 etiam
3241 3499 3342 3539 eos
3369 3482 3476 3556 qui

1827 3569 2005 3641 longe
2036 3573 2196 3634 sunt,
2221 3568 2433 3624 sollicit
2473 3569 2697 3624 mederi
2755 3569 3059 3625 studentes
3096 3569 3361 3642 praefatis
3382 3572 3483 3627 Ec-

1801 3660 1804 3662 ⁷
1831 3659 2029 3715 clesiis
2051 3675 2153 3714 eas
2165 3657 2340 3714 ﬁrma
2353 3658 2936 3716 constitutioneinter
2956 3676 3017 3716 se
3036 3661 3480 3735 componendo,

1833 3764 1956 3822 quo
1995 3753 2205 3803 mutua
2233 3747 2294 3802 in
2339 3747 2567 3802 Christo
2602 3762 2750 3818 pace
2779 3748 3073 3814 fruantur,
3096 3749 3238 3806 satis
3269 3765 3488 3822 oppon-

1836 3843 1977 3894 tune
2007 3835 2419 3892 consuluimus
2439 3835 2654 3890 harum
2681 3836 2930 3891 dissidia
2950 3835 3189 3909 placida
3205 3839 3487 3895 constitu-

1837 3929 1997 3984 tione
2023 3925 2254 3994 sedare,
2305 3923 2697 3979 consistoriali
2743 3923 3027 3980 nimirum
3057 3924 3486 3984 deliberatione

1840 4032 1944 4072 seu
1960 4013 2262 4085 judicialis
2291 4011 2610 4068 decisionis
2635 4011 2836 4081 gladio
2857 4027 2928 4067 ea
2970 4013 3341 4070 dirimentes.

1912 4108 2059 4161 Cum
2129 4103 2306 4171 igitur
2373 4115 2584 4169 graves
2675 4099 3089 4173 seditiosaeque
3162 4104 3489 4161 contentio-

1839 4209 1946 4250 nes
2013 4190 2328 4247 levissimis
2389 4189 2624 4260 jactatis
2707 4189 3146 4260 objectionibus
3219 4206 3326 4263 per
3398 4198 3487 4248 tu-

131 4290 222 4335 τῶν
263 4282 545 4349 ὃιαλέξεων
583 4287 651 4348 εἰς
711 4291 768 4338 τὸ
826 4285 1106 4362 ἀπέραντον
1159 4285 1237 4339 ἀεί
1288 4287 1667 4360 προϐαινόντων

1840 4281 2205 4338 multuantes
2263 4277 2718 4350 disputationes,
2745 4277 2804 4332 in
2859 4277 3159 4334 inﬁnitum
3214 4279 3486 4336 vincendi

130 4378 534 4444 προστάττοντες
572 4384 634 4447 τῇ
690 4385 790 4428 τῶν
833 4378 1090 4450 ἡμετέρων
1136 4373 1367 4447 ἀδελφῶν
1427 4373 1590 4447 βουλῇ
1643 4380 1730 4428 καὶ

266 4468 588 4539 πληρώματι
669 4473 759 4525 τῆς
815 4463 1166 4526 ἀποστολίκῆς
1226 4463 1461 4526 ἐξουσίας
1522 4485 1536 4497 ·
1573 4467 1728 4515 ὄντων

128 4547 329 4604 ἐνώπιον
411 4553 534 4625 (11)
604 4555 748 4625 ἡμῶν
837 4561 927 4605 τοῦ
1005 4555 1244 4628 ῥηθέντος
1299 4558 1580 4626 Γερμανού,
1635 4559 1726 4604 τού

126 4647 218 4690 τῶν
286 4647 532 4715 Γραικῶν
609 4640 1052 4714 ἀρχιεπεσιόπου,
1138 4647 1226 4694 καὶ
1303 4649 1403 4692 τῶν
1501 4639 1726 4694 εύλαϐὠν

190 4838 302 4905 (10)
355 4842 472 4888 Τῶν
545 4835 808 4906 Ῥωμαῖων
861 4835 1187 4896 Ἐκκλησίας.
1239 4838 1511 4891 Romaeos
1555 4840 1726 4892 vocat

125 4905 378 4986 Graecos.
400 4907 502 4962 Sic
523 4905 939 4986 primo_vocati
966 4919 1101 4962 sunt
1133 4909 1172 4963 ii
1195 4908 1317 4986 qui
1343 4906 1457 4962 sub
1503 4907 1725 4986 ditione

123 4983 284 5033 erant
311 4977 702 5049 imperatoris
720 4980 1079 5049 Graecorum,
1113 4977 1285 5049 cujus
1303 4977 1537 5049 imperii
1556 4979 1725 5034 sedes

122 5061 247 5121 cum
279 5047 484 5120 Cpolis
501 5053 674 5113 esset,
693 5047 771 5121 ab
789 5049 938 5121 ipsis
959 5065 1117 5106 nova
1138 5047 1330 5121 Roma
1352 5047 1720 5121 nuncupata,

121 5118 340 5200 idcirco
377 5122 725 5200 Graecorum
748 5118 833 5175 ini
838 5121 1068 5200 perium
1087 5120 1439 5200 Romaniam
1457 5118 1711 5200 appella-

119 5185 278 5271 bant.
304 5189 655 5271 Concilium
688 5185 1084 5271 Lugdunense
1117 5191 1229 5271 sub
1261 5185 1604 5271 Innocentio
1631 5192 1720 5271 ly,

118 5261 195 5315 ad
206 5261 508 5318 unitatem
525 5263 805 5318 Romam?
816 5263 1099 5318 Ecclesiae
1115 5269 1301 5318 totum
1317 5263 1639 5327 Romaniaz,
1658 5261 1723 5315 id

117 5338 194 5404 est
222 5334 490 5399 Graecia},
524 5333 860 5401 imperium.
885 5336 990 5388 Eos
1003 5341 1200 5390 autem
1216 5330 1407 5404 quiilli
1426 5331 1722 5403 parebant

120 5402 366 5483 imperio
389 5405 672 5486 Rom_aeos
695 5404 1130 5486 nuncupabant
1145 5402 1259 5484 uta
1281 5402 1562 5486 Rpmanis
1577 5404 1722 5486 Lati-

117 5473 498 5547 nis—antiquae
515 5473 1010 5547 Boniaenominis
1040 5477 1220 5533 etiam
1246 5475 1565 5547 inﬂexione
1593 5473 1717 5547 dis-

118 5543 450 5602 cernerent.
475 5543 638 5602 Clare
658 5545 796 5602 idin
815 5546 931 5604 hac
957 5547 1086 5616 ipsa
1107 5545 1553 5614 Constitutione,
1574 5545 1719 5618 παρὰ

1840 4370 2038 4426 studio
2061 4367 2511 4440 procendentes,
2535 4366 2596 4420 in
2626 4371 2878 4438 utraque
2907 4373 3073 4439 parte
3103 4367 3218 4424 sint
3233 4368 3483 4440 obortae,

1838 4461 1914 4518 de
1944 4461 2191 4516 fratrum
2231 4461 2574 4512 nostrorum
2599 4455 2844 4512 consilio
2865 4463 2922 4512 et
2950 4457 3320 4529 plenitudine
3345 4475 3488 4532 δρο-

1839 4549 2061 4606 εῑοιὶοεθ
2103 4545 2426 4620 potestatis,
2482 4545 2813 4600 constitutis
2868 4561 3073 4602 coram
3117 4547 3291 4602 nobis
3325 4547 3486 4604 dicto

1837 4643 2132 4697 Germano
2187 4633 2638 4706 archiepiscopo
2687 4638 2745 4691 et
2808 4636 3151 4692 reverendis
3202 4636 3484 4695 fratribus

1831 4841 1921 4887 τοῦ
2004 4839 2102 4902 τῶν
2191 4829 2500 4902 Ῥωμαίων--
2542 4831 2830 4881 ἐπισκοπου
2887 4827 3187 4902 λαμϐανέτω
3252 4830 3482 4880 ἔκαστοσ

1833 4912 2055 4963 Αατίνος
2085 4899 2385 4961 ἐπίσκοπος·
2447 4899 2856 4971 Unusquisque
2895 4899 3142 4956 Latinus
3173 4903 3480 4967 episcopus

1832 4980 2027 5032 sumat
2047 4976 2461 5044 juramentum
2481 4971 2810 5044 ﬁdelitatjs.
2839 4971 2914 5026 ab
2931 4972 3200 5044 episcopo
3226 4972 3483 5044 Romcpo-

1835 5065 1989 5110 rum.
2010 5039 2294 5100 nimirum
2322 5043 2399 5098 ab
2427 5043 2709 5114 episcopo
2726 5039 3064 5114 Graecorum
3081 5039 3211 5114 ejus
3237 5040 3475 5114 insulas.

1834 5123 2143 5192 Hominum
2169 5115 2375 5192 Latino
2391 5110 2650 5192 opponit
2680 5113 2824 5192 quia
2858 5113 2988 5192 ejus
3017 5110 3274 5192 insulani
3298 5111 3360 5166 in
3392 5110 3480 5166 di-

1831 5191 1984 5246 tione
2017 5186 2159 5243 olim
2195 5185 2436 5262 fuerant
2475 5183 2852 5262 imperatoris
2896 5183 3166 5241 Orientis.
3205 5257 3214 5262 _
3437 5251 3448 5262 .

1902 5261 2010 5330 (ιι)
2063 5259 2331 5330 Ἐνω-πιονε
2395 5256 2549 5330 Tres
2615 5257 2846 5330 tantum
2911 5257 3303 5330 recensentur:
3355 5256 3475 5330 epi-

1830 5323 2153 5404 scopi'_ejus
2179 5325 2410 5404 insulae,
2449 5323 2594 5404 quia
2617 5328 2867 5404 quartus
2888 5325 3164 5404 Arsiones
3188 5324 3249 5378 in
3271 5323 3475 5404 Papho

1831 5394 1951 5468 iani
1963 5394 2211 5466 obierat,
2227 5397 2277 5468 ej
2290 5410 2476 5468 usque
2488 5397 2662 5468 sedes
2674 5394 2945 5466 vacabat,
2956 5401 3018 5452 ut
3028 5400 3296 5450 extrema
3305 5400 3473 5466 parte

1868 5475 2006 5545 ujus
2035 5464 2479 5528 Constitutiohis
2507 5467 2688 5535 patet.
