4050 6306
159 302 271 363 1540

1412 276 1867 359 οοΝετιτυτιο
1903 283 2171 358 errati.

3349 267 3494 370 ἀπὸ

158 431 224 491 οἷς
269 415 292 480 6
349 402 735 501 μητροπολίτας
783 425 840 478 ἐκ
920 427 1143 499 νομίμου
1215 422 1427 479 δικαίου
1511 421 1708 478 δύνατα

1839 427 1966 480 tum
1991 429 2096 497 est,
2126 440 2268 496 erga
2293 400 2513 500 eosqui
2534 443 2642 486 suo
2659 414 2801 487 sunt
2821 406 3206 503 suifraganeo
3238 436 3493 508 subjecti

169 513 500 571 δικαιοδοσίαν
552 515 785 578 ἐξασκεῐν
821 513 894 577 εἰς
929 519 1048 576 τοὺς
1098 523 1193 568 τοῦ
1230 517 1500 589 συνερίθου
1562 515 1729 566 αὐτῶν

173 610 595 679 ὑποτεταγμένους,
623 601 787 678 μηδὲν
816 605 1209 680 ἀρπαζέτωσαν.

229 700 284 748 Δί
353 692 406 748 δὲ
453 697 615 747 αἰτίαι
691 697 744 746 αἱ
822 694 1114 753 ἀνήκουσαι
1195 701 1257 767 τῇ
1313 693 1726 765 ἐκκλησιαστικῇ

167 787 384 858 συλλογῇ,
414 786 453 838 εἰ
498 785 906 860 ἀποοτραφῶσιν
937 784 984 836 ἐν
1037 791 1146 847 τοῖς
1198 791 1460 859 Γραικοῐς,
1521 784 1588 843 εἰς
1639 785 1727 834 τὸν

160 877 294 929 αὐτὸν
324 875 576 949 σύμφυλον
627 874 876 950 ἀρχιερέα
927 876 1304 948 κρινέσθωσαν.
1371 873 1490 926 Ἐὰν
1545 869 1604 924 δὲ
1656 871 1728 933 εἰς

159 971 355 1019 Λατῖνον
410 970 498 1017 καὶ
574 969 813 1039 Γραικὸν,
894 967 994 1017 εἴτε
1045 965 1070 1015 6
1129 967 1350 1038 Γραικὸς
1415 961 1723 1033 ἐγκαλεῖται,

154 1056 213 1117 εἰς
258 1060 337 1108 τὸν
402 1062 619 1110 Λατῖνον
689 1063 781 1108 τοῦ
835 1059 994 1108 τόπου
1071 1053 1319 1130 ἀρχιερέα
1375 1053 1726 1126 ἀναφερέσθω-

158 1164 240 1197 σαν
274 1156 511 1220 κριτικῶς
571 1141 1043 1220 διαχωριζόμεναι,
1095 1144 1228 1202 πλὴν
1282 1144 1578 1215 σωζομένης
1635 1150 1726 1202 τῆς

150 1233 479 1296 ἀποστολικῆς
518 1232 774 1310 καθέδρας
831 1236 1119 1308 ὑπεροχῆς,
1179 1236 1306 1307 πρὸς
1363 1231 1423 1292 ἧς
1477 1229 1724 1304 βοήθειαν

149 1327 312 1385 πάντες
363 1329 410 1378 οἰ
465 1323 752 1397 θλιϐόμενοι
808 1321 1056 1376 δύνανται
1137 1321 1343 1395 ἀμέσως
1407 1321 1723 1394 ἐπαναστρέ-

145 1431 258 1484 φειν.
290 1415 345 1467 Εἰ
408 1417 551 1487 παρά
599 1421 690 1466 τοῦ
745 1412 1032 1466 ἐπισκόπου
1099 1418 1321 1486 Γραικοῡ
1386 1413 1597 1482 γένηταί
1650 1428 1724 1469 τις

141 1502 366 1573 ἓγκλησις
427 1507 565 1556 κατὰ
602 1510 693 1556 τοῦ
744 1507 969 1557 Λατίνου
1028 1501 1314 1554 ἐπισκόπου
1367 1500 1438 1560 εἰς
1488 1499 1548 1550 οὗ
1612 1497 1724 1551 ἐνο-

136 1597 242 1666 ρίαν
301 1595 325 1644 ό
386 1593 546 1655 αὐτὸς
640 1595 896 1664 τυγχάνει
976 1595 1197 1666 Γραικὸς
1286 1588 1583 1659 ἐπισκοπος,
1679 1589 1723 1638 εἶ

134 1701 187 1751 γε
238 1686 411 1757 χρεία,
485 1683 712 1735 ἐντεῦθεν
787 1681 1114 1757 ἀνατρεχίτω
1169 1684 1260 1731 καὶ
1316 1681 1447 1754 πρὸς
1500 1682 1585 1730 τὸν
1626 1684 1720 1738 τῆς

133 1777 407 1836 Λευκοσίας
444 1771 886 1846 ἀρχιεπίσκοπον.

194 1865 262 1933 Τῇ
315 1865 562 1937 παρούσῃ
620 1881 673 1914 τε
731 1859 968 1922 Διατοέξει
1050 1860 1362 1930 θεσπίζομεν
1415 1859 1498 1910 ἶνα
1549 1857 1598 1910 ἐν
1654 1865 1717 1929 τῇ

129 1947 259 2002 πόλει
297 1951 326 2009 ἡ
359 1949 407 2002 ἐν
435 1958 499 2024 τῇ
537 1948 708 2025 ἐνορίᾳ
757 1955 850 2002 τοῦ
910 1953 1134 2003 Λατίνου
1190 1946 1490 2022 ἀρχιερέως,
1551 1952 1724 2017 χωρὶς

129 2047 212 2099 τῆς
273 2035 556 2115 διατριϐῆς
630 2045 724 2100 τῆς
787 2042 1078 2098 ἐπισκοπῆς
1130 2045 1228 2088 τῶν
1289 2041 1520 2109 Γραικῶν
1573 2035 1720 2087 καθέ-

131 2121 269 2199 δρας,
299 2127 412 2200 μεθ⁹
444 2127 515 2180 οὗ
540 2132 598 2180 τὸ
632 2127 975 2201 ἀκροατήριον
1026 2133 1117 2178 τοῦ
1168 2125 1352 2196 ἐνόχου
1409 2124 1438 2182 ἦ
1495 2131 1587 2176 τοῦ
1642 2119 1723 2175 δι-

129 2220 285 2283 καίου,
341 2220 388 2269 εἴ
415 2217 519 2269 τιν’
577 2220 691 2288 ἔχει
747 2218 772 2268 6
835 2218 1056 2290 Γραικὸς
1110 2212 1412 2281 ἐπίσκοπος,
1478 2217 1535 2265 τό
1593 2211 1720 2264 αὐτὸ

125 2304 273 2358 καὶέν
306 2303 756 2379 διαγινώσκηται,
812 2309 900 2358 καὶ
954 2301 1118 2378 μηδὲν
1173 2303 1294 2355 ἄλλο
1356 2301 1486 2355 εἶναι
1542 2307 1720 2376 κριτή-

118 2413 218 2465 ριον
255 2392 632 2456 δικαιοδοσὶας
689 2392 1104 2467 διατεταγμένως
1158 2390 1206 2444 ἓν
1264 2400 1373 2454 τοῖς
1430 2399 1672 2466 Γραικοῐς
1703 2405 1717 2419 ⁶

121 2482 159 2534 εἰ
206 2490 380 2557 μήπως
436 2489 487 2538 ἓν
553 2506 654 2537 τινι
712 2483 966 2556 ἐκκλησία
1042 2485 1274 2558 Γραικῶν
1334 2487 1428 2533 τοῦ
1483 2484 1718 2533 τοιούτου

119 2572 341 2644 ῥηγοὶτου
374 2576 404 2633 ἢ
438 2571 882 2649 ἀρχιδιακονικῇ,
915 2573 944 2632 ἣ
995 2571 1120 2645 ἄλλῃ
1167 2569 1380 2642 ἐξουσίᾳ
1432 2569 1714 2642 ἐκπεπλεγο

117 2666 252 2730 μένον
309 2663 524 2736 ἔχουσα
576 2667 890 2736 τεταγμένως
972 2666 1240 2738 κριτήριον
1297 2659 1460 2722 ἀκοῆς
1514 2657 1567 2721 ἐξ
1625 2659 1717 2732 ἀρ-

115 2757 233 2820 χῆς,
268 2749 321 2816 ἐξ
379 2753 442 2806 οὗ
501 2751 606 2805 ἀπὸ
661 2760 752 2813 τῆς
806 2752 965 2812 αὐτῆς
1025 2749 1304 2830 ἐκκλησίας
1357 2753 1442 2800 τὸν
1501 2752 1718 2821 Γραικὸν

113 2839 414 2908 ἐπίσκοπον,
449 2847 548 2896 καὶ
585 2841 808 2894 ἐντεῦθεν
843 2843 977 2894 κατά
1009 2839 1214 2912 βαθμὸν
1271 2839 1320 2891 οἰ
1372 2838 1531 2890 αὑτοῦ
1589 2839 1716 2890 ὑπο-

113 2935 408 3005 τεταγμένοι
476 2935 674 2985 ὁπόταν
730 2933 922 2983 τούτων
981 2949 1028 2982 τι
1088 2930 1259 2982 ἔσεται
1307 2925 1714 3000 προκαλέσουσι,

170 3023 252 3091 Τῷ
311 3022 731 3096 ἀρχιεπισκόπῳ
787 3025 958 3094 μέντοι
1006 3025 1095 3073 καὶ
1151 3026 1258 3082 τοῖς
1312 3024 1557 3079 Λατίνοις
1609 3017 1717 3070 ἔπι-

1835 514 2312 584 jurisdictionem
2334 531 2632 576 exercere.

1913 692 2118 747 Causas
2140 708 2275 765 quas
2299 694 2379 750 ad
2398 695 2864 754 ecclesiasticum
2891 703 3162 772 spectant
3192 702 3411 775 forum,
3439 705 3489 761 si

1839 785 2355 839 controvertantur
2386 785 2535 841 inter
2563 788 2817 857 Grmcos,
2850 803 2886 844 a
2917 806 3025 846 suo
3083 806 3290 848 eorum
3342 809 3488 864 gen-

1839 869 1923 923 tili
1944 870 2287 939 judicentur
2316 874 2617 945 pontiﬁce;
2641 878 2688 932 si
2717 893 2858 934 vero
2914 879 3064 935 inter
3113 883 3386 939 Latinum
3431 888 3490 940 et

1839 960 2130 1025 Graecum;
2159 963 2278 1016 sive
2310 963 2547 1020 Graecus
2573 972 2902 1035 accusetur,
2931 969 3010 1024 ad
3041 970 3315 1026 Latinum
3373 971 3490 1029 loci

1836 1049 2203 1120 pontiﬁicem
2220 1051 2554 1109 referantur
2561 1054 2904 1125 judicaliter
2931 1058 3302 1133 dirimendas,
3325 1062 3489 1118 salva

1836 1142 2038 1194 tamen
2069 1141 2411 1213 apostolica:
2442 1144 2600 1199 sedis
2620 1148 3042 1218 prwrogativa,
3074 1151 3250 1221 cujus
3306 1167 3487 1224 opem

1834 1227 2027 1283 vexati
2044 1245 2257 1285 omnes
2284 1231 2631 1290 immediate
2663 1242 2921 1307 possunt
2948 1238 3288 1310 implorare.
3313 1242 3378 1297 Si
3408 1241 3487 1297 ab

1835 1316 2118 1389 episcopo
2140 1320 2342 1375 Graeco
2373 1321 2579 1394 aliqua
2598 1322 2939 1381 instituatur
2956 1329 3255 1384 accusatio
3274 1329 3486 1386 adver-

1837 1420 1942 1458 sus
1977 1406 2248 1462 Latinum
2275 1408 2625 1482 episcopum
2655 1412 2716 1467 in
2746 1429 2817 1469 ea
2841 1413 3084 1471 dioecesi
3113 1416 3172 1471 in
3190 1432 3313 1489 qua
3335 1420 3486 1475 Grie-

1835 1509 1941 1548 cus
1968 1501 2054 1550 est
2091 1497 2435 1569 episcopus,
2462 1499 2621 1566 inde,
2650 1517 2790 1558 cum
2802 1504 3124 1560 necessitas
3141 1507 3484 1578 postulave-

1834 1581 1928 1649 rit,
1960 1585 2035 1639 ad
2071 1586 2366 1642 Leucosiae
2394 1594 2735 1648 recurratur
2791 1593 3336 1668 archiepiscopum.

1904 1849 2185 1907 Praesenti
2214 1853 2328 1908 hac
2361 1855 2786 1916 Constitutione
2825 1859 3136 1919 sancimus
3166 1869 3233 1922 ut
3257 1861 3318 1922 in
3348 1863 3486 1924 civi-

1832 1942 1951 1992 tate
1988 1939 2080 1995 vel
2108 1941 2348 1998 dioecesi
2377 1943 2439 1999 in
2482 1961 2606 2017 qua
2654 1948 2960 2007 audientia
3007 1951 3202 2008 forum
3242 1957 3482 2012 actoris.

1830 2026 1925 2081 vel
1957 2028 2041 2084 rei
2071 2033 2160 2084 est
2190 2031 2378 2087 Latini
2406 2034 2728 2104 pontiﬁcis,
2771 2044 2938 2095 extra
2991 2040 3189 2099 locum
3251 2043 3313 2099 in
3362 2061 3484 2118 quo

1830 2115 2193 2189 episcopalis
2225 2120 2558 2177 Graecorum
2590 2130 2909 2184 constituta
2928 2129 3100 2185 sedes
3127 2135 3236 2198 est,
3262 2115 3483 2206 siquid

1829 2205 2068 2259 Graecus
2105 2206 2290 2262 habet
2325 2209 2670 2282 episcopus,
2703 2213 2783 2269 ab
2812 2231 2936 2272 uno
2974 2217 3312 2292 eodemque
3353 2205 3482 2279 toro

1831 2295 2323 2362 cognoscendum
2353 2312 2502 2366 esse,
2534 2313 2646 2356 nec
2703 2303 2871 2358 aliud
2927 2306 3262 2379 quodqiam
3291 2309 3482 2381 legiti-

1830 2397 1998 2437 mum
2029 2398 2156 2438 esse
2188 2385 2446 2442 tribunal
2462 2388 2616 2458 juris
2644 2389 2883 2447 dicendi
2922 2394 3162 2466 Graecis,
3195 2397 3310 2453 nisi
3330 2399 3481 2456 forte

1828 2472 1889 2526 in
1915 2472 2118 2545 aliqua
2147 2476 2487 2531 Graecorum
2518 2480 2783 2536 Ecclesia
2813 2483 3084 2553 ejusdem
3141 2488 3331 2561 regni,
3383 2493 3481 2546 vel

1829 2561 2316 2629 archidiaconali,
2357 2565 2451 2621 vel
2477 2567 2593 2623 alia
2621 2575 2914 2641 potestate
2943 2572 3049 2629 rite
3079 2589 3117 2630 a
3184 2578 3480 2650 principio

1829 2659 2176 2724 exemptum
2201 2655 2520 2712 audientiae
2541 2659 2743 2716 forum
2764 2661 3056 2737 exititerit;
3081 2681 3118 2720 a
3146 2681 3269 2738 quo
3307 2667 3388 2724 ab
3409 2685 3482 2725 ea

1829 2741 2086 2822 Ecclesia
2116 2743 2196 2798 ad
2223 2745 2494 2801 Graecum
2519 2748 2894 2822 episcopum,
2923 2756 2980 2808 et
2997 2753 3137 2809 hinc
3181 2758 3479 2826 gradatim

1826 2830 1932 2902 qui
1956 2831 2018 2885 in
2038 2832 2169 2902 ejus
2203 2838 2340 2888 sunt
2361 2834 2605 2903 ditione,
2633 2840 3113 2914 quotiescunque
3142 2844 3235 2898 his
3248 2845 3478 2917 aliquid

1826 2919 2154 2988 contigerit.
2190 2936 2253 2976 se
2285 2922 2734 2994 appellaverint.

1896 3007 2360 3082 Archiepiscopo
2392 3017 2448 3066 et
2474 3013 2771 3086 episcopis
2810 3018 3028 3073 Latinis
3067 3019 3147 3075 ad
3184 3022 3474 3079 canonice

109 3113 316 3173 σκὸποις
356 3114 491 3186 ὑπὲρ
552 3113 894 3184 πταισμάτων
952 3109 980 3169 ἦ
1038 3106 1280 3171 ἀδικιῶν,
1317 3114 1406 3160 καὶ
1458 3116 1555 3160 τῶν
1622 3107 1714 3158 αύ-

1835 3099 2317 3167 cognoscendum
2346 3100 2420 3156 de
2451 3102 2802 3160 criminibus
2821 3107 3004 3179 velinj
3015 3109 3156 3164 uriis
3171 3113 3227 3165 et
3232 3110 3471 3181 juribus

103 3207 192 3250 τῶν
231 3196 480 3272 δικαίων,
552 3209 649 3252 τῶν
709 3199 994 3257 ἐκκλησιῶν
1052 3216 1105 3251 τε
1163 3197 1330 3250 αὐτῶν
1388 3196 1714 3269 επιμελητέον

107 3299 384 3352 κανονικῶς
444 3291 500 3343 ἐν
580 3295 685 3350 τοῖς
742 3291 983 3362 Γραικοῐς
1034 3293 1134 3339 τῶν
1213 3285 1380 3338 αὐτῶν
1432 3285 1623 3337 πόλεων
1682 3286 1712 3342 ἣ

103 3375 325 3454 ἐνοριῶν,
414 3379 467 3433 ἓν
560 3378 769 3440 ἓκείνοίς
852 3386 956 3438 τοῖς
1041 3374 1353 3450 συμϐάμασι
1429 3379 1713 3449 προσήκειν

101 3466 401 3545 βουλόμεθα
448 3476 554 3530 τὴν
604 3467 842 3532 ἐξουσίαν
883 3466 931 3519 ἓν
1007 3469 1079 3528 οἷς
1153 3466 1329 3529 αὐτοῖς
1387 3463 1442 3517 ἐκ
1503 3459 1712 3516 δικαίου

95 3567 348 3630 προσήκει
381 3569 506 3625 τοῖς
541 3564 801 3624 Λατίνοις.

161 3669 300 3740 Πρὸς
352 3672 453 3728 τὴν
529 3665 750 3721 σύνοδον
805 3661 865 3722 δι
924 3675 1014 3722 τοῦ
1072 3671 1298 3724 Λατίνου
1357 3659 1713 3722 ἐπισκόπουὸ

88 3737 338 3828 Ῥωμαῖος
379 3759 686 3821 ἐπίσκοπος
735 3757 783 3809 ἐν
829 3765 889 3831 τῇ
952 3757 1110 3811 αὐτοῦ
1170 3757 1341 3831 ἐνορίᾳ
1394 3761 1480 3810 τὸν
1537 3759 1712 3832 θρόνον

91 3845 243 3898 αὑτοῦ
283 3851 451 3921 ἔχων,
517 3847 662 3909 ἅπαξ
722 3855 812 3900 τοῦ
867 3847 1103 3901 ἐνιαυτοῦ
1156 3850 1286 3919 μετά
1335 3856 1435 3900 τῶν
1486 3850 1710 3920 ἡγουμέ-

84 3954 175 3987 νων
226 3944 320 3992 καὶ
381 3948 491 3992 τῶν
574 3939 740 4010 ἱερέων
784 3938 965 4008 αὑτοῦ,
1015 3947 1114 3990 τῶν
1165 3943 1257 3996 τὴν
1311 3934 1563 4012 φροντίδα
1609 3946 1709 3990 τῶν

87 4023 271 4098 ψυχῶν
341 4028 612 4101 ἐχόντων,
673 4035 942 4100 κρατεῖται
1015 4028 1300 4090 ἐνεπήκόως
1355 4032 1657 4102 συντρέχειν
1691 4043 1703 4060 ⁸

81 4135 164 4169 και
192 4122 259 4170 τὰ
301 4115 585 4173 συνοδικά
643 4119 827 4170 τούτου
894 4118 1228 4189 θεσπίσματα
1285 4113 1320 4168 ἂι
1373 4121 1548 4190 μέντοι
1598 4123 1706 4176 τοῖς

83 4215 172 4257 τῶν
210 4213 460 4280 Γραικῶν
508 4207 653 4258 ἔθεσι
684 4210 756 4280 μὴ
797 4205 1046 4267 ἐναντίοις
1084 4213 1147 4279 τῇ
1202 4205 1450 4278 καθολικῇ
1504 4210 1701 4270 πίστει,

76 4303 159 4350 καὶ
190 4297 244 4351 ἐκ
289 4307 390 4362 τῆς
459 4301 703 4371 Γραικῶν
756 4295 1064 4360 Ἐκκλησίοις
1109 4295 1441 4370 ἀνεχομένοις
1493 4300 1565 4368 μὴ
1623 4293 1704 4346 ἀν-

78 4385 397 4456 τιϐαίνουσι,
462 4384 750 4459 λοψϐάνειν
798 4404 850 4438 τε
899 4391 990 4438 καὶ
1041 4385 1329 4459 φυλάττειν.
1384 4385 1493 4439 Ἵνα
1541 4381 1600 4439 δὲ
1629 4389 1700 4456 μὴ

1824 3187 1973 3259 ipsis
2005 3203 2251 3244 suarum
2285 3190 2700 3263 Ecclesiarum,
2724 3195 2786 3249 in
2815 3197 3056 3252 casibus
3083 3197 3199 3254 illis
3218 3206 3473 3272 potesta-

1823 3281 1942 3332 tem
1975 3277 2035 3331 in
2065 3279 2291 3333 Graecos
2311 3295 2548 3336 suarum
2564 3281 2869 3340 civitatum
2883 3286 3319 3345 veldiuacesum
3339 3306 3473 3347 esse

1822 3364 2124 3436 volumus,
2146 3365 2209 3421 in
2235 3367 2457 3439 quibus
2485 3367 2560 3424 de
2586 3369 2720 3441 jure
2749 3374 2900 3446 ipsis
2925 3376 3146 3433 Latinis
3167 3381 3471 3436 convenit.

1896 3653 1982 3718 Ad
2023 3655 2328 3737 synodum
2351 3654 2540 3721 Latini
2569 3657 2888 3740 episcOpus
2915 3661 3186 3726 Romaaus
3209 3670 3314 3744 qui
3339 3671 3470 3743 ejus

1822 3751 2064 3807 dioecesi
2091 3753 2295 3808 sedem
2321 3759 2478 3810 tenet
2509 3756 2848 3829 episcOpus,
2881 3774 2952 3814 ac
2971 3759 3191 3830 pariter
3217 3759 3469 3816 abbates

1822 3840 2067 3913 ejusque
2097 3841 2434 3898 sacerdotes
2465 3844 2808 3899 animarum
2829 3861 3037 3901 curam
3059 3846 3350 3902 habentes
3379 3863 3469 3904 se-

1819 3928 2011 3983 melin
2027 3945 2188 3984 anno
2213 3931 2483 4002 expedite
2506 3932 2815 3997 accedant,
2831 3938 2886 3988 et
2908 3934 3200 4007 synodica
3229 3937 3469 3992 decreta

1817 4033 1976 4089 quae,
2006 4018 2221 4073 Graecis
2249 4019 2493 4091 quidem
2535 4021 2812 4075 institutis
2839 4023 3145 4078 catholicae
3175 4023 3315 4079 ﬁdei
3343 4041 3468 4082 non

1816 4107 2314 4179 repugnantibus,
2349 4111 2459 4163 eta
2481 4109 2694 4166 Graecis
2734 4111 2988 4181 receptis
3011 4112 3289 4168 Ecclesiis
3338 4129 3464 4170 non

1817 4195 2233 4264 adversantur,
2290 4197 2591 4269 suscipere
2639 4205 2695 4254 et
2748 4199 3066 4256 observare
3126 4207 3464 4262 teneantur.

1814 4289 1892 4341 Ne
1921 4291 2120 4341 autem
2159 4285 2299 4341 dicti
2331 4287 2598 4360 episcopi
2638 4290 2820 4346 Graeci
2879 4307 2952 4345 ex
2975 4290 3158 4362 hujus
3188 4293 3468 4351 observa-

1813 4375 1971 4431 tione
2004 4376 2469 4442 Constitutionis,
2497 4393 2620 4451 qua
2643 4379 2723 4434 ad
2747 4379 3122 4454 episcopales
3148 4383 3328 4440 etiam
3357 4402 3463 4458 sy—

74 4477 119 4527 οἱ
141 4476 396 4552 ῥηθέντες
423 4480 655 4551 Γραικοὶ
708 4473 982 4527 ἐπίσκοποι
1037 4473 1359 4550 βαρύνωντοι
1418 4472 1572 4550 βάρει
1625 4469 1706 4524 δι-

1835 4467 2009 4520 iodos
2069 4465 2409 4520 Latinorum
2464 4467 2816 4538 pontiﬁcum
2843 4469 3127 4528 accedere
3165 4479 3463 4544 coguntur

73 4565 178 4636 πλῷ
206 4567 254 4619 ἐν
289 4576 369 4637 τῷ
417 4562 648 4618 δεῖσθαι
677 4567 879 4626 τούτοις
934 4565 1189 4637 ἔρχεσθαι
1243 4563 1299 4617 ἐκ
1327 4573 1420 4626 τῆς
1462 4566 1706 4622 τοιαύτης

72 4649 364 4721 διατάξεως
419 4652 675 4728 ὀφείλειν,
755 4655 842 4704 καὶ
895 4652 967 4714 εἰς
1029 4654 1125 4715 τάς
1168 4651 1515 4715 ἐπίσκοπικάς
1559 4657 1708 4706 συνό-

1816 4553 2038 4626 duplici
2059 4568 2159 4622 gra
2172 4559 2380 4610 ventur
2396 4570 2594 4622 onere,
2623 4559 2941 4614 statuimus
2955 4559 3034 4615 ad
3046 4561 3455 4620 diaecesanam

1818 4642 2121 4714 synodum
2143 4658 2245 4697 eos
2274 4658 2396 4698 non
2417 4658 2550 4701 esse
2591 4647 2917 4716 cogendos.

69 4739 186 4808 δους
214 4756 320 4799 τῶν
385 4744 693 4819 ἀρχιερέων
750 4746 984 4794 Λατίνων
1036 4744 1254 4806 τούτους
1287 4745 1561 4818 ἔρχεσθαι,
1610 4741 1676 4801 εἰς
1713 4741 1808 4796 τὴν
1848 4739 1943 4792 τῆς
1972 4729 2235 4804 ἐπαρχίας
2274 4729 2493 4784 σύνοδον
2551 4737 2802 4807 τάττομεν
2852 4738 2947 4790 οὐκ
2987 4740 3462 4811 ἀναγκαζομένους.

135 4834 214 4891 Ἐν
272 4843 399 4898 ταῖς
467 4831 826 4906 ἐπιτηρήσεσι
904 4835 1081 4904 μέντοι
1154 4841 1254 4884 τῶν
1306 4837 1537 4907 Γραικῶν
1588 4831 1703 4884 ἐπι-

63 4931 294 4996 σκόπων,
347 4927 382 4983 ἦ
451 4930 566 4975 τῶν
618 4919 791 4983 ούτοίς
838 4922 1278 4993 ὑποτεταγμένων,
1328 4922 1523 4979 ἐκείνην
1576 4917 1703 4994 βου-

57 5012 251 5089 λόμεθα
287 5017 450 5088 ἔχειν
485 5013 618 5069 τοὺς
676 5013 934 5071 Λατίνους
971 5007 1238 5084 ἀρχιερεῖς
1267 5009 1315 5062 ἐν
1372 5017 1484 5069 ταῖς
1536 5005 1703 5068 ἰδίαις

53 5105 238 5158 πόλεσι
270 5109 374 5157 καὶ
443 5099 680 5174 ἕνορίαις
731 5103 825 5157 τὴν
876 5098 1136 5165 ἐξουσίαν,
1194 5098 1255 5157 ἣν
1308 5107 1380 5170 τῷ
1435 5117 1698 5173 μητροποο

51 5192 168 5270 λίτῃ
217 5196 271 5248 ἐν
305 5199 440 5253 ταῖς
511 5188 860 5261 ἐπιτηρήσεσι
914 5197 1015 5240 τῶν
1061 5187 1221 5240 αὑτοῦ
1281 5189 1559 5262 συνερίθων
1611 5192 1702 5240 καὶ

48 5295 148 5338 τῶν
230 5286 418 5339 αὐτοῦ
508 5281 757 5338 ὑπηκόων
836 5285 1225 5355 παραχωροῦσι
1310 5281 1378 5331 τὰ
1459 5279 1704 5331 κανονικά

51 5375 441 5450 Θεσκίσματα.

112 5471 212 5540 Τῷ
261 5462 712 5542 ἀρχιεττισκόπῳ
767 5459 945 5536 μὲντον
995 5461 1084 5515 καὶ
1136 5464 1245 5527 τοῖς
1301 5463 1545 5529 Λατίνοις
1598 5456 1707 5519 ἐτη-

49 5561 301 5628 σκόποις,
362 5555 513 5607 ὅταν
589 5553 783 5615 ταύτας
856 5555 953 5614 τὰς
1007 5546 1210 5629 ἐνορίας
1268 5558 1358 5616 τὰς
1421 5561 1540 5630 περὶ
1585 5559 1710 5618 τοὺς

1886 4821 1952 4874 In
1977 4819 2294 4890 puniendis
2326 4837 2465 4878 vero
2488 4824 2703 4880 Graecis
2723 4827 3018 4899 episcopis
3053 4830 3148 4881 vel
3171 4827 3229 4881 in
3251 4842 3463 4885 eorum

1815 4909 2039 4964 ditione
2086 4909 2440 4976 constitutis,
2472 4913 2754 4970 volumus
2780 4916 3014 4971 Latinos
3046 4915 3357 4985 pontiﬁces
3395 4919 3460 4976 in

1816 4998 1939 5053 suis
1968 4998 2300 5055 civitatibUS
2322 5005 2377 5055 et
2409 5000 2770 5058 dioecesibus
2798 5019 2932 5058 eam
2954 5003 3175 5058 habere
3200 5006 3458 5062 auctori-

1804 5090 1990 5142 tatem
2037 5103 2224 5158 quam
2271 5090 2664 5161 metropolitaa
2707 5091 2769 5144 in
2798 5091 3117 5161 puniendis
3177 5093 3299 5146 suis
3343 5095 3466 5156 suf.

1806 5174 2112 5245 fraganeis
2125 5177 2358 5249 sibique
2379 5177 2660 5248 subjectis
2682 5193 2988 5235 canonum
3003 5180 3342 5240 concedunt
3360 5184 3466 5242 de-

1809 5267 1993 5320 creta.

1888 5459 2142 5534 Quando
2175 5459 2662 5542 archiepiscopus
2700 5471 2758 5525 et
2803 5469 3074 5547 episcopi
3121 5474 3304 5534 Latini
3352 5491 3458 5536 eas

1814 5556 2099 5618 diaconos
2119 5559 2183 5616 in
2209 5560 2430 5634 quibus
2455 5557 2641 5614 Graeci
2669 5559 3007 5620 consistunt
3053 5580 3195 5622 cum
3239 5566 3458 5625 dioece-
