4050 6306
556 279 576 331 l
589 274 686 336 55‘

1981 269 2380 330 ALEXAND!“
2419 264 2488 330 ιν

3759 280 3870 335 1352

547 415 698 458 sano
727 398 950 458 vicario
969 395 1101 471 jure
1134 397 1522 466 visitaverlnt,
1545 394 1658 456 hac
1684 399 1920 454 servata
1952 396 2172 468 justitia

2308 401 2578 472 Γραικοὺς,
2632 400 2760 471 μετὰ
2808 405 2902 451 τοῦ
2984 404 3078 461 τῆς
3128 397 3327 475 ἐνορίας
3402 396 3614 454 δικαίου
3696 401 3873 455 ἐπισκέ-

547 505 831 546 mensura
852 489 1138 562 pecunias
1158 506 1194 546 a
1216 488 1514 563 parochiis
1543 487 1872 560 exigendas
1888 503 2022 544 esse
2042 502 2190 559 pro-

545 580 934 634 nuntiamus:
969 578 1254 634 nimirum
1276 577 1402 651 ipse
1435 577 1918 650 archiepiscopus
1943 593 1980 634 a
2017 576 2194 649 quin-

543 685 661 741 que
695 672 924 724 tantum
954 669 1251 740 parochiis
1281 668 1474 738 exiget
1509 687 1522 724 :
1561 666 1747 740 Paphi
1785 666 2109 740 episcopus
2159 680 2196 722 a

545 762 817 830 quatuor,
843 760 1257 829 Famaugustae
1280 774 1316 814 a
1342 757 1551 822 tribus,
1579 761 1636 814 et
1665 756 1896 813 Nemesi
1930 755 2196 812 similiter

544 863 582 902 a
602 844 808 901 tribus.
833 847 981 902 Eam
1013 852 1213 902 autem
1245 847 1566 919 pecuniam
1591 862 1629 902 a
1650 845 1863 902 Graecis
1894 862 2018 901 suae
2049 845 2196 902 diua-

543 934 695 990 cesis
720 938 775 990 et
796 935 1095 1008 parochias
1145 935 1394 1005 singulis
1445 934 1746 1008 accipiant
1790 935 1990 991 annis.
2057 934 2193 991 Sin-

544 1023 700 1095 gulae
712 1038 853 1079 vero
865 1023 1164 1096 parochias
1177 1040 1473 1082 summam
1489 1023 1799 1096 praebeant
1810 1023 2048 1095 triginta
2059 1022 2192 1080 soli-

543 1112 760 1168 dorum
774 1112 1175 1170 tornesiorum
1189 1113 1311 1170 sive
1323 1113 1564 1170 totidem
1576 1113 1911 1187 byzantios,
1938 1113 2044 1185 qui
2067 1127 2191 1170 non

542 1207 918 1275 exsuperent,
949 1203 1053 1260 sed
1074 1219 1210 1260 eam
1231 1209 1547 1276 exaequent
1563 1209 1834 1277 quotam.
1873 1203 2026 1260 Licet
2047 1218 2191 1260 sane

543 1293 967 1367 parochiarnm
987 1309 1307 1350 numerum
1329 1310 1466 1367 quae
1482 1293 1708 1352 ratione
1720 1293 2065 1350 visitationis
2081 1293 2193 1351 sol-

540 1397 681 1439 vere
711 1387 1005 1453 tenentur,
1039 1387 1263 1440 attenta
1300 1386 1681 1440 Romaaorum
1714 1387 2085 1456 paupertate,
2117 1399 2190 1441 ex

539 1472 914 1531 misericordi
943 1472 1286 1545 provisione
1316 1473 1398 1529 ita
1429 1472 1793 1528 mediocrem
1824 1488 1957 1529 esse
1985 1473 2190 1532 decre-

537 1562 824 1630 verimus,
850 1561 1144 1634 quoniam
1173 1577 1315 1618 vero
1337 1561 1552 1618 Latinis
1588 1560 1837 1633 quidem
1889 1563 2190 1638 episcopis

539 1665 785 1706 suarum
819 1649 1220 1705 Ecclesiarum
1260 1649 1424 1706 bona
1459 1649 1595 1706 ideo
1641 1650 1854 1708 tradita
1885 1657 2024 1708 sunt
2044 1653 2186 1711 utin

538 1737 685 1810 ipsis
703 1736 975 1794 debitum
991 1737 1301 1794 ministerii
1317 1753 1526 1795 eorum
1546 1754 1767 1796 munus
1785 1739 2031 1811 integre,
2047 1757 2172 1799 cum

2297 1732 2464 1784 αὐτῶν
2535 1730 2710 1804 ἀγαθὰ

537 1841 782 1883 necesse
811 1826 1004 1893 fuerit,
1032 1825 1271 1898 explere
1317 1827 1576 1897 valeant,
1629 1828 1678 1883 si
1723 1829 2061 1887 necessitas
2093 1847 2184 1888 or-

537 1913 817 1971 thodoxae
837 1913 978 1970 fidei
998 1913 1092 1970 vel
1110 1914 1464 1972 obedientiae
1484 1917 1897 1989 promptitudo
1918 1935 2054 1992 quae
2071 1922 2184 1978 Ro-

535 2019 732 2062 manae
755 2003 1008 2060 debetur
1034 2004 1330 2073 Ecclesiae,
1358 2004 1453 2061 vel
1475 2021 1714 2062 morum
1742 2006 2062 2080 disciplina
2085 2023 2189 2082 pe-

533 2092 853 2164 stulaverit,
911 2092 1134 2166 pluries
1182 2094 1348 2166 ipsos
1397 2097 1630 2152 Graecos
1664 2110 1795 2152 esse
1823 2096 2178 2164 visitaudos,

528 2183 831 2252 volumus,
857 2199 981 2256 quo
1009 2183 1136 2239 sine
1173 2183 1297 2240 ullo
1330 2183 1671 2241 Latinorum
1721 2186 2073 2256 gravamine
2098 2187 2184 2244 vi-

526 2272 817 2330 sitationis
869 2289 1091 2332 munus
1122 2277 1504 2347 exsequatur,
1547 2277 1784 2332 Graecos
1814 2275 1978 2349 ipsos
2007 2277 2180 2350 quid-

523 2361 672 2434 quid
685 2362 1004 2419 visitationi
1017 2362 1270 2419 debetur
1292 2363 1415 2418 suis
1431 2363 1774 2436 sumptibus
1797 2365 2131 2438 persolvere
2159 2385 2175 2436 ;

520 2451 770 2522 quando
783 2466 924 2508 vero
937 2467 1240 2508 canonum
1255 2450 1709 2508 constitutiones
1724 2453 1868 2526 ipsis
1879 2455 2176 2528 episcopis

518 2539 876 2595 visitationis
906 2555 1131 2596 munus
1161 2539 1502 2611 injungunt,
1530 2545 1672 2598 tunc
1693 2556 1849 2615 opus
1872 2546 1963 2600 est
1981 2549 2046 2601 ut
2067 2546 2174 2601 La-

517 2625 621 2682 tini
651 2627 766 2698 ipsi
797 2628 918 2682 suis
942 2626 1234 2699 impensis
1259 2643 1481 2684 munus
1525 2628 1768 2700 obeant,
1815 2647 1955 2689 cum
1993 2633 2172 2691 etiam

514 2714 825 2787 apostolus
853 2715 1284 2783 Paulus,nostri
1311 2720 1500 2774 status
1525 2719 2169 2795 exemplar,aliquoties

511 2803 734 2860 victum
760 2802 872 2860 sibi
896 2803 1011 2876 ipsi
1035 2821 1282 2861 suarum
1303 2805 1509 2863 labore
1531 2823 1826 2865 manuum
1852 2825 2168 2884 compara-

511 2892 674 2962 verit,
702 2908 776 2950 ne
809 2893 1007 2964 gravis
1027 2893 1174 2950 foret
1196 2894 1264 2950 iis
1288 2894 1513 2968 quibus
1539 2897 1928 2968 Evangelium
1951 2902 2166 2972 praedi-

509 2981 704 3047 cabat,
731 2982 837 3055 qui
868 2998 1007 3038 cum
1037 2982 1264 3040 doctori
1293 2985 1667 3042 necessarios
1709 2986 2163 3048 subministrare

2304 506 2550 551 πτωνται,
2608 491 2667 540 τὸ
2715 486 2841 540 αύτό
2898 487 2947 540 ἐν
2997 495 3110 549 ταῖς
3165 486 3527 562 ἀπῃτημέναις
3601 491 3873 568 ἐπιτροπαίς

2305 574 2690 649 ἀπαγγέλλομεν
2743 585 2839 639 τῆς
2929 573 3268 640 δικαιοσύνης
3346 583 3533 654 μέτρον
3593 601 3608 614 ο
3662 588 3748 634 τοῦ
3797 586 3874 635 τὸν

2304 665 2459 718 αὑτὸν
2513 663 2930 740 ἀρχιεπίσκοπον
2993 671 3139 720 πέντε
3189 672 3362 740 μόνον,
3420 672 3508 720 τὸν
3566 677 3662 730 τῆς
3717 673 3873 743 Πάφου

2301 760 2580 827 τέσσαρας,
2651 764 2741 816 ’ἧς
2822 756 3209 829 Ἀμμοχὼστου
3274 765 3428 831 τρεῖς,
3505 765 3595 812 καὶ
3659 765 3740 813 τὸν
3789 770 3872 825 τῆς

2302 851 2535 916 Νεμεσου
2565 845 2756 917 ὁμοίως
2784 853 2918 921 τρεῖς
2946 868 2958 879 ·
2985 845 3049 899 *Α
3106 842 3174 905 δὴ
3223 845 3323 899 ἀπὸ
3371 856 3469 899 τῶν
3525 855 3750 924 Γραικῶν
3793 860 3874 912 τῆς

2303 932 2466 994 αὐτῆς
2515 932 2715 1008 ἐνορίας
2789 939 2881 986 καὶ
2931 941 3026 997 τῆς
3077 937 3262 986 τούτου
3321 934 3600 1010 ἐπιτροπῆς
3652 937 3876 1010 λαμϐανέ-

2300 1041 2472 1074 τωσαν
2521 1021 2632 1074 κατ’
2711 1024 2836 1090 ἔτος,
2893 1023 2961 1074 ὧν
3023 1022 3218 1080 ἐκάστη
3267 1023 3540 1096 κεφαλαιον
3619 1029 3876 1099 τριάκοντα

2303 1106 2514 1173 σόλιδος
2558 1116 2891 1184 τουρνεσίων,
2949 1112 2978 1169 ἦ
3043 1118 3279 1163 τοσαῦτα
3326 1111 3587 1183 βυζάντια
3634 1113 3764 1186 (21),
3815 1119 3874 1168 τὰ

2301 1204 2372 1271 μὴ
2423 1201 2809 1273 περιττεύοντα,
2846 1197 2978 1258 πλὴν
3019 1199 3326 1271 ἐξισούμενοι
3379 1203 3543 1272 τούτῳ
3600 1210 3671 1274 τῷ
3724 1213 3873 1275 ποσῷ.

2302 1287 2442 1346 Πλὴν
2492 1293 2581 1341 καὶ
2631 1291 2718 1340 τὸν
2771 1287 2990 1362 ἀριθμὸν
3043 1296 3143 1341 τῶν
3208 1287 3495 1364 ἐπιτροπῶν
3550 1299 3650 1343 τῶν
3701 1293 3877 1365 ὀφειλο-

2299 1381 2460 1450 μένων
2516 1375 2831 1447 ἐπισκέψεως
2876 1379 3059 1451 χάριν,
3118 1383 3530 1452 κατανοουμένης
3599 1388 3692 1442 τῆς
3753 1401 3878 1434 πτω-

2299 1469 2448 1537 χείας
2504 1473 2603 1517 τῶν
2684 1470 2968 1537 Ῥωμαίων,
3054 1461 3374 1540 διεκρίνομεν
3449 1467 3611 1529 ἐλέους
3681 1488 3878 1543 προμη-

2301 1556 2414 1627 Θιίᾳ
2463 1554 2622 1616 οὕτως
2678 1561 3099 1628 μετριοποιῆσαι.
3159 1555 3302 1608 Ἐπεὶ
3353 1559 3526 1629 μέντοι
3581 1565 3690 1620 τοῖς
3728 1564 3877 1612 Λατί-

2295 1662 2398 1704 νοις
2429 1642 2733 1705 ἐπισκόποις
2789 1645 2916 1717 πρὸς
2957 1647 3106 1696 τοῦτο
3164 1643 3266 1697 εἰσι
3324 1646 3389 1697 τὰ
3451 1653 3551 1697 τῶν
3606 1646 3878 1703 ἐκκλησιῶν

2814 1737 3318 1806 παρακεχωρημένα,
3391 1739 3480 1786 τοῦ
3559 1733 3608 1786 ἐν
3681 1735 3880 1799 ἐκείνοις

2294 1827 2412 1894 περὶ
2472 1824 2529 1874 τὸ
2615 1824 2774 1896 χρέος
2849 1828 2939 1882 τῆς
3023 1821 3186 1874 αὐτῶν
3268 1823 3560 1898 ὑπουργίας
3612 1820 3877 1890 ἀνελλιπῶς

2297 1911 2503 1984 ἰσχύειν
2529 1911 2596 1963 τὰ
2621 1918 2716 1972 τῆς
2750 1914 2939 1984 χρείας
2994 1909 3224 1984 πληροῦν
3280 1910 3504 1984 θέλομεν,
3555 1912 3600 1965 εἰ
3649 1917 3678 1972 η
3726 1921 3878 1989 χρεία

2289 2007 2384 2060 τῆς
2435 1993 2721 2069 ὀρθοδόξου
2773 2001 3015 2062 πίστεως,
3071 1999 3100 2056 ἦ
3151 2001 3210 2050 τὸ
3269 1999 3450 2052 ἄοκνον
3500 2008 3596 2062 τῆς
3651 2003 3876 2067 ὑπακοῆς

2291 2095 2385 2148 τῆς
2465 2085 2791 2158 ὀφειλομένης
2868 2093 2955 2158 τῇ
3021 2095 3116 2148 τῆς
3178 2086 3379 2162 Ῥώμης
3444 2087 3724 2163 Ἐκκλησία
3765 2093 3796 2150 ἡ
3844 2095 3872 2152 ἡ

2289 2184 2389 2227 τῶν
2439 2176 2576 2234 ἠθῶν
2629 2173 2912 2233 ἀπαιτήσει
2985 2173 3261 2237 παίδευσις
3333 2184 3426 2229 τού
3482 2177 3879 2234 ἐπισκέπτεσθαι

2287 2268 2406 2325 τοὺς
2459 2264 2650 2326 αὐτούς
2729 2268 2980 2338 Γραικοὺς
3055 2264 3320 2332 πολλάκις,
3390 2264 3646 2321 ἀποτίνειν
3698 2269 3878 2333 αύτούς

2288 2353 2372 2408 ἐπί
2401 2360 2552 2405 τοῦτο
2580 2357 2699 2427 περὶ
2740 2353 2924 2414 αύτούς
2969 2354 3088 2406 ἄνευ
3142 2358 3283 2417 τινος
3334 2353 3529 2428 βάρους
3580 2355 3777 2410 ἐκείνων
3824 2361 3880 2410 τὸ

2286 2451 2381 2504 τῆς
2408 2441 2725 2513 ἐπισκέψεως
2762 2445 2920 2517 χρέος
2949 2439 3112 2506 ἰδίαις
3165 2439 3442 2506 δαπάναις.
3496 2443 3654 2499 Ὀταν
3711 2452 3880 2518 μέντοι

2284 2531 2459 2592 αὐτοῖς
2486 2533 2540 2583 αἱ
2593 2539 2692 2583 τῶν
2745 2531 2905 2602 ἁγίων
2962 2527 3231 2596 διατάξεις
3281 2537 3504 2587 κανόνων
3559 2542 3712 2588 τοῦτο
3769 2537 3879 2589 ἐπι-

2281 2625 2560 2693 τρέπωσιν,
2602 2619 2864 2692 ὀφείλουσι
2917 2616 3268 2697 διαχορηγεῖν
3297 2643 3312 2656 ·
3370 2622 3479 2676 ἐπεὶ
3531 2629 3620 2677 καὶ
3667 2626 3694 2677 ὁ
3746 2625 3880 2679 ἀπὸ·

2279 2709 2452 2771 στολος
2513 2709 2716 2771 Παῦλος
2779 2713 2837 2762 τὸ
2913 2713 3042 2786 πρὸς
3125 2708 3425 2785 ὑπόδειγμα
3486 2720 3579 2776 τῆς
3630 2716 3880 2790 ἡμετέρας

2275 2799 2644 2860 καταστάσεως
2692 2797 2850 2852 ἐνίοτε
2880 2798 3046 2870 ἐαυτῷ
3077 2804 3171 2859 τὴν
3239 2801 3381 2862 ζωὴν
3433 2810 3504 2873 τῷ
3536 2811 3634 2854 τῶν
3690 2813 3880 2878 χειρῶν

2273 2893 2417 2960 κόπῳ
2448 2889 2726 2959 ἐκτήσατο,
2759 2897 2850 2942 τοῦ
2881 2895 2952 2962 μὴ
3014 2895 3252 2964 φορτικὸς
3295 2890 3420 2946 εἶναι
3470 2900 3579 2955 τοῖς
3630 2895 3709 2957 οἷς
3762 2896 3881 2953 ἐκή-

2271 2997 2425 3052 ρυττε
2490 2981 2548 3031 τὸ
2602 2977 2929 3050 Εύαγγελιον,
3011 2981 3192 3042 οἵτινες
3284 2989 3644 3043 κατοκνούντες
3698 2983 3884 3055 ἐπιχο-

509 3074 786 3143 sumptus
844 3070 1270 3128 detrectassent
1339 3087 1409 3128 eo
1467 3073 1600 3146 ipso
1637 3073 2050 3148 impediebant
2086 3094 2162 3136 ne

2285 3074 2452 3138 οηγείν
2476 3075 2549 3138 τῷ
2597 3061 2909 3139 διδασκάλῳ
2949 3063 3208 3142 δαπάνην,
3269 3071 3404 3122 κατὰ
3459 3078 3605 3124 τοῦτο
3639 3080 3729 3125 τοῦ
3785 3081 3883 3137 τῆς

506 3158 949 3233 ρι’ᾱιᾱὶοεῐίοῐιίε
973 3161 1329 3233 mysterium
1359 3168 1814 3235 propagaretur.

579 3249 648 3304 Ut
676 3252 878 3305 autem
923 3247 1182 3305 breviter
1236 3250 1402 3322 quod
1435 3267 1680 3323 aequum
1727 3257 1783 3310 et
1805 3254 2040 3325 justum
2075 3262 2164 3314 est

504 3337 927 3409 praecipiamus
950 3354 962 3392 :
991 3337 1257 3394 habeant
1275 3339 1617 3397 Latinorum
1633 3341 1905 3399 Ecclesiae
1923 3343 1983 3400 in
2007 3361 2162 3419 pra!-

504 3424 629 3480 fata
665 3424 862 3481 insula
887 3425 1154 3482 decimas
1198 3431 1256 3482 et
1311 3426 1557 3484 obtenta
1593 3429 1725 3499 jam
1789 3433 2163 3492 consuetudo

504 3512 785 3581 exigendi
817 3513 1116 3583 ejusmodi
1146 3515 1412 3571 decimas
1438 3531 1546 3589 per
1569 3518 1885 3590 pontiﬁces
1941 3526 2000 3578 et
2051 3521 2162 3580 cle-

505 3600 663 3657 ricos
705 3600 1046 3658 Latinorum
1086 3603 1418 3660 executioni
1467 3605 1751 3680 deinceps
1816 3609 2157 3668 mandetur.

507 3689 794 3755 Quocirca
823 3706 961 3746 cum
990 3691 1051 3746 in
1080 3689 1198 3747 hac
1234 3697 1403 3764 parte
1444 3695 1804 3752 servandam
1845 3714 1978 3755 esse
2016 3715 2160 3757 con-

507 3777 888 3834 suetudinem
920 3794 1286 3849 asseramus,
1317 3795 1498 3836 nemo
1527 3796 1736 3838 eorum
1767 3783 2064 3840 existimet
2097 3799 2161 3841 se

504 3865 841 3923 immunem
877 3883 913 3924 a
938 3869 1232 3925 solutione
1258 3868 1631 3926 decimarum
1673 3870 1807 3941 jure
1865 3873 2161 3930 canonico

507 3959 563 4012 et
596 3954 800 4013 divino
838 3956 1200 4014 debitarum.

581 4137 865 4204 Quamvis
887 4137 1090 4212 itaque
1109 4143 1166 4196 et
1186 4141 1525 4196 Graecorum
1538 4139 1860 4197 Ecclesiam
1872 4141 2039 4212 regni
2053 4144 2160 4214 Cy-

507 4226 600 4299 pri
630 4242 703 4282 ex
732 4225 846 4283 hac
884 4226 1306 4284 constitutione
1342 4242 1458 4284 non
1494 4226 1569 4284 sit
1598 4227 1882 4300 deinceps
1912 4229 2160 4301 quidem

506 4313 787 4372 habitura
810 4314 1250 4388 metropolitam
1276 4332 1399 4371 suae
1426 4315 1635 4386 gentis,
1657 4315 1939 4372 volumus
1957 4321 2160 4373 tamen

509 4403 805 4473 ejusmodi
839 4406 1223 4474 Germanum,
1245 4408 1580 4462 Graecorum
1609 4405 2155 4479 archiepisc0pum,

508 4490 714 4562 quoad
734 4491 940 4548 vixerit
959 4493 1203 4548 nomine
1221 4498 1277 4550 et
1297 4494 1524 4550 honore
1549 4493 1856 4565 dignitatis
1874 4494 2161 4570 archiepi-

510 4578 766 4651 scopalis
795 4579 931 4635 frui.
992 4583 1183 4646 Quam
1215 4583 1294 4638 ob
1325 4598 1570 4639 causam
1606 4587 1663 4639 et
1691 4597 1828 4639 eum
1858 4599 2050 4656 usque
2081 4584 2159 4640 ad

507 4672 762 4724 mortem
795 4684 832 4724 a
861 4672 1150 4741 potestate
1177 4675 1234 4725 et
1261 4669 1482 4726 ditione
1523 4672 1819 4728 Leucosiae
1872 4673 2161 4746 archiepi-

508 4756 675 4830 scopi
699 4756 1034 4814 immunem
1066 4771 1311 4830 prorsus
1332 4774 1462 4815 esse
1496 4761 1775 4816 volumus
1807 4765 1865 4818 et
1891 4761 2158 4818 decemi-

507 4863 668 4915 mus,
701 4862 771 4904 ac
810 4845 1195 4920 praecipimus
1236 4850 1319 4916 ut,
1369 4847 1651 4905 defuncto
1701 4849 2001 4920 ejusmodi
2027 4854 2160 4908 Ger-

508 4951 716 5000 mano,
746 4935 945 4992 nullus
968 4934 1120 4992 alius
1147 4937 1385 4991 Graecus
1410 4935 1897 5011 archiepiscopus
1924 4939 1982 4994 in
2009 4954 2160 5012 prae-

507 5024 630 5082 fato
658 5027 1053 5082 constituatur
1090 5039 1295 5096 regno.
1324 5027 1561 5091 Verum,
1597 5041 1674 5081 ne
1712 5026 2010 5098 ejusmodi
2064 5043 2156 5084 ar-

581 5201 1002 5274 (Ἀλβνζάντια.
1032 5202 1271 5260 Nummi
1315 5219 1504 5274 genus
1556 5205 1733 5260 unius
1765 5205 1946 5260 aurei.
1980 5203 2156 5262 Inno-

509 5272 790 5337 cent.’lll,
823 5274 925 5328 lib.
952 5292 965 5326 ι
997 5275 1167 5346 epist.
1199 5275 1276 5330 ad
1302 5272 1506 5346 regem
1539 5275 1908 5345 Portugalliae
1934 5293 1948 5332 :
1977 5279 2158 5334 Pater

510 5349 648 5398 tuus
664 5349 900 5399 centum
916 5346 1220 5413 byzantios
1233 5349 1551 5403 annuatim
1565 5349 1848 5404 Romana:
1871 5348 2158 5406 Ecclesia?

509 5415 812 5489 constituit
845 5417 1166 5489 censuales.
1193 5419 1411 5489 Horum
1441 5423 1642 5474 autem
1663 5418 1922 5489 pondus
1943 5433 2016 5474 ex
2070 5435 2160 5476 re-

509 5485 836 5561 sponsione
862 5485 1132 5561 ejusdem
1161 5488 1316 5556 regis
1343 5488 1423 5544 ad
1477 5485 1824 5561 pontificem
1879 5488 2106 5545 elicitur
2138 5507 2152 5547 :

507 5555 833 5632 respondet
859 5555 1020 5618 enim
1049 5573 1110 5616 se
1132 5555 1250 5635 pro
1275 5573 1453 5618 censu
1473 5555 1727 5619 ἀπηυαίί
1752 5559 1944 5623 decem
1973 5576 2157 5622 anno-

2273 3160 2534 3230 χορηγίας
2567 3173 2718 3229 στερη
2729 3157 2859 3209 ϐῶσι
2881 3163 3202 3230 μυστηρίου.

2341 3245 2426 3308 Ὠς
2477 3246 2526 3298 ἐν
2581 3243 2842 3318 κεφαλαίῳ
2893 3242 2951 3298 δὲ
3005 3250 3064 3298 τὸ
3095 3245 3286 3305 ἀνῆκον
3326 3244 3530 3302 δίκαιον
3562 3257 3652 3302 τοῦ
3704 3251 3884 3305 κελεύ-

2273 3353 2344 3387 ειν
2405 3355 2417 3368 ·
2478 3337 2567 3396 τὰς
2603 3331 2870 3396 δεκατείας
2919 3335 2967 3387 ἐν
3019 3343 3080 3408 τῇ
3140 3335 3493 3411 προλεχθείση
3553 3345 3697 3413 νήσῳ
3756 3341 3883 3414 ἐχέ-

2272 3443 2448 3477 τωσαν
2477 3425 2532 3477 αἱ
2580 3431 2678 3476 τῶν
2720 3428 2951 3477 Λατίνων
3005 3422 3300 3492 ἐκκλησίαι,
3341 3431 3429 3479 καὶ
3481 3429 3512 3486 ἠ
3564 3431 3820 3487 συνήθεια
3849 3434 3879 3488 η

2271 3516 2768 3588 παρακεκρατημένη
2839 3511 2911 3576 εἰς
2974 3519 3067 3571 τήν
3131 3522 3231 3566 τῶν
3286 3517 3531 3568 τοιούτων
3597 3513 3884 3572 δαατειῶν

2271 3601 2429 3672 λῆψιν
2495 3600 2596 3654 ἀπὸ
2654 3609 2753 3654 τῶν
2808 3599 3092 3677 ἀρχιερέων
3144 3608 3235 3657 καὶ
3290 3612 3389 3656 τῶν
3454 3604 3712 3681 κληρικῶν
3781 3617 3886 3661 τῶν

2273 3695 2527 3759 Λατίνων,
2584 3691 2650 3752 εἰς
2724 3695 2781 3744 τὸ
2839 3689 2958 3754 ἑξῆς
3022 3687 3442 3767 διαπραττομένη
3503 3695 3876 3768 φυλαττέσθω.

2273 3783 2368 3833 Διὰ
2435 3787 2588 3832 τοῦτο
2648 3783 2822 3853 μέντοι
2871 3784 2951 3833 ὅτι
3003 3779 3052 3833 ἐν
3109 3785 3274 3856 τούτῳ
3335 3791 3407 3854 τῷ
3463 3789 3607 3859 μέρει
3662 3785 3886 3859 λέγομεν

2274 3868 2551 3942 φυλακτέον
2639 3874 2696 3922 τὸ
2749 3871 2875 3940 ἔθος,
2934 3875 3006 3942 μή
3061 3890 3144 3934 τις
3199 3871 3369 3925 αὐτῶν
3431 3875 3682 3947 νομιζέτω
3750 3875 3889 3929 εἶναι

2272 3957 2655 4031 ύπεξηρημενον
2698 3966 2795 4020 τῆς
2849 3966 2950 4011 τῶν
3010 3955 3287 4013 δεκατειῶν
3335 3961 3524 4024 λύσεως
3574 3973 3676 4015 τῶν
3743 3965 3892 4038 ὀφειο

2271 4045 2491 4118 λομένων
2529 4055 2782 4119 κανονικῷ
2811 4053 2902 4100 καὶ
2941 4049 3059 4120 θείῳ
3090 4045 3126 4101 δ
3131 4053 3302 4123 ικαίῳ.

2349 4141 2532 4188 Τοίνυν
2575 4135 2670 4188 κᾶν
2700 4142 2789 4189 καὶ
2827 4139 2856 4196 ἡ
2913 4145 3012 4190 τῶν
3045 4144 3277 4212 Γραικῶν
3308 4138 3592 4199 Ἐκκλησία
3648 4150 3747 4195 τοῦ
3789 4152 3895 4207 τῆς

2275 4226 2488 4300 Κύπρου
2516 4225 2750 4300 ῥηγάτου
2779 4228 2916 4278 κατὰ
2950 4230 3144 4286 ταύτην
3201 4232 3294 4287 τὴν
3324 4229 3488 4293 τάξιν,
3547 4231 3764 4302 ούχέξει
3827 4231 3898 4286 δε

2275 4316 2345 4378 εἰς
2374 4318 2431 4368 τὸ
2485 4318 2617 4388 μετὰ
2645 4323 2807 4368 ταῦτα
2857 4316 3242 4392 μητροπολίτην
3295 4326 3386 4371 τοῦ
3436 4319 3597 4381 αὐτῆς
3650 4323 3839 4384 ἶθνους
3875 4344 3893 4358 ο

2274 4402 2478 4476 θέλομεν
2509 4409 2684 4477 μέντοι
2717 4407 2803 4457 τὸν
2832 4413 3066 4458 τοιοῦτον
3117 4411 3372 4480 Γερμανόν
3419 4411 3508 4461 τὸν
3553 4417 3653 4461 τῶν
3715 4417 3756 4463 Γ
3757 4431 3896 4485 ραι-

2270 4502 2372 4546 κῶν
2399 4492 2815 4570 ἁρχιεπίσκοπον
2845 4498 3025 4568 κέχρις
3046 4494 3107 4548 ἂν
3138 4495 3201 4568 ζῇ
3234 4504 3306 4567 τῷ
3335 4504 3431 4559 τῆς
3461 4496 3898 4574 ἆρχιεπισκοπιο

2269 4592 2367 4646 κῆς
2393 4584 2536 4647 αξίάς
2565 4583 2780 4658 ὀνόματι
2808 4589 2897 4637 καὶ
2923 4593 3045 4659 τιμῇ
3078 4589 3324 4661 χρῆσθαι
3356 4609 3367 4620 ·
3403 4588 3462 4640 οὗ
3479 4590 3640 4642 ἕνεκεν
3667 4596 3768 4644 καὶ
3794 4596 3898 4645 τὸν

2270 4679 2504 4726 τοιοῦτον
2561 4677 2726 4747 μέχρι
2785 4673 3022 4736 τελευτῆς
3076 4673 3337 4748 κωλύομεν
3384 4678 3483 4730 ύπό
3537 4687 3599 4750 τῇ
3660 4678 3900 4754 ἐξουσίᾳ

2271 4768 2362 4813 τοῦ
2401 4769 2496 4824 τῆς
2556 4765 2845 4824 Λευκοσίας
2909 4761 3332 4836 ἀρχιεπισκόπου
3380 4765 3640 4830 παντελῶς
3697 4765 3843 4823 εἶναι
3878 4788 3903 4807 ο

2269 4855 2360 4904 καὶ
2415 4853 2664 4923 τάττομεν
2695 4853 2783 4918 ὡς,
2841 4851 3246 4916 τελευτήσαντος
3297 4861 3390 4907 κοῦ
3447 4859 3691 4910 τοιούτου
3759 4865 3901 4933 Γερ-

2269 4946 2456 5012 μαυοῦ,
2536 4947 2628 4992 τοῦ
2679 4944 2754 5014 μὴ
2810 4940 2908 4994 τιν’
2958 4942 3126 5018 ἕτερον
3184 4941 3608 5017 ἀρχιεπίσκοπον
3657 4954 3900 5024 Γραικὸν

2268 5029 2532 5101 ταχθῆναι
2566 5027 2614 5082 ἐν
2666 5037 2739 5101 τῷ
2800 5029 3135 5104 προλεχθέντι
3193 5033 3427 5107 ρηγάτῳ.
3461 5033 3606 5094 Πλὴν
3655 5047 3759 5091 τοῦ
3817 5047 3898 5112 μή

2267 5210 2558 5290 rmnjam
2579 5208 2804 5267 misisse
2816 5209 3252 5290 _ngilte_aureos.
3287 5213 3497 5290 Itaque
3517 5215 3756 5290 singuli
3785 5217 3904 5290 by-

2267 5280 2442 5335 zantii
2463 5295 2651 5335 unum
2673 5280 3025 5352 pendebant
3049 5297 3321 5342 aureum.
3341 5280 3578 5343 Clarius
3595 5280 3772 5347 idem
3791 5280 3904 5346 RB-

2267 5355 2415 5426 gest.
2445 5367 2540 5426 xv,
2573 5366 2666 5424 ep.
2689 5353 2829 5426 [29,
2863 5352 2942 5408 ad
2972 5354 3374 5425 patriarcham
3405 5358 3900 5426 Antiochenum,

2264 5423 2454 5491 fratri
2473 5428 2579 5498 tuo
2610 5423 2780 5498 inille
2798 5423 3104 5495 byzantios
3133 5426 3382 5498 dedisse,
3403 5429 3491 5486 ad
3509 5432 3689 5491 mitte
3710 5423 3902 5492 aure;

2266 5508 2438 5551 orum
2477 5494 2831 5557 valentium.
