4050 6306
186 352 304 414 1553

1435 352 1888 417 CONS’I’l-TU'HO
1925 353 2196 417 CYPRIA.

3357 353 3493 418 £2554

182 480 259 531 τὸν
294 483 508 530 τοιοῦτον
549 477 963 553 ἁρχιεπίσκοπον
1040 485 1298 560 Γερμανόν
1367 486 1734 561 περιφερεσθαι

1863 483 2268 558 :hiepiseopus
2297 485 2629 542 Germanus
2647 479 3038 557 palabundus
3063 480 3301 541 oberret
3327 483 3494 541 nullo

181 570 244 639 μὴ
285 567 584 639 ἑγνωσμένου
628 576 720 622 τοῦ
773 572 953 645 θρόνου
1013 572 1196 642 αύτού,
1241 576 1328 627 τόν
1382 573 1735 648 προλεχθίντα

181 655 432 709 ἐπίσκοπον
477 664 565 718 τῆς
610 666 709 711 τῶν
762 664 994 734 Γραικῶν
1049 660 1310 739 καθέδρας
1361 672 1457 727 τῆς
1543 663 1591 717 ἓν
1671 672 1734 737 τῇ

180 743 463 816 Σωλείᾳτῆς
499 751 792 811 Λευκοσίας
843 749 1043 826 ἕνόρίας
1090 751 1193 806 ἀπό
1245 761 1338 808 τοῦ
1392 750 1594 827 δεσμοῦ
1644 761 1737 807 τοῦ

178 838 522 908 κεκρατημένον
568 844 633 910 τῇ
704 838 993 914 Ἐκκλησία
1051 842 1233 914 αὐτοῦ,
1306 842 1490 917 λύομεν
1560 843 1732 908 αὐτόν,

179 925 292 994 πρὸς
312 927 392 976 τόν
424 922 756 980 ίπισκοπικὸν
806 931 986 1004 θρόνον
1035 938 1128 984 τοῦ
1179 932 1440 1006 Ἀρσινοῦ,
1499 935 1588 985 τόν
1640 939 1737 992 τῆς

182 1013 340 1084 Πάγου
381 1011 572 1088 ἕνορίας
647 1017 998 1090 σχολάζοντα,
1081 1029 1142 1094 τῇ
1219 1030 1314 1083 τῆς
1386 1020 1703 1081 ἀποστολικῆ
1716 1041 1738 1083 ς

179 1098 394 1163 ἔξουσίας
455 1100 608 1177 ἀδείᾳ
669 1111 759 1160 καὶ
843 1116 906 1181 τῇ
993 1108 1158 1184 βουλῇ
1240 1119 1341 1165 τῶν
1413 1110 1739 1186 προρρηθέν-

176 1207 264 1274 των
315 1187 553 1264 ἀδελφῶν·
613 1198 702 1248 καὶ
752 1202 1099 1274 μεταφέρομεν
1173 1205 1264 1254 καὶ
1326 1197 1545 1274 δίδομεν
1599 1199 1740 1272 αὐτῷ

176 1273 338 1331 ἄδειαν
362 1287 448 1334 τοῦ
476 1277 791 1358 διέρχεσθαι
843 1273 1120 1362 ἐλουθίρως
1179 1289 1246 1350 είς
1295 1293 1383 1343 τόν
1438 1273 1593 1343 αὐτόν
1619 1291 1741 1365 θρό-

176 1384 265 1422 νον.
310 1373 388 1440 Τῷ
453 1370 796 1447 προρῥηθίντι
865 1372 924 1430 δε
998 1383 1242 1453 Γερμανῷ
1335 1377 1738 1452 ἀρχιεπισκόπῳ

177 1456 255 1517 τὰς
285 1457 542 1531 ῥηθείσας,
583 1466 670 1514 τόν
724 1465 900 1535 θρόνον
956 1473 1046 1520 καὶ
1085 1486 1180 1526 την
1228 1475 1319 1530 τῆς
1369 1468 1591 1532 Σωλείας
1624 1468 1739 1523 Ἐκ-

180 1544 374 1604 κλησίαν
402 1549 840 1626 ίνπνευματικοίς
887 1560 978 1610 καὶ
1029 1556 1077 1609 ἓν
1132 1565 1391 1634 καιρικοίς
1447 1562 1583 1612 κατὰ
1649 1561 1743 1617 τὴν

178 1638 348 1690 τούτων
397 1637 593 1712 βουλὴν
655 1648 746 1696 καὶ
825 1643 1066 1709 ἐξουσίαν
1148 1650 1557 1722 παρατιθέμεθα,
1624 1638 1747 1723 παρ’

181 1724 320 1779 αὑτοῦ
357 1732 792 1806 κρατηθησόμενα
838 1734 962 1809 ούτῇ
1010 1745 1076 1810 τῇ
1134 1745 1258 1811 τιμῇ
1335 1737 1434 1805 ἀεὶ,
1493 1742 1583 1792 καὶ
1673 1745 1745 1808 τῷ

1846 589 1960 631 suo
1995 578 2276 648 acceptus
2312 574 2552 642 throno,
2590 572 2910 646 prmfatum
2943 572 3297 647 episcopum
3336 573 3495 630 sedis

1846 667 2186 722 Graecorum
2218 664 2409 732 Saliae,
2441 663 2714 721 diaecesis
2746 663 3062 731 Leucosiae,
3116 679 3154 721 a
3203 679 3314 720 suo
3372 679 3496 736 quo

1845 757 2076 811 tenetur
2105 753 2376 811 Ecclesia
2412 753 2648 810 vinculo
2678 752 2966 810 solvimus
2987 756 3046 809 et
3067 751 3146 810 ad
3185 753 3498 825 episcopa-

1843 843 1964 903 lem
2001 844 2207 902 sedem
2233 845 2534 915 Arsinoes,
2562 843 2838 901 diaacesis
2889 843 3095 917 Paphi.
3150 847 3494 913 vacantem,

1844 933 2184 1008 apostolicae
2221 933 2531 1007 potestatis
2586 932 2934 990 auctoritate
2985 948 3058 990 ac
3108 932 3497 1005 prafatorum

1845 1023 2096 1082 fratrum
2133 1027 2475 1081 nostrorum
2531 1021 2796 1090 consilio,
2827 1022 3266 1091 transierimus,
3323 1021 3500 1094 eique

1844 1116 2202 1187 potestatem
2226 1112 2481 1170 facimus
2508 1111 2692 1170 libere
2721 1111 3144 1185 progrediendi
3194 1111 3275 1169 ad
3325 1126 3498 1167 suam

1847 1217 1982 1260 eam
2015 1201 2240 1260 sedem.
2275 1201 2524 1259 Prsefato
2551 1216 2695 1258 vero
2725 1203 3022 1259 Germano
3049 1200 3500 1274 archiepiscopo

1844 1289 2199 1366 praedictam
2230 1290 2402 1348 Soliaa
2442 1291 2647 1348 sedem
2691 1294 2748 1348 et
2784 1290 3108 1348 Eoclesiam
3138 1291 3199 1346 in
3229 1289 3503 1363 spiritua-

1847 1380 2007 1438 libus
2030 1384 2088 1437 et
2111 1380 2565 1454 temporalibus,
2593 1396 2666 1438 ex
2693 1381 3044 1438 eorumdem
3102 1380 3352 1437 consilio
3405 1395 3505 1436 ea-

1851 1471 2112 1544 demque
2140 1475 2430 1544 potestate
2453 1471 2795 1538 deferimus,
2823 1471 2902 1528 ab
2930 1471 3063 1543 ipso
3102 1485 3341 1543 semper
3362 1484 3502 1526 cum

1854 1560 2352 1619 suoretinendam
2363 1558 3503 1633 honoreetarchiepiscopalisdignitatis

1852 1651 2098 1709 nomine
2127 1655 2186 1708 et
2211 1650 2539 1724 episcopali
2561 1649 2910 1708 auctoritate
2935 1649 3304 1720 regendam;
3332 1647 3414 1706 ita
3442 1651 3508 1704 ut

1853 1739 1918 1797 in
1943 1755 2055 1797 sua
2073 1741 2147 1798 sit
2175 1744 2466 1813 potestate
2495 1745 2554 1798 et
2578 1740 2885 1798 voluntate
2914 1755 3025 1813 pro
3056 1754 3169 1796 suo
3196 1738 3367 1796 libitu
3413 1738 3506 1794 in-

178 1821 259 1876 τῆς
305 1814 776 1890 ἆρχιεπισκοπικῆς
850 1823 998 1888 ἀξίας
1087 1825 1302 1900 ὀνόματι
1393 1826 1745 1890 ἑπισκοπικῶς

1863 1828 2052 1886 colere
2077 1827 2168 1886 vel
2195 1829 2420 1887 dictam
2460 1828 2632 1887 Soliaa
2680 1828 2890 1885 sedem
2942 1827 3040 1886 vel
3079 1827 3296 1899 degere
3342 1826 3509 1899 apud

176 1911 544 1981 ποιμαινόμεναο
597 1910 744 1975 οὗτος
779 1916 955 1986 μέντοι
1007 1923 1098 1969 τοῦ
1169 1913 1296 1970 εἶναι
1378 1916 1532 1970 αὐτόν
1604 1914 1746 1970 ἕλεύ-

181 1993 355 2067 θερονὴ
384 1996 433 2050 ίν
460 2007 537 2070 τῷ
587 2001 794 2074 ῥηθέντι
853 2005 1016 2076 θρόνῳ
1063 2014 1159 2069 τῆς
1221 2005 1458 2071 Σωλείας,
1509 2007 1538 2066 ἦ
1606 2008 1753 2080 παρὰ

176 2087 230 2154 τῇ
271 2081 514 2161 ἐκκλησίᾳ
552 2097 652 2141 τῶν
705 2097 936 2166 Γραικῶν
998 2101 1090 2146 τοῦ
1135 2093 1310 2166 Ἀγίου
1360 2093 1601 2168 Βαρνάϐα
1655 2103 1749 2157 τῆς

177 2177 463 2247 Λευκοσίας,
518 2178 582 2236 ἣν
639 2179 712 2242 εἰς
759 2185 847 2234 τόν
896 2181 1176 2238 ἐπίσκοπον
1222 2193 1314 2239 τοῦ
1393 2185 1554 2238 αὐτοῦ
1631 2186 1751 2259 θρό-

176 2281 250 2349 νου
320 2273 372 2317 ἐκ
451 2275 549 2330 τῆς
627 2273 878 2334 τοιαύτης
958 2272 1250 2348 εὐεργεσίας
1330 2281 1426 2336 τῆς
1498 2275 1752 2349 ἡμετέρας

177 2347 434 2420 διατάξεως
468 2359 720 2416 καθήκειν
781 2360 851 2423 είς
903 2363 961 2414 τό
1019 2359 1254 2426 διηνεκὲς
1315 2361 1608 2436 βουλόμεθα
1657 2347 1752 2415 καὶ

175 2444 294 2495 κατὰ
339 2449 430 2504 τὴν
488 2447 652 2500 αὐτοῦ
710 2449 918 2508 θέλησιν
967 2460 1250 2509 κατοικεῖν.
1301 2452 1472 2506 Αὐτοῦ
1527 2449 1586 2505 δὲ
1658 2457 1751 2504 τοῦ

175 2527 581 2604 ἀρχιεπισκόπου
636 2539 896 2606 θανόντος,
951 2541 1001 2593 ἓν
1047 2549 1117 2611 τῷ
1174 2549 1264 2603 τῆς
1315 2541 1532 2603 Σωλείας
1590 2543 1752 2615 θρόνῳ

175 2618 336 2683 ὁσάκις
361 2625 491 2700 αὐτῇ
527 2629 796 2700 χηρεύσῃ,
842 2627 1036 2692 ἁπλοῦς
1085 2633 1238 2703 μόνον
1293 2637 1386 2684 τοῦ
1437 2638 1536 2692 τῶς
1597 2635 1754 2702 Γραι-

174 2716 265 2761 κῶν
317 2711 485 2776 ίθνους
541 2713 824 2778 ἐπίσκοπος
882 2721 1306 2790 χειροτονείσθω,
1383 2721 1439 2781 ὃς
1516 2726 1589 2790 τῷ
1665 2725 1755 2778 τῆς

1859 1920 2199 1978 Graecorum
2228 1918 2540 1975 ecclesiam
2568 1918 2624 1974 S.
2651 1917 2940 1975 Barnabzn
2967 1919 3267 1984 Leucosae,
3320 1931 3508 1988 quam

1857 2007 1939 2066 ad
1963 2007 2319 2085 episcopum
2354 2006 2539 2076 hujus
2588 2005 2749 2062 sedis
2800 2021 2874 2062 ex
2929 2005 3246 2078 praesentis
3280 2010 3504 2064 nostris

1857 2096 2039 2168 huius
2063 2094 2508 2155 Constitutionis
2550 2093 2846 2152 beneﬁcio
2898 2099 3189 2166 perpetuo
3239 2097 3510 2166 spectare

1857 2184 2162 2242 volumus.
2199 2187 2276 2241 Eo
2305 2188 2506 2240 autem
2544 2182 2998 2256 archiepiscopo
3037 2182 3338 2243 defuncto,
3382 2181 3511 2237 sine

1858 2273 1984 2330 ulla
2012 2273 2416 2331 controversia
2445 2272 2616 2330 Solita
2670 2271 2876 2329 sedem
2929 2271 3163 2344 quoties
3222 2286 3334 2326 suo
3387 2270 3513 2326 fue-

1859 2362 1936 2420 rit
1961 2361 2176 2419 orbata
2203 2366 2462 2436 pastore,
2495 2377 2569 2418 ex
2615 2363 2957 2419 Graecorum
3001 2360 3294 2418 duntaxat
3341 2363 3516 2430 gente

1861 2450 2184 2524 episcopus
2228 2450 2501 2521 eligatur,
2525 2451 2629 2524 qui
2657 2449 2953 2508 Leucosite
2977 2449 3284 2522 episcopo,
3305 2447 3518 2525 eodem

1860 2539 2048 2598 modo
2075 2556 2199 2614 quo
2224 2544 2282 2598 et
2302 2541 2402 2598 alii
2424 2539 2692 2614 episcopi
2721 2539 2906 2596 Graeci
2959 2537 3178 2595 Latinis
3244 2541 3522 2594 tenentur

1863 2628 2111 2686 subesse
2123 2629 2443 2702 episcopis,
2455 2643 2529 2686 ex
2539 2627 2848 2703 praesentis
2861 2631 3063 2684 tenore
3076 2624 3523 2684 Constitutionis

1863 2719 2043 2776 etiam
2077 2719 2202 2793 ipse
2242 2719 2452 2777 subsit.

175 2806 445 2865 Λευκοσίας
494 2802 763 2878 ἕπισκόπῳ
802 2815 876 2878 τῷ
922 2808 1061 2881 αύτῷ
1121 2813 1299 2881 τρόπω
1432 2813 1523 2862 καὶ
1581 2809 1629 2861 οἱ
1671 2806 1816 2860 ἄλλοι
1855 2813 2070 2883 Γραικοὶ
2145 2808 2421 2862 ἐπίσκοποι
2499 2807 2791 2882 ὀφείλουσιν
2857 2808 3166 2861 ὑποκεῖσθαι
3233 2813 3341 2868 τοῖς
3418 2812 3523 2858 Λα-

172 2893 319 2952 τίνοις
364 2891 687 2962 ίπισκόποις,
729 2898 864 2949 κατὰ
901 2901 991 2955 τὴν
1032 2903 1277 2972 πρόνοιαν
1325 2907 1416 2960 τῆς
1459 2899 1736 2972 παρούσης
1785 2892 2074 2962 διατάξεως
2123 2897 2515 2956 ύποταττέσθω.

233 2984 326 3033 Τόν
383 2982 545 3038 αὐτόν
630 3005 804 3058 μεντοι
881 2991 1160 3062 Γερμανόν,
1231 2992 1318 3042 τόν
1375 2998 1474 3042 τῶν
1527 2995 1760 3063 Γραικῶν

173 3068 456 3139 ίπίσκοπον,
522 3072 598 3136 οἱς
668 3077 1328 3151 μοναστήρια,ίκκλησίας,
1406 3077 1594 3152 κλῆρον
1671 3084 1761 3132 καὶ

1943 2992 2143 3060 Ipsum
2175 3002 2356 3060 porro
2417 2989 2780 3042 Germanum
2802 2987 3141 3041 Graecorum
3171 2983 3524 3056 episcopum

1871 3077 1950 3134 ad
1980 3075 2362 3146 monasteria,
2393 3075 2698 3146 ecclesias,
2721 3074 2947 3131 clerum
2969 3077 3024 3129 et
3047 3072 3342 3146 populum
3371 3074 3524 3128 Grin-

171 3154 279 3210 )Ϊαόν
327 3169 424 3214 τῶν
486 3168 722 3236 Γραικῶν
789 3172 880 3227 τῆς
943 3166 1140 3230 πόλεως
1170 3172 1458 3230 Λευκοσίας
1505 3173 1595 3222 καὶ
1659 3165 1749 3222 ἐνο-

1871 3181 2081 3222 corum
2122 3164 2421 3221 Leucosize
2459 3163 2708 3220 civitatis
2764 3166 2822 3218 et
2861 3160 3138 3218 dimcesis
3186 3160 3520 3232 regendum

170 3251 277 3318 ρίας
331 3249 634 3325 βουλόμεθα
712 3253 853 3326 ἔχειν
919 3253 1113 3315 ἐκείνην
1188 3263 1280 3316 τὴν
1350 3257 1589 3322 ἐξουσίαν
1669 3263 1761 3317 τὴν

171 3348 533 3410 προγεγονυῖαν
713 3343 1166 3419 ἐμπεπιστευμένῳ
1225 3348 1388 3422 θρόνῳ
1467 3347 1644 3415 αὐτοῦ,
1700 3349 1762 3408 ἦν

174 3425 217 3476 οἱ
256 3426 397 3481 ἄλλοι
443 3438 548 3482 τῶν
608 3437 840 3505 Γραικῶν
895 3434 1172 3488 ἐπίσκοποι
1214 3444 1308 3490 τού
1376 3445 1473 3500 τῆς
1549 3441 1762 3514 Κύπρου

171 3513 392 3589 ρηγάτου
425 3519 482 3572 ἐκ
516 3529 606 3581 τῆς
644 3524 900 3586 τοιαύπῆς
952 3526 1271 3598 προμηθείας
1314 3526 1383 3589 εἰς
1440 3531 1562 3590 τούς
1605 3532 1762 3600 Γραι-

174 3608 287 3666 κοὺς
321 3611 439 3669 τοὺς
468 3608 651 3671 αὐτοῖς
675 3611 1118 3686 ὑποτεταγμένους
1144 3614 1568 3689 ἑπιπράττουσιν.

236 3695 333 3749 Τοῦ
362 3696 550 3750 λοιποῦ
572 3698 712 3771 αύτῷ
763 3708 836 3772 τῷ
889 3711 990 3755 τῶν
1052 3709 1284 3776 Γραικῶν
1356 3703 1761 3780 ἁρχιεπισκὸπῳ

173 3782 338 3855 ζῶντι,
362 3787 392 3845 ἢ
425 3791 526 3846 τὴν
567 3792 663 3849 τὴς
703 3786 1187 3863 ἀρχιιπισκοπικῆς
1241 3792 1391 3858 ἀξίας
1433 3793 1760 3868 λειτουργίαν

168 3881 608 3949 παρακατίχοντι,
641 3879 798 3932 αὐτοῦ
825 3876 892 3938 δὴ
940 3888 1032 3934 τοῦ
1081 3881 1508 3958 ἁρχιεπισκόπου
1538 3889 1628 3937 καὶ
1654 3892 1754 3936 τῶν

166 3959 451 4017 ἐπισκόπων
483 3973 586 4018 τῶν
631 3971 866 4020 Λατίνων
910 3968 989 4022 ἐπὶ
1045 3977 1151 4031 τοῖς
1209 3975 1450 4044 Γραικόῖς
1492 3977 1610 4045 περὶ
1664 3975 1758 4031 τὴν

163 4047 393 4111 ίξακο).ού
401 4056 466 4113 θη
476 4073 561 4106 σιν

684 4065 784 4108 τῶν
905 4057 1392 4131 ἁρχιεπισκοπικῶν
1545 4062 1759 4126 ἐξουσία

1871 3270 2319 3329 promovemus,
2349 3269 2422 3310 ea
2445 3255 2736 3327 potestate
2756 3251 3074 3325 praeditum
3096 3250 3155 3306 in
3179 3249 3524 3307 concredita

1873 3343 1985 3401 sibi
2008 3343 2172 3414 sede,
2203 3359 2389 3414 quam
2404 3341 2850 3398 alliGraecorum
2865 3339 3132 3412 episcopi
3167 3339 3524 3411 regniCypri

1871 3451 1944 3491 ex
1975 3433 2274 3506 ejusmodi
2345 3431 2687 3506 provisione
2731 3431 2794 3488 in
2845 3429 3081 3487 Graecos
3145 3428 3262 3486 sub
3313 3443 3523 3486 eorum

1870 3523 2092 3580 ditione
2122 3521 2476 3579 constitutos
2499 3520 2790 3577 obtinent.

1940 3703 2023 3760 Eo
2087 3700 2332 3759 tandem
2397 3701 2741 3756 Graecorum
2779 3697 3235 3772 archiepiscopo
3267 3697 3524 3763 vivente,

1869 3795 1992 3851 sive
2031 3790 2554 3866 archiepiscopalis
2592 3790 2896 3861 dignitatis
2935 3804 3184 3845 munere
3220 3788 3522 3857 fungente,

1868 3884 1982 3955 ipsi
2011 3883 2256 3956 quidem
2269 3881 2718 3953 archiepiscopo
2731 3883 2787 3935 et
2816 3878 3117 3950 episcopis
3157 3877 3523 3943 Latinorum,

1868 3977 1933 4030 ut
1965 3971 2233 4030 exciendi
2248 3968 2740 4028 materiadissidii
2755 3967 3018 4036 tollatur,
3032 3967 3105 4022 de
3125 3964 3519 4037 archiepisco-

1867 4056 2803 4136 palibusconsequendisjnribus
2837 4071 3023 4130 supra
3052 4058 3284 4110 Graecos
3317 4053 3520 4111 ablata

157 4148 240 4191 τοῦ
295 4141 556 4197 ἀνακινεῖν
614 4149 700 4204 τὴν
755 4155 850 4209 τῆς
911 4143 1172 4210 διενέξεως
1246 4147 1370 4207 ὕλην
1436 4149 1752 4222 ἀφελκίσθω.

226 4235 492 4305 Τάττομεν
563 4239 732 4287 τοίνυν
811 4241 901 4288 καὶ
966 4237 1279 4310 θεσπίζομεν
1350 4245 1532 4291 τοῦτον
1602 4240 1756 4292 αὐτὸν

1867 4151 1939 4208 sit
1969 4155 2255 4224 potestas.

1936 4237 2516 4312 Praecipimusigitur
2553 4240 2609 4292 et
2638 4234 3004 4291 mandamus
3029 4237 3093 4289 ut
3133 4233 3260 4306 ipse
3291 4234 3520 4288 Graeco-

160 4319 578 4395 ἆρχιεπίσκοπον
624 4332 724 4375 τῶν
791 4330 1021 4400 Γραικῶν
1069 4330 1346 4402 Γερμανὸν,
1405 4329 1494 4389 ἕως
1551 4327 1610 4380 ἂν
1663 4329 1749 4401 ζῇ,

1864 4345 2002 4387 rum
2067 4327 2554 4400 archiepiscopus
2628 4326 2982 4391 Germanus,
3023 4321 3229 4397 quoad
3291 4322 3516 4391 vixerit,

162 4409 212 4461 ἐκ
265 4419 356 4473 τῆς
407 4414 778 4474 καταστάσεως
849 4422 942 4476 τῆς
1005 4418 1249 4476 τοιαύτης
1323 4412 1585 4488 διαταγῆς
1638 4416 1749 4470 ἄνευ

1865 4435 1935 4474 ex
1962 4416 2142 4488 hujus
2171 4415 2564 4488 dispositione
2595 4411 3060 4481 Constitutionis,
3109 4412 3236 4467 sine
3290 4411 3519 4466 Latino-

162 4497 452 4573 ἀντιλογίας
499 4511 598 4554 τῶν
647 4508 878 4556 Λατινων
928 4501 1211 4580 ἀρχιερέων
1279 4505 1569 4581 ἂευθέρως,
1637 4505 1749 4559 ὅταν

1865 4523 2002 4564 rum
2068 4504 2474 4562 controversia
2535 4503 2978 4575 episcoporum,
3040 4499 3520 4573 quotiescunque

160 4592 326 4659 μέντοι
379 4600 664 4654 κανονικῶς
740 4596 862 4654 τοὺς
926 4598 1177 4669 Γραικοὺς
1249 4602 1370 4657 τοὺς
1427 4595 1749 4668 ἐκλεχθέντας

1867 4597 2052 4653 Graeci
2076 4597 2137 4653 in
2170 4599 2362 4668 Cypro
2395 4593 2680 4650 canonice
2706 4591 2923 4648 fuerint
2961 4590 3174 4660 eﬁ'ecti,
3204 4595 3269 4646 ut
3309 4595 3520 4662 postea

159 4685 218 4750 τῇ
271 4683 470 4756 Κύπρῳ
519 4681 736 4744 καθεξῆς
778 4689 1202 4756 χειροτονητέους
1279 4685 1349 4746 εἰς
1417 4684 1749 4755 ἐπισκόπους,

1867 4687 2217 4744 ordinentur
2237 4684 2522 4758 episcopi,
2567 4688 2624 4739 et
2674 4698 2710 4739 a
2769 4681 2987 4738 Latinis
3037 4680 3424 4754 pontificibus
3455 4678 3514 4732 in

158 4773 244 4820 καὶ
289 4767 394 4822 ἀπό
443 4775 548 4822 τῶν
605 4774 839 4822 Λατίνων
906 4769 1210 4848 ἀρχιερέων,
1258 4773 1323 4833 εἰς
1375 4772 1442 4825 ὧν
1479 4781 1749 4850 παροικίας

1865 4791 2126 4850 quorum
2153 4778 2290 4830 sunt
2340 4771 2702 4830 dioecesibus
2751 4772 3110 4841 consignati,
3167 4766 3516 4824 auctoritate

159 4855 315 4923 εἰσίν,
418 4858 986 4932 ἑπισφραγιζομένους,
1079 4857 1232 4934 ἀδείᾳ
1301 4863 1711 4937 μητροπολιτικῇ
1740 4908 1749 4933 ,

1867 4864 2299 4938 metropolitica
2329 4863 2408 4920 ad
2429 4879 2631 4920 sacros
2657 4863 2899 4918 ordines
2952 4855 3367 4932 promovendi,
3409 4868 3514 4908 eos

156 4950 278 5020 πρός
329 4950 425 5008 τὰς
491 4948 630 5020 ἱερὰς
699 4947 870 5010 τάξεις
941 4949 1439 5024 προϐιϐαζομίνους,
1511 4973 1749 5027 χειροτο-

1864 4953 2048 5010 libere
2074 4958 2379 5010 consecret
2411 4972 2422 5022 ;
2457 4952 2605 5009 alios
2633 4967 2776 5007 vero
2824 4948 3095 5020 ejusdem
3137 4943 3304 5014 regni
3348 4943 3514 4994 Grae-

154 5040 310 5087 νείτω·
372 5039 502 5097 τούς
553 5032 612 5089 δε
660 5035 841 5097 ἄλλους
903 5045 995 5090 τοῦ
1055 5038 1214 5090 αὐτοῦ
1286 5039 1520 5114 ῥηγάτού
1605 5048 1749 5116 Γραιε

1865 5059 2076 5101 eorum
2105 5044 2420 5117 episcopos
2443 5042 2521 5099 ad
2550 5039 2846 5112 ejusmodi
2898 5033 3290 5092 ordinationis
3320 5044 3515 5085 sacra-

152 5128 273 5188 κούς
333 5125 656 5187 ἐπισκόπους
705 5126 1026 5198 συγκαλείτω
1068 5131 1196 5202 πρὸς
1262 5131 1320 5181 τὸ
1372 5137 1464 5189 τῆς
1514 5133 1749 5192 τοιαύτης

1865 5138 2138 5190 mentum
2162 5130 2593 5206 perﬁciendum
2607 5129 2876 5191 advocet,
2901 5123 3028 5180 etin
3048 5121 3286 5176 GNBCOS
3301 5133 3514 5175 omnes

149 5220 486 5288 χειροτονίας
562 5220 847 5290 μυστήριον
914 5215 1091 5270 τελεῖνο
1186 5222 1276 5270 καὶ
1347 5224 1464 5291 περὶ
1565 5223 1749 5283 πάντας

1865 5223 2138 5294 ejusdem
2152 5220 2320 5291 regni
2331 5219 2544 5277 eadem
2559 5215 2904 5273 auctoritate
2920 5209 3276 5268 visitationis
3290 5222 3516 5264 munus

151 5307 267 5365 τοὺς
309 5307 572 5380 Γραικοὺς
611 5313 702 5358 τοῦ
761 5305 922 5360 αὐτοῦ
985 5307 1220 5381 ῥηγάτοῦ
1285 5307 1346 5379 τῇ
1425 5307 1552 5382 αὐτῇ
1603 5305 1749 5382 ἀδείᾳ

1866 5315 2139 5368 exerceat
2170 5309 2403 5382 quoties
2425 5308 2500 5364 de
2521 5307 2653 5377 jure
2682 5300 3082 5360 exercendum
3138 5299 3288 5369 erit;
3345 5301 3404 5353 et
3453 5296 3515 5352 in

155 5389 458 5466 ἁπονιμίτω
505 5397 600 5452 την
679 5403 740 5454 τῆ
754 5414 775 5457 ς
854 5395 1168 5466 ἐπισκέψεως
1243 5395 1569 5471 λειτουργίαν
1637 5399 1749 5451 ὅταν

1865 5400 2009 5457 istos
2033 5398 2414 5471 episcopatus
2438 5395 2531 5452 vel
2558 5394 2618 5448 in
2647 5407 2752 5447 eos
2773 5390 2878 5462 qui
2893 5385 3118 5446 ratione
3132 5387 3514 5471 episcopatus

154 5480 210 5533 ίκ
236 5489 333 5534 τοῦ
386 5479 602 5536 δικαίου
652 5483 1003 5557 ἐπινεμηθείηο
1071 5490 1160 5538 καὶ
1220 5485 1269 5538 ἐν
1328 5493 1444 5547 ταῖς
1489 5489 1749 5550 τοιαύταις

1867 5489 1929 5546 in
1955 5490 2086 5562 ejus
2116 5470 2255 5544 sunt
2290 5485 2535 5552 ditione,
2573 5496 2761 5554 quam
2798 5475 3299 5550 metropoliticam
3331 5470 3517 5528 divini

155 5569 495 5640 ἐπίσκοπαῐς,
576 5571 606 5630 ἦ
703 5572 751 5625 ἐν
839 5572 1014 5634 αὐτοῖς
1101 5577 1356 5632 ἀνήκουσι
1430 5575 1567 5647 λόγῳ
1652 5574 1749 5628 ἐπι·

1868 5579 2112 5636 tradunt
2123 5569 2745 5647 canones,plenariam
2757 5584 2894 5625 eam
2904 5566 3129 5623 habeat
3145 5565 3515 5647 potestatem,

158 5665 388 5730 σκοπῆς,
434 5660 498 5720 ἦν
550 5661 992 5735 μητροπολιτικὴν
1030 5664 1080 5717 οἱ
1149 5664 1277 5718 θεῖοι
1325 5646 1545 5727 κανόνες
1586 5681 1749 5742 παρα-

1863 5683 2091 5742 eosque
2112 5666 2175 5723 in
2203 5664 2320 5722 vita
2356 5646 2546 5735 ipsius
2566 5655 2966 5730 arhiepiscopi
2984 5657 3154 5726 regat
3181 5668 3194 5711 τ
3221 5646 3518 5723 siquidem

562 5220 847 5290 μυστήριον
914 5215 1091 5270 τελεῖνο
1186 5222 1276 5270 καὶ
1347 5224 1464 5291 περὶ
