4050 6306
543 326 688 389 15158

1985 317 2389 380 ALEXAND!“
2426 319 2497 374 IV

542 453 737 515 Latini
764 467 1027 526 quorum
1062 451 1192 506 haec
1220 449 1458 522 aliaque
1483 452 1625 505 sunt
1655 447 1797 518 jura
1825 460 1900 501 ex
1925 442 2208 516 praesenti

2327 450 2607 518 χωροῦσιν,
2642 444 2812 517 ἆχίτω
2870 450 3197 521 περιουσίαν
3237 450 3326 501 καί
3372 447 3424 501 ἐν
3457 457 3522 523 τῇ
3598 452 3706 526 ζωῇ
3753 455 3902 508 αὐτοῦ

547 542 989 602 constitutionis
1015 539 1344 603 sanctione,
1376 543 1512 610 post
1542 535 1842 609 ejusmodi
1872 531 2204 604 archiepis-

550 634 687 705 copi
706 637 960 688 mortem
973 627 1432 697 eaobtinebunt;
1447 643 1520 682 eo
1534 631 1736 683 autem
1747 623 1984 682 nolente
2016 620 2208 678 nulla-

549 729 724 780 tenus
741 736 802 776 se
821 721 986 791 ipsos
1006 718 1307 786 ingerant:
1325 716 1490 774 salva
1501 716 1561 772 in
1574 713 1875 786 ejusmodi
1894 727 1956 768 re
1968 716 2026 767 et
2043 711 2104 767 in
2115 726 2207 766 re-

549 813 730 885 liquis
753 811 882 866 aliis
912 808 1152 864 casibus
1183 812 1464 862 manente
1490 809 1779 878 potestate
1801 802 2097 859 Leucosiae
2119 816 2210 856 ar-

552 900 915 974 chiepiscopi
929 904 986 954 et
997 897 1338 954 Latinorum
1351 897 1793 967 episcoporum.
1808 890 2211 964 Archiepisco-

551 1007 669 1065 pus
689 995 891 1045 tamen
905 990 1142 1044 Grmcus
1154 1001 1292 1044 eam
1303 985 1524 1043 habeat
1535 986 1890 1056 potestatem
1901 995 2085 1053 quam
2103 977 2212 1050 ipsi

554 1079 855 1137 Leucosiae.
886 1075 1338 1146 archiepiscopo
1364 1074 1591 1130 ratione
1613 1069 1964 1142 metropolis
1995 1073 2051 1124 et
2080 1067 2212 1124 aliis

555 1168 777 1225 Latinis
795 1165 1097 1241 episcopis
1108 1164 1336 1220 ratione
1348 1162 1669 1218 dicacesum
1681 1159 1742 1218 in
1756 1161 1991 1214 Grmcos
2002 1171 2215 1212 omnes

553 1254 787 1330 praefati
823 1254 992 1328 regni
1039 1268 1111 1312 ex
1149 1258 1358 1312 nostra
1411 1249 1802 1325 dispositione
1849 1247 1980 1304 haec
2035 1243 2221 1310 tradit

563 1345 911 1402 constitutio

2316 532 2740 606 ἀρχιεπισκόπου
2791 539 2985 590 τούτων
3029 536 3258 613 ἆρχίτωη
3312 545 3402 592 καὶ
3452 544 3555 615 γάρ
3598 545 3648 594 οἱ
3700 550 3901 597 Λατῖνοι

2317 627 2446 694 πρὸς
2485 624 2572 686 οὖς
2599 625 2704 677 εἰσι
2732 633 2900 678 ταῦτα
2935 631 3025 680 καὶ
3075 627 3208 680 ἄλλα
3251 623 3457 699 δίκαια,
3519 634 3654 683 κατὰ
3709 637 3766 685 τὸ
3815 643 3902 696 τῆς

2318 715 2588 785 παρούσης
2644 710 2930 778 διατάξεως
2994 717 3262 789 θέσπισμα
3323 721 3456 790 μετὰ
3535 723 3624 772 τὸν
3702 722 3900 774 θάνατον

2319 807 2412 851 τοῦ
2464 804 2700 861 τοιούτου
2751 801 3173 876 ἀρχιεπισκόπου
3230 806 3560 870 καθίξουσιν·
3616 809 3774 862 αὑτοὺ
3847 808 3901 862 δι

2321 893 2392 960 μὴ
2449 889 2675 953 θέλοντος
2741 888 3002 965 μηδαμῶς
3055 893 3448 966 εμϐαλλίτωσαν
3513 896 3739 958 ἑαυτοὺς·
3811 918 3900 951 σω·

2325 977 2542 1049 ξομενης
2591 979 2640 1032 ἕν
2691 986 2921 1054 τοσουτῳ
2981 991 3051 1053 τῷ
3095 993 3190 1045 τῆς
3229 990 3509 1050 Δευκοσίος
3576 986 3899 1062 ἀρχιεπισιό-

2324 1087 2404 1137 πῳ
2473 1073 2563 1120 καὶ
2624 1077 2732 1131 τοῖς
2778 1077 3010 1133 Λατίνοις
3052 1072 3358 1136 ἕπισκόποις
3412 1080 3502 1128 καὶ
3555 1075 3608 1128 ἂν
3646 1085 3754 1138 τοῖς
3809 1078 3901 1129 λοιο

2326 1163 2444 1217 ποῖς
2467 1157 2732 1228 συμϐᾶσιν
2757 1160 3015 1223 ἐξουσίας·
3043 1162 3151 1214 ἀλλ’
3209 1164 3300 1216 οὖν
3363 1167 3390 1216 ό
3454 1171 3676 1240 Γραικὸς
3730 1165 3901 1242 ἀρχιε-

2328 1248 2581 1309 πὶσκοπος
2620 1247 2786 1319 ἕχετω
2847 1249 3107 1315 ἐξουσίαν,
3150 1253 3209 1310 ἣν
3261 1254 3401 1324 αὐτῷ
3457 1264 3530 1326 τῷ
3581 1264 3673 1317 τῆς
3713 1263 3904 1310 Amni-

2333 1336 2446 1394 σίας
2520 1334 2922 1411 ἀρχιεπισκόπῳ
2989 1339 3128 1412 λόγῳ
3202 1343 3580 1417 μητροπόλεως,
3640 1351 3728 1398 καὶ
3777 1347 3904 1416 αὐτῷ

556 1440 666 1494 τοῖς
718 1432 886 1493 ἄλλοις
939 1431 1246 1492 ἐπισκόποις
1300 1439 1410 1494 τοῖς
1463 1437 1704 1490 Λατινοις
1763 1429 1900 1500 λόγῳ
1972 1424 2177 1498 ἐνοριῶν
2248 1425 2366 1501 περὶ
2430 1424 2624 1490 πάντας
2691 1430 2813 1490 τοὺς
2894 1434 3146 1504 Γραικοὺς
3209 1439 3302 1484 τοῦ
3360 1433 3635 1506 πρηθίντος
3688 1436 3905 1510 pridi-ou

559 1533 658 1587 τῆς
686 1526 936 1598 ἡμετέρας
967 1519 1254 1586 διατάξεως
1283 1519 1483 1575 δίδωσι
1513 1524 1572 1574 τὸ
1601 1521 1936 1592 κατάστημα,

635 1631 800 1686 Dicto
856 1631 997 1685 item
1063 1629 1406 1684 Graecorum
1475 1627 1928 1699 archiepisccpo
1956 1624 2213 1691 vivente,

559 1717 1083 1793 quemadmodum
1109 1722 1166 1772 et
1185 1717 1486 1789 deinceps,
1513 1716 1746 1788 quoties
1763 1715 1824 1770 in
1841 1717 2114 1770 Romaaos
2136 1711 2212 1767 ci.-

2396 1624 2536 1683 Πλὴν
2589 1631 2684 1678 τοῦ
2728 1626 2971 1701 ῥηθεντος
3037 1624 3463 1700 ἀρχιεπισκόπου
3515 1637 3617 1680 τῶν
3691 1636 3906 1703 Γραικῶν

2322 1713 2498 1777 ζῶνος,
2575 1715 2746 1789 ὥσπερ
2804 1721 2892 1768 καὶ
2938 1721 3232 1788 μετέπειτα,
3313 1715 3539 1776 εκάστην
3620 1715 3658 1771 δ
3663 1724 3908 1771 ικαεοσίαν

558 1808 758 1864 vitatis
779 1811 837 1862 et
863 1805 1134 1862 dimcesis
1175 1807 1475 1862 Leucosim
1501 1806 1601 1876 jus
1638 1802 1961 1861 dicendum
2001 1802 2110 1858 erit
2136 1800 2212 1856 de

2327 1805 2410 1854 Ital
2473 1805 2593 1863 τοὺς
2675 1802 2960 1876 Ῥωμαίους
3038 1815 3129 1866 τῆς
3200 1807 3384 1868 πόλεως
3467 1813 3758 1870 Λευκοσίας
3830 1801 3909 1860 καὶ

561 1896 912 1953 criminibus
961 1900 1017 1952 et
1069 1895 1221 1963 aliis,
1279 1896 1404 1951 sine
1458 1896 1707 1968 prmfato
1760 1893 2212 1965 archiepiscopo

563 1989 858 2042 Germano
882 1986 1122 2041 Latinus
1171 1984 1459 2041 assidebit
1511 1983 2014 2056 archiepiscopus.
2073 1981 2214 2045 Quo

553 2075 892 2147 jurisdictio
926 2073 1142 2130 Latinis
1169 2074 1299 2131 aliis
1331 2074 1627 2147 episcopis
1653 2071 1884 2145 praefati
1920 2071 2089 2140 regni
2110 2083 2216 2142 per

561 2165 719 2221 hanc
735 2164 1222 2219 constitutionem
1235 2164 1295 2219 in
1317 2163 1652 2235 episcopos,
1676 2161 1916 2217 clericos
1943 2159 2216 2229 aliosque

561 2254 797 2308 Graecos
827 2252 1177 2309 earumdem
1217 2252 1524 2307 civitatum
1553 2256 1610 2306 et
1643 2250 1968 2306 dimcesum
1999 2245 2218 2303 tradita

561 2347 670 2398 est.
698 2343 989 2407 Quamvis
1019 2345 1072 2395 et
1087 2340 1551 2412 archiepiscopis
1573 2338 1848 2395 Germani
1869 2351 2216 2410 personam,

562 2446 883 2502 quousque
894 2430 1123 2499 vixerit,
1145 2431 1207 2484 in
1228 2427 1506 2485 omnibus
1516 2433 1574 2484 et
1597 2443 1704 2501 per
1721 2427 1926 2483 omnia
1937 2425 2217 2481 volumus

563 2519 900 2574 immunem
925 2535 1054 2573 esse
1095 2518 1173 2573 ab
1216 2517 1649 2589 archiepiscopi
1680 2516 1864 2572 Latini
1902 2519 2216 2587 potestate,

563 2613 767 2665 tamen
795 2613 875 2666 ab
899 2608 1031 2679 ipso
1068 2607 1317 2681 quidem
1345 2607 1625 2681 presenti
1663 2605 2103 2663 constitutionis
2133 2605 2220 2660 in-

563 2697 748 2774 cipiat
783 2695 1142 2754 observatio.

635 2915 799 2971 ldem
835 2914 966 2987 ipse
1023 2915 1352 2969 Germanus
1405 2911 1890 2984 archiepiscopus
1919 2926 2217 2967 concessas

566 3004 680 3060 sibi
708 3003 877 3061 Solim
911 3002 1068 3058 sedis
1112 3002 1356 3058 nomine
1398 3003 1606 3057 Latino
1646 3001 2102 3072 archiepiscopo
2141 3001 2220 3055 le-

565 3093 834 3167 gitimam
855 3091 1209 3147 obedientite
1232 3091 1666 3162 professionem
1688 3105 1761 3145 ex
1792 3090 2069 3162 superius
2105 3094 2218 3145 tra-

563 3183 692 3239 dita
715 3182 908 3238 forma
930 3180 1126 3236 faciat.
1159 3182 1239 3234 Ex
1279 3178 1578 3250 ejusmodi
1604 3185 1805 3233 autem
1845 3177 2216 3251 professione
2249 3185 2287 3242 C

565 3278 622 3330 et
657 3271 997 3327 obedientia
1035 3269 1263 3325 nullam
1314 3285 1530 3342 prosus
1597 3267 1879 3323 volumus
1945 3268 2217 3323 Latinum

565 3361 1084 3432 archiepiscopum
1106 3358 1327 3414 habere
1348 3362 1700 3430 potestatem
1729 3356 2014 3428 puniendi
2029 3356 2218 3428 ipsius

565 3449 1003 3520 archiepiscopi
1035 3449 1668 3520 Germanipersonam,
1693 3446 2142 3518 autquidquam
2165 3445 2218 3501 ei

563 3537 950 3610 praecipiendi
975 3537 1036 3591 in
1059 3537 1274 3608 quovis
1307 3552 1578 3608 unquam
1617 3551 1761 3589 casu
1813 3539 1872 3589 ut
1932 3549 2038 3606 per
2095 3534 2218 3588 sin-

566 3627 774 3697 gulare
795 3626 1193 3680 immunitatis
1224 3625 1598 3696 privilegium
1629 3624 1758 3694 ejus
1779 3623 2074 3679 duntaxat
2091 3638 2218 3696 per-

567 3731 731 3771 sonte
761 3730 834 3769 ex
860 3714 973 3769 hac
1004 3713 1413 3769 constitutione
1437 3713 1665 3778 datum,
1684 3714 1808 3767 sine
1831 3713 1950 3768 ulla
1972 3729 2218 3785 prorsus

563 3802 1007 3877 perturbatione
1029 3818 1216 3874 usque
1233 3802 1293 3858 in
1311 3800 1493 3857 ﬁnem
1507 3802 1773 3874 quietam
1788 3801 1913 3875 ipse
1936 3797 2219 3875 tranquil-

562 3893 806 3966 lamque
837 3892 1021 3948 vitam
1051 3891 1252 3949 ducat.

637 3997 875 4065 Quoties
913 4002 1112 4053 autem
1154 4015 1190 4054 a
1228 3997 1478 4070 praefato
1519 3999 1835 4060 Germano,
1878 3998 2215 4052 Graecorum

565 4088 1037 4160 archiepiscopo,
1063 4086 1140 4143 ad
1187 4088 1456 4143 Latinum
1520 4087 1847 4159 apellatum
1913 4086 2089 4142 fuerit
2128 4102 2218 4141 ar-

567 4177 1038 4249 chiepiscopum,
1068 4181 1267 4232 teneat
1295 4175 1634 4248 appellatio,
1662 4176 1827 4232 salvo
1853 4175 2216 4249 prmlationis

561 4268 693 4338 jure
707 4266 1052 4337 apostolica;
1072 4265 1249 4320 sedis.
1272 4265 1565 4321 Leucosiae
1578 4266 2065 4338 archiepiscopus
2082 4268 2220 4336 post

565 4355 704 4410 dicti
732 4355 1030 4420 Germani,
1063 4355 1405 4410 Graecorum
1462 4353 1878 4426 archipiscopi,
1938 4359 2212 4419 mortem,

566 4444 797 4498 Graecos
820 4460 942 4497 suae
961 4444 1280 4514 provinciae
1305 4444 1364 4498 in
1387 4443 1725 4499 civitatibus
1746 4443 1838 4498 vel
1855 4442 2215 4498 dioecesibus

2322 1895 2542 1965 ἄνορίας,
2615 1898 2782 1967 χωρὶς
2859 1903 2950 1946 τοῦ
3050 1896 3422 1969 προλεχθίντος
3497 1897 3904 1972 ἀρχιεπισκόπου

2324 1985 2602 2053 Γερμανοῡ,
2655 1982 2704 2034 ἐν
2761 1983 3048 2057 ἐγκλήμασι
3099 1991 3189 2039 καὶ
3243 1986 3418 2049 ἄλλοις
3471 1989 3497 2040 ὀ
3554 1993 3778 2048 Λατῖνος
3831 1987 3908 2063 ἆρ-

2323 2074 2675 2140 χιεπίσιιοπος
2738 2075 3110 2146 παραχαθίσει·
3178 2077 3208 2134 ἣ
3263 2083 3373 2138 τοῖς
3455 2074 3630 2138 ἄλλοις
3683 2083 3909 2138 Λατίνοις

2324 2157 2631 2222 ἐπισκόποις
2688 2169 2782 2214 τοῦ
2838 2163 3211 2238 προρρηθέντος
3266 2166 3502 2240 ῥηγοίτοῦ
3555 2163 3652 2219 διὰ
3733 2170 3911 2226 ταύτης

2323 2256 2417 2308 τῆς
2479 2245 2767 2313 διατάξεως
2821 2251 2889 2312 εἰς
2953 2251 3292 2324 ἕπισκόπους,
3320 2255 3600 2330 κληριχούς
3646 2261 3740 2309 καὶ
3801 2260 3910 2316 τοὺς

2325 2336 2511 2399 ἄλλους
2571 2344 2821 2411 Γραικοὺς
2872 2349 2974 2392 τῶν
3059 2343 3227 2395 αὐτῶν
3291 2345 3482 2398 πόλεων
3558 2351 3648 2398 καὶ
3726 2344 3911 2419 ίνοριῶν

2325 2433 2792 2501 παρακεχώρηται.
2845 2430 2950 2484 Κᾶν
3020 2437 3108 2484 καὶ
3185 2437 3246 2485 τὸ
3319 2443 3412 2486 τοῦ
3503 2433 3913 2508 ἀρχιεπιωιόπον

2329 2521 2588 2588 Γερμανοῦ
2652 2522 2930 2590 πρόσωπον
3005 2527 3199 2595 μέχρις
3264 2523 3326 2574 οἶν
3395 2525 3680 2598 τελευτήσῃ
3760 2527 3915 2577 πάντα

2325 2611 2487 2657 πᾶσιν
2527 2605 2836 2681 ἐξῃρημένον
2884 2609 3008 2661 εῖναι
3066 2610 3272 2683 θέλομεν
3325 2610 3426 2665 διπὸ
3504 2620 3596 2674 τῆς
3678 2621 3769 2667 τοῦ
3835 2613 3915 2688 ἅρ-

2327 2702 2683 2766 χιεπισκοπου
2718 2705 2808 2750 τοῦ
2857 2703 3083 2751 Λατίνου
3133 2699 3392 2766 ἐξουσίας,
3461 2701 3601 2774 ὅμως
3640 2707 3814 2776 μέντοι
3874 2701 3912 2754 ἰν

2328 2783 2470 2854 αὐτῷ
2509 2787 2539 2842 ἡ
2596 2785 2805 2857 gnata;
2851 2796 2942 2847 τῆς
2992 2789 3265 2863 παρούσης
3317 2787 3605 2854 διατάξεως
3659 2791 3914 2867 ἀρχέσθω.

2401 2915 2442 2962 Ο
2513 2910 2667 2972 αὐτὸς
2733 2916 2987 2986 Γερμανὸς
3051 2913 3464 2989 ἀρχιεπίσχοπος
3549 2915 3768 2990 ὀνόματι
3835 2923 3916 2975 τῆς

2328 2999 2542 3060 Σωλείας
2599 3001 2779 3073 θρόνου
2875 3010 2970 3064 τῆς
3039 3010 3552 3080 παρακεχωρημνης
3634 3006 3776 3076 αὐτῷ
3851 3014 3912 3074 τῷ

2331 3093 2533 3160 Λατίνῳ
2577 3087 2978 3163 ἀρχιεπισκὸπῳ
3030 3092 3280 3165 ἐνώμοτον
3339 3095 3616 3168 ὁμολογίαν
3700 3096 3916 3152 ποιησά-

2333 3197 2400 3228 τω
2456 3178 2691 3240 ὑπακοης
2746 3180 2879 3232 κατά
2935 3184 3022 3232 τὸν
3085 3181 3401 3255 ἐγνωσμένον
3471 3188 3633 3236 τὺπον
3720 3183 3914 3236 ἄνωθεν.

2332 3265 2418 3318 Ἐκ
2460 3273 2549 3326 τῆς
2605 3266 2882 3339 ὁμολογίας
2935 3261 2993 3321 δὲ
3063 3275 3152 3321 καὶ
3217 3271 3451 3334 ὑπακοῆς
3523 3277 3772 3334 τοιαύτης
3841 3279 3915 3324 τὸν

2333 3359 2550 3407 Λατῖνον
2577 3354 2994 3428 ἁρχιεπίσκοπον
3035 3353 3362 3411 διανοεῖσθαι
3390 3360 3459 3422 εἰς
3517 3363 3574 3412 τὸ
3639 3370 3733 3414 τοῦ
3766 3366 3918 3414 τοιοὺ-

2329 3463 2417 3495 του
2463 3449 2722 3518 Γερμανοῦ
2775 3453 2864 3497 τοῦ
2919 3444 3340 3519 ἀρχιεπισκόπου
3389 3453 3675 3524 πρόσωπον
3731 3451 3759 3510 ἦ
3824 3450 3918 3502 ἐπι-

2330 3535 2529 3586 τάττειν
2574 3553 2624 3586 τι
2668 3534 2808 3605 αὐτῷ
2872 3534 2920 3587 ἐν
2973 3533 3330 3609 όπιοᾳδήποτε
3397 3537 3596 3610 χρήσει
3686 3535 3917 3612 οὐδεμίαν

2333 3621 2629 3695 βουλόμεθα
2666 3627 2806 3696 ἔχειν
2855 3631 3176 3698 περιουσίαν,
3245 3634 3345 3693 ῖνα,
3405 3634 3915 3704 παρακεχωρημένης

2331 3714 2482 3782 μόνον
2531 3711 2882 3785 ὑπεξαίρέσως
2934 3721 3006 3783 τῷ
3067 3720 3330 3790 προσώπῳ
3383 3715 3564 3781 αὐτοῦ,
3614 3721 3783 3791 ταύτῃ

2333 3794 2570 3864 διατάξει
2599 3799 2807 3864 ἐντελῶς
2831 3807 2919 3856 καὶ
2950 3799 3300 3868 οίδιασείστως
3330 3799 3514 3879 διὰγῃ.

2402 4001 2461 4052 Εἴ
2516 4019 2638 4052 ποτε
2674 3996 2733 4053 δι
2786 3998 2888 4053 ἀπὸ
2936 4009 3027 4053 τοῦ
3079 4001 3448 4075 προλεχθίντος
3491 4009 3785 4078 Γερμανοῦ,
3838 4012 3918 4056 τοῦ

2331 4097 2428 4140 τῶν
2496 4094 2726 4164 Γραικῶν
2799 4087 3244 4164 ἀρχιεπισκὸπου,
3321 4093 3592 4153 ἐκκληθείη
3672 4099 3800 4170 πρὸς
3845 4097 3919 4146 τὸν

2332 4183 2550 4230 Λατῖνον
2616 4177 3054 4253 ἁρχιεπίσχοπον,
3137 4184 3437 4253 σωζομένης
3505 4192 3600 4245 τῆς
3682 4187 3920 4258 προτιμή-

3334 4271 3681 4343 ἐγκαλείσθω.
3755 4272 3811 4324 Ὀ
3868 4267 3917 4323 δε

2329 4353 2420 4416 τῆς
2473 4362 2761 4418 Λευκοσίας
2829 4356 3243 4430 ἁρχιεπίσκοπος
3311 4363 3440 4436 μίτὰ
3519 4366 3619 4420 τήν
3699 4361 3917 4417 τελευτὴν

2329 4450 2421 4494 τοῦ
2460 4442 2702 4518 ῥηθέντος
2755 4451 3036 4518 Γερμανοῦ,
3096 4454 3186 4499 τοῦ
3234 4457 3332 4500 τῶν
3378 4454 3616 4522 Γραικῶν
3691 4449 3918 4526 ἀρχιεπι·

2334 4285 2456 4326 σεως
2507 4274 2598 4318 τοῦ
2650 4265 2998 4320 ἀποστολικοῡ
3069 4271 3251 4342 θρόνου

567 4530 1088 4598 suﬂ‘raganeorum
1121 4548 1369 4588 suorum
1398 4532 1681 4602 degentes
1701 4533 1835 4604 jure
1859 4548 1982 4587 suae
2006 4536 2215 4586 metro-

2332 4537 2550 4601 σκόπου,
2579 4537 2698 4595 τοὺς
2728 4539 2983 4609 Γραικοὺς
3035 4543 3126 4599 τῆς
3179 4535 3339 4597 αὐτῆς
3398 4537 3668 4612 ἐπαρχίας
3718 4539 3765 4591 ἐν
3815 4545 3916 4597 ταῖς

564 4618 740 4692 polis,
762 4618 926 4690 quod
945 4619 998 4673 ei
1021 4620 1337 4675 convenire
1359 4620 1652 4689 volumus,
1676 4620 1953 4676 visitabit.
1984 4619 2074 4675 Ab
2090 4635 2218 4676 om-

565 4707 745 4764 nibus
768 4711 967 4763 autem
994 4707 1211 4764 harum
1236 4708 1543 4765 civitatum
1567 4708 1782 4765 Graecis
1808 4709 2138 4779 generatim
2156 4709 2217 4764 in

565 4797 778 4870 quavis
809 4796 1043 4852 civitate
1070 4812 1183 4869 pro
1232 4797 1478 4867 singulis
1527 4799 1826 4871 parochiis
1878 4803 2075 4854 sumet
2095 4798 2214 4852 sin-

566 4886 719 4958 gulis
745 4887 919 4942 annis
945 4885 1038 4942 vel
1069 4902 1374 4942 summam
1400 4889 1713 4957 sexaginta
1743 4886 2074 4944 solidorum
2106 4892 2219 4942 tor-

563 4978 870 5034 nesiorum
908 4976 1003 5032 vel
1043 4977 1287 5033 totidem
1326 4975 1636 5049 byzantios
1677 4993 1801 5034 non
1849 4978 2098 5034 minoris
2128 4977 2218 5033 vel

563 5067 812 5138 majoris
843 5066 1085 5136 valoris,
1117 5083 1228 5123 nec
1254 5066 1514 5140 amplius
1534 5067 1893 5140 quidquam.

640 5277 926 5334 Eamdem
955 5284 1312 5350 potestatem
1349 5297 1536 5353 quam
1557 5281 1719 5337 hisce
1749 5283 2056 5353 praesentis
2078 5299 2217 5339 con-

565 5366 882 5424 stitutionis
907 5367 1159 5423 decretis
1178 5369 1239 5424 in
1257 5369 1486 5440 judicio
1506 5370 1642 5426 latis
1660 5377 1789 5425 tum
1821 5370 2060 5438 Graecis,
2087 5377 2212 5427 tum

566 5454 784 5511 Latinis
806 5455 1189 5526 pontiﬁcibus
1213 5458 1380 5527 regni
1407 5459 1583 5532 Cypri
1606 5457 1985 5536 tradidimus,
2031 5459 2212 5518 etiam

563 5544 866 5601 decretam
887 5559 1020 5600 esse
1049 5545 1210 5618 Syris
1241 5547 1514 5618 ejusdem
1541 5533 1730 5622 regni,
1758 5533 1862 5620 qui
1888 5549 2115 5618 eisdem
2142 5566 2213 5606 ac

562 5635 748 5698 Graeci
775 5634 1009 5725 praediti
1041 5641 1182 5712 sunt
1207 5629 1478 5709 moribus
1507 5643 1565 5694 et
1612 5637 1914 5709 institutis,
1949 5654 2024 5704 ex
2048 5655 2212 5698 com-

2327 4621 2536 4674 πόλεσιν
2593 4623 2624 4682 ἡ
2683 4623 2907 4695 ἕνορίαις
2960 4633 3061 4676 τῶν
3123 4624 3283 4678 αὐτοῦ
3371 4630 3658 4700 συνερίθων
3741 4625 3916 4697 δικαίῳ

2328 4719 2420 4768 τῆν
2480 4710 2640 4763 αὑτοῦ
2685 4712 3069 4788 μητροπόλεως,
3127 4713 3154 4766 ὃ
3210 4713 3348 4786 αὐτῷ
3407 4714 3622 4788 θέλομεν
3706 4717 3917 4780 ἀνήκειν,

2328 4797 2685 4872 ἐπισκέψεται.
2732 4806 2868 4855 Μίαν
2913 4806 3081 4874 μέντοι
3141 4801 3189 4855 ἐν
3247 4803 3441 4877 ἑκάστη
3515 4806 3669 4860 πόλει
3736 4806 3919 4881 ἐνορίαν

2328 4892 2473 4962 παρὰ
2526 4892 2727 4943 πάντων
2811 4899 2910 4942 τῶν
2966 4897 3198 4965 Γραικῶν
3271 4901 3465 4945 τοῦτων
3553 4904 3660 4947 τῶν
3743 4896 3919 4950 πόλεων

2329 4987 2507 5039 κοινῶς
2531 4979 2644 5031 κατ’
2687 4981 2967 5053 ἐπιτροπὴν
3023 4981 3323 5054 λαμϐανέτω
3375 4982 3489 5035 κατ’
3546 4983 3665 5047 ἔτος
3725 4987 3756 5045 ἦ
3810 4984 3918 5047 ἰξύ-

2329 5087 2484 5119 κοντα
2518 5065 2723 5130 σολιδος
2769 5075 3076 5145 τουρνεσίων
3119 5071 3416 5144 κεφάλαιον,
3473 5073 3789 5132 ἣττοσαῦτα
3831 5071 3919 5147 βυ-

2331 5159 2511 5219 ζάντια
2541 5159 2607 5210 τὰ
2638 5157 2864 5229 ἰσόποσα
2887 5161 3112 5224 τούτοις,
3134 5165 3206 5234 μὴ
3251 5159 3422 5216 πλέον.

2394 5281 2672 5355 Ἐκατίρων
2732 5289 2904 5356 τοίνυν
2983 5282 3248 5360 ἐξουσίαν,
3322 5287 3441 5346 ἢτοι
3479 5291 3727 5347 Λατίνων
3843 5292 3916 5340 καὶ

2328 5378 2560 5446 Γραικῶν
2612 5371 2897 5445 ἀρχιερέων
2949 5381 3042 5425 τοῦ
3092 5382 3186 5435 τῆς
3235 5376 3447 5448 Κύπρου
3499 5377 3747 5450 ρηγοὲτου
3805 5375 3911 5429 δια-

2324 5469 2575 5536 κριτικοῖς
2630 5464 2878 5536 τοιούτοις
2930 5467 3068 5536 ὅροις
3123 5469 3220 5524 τῆς
3291 5464 3537 5539 ἡμετέρας
3619 5463 3905 5533 διατάξεως,

2324 5551 2516 5622 ὁμοίως
2569 5555 2658 5602 καὶ
2711 5558 2823 5612 τοῖς
2875 5554 3055 5627 Συροις
3105 5547 3196 5604 τοῦ
3244 5551 3405 5604 αὐτοῦ
3458 5556 3524 5606 τὰ
3583 5556 3725 5609 αὐτᾶ
3797 5556 3910 5629 μετᾶ

2320 5646 2422 5693 τῶν
2450 5644 2686 5715 Γραικῶν
2719 5641 2812 5699 ἔθη
2868 5645 2961 5693 καὶ
3010 5641 3134 5715 ἤθη,
3181 5649 3357 5718 κοίνου
3400 5655 3457 5716 τε
3517 5638 3746 5714 δικαίου
3795 5643 3908 5712 ᾆπό·
