4050 6306
151 353 272 409 1565

1134 342 1309 401 sum
1354 343 1693 415 IVEBULLA
1728 340 1822 395 AD
1864 336 2063 396 CYPRI
2100 344 2499 404 EPISCOPOS.

3377 349 3517 410 1566

142 473 291 530 velin
325 471 583 527 futurum
601 468 709 526 erit
732 466 793 525 in
813 466 1047 526 civitate
1076 472 1133 525 et
1187 468 1410 527 diocesi
1468 470 1761 527 Nicosien-
1793 468 1842 520 Α
1872 465 1931 521 in
1961 469 2136 539 cujus
2159 471 2379 529 diosesi
2403 473 2594 543 fuerit,
2628 472 2723 528 vel
2758 488 2866 546 per
2906 473 3178 544 ejusdem
3226 475 3516 533 vicarium

147 563 319 631 sibus,
347 564 447 616 aut
469 559 531 614 in
558 558 671 615 alia
694 558 897 630 aliqua
927 558 1161 615 civitate
1184 575 1291 614 seu
1331 560 1555 615 diocesi
1591 556 1761 627 regni

142 652 297 723 Cipri,
324 650 431 705 sub
461 665 603 705 cura
632 648 885 705 aliorum
911 648 1431 718 suﬁraganeorum
1459 652 1760 719 metropo-

138 740 286 797 litani
330 738 756 810 archiepiscopi
816 738 1171 793 Nicosiensis
1223 741 1279 793 et
1335 737 1763 810 episcoporum

140 829 455 884 Latinorum
500 827 840 884 immediate
878 844 983 883 seu
1046 828 1306 883 mediate
1349 824 1766 900 existentibus,

138 916 375 973 tribunal
387 915 610 989 aliquid
624 920 726 972 aut
745 916 1495 989 aliquamjurisdictionem
1526 915 1767 970 conten-

136 1006 331 1061 tiosam
360 1005 577 1060 habere
606 1005 701 1062 vel
725 1021 1015 1076 exercere,
1040 1006 1154 1061 nisi
1173 1006 1325 1061 inter
1351 1022 1515 1071 suos,
1540 1004 1603 1059 in
1634 1002 1765 1057 loco

136 1108 233 1148 suo
258 1093 354 1165 qui
380 1098 629 1148 vocatur
650 1092 827 1160 Solia,
861 1109 898 1149 a
918 1109 1040 1165 quo
1065 1094 1244 1148 etiam
1271 1092 1591 1165 episcopus
1633 1092 1771 1146 Gre-

135 1181 358 1253 cusipse
369 1197 588 1237 nomen
601 1182 782 1237 sumit
794 1186 850 1237 et
872 1181 1128 1237 tribunal
1155 1198 1259 1237 seu
1285 1180 1763 1252 jurisdictionem

132 1269 533 1341 episcopalem,
562 1276 873 1342 tamquam
918 1270 1334 1340 suﬁraganeus
1383 1286 1451 1325 ac
1503 1268 1762 1323 vicarius

136 1360 301 1415 Latini
320 1360 591 1433 presulis,
622 1361 773 1416 inter
803 1376 947 1417 suos
979 1362 1194 1418 Grecos
1233 1376 1527 1424 exercere,
1557 1374 1759 1414 secun-

133 1446 263 1503 dum
292 1448 648 1520 apostolicas
686 1448 1119 1519 ordinationes,
1164 1448 1659 1505 consuetudinem
1704 1452 1762 1503 et

134 1541 353 1603 statuta,
385 1542 449 1593 ut
476 1537 710 1605 dicitur,
754 1543 845 1594 est
862 1538 1158 1611 provisus.

200 1628 256 1682 Et
272 1626 551 1694 similiter,
580 1627 642 1683 in
668 1626 801 1683 loco
827 1629 1085 1700 Arsinoy
1111 1634 1167 1684 et
1219 1628 1539 1695 similibus,
1596 1634 1761 1685 extra

132 1715 395 1782 civitates,
417 1716 479 1771 in
501 1715 673 1771 dictis
712 1715 859 1772 locis
895 1732 1002 1788 per
1030 1716 1299 1785 singulas
1344 1718 1611 1773 dioceses
1656 1717 1759 1773 ha-

136 1802 257 1858 bere
289 1820 389 1859 seu
419 1808 643 1873 tenere,
666 1810 722 1859 et
741 1805 921 1860 etiam
948 1804 1174 1861 eisdem
1200 1810 1256 1861 et
1276 1806 1759 1877 quibuscumque

136 1892 248 1947 aliis
274 1893 651 1965 presentibus
676 1898 733 1950 et
755 1894 968 1951 futuris
990 1896 1309 1951 Grecorum
1331 1911 1437 1951 seu
1477 1902 1755 1952 Armeno-

134 1997 253 2037 rum
263 1982 577 2039 etaliorum
590 1982 1024 2055 cujuscumque
1037 1984 1280 2039 ecclesie
1293 1983 1759 2041 Christianorum

136 2071 405 2143 episcopis
427 2073 542 2127 sub
564 2074 737 2144 penis
761 2072 986 2128 eisdem
1016 2090 1133 2146 que
1176 2076 1251 2129 de
1303 2080 1495 2130 cetero
1543 2091 1761 2131 causas

124 2161 583 2218 .matrimoniales
604 2166 663 2218 et
681 2162 830 2219 alias
860 2178 1279 2235 quascumque
1299 2163 1635 2236 spirituales
1655 2180 1761 2220 au-

132 2248 241 2305 dire
264 2256 316 2305 et
333 2251 845 2323 qualitercumque
866 2251 1145 2321 difﬁnire,
1177 2268 1282 2306 seu
1303 2260 1376 2307 de
1414 2252 1529 2307 illis
1553 2253 1757 2326 aliquo

130 2341 295 2397 modo
324 2358 386 2396 se
414 2341 827 2408 intromittere,
858 2340 953 2395 vel
988 2341 1431 2411 juridictionem
1488 2358 1761 2398 exercere

127 2425 204 2481 vel
230 2428 743 2500 qualitercumque
771 2428 832 2483 in
863 2433 920 2483 et
947 2445 1127 2499 super
1164 2430 1561 2487 matrimoniis
1620 2447 1761 2486 con-

128 2515 305 2570 tractis
329 2514 417 2571 vel
444 2515 875 2572 contrahendis
900 2514 1432 2588 dispensationem,
1466 2535 1571 2573 seu
1615 2535 1758 2592 qua-

124 2602 493 2679 litercumque
515 2605 610 2661 div
620 2606 782 2662 orcia
793 2608 1005 2673 facere,
1023 2622 1129 2662 seu
1141 2606 1292 2662 thori
1316 2608 1758 2678 separationem

127 2700 392 2764 prostare,
417 2711 533 2751 seu
562 2695 797 2766 aliquos
827 2695 906 2751 ad
936 2695 1339 2751 sacerdotium
1370 2697 1461 2751 vel
1499 2697 1577 2752 ad
1608 2697 1758 2753 alios

126 2797 503 2857 quoscunque
562 2800 765 2840 saeros
815 2785 1076 2854 ordines,
1134 2786 1246 2841 nisi
1307 2787 1591 2859 penitus‘
1656 2803 1762 2860 per

124 2871 398 2943 prefatum
423 2873 827 2930 diocesanum
852 2873 1123 2930 Latinum
1166 2876 1289 2930 sive
1321 2876 1449 2946 ejus
1471 2876 1757 2932 vicarium

127 2960 415 3030 diligenter
427 2980 503 3019 ex
512 2964 807 3019 aminatos
819 2967 875 3019 et
886 2963 1253 3036 approbatos
1268 2981 1376 3036 pro
1406 2965 1759 3037 idoneisque

124 3066 216 3121 per
239 3053 475 3110 eosdem
506 3052 848 3109 solemniter
871 3057 929 3108 et
954 3053 1014 3109 in
1038 3054 1273 3124 scriptis
1332 3060 1707 3126 presentatos
1743 3074 1755 3111 :

123 3139 365 3212 aliquem
422 3156 807 3214 promovere,
859 3157 1054 3214 neque
1102 3144 1419 3214 pecuniam
1490 3144 1754 3216 aliquam
1790 3172 1830 3227 ρ

120 3237 423 3302 propterea
451 3231 743 3303 recipere,
775 3230 869 3285 vel
925 3230 1352 3304 qualicumque
1411 3236 1628 3303 petere,
1691 3249 1759 3288 ac

122 3319 223 3374 sub
250 3320 471 3377 eisdem
524 3320 697 3392 penis
745 3327 802 3375 et
841 3320 1144 3389 censuris;
1202 3336 1397 3392 neque
1450 3321 1524 3376 de
1564 3328 1759 3378 cetero

120 3410 327 3480 populo
357 3411 523 3466 clam
560 3425 668 3464 seu
696 3409 899 3480 palam
928 3408 1121 3478 legere
1153 3425 1260 3464 seu
1291 3410 1619 3481 predicare,
1655 3427 1761 3466 seu

119 3497 349 3570 alicujus
370 3498 791 3555 confessiones
820 3497 1161 3567 audire,seu
1186 3498 1260 3553 de
1277 3500 1534 3570 peccatis
1550 3516 1758 3557 eorum

120 3586 447 3644 conﬁtentes
480 3586 719 3659 aliquos
750 3586 987 3641 Latinos
1016 3586 1111 3641 vel
1133 3588 1368 3654 Grecos,
1403 3604 1509 3643 seu
1554 3591 1760 3644 Arme-

118 3691 215 3730 nos
243 3685 341 3735 aut
364 3678 694 3741 Jacobilas,
726 3675 817 3730 vel
839 3674 1079 3731 alterius
1133 3678 1565 3749 cujuscumque
1620 3678 1762 3734 ritus

120 3780 212 3819 seu
231 3767 502 3830 ecclesie,
544 3764 853 3820 absolvere
910 3764 972 3819 in
1029 3764 1199 3820 dictis
1260 3766 1598 3821 civitatibus
1652 3783 1760 3821 seu

120 3852 443 3913 diocesibus
482 3853 622 3910 dicti
654 3854 823 3925 regni
848 3856 1025 3926 Cypri
1051 3856 1258 3926 possit,
1292 3871 1396 3910 seu
1455 3861 1761 3927 presumat

118 3946 315 4013 quovis
344 3943 560 4012 modo,
601 3943 713 3998 nisi
743 3942 839 3998 ille
876 3941 1005 3998 talis
1039 3943 1204 4014 prius
1233 3959 1339 4015 per
1368 3943 1759 4001 diocesanum

180 4121 193 4153 ¹
225 4125 309 4176 Au
336 4125 436 4178 Ms.
472 4121 660 4189 penis.

176 4192 197 4225 ³
228 4192 526 4247 D'Anville
577 4190 744 4261 place
777 4189 1092 4251 l’Arsmoé,
1126 4205 1244 4261 que
1301 4189 1419 4261 l’on
1452 4190 1564 4246 sait
1593 4193 1760 4247 avoir

113 4261 277 4332 existe
324 4265 487 4320 dans
520 4260 631 4315 l‘ile
680 4262 754 4316 de
825 4261 1079 4332 Chypre,
1126 4260 1161 4315 a
1223 4260 1361 4321 Poli,
1412 4261 1627 4329 village
1674 4264 1758 4318 du

114 4329 325 4390 district
343 4335 421 4389 de
462 4333 845 4402 Chrysocho;
882 4329 1035 4385 le'P.
1094 4332 1396 4395 Lusignan
1432 4336 1489 4387 et
1530 4332 1759 4388 l’archi-

114 4405 397 4461 mandrite
419 4404 737 4474 chypriote
769 4402 1103 4474 Kyprianos
1155 4404 1381 4474 croient
1431 4418 1549 4474 que
1612 4412 1758 4461 cette

112 4476 389 4532 ancienne
420 4473 563 4532 ville
610 4480 697 4530 est
739 4473 940 4542 Arsos,
996 4477 1193 4543 bourg
1226 4473 1379 4529 dans
1434 4473 1757 4531 Pintérieur

1869 556 2271 630 episcopalem
2321 563 2397 618 ad
2425 563 2533 618 hoc
2579 563 2944 632 ordinatum,
2970 564 3325 635 precedente
3352 565 3519 623 bona

1870 646 1942 699 de
1968 648 2089 703 vita
2107 650 2235 719 ejus
2256 656 2311 705 et
2339 651 2754 707 confessorum
2783 666 2889 705 seu
2953 652 3400 723 predicatorum
3430 655 3517 711 fa-

1870 746 1990 800 ma,
2023 736 2334 807 diligenter
2364 739 2725 807 examinata,
2747 745 2804 795 et
2828 738 3002 795 claris
3023 739 3401 798 documentis
3423 758 3518 799 ca-

1870 820 2124 883 tholicus
2154 831 2209 883 et
2235 827 2511 898 ydoneus
2543 832 2811 899 repertus
2849 832 2908 883 et
2938 828 3281 884 solemniter
3300 846 3517 902 appro-

1872 912 2047 968 batus
2077 914 2267 981 fuerit,
2301 922 2357 972 et
2377 918 2455 972 ab
2485 917 2617 989 ipso
2647 917 2973 973 diocesano
3000 918 3093 973 vcl
3124 919 3253 989 ejus
3292 920 3516 976 vicario

1870 1001 2165 1059 licentiam
2182 1005 2395 1061 eodem
2417 1022 2577 1061 anno
2588 1022 2709 1077 quo
2721 1005 2898 1061 debet
2909 1006 3218 1078 predicare
3231 1013 3287 1063 et
3325 1008 3515 1064 conﬁ-

1872 1095 2059 1147 tentes
2091 1093 2297 1149 audire
2325 1110 2429 1149 seu
2460 1094 2772 1150 absolvere
2803 1094 3142 1150 solemniter
3168 1102 3224 1151 et
3269 1096 3331 1152 in
3362 1097 3513 1152 scri-

1868 1179 1985 1251 ptis
2011 1180 2351 1239 obtinuerit.

1940 1270 2232 1342 Quodque
2262 1273 2370 1328 etsi
2398 1274 2501 1345 qui
2526 1272 2936 1329 confessiones
2969 1273 3197 1341 audire,
3228 1280 3285 1330 et
3312 1276 3517 1332 simili-

1867 1362 1953 1413 ter
1974 1358 2020 1411 si
2049 1360 2153 1430 qui
2175 1361 2339 1416 Greci
2362 1362 2456 1416 vel
2485 1362 2583 1417 alii
2632 1362 2899 1433 episcopi
2955 1362 3015 1417 in
3064 1362 3406 1419 civitatibus
3455 1369 3514 1419 et

1864 1444 2210 1502 diocesibus
2234 1448 2346 1504 sub
2368 1449 2802 1521 archiepiscopi
2822 1449 3175 1504 Nicosiensis
3203 1466 3308 1505 seu
3337 1450 3517 1506 alicu-

1863 1532 1965 1604 jus
1978 1533 2497 1605 suﬂ‘raganeorum
2511 1554 2760 1593 suorum
2772 1538 3187 1609 episcoporum
3202 1538 3340 1593 dicti
3349 1540 3517 1608 regni

1866 1622 2019 1693 Cipri
2049 1640 2194 1679 cura
2232 1630 2288 1680 et
2315 1627 2678 1697 protectione
2710 1625 2967 1681 mediate
3027 1626 3121 1681 vel
3172 1626 3518 1683 immediate

1867 1709 2181 1767 existentes
2211 1714 2726 1787 qualitercumque
2747 1718 2804 1769 et
2826 1714 3363 1787 quandocumque,
3413 1731 3518 1771 ex-

1800 1820 1836 1873 B
1867 1800 2051 1870 ceptis
2081 1800 2228 1855 locis
2252 1803 2423 1873 Solie,
2450 1805 2705 1876 Arsinoy
2734 1806 2777 1873 ²,
2829 1804 3129 1871 Lephcare
3186 1805 3228 1866 ³,
3281 1810 3337 1860 et
3386 1806 3520 1860 Car-

1866 1888 2025 1960 pasii
2044 1889 2085 1953 ‘,
2104 1889 2178 1947 de
2198 1891 2419 1963 quibus
2438 1892 2686 1963 quidem
2711 1891 2856 1949 locis
2887 1892 3153 1964 episcopi
3202 1892 3368 1947 Greci
3411 1908 3519 1947 no-

1869 1988 2007 2031 men
2034 1984 2364 2048 sumerunt,
2392 1983 2447 2035 et
2472 1979 2696 2035 ibidem
2724 1979 2875 2035 inter
2900 1995 3043 2035 suos
3094 1983 3307 2036 Grecos
3338 1981 3520 2037 tribu-

1869 2064 1988 2130 nal,
2014 2071 2076 2121 ut
2101 2066 2334 2135 dicitur,
2367 2074 2619 2140 possunt
2643 2074 2699 2124 et
2730 2068 2941 2134 solent,
2965 2068 3193 2140 aliquid
3227 2068 3393 2141 quod
3439 2069 3519 2125 ad

1868 2152 2132 2209 ofﬁcium
2162 2170 2264 2211 seu
2296 2156 2767 2223 iurisdictionem
2788 2156 3210 2228 episcoporum
3232 2156 3389 2213 clam
3411 2172 3519 2214 seu

1870 2242 2074 2313 palam
2106 2258 2398 2311 exercere;
2448 2249 2504 2301 et
2530 2261 2710 2317 super
2735 2245 3279 2300 matrimonialibus
3305 2250 3361 2301 et
3388 2246 3519 2302 aliis

1872 2330 2277 2403 spiritualibus
2306 2334 2502 2388 causis
2523 2334 2732 2389 audire
2755 2349 2862 2389 seu
2891 2348 3276 2402 cognoscere,
3304 2334 3392 2389 vel
3440 2334 3520 2391 ad

1873 2436 2078 2475 sacros
2099 2422 2337 2478 ordines
2365 2423 2492 2479 sine
2512 2422 2745 2478 licentia
2767 2422 3070 2478 diocesani
3098 2423 3285 2477 Latini
3317 2439 3519 2496 quem-

1871 2508 2034 2582 piam
2057 2524 2431 2580 promovere,
2467 2510 2552 2567 vel
2576 2511 2804 2584 aliquid
2833 2511 2894 2566 in
2925 2508 3223 2567 similibus
3274 2516 3331 2567 et
3388 2510 3521 2569 aliis

1872 2597 2155 2653 connexis
2186 2602 2241 2653 et
2269 2598 2747 2671 dependentibus
2785 2597 2862 2654 ab
2892 2597 3116 2654 eisdem
3173 2598 3368 2655 facere
3415 2614 3521 2655 seu

1871 2691 2224 2757 attemptare
2273 2687 2366 2743 vel
2406 2688 2575 2743 aliter
2621 2703 2682 2743 se
2713 2688 3101 2744 intromittere
3134 2703 3522 2761 presumpse-

1870 2776 2006 2839 rint,
2043 2776 2171 2846 ipso
2185 2776 2340 2831 facto
2353 2776 2991 2832 excommunicationis
3015 2791 3165 2847 pene
3197 2776 3522 2833 sententias

1870 2863 2195 2930 incurrant,
2238 2868 2293 2919 et
2321 2880 2430 2937 pro
2461 2865 2995 2920 excommunicatis
3039 2864 3424 2936 publicentur
3466 2870 3525 2921 et

1870 2952 2182 3019 evitentur,
2214 2953 2406 3008 donec
2446 2952 2841 3009 absolutionis
2869 2950 3229 3007 beneﬁcium
3270 2950 3347 3007 ab
3370 2956 3524 3022 Apo-

1871 3038 2080 3094 stolica
2122 3039 2270 3095 Sede
2309 3038 2656 3106 habuerint;
2710 3044 2764 3094 et
2812 3037 3160 3108 hujusmodi
3222 3036 3519 3094 absolutio

1869 3128 2319 3199 archiepiscopo
2362 3128 2685 3183 Nicosiensi
2725 3128 2828 3199 qui
2890 3142 2998 3198 pro
3032 3132 3301 3199 tempore
3348 3125 3522 3181 fuerit

1868 3216 1963 3271 vel
2004 3217 2133 3288 ejus
2170 3216 2393 3272 vicario
2439 3215 2685 3287 speciali
2742 3215 3079 3271 comitatur.
3128 3218 3519 3270 Decernentes

1871 3323 1941 3362 ex
1968 3320 2127 3361 nunc
2149 3306 2377 3361 irritum
2406 3311 2463 3361 et
2494 3306 2669 3361 inane
2700 3305 2747 3359 si
2780 3321 2951 3360 secus
3004 3320 3184 3377 super
3230 3304 3345 3359 hiis
3412 3318 3519 3375 per

1869 3410 2286 3467 quoscumque
2323 3394 2539 3465 quavis
2571 3393 2917 3449 auctoritate
2949 3393 3197 3448 scienter
3229 3392 3319 3448 vel
3351 3392 3516 3462 igno-

1869 3489 2071 3539 ranter
2130 3483 2483 3552 contingerit
2536 3482 2895 3554 attemptari,
2954 3497 3077 3538 non
3137 3482 3519 3537 obstantibus

1871 3571 2407 3642 constitutionibus,
2429 3579 2535 3627 etc.
2572 3571 2720 3627 Nulli
2751 3586 2916 3642 ergo,
2958 3575 3067 3626 etc.

1943 3663 2155 3717 Datum
2181 3663 2382 3727 Rome,
2402 3660 2565 3733 apud
2596 3662 2879 3716 Sanctum
2908 3660 3169 3729 Petrum,
3224 3676 3383 3715 anno
3434 3662 3523 3714 ln-

1868 3750 2237 3806 carnationis
2269 3751 2571 3806 Dominice
2612 3750 2927 3806 millesimo
2960 3750 3338 3817 CCCCLXX“,
3362 3764 3518 3820 pon-

1870 3839 2127 3894 tiﬁcatus
2156 3839 2338 3895 nostri
2363 3855 2523 3894 anno
2552 3840 2768 3910 primo.

1868 4119 1943 4174 de
1968 4118 2083 4174 l‘ile
2131 4122 2167 4173 a
2204 4118 2331 4174 l’est
2371 4118 2446 4172 de
2496 4117 2752 4188 Paphos,
2792 4134 2871 4174 au
2925 4117 3038 4175 bas
3092 4117 3178 4173 du
3228 4116 3518 4188 Troodos.

1870 4192 1975 4245 Les
1988 4191 2247 4314 evetbues
2267 4204 2435 4258 grecs
2449 4188 2523 4243 de
2541 4187 2797 4259 Paphos,
2821 4188 3198 4261 prenaientle
3223 4188 3351 4244 titre
3396 4187 3520 4242 d’é-

1870 4260 2092 4315 véaues
2160 4260 2440 4315 'Arsinoe.

1867 4260 2092 4332 veques
2113 4260 2440 4315 d'Arsinoe.
2824 4260 2831 4261 ⁷
3401 4329 3410 4337 ⁸

1876 4403 1907 4411 _
1938 4333 1961 4366 ³
1988 4330 2255 4411 μωηωω,
2277 4330 2430 4385 dans
2462 4330 2517 4385 le
2556 4333 2799 4399 Mazoto,
2830 4334 2970 4401 pres
3003 4332 3085 4388 du
3116 4335 3286 4386 mont
3316 4331 3517 4385 Sainte

1870 4403 2118 4529 Cliofltxisa
2140 4474 2473 4545 Karpasso,
2499 4472 2652 4528 dans
2678 4474 2733 4528 le
2759 4475 3021 4544 Karpas.
