4508 6436
1012 576 1770 722 ΝΙΟΕΤλίΕ
1886 576 2955 722 CHONIAT/E

1568 900 1753 995 EX
1820 899 2203 997 LIBRO
2270 902 2412 998 v1

855 1171 1591 1292 THESAURI
1666 1168 2617 1295 ORTHODOX/E
2678 1173 3081 1296 FIDEI

1328 1385 1550 1455 (Graece
1581 1382 1746 1454 apud
1767 1380 2006 1451 Maium,
2031 1383 2219 1456 δρίοίὶ
2238 1384 2408 1442 Rom.
2428 1389 2476 1442 t.
2506 1387 2625 1458 ιν.)

823 1646 948 1718 Περὶ
972 1637 1300 1696 Μακεδονίου
1315 1684 1327 1696 .

348 1769 414 1826 α’.
448 1770 708 1823 Ἐντεῦθεν
740 1764 801 1821 δι
855 1772 949 1826 τὴν
980 1771 1097 1840 περὶ
1143 1770 1232 1818 τόν
1281 1768 1725 1839 πνευματομάχον
1777 1772 1888 1818 Μα-
1918 1798 1963 1850 Α

278 1856 511 1912 κεδόνιον
566 1866 639 1929 τῷ
694 1857 833 1928 λόγῳ
877 1853 1064 1908 δοῦναι
1101 1857 1411 1931 προθέμενος
1471 1854 1668 1929 ἀρχὴν,
1722 1854 1883 1927 ἀναγ-

279 1956 424 2002 καῖον
479 1952 571 1999 καὶ
635 1954 823 2012 ταῦτα,
874 1941 1347 2019 προδιηγήσασθαι
1403 1948 1601 2018 οἴομαι,
1652 1946 1720 2006 ὡς
1756 1944 1891 2015 ξοῖξὶα

280 2046 370 2091 τοῦ
401 2038 724 2091 ἐπίστασθαι
780 2041 890 2096 τοῖς
938 2034 1259 2109 φιλίστορσι,
1296 2031 1435 2108 μηδὲ
1490 2042 1601 2097 τοῖς
1650 2032 1889 2109 ῥηθησο-

279 2133 450 2200 μένοις
495 2126 682 2179 ἕπίπαν
731 2124 1000 2196 ἁσυναφῆ.
1076 2124 1134 2176 Ὀ
1174 2126 1275 2199 γάρ
1340 2144 1420 2177 τοι
1486 2123 1649 2176 πολλὰ
1713 2129 1803 2177 καὶ
1842 2122 1891 2175 ἕν

278 2225 385 2277 τοῖς
414 2216 704 2291 ἔμπροσθεν
746 2211 1000 2276 δηλωθεὶς
1046 2213 1220 2285 λόγοις
1278 2212 1528 2275 Εὐσέϐιος
1566 2215 1591 2265 6
1648 2221 1891 2286 Νικομη-

279 2302 447 2372 δείας,
514 2307 687 2357 πάντα
727 2307 919 2377 τρόπον
963 2310 1069 2363 τοῖς
1118 2299 1423 2378 ὁρθοδόξοις
1488 2301 1887 2375 ἀνατιθέμενος,

278 2402 486 2469 πρῶτον
545 2396 636 2465 μὶν
703 2390 1089 2454 ἐπεϐούλευσεν,
1133 2394 1202 2454 ὡς
1270 2390 1571 2464 εἰρήκαμεν,
1614 2392 1890 2461 Εύσταθίῳ

275 2493 351 2555 τῷ
410 2484 756 2554 Ἀντιοχείας,
810 2486 899 2534 καὶ
955 2480 1158 2534 καθεῖλε
1232 2488 1416 2533 τοῦτον
1476 2481 1531 2533 ίκ
1611 2477 1887 2542 διαϐολῆς·

275 2568 625 2645 Ἀλεξάνδρου
666 2568 725 2623 δέ
779 2577 871 2623 τοῦ
922 2578 1015 2632 τῆς
1091 2565 1485 2643 Ἀλεξανδρείας
1541 2572 1673 2641 μετὰ
1728 2577 1891 2642 μῆνας

275 2666 425 2715 πέντε
464 2672 560 2724 τῆς
599 2660 646 2713 ἓν
708 2664 907 2732 Νικαίᾳ
974 2656 1201 2712 συνόδου
1267 2663 1399 2729 πρὸς
1454 2664 1584 2714 Θεὸν
1650 2656 1888 2733 ἐκδημή“

278 2772 485 2823 σαντος,
536 2747 809 2814 διεδέξατο
874 2753 941 2802 τὰ
1005 2746 1261 2823 προίδριά
1308 2749 1649 2813 Ἀθανασιος.
1722 2750 1887 2803 Ἐπει-

273 2831 517 2915 ράθησαν
577 2836 665 2893 οὖν
706 2841 732 2892 6
792 2846 883 2891 τοῦ
951 2837 1203 2892 Εύσεϐίου
1263 2843 1428 2913 χορός
1484 2836 1558 2891 δι’
1608 2838 1891 2892 ἐπιστολῶν

273 2933 465 2984 κείθειν
522 2929 677 2982 αύτόν
715 2929 775 2981 ἶν’
835 2926 885 2990 ίς
935 2948 1208 2980 κοινωνίαν
1237 2920 1469 2991 ’δέξηται
1508 2932 1598 2981 τὸν
1646 2928 1880 3002 Ἀρειον·

276 3024 347 3082 ὡς
380 3016 434 3072 δ’
464 3019 558 3072 ούκ
599 3015 695 3081 εἶξε
746 3026 863 3079 ταῖς
913 3016 1308 3092 παρακλήσεσι,
1348 3014 1553 3071 τοιόνδε
1598 3038 1648 3070 τι
1697 3019 1888 3091 μηχά-

269 3118 485 3165 νῦνται.
565 3106 803 3169 Μελίτιος
870 3108 896 3159 6
975 3114 1073 3168 τῆς
1134 3109 1319 3160 Λύκων
1388 3106 1684 3175 ἐπίσκοπος,
1738 3110 1791 3160 ὃν
1844 3107 1892 3159 ἐν

278 3203 479 3271 Νικαίᾳ
515 3201 785 3270 κατέκρινε
826 3192 1067 3265 σύνοδος,
1110 3197 1362 3249 εκλείπων
1409 3199 1497 3248 τόν
1538 3195 1676 3269 βίον,
1714 3195 1890 3250 Ἰωάν-

272 3307 363 3346 νην
400 3290 520 3340 τινὰ
547 3295 647 3339 τῶν
680 3285 821 3357 αύτῷ
876 3286 1116 3343 συνήθων
1186 3283 1298 3337 ἀνθ’
1366 3284 1552 3338 ἑαυτοῦ
1635 3290 1889 3343 κατέστη-

274 3396 359 3430 σεν
406 3375 691 3428 ἔπίσκοπον
747 3377 892 3450 παρὰ
943 3377 1003 3427 τὸ
1068 3370 1247 3447 δόγμα
1286 3364 1386 3426 τῶν
1410 3374 1460 3426 ἐν
1483 3379 1699 3447 Νικαίᾳ.
1758 3379 1888 3438 Τοὺς

288 3470 463 3518 τοίνυν
484 3467 549 3517 τὰ
570 3464 804 3518 Ἰωάννου
840 3471 1152 3539 φρονοῦντας
1191 3462 1491 3525 ὑπελθόντες
1540 3466 1589 3515 οἱ
1635 3469 1753 3537 περὶ
1786 3464 1890 3517 Eii-

265 3552 461 3622 σίϐιον,
504 3556 712 3606 ἔπεισαν
767 3552 1084 3606 Ἀθανασίου
1114 3569 1502 3626 κατηγορῃσαι·
1534 3556 1624 3605 καὶ
1662 3559 1889 3625 κατηγό-

258 3663 435 3719 ρησαν
460 3646 529 3706 ὡς
549 3642 609 3695 ού
647 3650 929 3705 κανονικῶς
949 3640 1347 3717 ίχειροτονήθη,
1398 3645 1488 3695 καὶ
1528 3644 1595 3705 ὡς
1625 3647 1886 3715 χιτωνίων

266 3733 426 3786 λινῶν
488 3738 641 3807 φόρον
682 3732 996 3804 Αἰγυπτίοις
1027 3730 1261 3803 ἐπίϐαλε,
1292 3736 1384 3783 καὶ
1433 3733 1643 3803 γύναιον
1674 3734 1886 3809 ἔρθειρε,

262 3829 357 3877 καὶ
408 3831 484 3894 τῷ
534 3830 814 3896 κρατοῦντι
877 3820 1244 3885 ἐπιϐουλεύων,
1296 3820 1590 3894 Φιλουμίνῳ
1644 3827 1747 3874 τινὶ
1788 3831 1888 3874 τῶν

264 3911 559 3986 βασιλικῶν
636 3913 962 3985 θεραπόντων
1045 3909 1241 3983 ἔπεμψε
1349 3908 1583 3985 λάρνακα
1664 3916 1882 3986 χρυίου,

261 4007 355 4056 καὶ
408 4007 501 4061 τὴν
583 4000 634 4065 ἐξ
685 4001 954 4073 Αἰγύπτου
1025 4004 1384 4074 σιτοπομπίαν
1478 3999 1721 4068 ἐκώλυσε,
1795 4007 1884 4055 καὶ

262 4092 536 4166 ’Δρσενίου
595 4094 747 4169 τινός.
790 4089 1011 4165 ἐκτεμὼν
1076 4094 1173 4150 τὸν
1210 4096 1373 4164 χεῖρα
1423 4096 1665 4163 γοητείας
1722 4093 1883 4145 ἕνεκεν

261 4180 431 4255 εἶχεν.

334 4270 404 4345 β’.
462 4272 559 4324 Διά
603 4278 772 4324 ταῦτα
827 4274 1000 4324 τοίνυν
1056 4268 1104 4322 ἓν
1176 4275 1469 4347 Καισαρείᾳ
1516 4278 1611 4333 τῆς
1680 4270 1881 4323 Παλαι-

260 4366 449 4423 στίνης
503 4357 721 4414 σύνοδον
752 4361 777 4413 ό
820 4358 1073 4432 βασιλεὺς
1134 4357 1485 4435 ἀθροισθῆναι
1546 4359 1877 4433 προσέταξεν.

256 4452 577 4505 Ἀθανασὶου
619 4447 680 4504 δε
718 4448 1159 4522 ἁναϐαλλομενου,
1205 4446 1299 4503 διὰ
1350 4453 1438 4502 τὸν
1487 4448 1735 4503 Εύσίϐιον
1791 4453 1880 4502 τόν

261 4540 539 4615 Παμφίλου
594 4535 727 4613 τῇδε
784 4537 1175 4592 ἐπισκοποῦντα
1228 4538 1370 4612 φίλον
1437 4537 1567 4591 εἶναι
1617 4537 1722 4592 ’καὶ
1788 4557 1876 4590 ου·
1920 4528 1959 4584 C

258 4634 443 4706 νεργόν
534 4627 772 4701 Εύσεϐίῳ
820 4636 891 4701 τῷ
944 4625 1323 4702 Νικομηδείας,
1393 4627 1549 4681 πάλιν
1633 4630 1683 4681 οἱ
1728 4627 1880 4683 Μελι-

256 4725 433 4775 τιανοὶ
476 4724 855 4794 κατηγόρησαν
906 4718 1065 4772 αὐτοῦ
1115 4721 1180 4780 ὡς
1226 4720 1486 4791 μυστικὸν
1526 4722 1777 4791 ποτήριον
1828 4716 1876 4770 ἐν

257 4819 331 4883 τῷ
360 4815 615 4884 Μαρεὼτῃ
653 4808 951 4884 συνέτριψε,
990 4812 1083 4863 καὶ
1132 4807 1474 4862 ἇπισκοπικὸν
1514 4807 1720 4861 καθεῖλε
1752 4809 1877 4882 θρό-

258 4921 363 4968 νον,
440 4905 532 4953 καὶ
616 4900 767 4972 ἕτερά
813 4919 933 4952 τινα
998 4890 1284 4975 εἰργάσατο
1345 4907 1446 4951 τῶν
1497 4897 1873 4973 ἀπειρημένων.

260 4990 523 5067 Επίτρεψε
609 4993 784 5042 τοίνυν
863 4989 889 5041 ό
982 4987 1235 5062 βασιλεὺς
1290 4986 1339 5041 ἓν
1421 4991 1572 5063 Τύρῳ
1636 4990 1877 5061 γενέσθαι

262 5076 507 5145 σύνοδον,
549 5083 642 5132 καὶ
696 5082 975 5152 γενομένης
1040 5078 1219 5148 αὐτῆς,
1276 5077 1593 5139 Ἀθανάσιος
1668 5075 1876 5137 ἐνίκησε

260 5190 399 5224 κατα
432 5171 645 5243 κράτος.
701 5170 768 5222 Οἱ
827 5165 886 5223 δε
924 5176 1021 5232 τῆς
1076 5166 1323 5230 ἀληθείας
1360 5165 1543 5241 ἐχθροὶ
1594 5167 1871 5221 ἐπίσκοποι

261 5260 451 5334 μᾶλλον
500 5248 670 5311 ἀὐτοῦ
717 5258 1169 5333 κατεψηφίσαντο·
1214 5255 1327 5311 εἶτα
1381 5262 1471 5311 καὶ
1530 5256 1600 5320 εἰς
1626 5260 1714 5309 τόν
1764 5265 1875 5327 Μα-

260 5355 456 5425 ρεώτην
533 5347 789 5422 ἔπεμψαν,
870 5355 1055 5424 χώραν
1146 5350 1265 5401 τινὰ
1309 5356 1405 5411 τῆς
1480 5343 1873 5421 Ἀλεξανδρείας

262 5439 528 5513 ἐπώνυμον
603 5444 839 5512 Μαρείας
904 5448 1002 5501 τῆς
1063 5438 1266 5513 λίμνης·
1348 5434 1484 5497 ἦσαν
1535 5433 1595 5491 δε
1633 5440 1682 5490 οἱ
1745 5457 1874 5511 πεμ-

263 5512 477 5602 φθέντες.
519 5533 734 5601 Θέογνις
781 5530 807 5581 ὁ
874 5533 1122 5592 Νικαίας,
1177 5531 1269 5581 καὶ
1318 5529 1491 5602 Μάρις
1530 5528 1556 5580 ὀ
1595 5524 1873 5585 Χαλκηδό-

260 5640 365 5685 νος,
398 5617 674 5695 Θεόδωρος
720 5623 971 5697 Περίνθου
1024 5625 1145 5681 ἤτοι
1193 5618 1495 5694 Ἡρακλείας
1570 5620 1873 5693 Νάρκισσος

262 5706 610 5785 Νερωνιάδος,
663 5710 871 5774 Οὐάλης
918 5714 1191 5788 Μούρσης,
1255 5709 1558 5786 Ούρσάκιος
1602 5705 1872 5783 Σιγγηδό-

332 5795 593 5869 Pyram.
635 5802 744 5862 Gn.
797 5804 926 5864 CXL
939 5847 955 5865 .

2583 1645 2672 1702 De
2707 1646 3083 1705 Macedonio.

2072 1769 2126 1822 1.
2160 1766 2291 1822 1am
2329 1765 2405 1823 de
2434 1767 2805 1839 Macedonio,
2832 1771 3084 1843 Spiritus
3112 1773 3303 1830 sancti
3332 1774 3657 1849 impugna-

1996 1856 2491 1922 tore,sermonem
2510 1856 2769 1929 incipere
2788 1863 3494 1929 statuens,necessarium
3512 1870 3658 1937 puto

1995 1941 2122 1998 hmc
2148 1943 2316 2015 prius
2335 1944 2687 2017 edisserere,
2708 1950 2999 2020 tanquam
3013 1949 3199 2021 digna
3219 1968 3357 2025 quas
3376 1953 3455 2009 ab
3472 1953 3656 2011 histo-

1997 2031 2134 2087 ricis
2150 2039 2621 2103 cognoscantur,
2646 2052 2841 2109 neque
2856 2038 3106 2096 omnino
3126 2040 3202 2096 ab
3224 2040 3295 2097 iis
3308 2058 3445 2115 qua;
3458 2043 3661 2100 dicen-

2000 2124 2093 2176 tur
2145 2120 2550 2181 abhorrentia.
2618 2125 2728 2191 Qui
2784 2127 2944 2183 enim
2976 2127 3036 2185 in
3087 2129 3388 2202 prioribus
3437 2125 3660 2205 saepius

1999 2209 2298 2267 exhibitus
2316 2216 2404 2268 est
2420 2213 2707 2270 Eusebius
2728 2215 3086 2274 Nicomediae
3114 2219 3459 2293 episcopus,
3491 2223 3660 2279 omni

1998 2298 2184 2355 modo
2232 2300 2586 2358 orthodoxis
2625 2306 2941 2376 oppositus
2980 2307 3177 2379 primo
3220 2309 3470 2381 quidem
3513 2310 3659 2368 insi-

1999 2388 2199 2444 diatus
2220 2394 2330 2455 est,
2372 2395 2438 2447 ut
2466 2390 2748 2459 diximus,
2805 2395 3114 2453 Eustathio
3169 2398 3558 2471 Antiocheno,
3601 2406 3660 2459 et

1999 2493 2137 2534 eum
2170 2478 2490 2536 calumniis
2521 2480 2851 2554 depressit;
2904 2484 3247 2544 Alexandro
3280 2495 3481 2546 autem
3511 2491 3654 2549 Ale-

1998 2569 2268 2625 xandria:
2290 2571 2578 2643 episcopo
2606 2573 2821 2645 quinto
2850 2580 2989 2648 post
3013 2577 3317 2635 Nicaanam
3348 2581 3658 2652 synodum

2000 2674 2208 2715 mense
2247 2660 2326 2716 ad
2354 2660 2539 2716 Deum
2572 2662 2859 2734 profecto,
2891 2666 3152 2737 primam
3198 2668 3404 2725 sedem
3430 2673 3661 2745 accepit

1998 2749 2380 2806 Athanasius.
2404 2753 3016 2812 Tentaveruntautem
3044 2758 3282 2813 Eusebii
3310 2761 3555 2818 asseclae
3574 2763 3659 2819 illi

1999 2834 2365 2909 persuadere
2405 2841 2689 2897 utArium
2730 2842 2791 2899 in
2827 2847 3655 2923 communionemacciperet;

1999 2943 2140 2983 cum
2152 2933 2354 2984 autem
2368 2928 2607 2987 illorum
2621 2931 2901 3004 precibus
2923 2950 3047 2991 non
3064 2937 3400 3009 annuisset,
3427 2940 3658 3014 aliquid

2000 3016 2115 3072 tale
2129 3017 2454 3075 machinati
2468 3023 2627 3076 sunt.
2650 3020 2819 3078 Meliti
2831 3038 2898 3079 us
2914 3024 3230 3095 Lyciorum
3247 3028 3415 3084 urbis
3425 3031 3661 3103 episco-

2001 3121 2137 3179 pus,
2156 3123 2339 3180 quem
2362 3109 2600 3165 Nicaana
2614 3112 2888 3184 synodus
2918 3114 3236 3172 damnavit
3263 3117 3451 3175 vitam
3483 3120 3659 3178 relin-

1999 3213 2214 3269 quens,
2242 3198 2537 3256 Joannem
2559 3201 2893 3273 quemdam
2912 3220 2983 3260 ex
3002 3206 3126 3261 suis
3138 3205 3534 3266 familiaribus
3545 3226 3657 3284 pro

1999 3301 2061 3342 se
2079 3286 2436 3361 episcopum
2461 3291 2769 3348 constituit
2786 3298 2996 3350 contra
3014 3295 3265 3354 Nicaeus:
3298 3299 3518 3370 synodi
3555 3301 3657 3359 de-

1997 3380 2249 3434 cretum.
2277 3379 2390 3432 Eos
2412 3377 2594 3448 igitur
2608 3380 2713 3453 qui
2734 3396 2844 3452 pro
2868 3383 3099 3439 Joanne
3121 3384 3380 3454 stabant,
3400 3388 3657 3447 circum-

1994 3465 2299 3522 venientes
2323 3468 2663 3539 Eusebiani,
2685 3470 2757 3525 iis
2778 3480 3209 3544 persuaserunt
3227 3480 3292 3532 ut
3303 3487 3659 3539 accusarent

1994 3556 2413 3628 Athanasium,
2430 3563 2487 3616 et
2505 3575 2715 3617 revera
2735 3576 2874 3618 eum
2892 3569 3510 3641 accusaveruntquod
3530 3586 3656 3630 non

1994 3646 2285 3703 canonice
2310 3648 2624 3706 ordinatus
2650 3656 2827 3720 esset,
2848 3654 3017 3725 quod
3042 3655 3335 3728 Egyptiis
3354 3656 3654 3720 linearum

1993 3736 2339 3793 tunicarum
2370 3738 2659 3796 tributum
2688 3741 3096 3814 imposuisset,
3128 3746 3295 3820 quod
3325 3751 3655 3810 muliercu-

1992 3824 2118 3881 lam
2158 3828 2543 3901 corrupisset,
2567 3829 2734 3903 quod
2765 3831 2843 3889 ad
2876 3833 3290 3897 Philomenum
3321 3842 3655 3914 quemdam

1994 3930 2066 3971 ex
2104 3916 2285 3986 regiis
2322 3918 2531 3987 servis,
2596 3919 2945 3993 imperatori
2989 3923 3403 4001 insidiaturus,
3448 3947 3655 3991 arcam

1993 4019 2143 4061 auro
2169 4004 2448 4062 refertam
2476 4006 2759 4076 misisset,
2782 4010 2948 4083 quod
2984 4012 3273 4074 frumenti
3295 4010 3369 4075 ex
3390 4021 3656 4094 Egypto

1992 4094 2515 4167 transmissionem
2542 4096 2972 4171 impedivissct,
3005 4108 3063 4160 et
3081 4108 3313 4165 Arsenii
3332 4109 3656 4182 cujusdam

1990 4197 2245 4240 manum
2268 4186 2520 4259 magicis
2552 4188 2783 4245 artibus
2813 4193 3189 4255 resecuisset.

2061 4278 2115 4330 2.
2150 4275 2565 4340 Quamobrem
2603 4280 2939 4338 Cmsaream
2964 4283 3299 4345 Palaestinas
3333 4292 3656 4351 convenire

1990 4363 2309 4421 concilium
2346 4365 2524 4437 jussit
2555 4367 2903 4441 imperator.
2934 4374 3081 4430 Cum
3132 4382 3334 4435 autem
3363 4382 3661 4441 renuisset

1990 4454 2284 4511 Athanius
2304 4471 2377 4512 eo
2399 4456 2566 4529 quod
2598 4456 2892 4516 Eusebius
2919 4464 3216 4538 Pamphili
3253 4467 3436 4541 hujus
3488 4472 3657 4530 urbis

1988 4542 2315 4617 episcopus
2338 4545 2572 4602 amicus
2599 4551 2657 4603 et
2682 4547 2783 4619 adj
2795 4554 2929 4607 utor
2952 4558 3106 4611 esset
3130 4557 3366 4614 Eusebii
3389 4559 3653 4619 Nicome'

1988 4632 2130 4703 diae,
2184 4650 2393 4691 rursus
2453 4636 2744 4693 Meletiani
2803 4655 2944 4696 eum
3003 4653 3441 4706 accusaverunt
3491 4652 3657 4725 quod

1986 4722 2317 4796 mysticum
2348 4723 2595 4782 calicem
2625 4729 2897 4786 Mareotin
2928 4732 3301 4792 contrivisset
3329 4722 3657 4815 sedemque

1986 4812 2398 4887 episcopalem
2420 4816 2723 4874 evertisset
2753 4824 2809 4875 et
2836 4822 3198 4882 nonnullula
3236 4826 3357 4885 alia
3388 4812 3659 4891 facinora

1986 4903 2348 4961 admisisset.
2379 4907 2689 4964 Concessit
2707 4908 2891 4980 igitur
2908 4912 3238 4987 imperator
3267 4919 3576 4990 synodum
3595 4923 3659 4980 in

1984 4993 2137 5051 urbe
2163 4997 2318 5068 Tyro
2348 4994 2498 5065 ﬁeri,
2537 5001 2595 5053 et
2616 5013 2688 5055 ea
2727 5008 3117 5077 congregata,
3152 5007 3471 5067 victoriam
3509 5027 3659 5085 prae-

1986 5083 2423 5142 stantissimam
2440 5087 3036 5163 retulitAthanasius;
3057 5094 3490 5156 inimiciautem
3511 5083 3661 5160 veri-

1985 5174 2124 5231 tatis
2157 5174 2432 5249 episcopi
2453 5192 2525 5233 eo
2553 5178 2752 5250 magis
2768 5196 2909 5237 eum
2932 5182 3325 5256 damnavere;
3352 5204 3423 5245 ac
3439 5189 3671 5250 deinde.

1984 5266 2310 5322 Mareotam
2333 5263 2643 5335 miserunt,
2690 5269 2751 5324 in
2800 5273 3139 5343 quamdam
3167 5275 3545 5337 Alexandriae
3570 5298 3661 5340 re-

1984 5353 2227 5424 gionem
2252 5370 2390 5427 quae
2434 5369 2614 5412 suum
2644 5372 2870 5416 nomen
2902 5376 2938 5417 a
2968 5364 3163 5421 Marea
3210 5364 3433 5438 palude
3467 5369 3658 5429 duxit.

1984 5447 2166 5502 Erant
2189 5450 2393 5502 autem
2410 5446 2515 5519 qui
2539 5446 2873 5508 missi‘sunt
2907 5452 3203 5526 Theognis
3226 5457 3454 5527 Nicaeae,
3487 5462 3661 5520 Maris

1994 5533 2420 5605 Chalcedonis,
2461 5535 2813 5596 Theodorus
2864 5542 3122 5599 Perinthi
3180 5562 3287 5603 seu
3342 5550 3658 5624 Heracleae,

1984 5624 2303 5681 Narcissus
2325 5625 2703 5693 Neroniadis,
2755 5630 2928 5688 Vales
2956 5634 3187 5705 Murse,
3232 5638 3508 5696 Ursacius
3535 5634 3663 5701 Sin-

1980 5714 2261 5788 gedonis,
2290 5714 2673 5793 Macedonius
2696 5717 3081 5796 Mopsuestia;
3107 5725 3213 5800 qui
3233 5732 3563 5803 postquam
3585 5733 3661 5795 de

3309 5821 3334 5877 1
