4508 6436
810 348 875 409 ιι
2153 338 2429 400 NICETIE
2468 318 2841 403 CHONIATE
4004 354 4011 368 -
4106 364 4173 417 η

808 488 983 532 sacro
1009 470 1195 529 calice
1240 468 1642 544 inquisierunt
1669 470 1725 526 et
1777 468 1853 526 de
1885 468 2244 543 episcopalis
2301 468 2461 525 sedis
2489 473 2534 527 A
2570 489 2588 521 ν

2393 468 2461 525 lis
2489 473 2534 527 Α
2570 489 2678 540 νος,
2704 468 3031 534 Μακεδόνιος
3076 472 3467 544 Μοψουεστίας,
3500 477 3550 528 οἰ
3599 481 3688 530 καὶ
3734 479 4057 546 ζητήσαντες
4106 487 4173 537 τὰ

806 561 1138 631 eversione,
1168 574 1308 617 vera
1335 558 1582 632 quidem
1612 558 2142 632 pratermiserunt,
2175 558 2333 615 falsa
2357 573 2461 615 au-
2568 578 2586 610 τ

2392 574 2461 613 ιιι-
2568 564 2687 632 περὶ
2718 569 2813 624 τῆς
2854 568 2947 615 τοῦ
3011 569 3273 634 μυστικοῦ
3321 568 3580 638 ποτηρίου
3615 568 3910 642 συντριϐῆς,
3944 576 4031 623 καὶ
4078 580 4172 633 τῆς

804 655 928 710 tem
956 650 1077 725 ipsi
1100 647 1412 721 imaginati
1444 652 1606 718 sunt,
1636 647 2187 720 deposueruntque,
2222 651 2286 703 ut
2332 662 2458 703 cre-

804 740 1053 803 debant,
1085 736 1504 801 Athanasium.
1540 736 1671 807 ejus
1720 736 1856 793 loco
1893 736 2094 809 ipsum
2140 734 2458 792 Arsenium

805 829 1189 904 accipientes.
1222 828 1398 900 cujus
1426 842 1682 883 manum
1720 831 2101 899 amputatam
2129 841 2259 882 esse
2302 824 2459 881 dice-

802 920 955 978 bant
973 937 988 989 ;
1008 918 1117 992 qui
1144 917 1313 992 prius
1342 915 1791 974 Meletianorum
1837 915 2277 988 superstitionis
2299 915 2455 988 epis-

803 1025 993 1084 copus
1016 1012 1160 1067 tunc
1185 1006 1530 1082 apudipsos
1554 1009 1619 1062 ut
1638 1004 2094 1079 Hypseletorum
2114 1004 2280 1062 urbis
2304 1005 2456 1078 epis—

802 1114 995 1174 copus
1022 1101 1233 1157 contra
1268 1093 1670 1154 Athanasium
1700 1092 2076 1167 subscripsit.

872 1282 927 1337 3.
968 1279 1199 1334 Interea
1249 1290 1391 1333 vero
1441 1272 1706 1348 perfecto
1748 1272 2172 1346 Hierosolymis
2228 1272 2454 1345 tcmplo

799 1382 993 1443 prope
1022 1382 1163 1423 eum
1194 1364 1439 1422 calvarii
1484 1362 1685 1421 locum
1715 1362 1822 1436 qui
1849 1377 2146 1433 magnum
2194 1362 2452 1418 testimo-

798 1456 971 1514 nium
999 1458 1271 1520 vocatur,
1298 1452 1482 1526 jussit
1508 1452 1837 1526 imperator
1856 1451 2174 1525 episcopos
2194 1451 2300 1523 qui
2319 1451 2453 1523 Tyri

797 1543 1053 1603 aderant
1076 1542 1555 1616 Hierosolymam
1574 1540 1772 1597 venire
1792 1545 1850 1597 et
1866 1540 1984 1597 hoc
2001 1539 2294 1612 templum
2316 1555 2453 1596 con-

797 1649 1051 1691 secrare.
1082 1635 1244 1690 Tunc
1264 1636 1466 1689 autem
1487 1630 1868 1688 occasionem
1888 1629 2258 1685 invenientes
2287 1628 2450 1685 Aria-

794 1738 1017 1782 norum
1041 1721 1306 1780 fautores
1344 1724 1725 1779 tentaverunt
1771 1722 1838 1776 ut
1878 1717 2305 1791 Hierosolymis
2356 1734 2449 1791 sy-

793 1812 995 1871 nodus
1014 1812 1182 1869 ﬁeret
1218 1816 1277 1869 et
1307 1810 1657 1868 communio
1693 1809 1831 1866 Ario
1872 1812 1929 1865 et
1966 1808 2184 1865 Euzoio
2236 1823 2445 1864 conce-
2478 1828 2518 1882 B
2555 1831 2573 1862 ε.

1751 1809 1831 1866 rio
1872 1812 1929 1865 et
1966 1808 2184 1865 Euzoio
2236 1823 2445 1864 conce-
2478 1828 2518 1882 Β
2555 1830 2635 1874 νες
2675 1808 3013 1864 ἐσπούδασαν
3058 1810 3105 1863 ἐν
3157 1811 3531 1887 Ἱεροσολύμοις

792 1902 1056 1961 deretur.
1087 1899 1445 1975 Imperatori
1486 1899 1668 1970 igitur
1702 1898 1850 1954 illud
1901 1912 2009 1971 per
2045 1897 2236 1970 ipsius
2285 1913 2447 1954 soro-

790 2007 922 2049 rem
966 1989 1383 2049 Constantiam
1428 1987 1887 2063 quemdamque
1953 1987 2139 2059 hujus
2180 1985 2446 2043 mulieris

788 2079 1155 2138 familiarem
1202 2078 1629 2155 presbyterum
1665 2077 1945 2135 arianum
1996 2092 2351 2149 persuasere
2390 2080 2447 2132 et

789 2186 1077 2228 curavere
1132 2173 1201 2226 ut
1244 2167 1451 2224 Arium
1512 2166 1922 2239 Euzoiumque
1997 2165 2240 2235 videret,
2286 2181 2444 2235 quos

787 2264 1116 2335 postquam
1146 2258 1295 2316 vidit
1325 2256 1813 2331 censuitquefere
1844 2260 1909 2312 ut
1936 2256 2209 2313 Nicanos
2239 2255 2443 2312 Patres

786 2351 1051 2419 credere,
1066 2366 1170 2409 eos
1191 2348 1271 2407 ad
1294 2348 1614 2422 episcopos
1636 2346 2063 2419 Hierosolymis
2113 2360 2445 2417 congrega-

785 2444 878 2499 tos
906 2439 1087 2511 misit,
1120 2438 1391 2497 scribens
1422 2442 1487 2494 ut
1524 2437 1601 2493 de
1646 2436 1762 2493 illis
1804 2435 2137 2506 benignum
2194 2434 2445 2491 ferretur

787 2529 1171 2601 suffragium,
1229 2529 1280 2585 si
1308 2531 1467 2585 recte
1497 2525 1739 2583 credere
1771 2525 2131 2582 viderentur.
2167 2524 2443 2581 Occasio-

778 2633 922 2676 nem
941 2618 1125 2689 igitur
1147 2616 1499 2691 arripientes
1524 2614 1729 2672 Ariani
1757 2630 1861 2671 eos
1906 2617 2285 2687 exceperunt,
2328 2614 2443 2669 im-

777 2707 1164 2782 peratorique
1202 2711 1261 2763 et
1293 2705 1586 2763 universis
1646 2704 1948 2779 episcopis
2002 2703 2293 2777 scripsere
2339 2718 2442 2759 eos

778 2796 1151 2855 orthodoxos
1181 2811 1335 2854 esse.

849 2889 903 2944 4.
939 2886 1042 2944 His
1070 2886 1154 2944 ita
1186 2885 1358 2953 actis,
1392 2883 1758 2943 Athanasius
1794 2886 1949 2957 Tyro
1978 2881 2232 2955 ;fugiens
2263 2884 2437 2939 Cons-

777 2975 1203 3051 tantinopolim
1228 2977 1428 3045 venit;
1452 2974 1626 3047 cujus
1648 2973 1930 3047 precibus
1959 2988 2235 3029 annuens
2257 2972 2443 3043 impe-

776 3070 943 3124 rator
962 3066 1220 3124 dicentis
1242 3081 1306 3122 se
1326 3080 1451 3123 non
1471 3064 1631 3136 juste
1649 3063 2008 3120 damnatum
2026 3078 2177 3129 esse,
2202 3060 2444 3134 scripsit

778 3156 1081 3232 episcopis
1102 3161 1244 3215 tunc
1273 3156 1409 3230 Tyri
1451 3154 1831 3245 congregatis
1882 3153 2054 3245 utad
2098 3153 2305 3226 ipsum
2344 3151 2443 3245 de-
2473 3190 2513 3245 Ο

779 3246 1156 3317 scenderent,
1178 3250 1245 3304 ut
1264 3244 1471 3304 coram
1492 3245 1630 3319 ipso
1650 3243 1966 3301 Anathasii
2003 3259 2189 3300 causa
2220 3240 2445 3298 exami-

778 3338 1047 3395 naretur.
1088 3336 1420 3409 Postquam
1478 3334 1658 3407 igitur
1704 3333 2100 3401 advenerunt,
2152 3330 2445 3387 Eusebius

777 3425 1141 3487 Nicomedia
1176 3423 1585 3483 contendebat
1631 3422 1863 3496 justam
1928 3422 1992 3479 in
2048 3421 2444 3479 Athanasium

777 3515 967 3575 latam
994 3530 1126 3573 esse
1155 3514 1513 3572 sententiam
1542 3531 1557 3583 ;
1594 3516 1773 3569 testes
1808 3512 2081 3586 prastitit
2112 3511 2442 3582 Theognim

780 3611 841 3665 et
864 3606 1114 3665 Marium
1139 3609 1199 3663 et
1216 3603 1597 3662 Theodorum
1620 3606 1678 3659 et
1704 3600 2011 3659 Valentem
2034 3606 2091 3659 et
2111 3602 2444 3659 Ursacium.

780 3700 1116 3771 Imperator
1154 3699 1359 3753 autem
1403 3693 1529 3751 sive
1585 3692 1855 3751 crederet
1890 3708 2036 3750 vera
2092 3709 2231 3765 qua
2289 3693 2447 3749 dice-

779 3786 1025 3857 bantur,
1085 3786 1214 3843 sive
1303 3782 1647 3842 consentire
1720 3781 2135 3855 suspicaretur
2218 3782 2448 3855 episco-

781 3892 898 3953 pos
945 3880 1013 3934 ut
1040 3892 1073 3933 e
1122 3874 1325 3932 medio
1358 3874 1661 3931 tolleretur
1701 3872 2092 3940 Athanasius,
2133 3872 2451 3930 mandavit

783 3971 852 4025 ut
870 3966 924 4024 is
942 3964 1246 4024 Treverim
1270 3963 1689 4029 abduceretur,
1716 3978 1855 4036 qua
1892 3966 1981 4019 est
2010 3962 2155 4019 urbs
2178 3960 2451 4019 occiden-

783 4056 997 4116 talium
1026 4055 1370 4124 Gallorum;
1396 4053 1819 4126 abductusque
1844 4056 1934 4108 est
1950 4052 2317 4108 Athanasius
2342 4051 2453 4108 ibi-

784 4162 905 4223 que
930 4144 1154 4204 mansit
1182 4159 1375 4218 usque
1396 4142 1477 4201 ad
1498 4146 1754 4199 mortem
1784 4142 2175 4199 Constantini.

859 4241 917 4294 5.
945 4235 1121 4293 Arius
1148 4237 1353 4291 autem
1377 4236 1516 4307 post
1538 4231 1815 4289 habitam
1872 4230 2303 4305 Hierosolymis
2355 4248 2452 4306 sy-

785 4325 1023 4386 nodum
1060 4324 1123 4381 in
1161 4326 1487 4396 Egyptum
1524 4320 1708 4378 venit.
1753 4323 1901 4378 Cum
1955 4319 2057 4377 illo
2094 4324 2299 4377 autem
2325 4337 2452 4378 non

788 4412 1282 4474 communicante
1311 4409 1858 4468 Alexandrinorum
1896 4408 2178 4477 Ecclesia,
2211 4426 2451 4467 rursum

788 4500 1375 4576 Constantinopolim
1399 4500 1595 4558 rediit.
1629 4504 1822 4573 Atque
1844 4499 1925 4556 ita
1945 4498 2286 4573 adimpleta
2312 4504 2454 4557 sunt

789 4562 986 4655 sancti
1003 4562 1330 4651 Alexahdri
1360 4606 1591 4664 preces.
1610 4562 1885 4648 Posthac
1907 4562 2451 4648 autem-manifeste
2479 4562 2521 4616 θ

788 4688 1105 4761 caperunt
1131 4683 1422 4741 innovare
1454 4680 1785 4747 Eusebiani
1811 4680 1970 4738 circa
2025 4681 2451 4755 episcoporum

787 4778 997 4836 Nicaea
1022 4777 1527 4847 congregatarum
1540 4770 1980 4845 expositionem
1996 4776 2050 4828 et
2068 4773 2291 4845 scripto
2312 4788 2453 4829 con-

789 4863 1187 4926 substantiale
1218 4863 1485 4935 rejicere.
1542 4861 1858 4936 Synodum
1899 4861 2083 4933 igitur
2128 4863 2454 4921 Constanti.

784 4954 1408 5033 nopolimconvenire
1431 4957 1742 5023 curarunt,
1760 4952 2297 5027 deposueruntque
2323 4954 2452 5010 etin

786 5047 1034 5107 exilium
1095 5044 1251 5104 mitti
1298 5042 1661 5101 studuerunt
1713 5041 2247 5099 consubstantialis
2302 5059 2453 5117 pra-

784 5155 989 5207 cones,
1034 5134 1383 5209 Asclepium
1448 5135 1614 5191 Gaza
1672 5133 2048 5207 episcopum,
2111 5132 2451 5191 Climatium

781 5228 1095 5294 Antaradi,
1118 5226 1376 5285 alterum
1399 5224 1746 5281 Climatium
1796 5224 1968 5293 Palti,
2021 5224 2450 5296 Ephrationem

781 5319 995 5378 Baiani
1024 5319 1251 5392 Cyrum
1284 5318 1557 5387 Berraa,
1589 5313 1993 5372 Domnionem
2038 5314 2259 5385 Sirmii,
2302 5315 2451 5373 Ella-

779 5426 969 5468 neum
986 5406 1262 5482 Tripolis,
1281 5406 1490 5463 Arium
1510 5405 1829 5462 Petrarum
1850 5404 2145 5475 Paleona,
2182 5409 2240 5462 et
2284 5408 2451 5464 Aste-

777 5500 938 5558 rium
952 5502 1261 5557 Petrarum
1272 5494 1887 5569 Arabia,01ympium
1905 5495 2056 5567 IEni,
2071 5494 2447 5554 Theodulum

776 5589 1215 5665 Trajanopolis,
1234 5586 1613 5645 Vincentium
1629 5588 1873 5659 Capua,
1897 5585 2223 5659 Ephratam
2239 5587 2448 5661 Agrip-

772 5683 957 5759 pina,
966 5680 1321 5757 Eutropium
1330 5676 1881 5752 Adrianopolis,cui
1894 5675 2187 5737 successit
2202 5677 2440 5751 Lucius,

2568 650 2915 723 καθαιρέσεως
2958 659 3049 703 τοῦ
3108 649 3454 704 έπίσκοπικοῦ
3510 655 3713 725 θρόνου,
3768 659 3834 709 τὰ
3879 662 3968 729 μὲν
4000 659 4166 720 ἀληθῆ

2567 737 2848 810 παρῆλθον,
2914 738 3206 792 ἔπλάσαντο
3258 737 3317 793 δὲ
3371 746 3459 793 καὶ
3514 741 3663 795 αὑτοὶ
3715 746 3781 796 τὰ
3836 744 4034 816 ψευδῆ,
4081 754 4170 801 καὶ

2565 827 2968 903 καθῄρησαν,ὡς
3032 827 3295 902 ἐνόμισαν,
3372 831 3703 901 Ἀθάνασιον,
3758 830 4028 908 δεξάμενοι
4080 843 4169 890 καὶ

2566 914 2721 969 αὑτὸν
2782 918 3066 991 Ἀρσένιον,
3120 919 3181 971 οὗ
3234 919 3411 990 ἔλεγον
3475 918 3780 994 ἐκκεκόφθαι
3843 930 3937 983 τήν
3988 934 4164 999 χεῖρα·

2564 1005 2640 1073 ὃς,
2695 1010 2943 1083 πρότερον
2993 1014 3088 1070 τῆς
3135 1007 3455 1061 Μελιτιανῶν
3525 1012 3807 1085 θρησκείας
3889 1012 4168 1075 ἐπίσκοπος

2563 1098 2652 1167 ὧν,
2682 1103 2975 1155 τηνικαῦτα
3016 1097 3139 1171 παρ’
3190 1098 3366 1160 αὐτοῖς
3407 1102 3471 1160 ὡς
3514 1108 3610 1161 τῆς
3646 1091 4003 1172 ’Υψηλετήτῶν
4061 1103 4168 1157 ἐπί-

2566 1204 2760 1249 σκοπος
2797 1185 2988 1248 πόλεως
3016 1187 3287 1261 ὑπέγραψε
3310 1191 3448 1240 κατὰ
3468 1187 3807 1247 Ἀθανασίου.

2631 1275 2699 1348 γ’.
2752 1276 2834 1330 Ἐν
2881 1278 3047 1348 τούτῳ
3090 1273 3143 1329 δ’
3189 1276 3587 1351 ἐξεργασθέντος
3634 1288 3726 1332 τοῦ
3781 1279 3831 1332 ἐν
3887 1279 4141 1355 Ἱεροσολύ

2560 1384 2675 1437 μοις
2750 1373 2875 1418 ναοῦ
2929 1372 3047 1442 περὶ
3126 1369 3213 1419 τόν
3271 1374 3362 1419 τοῦ
3416 1373 3628 1443 κρανίου
3692 1377 3870 1444 χῶρον
3922 1373 3976 1433 ὃς
4031 1376 4169 1444 μέγα

2560 1458 3009 1531 προσαγορεύεται
3089 1458 3394 1530 μαρτύριον,
3474 1456 3731 1511 ἐκελευσεν
3805 1460 3830 1511 ὁ
3917 1458 4169 1532 βασιλεὺς

2559 1547 2677 1605 τοὺς
2735 1542 2782 1596 ἐν
2860 1548 3009 1619 Τύρῳ
3074 1545 3488 1618 σννειλεγμενους
3566 1545 3885 1611 ἐπισκόπους
3942 1550 4165 1605 καταλα-

2561 1632 2666 1686 δεῖν
2709 1638 2772 1692 τή
2831 1632 3186 1708 Ἱεροσόλυμα,
3266 1640 3355 1687 καὶ
3413 1639 3499 1687 τόν
3555 1644 3789 1689 τοιοῦτον
3845 1640 4166 1712 καθιερῶσαι

2557 1725 2698 1777 ναόν.
2758 1729 3062 1780 Τηνικαῦτα
3111 1719 3169 1775 δε
3215 1727 3395 1797 καιρόν
3445 1725 3672 1799 εὑρόντες
3726 1729 3774 1778 οἱ
3830 1725 4163 1802 ἀρειανόφροο

3621 1817 3864 1886 γενέσθαι
3920 1813 4161 1887 σύνοδον,

2555 1905 2645 1953 καὶ
2670 1905 2939 1962 κοινωνίας
2977 1898 3298 1974 μεταδοῦναι
3326 1903 3512 1977 Ἀρείῳ
3552 1908 3641 1956 καὶ
3696 1903 3910 1977 Εύζωῑῳ
3954 1910 4163 1958 πείσαν-

2554 2009 2632 2052 τες
2675 1994 2847 2042 τοίνυν
2904 1993 2991 2042 τόν
3046 1989 3273 2063 βασιλεα
3340 1988 3435 2043 διά
3506 2001 3601 2055 τῆς
3686 1993 3868 2047 ἑαυτοῦ
3936 1991 4163 2067 ἀδελφῆς

2558 2084 2922 2143 Κωνσταντίας
2996 2086 3086 2133 καὶ
3158 2088 3250 2133 τοῦ
3301 2087 3760 2157 προσῳκειωμένου
3827 2088 3989 2157 ταύτῃ
4042 2104 4136 2159 πρε

2556 2168 2806 2244 σϐυτέρου
2893 2168 3153 2244 ἀρειανοῦ,
3203 2174 3599 2246 παρεσκεύασαν
3652 2172 3807 2225 αὐτόν
3872 2175 4163 2227 θεάσασθαι

2554 2258 2761 2333 ’Ἄρειον
2792 2263 2882 2311 καὶ
2908 2258 3158 2328 Εύζώῑον,
3221 2260 3309 2321 οῦς
3369 2256 3497 2311 ἰδὼν
3547 2265 3637 2313 καὶ
3688 2261 3957 2314 ὑπολαϐὼν
3988 2283 4164 2338 παρα-

2552 2347 2790 2410 πλησίως
2820 2355 2930 2410 τοῖς
2963 2346 3010 2399 ἓν
3061 2354 3258 2421 Νικαίᾳ
3304 2345 3566 2417 δοξάζειν,
3626 2350 3822 2423 ἔπεμψε
3870 2355 3996 2425 πρὸς
4046 2356 4162 2415 τούς

2554 2436 2605 2489 έν
2679 2436 3057 2511 Ἰεροσολύμοις
3122 2438 3483 2505 συνελθόντας,
3538 2439 3751 2513 γράψας
3806 2440 4162 2517 φιλάνθρωπον

2553 2525 2629 2579 ἐπ’
2661 2526 2842 2589 αὐτοῖς
2888 2526 3162 2598 ἐνεχθῆναι
3220 2526 3414 2600 ψῆφον,
3471 2527 3514 2580 εἰ
3563 2528 3727 2602 ὀρθῶς
3757 2530 3952 2601 φανεῖεν
4012 2528 4165 2593 δόξά-

2554 2616 2748 2679 ξονι-ες·
2783 2624 2972 2691 καιροῦ
3003 2621 3174 2669 τοίνυν
3217 2613 3536 2692 δραξάμενοι
3560 2620 3608 2670 οἱ
3641 2618 3893 2695 Ἀρειανοὶ
3956 2617 4160 2684 ἐδέξαν-

2551 2726 2610 2759 το
2658 2708 2896 2775 τούτους,
2942 2711 3031 2759 καὶ
3080 2710 3221 2778 αύτῷ
3281 2705 3493 2779 βασιλεί
3539 2712 3630 2760 καὶ
3678 2716 3789 2770 τοῖς
3846 2712 4158 2782 ἁπανταχοῦ

2552 2796 2859 2859 ἐπισκόποις
2925 2795 3158 2870 ἔγραψαν
3217 2794 3533 2870 ὀρθοδόξους
3614 2800 3893 2872 ὑπάρχειν’
3946 2801 4157 2864 αύτούς.

2625 2883 2671 2939 δ’
2678 2928 2691 2942 .
2762 2888 2967 2942 Τούτων
3035 2885 3169 2939 οὓτω
3244 2892 3627 2961 πραττομένων,
3708 2889 4020 2953 Ἀθανασιος
4104 2890 4159 2943 ἐκ

2551 2978 2723 3051 Τύρου
2764 2980 2940 3049 φυγὼν
2983 2981 3054 3037 εὶς
3116 2977 3655 3029 Κωνσταντινούπολιν
3714 2975 3887 3037 ἦλθεν
3959 2977 4017 3032 οὗ
4070 2988 4159 3041 τῆς

2554 3063 2786 3130 δεήσεως
2839 3065 3068 3129 ἀκούσας
3117 3068 3143 3119 ὁ
3199 3065 3447 3139 βασιλεὺς
3496 3072 3569 3141 μή
3630 3064 3846 3131 δικαίως
3916 3073 4157 3145 κριθῆναι

2552 3155 2810 3229 λέγοντος,
2866 3155 3061 3231 ἔγραψε
3116 3163 3227 3219 τοῖς
3290 3155 3338 3208 ἐν
3394 3160 3543 3231 Τύρῳ
3597 3160 4023 3233 συναθροισθείσι
4070 3167 4158 3220 τή·

2551 3254 2772 3299 νικαῦτα
2827 3245 3133 3299 καταλαϐεῖν
3180 3250 3308 3321 πρός
3346 3246 3524 3316 αὑτὸν,
3568 3250 3654 3309 ⁴ὡς
3716 3250 3777 3300 οἶν
3853 3248 3915 3302 ἐπ
3980 3250 4159 3321 ὄψεσιν

2553 3334 2715 3388 αὑτοῦ
2767 3331 3118 3409 δοκιμασθείη
3173 3338 3240 3388 τὰ
3311 3338 3451 3389 κατά
3526 3337 3862 3395 Ἀθανασίου.
3926 3339 4163 3392 Καταλα-

2555 3424 2746 3477 ϐόντων
2791 3421 2881 3476 οὖν
2912 3424 3102 3494 αὐτῶν,
3162 3424 3405 3486 Εὐσέϐιος
3452 3427 3477 3478 ό
3526 3424 3891 3500 Νικομηδείας
3948 3428 4163 3504 ἰσχυρί-

2556 3515 2670 3575 ζετο
2730 3510 2943 3566 δικαίαν
2996 3519 3089 3573 τήν
3147 3514 3232 3567 ἐπὶ
3288 3514 3602 3569 Ἀθανάσιον
3650 3518 3894 3589 γενέσθαι
3968 3517 4163 3591 ψῆφον,

2555 3606 2825 3680 μάρτυρας
2849 3610 3055 3679 παρῆγε
3086 3609 3302 3677 Θέογνιν
3360 3611 3455 3659 καὶ
3511 3608 3682 3682 Μάριν
3738 3612 3828 3659 καὶ
3891 3605 4165 3682 Θεόδωρον

2556 3698 2647 3745 καὶ
2697 3692 2962 3746 Οὐάλεντα
3007 3698 3097 3746 καὶ
3154 3693 3474 3767 Ούρσάκιον.
3528 3694 3586 3747 Ὀ
3659 3692 3717 3748 δε
3764 3695 4010 3767 βασιλεὺς
4065 3700 4167 3750 εἴτε

2558 3781 2724 3843 ἀληθῆ
2771 3786 3064 3845 πιστεύσας
3132 3780 3262 3837 έῖναί
3316 3787 3384 3837 τά
3420 3781 3685 3859 λεγόμενα,
3736 3788 3835 3838 εἶτε
3864 3787 4167 3859 ὁμονοήσειν

2559 3876 2858 3936 ὑπονοήσας
2887 3878 3008 3937 τοὺς
3031 3878 3375 3943 επισκόπους,
3398 3876 3460 3927 iv’
3493 3873 3727 3930 ἒκποδὼν
3770 3881 3970 3949 γένοιτο
4016 3878 4170 3931 Ἀθα-

2558 3966 2754 4036 νάσιος,
2790 3968 3105 4039 προσέταττε
3161 3964 3526 4039 ἀπηνιχθῆναι
3582 3974 3764 4019 τοῦτον
3811 3967 3883 4029 εἰς
3928 3966 4167 4041 Τρίϐεριν

2558 4062 2659 4107 τῶν
2706 4056 2836 4129 πρὸς
2889 4051 3046 4107 δύσιν
3092 4055 3355 4124 Γαλατῶν,
3412 4060 3503 4107 καὶ
3534 4057 3558 4107 ὁ
3586 4058 3676 4129 μὲν
3713 4054 3954 4129 ἀπήχθη,
3986 4062 4075 4111 καὶ
4105 4054 4167 4116 ἧν

2560 4146 2665 4197 ἔκεῖ
2691 4144 2787 4206 ἕως
2806 4153 2900 4206 τῆς
2941 4149 3331 4199 Κωνσταντίνου
3363 4144 3625 4209 τελευτῆς.

2631 4233 2687 4293 ε’.
2752 4234 2810 4287 Ὀ
2861 4231 2923 4287 δέ
2967 4234 3174 4309 ’Ἄρειος
3230 4237 3361 4308 μετά
3418 4240 3505 4295 τήν
3568 4235 3615 4288 ἐν
3663 4234 4034 4311 Ἱεροσολύμοις
4078 4240 4170 4291 σύ-

2560 4319 2732 4392 νοδον,
2766 4324 2886 4381 ἧκεν
2917 4324 2983 4385 εἰς
3031 4327 3316 4397 Αἴγυπτονο
3377 4329 3449 4398 μὴ
3510 4330 3859 4390 κοινωνούσής
3915 4324 3973 4380 δε
4026 4328 4169 4400 αύτῷ

2557 4422 2654 4477 τῆς
2674 4410 3052 4489 Ἀλεξανδρέων
3088 4414 3422 4482 Ἐκκλησίας,
3450 4416 3605 4469 πάλιν
3636 4415 3849 4485 ἀνῆλθεν
3904 4418 3976 4481 εὶς
4029 4425 4171 4472 Κων-

2563 4505 3005 4558 σταντινούπολιν’
3066 4510 3156 4559 καὶ
3209 4507 3375 4569 όὺτως
3429 4509 3577 4582 ἔργον
3635 4507 3826 4581 ἐγένετο
3873 4518 3966 4572 τῆς
4030 4509 4171 4564 Ἀλε-

2562 4592 2788 4672 ξάνδρου
2817 4602 2908 4648 τοῦ
2941 4596 3078 4669 ἱεροῦ
3107 4604 3441 4670 προσευχῆς.
3482 4600 3628 4651 Μετά
3683 4595 3743 4651 δὲ
3788 4619 3957 4653 ταυτα
3986 4619 4168 4653 νεωτε-

2562 4686 2724 4761 ρίζειν
2778 4694 3005 4760 φανερῶς
3054 4688 3102 4738 οἱ
3152 4692 3270 4762 περί
3324 4685 3574 4740 Εύσέϐιον
3622 4687 3847 4761 ἤρξαντο
3903 4695 4022 4764 περὶ
4074 4694 4169 4747 τήν

2563 4778 2764 4829 ἔκθεσιν
2795 4784 2895 4827 τῶν
2939 4776 2986 4829 ἐν
3016 4780 3217 4849 Νικαίᾳ
3270 4776 3710 4848 συνεληλυθότων,
3771 4784 3861 4831 καὶ
3911 4778 4171 4832 εκϐαλλειν

2563 4865 2829 4942 ἐγγράφως
2912 4868 2969 4919 τό
3013 4866 3307 4939 όμοούσιον·
3372 4863 3591 4920 σύνοδον
3650 4864 3736 4919 οὖν
3825 4867 4171 4942 ἀθροισθῆναι

2562 4956 3061 5030 παρασκευάσαντες

2563 5066 2653 5099 και
2702 5047 3005 5119 πεμφθῆναι
3042 5048 3175 5120 πρὸς
3228 5047 3508 5122 ὑπερορίαν
3580 5050 3840 5101 ἔσπευσαν
3898 5052 4019 5111 τοὺς
4077 5057 4170 5101 τοῦ

3161 4956 3209 5009 ἓν
3303 4956 3846 5011 Κωνσταντινουπόλει
3933 4959 4170 5011 καθείλον

2562 5138 2845 5210 όμοουσίου
2876 5201 2881 5207 ε
2916 5142 3171 5213 κήρυκας,
3243 5138 3545 5198 Ἀσκλήπᾶν
3618 5138 3893 5192 έπίοκοπον
3977 5140 4169 5211 Γάζης,

2561 5233 2651 5281 καὶ
2707 5227 2988 5302 κλιμάτων
3063 5226 3409 5304 Ἀνταράδου,
3465 5231 3633 5303 ἕτερον
3708 5230 3990 5303 κλιμάτων
4043 5230 4173 5284 Πολ-

2558 5338 2674 5390 του,
2725 5318 3049 5394 Ἐφρατίωνα
3124 5310 3403 5383 Βαλανέων,
3475 5327 3641 5395 Κῦρον
3699 5319 3981 5396 ιΒερῥοίας,
4031 5326 4171 5394 Δομ-

2558 5414 2715 5463 νίωνα
2775 5414 3011 5483 Σίρμίου,
3052 5408 3307 5464 Ἑλλάνων
3352 5408 3665 5486 Τριπόλέως,
3720 5409 3921 5485 Ἀρειον
3966 5418 4171 5485 Πετρῶν

2558 5508 2653 5563 τῆς
2706 5499 3015 5573 Παλαιόνής,
3092 5505 3181 5554 καὶ
3244 5498 3511 5575 Ἀστέριον
3586 5508 3792 5577 Πετρῶν
3871 5510 3967 5562 τῆς
4021 5501 4171 5575 Ἀρα-

2559 5588 2697 5658 ϐίας,
2740 5590 3027 5665 Ὀλύμπιον
3085 5594 3263 5659 Αἴνου,
3333 5587 3624 5645 Θεόδουλον
3689 5590 4170 5665 Τραϊανουπόλεως,

2558 5684 2846 5737 Βινκέντιον
2942 5683 3179 5749 Καπύης,
3270 5681 3530 5758 Ἐφράταν
3625 5682 3995 5760 Ἀγριππίνής,
4073 5681 4173 5736 Eti-
