4508 6436
355 430 422 482 l3
1713 415 2061 474 'I‘HESAURI
2103 415 2229 469 LIB.
2272 418 2357 470 Vl.
3654 418 3719 471 14.

350 556 571 623 τρόπιον
616 545 1111 621 Α’δριανουπόλεως,
1158 546 1218 597 οὗ
1259 542 1543 615 διάδοχος,
1580 549 1822 611 Λουκιος,
1867 546 1957 593 καὶ
1994 541 2041 596 Α
2070 542 2126 594 et

1938 541 2126 596 tAet
2190 539 2487 611 imprimis
2549 540 2885 599 Marcellum
2966 542 3217 611 Ancyrae
3288 539 3717 611 deposuerunt.

352 638 444 690 ἐπὶ
517 644 651 689 πᾶσι
710 640 794 687 τόν
854 635 1117 707 εἰρημένον
1180 634 1473 707 Μάρκελλον
1538 641 1633 695 τῆς
1699 633 1957 703 Ἀγκύρας

352 728 710 798 καθηρησαν·
771 726 1042 795 ὑπερφυῶς
1088 725 1189 797 γὰρ
1249 721 1587 793 ἐχαλέπαινον
1646 722 1823 790 αύτέ),
1879 721 1963 771 οἶα

356 820 493 887 μήτε
550 814 598 866 ἐν
646 822 707 884 τῇ
756 815 891 863 κατὰ
940 818 1179 869 Φοινίκην
1234 807 1439 881 συνόδῳ
1483 819 1590 872 τοῖς
1642 810 1730 862 ὑπ’
1794 808 1961 861 αύτὼν

356 907 627 976 όρισθείσι
678 906 811 954 κατά
861 901 1176 955 Ἀθανασίου
1234 904 1541 973 συνθεμένῳ,
1594 906 1724 973 μήτε
1774 906 1876 959 τοῖς
1917 897 1963 949 ἐν

353 984 734 1069 Ἰεροσολύμοις
774 991 859 1043 ἐπὶ
910 992 1113 1063 Ἀρείῳ,
1143 997 1273 1062 μήτε
1324 998 1415 1052 τῆς
1464 992 1821 1064 καθιερώσεως
1874 993 1964 1039 τοῦ

359 1084 589 1156 μεγάλου
653 1086 940 1157 μαρτυρίου
1008 1084 1330 1152 μετασχόντι
1400 1077 1473 1131 δι’
1541 1079 1809 1152 ἀποφυγὴν
1875 1086 1967 1138 τῆς

357 1177 498 1245 πρὸς
564 1172 746 1231 αύτούς
810 1175 1125 1232 κοινωνίας·
1196 1173 1283 1221 καὶ
1345 1177 1513 1221 ταῦτα
1587 1173 1676 1241 μεν
1742 1169 1817 1220 ἔτι
1876 1174 1966 1220 τοῦ

358 1260 594 1333 μεγάλου
626 1264 891 1333 περιόντος
924 1262 1336 1311 Κωνσταντίνου.

441 1349 508 1414 ς’.
551 1348 964 1409 Τελευτήσαντος
1024 1344 1080 1399 δι
1152 1345 1383 1409 ἐκείνου,
1442 1351 1530 1398 καὶ
1585 1355 1675 1406 τῆς
1725 1343 1821 1397 ἀνὰ
1876 1347 1969 1402 την

361 1441 434 1491 ἔω
511 1436 782 1510 βασιλείας
850 1436 921 1497 εἰς
988 1438 1343 1488 Κωνστάντιον
1408 1437 1772 1509 περιστάσης,
1844 1436 1970 1505 ἔσχε

362 1527 560 1600 μᾶλλον
609 1523 847 1578 ἐπίδοσιν
885 1528 948 1577 τα
994 1534 1094 1576 τῶν
1144 1525 1454 1598 Ἀρειανών·
1509 1526 1533 1575 6
1581 1527 1681 1596 γὰρ
1721 1543 1799 1575 τοι
1844 1541 1971 1594 πρε-

367 1615 623 1689 σϐύτερος
689 1613 873 1673 ἐκεῖνος
940 1612 993 1664 ὃν
1066 1611 1436 1686 ἁρειανόφρονα
1502 1617 1624 1663 ὄντα
1694 1619 1970 1664 Κώνσταν-

362 1712 491 1774 τίνῳ
537 1708 847 1759 συνέστησεν
894 1705 922 1759 ἡ
972 1702 1130 1753 αύτού
1191 1699 1411 1773 ἀδελφὴ,
1452 1706 1628 1772 γέγονε
1687 1721 1776 1751 και
1828 1707 1972 1752 Κων-

368 1799 599 1863 σταντίῳ
666 1796 1048 1864 κεχαρισμένος
1124 1790 1207 1842 οἷα
1269 1794 1362 1850 τας
1427 1798 1514 1841 τού
1585 1793 1973 1841 Κωνσταντίνου

367 1880 639 1943 διαθήκας
700 1878 981 1941 ἀποδώσας
1046 1882 1227 1955 αύτῳ·

365 1978 462 2023 καὶ
510 1980 567 2043 τῇ
625 1966 872 2043 βασιλίδι
920 1974 1182 2041 γενόμενος
1228 1968 1317 2020 καὶ
1365 1976 1473 2029 τοῖς
1522 1966 1569 2020 ἐν
1620 1964 1840 2039 δυνάμει
1891 1968 1977 2018 θα-

364 2061 691 2133 λαμηπόλοις
767 2059 1075 2130 εὐνούχοις,
1154 2059 1219 2109 ὧν
1296 2056 1544 2119 Εὐσέϐιος
1614 2059 1638 2108 ό
1714 2056 1979 2116 ἐπαινέτης

371 2153 575 2225 Ἀρείου
626 2154 979 2222 προειστήκει,
1021 2145 1228 2220 σφόδρα
1275 2154 1569 2221 συνεκρότει
1622 2148 1743 2208 τούς
1774 2148 1977 2221 Ἀρεία-

366 2245 511 2302 νούς.
544 2241 623 2292 Ἐν
672 2243 837 2309 τούτῳ
880 2235 939 2291 δὲ
973 2240 1282 2299 Ἀθανοίσιος
1333 2237 1385 2289 ἐκ
1426 2247 1525 2289 τῶν
1578 2237 1800 2290 Γαλλιών
1854 2238 1980 2288 ἐπα-

368 2332 555 2387 νῆλθεν
624 2329 689 2389 εἰς
752 2324 1186 2402 Ἀλεξάνδρειαν,
1245 2326 1615 2401 ἐπιτρέψαντος
1683 2327 1820 2397 αύτῴ
1887 2331 1978 2383 την

369 2416 625 2484 κάθοδον,
678 2423 765 2469 καὶ
812 2420 1103 2489 γράμματα
1160 2414 1336 2477 δόντος
1390 2422 1516 2491 πρὸς
1564 2421 1680 2476 τούς
1736 2416 1977 2477 Ἀλεξαν-

2071 628 2250 683 Valde
2281 630 2439 685 enim
2478 628 2554 685 illi
2592 629 3087 700 indignabantur,
3130 631 3331 700 utpote
3379 628 3484 701 qui
3526 644 3723 702 neque

2069 718 2129 773 in
2162 718 2399 789 synodo
2441 719 2605 791 apud
2636 718 2941 775 Phoenices
2984 716 3193 772 habita
3231 717 3303 771 iis
3334 733 3471 789 quae
3515 723 3727 774 contra

2071 808 2466 863 Athanasium
2520 808 2765 864 decretae
2816 810 2955 863 sunt
3010 805 3347 873 adhaeserit,
3398 821 3594 878 neque
3650 806 3723 861 iis

2072 912 2207 967 quae
2243 896 2665 969 Hierosolymis
2696 897 2769 952 de
2800 897 2957 962 Ario,
2988 910 3183 967 neque
3217 895 3422 964 magni
3464 895 3729 951 testimo-

2073 985 2155 1040 nii
2222 987 2658 1042 consecrationi
2720 1002 2782 1040 se
2826 983 3179 1049 admoverit,
3227 988 3470 1056 propter
3516 1000 3727 1041 eorum

2075 1074 2521 1130 communionis
2567 1074 3049 1131 detestationem.
3084 1076 3148 1129 Et
3192 1072 3321 1129 haec
3366 1073 3613 1145 quidem
3643 1074 3730 1130 vi-

2074 1169 2249 1220 vente
2280 1164 2479 1220 adhuc
2511 1164 2897 1222 Constantino
2926 1166 3160 1235 Magno.

2150 1345 2203 1398 6.
2246 1341 2347 1398 lllo
2391 1345 2590 1399 autem
2640 1346 2916 1413 mortuo,
2964 1345 3021 1398 et
3069 1340 3289 1398 Orienti
3341 1341 3597 1415 imperio
3653 1340 3732 1399 ad

2080 1432 2494 1488 Constantium
2544 1433 2929 1501 deveniente,
2979 1448 3074 1487 res
3128 1432 3485 1487 Arianorum
3542 1434 3733 1487 incre-

2081 1526 2349 1575 mentum
2378 1536 2682 1593 accepere.
2716 1522 2810 1577 Ille
2841 1521 3001 1576 enim
3046 1520 3361 1591 presbyter
3408 1536 3591 1593 quem
3616 1519 3736 1576 Arii

2083 1615 2280 1681 partes
2324 1615 2624 1666 tenentem
2656 1611 3045 1667 Constantino
3086 1610 3278 1681 ipsius
3326 1626 3497 1665 soror
3540 1609 3738 1665 conci-

2081 1699 2349 1764 liaverat,
2384 1699 2491 1755 fuit
2529 1704 2585 1755 et
2616 1700 2957 1755 Constantio
3008 1700 3247 1764 charus,
3284 1703 3483 1771 utpote
3512 1698 3616 1771 qui
3654 1698 3739 1754 illi

2085 1789 2455 1844 Constantini
2516 1793 2948 1845 testamentum
3011 1788 3303 1844 detulerit.
3368 1788 3508 1843 lnde
3563 1789 3741 1857 igitur

1300 1882 1531 1941 συνήθης
1596 1874 1681 1930 οὖν
1750 1878 1975 1930 ἐντεῡὺεν
2017 1895 2055 1948 Β
2086 1878 2449 1949 imperatrici
2479 1878 2791 1934 familiaris
2825 1878 3015 1933 factus
3048 1895 3077 1932 c

1960 1899 1975 1927 ν
2017 1895 2055 1948 Β
2086 1878 2449 1949 imperatrici
2479 1878 2791 1934 familiaris
2825 1878 3015 1933 factus
3048 1882 3102 1932 ct
3132 1877 3425 1932 eunuchis
3457 1878 3600 1947 regii
3634 1894 3740 1933 cu-

2088 1967 2265 2023 biculi
2290 1968 2741 2038 potentissimis,
2770 1967 2985 2040 quibus
3012 1972 3267 2038 praeerat
3293 1966 3601 2033 Eusebius,
3625 1966 3746 2022 Arii

2088 2055 2300 2115 fautor.
2338 2057 2585 2112 Arianos
2632 2056 2891 2112 fovebat.
2934 2059 3163 2111 Interea
3202 2071 3342 2111 vero
3377 2056 3744 2112 Athanasius

2089 2162 2153 2201 ex
2185 2145 2383 2201 Galliis
2424 2145 2851 2201 Alexandriam
2900 2145 3184 2209 redierat,
3219 2146 3476 2199 reditum
3509 2145 3587 2200 illi
3620 2150 3749 2217 per-

2090 2236 2352 2290 mittente
2402 2234 2741 2307 litterasque
2791 2235 2868 2290 ad
2898 2234 3333 2289 Alexandrinos
3376 2234 3557 2289 dante
3605 2238 3751 2290 Con-

2090 2324 2352 2379 stantino
2376 2324 2744 2379 Constantini
2768 2326 2960 2394 Magni
2984 2324 3124 2391 tilio,
3144 2323 3249 2396 qui
3275 2323 3353 2379 ad
3376 2324 3751 2381 occidentem

2090 2412 2289 2467 Galliae
2316 2413 2675 2484 imperabat.

375 2507 518 2583 δρεῖς
588 2513 977 2561 Κωνσταντίνου
1044 2516 1135 2559 τού
1196 2509 1470 2580 ὁμωνύμου
1520 2516 1592 2578 τῷ
1660 2506 1865 2579 μεγάλῳ
1926 2508 2298 2574 Κωνσταντίνῳ
2349 2499 2546 2565 παιδός
2598 2502 2798 2570 αύτού,
2854 2503 2906 2566 ὃς
2970 2522 3107 2576 ηρχε
3179 2511 3277 2556 τῶν
3343 2507 3473 2578 πρὸς
3541 2504 3753 2577 ἐσπέρον

373 2600 640 2652 Γαλατῶν.

450 2689 516 2749 ζ,
561 2690 705 2741 Κατὰ
749 2684 806 2739 δε
852 2694 1031 2738 τοῦτον
1071 2690 1157 2738 τόν
1190 2690 1377 2759 χρόνον
1418 2684 1665 2739 Εὖσεϐίου
1705 2694 1797 2738 τού
1842 2692 1983 2755 Παμ-

375 2778 529 2850 φίλου
571 2781 654 2829 τόν
710 2776 825 2849 βίον
878 2775 1138 2843 λιπόντος,
1188 2773 1456 2838 διεδέξατο
1506 2780 1597 2833 τὴν
1644 2774 1691 2827 ἐν
1862 2782 1985 2827 Και-

377 2872 567 2943 σαρείᾳ
632 2875 721 2926 τῆς
785 2864 1135 2924 Παλαιστίνης
1193 2864 1483 2923 ἐπισκοπὴν
1540 2866 1823 2925 Ἀκάκιοςο
1892 2866 1984 2915 ούκ

372 2959 445 3018 εἰς
499 2960 702 3029 μακρὰν
761 2952 818 3008 δε
872 2960 960 3007 καὶ
1013 2962 1399 3017 Κωνσταντῖνος
1446 2958 1469 3007 6
1518 2954 1787 3028 βασιλεύς,
1834 2955 1983 3007 πόλε-

2167 2689 2221 2738 7.
2265 2686 2383 2738 lloc
2412 2687 2613 2738 autem
2653 2686 2920 2756 tempore
2966 2682 3223 2739 Eusebio
3255 2684 3547 2755 Pamphili
3574 2701 3605 2740 e
3636 2684 3760 2743 vita

2095 2772 2382 2844 profecto,
2402 2775 2682 2828 Caesarea:
2705 2773 2764 2827 in
2784 2772 3097 2827 Palaestina
3115 2774 3535 2846 episcopatum
3556 2790 3759 2830 susce-

2096 2861 2180 2933 pit
2212 2861 2480 2917 Aeacius.
2518 2866 2629 2917 Nec
2661 2862 2844 2931 longo
2868 2867 3001 2934 post
3033 2869 3301 2934 tempore
3331 2864 3760 2921 Constantinus

2098 2951 2424 3022 imperator
2449 2952 2552 3022 qui
2600 2952 2845 3023 proprio
2876 2952 3040 3007 fratri
3074 2954 3378 3007 Constanti
3418 2952 3646 3008 bellum
3674 2954 3761 3009 in-

368 3069 470 3121 μον
528 3052 802 3119 επαγαγὼν
855 3055 924 3116 τῷ
978 3042 1099 3117 ἰδίῳ
1157 3043 1361 3118 ἁδελφῲ
1418 3053 1738 3117 Κώνσταντι,
1801 3051 1982 3099 κτείνε-
2026 3034 2063 3087 C
2096 3040 2148 3095 di

1972 3079 1982 3087 .
2026 3034 2063 3087 C
2096 3040 2355 3107 dixerat,
2409 3041 2693 3113 Aquileiae
2750 3040 2827 3096 ab
2886 3042 3015 3112 ejus
3072 3041 3330 3097 ducibus
3383 3042 3752 3099 interﬁcitur.

368 3158 465 3191 ται
522 3139 665 3211 παρά
717 3145 815 3187 τῶν
864 3136 1057 3187 ἐκείνου
1113 3144 1422 3209 στρατηγῶν
1468 3134 1514 3187 ἐν
1569 3135 1805 3208 Ἀκυλίᾳ.
1858 3140 1984 3188 Τότε

367 3225 433 3281 δὲ
476 3232 566 3278 καὶ
623 3222 965 3297 Ἀλεξάνδρου
1029 3233 1120 3277 τοῦ
1176 3226 1766 3287 Κωνσταντινουπόλεως
1818 3225 1982 3277 τελευ-

366 3323 675 3383 τησαντος,
728 3312 1128 3388 προεϐλήθησαν
1184 3316 1329 3386 παρὰ
1390 3318 1479 3386 μὲν
1542 3323 1640 3365 τῶν
1710 3314 1981 3387 Ἀρειανών

368 3402 721 3471 Μακεδόνιος,
767 3407 910 3476 παρα
954 3400 1013 3455 δὲ
1067 3412 1165 3455 τῶν
1212 3400 1507 3477 ὀρθοδοξων
1570 3404 1791 3467 Παῦλος,
1844 3407 1986 3478 παρα

367 3501 583 3567 γνώμην
635 3500 726 3545 τοῦ
784 3488 1145 3563 Νικομηδείας
1199 3492 1485 3545 ἐπισκόπου
1550 3492 1835 3553 Εύσεϐίου,
1896 3500 1984 3546 καὶ

372 3581 657 3658 Θεοδώρου
741 3591 833 3635 τοῦ
886 3586 980 3641 τὴν
1037 3583 1088 3635 ἐν
1155 3584 1338 3655 Θράκῄ
1396 3582 1736 3656 Ἠρακλείας,
1792 3585 1864 3644 οἷς
1917 3586 1986 3645 ὡς

368 3681 602 3745 γείτοσιν
659 3675 687 3731 ἡ
758 3680 1057 3746 χειροτονία
1126 3669 1377 3747 διέφερεν.
1445 3674 1562 3727 Ἐπὶ
1624 3676 1833 3735 τούτοις
1897 3669 1985 3725 οὖν

372 3765 647 3839 ὀργισθεὶς
700 3764 1097 3831 Κωνστάντιος,
1152 3766 1498 3836 παραγέγονεν
1545 3762 1617 3824 εἰς
1668 3763 1983 3828 Βυζάντιον,

372 3855 437 3912 ἦν
489 3855 592 3926 γὰρ
649 3848 926 3923 ἀπόδημος
978 3848 1259 3921 τηνικάδε,
1308 3857 1399 3904 καὶ
1459 3849 1677 3905 σύνοδον
1732 3855 1981 3917 καθίσας,

370 3939 677 4017 παρέδωκεν
737 3940 969 4013 Εύσεϐίῳ
1032 3949 1103 4012 τῷ
1157 3938 1519 4015 Νικομηδείας
1574 3946 1660 3994 τόν
1711 3949 1984 3995 Κώνσταν-

372 4031 716 4092 τινουπόλεως
790 4033 1006 4106 Θρόνον,
1079 4027 1321 4107 δευτέραν
1386 4034 1579 4089 ταύτην
1658 4034 1987 4105 μετατεθέντι

372 4123 694 4194 μετάθεσινο
756 4118 840 4172 ἐπὶ
887 4123 1073 4173 τούτου
1142 4122 1604 4196 συνηθροίσθησαν
1664 4122 1730 4182 εἰς
1782 4121 1985 4175 Ἀντιό-

371 4229 533 4283 Zama
586 4212 679 4265 την
737 4207 967 4279 μεὴάλην
1022 4211 1321 4266 ἐνενήκοντα
1368 4214 1458 4261 καὶ
1502 4208 1631 4261 ἑπτα
1688 4210 1982 4277 ἐπίσκοποι,

371 4301 444 4350 ὧν
500 4298 604 4352 εἰσι
650 4302 738 4349 καὶ
785 4299 834 4349 οἱ
882 4302 1151 4371 φερόμενοι
1203 4302 1445 4361 κανόνεςέ

2094 3133 2255 3185 Tunc
2319 3136 2523 3185 autem
2590 3135 2646 3186 et
2702 3130 3041 3186 Alexandro
3095 3132 3758 3204 Constantinopolitano

2094 3223 2351 3289 mortuo,
2388 3219 2553 3275 electi
2586 3225 2723 3275 sunt
2752 3221 2829 3275 ab
2860 3220 3091 3276 Arianis
3122 3220 3527 3289 Macedonius,
3559 3222 3637 3278 ab
3667 3239 3761 3279 or-

2095 3308 2377 3364 thodoxis
2406 3325 2547 3364 vero
2578 3309 2817 3377 Paulus,
2846 3314 3055 3365 contra
3102 3316 3365 3365 mentem
3396 3312 3757 3368 Nicomediae

2095 3398 2367 3471 episcopi
2400 3398 2654 3463 Eusebii,
2689 3403 2745 3454 et
2774 3399 3066 3454 Theodori
3092 3398 3385 3455 Heracleae
3418 3400 3479 3455 in
3507 3402 3761 3458 Thracia

2095 3488 2382 3560 episcopi,
2416 3488 2492 3544 ad
2519 3504 2673 3560 quos
2702 3493 2763 3543 ut
2807 3489 3036 3544 vicinos
3068 3489 3403 3561 pertinebat
3433 3490 3757 3549 ordinatio.

2097 3577 2236 3633 ldeo
2291 3578 2477 3633 iratus
2527 3578 2911 3634 Constantius
2968 3579 3314 3650 Byzantium
3372 3580 3537 3636 venit
3592 3584 3758 3651 (tunc

2096 3668 2257 3723 enim
2286 3667 2513 3738 aberat)
2542 3686 2554 3736 ;
2588 3671 2645 3723 et
2676 3668 2912 3739 synodo
2944 3672 3276 3724 convocata
3308 3669 3564 3725 Eusebio
3591 3671 3759 3727 Nico-

2096 3758 2366 3813 medensi
2408 3758 3142 3830 Constantinopolitanum
3184 3758 3470 3815 thronum
3510 3760 3760 3818 tradidit

2096 3848 2198 3920 qui
2224 3848 2381 3903 hanc
2414 3846 2745 3902 secundam
2776 3847 3229 3903 translationem
3253 3849 3501 3921 accepit.
3528 3850 3759 3908 Interea

2096 3937 2473 3993 Antiochiam
2500 3953 2793 4007 magnam
2819 3954 3153 3994 convenere
3176 3940 3506 4010 nonaginta
3528 3945 3758 4013 septem

2096 4027 2384 4100 episcopi,
2423 4032 2835 4083 convenerunt
2867 4033 3074 4083 autem
3106 4032 3171 4084 ut
3199 4035 3466 4086 recenter
3493 4031 3756 4089 aaditica-

2098 4123 2221 4173 tam
2253 4116 2571 4173 ecclesiam
2599 4117 3030 4187 consecraturi,
3055 4133 3242 4190 quam
3270 4119 3571 4176 aediﬁcare
3603 4120 3761 4179 ince-

2097 4213 2268 4279 perat
2306 4206 2765 4272 Constantinus;
2802 4206 2999 4279 reipsa
3030 4223 3193 4274 vero,
3227 4214 3291 4265 ut
3339 4212 3585 4266 eventus
3625 4226 3761 4283 pro-

1502 4300 1864 4371 ἡθροίσθησαν
1926 4297 1983 4353 δὲ
2024 4302 2066 4355 D
2100 4296 2286 4366 bavit,
2315 4296 2554 4353 Nicaena
2580 4295 2820 4352 decreta
2852 4297 3159 4353 mutaturi.

371 4390 639 4464 προφάσει
691 4390 780 4458 μὲν
831 4385 915 4439 ἐπὶ
968 4388 1279 4460 καθιερώσει
1337 4396 1427 4449 τῆς
1484 4387 1586 4441 ἐκεῖ
1640 4392 2042 4461 νεουργηθείσης
2092 4385 2372 4448 ἐκκλησίας
2424 4385 2483 4443 ἣν
2539 4386 2733 4457 ἤρξατο

2825 4388 2916 4457 μὲν
2980 4382 3275 4459 οἰκοδομεῖν
3334 4393 3761 4460 Κωνσταντῖνος,

374 4479 720 4551 ἐξειργάσατο
762 4473 820 4530 δὲ
861 4479 1255 4538 Κωνστάντιος·
1299 4480 1368 4540 ὡς
1408 4475 1466 4531 δὲ
1503 4482 1559 4531 τό
1602 4478 1799 4532 ἀποϐὰν
1841 4477 2029 4543 ἔδειξεν
2068 4477 2154 4530 ἐπὶ
2194 4480 2539 4549 μεταποιήσει
2579 4484 2677 4526 τῶν
2710 4474 2757 4527 ἐν
2798 4480 2997 4548 Νικαία
3038 4473 3318 4538 δοξάντων.

450 4566 517 4626 η’.
576 4567 821 4638 Ἡγοῦντο
893 4562 951 4619 δὲ
1019 4575 1108 4628 τῆς
1181 4564 1406 4621 συνόδου
1481 4572 1677 4630 ταύτης
1742 4569 1991 4631 Εὐσέϐιος

377 4655 973 4718 Κωνσταντινόυπόλεως
1027 4657 1053 4708 6
1113 4656 1213 4710 ἀπὸ
1262 4656 1619 4732 Νικομηδείας
1671 4662 1988 4732 μετατεθεὶς,

376 4750 627 4809 Ἀκακιος
692 4751 1007 4820 Καισαρείας
1072 4755 1167 4808 τῆς
1224 4750 1360 4801 κατά
1430 4748 1804 4821 Παλαιστίνην,
1876 4758 1989 4803 Πα-

375 4836 615 4911 τρόφιλος
677 4834 1079 4903 Σκυθοπόλεως,
1134 4832 1404 4910 Θεόδωρος
1458 4840 1769 4911 Πειρίνθου,
1829 4834 1993 4889 Εὐδό-

378 4930 486 4991 ξιος
546 4931 950 5002 Γερμανικείας,
1011 4928 1289 4987 Διαύσιος⁴
1322 4933 1639 5003 Καισαρείας
1696 4924 1990 4981 Καππαδο-

376 5023 517 5083 κίας,
574 5021 666 5068 καὶ
727 5022 981 5091 Γεώργιος
1041 5012 1355 5077 Λαοδικείας
1410 5027 1504 5080 τῆς
1564 5020 1707 5092 παρὰ
1763 5020 1988 5091 Σύρους·

376 5109 625 5179 Μάξιμος
683 5103 743 5159 δὲ
793 5107 817 5157 6
872 5109 1003 5179 μετὰ
1046 5108 1317 5181 Μακάριόν
1364 5107 1731 5183 Ἰεροσολύμων
1785 5107 1992 5160 ἐπίσκο-

376 5221 471 5263 πος
522 5204 752 5271 γεγονὼς
782 5195 1029 5259 ἐπίτηδες
1073 5197 1329 5271 ἀπο-φύγε
1374 5203 1567 5257 ταύτην
1608 5204 1701 5257 την
1750 5197 1990 5267 σύνοδον,

377 5288 791 5363 μεταμελόμενος
848 5290 1034 5341 καθότι
1093 5287 1382 5352 ἀπατηθεὶς
1444 5289 1639 5361 ἐγένετο
1711 5290 1992 5362 σύμψηφος

378 5389 484 5440 τοῖς
544 5378 856 5432 Ἀθανάσιον
923 5378 1231 5432 καθελοῦσιν
1286 5382 1333 5432 ἐν
1391 5383 1562 5455 Τύρῳ.
1624 5379 1744 5433 ’Υπό
1800 5383 1993 5432 τούτων

380 5468 466 5524 οὖν
518 5478 621 5521 τῶν
669 5467 716 5520 ἐν
768 5469 1071 5542 Ἀντιοχείᾳ
1112 5470 1529 5528 συνεληλυθότων
1579 5474 1707 5545 πρὸς
1756 5479 1817 5543 τῇ
1874 5468 1993 5523 δια-

384 5567 583 5637 στροφῇ
635 5566 725 5611 τοῦ
781 5556 1046 5632 δόγματος
1090 5559 1408 5615 Ἀθανασίου
1459 5560 1993 5633 καταψηφισαμένων,

384 5650 681 5728 προεϐλήθη
739 5646 1133 5727 Ἀλεξανδρειας
1190 5653 1471 5713 ἐπίσκοπος
1538 5650 1786 5713 Εὐσέϐιος
1853 5652 1877 5704 6
1946 5650 1997 5714 ἐξ

2175 4570 2225 4621 8.
2272 4565 2582 4622 Ducebant
2634 4570 2835 4621 autem
2891 4565 3049 4621 hanc
3114 4566 3422 4637 synodum
3471 4569 3763 4627 Eusebius

2103 4654 2805 4727 Constantinopolitanus
2859 4656 2965 4728 qui
3031 4656 3379 4713 Nicomedia
3438 4660 3765 4717 translatus

2100 4745 2315 4811 fuerat,
2346 4744 2595 4801 Acacius
2624 4746 2906 4801 Caesarea:
2946 4745 3004 4800 in
3039 4745 3356 4815 Palestina,
3388 4749 3766 4821 Patrophilus

2106 4835 2507 4909 Scythopolis,
2552 4834 2895 4891 Theodorus
2942 4834 3219 4907 Perinthi,
3270 4836 3576 4893 Eudoxius
3630 4841 3767 4897 Ger-

2102 4925 2402 4993 maniciae,
2464 4924 2739 4980 Diausius
2797 4927 3084 4981 Caesareae
3138 4926 3199 4981 in
3252 4926 3658 4999 Cappadocia,
3710 4933 3768 4987 et

2104 5016 2393 5085 Georgius
2419 5014 2728 5069 Laodiceae
2758 5014 2921 5086 apud
2949 5016 3153 5086 Syros.
3184 5016 3476 5072 Maximus
3498 5018 3603 5091 qui
3630 5024 3769 5091 post

2103 5106 2422 5164 Macarium
2456 5104 2886 5175 Hierosolymae
2921 5105 3243 5177 episcopus
3295 5106 3487 5163 factus
3518 5114 3666 5180 erat,
3693 5110 3769 5166 de

2102 5196 2399 5253 industria
2432 5195 2738 5267 synodum
2782 5194 3108 5261 vitaverat;
3142 5212 3279 5251 eum
3308 5197 3471 5253 enim
3513 5199 3771 5271 poenite-

2104 5288 2208 5343 bat
2240 5286 2403 5359 quod
2435 5285 2723 5357 deceptus
2756 5285 3113 5355 suffragium
3148 5286 3378 5343 tulisset
3408 5304 3546 5343 cum
3574 5288 3644 5345 iis
3666 5289 3773 5362 qui

2102 5377 2236 5449 Tyri
2278 5375 2676 5432 Anathasium
2720 5374 3157 5446 deposuerant.
3189 5375 3276 5431 Ab
3323 5376 3394 5431 iis
3440 5378 3545 5450 qui
3592 5379 3774 5449 igitur

2106 5468 2432 5524 Antiochiae
2456 5466 2974 5522 convcrsabantur
3001 5472 3053 5522 et
3078 5471 3293 5539 praeter
3320 5467 3623 5536 dogmatis
3646 5487 3775 5543 per-

2103 5559 2443 5616 versionem
2494 5556 2888 5613 Athanasium
2932 5557 3514 5629 condemnaverant,
3552 5560 3776 5619 electus

2105 5653 2197 5706 est
2262 5647 2641 5706 Alexandriae
2713 5647 3035 5721 episcopus
3105 5647 3437 5717 Eusebius,
3507 5650 3774 5723 Edessa,
