4508 6436
807 383 869 434 15
2150 371 2414 427 ΝΙΟΕΤᾹΞ
2455 369 2822 429 ΟΗΟΝΙΑΤΕ
3981 342 3986 353 Ι
4103 392 4167 445 16

803 503 1208 558 Osroenorum
1246 498 1394 554 urbe
1421 498 1734 566 oriundus,
1766 498 1958 554 factus
1999 510 2142 551 vero
2169 494 2454 565 deinceps
2493 496 2541 548 A
2572 494 2583 513 ‘

2389 509 2454 565 ps
2493 496 2541 548 Α
2572 490 2833 559 Ἐδέσσης
2884 500 2974 569 μὶν
3017 504 3113 560 τῆς
3161 498 3459 572 Ὀσροηνῶν
3507 501 3782 576 ὑπάρχων,
3816 510 4078 580 γενόμενος
4109 507 4169 563 δε

802 592 1031 645 Emesa:
1070 588 1412 660 episcopus,
1439 588 1543 659 qui
1578 592 1812 659 partem
1852 584 2238 641 astronomiae
2273 597 2460 651 augu-

800 676 993 732 ralem
1046 675 1268 730 dictam
1319 674 1654 729 exercuisse
1695 673 2077 745 arguebatur.
2128 674 2461 726 Recusante

800 781 945 821 vero
975 763 1398 820 Alexandriam
1445 762 1727 832 Eusebio,
1788 761 2071 817 suffectus
2112 765 2199 815 est
2245 761 2458 828 Grego-

800 854 926 910 rius
972 853 1176 909 Tarbae
1241 852 1600 924 episcopus,
1661 867 1784 923 qua
1834 851 1909 906 de
1960 865 2023 905 re
2077 848 2459 918 indignantes

801 941 1209 1007 Alexandrini,
1235 940 1547 996 ecclesiam
1597 939 1862 1012 Dionysii
1902 938 2085 1010 hujus
2123 936 2291 992 urbis
2336 935 2457 1006 epi-

802 1031 968 1104 scopi
1006 1031 1251 1088 nomine
1282 1030 1505 1086 dictam
1544 1030 1978 1097 incenderunt;
2012 1032 2068 1085 et
2096 1025 2458 1083 Athanasius

801 1121 1049 1192 quidem
1074 1120 1308 1191 fugiens
1337 1123 1590 1176 Romam
1614 1119 1793 1176 venit.

872 1305 924 1356 9.
967 1299 1147 1356 Paulo
1201 1303 1339 1371 post
1394 1302 1632 1355 mortuo
1687 1297 1962 1363 Eusebio,
2021 1293 2459 1351 contenderunt

797 1404 1043 1445 rursum
1069 1388 1142 1444 de
1175 1387 1694 1459 Constantinopoli
1725 1387 1941 1442 Paulus
1967 1390 2023 1440 et
2051 1383 2453 1440 Macedonius.

801 1477 973 1542 Quod
1002 1476 1105 1532 ubi
1132 1477 1414 1547 cognovit
1440 1476 1821 1533 Constantius
1849 1473 2192 1536 Antiochiae,
2213 1474 2454 1526 Hermo-

796 1567 934 1636 geni
967 1566 1262 1621 exercitus
1294 1566 1429 1620 duci
1463 1565 1567 1637 qui
1606 1566 1666 1620 in
1695 1565 2006 1620 Thraciam
2044 1561 2262 1616 missus
2305 1563 2451 1628 erat,

795 1655 1126 1720 mandavit,
1161 1659 1223 1710 ut
1259 1655 1371 1710 iter
1407 1659 1679 1727 pergeret
1723 1653 1802 1709 ad
1849 1651 2270 1724 expellendum
2304 1652 2451 1705 Pau-

791 1744 919 1800 lum
952 1761 1024 1799 ex
1054 1743 1328 1800 ecclesia.
1355 1745 1500 1799 Cum
1525 1743 1663 1797 illuc
1694 1741 2057 1806 advenisset,
2091 1739 2451 1810 militarique

2569 583 2783 658 ὕστερον
2811 586 3036 658 Ἐμέσης
3075 585 3377 657 ἐπίσκοπος,
3420 588 3476 650 ὃς
3503 595 3592 642 καὶ
3633 588 3926 647 διεϐάλλετο
3958 595 4168 650 ἀσκεῖσ-

2571 673 2656 724 θαι
2704 681 2798 736 τῆς
2837 673 3182 750 ἀστρονομίας
3230 680 3286 728 τό
3338 675 3809 751 ἁποτελεσματικόν
3857 685 4166 758 καλούμενον

2566 766 2751 836 μέροςο
2803 768 3267 838 παραίτησαμένου
3318 761 3378 818 δὲ
3429 773 3520 819 τοῦ
3570 768 3822 823 Εύσεϐίου
3880 779 3973 832 τὴν
4031 775 4166 827 Ἀλε-

2568 847 2859 926 ξάνδρειαν,
2902 852 3164 928 ἐπετράπη
3214 855 3240 906 ό
3282 860 3568 930 Γρηγόριος
3614 867 3712 910 τῶν
3757 861 4163 935 Ταρϐασθηνῶν,

2566 938 2644 1011 ἐφ’
2777 941 3151 1013 χαλεπήναντες
3209 945 3258 995 οἱ
3312 942 3684 1019 Ἀλεξανδρεῖς,
3741 955 3836 1008 τὴν
3893 953 4165 1026 ὁμωνύμου

2567 1034 2839 1082 Διονυσίου
2881 1039 2970 1083 τοῦ
3000 1028 3130 1104 τῇδε
3169 1031 3614 1103 ἓπισκοπὴσαντο,
3647 1036 3928 1097 ἐκκλησίαν
3958 1041 4166 1116 ἐνέπρη-

2569 1136 2664 1170 σαν
2691 1141 2702 1152 ·
2731 1123 2820 1171 καὶ
2847 1120 3158 1183 Ἀθανάσιος
3186 1123 3275 1193 μὲν
3307 1127 3482 1194 φυγὼν
3514 1124 3586 1186 εὶς
3613 1124 3810 1199 Ῥώμην
3843 1128 4074 1201 ἀφίκετο.

2641 1205 2700 1264 θ’.
2743 1209 2866 1262 Μετ’
2899 1209 2957 1261 ού
2988 1209 3117 1262 πολὺ
3164 1207 3223 1262 δὲ
3265 1210 3662 1275 τελευτήσαντος
3708 1216 3981 1288 Εύσεϐίου,
4023 1217 4165 1272 ἀντε-

2564 1301 2853 1355 ποιήσαντο
2915 1297 3068 1350 πάλιν
3147 1307 3242 1357 τῆν
3312 1305 3896 1368 Κωνσταντινουπόλεως
3961 1308 4165 1372 Παῦλος

2564 1390 2652 1437 καὶ
2703 1382 3050 1448 Μακεδόνιος.
3112 1391 3468 1450 Κωνστάντιος
3522 1387 3618 1458 δὲ,
3674 1401 3823 1447 τοῦτο
3874 1398 4053 1468 μαθὼν
4115 1397 4164 1450 ἐν

2564 1473 2899 1547 Ἀντιοχείᾳ,
2991 1474 3261 1550 ἐπέτρεψεν
3339 1477 3629 1552 Ἑρμογένει
3707 1491 3780 1553 τῷ
3862 1485 4159 1560 στατηλάτη

2561 1567 2692 1639 πρὸς
2751 1566 2818 1616 τὰ
2870 1567 3080 1638 Θρᾴκια
3133 1571 3442 1639 πεμπομένῳ
3498 1573 3670 1642 μέρη,
3722 1567 3850 1624 ὁδοῦ
3907 1577 4161 1647 πάρεργον

2560 1662 2784 1712 ποιῆσαι
2821 1657 2880 1706 τὸ
2930 1652 3192 1716 ἐξωθῆσαι
3236 1654 3437 1707 Παυλον
3480 1665 3575 1719 τῆς
3615 1658 3937 1724 ἐκκλησίας⁶
3969 1663 4029 1715 οὗ
4057 1683 4160 1716 πα-

2558 1747 2896 1815 ραγενομένου
2961 1747 3051 1795 καὶ
3133 1752 3480 1818 στρατιωτικῇ
3550 1753 3695 1822 χειρὶ
3772 1755 4155 1824 χρησαμένου,

792 1850 983 1890 manu
1034 1838 1317 1902 uteretur,
1358 1831 1678 1888 insurrcxit
1728 1830 2017 1903 populus,
2045 1844 2307 1900 eumque
2358 1843 2449 1883 ra-
2488 1829 2572 1901 Βὲ

2378 1843 2449 1883 ’ᾶ-
2488 1848 2527 1901 Β
2558 1829 2843 1884 ἐστασίασε
2890 1835 2948 1883 τὸ
2997 1831 3217 1903 πλῆθος,
3261 1838 3352 1885 καὶ
3406 1833 3560 1886 αὐτόν
3620 1840 3864 1910 σύραντες
3912 1843 4158 1894 άπέκτει-

788 1927 1026 1995 ptatum
1075 1922 1515 1978 interfecerunt.
1567 1924 1642 1976 De
1695 1936 1766 1976 eo
1806 1920 2018 1976 certior
2062 1918 2252 1974 factus
2305 1919 2450 1972 Con-

793 2014 1071 2080 stantius,
1106 2010 1690 2084 Constantinopolim
1725 2010 1906 2078 venit,
1947 2014 2003 2065 et
2040 2007 2287 2064 Paulum
2319 2008 2448 2079 qui-

787 2102 925 2158 dem
975 2102 1212 2174 expulit,
1248 2102 1462 2156 urbem
1510 2116 1653 2156 vero
1700 2099 1949 2171 punivit,
1980 2097 2261 2153 frumenti
2309 2112 2445 2152 eam

784 2192 951 2263 quod
991 2195 1160 2263 pater
1188 2189 1538 2262 praestabat,
1570 2187 1979 2261 quadraginta
2017 2202 2443 2242 mensurarum

783 2281 1051 2337 millibus
1098 2286 1154 2337 et
1202 2280 1357 2336 ultra
1409 2296 1545 2336 eam
1589 2279 1859 2352 privavit.
1915 2277 2228 2347 Octoginta
2282 2277 2442 2332 enim

781 2369 970 2425 millia
1017 2370 1184 2441 prius
1229 2369 1531 2425 dabantur
1578 2367 1810 2423 civibus
1861 2366 2110 2436 singulis
2150 2366 2324 2422 annis
2368 2381 2441 2420 ex

780 2458 1018 2514 tributis
1049 2459 1399 2531 AZgyptiaco
1426 2457 1655 2530 populo
1680 2456 1998 2529 impositis.
2028 2455 2441 2511 Macedonium

781 2552 985 2603 autem
1017 2563 1140 2603 non
1168 2548 1366 2604 statim
1393 2547 1560 2602 urbis
1589 2547 1946 2618 episcopum
1972 2545 2142 2612 fecit;
2176 2545 2280 2599 sed
2312 2544 2444 2600 sivit

778 2636 949 2692 illum
978 2637 1274 2693 adversus
1321 2636 1571 2692 Paulum
1603 2636 1665 2691 in
1705 2635 1991 2707 praedicta
2021 2633 2272 2690 ecclesia
2301 2649 2439 2689 con-

779 2726 983 2781 cilium
1033 2726 1228 2782 facere
1276 2727 1336 2781 in
1381 2743 1503 2798 qua
1531 2730 1587 2781 et
1615 2724 1928 2781 ordinatus
1977 2728 2103 2791 est;
2138 2728 2316 2795 atque
2359 2723 2441 2780 ita

776 2815 905 2887 ipse
936 2816 1312 2872 Antiochiam
1338 2831 1612 2872 reversus
1636 2819 1750 2883 est;
1779 2813 1995 2870 Paulus
2021 2828 2159 2869 vero
2185 2816 2438 2870 Romam

778 2905 1109 2963 descendit.

854 3089 940 3144 lO.
984 3089 1064 3141 Ea
1096 3100 1238 3141 vero
1285 3100 1421 3157 quae
1471 3082 1846 3140 Alexandriae
1887 3083 2045 3140 facta
2089 3087 2227 3138 sunt
2268 3083 2436 3139 aliter

2555 1940 2664 1976 ναν.
2723 1923 3019 1994 Πυθόμενος
3077 1917 3136 1973 δὲ
3183 1925 3242 1973 τό
3294 1925 3502 1994 γεγονὸς
3567 1929 3944 1994 Κωνστάντιος,
3999 1934 4157 1983 κατέ-

2549 2010 2676 2063 λαϐε
2742 2015 2834 2069 την
2899 2012 3441 2064 Κωνσταντινούπολιν
3510 2019 3598 2067 καὶ
3660 2019 3745 2068 τὸν
3809 2021 3900 2090 μὲν
3955 2019 4155 2073 Παῦλον

2554 2099 2789 2167 ἐξήλασε,
2841 2105 2934 2160 τήν
2975 2097 3033 2153 δε
3086 2101 3232 2153 πόλιν
3290 2100 3598 2175 ἐζημίωσεν,
3629 2103 3822 2177 ἀφελὼν
3870 2115 3962 2160 τοῦ
4004 2129 4154 2168 σιτη-

2551 2195 2730 2262 ρεσίου
2798 2197 2890 2241 τοῦ
2957 2192 3376 2263 παρασχεθέντος
3434 2193 3533 2244 ύπό
3594 2201 3687 2245 τοῦ
3743 2199 3936 2271 πατρὸς
3994 2198 4154 2251 αὐτοῦ

2551 2280 2677 2351 ὑπὲρ
2731 2281 2825 2340 τὰς
2871 2283 3136 2353 τέσσαρας
3182 2276 3482 2352 μυριάδας·
3533 2281 3666 2335 ὀκτὼ
3709 2286 3810 2359 γὰρ
3852 2283 4007 2357 ἐγγύς
4047 2308 4153 2360 μυ-

2549 2366 2732 2442 ριάδες
2798 2367 3149 2440 ἐχορηγοῦντο
3210 2375 3457 2445 πρότερον
3529 2376 3677 2424 σίτου
3742 2381 3853 2436 τοῖς
3920 2375 4155 2438 πολίταις

2550 2456 2775 2510 ἑκάστου
2831 2460 2975 2519 ἔτους
3031 2455 3087 2508 ἐκ
3151 2466 3251 2509 τῶν
3318 2459 3670 2532 κομιζομένων
3735 2460 3824 2525 ἀπ’
3884 2463 4152 2536 Αἰγύπτου

2547 2554 2618 2617 τῷ
2687 2544 2841 2618 δήμῳ
2901 2551 3091 2620 φόρων,
3153 2544 3475 2600 Μακεδόνων
3532 2545 3591 2601 δε
3646 2559 3735 2612 τῆς
3788 2551 3980 2617 πόλεως
4033 2559 4156 2617 τέως

2549 2638 2831 2688 ἐπίσκοπον
2891 2636 2984 2688 οὐκ
3045 2635 3319 2708 ἐποίησεν,
3380 2636 3486 2689 ἀλλ’
3546 2641 3713 2692 εἴασεν
3776 2641 3930 2694 αὐτὸν
3987 2642 4037 2696 ἐν
4089 2652 4149 2708 τῇ

2547 2723 2791 2798 λεγομένῃ
2846 2724 2929 2777 ἐπὶ
2989 2725 3190 2778 Παῦλον
3243 2725 3493 2799 ἐκκλησία
3555 2731 3813 2801 συνάγειν,
3869 2731 3917 2782 ἐν
4062 2738 4151 2785 καὶ

2548 2813 2961 2887 ἐχειροτονήθη·
3023 2819 3113 2866 καὶ
3178 2815 3342 2876 οὕτως
3408 2817 3560 2877 αὐτὸς
3616 2822 3705 2890 μὲν
3765 2819 4026 2884 ἀνέζευξεν
4078 2823 4149 2886 εἰς

2547 2906 2857 2976 Αντιὸχειαν
2883 2926 2893 2936 ·
2929 2903 3133 2964 Παῦλος
3167 2901 3226 2957 δὲ
3251 2910 3344 2963 τὴν
3373 2905 3572 2979 Ῥώμην
3603 2908 3892 2966 κατέλαϐεν.

2619 2993 2666 3048 ι’.
2710 2998 2835 3066 Περὶ
2887 2991 2944 3045 δε
2997 3002 3095 3045 τῶν
3140 2994 3254 3046 κατ’
3302 2992 3691 3070 Ἀλεξάνδρειαν
3742 2998 4144 3071 συμϐεϐηκότων

2545 3079 2869 3156 Θεοδώριτος
2927 3085 3017 3155 μεν
3066 3083 3230 3145 ἄλλως
3279 3085 3493 3156 ἱστορεῖ.
3543 3091 3679 3144 Φησὶ
3722 3090 3824 3160 γὰρ
3870 3091 4000 3160 μετὰ
4050 3094 4143 3148 τὴν

776 3181 983 3233 narrat
1028 3175 1449 3234 Theodoretus.
1501 3175 1646 3230 Dicit
1693 3173 1853 3230 enim
1902 3175 2250 3243 Gregorium
2299 3177 2435 3245 post
2473 3171 2555 3258 ρ’

2361 3177 2435 3229 )st
2473 3204 2512 3258 ρ
2544 3171 2860 3225 Ἀθανασίου
2889 3177 3056 3244 φυγὴν
3088 3171 3448 3232 ἐπισκοπῆσαι
3492 3179 3777 3250 Γρηγόριον
3815 3179 3950 3252 ἄχρι
3974 3187 4065 3240 τῆς
4095 3178 4141 3231 ἐν

776 3265 1086 3322 Athanasii
1149 3266 1358 3334 fugam
1430 3263 1847 3336 episcopatum
1913 3261 2176 3331 gessisse
2241 3277 2433 3334 usque

777 3355 854 3412 ad
887 3354 1146 3411 Sardicae
1184 3353 1455 3409 habitam
1499 3351 1823 3425 synodum.
1855 3354 1990 3407 Post
2035 3351 2193 3407 hanc
2231 3357 2433 3408 autem

775 3442 1082 3516 synodum
1134 3441 1481 3512 Gregorium
1522 3441 1600 3496 ab
1638 3439 2057 3495 Alexandrinis
2090 3439 2433 3511 depositum

777 3549 930 3602 esse,
962 3532 1208 3588 rediisse
1256 3536 1398 3586 tunc
1442 3529 1839 3585 Athanasium
1889 3529 1952 3584 in
1996 3529 2304 3601 propriam
2350 3545 2435 3585 se-

777 3623 919 3679 dem
943 3638 1051 3695 per
1072 3620 1410 3677 Constantis
1431 3619 1673 3689 litteras,
1695 3619 1798 3691 qui
1821 3624 1962 3674 tunc
1993 3621 2194 3674 Romae
2225 3635 2434 3689 regna-

775 3712 899 3769 bat.
963 3714 1286 3782 Postquam
1347 3713 1551 3765 autem
1603 3710 1898 3764 Constans
1949 3712 2225 3764 mortuus
2281 3708 2432 3778 fuit,

774 3817 1018 3858 rursum
1061 3799 1287 3871 fugisse
1318 3797 1738 3865 Athanasium,
1773 3801 1831 3853 et
1876 3796 2130 3853 electum
2169 3813 2300 3854 esse
2353 3798 2432 3854 ab

771 3891 1007 3948 Arianis
1037 3889 1357 3959 Georgium
1390 3889 1833 3961 Cappadocem,
1863 3904 2125 3960 eumque
2153 3893 2434 3945 sexcenta

771 3981 938 4038 mala
979 3979 1289 4035 Athanasii
1332 3978 1669 4034 fautoribus
1721 3977 2136 4033 machinatum
2179 3994 2329 4048 esse,
2368 3978 2431 4034 in

771 4071 1167 4142 exsiliumque
1224 4069 1462 4124 misisse
1494 4068 1816 4125 nonnullos
1844 4068 2080 4140 Egypti
2108 4068 2431 4141 Lybiaeque

768 4160 1110 4232 episcopos,
1145 4159 1353 4214 Caium
1402 4157 1736 4224 Pareetonii,
1770 4158 2070 4229 Agathum
2101 4158 2431 4227 Phragonis

768 4254 826 4306 et
869 4249 1054 4322 partis
1091 4248 1412 4304 Elearchiae
1443 4248 1701 4320 Egypti,
1733 4248 2121 4303 Ammonium
2164 4248 2428 4304 Pachne-

764 4339 969 4396 munis
996 4342 1052 4394 et
1092 4338 1338 4410 reliquae
1381 4337 1700 4392 Elearchiae
1725 4336 1935 4409 partis,
1968 4338 2429 4406 Agathodaemo-

762 4444 906 4485 nem
931 4427 1211 4484 Schedeae
1239 4433 1295 4482 et
1315 4426 1621 4497 Menelaiti,
1649 4427 2034 4483 Dracontium
2057 4428 2429 4500 Hermopolis

761 4518 1032 4585 minoris,
1065 4516 1428 4616 Adelphium
1475 4516 1768 4618 Onuphis,
1811 4517 2223 4615 .Paphnutium
2279 4518 2424 4585 Sais,
2458 4562 2502 4618 Β

762 4612 937 4679 cujus
958 4607 1234 4664 meminit
1256 4621 1516 4675 magnus
1539 4605 1899 4661 Athanasius
1920 4606 1981 4661 in
2004 4623 2114 4662 sua
2136 4607 2211 4664 de
2230 4608 2426 4680 ipsius

756 4698 905 4767 fuga
949 4697 1281 4769 Apologia;
1331 4701 1387 4752 et
1435 4700 1651 4768 praeter
1699 4695 1829 4751 illos
1881 4696 2139 4753 alterum
2186 4701 2427 4754 Ammo-

755 4787 950 4856 nium,
976 4787 1216 4854 Moium,
1245 4784 1580 4848 Philonem,
1604 4786 1902 4851 Hermem,
1923 4784 2196 4854 Plinium,
2221 4789 2427 4844 Psene-

756 4876 944 4949 sirim,
987 4874 1396 4948 Agamphum,
1447 4877 1731 4941 Marcum,
1776 4874 2239 4943 Nilammonem,
2282 4881 2427 4938 Mar.

753 4982 894 5022 cum
928 4966 1207 5031 alterum,
1231 4964 1706 5034 Athenodorum,
1729 4969 1784 5020 et
1811 4965 2197 5037 presbyteros
2228 4968 2422 5028 Hiera-

750 5071 882 5112 cem
916 5061 972 5112 et
995 5055 1368 5111 Dioscorum.
1398 5058 1586 5127 Atque
1614 5054 1693 5110 ita
1717 5053 1967 5126 quidem
1988 5055 2418 5118 Theodoretus.

752 5151 1028 5204 Socrates
1053 5152 1256 5202 autem
1286 5151 1342 5202 et
1369 5148 1740 5201 Sozomenus
1767 5151 2015 5202 narrant
2035 5147 2285 5206 Arianos
2307 5156 2420 5208 sta-

747 5235 853 5292 tim
886 5241 1023 5308 post
1063 5235 1225 5291 Pauli
1271 5234 1689 5306 expulsionem
1722 5238 1778 5289 et
1806 5235 2067 5291 reditum
2097 5237 2418 5310 imperato-

744 5327 825 5383 ris
870 5325 1266 5396 Antiochiam,
1321 5324 1674 5396 deposuisse
1727 5325 2078 5394 Gregorium
2123 5332 2416 5401 tanquam

741 5416 1161 5473 Alexandrinis
1207 5430 1329 5470 non
1375 5419 1610 5485 gratum
1644 5417 1698 5470 et
1730 5414 2135 5485 negligentem
2187 5422 2416 5493 proprii

739 5506 1044 5575 dogmatis
1095 5503 1693 5577 propugnationem;
1729 5504 1902 5575 cujus
1950 5505 2010 5560 in
2059 5505 2264 5564 locum
2312 5513 2415 5567 Ge-

737 5595 981 5666 orgium
1039 5596 1256 5651 misere
1328 5593 1433 5667 qui
1490 5609 1563 5650 ex
1629 5593 2015 5666 Cappadocia
2070 5598 2409 5671 oriundus,

734 5685 849 5745 sibi
879 5684 1109 5745 famam
1144 5685 1207 5742 in
1237 5685 1458 5742 Ariana
1508 5683 1932 5758 superstitione
1977 5687 2402 5761 acquisiverat.

2543 3259 2774 3333 Σαρδικῇ
2808 3258 3057 3329 συνόδου,
3079 3263 3211 3332 μετὰ
3241 3257 3299 3313 δὲ
3329 3265 3422 3319 τὴν
3455 3259 3673 3315 σύνοδον
3699 3268 3916 3336 ταύτην,
3941 3270 4027 3319 τόν
4052 3269 4142 3340 μὲν

2545 3355 2830 3425 Γρηγόριον
2876 3349 3209 3425 ὼαιρέθῆναι
3256 3354 3400 3426 παρὰ
3440 3360 3537 3403 τῶν
3588 3351 3982 3427 Ἀλεξανδρίων,
4025 3354 4144 3408 ἐπα-

2542 3439 2732 3492 νελθεῖν
2765 3436 2822 3491 δε
2852 3439 3004 3492 πάλιν
3043 3442 3129 3490 τὸν
3158 3439 3468 3492 Ἀθανάσιον
3499 3441 3565 3502 εἰς
3594 3445 3682 3494 τὸν
3729 3441 3916 3497 οἰκεῖον
3967 3446 4144 3518 θρόνον

2545 3528 2959 3604 διαγραμμάτων
3011 3535 3344 3591 Κώνσταντος
3389 3538 3482 3583 τοῦ
3532 3530 3776 3605 ένῬώμη
3831 3533 4145 3606 βασιλεύον-

2543 3638 2650 3680 τος.
2714 3620 2852 3672 Ἐπεὶ
2920 3616 2978 3671 δὲ
3047 3625 3290 3681 Κώνστας
3352 3610 3906 3691 ἐτελεύτησεν,ἀῦθις
3967 3631 4145 3696 φυγεῖν

2544 3710 2874 3782 Ἀθανάσοιν,
2937 3715 3025 3762 καὶ
3087 3709 3478 3785 προϐεϐλῆσθαι
3537 3715 3678 3786 παρὰ
3732 3721 3830 3766 τῶν
3870 3714 4145 3789 Ἀρειανῶν

2544 3805 2798 3873 Γεώργιον
2859 3803 2945 3852 τόν
3016 3796 3412 3872 Καππαδόκην,
3480 3806 3646 3876 μυρία
3708 3805 3847 3855 κακὰ
3910 3812 4018 3867 τοῖς
4079 3806 4145 3858 τὰ

2544 3889 2860 3942 Ἀθανασίου
2928 3897 3203 3962 φρονοῦσιν
3269 3886 3624 3962 ἐνδείξασθαι,
3691 3897 3781 3945 καί
3846 3913 3988 3957 τινας
4043 3902 4142 3946 τῶν

2542 3978 2630 4031 ἀπ’
2677 3979 2945 4051 Αἰγύπτου
2991 3985 3080 4032 καὶ
3125 3977 3324 4041 Λιϐύης
3366 3978 3661 4034 ἐπισκόπων
3704 3980 3956 4055 ἐξορίσαι,
3991 3985 4142 4038 Γάϊον

2542 4073 2912 4144 Παραιτονίου,
2945 4069 3175 4140 Ἂγαθον
3216 4075 3528 4142 Φραγώνεως
3569 4071 3659 4123 καί
3695 4076 3884 4145 μέρους
3929 4074 4142 4151 Ἐλεαρ-

2539 4163 2666 4230 χίας
2719 4166 2810 4219 τῆς
2864 4158 3172 4230 Αἰγύπτου,
3225 4158 3515 4231 Ἀμμώνιον
3584 4165 3992 4232 Παχνεμούνεως
4053 4169 4144 4218 καὶ

2539 4255 2632 4300 τοῦ
2690 4248 2873 4301 λοιποῦ
2928 4252 3114 4323 μέρους
3178 4256 3269 4308 τῆς
3334 4247 4144 4325 Ἐλεαρχίας,,Ἀγαθοδαίμονα

2539 4333 2772 4410 Σχεδέας
2826 4343 2916 4390 καὶ
2982 4336 3330 4408 Μενελαίτου,
3387 4343 3696 4412 Δρακόντιον
3756 4340 4142 4415 Ἐρμουπόλεως

2539 4434 2755 4502 μικρᾶς,
2823 4424 3094 4499 Ἀδελφιον
3162 4427 3473 4501 Ὀνούφεως,
3558 4433 3878 4502 Παφνούτιον
3944 4433 4140 4500 Σάεως,

2538 4518 2605 4568 ὧν
2655 4523 2742 4570 καὶ
2790 4519 2816 4570 ό
2864 4522 3022 4590 μέγας
3064 4518 3375 4579 Ἀθανάσιος
3426 4516 3475 4570 ἕν
3528 4525 3589 4592 τῇ
3647 4520 3773 4593 ύπερ
3819 4529 3914 4583 τῆς
3973 4529 4142 4594 φυγῆς

2537 4607 2698 4660 αὐτοῦ
2761 4606 3016 4680 ἀπολογίᾳ
3079 4611 3376 4679 μέμνηταιο
3431 4612 3522 4660 καὶ
3577 4611 3709 4681 πρὸς
3769 4612 3972 4673 τούτοις
4018 4610 4142 4683 Ἀμ-

2535 4703 2724 4770 μὼνιον
2789 4698 2979 4772 ἕτερον,
3047 4702 3242 4769 Μώῑον,
3314 4696 3534 4767 Φίλωνα,
3610 4696 3822 4774 Ἑρμῆν,
3893 4698 4138 4770 Πληνιον,

2536 4790 2824 4862 Ψενέσιριν,
2892 4785 3187 4860 Ἄγαμφον,
3255 4789 3490 4862 Μάρκον,
3551 4786 3920 4861 Νειλάμμωνα,
3984 4791 4138 4862 Μάρ-

2535 4898 2621 4930 κον
2678 4880 2865 4953 ἓτερον,
2924 4873 3305 4952 Ἀθηνόδωρον,
3358 4881 3448 4930 καὶ
3508 4877 3889 4954 πρεσϐυτέρους
3939 4878 4141 4954 Ἱέρακα

2531 4974 2622 5021 καὶ
2669 4972 2972 5043 Διόσκορον.
3014 4967 3190 5030 Οὕτως
3237 4970 3328 5040 μεν
3377 4962 3465 5019 οὖν
3515 4964 3882 5044 Θεοδὼριτος·
3931 4971 4138 5045 Σωκρά-

2530 5079 2626 5121 της
2679 5055 2738 5112 δε
2802 5063 2893 5111 καὶ
2958 5058 3248 5131 Σωζὸμενός
3310 5076 3468 5130 φασιν
3524 5059 3605 5111 ὅτι
3670 5057 3824 5120 εὐθὺς
3887 5060 4021 5131 μετὰ
4079 5061 4138 5112 τὸ

2529 5147 2844 5208 ἐκϐληθῆναι
2901 5147 3122 5218 Παῦλον,
3175 5151 3265 5200 καὶ
3314 5144 3594 5211 ἀναζεῦξαι
3653 5149 4012 5201 Κωνστάντιον
4068 5147 4139 5211 εἰς

2530 5239 2857 5312 Ἀντιόχειαν
2891 5283 2905 5307 ,
2974 5239 3024 5290 οἱ
3084 5235 3460 5312 ἀρειανίζοντες
3533 5242 3863 5311 μετέστησαν
3930 5236 3986 5290 ἐκ
4047 5244 4140 5300 τῆς

2529 5327 2921 5404 Ἀλεξανδρείας
2983 5325 3309 5403 Γρηγόρῖον,
3387 5329 3457 5389 ὡς
3533 5331 3656 5403 οὔτε
3737 5324 4140 5401 ’Δλεξανδρεῦσι

2526 5424 2871 5494 καταθύμιόν,
2906 5423 2997 5471 καὶ
3031 5420 3101 5480 ὡς
3150 5416 3308 5490 ἀμελῆ
3344 5420 3475 5493 πρὸς
3509 5421 3771 5471 σύστασιν
3807 5426 3902 5471 τοῦ
3946 5417 4140 5472 οἰκείου

2529 5509 2828 5586 δόγματος-
2885 5508 3003 5562 ἀντὶ
3071 5505 3130 5562 δὲ
3193 5511 3404 5580 τούτου,
3460 5514 3715 5584 Γιώργιον
3776 5507 4033 5583 ἔπεμψαν,
4088 5508 4140 5571 ὃς

2527 5602 2580 5656 ἐκ
2647 5598 3029 5664 Καππαδοκίας
3091 5602 3181 5674 μεν
3245 5602 3475 5674 ὡρμᾶτο,
3531 5597 3690 5666 δόξαν
3753 5595 3814 5656 δι
3875 5602 3994 5678 περὶ
4043 5602 4140 5661 τήν

2526 5693 2768 5771 ἀρειανὴν
2803 5695 3084 5770 θρησκείαν
3116 5689 3382 5750 ἐκέκτητο.
