4508 6436
412 366 482 417 17

490 484 585 540 ια’.
653 484 733 539 Ἐν
774 483 940 555 τούτῳ
998 479 1059 536 δί
1093 485 1188 542 τὴν
1242 482 1464 557 Ῥώμην,
1523 485 1593 548 ὡς
1654 486 1862 559 ἔφαμεν,
1929 502 2030 536 κα-
2062 485 2109 539 Α

408 573 627 627 τέλαϐον
682 574 994 633 Ἀθανοίσιος
1053 576 1141 625 καὶ
1197 572 1419 640 Παῦλος,
1469 573 1600 626 άλλὰ
1651 579 1743 627 καὶ
1794 571 2006 646 Μάρκελ

410 663 504 725 λος
562 665 589 715 6
648 663 926 735 ’Δγκύρας,
988 666 1078 714 καὶ
1147 662 1450 726 Ἀσκληπᾶς
1511 666 1536 716 ὁ
1618 664 1812 731 Γάζης,
1871 664 1926 715 ὃν
1979 664 2029 715 οὶ

416 752 700 826 ’Δρειανοὶ,
766 749 1107 813 διαϐαλόντες
1162 752 1232 812 ὡς
1292 754 1674 828 θυσιαστήριον
1730 754 2026 825 καταστρέ-

410 840 613 913 ψαντα,
661 840 916 907 καθεῖλον,
971 844 1062 892 καὶ
1102 838 1211 892 ἀντ’
1269 841 1429 894 αὑτοῦ
1486 844 1759 896 Κεντιανόν
1816 841 2027 913 ἐχειρο-

412 936 645 989 τόνησαν
678 947 692 961 ·
759 933 891 1004 πρὸς
944 925 1005 982 δε
1060 934 1150 982 καὶ
1199 932 1427 993 Λούκιος
1473 932 1499 983 6
1552 926 2026 1005 ’Δδριανονπόλεως

415 1018 501 1071 ἐπ’
542 1018 680 1090 ἄλλῳ
740 1022 842 1071 τινὶ
894 1020 1300 1091 κατηγορηθείς.
1332 1018 1390 1071 Ὀ
1442 1016 1501 1073 δε
1557 1018 1756 1092 Ῥώμης
1816 1017 2026 1071 ἐπίσκο-

412 1126 515 1169 πος
555 1107 785 1175 Ἰούλιος,
836 1108 1184 1180 ὁμονοοῦντας
1233 1110 1445 1169 τούτους
1504 1108 1663 1182 εύρὼν
1717 1114 1779 1179 τῇ
1832 1104 1880 1158 ἐν
1922 1113 2025 1159 Νι-

412 1202 545 1270 καίᾳ
604 1194 831 1268 συνόδῷ,
903 1196 973 1258 εἰς
1034 1201 1302 1249 κοινωνίαν
1368 1202 1694 1273 προσήκατο,
1768 1200 1856 1247 καὶ
1918 1202 2027 1257 τοῖς

413 1285 517 1338 ἀνά
559 1291 653 1344 τήν
690 1286 791 1340 Ἕω
837 1291 1001 1338 πᾶσιν
1071 1284 1381 1347 ἐπισκόποις
1448 1284 1669 1358 ἔγραψεν
1733 1280 2024 1337 ἀποδοῦναι

411 1378 507 1446 μέν
559 1378 739 1435 αύτοίς
802 1378 919 1435 τοὺς
989 1369 1154 1434 ἰδίους
1222 1376 1456 1447 θρόνους,
1526 1373 1731 1445 πέμψαι
1791 1369 1850 1425 δέ
1885 1392 2024 1433 τινας

413 1462 487 1524 εἰς
534 1464 702 1537 ῥητήν
766 1465 964 1537 ἡμέραν
1021 1466 1137 1523 τοὺς
1200 1461 1495 1534 ἐλέγξοντας
1555 1462 1745 1523 αὐτούς
1800 1458 2024 1523 δικαίως

411 1550 842 1625 ἐκϐεϐλημένους.
910 1554 1122 1612 Τούτοις
1186 1551 1539 1626 θαρρήσάντες
1602 1558 1711 1612 τοῖς
1773 1552 2021 1625 γράμμα-

413 1659 498 1693 σιν
566 1644 614 1694 οἰ
676 1641 807 1713 ἀμφὶ
864 1645 952 1693 τὸν
1000 1640 1333 1708 Ἀθανάσιον,
1400 1642 1618 1703 ἕκαστος
1680 1642 1767 1692 τὸν
1836 1639 2021 1692 ἑαυτοῦ

410 1728 666 1782 κατέλαϐε
724 1731 921 1802 θρόνον.
983 1730 1049 1781 Οἱ
1117 1726 1175 1782 δε
1231 1732 1322 1790 τὰς
1379 1728 1656 1790 ἐπιστολὰς
1727 1725 2016 1800 δεξάμενοι,

409 1817 661 1889 χαλεπῶς
705 1822 927 1890 ἤνεγκαν
958 1833 971 1847 ⁶
1028 1823 1117 1871 καὶ
1175 1817 1520 1890 συλλεγέντες,
1564 1818 1629 1879 εἰς
1668 1818 2013 1889 Ἀντιόχειαν,
2049 1829 2092 1883 Β

416 1907 617 1979 Ἰουλίῳ
683 1911 772 1979 μεν
850 1900 1179 1981 ἀντέγραψαν
1247 1910 1312 1968 ὡς
1380 1908 1439 1960 ού
1506 1903 1588 1960 δεῖ
1648 1907 2019 1967 κανονίζεσθαι

410 1997 545 2070 παρ’
574 1996 735 2048 αὐτοῦ
783 2000 904 2058 τοὺς
943 2004 1034 2057 τῆς
1081 1996 1353 2059 Ἀνοτολῆς
1411 1995 1836 2063 ἐπισκόπους,ιεί
1888 1995 2021 2069 βού-

409 2086 586 2138 λοιντό
647 2106 792 2148 τινας
856 2085 1133 2149 ἐξελαύνειν
1209 2095 1308 2138 τῶν
1367 2084 1687 2155 ἐκκλησιῶν,
1743 2088 1823 2138 ὅτι
1881 2081 2020 2157 μηδὲ

411 2178 465 2228 οἱ
507 2184 604 2238 τῆς
644 2175 888 2234 Ἀνατολῆ
903 2197 923 2239 ς
949 2177 1201 2246 ἀντεῖπον,
1237 2178 1319 2229 ὅτε
1371 2178 1611 2229 Ναυάτον
1674 2176 1930 2239 ἐξήλασαν
1972 2177 2020 2227 οί

410 2273 509 2327 τῆς
600 2267 824 2327 Δύσεως.
914 2268 1271 2319 Κωνστάντιον
1350 2262 1409 2318 δὲ
1471 2271 1811 2341 παρώτρυναν
1885 2266 2022 2317 κατὰ

409 2355 733 2408 Ἀθανασίου
773 2360 863 2407 καὶ
932 2355 1137 2408 Παύλου
1172 2376 1184 2388 ·
1240 2359 1330 2407 καὶ
1384 2354 1439 2417 ὃς
1494 2355 1717 2429 ἔγραψεν
1758 2354 1844 2407 ἀπ’
1911 2353 2019 2407 Ἀν-

408 2449 648 2517 τιοχείας
703 2453 775 2516 τῷ
840 2444 1060 2518 ἐπάρχῳ
1122 2446 1713 2508 Κωνσταντινουπόλεως
1781 2444 2019 2515 Φιλίππῳ

411 2534 619 2587 Παῦλον
686 2537 777 2607 μὶν
851 2533 1089 2598 ἐξελάσαι
1146 2544 1242 2597 τῆς
1309 2535 1502 2596 πόλεως
1577 2531 1885 2605 Μακεδονίῳ
1962 2530 2021 2585 δέ

409 2621 750 2694 παραδοῦναι
787 2629 883 2683 τὴν
950 2624 1271 2682 ἐκκλησίαν·
1315 2627 1340 2677 6
1399 2628 1489 2697 μὲν
1556 2621 1643 2677 οὖν
1695 2624 1890 2683 Παῦλος
1943 2622 2020 2674 εύ-

414 2716 510 2776 θύς
551 2713 812 2777 ἐξηλάθη·
870 2714 1121 2776 Φίλιππος
1154 2710 1203 2766 δ’
1262 2713 1345 2767 ἐπὶ
1392 2719 1485 2772 τὴν
1539 2712 1821 2771 ἐκκλησίαν
1876 2716 2023 2770 ήπεί-

409 2822 555 2875 γετο,
617 2806 893 2877 σύνθρονον
934 2803 1017 2856 ἐπὶ
1070 2812 1163 2856 τοῦ
1214 2804 1486 2877 ὀχήματος
1554 2806 1690 2875 ἔχων
1737 2806 1822 2854 τόν
1853 2808 2022 2855 Μακε-

414 2888 591 2945 δόνιον
621 2914 634 2926 ·
666 2897 948 2965 παρείπετο
980 2889 1039 2945 δὲ
1086 2896 1287 2953 τούτοῐς
1339 2898 1428 2945 καὶ
1487 2898 1605 2965 χεὶρ
1666 2894 2017 2965 στρατιωτική

414 2982 644 3055 ξιφήρης
698 3000 712 3014 ⁸
781 2980 1013 3043 πλήθους
1071 2978 1131 3035 δι
1196 2982 1384 3035 πολλοῦ
1440 2988 1709 3055 παρόντος,
1786 2984 1875 3031 καὶ
1951 2986 2022 3049 τῷ

414 3070 638 3145 ἐπάρχῳ
668 3076 760 3124 καὶ
815 3080 887 3143 τῷ
945 3068 1257 3143 Μακεδονίῳ
1312 3068 1553 3147 παρόδου
1592 3076 1663 3144 μὴ
1723 3072 2019 3142 γινομένης,

414 3160 671 3214 ὑπέλαϐον
721 3162 770 3213 οἱ
820 3169 1142 3234 στρατιῶται
1198 3165 1321 3221 τοὺς
1368 3161 1562 3233 ὄχλους
1620 3159 1972 3212 ἀνθίστασθαι
2006 3174 2017 3185 ·
2054 3200 2094 3255 C

412 3254 506 3303 καὶ
556 3250 734 3302 λοιπόν
786 3250 1007 3312 πολλοὺς
1045 3253 1135 3324 μεν
1192 3250 1338 3303 αὐτοὶ
1392 3258 1496 3310 τοῖς
1549 3250 1748 3322 ξίφεσιν
1807 3246 2021 3313 ἀνεῖλον,

411 3339 597 3392 πολλοὶ
654 3336 714 3392 δε
781 3345 871 3392 καὶ
942 3340 1031 3392 ὑπ’
1096 3338 1324 3392 ἀλλήλων
1379 3340 1816 3392 συνεπατήθησαν
1867 3358 1879 3371 ⁸
1935 3340 2025 3387 καὶ

781 3345 871 3392 καὶ
942 3340 1031 3392 ὑπ’
1096 3338 1324 3399 ἀλλήλων
1379 3340 1816 3397 συνεπατήθησαν
1867 3358 1879 3371 ⁸

1800 356 2149 417 THESAURI
2179 356 2315 415 LIB.
2346 357 2415 413 VI

3722 358 3787 413 18

2214 484 2558 539 H.1nterea
2587 486 2790 541 autem
2843 485 3117 550 Romam,
3164 484 3228 538 ut
3283 480 3566 548 diximus,
3610 495 3787 538 vene-

2138 576 2275 627 rant
2292 571 2656 628 Athanasius
2673 578 2729 629 et
2744 572 3103 643 Paulus,sed
3120 575 3176 627 et
3191 570 3495 627 Marcellus
3512 574 3786 642 Ancyrae,

2137 665 2194 716 et
2219 660 2527 733 Asclepius
2557 664 2723 717 Gazae
2751 677 2935 734 quem
2960 660 3162 716 Ariani
3192 660 3620 732 deposuerant,
3638 658 3788 716 falso

2136 764 2276 805 eum
2316 751 2703 807 criminantes
2744 751 2910 824 quod
2941 766 3109 806 aram
3142 749 3462 818 evertisset,
3509 754 3567 805 et
3614 748 3788 818 cujus

2134 837 2267 895 loco
2299 839 2649 895 Centianum
2680 841 3137 906 ordinaverant;
3176 854 3245 893 ac
3274 842 3489 911 praeter
3522 836 3653 893 illos
3683 838 3791 893 Lu-

2135 929 2263 985 cius
2291 929 2711 1003 Adrianopolis
2755 931 2874 987 alio
2918 930 3165 986 crimine
3201 932 3542 985 accusatus.
3584 930 3787 983 Romze

2132 1032 2276 1073 vero
2316 1017 2635 1089 episcopus
2664 1018 2855 1074 Julius
2899 1033 3001 1073 eos
3044 1017 3187 1072 fidei
3230 1016 3485 1073 Nicrenas
3532 1030 3787 1071 consen-

2135 1106 2347 1162 tientes
2373 1106 2686 1162 inveniens
2710 1107 2769 1163 in
2794 1122 2969 1163 suam
3001 1107 3494 1163 communionem
3518 1104 3782 1173 admisit,

2134 1198 2316 1267 atque
2353 1195 2639 1250 omnibus
2696 1196 2947 1252 Orientis
2986 1195 3286 1267 episcopis
3326 1193 3563 1265 scripsit
3599 1196 3664 1249 ut
3714 1194 3785 1249 iis

2132 1284 2409 1356 proprias
2439 1283 2611 1340 sedes
2640 1286 2974 1354 redderent,
3008 1284 3427 1355 mitterentque
3478 1282 3639 1338 dicta
3686 1282 3784 1340 die

2131 1372 2355 1445 quieos
2381 1372 2711 1444 probarent
2731 1374 2889 1444 juste
2921 1374 3230 1445 depositos
3261 1388 3414 1428 esse.
3450 1372 3549 1427 llis
3575 1371 3783 1427 litteris

2132 1460 2505 1516 confidentes
2536 1462 2847 1517 Athanasii
2880 1462 3143 1518 fautores
3178 1464 3533 1533 receperunt
3563 1460 3785 1530 singuli

2129 1549 2409 1622 proprias
2440 1549 2634 1605 sedes.
2678 1550 2786 1611 Qui
2812 1554 3015 1606 autem
3056 1550 3163 1606 has
3207 1549 3429 1605 litteras
3473 1563 3781 1620 accepere,

2130 1653 2287 1709 aegre
2313 1639 2602 1705 tulerunt;
2632 1640 3175 1711 convenientesque
3198 1637 3596 1703 Antiochiam,
3627 1636 3780 1694 Julio

2128 1727 2574 1800 responderunt
2617 1742 2738 1784 non
2792 1733 3068 1801 oportere
3109 1728 3187 1784 ab
3220 1727 3317 1783 illo
3357 1727 3481 1797 regi
3529 1725 3779 1782 Orientis

2131 1816 2472 1888 episcopos,
2506 1816 2553 1871 si
2586 1832 2741 1888 quos
2774 1832 2847 1872 ex
2884 1816 3147 1873 ecclesiis
3190 1816 3411 1872 vellent
3438 1814 3732 1887 expellere
3761 1832 3774 1883 ;

2129 1906 2272 1978 quia
2302 1922 2499 1979 neque
2564 1907 2814 1963 Orientis
2852 1906 3119 1980 episcopi
3155 1907 3493 1975 restiterint,
3530 1904 3779 1978 quando

2127 1998 2422 2051 Novatum
2435 1995 2713 2067 expulere
2730 1994 3780 2068 Occidentisepiscopi.Constantium

2129 2089 2330 2141 autem
2386 2086 2796 2141 excitaverunt
2836 2086 2897 2141 in
2938 2086 3338 2142 Athanasium
3387 2089 3444 2141 et
3480 2083 3773 2151 Paulum;

2129 2176 2302 2247 isque
2344 2175 2662 2231 Antiochia
2688 2176 2928 2249 scripsit
2953 2178 3030 2231 ad
3063 2174 3614 2247 Constantinopolis
3634 2190 3776 2246 prac-

2129 2263 2350 2320 fectum
2381 2264 2745 2337 Philippum,
2796 2270 2862 2321 ut
2896 2264 3149 2321 Paulum
3204 2265 3452 2337 quidem
3510 2280 3579 2319 ex
3628 2263 3778 2319 urbe

2128 2354 2392 2427 pelleret,
2451 2354 2806 2411 Macedonio
2862 2360 3066 2412 autem
3121 2355 3379 2412 traderet
3434 2353 3778 2410 ecclesiam.

2135 2444 2348 2501 Paulus
2391 2444 2570 2515 igitur
2596 2446 2797 2502 statim
2828 2446 3116 2519 expulsus
3146 2450 3249 2501 est.
3286 2444 3592 2517 Philippus
3636 2459 3779 2500 vero

2129 2532 2208 2589 ad
2238 2532 2552 2589 ecclesiam
2582 2541 2820 2590 evectus
2859 2540 2966 2598 est,
3020 2534 3448 2591 consedentem
3495 2533 3554 2588 in
3600 2548 3782 2590 curru

2129 2622 2541 2679 Macedonium
2589 2624 2859 2687 habens;
2911 2639 3064 2696 quos
3096 2623 3460 2696 sequebatur
3502 2622 3777 2679 militaris

2129 2727 2350 2769 manus
2379 2712 2593 2781 gladiis
2612 2718 2865 2769 armata.
2899 2716 3045 2769 Cum
3079 2720 3283 2769 autem
3305 2713 3518 2782 ingens
3539 2712 3781 2769 adesset

2131 2802 2451 2858 multitudo
2480 2818 2678 2876 neque
2709 2804 2991 2876 praefecto
3023 2808 3080 2859 et
3110 2803 3461 2859 Macedonio
3488 2803 3596 2859 iter
3633 2818 3782 2875 prae-

2130 2891 2363 2951 berent.
2386 2891 2769 2947 crediderunt
2792 2892 3009 2947 milites
3023 2891 3172 2947 velle
3201 2891 3444 2947 turbam
3474 2890 3781 2960 resistere;

2131 2979 2477 3052 multosque
2506 2980 2722 3051 gladiis
2754 2981 3197 3047 interfecerunt,
3243 2980 3412 3036 multi
3444 2984 3647 3035 autem
3688 2979 3788 3036 alii

2130 3070 2208 3127 ab
2242 3069 2371 3125 aliis
2415 3071 2751 3127 conculcati
2790 3074 2949 3126 sunt.
2981 3071 3188 3127 Mortui
3240 3074 3401 3138 sunt,
3434 3073 3500 3126 ut
3545 3069 3787 3136 dicitur,

2132 3159 2309 3231 quasi
2353 3160 2468 3216 tria
2517 3160 2704 3216 millia
2744 3164 2987 3216 centum
3037 3165 3093 3216 et
3142 3159 3607 3232 quinquaginta.
3666 3160 3791 3216 Tali

2133 3248 2312 3317 igitur
2343 3264 2634 3304 successu
2665 3248 3047 3305 Macedonius
3086 3264 3123 3304 a
3164 3246 3447 3321 praefecto
3477 3248 3539 3303 in
3564 3246 3793 3320 episco-

2134 3337 2255 3409 pali
2285 3338 2427 3394 sede
2456 3339 2815 3394 constitutus
2844 3343 2949 3395 est.

413 3429 692 3497 ἀπέθανον,
741 3433 812 3493 ὡς
856 3431 1079 3503 λέγεται,
1133 3437 1252 3505 περὶ
1310 3435 1432 3493 τοὺς
1493 3430 1673 3484 ἑκατόν
1729 3434 1820 3482 καὶ
1870 3432 2191 3486 πεντήκοντα
2246 3432 2335 3480 καὶ
2391 3427 2747 3501 τρισχιλίους.
2802 3428 2919 3481 Ἐπὶ
2986 3429 3241 3489 τοιούτοις
3305 3430 3395 3500 μὲν
3450 3427 3539 3480 οὖν
3606 3446 3793 3500 κατορ-

417 3521 631 3591 θώμασι
660 3516 985 3580 Μακεδόνιος
1005 3523 1149 3595 παρὰ
1173 3526 1270 3572 τοῦ
1292 3519 1531 3593 ἐπάρχου
1563 3518 1916 3592 ἑνεθρονίσθη.

492 3606 597 3681 ιβ’.
672 3607 978 3669 Ἀθανάσιος
1046 3605 1106 3661 δε
1159 3612 1252 3667 τήν
1321 3608 1597 3667 ἐπιϐουλὴν
1660 3610 2024 3661 Κωνσταντίου

418 3693 625 3763 δείσας,
670 3699 873 3769 θανάτῳ
910 3702 1013 3772 γὰρ
1085 3702 1305 3771 ζημιοῦν
1369 3698 1523 3750 αύτόν
1580 3698 1881 3762 ἠπείλησεν,
1956 3696 2028 3759 εὶς

415 3792 515 3845 τήν
562 3787 763 3861 Ῥώμην
808 3786 1054 3861 ἀφίκετο*
1122 3794 1211 3841 καὶ
1270 3787 1468 3849 Παῦλος
1526 3788 1597 3849 εἰς
1655 3792 1749 3845 τήν
1817 3795 2027 3840 Θεσσα-

415 3876 628 3935 λονίκην
680 3878 1009 3949 ἀπενεχθεὶς,
1078 3878 1192 3931 ὅθεν
1244 3882 1333 3929 καὶ
1382 3880 1503 3939 τοὺς
1560 3880 1841 3951 προγόνους
1885 3878 2027 3946 ἔχειν

418 3963 640 4037 ἂέγετο,
694 3971 785 4018 καὶ
822 3971 912 4025 τήν
955 3970 1046 4040 μέν
1089 3966 1191 4020 Ἐω
1249 3969 1452 4039 φεύγειν
1501 3965 1815 4039 ἐπιτραπεὶς,
1862 3964 2026 4017 Ἰλλυ-

414 4063 571 4130 ρικῆς
630 4051 689 4109 δὲ
730 4062 820 4109 καὶ
859 4064 956 4119 τῆς
1004 4057 1237 4109 ἐπέκεινα
1280 4065 1382 4127 γῆς
1426 4054 1703 4109 ἐπιϐαίνειν
1757 4054 1815 4107 ού
1865 4053 2026 4107 κωλυ-

419 4148 546 4211 θεὶς,
610 4149 857 4219 ἀπαίρειν
890 4146 959 4208 εἰς
1011 4148 1259 4221 Κόρινθον
1310 4151 1727 4221 προεφασίσατο,
1778 4149 1868 4196 καὶ
1934 4148 2027 4202 τὴν

412 4234 619 4307 Ῥώμην
680 4234 955 4307 κατείληφε
1021 4240 1111 4287 καὶ
1178 4234 1370 4296 αύτός.
1430 4230 1875 4297 Ἀναδιδάξαντος
1938 4228 2026 4285 οὖν

420 4323 640 4376 Ἰουλίου
708 4326 795 4375 τὸν
866 4322 1094 4396 βασιλέα
1151 4330 1465 4377 Κώνσταντα
1533 4326 1598 4376 τὰ
1660 4329 1779 4397 περὶ
1837 4323 2024 4390 αὐτῶν,

417 4412 645 4486 ἔγραψεν
712 4412 904 4475 ἐκεῖνος
976 4422 1048 4484 τῷ
1116 4412 1331 4486 βασιλεῖ

416 4506 564 4565 τινας
630 4512 731 4555 τῶν
808 4501 1107 4555 ἐπισκόπων
1187 4501 1675 4575 ἀπολογησομένους
1746 4508 1864 4577 περὶ
1938 4510 2028 4563 τῆς

1408 4417 1753 4484 Κωνσταντίῳ
1822 4412 2028 4484 πέμψαι
2062 4462 2107 4518 D

416 4598 619 4653 τούτων
687 4596 1055 4667 καθαιρέσεως.
1120 4596 1492 4668 Ἐπέμφθησαν
1569 4591 1657 4647 οὖν
1720 4597 2029 4668 Νάρκισσος

418 4683 871 4758 Εἰρηνουπόλεως,
934 4681 1205 4758 Θεόδωρος
1284 4689 1309 4737 ό
1385 4685 1710 4759 Ἡρακλείας,
1773 4688 1945 4758 Μάρις
2001 4688 2027 4736 ό

418 4770 783 4842 Χαλκηδόνος,
838 4778 927 4825 καὶ
973 4776 1235 4849 Μάρκοςό
1282 4774 1647 4849 Ἃρεθούσης·
1703 4777 1752 4827 οἱ
1797 4779 1891 4832 τήν
1938 4778 2026 4847 μεν

416 4863 466 4916 ἐν
528 4863 831 4935 ’Δντιοχείᾳ
901 4864 1027 4937 παρ’
1103 4867 1310 4916 αὐτῶν·
1352 4862 1645 4918 ἐκτεθείσαν
1723 4863 2028 4938 ἀπέκρυψαν

415 4959 622 5022 πίστιν,
668 4953 843 5027 ἑτέραν
885 4950 930 5005 δ’
970 4952 1261 5007 ἐκάττυσαν
1306 4950 1621 5026 ἀπάδουσαν
1678 4953 1807 5017 ὅλως
1860 4962 1919 5026 τῇ
1978 4953 2027 5007 ἐν

414 5048 619 5115 Νικαίᾳ
649 5058 664 5074 ⁶
710 5048 800 5095 καὶ
848 5045 1046 5101 ταύτην
1088 5052 1161 5114 τῷ
1215 5042 1432 5117 βασιλεί
1485 5049 1759 5097 Κὼσταντι
1802 5041 2029 5098 δεδωκό-

414 5153 517 5200 τες,
567 5136 660 5185 καὶ
723 5137 844 5207 περὶ
895 5133 963 5184 ὧν
1009 5131 1277 5186 ἐϐούλοντο
1342 5130 1510 5206 μηδὲν
1561 5131 1861 5205 ἀνύσαντες,
1911 5138 2031 5187 ὺπέ-

417 5222 653 5298 στρεψαν
682 5223 962 5297 ἄπρακτοι.
1012 5226 1157 5277 Μετὰ
1205 5220 1265 5277 δὲ
1316 5231 1491 5297 τριετῆ
1543 5228 1734 5297 χρόνον
1783 5224 1956 5299 έτέραν
1983 5226 2031 5278 οἱ

414 5323 516 5376 τῆς
565 5312 669 5367 Ἐω
719 5313 1063 5376 συντάξαντες
1134 5317 1337 5381 πίστιν,
1394 5316 1455 5372 ἣν
1521 5318 1614 5366 καὶ
1665 5318 2031 5388 μακρόστιχον

416 5404 625 5456 ἔκθεσιν
675 5401 971 5474 ὠνόμασαν,
1023 5402 1257 5475 ἔπεμψαν
1300 5410 1409 5464 τοῖς
1454 5401 1552 5455 ἀνά
1599 5405 1692 5461 τήν
1747 5406 1904 5457 Δύσιν
1956 5401 2031 5457 δι’

418 5489 682 5555 Εύδοξίου
748 5500 840 5546 τοῦ
926 5499 1293 5567 Γερμανικείας
1362 5498 1454 5546 καὶ
1533 5490 1862 5548 Μακεδονίου
1938 5502 2031 5549 τοῦ

419 5582 817 5654 Μοψουεστίας,
862 5581 911 5636 ἐν
1062 5588 1273 5658 μνήμην
1328 5588 1418 5657 μεν
1476 5584 1663 5646 ούσίας
1710 5585 1804 5638 ούκ
1851 5585 2030 5645 ἐποιή-

423 5692 585 5728 σαντο
626 5680 781 5746 Θεοῦ,
828 5673 1159 5750 ἀπεκήρυξαν
1210 5672 1269 5730 δε
1319 5678 1439 5738 τοὺς
1493 5673 1546 5740 ἐξ
1594 5676 1690 5728 ούκ
1751 5680 1908 5730 ὄντων
1948 5676 2033 5731 λέ-

2208 3607 2295 3660 l2.
2330 3606 2692 3663 Athanasius
2718 3610 2921 3663 autem
2955 3606 3286 3664 Constantii
3320 3606 3571 3663 insidias
3592 3606 3797 3663 formi-

2136 3695 2291 3751 dans
2306 3695 2380 3767 (ei
2394 3696 2552 3751 enim
2568 3701 2824 3752 mortem
2840 3696 3106 3752 minatus
3121 3701 3270 3761 erat)
3288 3699 3541 3753 Romam
3557 3696 3797 3753 abiit.Et

2138 3786 2356 3841 Paulus
2384 3786 2879 3842 Thessalonicam
2928 3786 3183 3856 delatus,
3227 3786 3388 3842 unde
3420 3786 3631 3858 proavi
3680 3785 3794 3842 orti

2136 3874 2512 3945 dicebantur,
2536 3891 2675 3931 cum
2704 3876 3002 3932 Orientem
3042 3875 3423 3947 relinquendi
3445 3874 3795 3947 permissio-

2136 3981 2277 4021 nem
2303 3965 2654 4037 accepisset,
2694 3981 2893 4038 neque
2935 3966 3235 4037 Illyricum
3266 3970 3322 4021 et
3351 3982 3488 4038 quae
3524 3965 3680 4021 ultra
3709 3969 3799 4022 est

2136 4057 2446 4125 regionem
2482 4059 2681 4128 petere
2710 4056 3151 4129 prohiberetur,
3180 4056 3532 4113 Corinthum
3564 4072 3627 4112 se
3656 4071 3794 4128 pro-

2136 4146 2321 4202 ﬁcisci
2364 4147 2699 4213 praetexuit,
2734 4150 3113 4219 Romamque
3167 4151 3224 4203 et
3264 4148 3392 4219 ipse
3427 4147 3613 4203 venit.
3646 4148 3796 4203 Cum

2139 4241 2340 4292 autem
2363 4236 2549 4292 Julius
2587 4237 2920 4293 monuisset
2942 4237 3370 4309 imperatorem
3400 4239 3795 4293 Constantem

2137 4326 2211 4382 de
2242 4342 2451 4382 eorum
2480 4326 2844 4398 conditione,
2872 4328 3107 4400 scripsit
3135 4327 3230 4383 ille
3260 4328 3339 4384 ad
3364 4327 3795 4401 imperatorem

2138 4415 2557 4471 Constantium
2589 4420 2655 4471 ut
2680 4417 3005 4489 episcopos
3039 4417 3293 4474 mitteret
3322 4418 3428 4490 qui
3455 4433 3667 4474 eorum
3692 4417 3794 4473 de-

2137 4505 2501 4577 positionem
2532 4505 2938 4562 defenderent.
2970 4507 3131 4564 Missi
3178 4512 3317 4563 sunt
3344 4508 3524 4576 igitur
3554 4508 3793 4564 Narcis-

2140 4611 2244 4649 sus
2269 4594 2985 4666 lrenopolis,Theodorus
3014 4596 3329 4663 Heracleae,
3354 4596 3525 4653 Maris
3548 4596 3791 4653 Chalce-

2137 4686 2314 4741 donis
2345 4690 2401 4741 et
2430 4688 2657 4742 Marcus
2696 4688 3043 4755 Arethusae;
3076 4688 3181 4760 qui
3212 4688 3461 4760 quidem
3506 4704 3542 4745 a
3578 4688 3793 4761 seipsis

2141 4775 2463 4831 Antiochiae
2485 4776 2822 4848 expositam
2838 4777 3020 4833 fidem
3033 4777 3573 4846 celavere,alteram
3589 4782 3795 4835 autem

2140 4867 2752 4922 struxeruntomnino
2779 4867 3033 4923 Nicaenae
3050 4871 3794 4940 repugnantem.Eamque

2138 4960 2465 5029 postquam
2510 4956 2859 5028 imperatori
2904 4957 3210 5014 Constanti
3263 4957 3560 5014 tradidere
3595 4973 3796 5031 neque

2139 5045 2478 5118 quidquam
2496 5060 2705 5101 eorum
2720 5062 2855 5119 quae
2870 5045 3800 5120 volebantperfecissent,reversi

2143 5140 2283 5192 sunt
2312 5135 2460 5191 nihil
2481 5137 2731 5208 operati.
2758 5137 2897 5194 Post
2934 5142 3138 5194 autem
3168 5142 3284 5194 tres
3316 5138 3797 5209 annos,0rientis

2141 5224 2413 5299 episcopi
2451 5224 2701 5282 alteram
2732 5232 3207 5299 composuerunt
3238 5227 3425 5284 ﬁdem
3470 5244 3658 5301 quam
3700 5249 3798 5301 μα-

2142 5321 2431 5389 κρόστιχον
2462 5318 2662 5369 ἔκθεσιν
2707 5316 2895 5388 (longi
2925 5317 3155 5373 ordinis
3186 5319 3651 5392 expositionem)
3692 5335 3800 5377 no-

2144 5407 2471 5473 minavere,
2500 5422 2758 5480 eamque
2777 5408 2855 5466 ad
2879 5408 3216 5465 Occidentis
3241 5410 3565 5481 episcopos
3584 5410 3801 5467 misere

2144 5512 2250 5570 per
2282 5495 2618 5553 Eudoxium
2650 5498 3039 5554 Germaniciee
3092 5503 3148 5555 et
3190 5501 3604 5556 Macedonium
3647 5505 3804 5574 Mop-

2145 5587 2399 5653 suestite;
2415 5588 2476 5643 in
2495 5602 2617 5660 qua
2636 5588 2883 5661 quidem
2898 5589 3129 5646 nullam
3145 5588 3221 5645 de
3236 5590 3337 5645 Dei
3354 5592 3617 5650 essentia
3630 5607 3804 5649 men-

2146 5678 2374 5735 tionem
2407 5678 2729 5747 faciebant,
2776 5680 3390 5739 excommunicabant
3434 5688 3640 5740 autem
3697 5700 3804 5741 eos
