4508 6436
790 346 861 403 ιθ
2143 340 2423 402 NICETE
2464 300 2799 405 CHONlTE
3979 338 3987 354 ’
4088 364 4157 421 2o

792 471 899 545 qui
928 470 1213 529 dicebant
1233 470 1441 529 Filium
1487 472 1589 530 Dei
1625 488 1758 531 esse
1790 473 1866 531 de
1905 472 2117 541 nihilo,
2157 487 2229 528 ac
2268 469 2451 527 fuisse
2480 472 2572 542 A1

2373 485 2451 525 ise
2480 472 2530 525 Α
2559 490 2752 542 γοντας
2801 475 2891 528 τὸν
2946 478 3062 530 Υίόν
3101 482 3195 530 τοῦ
3234 481 3381 545 Θεοῦ,
3414 482 3504 532 καὶ
3537 479 3617 532 ὅτι
3666 481 3728 540 ἧν
3772 484 3855 537 ὅτε
3879 484 3973 537 οὐκ
4030 483 4091 546 ἧν
4141 509 4153 522 -

792 567 1035 635 tempus
1055 562 1306 635 quando
1331 578 1452 618 non
1471 567 1629 632 erat;
1657 568 1947 637 praeterea
1972 569 2029 621 et
2052 562 2448 628 Sabellianos,

794 667 952 724 quos
1011 651 1331 708 nominant
1389 653 1643 708 Romani
1702 653 2203 726 Patropassimos,
2244 652 2451 723 utpote

794 743 1031 797 Patrem
1058 756 1193 796 cum
1229 739 1370 796 Filio
1398 744 1455 797 et
1492 741 1714 814 Spiritu
1744 748 1954 799 sancto
1989 740 2448 807 confundentes,

796 834 853 887 et
880 845 1043 885 nunc
1065 829 1311 902 quidem
1343 845 1483 886 eum
1513 833 1762 903 Patrem,
1806 848 1969 888 nunc
2004 832 2238 901 Filium,
2288 845 2451 886 nunc

799 918 1083 992 Spiritum
1116 922 1395 975 sanctum
1425 919 1823 992 appellantes.
1858 921 2197 978 Promiscue
2218 918 2378 976 enim
2396 922 2451 975 et

795 1007 1115 1064 indiscrete
1155 1011 1428 1065 Romana
1480 1008 1691 1079 lingua
1737 1010 1955 1068 dicitur
1998 1010 2245 1083 passim.
2303 1012 2450 1067 Cum

797 1101 1001 1153 autem
1046 1098 1205 1153 hanc
1268 1096 1455 1153 ﬁdem
1519 1113 1645 1154 non
1722 1100 2093 1173 recepissent
2169 1099 2452 1156 Occiden-

794 1185 965 1258 tales,
994 1186 1098 1243 sed
1130 1186 1395 1243 dicerent
1424 1187 1537 1243 sibi
1568 1187 1842 1246 sufﬁcere
1873 1190 2114 1246 Niceena
2138 1189 2448 1259 dogmata,

798 1275 1133 1349 scripsitad
1170 1275 1416 1332 fratrem
1449 1279 1743 1335 Constans
1775 1278 1887 1335 sibi
1912 1280 2143 1351 justum
2171 1278 2357 1335 videri
2389 1282 2453 1335 ut

794 1364 1106 1424 Athanasii
1148 1364 1487 1423 fautoribus
1536 1368 1822 1441 propriae“
1848 1369 2021 1426 sedes
2068 1369 2451 1439 restitueren-

794 1459 917 1516 tur.

869 1548 959 1602 13.
1028 1544 1327 1611 Quoniam
1382 1549 1586 1602 autem
1642 1546 1791 1602 nihil
1842 1547 2175 1621 perfectum
2231 1547 2444 1618 fuerat,

794 1634 1036 1693 duobus
1068 1634 1539 1707 imperatoribus
1556 1635 1782 1709 placuit
1798 1636 2121 1694 concilium
2135 1637 2445 1694 Sardicam

793 1725 1215 1783 convocari.Et
1243 1730 1657 1783 convenerunt
1695 1742 1769 1783 ex
1809 1726 2177 1785 Theodoreto
2204 1727 2446 1784 ducenti

2559 564 2689 633 πρὸς
2720 559 2779 616 δὲ
2805 569 2895 617 καὶ
2932 569 3055 627 τοὺς
3097 565 3484 636 Σαϐελλιανοὺς,
3535 568 3620 630 οὓς
3664 568 3986 644 ὀνομάζουσι
4030 575 4157 629 Ῥω-

2559 656 2707 722 μαῖοι
2751 659 3247 728 πατροπασσίμους,
3310 658 3378 719 ὡς
3434 659 3522 709 τὸν
3575 664 3779 732 Πατέρα
3832 667 4159 735 συγχέοντας

2560 739 2628 800 εἰς
2666 743 2785 794 Υἰόν
2823 748 2913 796 καὶ
2955 746 3013 797 τό
3053 751 3279 817 Πνεῦμα,
3313 750 3403 799 καὶ
3445 749 3565 801 ποτε
3607 752 3697 820 μέν
3741 749 3896 801 αὐτὸν
3927 757 4153 827 Πατέρα,

2559 832 2683 883 ποτε
2730 826 2789 884 δε
2814 833 2953 901 Υὶόν,
2994 836 3119 887 ποτε
3151 831 3211 887 δι
3269 841 3478 908 Πνεῦμα
3533 836 3919 909 ὀνομάζοντας·
3961 843 4021 893 τὸ
4051 826 4153 916 γὰρ

2558 915 2739 991 χύδην
2788 926 2877 974 xui
2932 920 3255 999 ἀδιακρίτως
3303 926 3572 998 πάσσιμον
3625 928 3654 985 ή
3701 934 3960 1001 Ῥωμαῖκή

2561 1014 2721 1080 φωνή.
2781 1013 2986 1070 Ταύτην
3044 1009 3104 1066 δε
3170 1018 3265 1072 τήν
3321 1018 3503 1067 πίστιν
3567 1019 3640 1088 μή
3719 1015 4153 1092 παραδεξαμένων

2558 1105 2659 1149 τῶν
2715 1106 2963 1166 Δυτικῶν,
3012 1100 3117 1154 ἀλλ’
3164 1101 3409 1155 εέπόντων
3458 1102 3734 1178 ἀρκεῖσθαι
3789 1114 3898 1169 τοῖς
3956 1110 4004 1160 ἐν
4058 1116 4155 1161 Νι-

2560 1192 2687 1260 καίᾳ
2735 1185 2974 1256 δόξασιν,
3026 1192 3221 1265 ἔγραψε
3271 1194 3398 1266 πρός
3443 1196 3530 1245 τόν
3580 1192 3799 1269 ἀδελφὸν
3848 1198 3873 1249 ὁ
3914 1204 4155 1261 Κώνστας

2561 1275 2715 1340 ἀξιῶν
2762 1276 3089 1342 ἀποδοθῆναι
3125 1287 3230 1343 τοῖς
3276 1286 3395 1356 περὶ
3426 1283 3737 1337 Ἀθανάσιον
3774 1290 3898 1349 τοὺς
3934 1286 4156 1351 οἰκείους

2562 1368 2789 1442 θρόνους.

2631 1546 2721 1618 ιγ’.
2750 1545 2833 1608 Ὠς
2878 1545 2937 1601 δὲ
2983 1545 3134 1602 οὐδὲν
3188 1548 3369 1609 ῆνύετο
3408 1549 3578 1619 πλέον,
3632 1549 3781 1617 ἔδοξε
3836 1556 4013 1628 γνὼμῃ
4054 1563 4154 1609 τῶν

2558 1631 2655 1688 δύο
2714 1634 2971 1709 βασιλέων
3012 1637 3360 1712 ἀθροισθῆναι
3418 1637 3640 1694 σύνοδον
3689 1645 3738 1695 ἐν
3797 1640 4029 1717 Σαρδικῆ
4088 1654 4149 1719 τῇ

2554 1724 2737 1778 πόλει·
2779 1732 2869 1779 xui
2917 1729 3281 1802 ἡθροίσθησαν
3328 1732 3466 1782 κατὰ
3520 1734 3610 1804 μὲν
3661 1729 4000 1808 Θεοδώρητον
4038 1754 4153 1787 πεν-

792 1819 851 1872 et
902 1814 1347 1889 quinquaginta
1393 1816 1693 1889 episcopi;
1740 1831 1815 1873 ex
1860 1820 2099 1875 Socrate
2148 1823 2351 1874 autem
2391 1800 2517 1875 etB
2554 1835 2572 1867 τ

2391 1822 2448 1875 et
2474 1800 2517 1856 Β
2554 1819 2780 1873 τήκοντα
2803 1822 2893 1869 καὶ
2937 1814 3205 1871 διακόσιοι
3248 1818 3548 1887 ἐπίσκοποι,
3580 1824 3716 1874 κατὰ
3772 1819 3833 1875 δε
3875 1825 4149 1898 Σωκράτην

793 1906 1146 1975 Sozomeno,
1202 1920 1273 1960 ex
1330 1904 1806 1961 occidentalibus
1855 1906 2130 1979 partibus
2169 1906 2291 1963 fere
2330 1911 2443 1963 tre-

791 1994 966 2064 centi,
1009 2010 1079 2049 ex
1111 1992 1504 2050 orientalibus
1535 1998 1738 2051 autem
1772 2010 1877 2051 sex
1920 1999 1977 2051 et
2014 1996 2399 2069 septuaginta
2428 2014 2440 2065 ;

788 2099 1053 2156 quorum
1109 2084 1169 2139 in
1204 2098 1459 2139 numero
1489 2087 1661 2140 erant
1697 2084 1978 2152 Sabinus,
2036 2085 2329 2142 Heracleae
2382 2086 2442 2142 in

786 2173 1034 2230 Thracia
1082 2172 1655 2229 Macedonianorum
1693 2174 2039 2247 episcopus,
2077 2179 2134 2231 et
2170 2175 2444 2248 Ischyras

785 2263 1196 2335 quiMareotiae
1210 2262 1631 2336 episcopatum
1658 2263 1737 2320 ab
1758 2264 2069 2321 Athanasii
2085 2265 2442 2321 adversariis

786 2352 1538 2425 acceperat.0ccidentales
1554 2352 1801 2426 quidem
1818 2354 2127 2411 Sardicam
2149 2371 2441 2411 convene-

783 2445 944 2511 runt,
969 2441 1288 2498 orientales
1322 2457 1486 2507 vero,
1520 2458 1661 2498 cum
1717 2442 2181 2517 Philippopolim
2237 2460 2441 2518 perve-

782 2534 1035 2597 nissent,
1065 2531 1136 2588 iis
1164 2538 1377 2587 notum
1425 2530 1694 2589 fecerunt
1741 2549 1803 2589 se
1833 2549 1973 2589 cum
2026 2534 2096 2589 iis
2142 2550 2265 2591 non
2289 2533 2439 2591 velle

786 2620 1076 2694 colloqui,
1107 2621 1220 2677 nisi
1253 2637 1289 2677 a
1320 2622 1591 2678 sessione
1628 2628 1686 2679 et
1728 2623 2160 2679 communione
2200 2624 2439 2696 expule-

777 2710 898 2767 rint
927 2709 1235 2766 Athanasii
1262 2708 1527 2765 fautores
1557 2715 1624 2767 ut
1649 2711 1976 2784 depositos.
2001 2712 2116 2767 Illis
2143 2718 2345 2769 autem
2376 2713 2438 2768 id

776 2816 902 2857 non
934 2798 1289 2871 ferentibus,
1323 2800 1362 2855 ii
1389 2800 1709 2857 concilium
1741 2800 2009 2858 habuere
2040 2803 2099 2857 in
2125 2802 2259 2876 ipsa
2287 2802 2436 2875 urbe

775 2887 1203 2962 Philippopoli,
1255 2893 1313 2945 et
1357 2888 1788 2962 deposuerunt,
1819 2906 1931 2963 pro
1973 2891 2162 2957 libito,
2210 2893 2435 2948 Julium

774 2981 1138 3043 Romanum,
1163 2994 1235 3034 eo
1255 2978 1424 3052 quod
1448 2979 1680 3052 primus
1712 2997 1851 3037 cum
1872 2981 2198 3038 Athanasio
2229 2987 2285 3038 et
2304 2983 2434 3054 ejus

772 3067 1113 3125 fautoribus
1143 3068 1673 3139 communicasset,
1706 3070 1952 3126 Hosium
1980 3070 2432 3128 Cordubensem

2552 1909 2642 1957 xui
2699 1906 2990 1979 Σωξόμενον
3042 1905 3097 1959 ἐκ
3147 1910 3237 1980 μὶν
3307 1916 3405 1961 τῶν
3470 1909 3720 1984 ἐσπερίων
3792 1921 3959 1987 μερῶν
4032 1917 4151 1988 περὶ

2542 1997 2672 2056 ’τοὺς
2721 2000 3077 2070 τριακοσίους,
3112 1995 3167 2049 ἐκ
3231 1993 3291 2050 δε
3346 2006 3445 2051 τῶν
3491 1999 3625 2070 ἑῴων
3674 2000 3727 2064 ἓξ
3780 2005 3866 2053 xui
3923 1998 4150 2074 ἐϐδομή-

2550 2101 2740 2136 κοντα·
2790 2082 2868 2148 οἶς
2914 2088 3282 2160 συνηριθμεῖτο
3320 2094 3411 2140 και
3444 2087 3656 2152 Σαϐῖνος
3685 2090 3710 2141 ὁ
3749 2098 3847 2142 τῶν
3895 2090 3946 2143 ἐν
3986 2090 4148 2166 Ἠρα-

2550 2172 2695 2247 κλείᾳ
2755 2183 2850 2237 τῆς
2925 2178 3141 2249 Θράκης
3205 2174 3604 2231 Μακεδονιανῶν
3684 2178 3984 2250 ἐπίσκοπος,
4060 2187 4150 2235 καὶ

2553 2263 2808 2338 Ἰσχύρας
2861 2263 3157 2341 ἐπιτραπεὶς
3215 2256 3309 2325 τήν
3366 2275 3457 2320 τοῦ
3511 2274 3795 2342 Μαρεώτου
3856 2268 4148 2331 ἐπισκοπὴν

2549 2356 2694 2429 παρὰ
2739 2362 2838 2406 τῶν
2911 2352 3344 2428 ἀπεχθανομένων
3408 2364 3481 2427 τῷ
3552 2358 3867 2431 Ἀθανασίῳ.
3943 2364 4042 2413 Καὶ
4100 2364 4151 2413 οἱ

2549 2446 2639 2515 μὲν
2670 2448 2880 2496 Δυτικοὶ
2917 2445 3033 2496 κατ’
3078 2445 3241 2504 αὐτὴν
3298 2451 3391 2505 τήν
3437 2444 3701 2523 Σαρδίκήν
3751 2448 4039 2525 συνῆλθον·
4101 2452 4149 2503 οἱ

2550 2528 2610 2585 δὲ
2681 2533 3022 2605 Ἀνατολικοὶ,
3090 2534 3468 2599 καταλαϐόντες
3541 2541 3636 2596 τήν
3715 2537 4145 2610 Φιλιππούπολιν,

2548 2618 2820 2680 ἐδήλωσαν
2885 2623 3065 2687 αὐτοῖς
3117 2627 3186 2687 ὡς
3242 2624 3337 2678 οὐκ
3401 2625 3563 2688 ἄλλως
3620 2626 3692 2688 εἰς
3749 2626 3931 2699 λόγους
3990 2628 4147 2681 ἐλθεῖν

2548 2711 2726 2775 αὐτοῖς
2777 2711 3059 2779 ἐθέλουσιν,
3126 2714 3169 2767 εἰ
3216 2720 3288 2787 μή
3338 2719 3453 2777 τοὺς
3511 2720 3630 2790 περὶ
3662 2716 3973 2770 Ἀθανάσιον
4030 2716 4150 2771 ἀπε-

2544 2800 2771 2854 λάσουσι
2817 2810 2910 2854 τοῦ
2956 2799 3231 2878 συνεδρίου
3274 2809 3364 2857 καὶ
3424 2813 3518 2866 τῆς
3565 2810 3829 2868 κοινωνίας
3866 2809 3937 2868 ὡς
3986 2809 4147 2867 καθη-

2544 2896 2817 2964 ρημένους.
2868 2899 2978 2945 Τῶν
3012 2889 3071 2945 δὲ
3100 2898 3172 2966 μή
3226 2892 3570 2967 ἀνεχομένων,
3614 2898 3798 2949 ἐκεῖνοι
3847 2894 4143 2970 συνήδρευ-

2547 3000 2641 3033 σαν
2674 2980 2914 3042 ἀλλήλοις
2961 2981 3009 3034 ἐν
3038 2982 3169 3057 αὐτη
3229 2991 3293 3055 τῇ
3343 2982 3769 3051 Φιλιππουπό).ει,
3829 2991 3919 3039 καὶ
3973 2989 4145 3039 καθεῖ-

2541 3070 2648 3138 λον,
2720 3074 2786 3132 ὡς
2865 3070 3131 3144 ἐνόμισαν,
3211 3072 3422 3126 Ἰούλιον
3479 3076 3569 3146 μὲν
3635 3083 3729 3136 τῆς
3786 3075 4005 3148 Ῥώμης,
4074 3078 4141 3138 ὡς

773 3162 1020 3234 propter
1049 3158 1333 3228 eamdem
1359 3175 1637 3227 causam,
1669 3164 1729 3216 et
1771 3160 1915 3233 quia
1962 3161 2195 3218 amicus
2238 3162 2433 3219 fuerat
2462 3156 2504 3215 C
2542 3180 2553 3211 ι

2360 3167 2433 3219 ’δι
2462 3156 2504 3215 C
2542 3158 2774 3233 ἄρξαντα
2816 3168 2911 3223 τῆς
2963 3163 3092 3235 πρὸς
3145 3161 3456 3215 Ἀθανάσιον
3503 3168 3594 3215 καὶ
3640 3167 3763 3225 τοὺς
3815 3161 3940 3236 ἀμφ’
3990 3164 4140 3217 αὐτὸν

776 3248 1006 3307 Paulini
1050 3253 1106 3305 et
1129 3248 1422 3305 Eustathii
1455 3249 1558 3321 qui
1588 3249 1965 3306 Antiochiam
1989 3256 2285 3321 rexerant,
2319 3254 2433 3308 Ma-

771 3338 1071 3395 ximinum
1115 3338 1547 3410 Trevirensem,
1606 3342 1812 3411 utpote
1859 3341 1964 3413 qui
2013 3341 2249 3413 primus
2292 3358 2430 3397 cum

771 3427 1532 3494 Paulocommunicasset,
1585 3430 1977 3499 Protogenem
2037 3430 2295 3487 Serdicae
2360 3446 2433 3487 eo

772 3515 940 3590 quod
972 3516 1312 3573 Marcellum
1344 3516 1692 3573 defenderet
1728 3534 1913 3591 quem
1944 3519 2111 3592 prius
2142 3519 2432 3575 condem-

772 3610 1043 3672 naverat,
1077 3605 1479 3663 Gaudentium
1517 3610 1583 3662 ut
1611 3606 1781 3663 aliter
1810 3613 2091 3680 agentem
2135 3624 2205 3665 ac
2237 3609 2432 3681 Cyria-

774 3712 881 3752 cus
911 3695 1007 3752 cui
1034 3700 1428 3767 successerat,
1460 3700 1519 3754 et
1563 3700 1629 3753 ut
1671 3696 1913 3770 plurimi
1962 3697 2281 3755 facientem
2329 3715 2433 3756 eos

774 3802 932 3860 quos
958 3785 1383 3860 deposuerant.

847 4055 936 4112 14.
964 4054 1122 4113 Hosii
1140 4056 1344 4113 autem
1362 4053 1629 4113 fautores
1649 4059 1978 4130 postquam
2001 4062 2431 4127 convenerant,

771 4145 1124 4203 innocentes
1150 4145 1615 4203 declaraverunt
1658 4146 2052 4203 Athanasium
2090 4148 2337 4221 quidem
2368 4152 2433 4205 ut

771 4235 991 4308 injuste
1024 4235 1104 4291 ab
1134 4236 1204 4291 iis
1233 4236 1339 4309 qui
1359 4238 1579 4307 Tyrum
1605 4237 1915 4307 congressi
1940 4241 2426 4307 erantvexatum,

771 4326 1117 4382 Marcellum
1140 4342 1286 4382 vero
1316 4330 1381 4383 ut
1409 4326 1659 4383 minime
1680 4332 2046 4385 annuentem
2074 4344 2137 4384 se
2168 4330 2429 4399 cogitare

771 4434 908 4490 qua:
922 4416 1076 4474 falso
1091 4416 1847 4488 arguebanturManifestae
1865 4419 2024 4478 enim
2039 4423 2225 4490 erant,
2236 4420 2430 4493 inquit

2540 3255 2828 3322 κοινωνίας,
2860 3249 3044 3303 Ὃσιον
3091 3247 3150 3304 δε
3196 3254 3282 3304 τὸν
3342 3248 3650 3325 Κορδοὺϐης
3698 3250 3790 3306 διά
3835 3273 3888 3306 τε
3926 3258 4013 3313 τὴν
4053 3254 4140 3306 αὐ-

2540 3343 2635 3396 τήν
2668 3339 2860 3408 αἰτίαν,
2903 3345 2992 3393 καὶ
3044 3342 3125 3393 ὅτι
3175 3339 3318 3413 φίλος
3374 3340 3569 3413 ἐγένετο
3614 3342 3851 3414 Παυλίνῳ
3900 3349 3990 3395 καὶ
4038 3343 4140 3395 Εὐ-

2545 3432 2743 3502 σταθίῳ
2796 3439 2905 3493 τοῖς
2963 3433 3319 3505 ήγησαμένοις
3363 3441 3459 3495 τῆς
3510 3433 3861 3506 Ἀντιοχείας,
3916 3433 4143 3506 Μαξιμῖ-

2540 3539 2623 3571 νον
2684 3516 2744 3573 δε
2790 3520 3072 3595 Τριϐέρεως
3130 3525 3195 3583 ὡς
3245 3530 3447 3597 πρῶτον
3496 3522 3682 3595 Παύλῳ
3729 3528 4140 3591 κοινωνήσαντα,

2543 3614 2879 3683 Πρωτογένην
2956 3607 3016 3664 δὲ
3080 3619 3178 3673 τῆς
3249 3608 3517 3687 Σαρδικῆς
3587 3616 3656 3675 ὡς
3712 3608 4145 3688 ’ὑπερμαχοῦντα

2540 3699 2842 3773 Μαρκέλλου
2896 3708 2989 3753 τοῦ
3055 3705 3304 3775 πρότερον
3370 3701 3456 3754 ὑπ’
3503 3702 3664 3755 αὑτοῦ
3709 3702 4141 3776 καταψηφισθέν-

2540 3808 2646 3861 τος,
2708 3787 3017 3844 Γαυδέντιον
3067 3788 3126 3845 δὲ
3182 3794 3252 3854 ὡς
3304 3794 3582 3846 ὑπεναντία
3625 3791 3999 3855 σπουδάζοντα
4042 3800 4141 3847 Κυ-

2539 3890 2708 3953 ριακῷ
2759 3883 2813 3934 ὃν
2867 3879 3156 3950 διεδέξατο,
3207 3888 3297 3937 καὶ
3352 3888 3473 3947 τοὺς
3519 3884 3644 3961 παρ’
3693 3884 3863 3936 αὐτῶν
3906 3886 4141 3959 καθῃρη-

2540 3975 2722 4043 μένους
2747 3976 2865 4045 περὶ
2894 3972 3082 4026 πολλοῦ
3110 3976 3434 4047 ποιούμενον.

2615 4058 2708 4118 ιδ’.
2740 4065 2804 4115 Οἱ
2836 4059 2897 4116 δέ
2921 4083 2979 4135 γε
3018 4062 3151 4138 ἀμφὶ
3192 4067 3279 4117 τὸν
3316 4064 3521 4132 Ὃσιον,
3569 4064 3910 4134 συνελθόντες,
3942 4064 4141 4126 ἀθώους

2540 4150 2804 4224 ἀπέφηναν
2871 4153 3179 4207 Ἀθανάσιον
3253 4157 3343 4227 μὶν
3416 4158 3485 4217 ὡς
3558 4150 3758 4217 ἀδίκως
3841 4153 4135 4208 ἐπιϐουλευ-

2542 4242 2693 4294 θέντα
2748 4245 2893 4316 παρά
2948 4252 3049 4296 τῶν
3108 4245 3156 4295 ἐν
3209 4245 3364 4317 Τύρῴ
3425 4243 3788 4311 συνελθόντων,
3844 4244 4140 4319 Μάρκελλον

2541 4327 2600 4383 δὲ
2662 4328 2748 4384 οἶα
2803 4337 2874 4404 μὴ
2944 4332 3079 4385 οὕτω
3131 4333 3347 4405 λέγοντα
3396 4342 3594 4409 φρονεῖν
3662 4337 3729 4396 ὡς
3779 4330 4075 4387 διεϐάλλετο
4121 4349 4138 4366 ⁸

2538 4419 2777 4495 ἐφωράθη
2818 4424 2943 4496 γὰρ,
3003 4424 3231 4495 φησὶνό
3295 4420 3661 4497 Θεοδῶρητος,
3726 4431 3822 4475 τῶν
3877 4429 3995 4497 περὶ
4053 4427 4141 4479 τὸν

768 4507 1199 4574 Theodoretus,
1257 4506 1432 4563 malae
1492 4507 1968 4565 Eusebianorum
2035 4514 2216 4567 artes.
2282 4511 2425 4576 Quas
2460 4517 2548 4578 Dl

2362 4526 2425 4566 ιω
2460 4521 2507 4578 D
2540 4510 2839 4571 Εὐσέϐιονή
2902 4516 3223 4585 κακοτεχνία
3255 4529 3267 4543 '
3320 4512 3396 4565 ὃτι
3455 4513 3490 4565 ἃ
3542 4514 3712 4573 ζητῶν
3760 4517 3785 4565 ὁ
3842 4512 4142 4587 Μάρκελλος

769 4598 954 4653 emim
985 4596 1293 4654 Marcellus
1320 4602 1387 4654 ut
1414 4598 1667 4673 quaesita
1696 4599 1949 4668 dixerat,
1982 4616 2052 4656 ea
2082 4604 2148 4655 ut
2174 4600 2252 4656 ab
2294 4600 2425 4672 ipso

767 4692 940 4745 extra
966 4687 1438 4745 controversiam
1459 4689 1655 4762 posita
1680 4689 2230 4747 calumniabantur.
2274 4693 2422 4747 Cum

764 4783 971 4835 autem
998 4794 1068 4834 ea
1092 4778 1152 4834 in
1194 4778 1430 4851 synodo
1481 4778 1741 4836 Sardicze
1778 4777 1985 4837 habita
2012 4780 2164 4837 lecta
2202 4785 2421 4850 essent,

762 4873 926 4926 recta
952 4869 1198 4926 inventa
1228 4873 1319 4926 est
1370 4869 1554 4941 hujus
1596 4869 1863 4926 hominis
1916 4870 2090 4929 ﬁdes.
2150 4873 2421 4928 Socrates

762 4965 968 5019 autem
1015 4960 1158 5017 dicrt
1202 4961 1547 5018 Marcellum
1601 4964 1667 5017 ut
1719 4961 2291 5018 condemnationem
2335 4977 2423 5020 re-

761 5051 1029 5126 pelleret,
1059 5051 1437 5124 persuasisse
1466 5050 1767 5124 episcopis
1800 5046 2060 5109 Sardica'a
2092 5067 2419 5124 congrega-

758 5145 833 5199 tis
863 5156 966 5199 eos
992 5142 1096 5215 qui
1112 5142 1315 5215 ipsum
1342 5141 1753 5215 deposuerant
1780 5156 1905 5198 non
1926 5141 2255 5213 intelligere
2280 5159 2417 5216 quae

756 5233 1102 5307 scripserat,
1136 5236 1317 5306 atque
1347 5230 1484 5289 ideo
1534 5248 1596 5287 se
1647 5232 2091 5289 Samosatensis
2150 5234 2417 5308 episcopi

756 5323 1134 5398 suspiciones
1178 5323 1524 5380 incurrisse.
1577 5323 1923 5380 Patriarcha
1968 5339 2113 5380 vero
2168 5324 2413 5381 Photius

750 5415 1130 5475 narrationes
1153 5414 1472 5471 conferens
1492 5414 1750 5472 Socratis
1773 5430 1843 5471 ac
1867 5415 2243 5486 Theodoreti,
2271 5415 2413 5475 dicit

750 5506 1142 5566 Sardicenses
1169 5506 1489 5579 episcopos
1530 5520 1670 5561 vere
1700 5505 1985 5579 deceptos
2016 5522 2153 5563 esse
2178 5525 2190 5575 ;
2238 5522 2409 5562 cum-

745 5614 866 5673 que
894 5612 1019 5654 non
1046 5597 1201 5654 bene
1230 5594 1661 5652 intellexissent
1695 5595 1951 5651 Marcelli
1982 5596 2222 5670 scripta,
2248 5598 2406 5680 male

743 5701 883 5746 eum
906 5687 1305 5761 justiﬁcasse;
1337 5683 1477 5743 inde
1507 5684 1815 5742 neminem
1859 5685 2162 5760 accepisse
2192 5702 2403 5744 eorum

2539 4602 2731 4676 εἴρηκε,
2827 4610 2994 4655 ταῦτα
3095 4606 3160 4665 ὡς
3256 4604 3631 4676 ὡμολογημένα
3734 4600 4136 4662 διαϐεϐλήκασι.

2536 4694 2743 4744 Τούτων
2799 4689 2849 4745 δ’
2917 4693 3002 4745 ἐπὶ
3067 4702 3158 4755 τῆς
3217 4690 3443 4747 συνόδου
3506 4702 3601 4755 τῆς
3673 4695 3807 4746 κατὰ
3872 4691 4137 4767 Σαρδικήν

2537 4778 2989 4855 ἀναγνωσθέντων,
3036 4784 3163 4858 ὀρθή
3220 4791 3312 4836 τοῦ
3362 4780 3550 4859 ἀνδρὸς
3606 4786 3635 4843 ἡ
3697 4789 3878 4847 πίστις
3928 4786 4135 4858 εὑρέθη.

2536 4876 2813 4947 Σωκρατης
2881 4868 2942 4925 δέ
3002 4893 3160 4945 φησιν
3232 4875 3312 4927 ὅτι
3364 4872 3696 4925 ἀναπαλαίων
3749 4875 3774 4925 ό
3840 4873 4137 4948 Μάρκελλος

3256 4604 3631 4677 ὡμολογημένα

2535 4964 2628 5019 τήν
2667 4958 2962 5021 καταδίκην
3020 4964 3205 5016 ἔπεισε
3250 4966 3372 5025 τοὺς
3427 4962 3475 5015 ἐν
3529 4958 3761 5038 Σαρδικῇ
3821 4968 3891 5036 μή
3944 4964 4135 5023 νοήσαι

2532 5054 2653 5113 τοὺς
2688 5050 3000 5113 καθελόντας
3040 5052 3216 5119 αὐτόν,
3284 5052 3319 5105 ἃ
3365 5057 3591 5126 ’γέγραφε
3625 5069 3637 5082 ⁸
3688 5058 3778 5105 καὶ
3830 5050 3922 5105 διὰ
3978 5060 4133 5106 τοῦτο

2531 5145 2626 5200 τήν
2669 5143 2914 5195 ὑπόνοιαν
2970 5149 3062 5195 τοῦ
3117 5144 3456 5215 Σαμοσατέως
3488 5141 3770 5197 λαϐεῖν.’0
3828 5139 3887 5194 δε
3942 5162 4131 5217 πατριΔ

2530 5233 2709 5305 άρχης
2766 5237 2978 5300 Φώτιος,
3023 5232 3509 5307 σχόλιακπαραθεὶς
3572 5239 3665 5284 τοῦ
3724 5252 3779 5284 τε
3831 5234 4134 5303 Σωκράτους

2526 5328 2617 5375 καὶ
2657 5330 2749 5376 τοῦ
2781 5319 3156 5398 Θεοδωρήτου,“
3195 5327 3353 5395 φησὶν
3411 5321 3491 5374 ὅτι
3518 5396 3527 5403 ι
3554 5321 3603 5375 ἐν
3656 5318 3888 5396 Σαρδικῇ
3939 5321 4131 5395 μᾶλλον

2526 5414 2878 5473 ἠπατήθησαν
2914 5428 2927 5440 ’
2991 5417 3081 5465 καὶ
3139 5417 3211 5486 μή
3263 5417 3544 5474 νοήσαντες
3600 5410 3825 5485 ἀκριϐῶς
3874 5414 3934 5465 τὸ
3983 5420 4129 5488 Μαρ-

2522 5504 2699 5557 κέλλου
2756 5506 3099 5578 σύγγραμμα,
3160 5511 3333 5567 κακῶς
3392 5503 3550 5555 αὐτόν
3597 5499 3955 5555 ἐδικαίωσαν·
4013 5504 4126 5556 ὅθεν

2519 5592 2693 5657 οὐδεὶς
2737 5592 3060 5671 παρεδέξατο
3106 5598 3200 5653 τήν
3256 5597 3376 5669 περὶ
3425 5596 3611 5647 τούτου
3666 5598 3841 5668 κρίσιν
3903 5592 4072 5647 αὐτῶν
4105 5616 4119 5629 ο

2518 5685 2627 5739 ἀλλ’
2688 5687 2828 5740 ἔστιν
2861 5685 2955 5748 ἔξω
2978 5694 3068 5748 τῆς
3120 5684 3435 5749 Ἐκκλησίας
3465 5688 3491 5738 ό
3531 5685 3847 5760 Μάρκελλος.
3904 5683 4121 5739 3:10am-
