4508 6436
391 436 464 491 21
1766 421 2116 481 THESAURI
2154 423 2284 480 LIB.
2324 424 2417 483 VI.
3703 426 3776 482 22

397 579 498 611 σαν
544 554 605 611 δι
634 558 683 610 οἱ
732 554 779 608 έν
809 549 1042 627 Σαρδικῇ
1076 555 1167 605 καὶ
1214 549 1517 609 Ἀσκληπᾶν
1558 551 1644 602 τὸν
1682 551 1876 617 Γάζης,
1936 550 2005 611 ὡς
2037 550 2083 605 Α
2113 546 2177 603 ἀρ

1997 569 2005 611 ;
2037 550 2083 605 A
2113 546 2188 603 de
2217 547 2319 605 illo
2350 549 2747 620 sententiam;
2781 548 2885 606 sed
2913 550 3083 606 extra
3111 546 3438 606 Ecclesiam
3465 562 3603 606 esse
3630 550 3777 608 Mar-

393 646 650 700 Εύσεϐίου
700 652 792 697 τοῦ
836 641 1108 716 Παμφίλου
1161 644 1250 692 καὶ
1297 638 1495 692 πολλῶν
1544 639 1707 693 ἄλλων
1758 641 2003 711 ύπομνώ-

393 758 540 810 ματα
596 736 953 810 ἐπιφερόμενον
1011 728 1321 783 δικαιοῦντα
1378 730 1533 783 αὐτόν
1576 751 1589 764 υ
1650 732 1726 782 ἕτι
1789 725 1848 781 δι
1912 732 2002 779 καὶ

395 829 624 879 Λούκιον
688 828 773 876 τόν
842 818 1337 897 Ἀδριανουπόλεως,
1405 821 1474 882 ὡς
1534 828 1633 871 τῶν
1699 822 2005 892 κατηγόρων

396 916 564 967 αύτού
615 921 748 986 φυγῇ
792 914 1143 985 χρησαμένων
1173 927 1185 939 ·
1224 908 1459 961 καθεῖλον
1510 905 1569 961 δι
1627 914 1877 981 Γεώργιον
1917 909 2003 958 τόν

394 1001 813 1078 Ἀλεξανδρείας,
885 1002 1143 1054 Βασίλειον
1212 1000 1471 1071 Ἀγκύρας
1532 1002 1617 1051 τόν
1686 997 1799 1049 ἀντὶ
1853 1004 2004 1070 Μαρ-

392 1094 599 1161 κέλλου,
662 1095 930 1146 Κεντιαιόν
990 1090 1164 1151 Γάζης
1216 1092 1303 1142 τὸν
1359 1088 1473 1140 ἀντὶ
1524 1088 1820 1153 ’Λσκληπᾶ,
1870 1090 2003 1139 Θεό-

394 1180 570 1258 δωρον
598 1181 917 1254 Ἡρακλείας,
948 1182 1252 1256 Νάρκισσον
1293 1178 1727 1252 Εἰρηνουπόλεως,
1763 1178 2003 1228 Ἀκάκιον

396 1277 713 1347 Καισαρείας
743 1279 838 1333 τῆς
868 1270 1189 1326 Παλαιστίνη
1203 1290 1243 1337 ς,
1267 1273 1603 1341 Μηνόφαντον
1627 1266 2003 1340 Ἐφέσου,ούρ-

391 1364 581 1413 σάκιον
613 1358 952 1432 Σιγγηδόνος,
986 1358 1249 1411 Οὐάλεντα
1272 1361 1541 1433 Μούρσης,
1576 1363 1825 1430 Γεώρσγιον
1858 1362 2002 1409 Λαο-

390 1445 615 1512 δικείας,
644 1454 816 1501 καίτοι
848 1453 919 1521 μὴ
978 1452 1209 1524 παρόντα
1248 1446 1295 1499 έν
1326 1455 1387 1519 τῇ
1426 1443 1630 1518 συνόδῳ
1656 1448 1819 1518 ταύτῃ
1855 1466 1867 1478 ·
1912 1449 2003 1497 καὶ

388 1540 547 1600 οὗτος
574 1542 708 1592 κατὰ
746 1543 834 1591 τόν
865 1542 1027 1611 μέγαν
1048 1540 1358 1590 Ἀθανάσιον
1396 1542 1487 1589 καὶ
1516 1544 1607 1588 τοῦ
1634 1534 2001 1609 πρεσϐυτερίου

386 1630 715 1703 καθαιρεθεὶς
746 1630 846 1681 ὑπὸ
869 1636 958 1680 τοῦ
980 1632 1242 1701 μακαρίου
1274 1622 1614 1698 Ἀλεξάνδρου
1643 1622 1715 1679 δι’
1750 1624 1999 1681 ἀσωτίαν,

388 1724 496 1772 Καὶ
525 1726 687 1770 ταῦτα
708 1722 797 1791 μὲν
823 1726 1059 1770 τοιοῦτον
1090 1720 1219 1789 ἔσχε
1248 1720 1334 1769 τὸν
1357 1720 1563 1790 τρόπον.

467 1987 541 2042 ιε’.
600 1988 665 2039 Οἱ
704 1982 763 2039 δέ
790 1989 909 2059 περὶ
948 1984 1259 2038 Ἀθανάσιον
1312 1984 1465 2037 πάλιν
1506 1988 1598 2042 τήν
1635 1983 1834 2057 Ῥώμην
1874 2003 2005 2037 κατ-

388 2082 558 2149 έσχον
590 2096 602 2110 ·
662 2080 750 2127 καὶ
809 2077 833 2127 6
877 2083 976 2127 τῶν
1034 2076 1283 2149 ἐσπερίων
1327 2073 1577 2147 βασιλεὺς
1633 2078 1899 2141 Κώνστας,
1939 2076 2005 2126 τὰ

389 2165 442 2218 ἐν
505 2162 736 2239 Σαρδικῇ
815 2169 1061 2238 γενόμενα
1136 2166 1335 2237 μαθὼν,
1400 2164 1593 2237 ἔγραψε
1659 2172 1727 2234 τῷ
1795 2162 2007 2237 βασιλεῖ

393 2260 739 2327 Κωνσταντίῳ
814 2263 920 2315 τοῖς
991 2260 1109 2329 περὶ
1165 2256 1472 2307 Ἀθανάσιον
1548 2250 1837 2307 ἀποδοῦναι
1912 2260 2006 2321 τὰς

392 2342 543 2404 ἰδίας
586 2344 885 2406 ἐκκλησίας.
944 2344 1032 2406 Ὠς
1090 2341 1140 2396 δ’
1198 2342 1515 2422 ἀνεϐάλλετο,
1570 2343 1723 2396 πάλιν
1782 2346 2002 2420 ἔγραψεν

387 2435 419 2492 ἦ
486 2431 746 2504 δέχεσθαι
796 2436 1033 2501 τούτους,
1067 2435 1095 2492 ἦ
1143 2436 1272 2506 πρὸς
1322 2432 1542 2505 πόλεμον
1592 2438 2002 2508 παρασκευάσα-

390 2526 540 2575 σθαι.
610 2530 729 2585 Τοῖς
785 2521 882 2575 ἀνὰ
930 2528 1023 2581 τὴν
1100 2524 1163 2574 ἔω
1228 2527 1399 2574 τοίνυν
1466 2522 1776 2585 ἐπισκόποις
1850 2532 2001 2577 τοῦτο

388 2616 752 2675 Κωνστάντιος
811 2614 1209 2684 κοινωσάμενος,
1266 2617 1357 2663 καὶ
1420 2618 1641 2684 νομίσας
1692 2614 1872 2674 εὔηθες
1932 2612 2002 2666 εἷ-

386 2723 477 2754 ναι
535 2699 628 2755 διὰ
691 2707 886 2761 ταύτην
946 2702 1118 2754 αἰτίαν
1175 2702 1416 2775 ἐμφύλιον
1475 2704 1741 2777 αἱρεῖσθαι
1794 2705 1999 2775 μάχην,

388 2798 539 2866 τρισὶ
584 2796 893 2867 γράμμασιν
950 2793 1259 2845 Ἀθανάσιον
1318 2792 1693 2865 μετεκαλέσατο
1750 2798 1837 2845 καὶ
1883 2796 2004 2855 τούς

390 2887 491 2935 σὺν
555 2884 691 2953 αὐτῷ
735 2901 747 2913 ·
825 2882 1105 2935 κατελαϐον
1181 2879 1267 2934 οὖν
1333 2887 1451 2942 τοὺς
1524 2882 1716 2934 ἑαυτῶν
1793 2884 2005 2956 θρόνους

388 2973 595 3033 Παῦλος
656 2974 681 3025 ό
760 2972 1366 3043 Κωνσταντινουπόλεως,
1435 2971 1728 3047 Μάρκελλος
1803 2974 1827 3025 ό
1887 2974 2004 3045 Ἀγ-

385 3065 579 3135 κύρας,
642 3062 939 3123 Ἀσκληπᾶς
987 3064 1011 3114 6
1054 3064 1243 3129 Γάζης,
1292 3067 1382 3114 καὶ
1434 3065 1653 3124 Λούκιος
1703 3063 1727 3114 6
1782 3058 2003 3138 Ἀδρια-

385 3156 675 3218 νουπόλεως
703 3174 715 3186 ·
753 3157 1069 3218 Ἀθανάσιος
1096 3153 1147 3209 δ’
1175 3156 1248 3218 εἰς
1286 3156 1615 3228 Ἀντιόχειαν
1672 3164 1765 3228 τῇν
1814 3160 2005 3230 Συρίας

2114 634 2351 693 cellum.
2386 642 2737 695 lnnocentes
2760 639 2964 695 autem
2985 636 3367 693 declaravere
3394 636 3777 694 Sardicenses

2114 725 2376 797 episcOpi
2424 727 2767 801 Asclepium
2820 729 3008 796 Gaza,
3044 729 3111 782 ut
3162 724 3241 781 ab
3295 724 3551 782 Eusebio
3607 728 3776 783 Pam-

2114 815 2260 887 phili
2282 816 2605 891 multisque
2620 818 2749 874 aliis
2764 816 3103 875 testimonia
3118 814 3465 873 afferentem
3482 831 3618 888 qua
3634 831 3776 873 eum

2113 904 2553 976 defendebant;
2603 907 2803 963 adhuc
2833 911 2890 963 et
2938 906 3183 962 Lucium
3207 905 3647 978 Adrianopolis,
3676 920 3777 961 cu-

2109 996 2210 1067 jus
2263 1001 2645 1053 accusatores
2679 997 3076 1067 aufugerant;
3110 996 3523 1070 deposuerunt
3573 999 3776 1052 autem

2116 1087 2397 1157 Gorgium
2428 1087 2821 1155 Alexandria,
2880 1088 3166 1143 Basilium
3219 1092 3489 1158 Ancyra,
3522 1084 3778 1143 Marcelli

2114 1175 2547 1245 adversarium,
2579 1178 2933 1234 Centianum
2964 1178 3132 1233 Gaza
3169 1176 3277 1250 qui
3305 1174 3645 1248 Asclepium
3674 1190 3777 1231 ur-

2114 1265 2312 1335 gebat,
2380 1266 2758 1323 Theodorum
2808 1266 3133 1333 Heraclea,
3175 1264 3519 1322 Narcissum
3580 1265 3780 1321 Ireno—

2112 1354 2291 1427 polis,
2316 1355 2600 1412 Acacium
2635 1358 2919 1413 Casarea
2951 1356 3014 1411 in
3038 1355 3377 1421 Palastina,
3408 1353 3777 1427 Menophan-

2115 1448 2243 1499 tum
2274 1443 2512 1516 Ephesi,
2555 1446 2865 1502 Ursacium
2898 1444 3263 1515 Singidonis,
3288 1442 3595 1499 Valentem
3623 1445 3776 1500 Mur-

2114 1549 2215 1601 sa,
2250 1534 2568 1603 Georgium
2618 1533 2946 1601 Laodicea,
2979 1547 3336 1606 quanquam
3366 1531 3495 1605 ipse
3529 1530 3609 1588 ab
3659 1530 3777 1587 hac

2114 1622 2350 1695 synodo
2381 1623 2624 1694 aberat;
2650 1628 2707 1680 et
2734 1623 2805 1691 is,
2824 1623 2999 1694 juxta
3037 1636 3333 1693 magnum
3354 1620 3773 1691 Athanasium,

2114 1729 2186 1769 ex
2210 1713 2549 1770 sacerdotio
2569 1717 2814 1787 propter
2843 1711 3145 1769 luxuriam
3177 1727 3213 1768 a
3235 1711 3413 1768 beato
3435 1710 3775 1768 Alexandro

2113 1800 2425 1875 depositus
2456 1802 2669 1859 fuerat.
2695 1805 2760 1859 Et
2800 1802 2929 1859 hac
2957 1800 3202 1875 quidem
3227 1802 3343 1858 hoc
3372 1798 3557 1857 modo
3588 1815 3650 1856 se
3669 1798 3776 1857 ha-

2035 1901 2079 1955 B
2115 1892 2319 1949 buere.

2194 1986 2273 2038 I5.
2316 1981 2627 2038 Athanasii
2658 1984 2861 2038 autem
2890 1980 3154 2038 fautores
3182 1982 3386 2037 Roma
3418 1979 3690 2050 aderant,
3718 1982 3777 2038 et

2116 2072 2450 2129 Occidentis
2481 2072 2809 2147 imperator
2840 2074 3157 2138 Constans,
3200 2086 3339 2128 cum
3368 2085 3441 2128 ea
3468 2085 3606 2143 qua
3637 2071 3777 2128 Sar-

2114 2162 2263 2218 dica
2284 2162 2440 2219 facta
2464 2162 2701 2218 fuerant
2720 2161 3045 2233 didicisset,
3074 2162 3153 2218 ad
3173 2162 3599 2234 imperatorem
3620 2160 3775 2218 Con-

2114 2252 2399 2308 stantium
2462 2251 2698 2325 scripsit
2746 2255 2811 2308 ut
2867 2251 3177 2308 Athanasii
3237 2249 3577 2307 fautoribus
3634 2266 3776 2307 suas

2113 2341 2393 2397 ecclesias
2416 2340 2712 2398 redderet.
2738 2342 2884 2397 Cum
2916 2344 3119 2398 autem
3149 2340 3246 2397 hic
3282 2339 3773 2415 procrastinaret,

2112 2447 2351 2488 rursum
2374 2431 2426 2487 ei
2458 2431 2691 2503 scripsit
2718 2436 2783 2487 ut
2801 2435 2905 2488 aut
2932 2430 3064 2488 illos
3086 2431 3530 2487 restitueretaut
3548 2428 3629 2485 ad
3653 2428 3778 2485 bel-

2111 2521 2236 2577 lum
2292 2537 2357 2577 se
2409 2525 2746 2594 appararet.
2803 2520 2978 2587 Quod
3032 2519 3426 2577 orientalibus
3478 2518 3778 2592 episcopis

2112 2616 2323 2667 notum
2374 2610 2601 2667 faciens
2667 2610 3050 2667 Constantius
3095 2608 3471 2682 credensque
3524 2607 3777 2665 stultum

2112 2716 2244 2756 esse
2298 2700 2379 2756 ob
2431 2700 2589 2756 hanc
2646 2716 2898 2757 causam
2946 2699 3279 2756 fraternum
3322 2698 3549 2755 bellum
3590 2697 3780 2755 susci-

2114 2794 2257 2859 tare,
2298 2790 2489 2845 tribus
2541 2789 2749 2846 litteris
2809 2790 3206 2845 Athanasium
3249 2788 3502 2861 ejusque
3547 2788 3779 2844 amicos

2112 2880 2436 2936 revocavit.
2492 2882 2863 2952 Receperunt
2905 2879 3086 2949 igitur
3140 2893 3286 2934 suas
3339 2877 3513 2933 sedes
3558 2876 3783 2935 Paulus

2114 2969 2687 3041 Constantinopolis,
2711 2968 3021 3026 Marcellus
3048 2973 3325 3041 Ancyra,
3356 2966 3644 3040 Asclepas
3674 2968 3784 3025 Ga-

2114 3076 2215 3128 za,
2230 3064 2288 3114 et
2312 3059 2522 3114 Lucius
2544 3058 2985 3132 Adrianopolis.
3021 3060 3168 3115 Cum
3190 3062 3395 3115 autem
3415 3057 3781 3114 Athanasius

2114 3149 2494 3205 Antiochiam
2546 3149 2729 3221 Syria
2768 3148 3044 3205 rediisset
3086 3148 3194 3204 ubi
3243 3146 3603 3205 versabatur
3633 3146 3784 3204 Con-

388 3245 713 3318 ἰιφικόμενος,
773 3247 894 3298 ἔνθα
942 3242 1170 3320 διέτριϐε
1226 3247 1607 3306 Κωνστάντιος,
1657 3248 1800 3297 εὔνου
1848 3242 2005 3303 δῆθεν
2045 3260 2085 3316 C
2114 3244 2167 3295 st

2045 3260 2085 3316 α
2114 3238 2391 3307 stantius,
2433 3238 2797 3295 benevolum
2850 3254 2991 3295 eum
3035 3240 3317 3312 expertus
3346 3240 3477 3294 est:
3506 3252 3581 3294 ex
3618 3237 3785 3294 Aria-

384 3336 552 3387 αύτοῡ
593 3334 835 3408 ἐπειράθη
867 3352 879 3365 ⁸
941 3344 1040 3387 τῶν
1076 3336 1350 3408 Ἀρειανῶν
1405 3330 1464 3387 δε
1518 3336 1863 3407 ὑποθεμένων,
1910 3338 2001 3407 ἔφη

379 3430 515 3500 πρὸς
564 3425 717 3477 αὐτόν
768 3426 792 3476 ὁ
852 3427 1209 3487 Κωνστάντιος
1242 3442 1255 3453 ·
1322 3423 1476 3487 Ἀξιῶ
1542 3423 1596 3475 ἐκ
1645 3424 1841 3476 πολλῶν
1899 3433 2000 3476 τῶν

382 3516 487 3565 ύπό
549 3517 604 3566 σε
635 3513 955 3573 Ἐκκλησιῶν
1011 3518 1135 3587 μίαν
1184 3516 1326 3585 ἔχειν
1385 3513 1435 3565 έν
1466 3510 1832 3587 Ἀλεξανδρείᾳ
1884 3532 2003 3575 τους

378 3611 643 3655 κοινωνεῖν
722 3623 806 3655 σοι
880 3608 1347 3679 παραιτουμένους.
1412 3601 1470 3654 ⁸0
1548 3600 1624 3667 δε,
1704 3602 1998 3672 ὑπολαϐὼν,

876 3695 991 3765 ἔφη,

379 3786 519 3835 ὥστε
575 3788 698 3855 μίαν
761 3786 901 3855 ἔχειν
956 3782 1237 3841 ἐκκλησίαν
1296 3781 1344 3833 ἐν
1400 3781 1696 3855 Ἀντιοχείᾳ
1736 3786 1857 3845 τούς
1905 3792 2004 3834 τῶν

378 3693 789 3766 Παραπλησίαν,
876 3695 991 3765 ἔφη,
1070 3695 1232 3767 χάριν
1309 3691 1437 3744 αἰτῶ
1511 3690 1679 3764 κάγὼ,
1755 3690 1999 3765 βασιλεῦ,

376 3867 817 3947 ἕτεροὸοξούντων
908 3877 1001 3930 τὴν
1097 3876 1365 3923 κοινωνίαν
1455 3873 1735 3943 φεύγοντας
1778 3885 1792 3901 ’
1880 3873 2001 3947 ὅπερ

378 3961 701 4023 ἀκούσαντες
769 3965 818 4013 οἱ
878 3962 1135 4036 Ἀρειανοὶ
1192 3963 1337 4035 παρὰ
1383 3968 1475 4013 τοῦ
1540 3960 1822 4033 βασιλεως,
1880 3960 2003 4021 ἐζή-

376 4072 553 4110 τησαν
615 4052 765 4105 πλέον
814 4048 987 4108 οὐδέν.
1051 4052 1270 4105 Ἐκεῖθεν
1343 4054 1508 4103 τοίνυν
1561 4052 1875 4113 Ἀθανάσιος
1924 4050 2005 4115 ἐξ·

376 4147 647 4215 ορμησας,
707 4145 774 4195 τὰ
824 4141 1162 4218 Ἰεροσόλυμα
1212 4140 1489 4195 κατέλαϐεν
1524 4159 1536 4171 ⁸
1593 4142 1661 4192 ὧν
1715 4143 1741 4193 6
1786 4141 2004 4194 ἐπίσκο-

375 4252 479 4293 πος
529 4229 1066 4305 Μάξιμος,’σύνοδον
1129 4234 1351 4290 τοτίικήν
1419 4230 1737 4297 ἐπιτελεσας,
1799 4230 2002 4286 ἐκοινώ-

371 4341 533 4379 νησεν
566 4321 702 4392 αύτῷ
735 4335 749 4351 ⁶
793 4326 882 4373 καὶ
935 4323 1099 4384 οὕτως
1143 4321 1215 4383 εἰς
1244 4318 1641 4394 Ἀλεξάνδρειαν
1699 4319 2006 4395 ἀφικόμενος

378 4395 720 4480 Ἀθανάσιος,
753 4417 868 4473 τοὺς
916 4414 982 4464 τὰ
1011 4414 1217 4486 Ἀρείου
1271 4419 1577 4485 φρονοῦντας
1632 4412 1867 4474 ἅπαντας
1908 4433 2002 4465 κα-

383 4502 568 4556 θεῐλεν.

461 4614 540 4657 ις.
597 4592 678 4646 Ἐν
728 4595 896 4663 τούτῷ
939 4589 997 4646 δὲ
1050 4598 1297 4654 Κώνστας
1346 4592 1371 4643 ό
1417 4600 1512 4653 τῆς
1542 4592 1805 4669 Ἐσπέρας
1850 4592 2008 4667 βασι·
2038 4618 2083 4674 D

380 4684 543 4735 λεύων
592 4684 693 4735 ύπό
747 4686 1070 4754 Μαγνεντίου
1129 4684 1265 4734 κατὰ
1307 4687 1570 4740 ωσκευήν
1616 4682 1863 4757 ἀνῃρέθη,
1918 4689 2008 4737 καὶ

385 4776 754 4835 Κωνστάντιος
822 4772 1158 4847 αὐτοκράτωρ
1230 4776 1404 4844 γέγονε
1476 4781 1564 4833 τῆς
1632 4770 1809 4846 ἀρχῆς
1876 4773 2007 4826 ἁπά-

386 4883 485 4924 σης
519 4885 533 4896 ·
598 4863 650 4924 ὃς
706 4868 816 4935 καὶ,
887 4871 994 4923 τοῖς
1044 4861 1331 4937 Ἀρειανοίς
1380 4864 1699 4936 πειθόμενος,
1762 4866 1829 4916 τὰ
1883 4884 2008 4939 προ-

386 4950 687 5025 δεὸογμένα
777 4954 948 5005 πάντα
1037 4952 1379 5026 μετέστρεφεν
1463 4953 1533 5015 εἰς
1624 4956 1683 5005 τό
1760 4956 2007 5007 ἐναντίον·

387 5044 589 5104 Ιιαυλος
645 5049 815 5095 τοίνυν
870 5045 895 5095 6
948 5042 1536 5103 Κωνσταντινουπόλεως
1590 5042 1657 5105 εἰς
1708 5049 2008 5097 Κουκουσόν

383 5140 478 5196 της
531 5134 798 5207 Ἀρμενίας
842 5132 1124 5208 ἐξορισθεὶς
1179 5133 1401 5209 ἀνῃρέθη
1454 5132 1662 5208 βρόχῳ,
1720 5140 1808 5187 καὶ
1855 5135 2008 5188 πάλιν

384 5230 481 5282 την
560 5223 843 5281 ἐκκλησίαν
918 5226 1152 5295 κατέσχε
1243 5219 1570 5287 Μακεδόνιος
1611 5241 1623 5254 ·

387 5311 440 5367 δ’
512 5312 865 5383 ἐκϐληθέντος,
947 5311 1198 5386 ἐγκρατὴς
1267 5309 1414 5375 αὖθις
1481 5313 1677 5386 ἐγένετο
1734 5324 1830 5377 τῆς
1895 5314 2007 5368 ἐπι-

388 5413 596 5465 σκοπῆς
626 5408 895 5465 Βασίλειος
928 5420 941 5433 ⁸
978 5405 1204 5463 Λούκιος
1254 5400 1313 5456 δὲ
1348 5400 1555 5478 σιδήρῳ
1606 5400 1819 5478 δέσμιος
1863 5400 2003 5481 ἐνί-τῇ

387 5498 568 5568 εἱρκτῇ
630 5490 885 5570 διεφθάρη
923 5516 935 5527 ·
994 5493 1308 5555 Ἀθανάσιος
1358 5490 1419 5546 δε
1465 5493 1757 5557 κελευσθεὶς
1805 5494 2005 5572 ἀναιρε-

1703 5225 2006 5299 Μαρκέλλου

391 5585 570 5651 ϐῆναί,
640 5584 788 5657 μόλις
855 5580 1115 5657 διέφυγεν.
1183 5583 1597 5658 Ἐκστρατεύσας
1666 5581 1723 5638 δε
1775 5584 1858 5639 ἐπὶ
1915 5592 2009 5646 τὴν

390 5670 662 5749 Ἰλλυρίδα
743 5676 1097 5735 Κωνστάντιος
1170 5676 1308 5727 κατὰ
1384 5680 1755 5749 Βρεττανίωνος
1824 5697 2013 5751 τυραν-

390 5771 670 5837 νήσαντος,
720 5766 840 5823 ἧκεν
898 5765 971 5829 εἰς
1018 5769 1075 5819 τὸ
1134 5770 1367 5841 Σίρμιον,
1427 5767 1547 5819 ἔνθα
1604 5762 1671 5825 δὴ
1731 5776 1827 5830 τῆς
1878 5771 2015 5822 κατὰ

2113 3345 2334 3385 norum
2380 3334 2583 3385 autem
2610 3327 2881 3399 consilio,
2924 3329 3007 3384 illi
3051 3327 3306 3400 subjecit
3344 3327 3731 3385 Constantius
3765 3345 3780 3385 :

2112 3422 2347 3475 Iustum
2386 3434 2603 3475 censeo
2650 3435 2720 3473 ex
2764 3418 2968 3475 multis
2997 3435 3133 3493 qua
3164 3417 3279 3474 sub
3318 3421 3375 3474 te
3407 3420 3549 3474 sunt
3601 3416 3787 3475 eccle-

2114 3509 2217 3565 siis
2244 3515 2307 3565 ut
2346 3524 2531 3565 unam
2570 3508 2839 3565 habeant
2867 3507 3247 3565 Alexandria
3275 3508 3382 3581 qui
3403 3511 3601 3564 tecum
3623 3523 3787 3565 com-

2113 3600 2423 3656 municare
2450 3598 2731 3655 nolunt.E
2750 3603 2960 3655 contra
2986 3604 3188 3655 autem
3212 3597 3349 3655 ille:
3384 3596 3673 3667 Similem,
3698 3597 3787 3654 in-

2113 3690 2264 3763 quit,
2296 3706 2332 3746 a
2360 3694 2437 3753 te,
2470 3690 2820 3762 imperator,
2848 3689 3113 3761 efﬂagito
3146 3689 3424 3762 gratiam,
3467 3704 3689 3762 nempe
3720 3692 3787 3748 ut

2114 3794 2302 3836 unam
2351 3778 2678 3835 Antiochia
2735 3779 3006 3836 habeant
3061 3778 3385 3836 ecclesiam
3414 3778 3520 3852 qui
3549 3778 3785 3836 hetero-

2113 3869 2415 3926 doxorum
2449 3870 2944 3927 communionem
2974 3870 3234 3943 fugiunt.
3263 3869 3439 3935 Quod
3472 3868 3787 3927 audientes

2114 3961 2335 4030 Ariani,
2375 3960 2522 4018 nihil
2552 3962 2817 4035 amplius
2849 3961 3237 4035 quasierunt.
3271 3959 3415 4016 Inde
3438 3958 3620 4029 igitur
3647 3972 3788 4031 pro-

2114 4052 2303 4108 fectus
2333 4052 2697 4109 Athanasius
2725 4053 3209 4126 Hierolosymam
3256 4050 3565 4125 pervenit;
3612 4048 3787 4121 cujus

2114 4142 2278 4198 urbis
2310 4143 2629 4216 episcopus
2648 4142 3143 4216 Maximus,locali
3168 4140 3407 4216 synodo
3428 4142 3785 4209 convocata,

2114 4247 2255 4288 cum
2306 4232 2407 4290 illo
2461 4233 2956 4289 communicavit.
2990 4236 3187 4306 Atque
3220 4232 3307 4289 ita
3354 4246 3497 4288 cum
3531 4229 3785 4287 Alexan-

2114 4322 2308 4379 driam
2339 4322 2613 4380 rediisset
2646 4323 3030 4395 Athanasius,
3066 4337 3283 4379 omnes
3305 4336 3410 4379 eos
3431 4320 3537 4395 qui
3557 4320 3784 4381 Ariana

2115 4412 2407 4483 dogmata
2438 4412 2893 4486 proﬁtebantur,
2921 4412 3227 4488 deposuit.

2190 4597 2275 4651 16.
2320 4596 2549 4650 Interea
2579 4608 2723 4651 vero
2753 4595 3050 4651 Constans
3079 4592 3185 4667 qui
3224 4591 3287 4649 in
3331 4591 3652 4651 Occidente
3688 4608 3781 4651 re-

2119 4684 2365 4756 gnabat,
2408 4699 2444 4740 a
2488 4684 2828 4755 Magnentio
2863 4699 2970 4758 per
3007 4682 3257 4740 insidias
3282 4682 3629 4757 interfectus
3668 4688 3778 4756 est,

2096 4768 2177 4830 'et
2205 4776 2397 4831 factus
2432 4778 2524 4829 est
2554 4774 2939 4831 Constantius
2960 4774 3123 4831 orbis
3145 4773 3404 4829 universi
3429 4773 3778 4849 imperator.

2120 4864 2232 4931 Qui
2271 4864 2350 4921 ab
2377 4864 2609 4920 Arianis
2634 4864 2918 4921 seductus
2946 4879 3349 4938 quacumque
3378 4866 3517 4921 ante
3538 4863 3781 4923 decreta

2120 4958 2291 5011 crant
2319 4954 2379 5010 in
2410 4954 2778 5012 contrarium
2828 4954 3101 5012 mutavit.
3157 4953 3378 5010 Paulus
3406 4954 3587 5026 igitur
3628 4955 3779 5013 Con-

2120 5044 2542 5118 stantinopolis
2593 5045 2653 5101 in
2685 5044 2901 5102 urbem
2946 5044 3243 5102 Armenia
3274 5046 3577 5102 Cucusum
3606 5060 3781 5103 exsu-

2118 5134 2275 5191 latus
2301 5134 2522 5207 laqueo
2564 5135 2909 5193 interfectus
2940 5139 3049 5205 est,
3093 5138 3148 5193 et
3168 5151 3378 5194 rursus
3406 5135 3566 5193 hanc
3596 5136 3783 5194 eccle-

2119 5225 2271 5282 siam
2301 5224 2515 5281 habuit
2544 5226 2945 5299 Macedonius,
2975 5225 3247 5284 Marcello
3270 5231 3475 5284 autem
3501 5226 3776 5301 expulso,

2120 5316 2474 5389 episcopatu
2531 5332 2775 5374 rursum
2830 5316 3032 5391 potius
3089 5320 3180 5376 est
3238 5316 3513 5375 Basilius.
3570 5318 3785 5375 Lucius

2120 5406 2275 5463 ferro
2304 5407 2541 5463 vinctus
2569 5407 2630 5463 in
2662 5424 2898 5465 carcere
2927 5408 3120 5482 periit.
3162 5408 3525 5465 Athanasius
3555 5412 3782 5480 autem,

2120 5512 2302 5569 quem
2324 5496 2575 5553 interﬁci
2601 5498 2996 5571 jusserat,vix
3028 5498 3281 5571 aufugit.
3304 5498 3609 5556 Profectus
3639 5515 3785 5558 vero

2120 5587 2183 5643 in
2235 5587 2495 5661 lllyriam
2530 5590 2913 5647 Constantius
2946 5594 3157 5647 contra
3207 5590 3652 5648 Brettanionem
3696 5590 3816 5649 re-‘

2125 5693 2315 5749 gnum
2346 5679 2750 5749 aﬁ'ectantem,
2787 5680 3071 5739 Sirmium
3101 5680 3266 5737 venit
3302 5680 3409 5737 ubi
3458 5680 3671 5739 habita
3698 5684 3791 5742 est

2126 5773 2336 5828 contra
2367 5770 2685 5829 Photinum
2738 5771 3035 5846 synodus.
3089 5772 3319 5831 Interea
3349 5789 3386 5831 a
3424 5773 3547 5830 suis
3574 5772 3789 5847 legatis
