4508 6436
822 381 890 436 23
2158 372 2428 434 NICETE
2467 370 2836 437 CHONIATAE
4032 381 4036 389 '
4123 407 4194 462 ει

823 501 1168 560 interfectus
1191 505 1282 559 est
1304 502 1408 576 qui
1427 506 1631 561 Romae
1658 502 2063 577 imperaverat
2087 498 2476 572 Magnentius,
2507 497 2554 550 A
2591 515 2603 550 ς

2408 513 2476 566 ιε,
2507 497 2554 550 Α
2591 504 2841 557 Φωτεινοῦ
2881 504 3108 562 συνόδου
3160 514 3452 582 γεγονυίας,
3486 514 3534 566 ἓν
3563 520 3636 585 τῷ
3679 519 3873 590 μεταξὺ
3926 527 4188 600 καθῃρέθη

824 598 881 649 et
927 597 1221 665 tyrannus
1246 592 1414 660 alter,
1457 593 1732 650 Silvanus
1766 594 2033 652 nomine.
2060 597 2274 663 Magna
2300 591 2479 662 igitur

824 681 1137 738 securitate
1167 681 1228 737 in
1257 685 1520 738 veterem
1550 684 1804 738 Romam
1853 682 2155 754 profectus
2205 685 2290 738 est
2328 684 2476 737 Con-

825 771 1083 829 stantius
1105 770 1404 842 jussitquc
1427 770 1731 843 synodum
1759 771 2074 829 Mediolani
2097 769 2244 828 ﬁeri.

898 1048 983 1100 ΓΙ.
1037 1046 1287 1113 interea,
1318 1045 1385 1099 ut
1412 1045 1621 1099 narrat
1668 1043 2226 1111 Sozomenus,,cum
2275 1041 2471 1098 Antio-

821 1133 1021 1190 chiam
1051 1133 1475 1189 convenissent
1502 1132 1809 1189 Narcissus
1836 1132 2183 1204 Irenopolis,
2212 1134 2269 1188 et
2295 1132 2476 1188 Theo-

799 1223 1005 1279 'dorus
1026 1221 1715 1293 Heracleae,etEugenius
1747 1221 1852 1293 qui
1877 1221 2204 1291 Theognidi
2234 1222 2472 1278 Nicaano

818 1317 1190 1371 successerat
1234 1317 1291 1368 et
1333 1312 1703 1385 Petrophilus
1749 1312 2148 1385 Scythopolis,
2199 1316 2255 1368 et
2283 1315 2474 1369 Meno-

818 1404 1084 1477 phantus
1133 1401 1353 1475 Ephesi
1401 1405 1458 1458 et
1507 1401 1607 1458 alii
1645 1417 1836 1474 prope
1885 1402 2146 1472 triginta,
2182 1400 2474 1457 universis

818 1493 1115 1566 episcopis
1170 1496 1382 1548 contra
1433 1491 1831 1548 Athanasium
1879 1491 2192 1563 scripsere.
2243 1493 2473 1548 Conve-

817 1586 1037 1638 nerunt
1107 1587 1310 1638 autem
1374 1580 1776 1637 Mediolanum
1849 1581 2028 1653 pauci
2084 1580 2333 1652 quidem
2399 1597 2472 1638 ex

817 1673 1072 1739 Oriente,
1135 1671 1266 1727 aliis
1327 1670 1814 1744 praetexentibus,
1870 1674 1936 1726 ut
1989 1670 2308 1726 verisimile
2357 1676 2467 1737 est,

815 1765 1180 1819 senectutem
1211 1764 1315 1817 aut
1341 1760 1622 1817 morbum
1646 1763 1751 1816 aut
1768 1759 1992 1816 itineris
2015 1759 2466 1827 difﬁcultatem;

814 1868 887 1908 ex
931 1850 1248 1908 Occidente
1279 1854 1480 1906 autem
1511 1850 1856 1920 congregati
1895 1854 2036 1906 sunt
2065 1849 2220 1906 ultra
2243 1855 2465 1907 trecen-
2494 1846 2534 1900 Β

812 1945 924 1998 tos.
981 1939 1380 1997 Orientalibus
1439 1939 1619 2010 igitur
1670 1939 1925 2008 dignum
1983 1940 2464 1997 existimantibus

811 2045 1199 2087 communem
1250 2029 1387 2085 ferri
1414 2033 1623 2086 contra
1656 2028 2048 2084 Athanasium
2082 2031 2461 2100 sententiam,

807 2120 1148 2176 restiterunt
1174 2118 1424 2191 quidam
1457 2133 1530 2174 ex
1558 2117 2031 2175 occidentalibus
2062 2119 2168 2191 qui
2198 2119 2333 2175 etin
2365 2137 2464 2176 ex-

807 2209 1005 2265 silium
1057 2209 1228 2264 missi
1276 2213 1434 2277 sunt,
1481 2211 1548 2264 ut
1592 2207 1858 2264 Liberius
1913 2209 2133 2275 Romae,
2176 2209 2462 2266 Paulinus

804 2298 1068 2356 Treveris
1101 2298 1163 2354 in
1211 2298 1431 2367 Galliis,
1467 2298 1789 2370 Dionysius
1839 2297 2006 2353 Albae
2035 2298 2099 2354 in
2128 2299 2314 2367 Italia,
2351 2304 2458 2357 Eu-

804 2389 1007 2445 sebius
1028 2388 1413 2444 Vercellensis
1443 2388 1503 2444 in
1545 2389 1801 2460 Liguria,
1835 2390 2066 2446 Lucifer
2087 2390 2457 2447 Carallarum

802 2480 864 2536 in
922 2479 1218 2549 Sardinia,
1258 2483 1316 2536 et
1362 2479 1615 2537 Hilarius
1675 2480 2065 2537 Pictaviensis
2097 2481 2160 2536 in
2191 2481 2458 2538 secunda

800 2569 1142 2641 Aquitania.

868 2659 956 2715 48.
1009 2658 1215 2714 Soluta
1261 2663 1464 2715 autem
1509 2658 1731 2716 infecta
1758 2675 1821 2715 re
1852 2660 2107 2732 synodo,
2152 2660 2455 2716 Eudoxius

2587 592 2731 660 παρὰ
2759 601 2858 644 τῶν
2885 595 3046 650 αὐτοῦ
3082 608 3390 672 στρατηγῶν
3413 601 3438 652 6
3469 609 3797 675 τυραννήσας
3827 608 3995 683 Ῥώμη
4008 592 4193 687 ςἸίῙαγ-

2585 682 2791 752 νέντεος,
2823 689 2913 736 καὶ
2945 687 3114 760 ἔτερος
3165 691 3409 764 τύραννος
3534 693 3772 758 Σιλϐανός
3815 682 3976 772 ὄνομα
3999 719 4011 731 ·
4055 709 4189 758 κατὰ

2587 768 2778 828 πολλήν
2826 777 2997 826 τοίνυν
3028 773 3208 830 ἄδειαν
3240 777 3324 831 ἐπὶ
3371 784 3467 838 τήν
3515 783 3872 860 πρεσϐυτέραν
3900 768 4115 864 ⁷Ῥώμην
4161 797 4187 847 6

2588 863 2942 952 Κωνστοίντιος
2967 866 3101 941 ὁρμή
3112 886 3226 938 σας,
3251 867 3509 924 ἐκέλευσεν
3539 870 3588 923 ἐι
3619 871 3922 950 Μεδιολάνῳ
3948 863 4186 952 γενέσθαι

2587 947 2827 1007 σύνοδον.

2657 1038 2744 1099 ιζ’.
2800 1042 2879 1096 Ἐν
2935 1047 3125 1119 τούτῳ,
3181 1049 3320 1100 καθά
3371 1068 3529 1121 φησιν
3583 1052 3896 1127 Σωξόμενος,
3957 1058 4026 1122 εἰς
4067 1062 4182 1116 Ἀν-

2581 1131 2817 1200 τιόχειαν
2884 1135 3207 1198 συνελθόντες
3279 1141 3581 1213 Νάρκισσος
3651 1144 3676 1194 6
3740 1145 4171 1223 Εἰρηνουπόλεως,

2581 1222 2676 1311 καὶ,
2725 1218 2998 1311 Θεόδωρος
3049 1225 3379 1300 Ἡρακλείας,
3438 1234 3526 1282 καὶ
3566 1218 3805 1303 Εύγένιος
3850 1237 3876 1288 6
3916 1218 4182 1311 διάδοχος

2583 1306 2864 1394 Θεόγνιδος
2928 1321 3020 1366 τοῦ
3084 1320 3328 1384 Νικαίας,
3385 1322 3474 1370 καὶ
3537 1322 3858 1394 Πατρόφιλος
3927 1306 4186 1382 Σκυθοπό-

2581 1393 2724 1465 λεως,
2778 1404 2868 1452 καὶ
2923 1407 3261 1476 Μηνόφαντος
3316 1408 3342 1458 6
3412 1406 3647 1480 Ἐφέσου,
3703 1393 3791 1464 καὶ
3842 1413 3989 1468 ἄλλοι
4051 1416 4183 1490 ἀμφὶ

2582 1486 2880 1560 τριάκοντα,
2934 1492 3165 1564 ἔγραψαν
3210 1501 3317 1556 τοῖς
3363 1507 3643 1569 πανταχοῦ
3699 1498 4001 1565 ἐπισκόποις
4050 1509 4186 1559 κατά

2582 1570 2897 1668 ’ᾼθανασίου
2932 1598 2943 1608 ·
3012 1582 3264 1641 συνῆλθον
3316 1581 3374 1637 δε
3418 1585 3484 1647 εἰς
3535 1590 3592 1639 τό
3642 1587 3961 1646 Μεδιόλανον
4016 1595 4183 1668 ὀλίγοι

2579 1663 2669 1732 μὲν
2710 1662 2763 1714 ἐκ
2817 1674 2911 1728 τῆς
2968 1667 3090 1741 Ἕω,
3139 1678 3238 1723 τῶν
3288 1671 3474 1741 mw,
3527 1677 3594 1737 ὡς
3644 1676 3800 1746 εἰκὸς,
3850 1699 4182 1754 προφασισα-

2577 1753 2739 1820 μένων
2791 1762 2956 1830 γῆρας
3003 1758 3032 1816 ἦ
3093 1763 3242 1812 νόσον
3284 1761 3310 1819 ἦ
3364 1758 3669 1838 ὁδοιπορίαν
3711 1753 3917 1843 μακράν
3949 1753 3965 1799 ’ν
4018 1774 4073 1824 ἑκ
4122 1769 4182 1826 δε

2575 1851 2674 1893 τῶν
2738 1841 3018 1917 Ἐσπερίων
3084 1849 3209 1921 ὑπὲρ
3273 1854 3393 1913 τοὺς
3453 1860 3804 1924 τριακοσίους.
3878 1857 4179 1922 Ἀξιούντων

2575 1931 2663 1984 οὖν
2687 1940 2789 1983 τῶν
2821 1932 3135 1988 ἀνατολικῶν
3167 1944 3342 1998 κοινὴν
3373 1939 3676 2016 ἐκφέρεσθαι
3705 1949 3837 1998 κατὰ
3861 1947 4177 2004 Ἀθανασίου

2572 2020 2767 2093 ψῆφον,
2822 2021 3145 2082 ἀντέστησαν
3195 2048 3323 2089 τινες
3379 2039 3480 2081 τῶν
3521 2031 3771 2107 ἐσπερίων
3821 2039 3870 2087 οῖ
3915 2043 4003 2089 καὶ
4048 2044 4178 2114 πρός

2573 2113 2848 2186 ὑπερορίαν
2879 2115 3236 2187 ἐπέμφθησαν,
3291 2120 3395 2172 οἷον
3443 2120 3684 2196 Λιϐἐριος
3723 2126 3748 2176 6
3773 2124 3992 2199 Ῥώμης,
4037 2113 4174 2183 Παυ-

2571 2201 2700 2264 λῖνος
2732 2204 2756 2255 6
2800 2203 3084 2279 Τριϐέρεως
3115 2216 3210 2270 τῆς
3239 2206 3287 2260 ἐν
3333 2209 3591 2275 Γαλλίαις,
3627 2217 3892 2278 Διονύσιος
3922 2219 3948 2270 6
3977 2218 4172 2283 ’Ἄλϐης

2570 2301 2664 2353 τῆς
2703 2295 2750 2344 ἐν
2784 2293 2998 2366 Ἰταλίᾳ,
3042 2296 3337 2377 Ετξσέϐιοςὸ
3378 2301 3660 2376 Βερκελλων
3714 2313 3809 2367 τῆς
3862 2313 4169 2381 Λιγουρίας,

2569 2386 2829 2456 Λουκίφερ
2879 2384 2904 2434 6
2963 2385 3237 2458 Καράλλων
3291 2395 3380 2448 τῆς
3412 2387 3726 2462 Σαρδανίας,
3762 2400 3850 2447 καὶ
3887 2395 4100 2471 Ἰλάριος
4147 2401 4173 2452 6

2569 2471 2839 2524 Πικτάϐων
2871 2475 2900 2533 ἢ
2930 2478 3182 2548 Ποτάμων
3213 2486 3308 2538 τῆς
3340 2475 3586 2553 δευτέρας
3610 2482 3956 2547 Ἀκυῐτανίας.

2640 2649 2724 2708 ιη’.
2760 2650 3057 2726 ’Δπρεὶκτου
3119 2651 3177 2708 δὲ
3234 2665 3326 2717 τῆς
3387 2657 3614 2712 συνόδου
3666 2663 3861 2726 ταύτης
3911 2661 4174 2719 διαλυθεί-

2566 2759 2681 2806 σης,
2755 2738 3008 2805 Εύδόξιος
3082 2745 3107 2795 6
3184 2751 3549 2819 Γερμανικείας
3624 2750 3931 2812 τελευτῆσαι
3996 2758 4175 2828 μαθὼν

2563 2833 2803 2882 Λεόντιον
2855 2834 2940 2883 τὸν
2993 2833 3321 2906 Ἀντιοχείας
3371 2847 3462 2898 τῆς
3511 2842 3649 2891 κατά
3706 2847 3914 2916 Συρίαν,
3979 2841 4170 2904 ἐδεήθη

795 2748 1185 2804 Germaniciae
1217 2764 1356 2803 cum
1396 2748 1700 2805 didicisset
1753 2754 2060 2806 mortuum
2100 2766 2232 2805 esse
2274 2753 2456 2806 Leon-

793 2837 942 2894 tium
975 2838 1300 2894 Antiochiae
1326 2837 1387 2893 in
1419 2838 1610 2911 Syria,
1635 2839 1964 2911 postulavit
1989 2841 2066 2896 ab
2093 2841 2453 2912 imperatore

791 2932 856 2984 ut
891 2927 1085 2983 redire
1132 2933 1340 2999 posset
1370 2929 1560 2984 Roma
1609 2929 2066 2995 Germaniciam,
2100 2946 2232 3002 quae
2262 2931 2452 3003 ipsius

789 3017 1049 3073 reditum
1079 3017 1381 3089 cupiebat.
1413 3017 1586 3083 Quod
1617 3034 1756 3074 cum
1802 3018 2181 3083 obtinuisset,
2211 3020 2450 3076 sortitus

787 3109 880 3162 est
925 3106 1322 3175 Antiochiam,
1356 3110 1414 3162 et
1438 3107 1799 3163 Arianorum
1842 3107 2063 3180 favore,
2115 3110 2448 3182 praesertim

785 3211 926 3252 vero
952 3196 1258 3266 regiorum
1290 3196 1730 3260 eunuchorum,
1769 3196 1883 3253 sibi
1912 3198 2093 3270 hujus
2131 3199 2299 3255 urbis
2328 3201 2448 3272 epi-
2481 3205 2524 3262 c
2559 3206 2565 3236 ε

2389 3201 2448 3255 ἠ,
2481 3205 2524 3262 c
2559 3192 2648 3239 καὶ
2694 3184 2902 3260 σπουδῇ
2956 3199 3054 3242 τῶν
3087 3191 3379 3264 Ἀρειανῶν,
3435 3195 3669 3267 μάλιστα
3701 3195 3760 3251 δὲ
3814 3208 3913 3251 τῶν
3966 3184 4169 3254 ϐασιλι-

786 3289 1104 3356 scopatum
1153 3288 1465 3340 assecutus
1499 3288 1607 3342 est.
1655 3288 1942 3341 Caeterum
1983 3287 2155 3343 rediit
2183 3289 2261 3343 ad
2300 3289 2447 3346 Aetii
2558 3297 2566 3327 ε

2388 3289 2447 3346 (ii
2558 3284 2658 3328 κῶν
2717 3278 3000 3350 εὐνούχων,
3041 3288 3406 3357 περιεποίησεν
3467 3285 3628 3358 ἔαυτῷ
3684 3293 3778 3348 τὴν
3835 3288 4018 3344 ἐνθάδε
4061 3291 4168 3345 ἐπι·

783 3374 1122 3430 doctrinam
1185 3373 1538 3429 dissimilem
1601 3375 1754 3430 Patri
1817 3374 2028 3431 Filium
2105 3375 2442 3445 docentem,

782 3479 908 3519 una
939 3479 1076 3519 cum
1109 3463 1308 3519 Acacii
1360 3465 1667 3535 Cmsareae,
1703 3467 1759 3520 et
1789 3465 1988 3520 Uranii
2020 3465 2154 3537 Cyri
2181 3466 2446 3540 episcopi

781 3552 1141 3610 fautoribus.
1192 3553 1478 3622 Georgius
1504 3558 1708 3609 autem
1741 3554 2048 3610 Laodiceae
2079 3555 2154 3611 de
2180 3556 2296 3612 hac
2337 3559 2444 3612 Eu-

779 3643 943 3699 doxii
994 3642 1386 3699 innovatione
1417 3643 1654 3700 monuit
1693 3643 1975 3699 Basilium
2019 3645 2288 3717 Ancyrae,
2333 3649 2445 3703 Ma-

778 3735 1103 3790 cedonium
1130 3733 1520 3806 Mopsuestiae,
1544 3739 1601 3790 et
1631 3737 2026 3807 Necropceum
2050 3734 2440 3806 Nicomediae;

777 3824 904 3898 qui,
951 3824 1257 3880 Eustathio
1314 3823 1598 3892 Sebastae,
1650 3828 1708 3879 et
1756 3823 1988 3880 Eleusio
2021 3825 2207 3897 Cyzici
2250 3826 2443 3897 juncti

776 3912 1129 3985 imperatori
1181 3911 1345 3984 quod
1381 3911 1705 3968 accidisset
1747 3911 2125 3981 indicavere;
2157 3919 2439 3984 rogantes

775 4007 844 4060 ut
866 4018 939 4059 ea
967 4002 1119 4058 ﬁdes
1147 4001 1501 4075 praevaleret
1551 4018 1689 4074 quae
1720 4002 1862 4058 dicit
1894 4003 2101 4058 Filium
2138 4019 2262 4060 non
2301 4020 2440 4061 con-

778 4091 1262 4161 substantialem,
1288 4089 1395 4146 sed
1421 4091 1676 4148 similem
1700 4096 1918 4148 natura
1951 4093 2122 4163 Patri,
2159 4094 2286 4150 sive
2316 4110 2440 4152 non

777 4179 1379 4241 consubstantialem;
1404 4184 1462 4236 et
1483 4185 1546 4235 ut
1571 4180 1609 4235 ii
1628 4181 1732 4252 qui
1753 4181 2327 4238 consubstantialem
2354 4183 2440 4238 di-

778 4276 999 4340 cerent,
1023 4270 1491 4343 deponerentur.
1519 4269 1616 4325 His
1645 4270 1926 4342 precibus
1949 4286 2225 4327 annuens
2256 4272 2440 4345 impe—

775 4366 958 4425 rator,
993 4376 1148 4432 quas
1194 4359 1517 4431 caeteroqui
1547 4357 1625 4413 ab
1675 4358 1804 4414 aliis
1834 4359 2134 4432 episcopis
2164 4360 2442 4419 laudatas

777 4449 1132 4524 reperiebat,
1165 4463 1386 4520 nempe
1419 4465 1454 4504 a
1486 4448 1724 4504 Valente
1756 4451 1982 4518 Mursae,
2027 4451 2268 4506 Ursacio
2299 4453 2440 4522 Sigi-

776 4541 972 4610 donis,
1004 4540 1306 4594 Germano
1353 4537 1568 4606 Sirmii,
1601 4538 1902 4594 Auxentio
1949 4539 2280 4605 Mediolani,
2334 4545 2442 4597 De-
2472 4561 2518 4616 ι)

2384 4559 2518 4616 9-1)
2557 4538 3025 4605 συνεπαινουμένην
3095 4538 3181 4587 καὶ
3248 4536 3370 4609 παρ’
3441 4538 3623 4614 ἐτέρων
3686 4538 3999 4611 ἐπισκόπων,
4058 4539 4161 4594 οἷον

777 4628 1048 4704 mophilo
1083 4628 1411 4686 Berroeaein
1436 4627 1705 4705 Thracia,
1726 4627 1987 4684 decrevit
2016 4628 2443 4688 celebrandam
2556 4645 2557 4656 ‘

2384 4649 2443 4687 ω
2556 4621 2840 4684 Οὐάλεντος
2895 4626 3169 4697 Μούρσης,
3238 4626 3540 4691 Ούρσακίου
3611 4626 3910 4700 Σιγηδόνος,
3973 4637 4159 4705 Γερμι-

775 4736 909 4778 esse
940 4720 1150 4775 Nicaeae
1180 4717 1508 4791 synodum.
1534 4717 1971 4774 Recusantibus
2002 4724 2204 4775 autem
2237 4721 2307 4774 iis
2338 4708 2444 4794 qui

772 4813 1202 4885 imperatorem
1225 4807 1786 4876 circumdabant,eo
1803 4809 1965 4881 quod
1984 4809 2126 4864 olim
2145 4809 2205 4864 in
2223 4810 2438 4867 eadem

772 4902 923 4958 urbe
985 4899 1061 4957 de
1123 4897 1400 4955 doctrina
1457 4897 1818 4970 quaestiones
1867 4899 2103 4968 agitatae
2161 4899 2434 4968 fuissent,

771 4990 999 5065 placuit
1044 4989 1209 5046 illam
1255 4986 1617 5044 Nicomedia
1667 4986 1818 5043 fieri.
1851 4989 1998 5045 Cum
2031 4992 2234 5044 autem
2267 4994 2433 5046 terra:

770 5087 974 5140 motus
1004 5097 1140 5138 eam
1185 5077 1562 5145 vastavisset,
1613 5095 1855 5136 rursum
1896 5077 2202 5135 decretum
2234 5084 2322 5136 est
2371 5085 2434 5139 ut

767 5175 976 5231 Nicaeae
1006 5173 1175 5229 ﬁeret
1199 5171 1493 5243 synodus.
1543 5174 1873 5244 Imperator
1921 5177 2125 5229 autem
2176 5174 2432 5231 mutavit

769 5265 1148 5335 sententiam,
1209 5270 1266 5324 et
1320 5264 1600 5324 Seleucia:
1655 5264 1716 5320 in
1776 5265 2003 5323 Isauria
2052 5280 2187 5321 eam
2241 5264 2431 5322 voluit

765 5357 1139 5430 congregari.

2561 2925 2653 2969 τοῦ
2725 2917 2986 2990 βασιλέως
3062 2921 3349 2977 ἐπανελθεῖν
3417 2924 3518 2978 ἀπὸ
3582 2927 3782 3001 Ῥώμης
3837 2931 3905 2992 εἰς
3973 2939 4172 3009 Γερμα-

2559 3012 2772 3076 νικείαν,
2817 3011 2879 3070 ὡς
2933 3014 3247 3084 χρῃζούσης
3293 3014 3452 3067 αὐτοῦ
3497 3026 3593 3078 τῆς
3631 3023 3879 3083 τοιαύτης
3935 3022 4167 3086 πόλεως’

2559 3094 2857 3172 ἐπιτραπεὶς
2931 3096 3018 3152 οὖν
3094 3110 3268 3170 τοῦτο,
3339 3104 3598 3178 κατελαχε
3673 3113 3766 3167 τήν
3819 3110 4170 3185 Ἀντιόχειαν,

2560 3373 2762 3426 σκοπήν
2795 3390 2806 3401 ο
2873 3374 2961 3422 καὶ
3014 3370 3191 3423 λοιπόν
3241 3372 3450 3448 ἐπανῄει
3495 3380 3553 3428 τό
3604 3376 3803 3430 Ἀετίου
3847 3375 4024 3453 δόγμα
4079 3386 4168 3434 τὸν

2556 3459 2674 3509 Υἱόν
2708 3455 2947 3531 ἀνόμοιον
2979 3468 3050 3530 τῷ
3083 3467 3252 3535 Πατρὶ
3288 3459 3530 3537 δοξάζον,
3564 3466 3673 3539 οἶμα
3730 3475 3840 3532 τοῖς
3881 3472 4167 3542 όμόφροσιν

2557 3544 2782 3619 Ἀκακίῳ
2850 3556 2922 3619 τῷ
2993 3556 3308 3625 Καισαρείας
3382 3559 3472 3607 καὶ
3536 3556 3774 3630 Ούρανίῳ
3837 3567 3909 3630 τῷ
3973 3563 4166 3634 Τύρου,

2883 3635 2942 3690 δὲ
3018 3641 3043 3690 6
3121 3638 3436 3704 Λαοδικείας
3529 3644 3790 3699 ἐπέστειλε
3878 3654 3998 3722 περὶ
4072 3660 4168 3714 τῆς

2898 3724 3158 3791 Εύδοξίου
3256 3739 3648 3808 νεωτεροποιίας
3748 3737 3997 3810 Βασιλείῳ
4094 3749 4166 3810 τῷ

2553 3811 2837 3889 Ἀγκύρας,
2907 3821 2997 3869 καὶ
3074 3821 3384 3893 Μακεδονίῳ
3461 3831 3532 3893 τῷ
3606 3823 3999 3895 Μοψουεστίας,
4075 3832 4165 3880 καὶ

2557 3640 2808 3708 Γεὼργιος

2555 3728 2770 3783 τοιαύτη
2783 3747 2803 3788 ς

2549 3910 2852 3979 Νεκροποίῳ
2906 3913 2978 3976 τῷ
3023 3905 3386 3980 Νικομηδείας
3427 3927 3439 3941 ⁸
3489 3913 3558 3979 οἰ,
3616 3913 3995 3986 προσλαϐόντες
4058 3917 4163 3968 E6-

2554 3995 2767 4046 στάθιον
2807 3999 2893 4046 τὸν
2950 3995 3260 4058 Σεϐαστείας
3300 4005 3390 4052 καὶ
3450 4002 3713 4054 Ἐλεύσιον
3757 4007 3844 4056 τὸν
3906 4007 4159 4078 Κυζίκου,

2551 4091 2622 4154 τῷ
2677 4082 2890 4155 βασιλεῖ
2933 4089 2990 4137 τὸ
3049 4091 3260 4159 γεγονὸς
3313 4085 3606 4158 ἐδήλωσαν,
3668 4092 3931 4156 αἰτοῦντες
3970 4093 4164 4152 ἕκείνην

2551 4181 2754 4246 κρατεῖν
2802 4179 2894 4233 τήν
2946 4180 3126 4229 πίστιν
3180 4178 3208 4236 ή
3251 4178 3386 4249 λέγει
3416 4183 3502 4231 τὸν
3533 4183 3651 4233 Υἱόν
3706 4181 3811 4254 ούχ
3861 4184 4159 4255 ὁμοούσιον,

2551 4262 2661 4315 ἀλλ’
2719 4266 2893 4337 ὅμοιον
2925 4275 2996 4337 τῷ
3024 4271 3192 4341 Πατρὶ
3227 4269 3344 4320 κατ’
3384 4269 3566 4322 ούσίαν
3614 4275 3715 4324 εἴτε
3755 4270 4117 4346 ἀνομοιούσιον
4144 4289 4159 4305 ⁸

2551 4357 2668 4414 τοὺς
2716 4351 2773 4407 δὲ
2825 4354 3066 4426 λέγοντας
3116 4359 3394 4429 όμοούσιον
3447 4362 3839 4431 καθαιρεῖσθαι.
3884 4363 4161 4436 Δεξάμενος

2555 4439 2612 4494 δὲ
2664 4447 2757 4500 τὴν
2799 4447 3006 4501 αἴτησιν
3047 4450 3241 4497 τούτων
3282 4449 3306 4498 6
3340 4447 3608 4519 βασιλεὺς,
3649 4454 3740 4501 καὶ
3781 4453 3936 4524 εὑρὼν
3967 4456 4162 4512 ταύτην

2552 4717 2662 4763 νίου
2717 4718 2946 4785 Σιρμίου,
2999 4714 3275 4777 Αύξεντίου
3316 4713 3669 4780 Μεδιολάνων,
3715 4719 4012 4792 Δημοφίλου
4046 4721 4160 4796 83,6-

2547 4801 2690 4874 ῥοίας
2720 4809 2814 4863 τῆς
2864 4805 3101 4874 Θρᾴκης,
3151 4806 3341 4879 ἔκρινεν
3382 4803 3673 4858 ἐπιτελέσαι
3717 4805 3938 4861 σύνοδον
3978 4808 4024 4860 έν
4064 4817 4161 4863 Νι-

2548 4895 2692 4963 καίᾳ.
2751 4897 3228 4965 Παραιτησαμένων
3270 4890 3328 4946 δὲ
3363 4904 3461 4946 τῶν
3509 4894 3641 4968 ἀμφὶ
3696 4897 4036 4970 τὸνβασιλέα
4066 4896 4162 4953 διὰ

2544 4984 2603 5033 τὸ
2639 4987 2728 5034 καὶ
2758 4981 2918 5035 πάλαι
2962 4981 3144 5036 ἐνθάδε
3173 4988 3266 5042 τήν
3301 4990 3419 5058 περὶ
3461 4993 3550 5037 τοῦ
3593 4983 3858 5059 δόγματος
3890 4988 4158 5061 σύμϐῆναι

2546 5072 2791 5138 ζήτησιν,
2821 5069 2966 5136 ἔδοξε
2998 5077 3191 5132 ταύτην
3230 5077 3279 5126 ἐν
3330 5073 3667 5149 Νικομηδείᾳ
3713 5080 3956 5148 γενέσθαι
3981 5096 3992 5108 ’
4048 5099 4156 5132 σει-

2544 5170 2680 5236 σμοῦ
2740 5159 2799 5216 δὲ
2856 5163 2985 5237 αὐτῇ
3049 5163 3422 5236 ἐνσκήψαντος,
3466 5167 3618 5219 πάλιν
3677 5166 3856 5240 ἐκρίθη
3906 5171 4151 5240 γενέσθαι

2541 5257 2635 5311 τὴν
2669 5248 2888 5305 σύνοδον
2920 5252 2966 5305 ἐν
2994 5259 3190 5326 Νικαίᾳ
3214 5271 3225 5283 ·
3262 5254 3805 5329 μεταϐουλευσάμενος
3856 5254 3906 5310 δ’
3940 5260 3964 5310 ό
3996 5257 4158 5331 βασι-

2539 5341 2669 5413 λεὺς,
2700 5341 2747 5394 ἒν
2780 5342 3043 5416 Σελευκείᾳ
3070 5351 3166 5406 τῆς
3187 5333 3459 5420 ’Ἰσαυρίας
3492 5346 3656 5405 αὐτὴν
3689 5346 3939 5405 ἠθέλησεν
3980 5347 4158 5425 ἀθροι-

2539 5434 2754 5492 σθῆναι.
3555 5435 3563 5440 ’

833 5526 919 5580 19.
936 5522 1396 5579 Considerantes
1417 5523 1616 5579 autem
1641 5522 1680 5579 ii
1701 5521 1807 5596 qui
1834 5520 2087 5578 Eudoxii
2117 5523 2318 5594 partes
2343 5524 2422 5578 te~
2607 5544 2613 5574 ι

2372 5537 2422 5578 e~
2607 5521 2692 5579 ιϐ’.
2726 5526 3078 5596 Λογισάμενοι
3111 5521 3170 5577 δὲ
3219 5527 3268 5578 οἱ
3316 5531 3432 5600 περὶ
3489 5523 3742 5590 Εὑδόξιον
3785 5529 3869 5593 ὡς,
3913 5529 4152 5584 ἁπάντων

754 5613 1122 5672 nebantfore
1153 5618 1220 5671 ut
1248 5629 1367 5671 non
1395 5618 1640 5687 possent
1669 5611 1956 5670 omnibus
1976 5611 2275 5684 episcopis
2297 5627 2419 5669 una

751 5707 1129 5779 congregatis
1149 5705 1516 5780 persuadere
1548 5709 1613 5760 ut
1631 5703 1924 5760 dissimile
1947 5704 2302 5776 acciperent,
2321 5711 2416 5776 sy-

2531 5613 2661 5685 ὁμοῦ
2728 5621 2825 5665 τῶν
2892 5612 3189 5667 ἐπισκόπων
3247 5614 3655 5691 ἀθροιζομένων,
3703 5616 3797 5669 οὐκ
3847 5617 3907 5669 ἂν
3965 5619 4154 5684 αύτούς

2529 5699 2798 5761 δυνηθεῖεν
2851 5710 3030 5758 πεῖσαι
3088 5709 3146 5759 τὸ
3213 5704 3454 5780 ἀνόμοίω
3513 5703 3940 5783 παραδέξασθαι,
4006 5731 4152 5786 μερι-
