4508 6436
393 412 462 466 25
1711 395 2060 454 THESAURI
2100 395 2229 452 LIB.
2269 398 2361 454 γι.
3688 397 3758 450 26

392 536 614 595 σθείσης
649 528 706 585 δί
752 537 843 592 τῆς
890 523 1116 582 συνόδου
1160 527 1284 601 ῥᾷον
1313 529 1557 579 πείσουσι
1619 527 1741 586 τοὺς
1767 522 1994 592 ὀλίγους,
2026 518 2072 573 Α
2111 535 2172 575 nc

1983 562 1994 585 ,
2026 518 2072 573 A
2111 520 2273 576 nodo
2302 525 2501 578 autem
2528 522 2852 578 dissociata
2881 519 3111 577 facilius
3138 520 3262 575 fore
3291 523 3356 576 ut
3380 519 3589 592 paucis
3618 532 3756 590 per-

389 625 814 697 παρεσκεύασαν,
850 620 1289 692 συμπραττόντων
1340 615 1518 676 αὐτοῖς
1570 622 1665 666 τῶν
1715 612 1996 680 εύνούχων,

393 707 496 762 δύο
519 711 758 781 γενέσθαι
793 709 886 768 τὰς
928 701 1203 773 συνόδους,
1233 712 1332 754 τῶν
1375 706 1464 776 μὲν
1497 702 1744 771 ἑσπερίων
1792 699 2001 751 ἐπισκό-

393 819 505 850 πων
547 798 597 850 ἐν
640 798 889 869 Ἀριμίνῳ
928 803 1025 856 τῆς
1068 793 1314 861 Ἰταλίας,
1347 800 1446 844 τῶν
1478 788 1536 844 δε
1569 791 1700 861 ἑῴων
1741 787 1789 840 ἕν
1820 787 1998 840 Σελευ-

392 893 513 960 κείᾳ
543 895 639 948 τῆς
669 887 940 957 Ἰσαυρίας
963 905 975 917 ·
1025 887 1114 935 καὶ
1160 883 1243 934 ἶνα
1283 884 1350 934 τὰ
1385 880 1549 933 πολλά
1593 882 1877 951 συντέμνω,
1908 883 1998 928 τοῦ

394 986 492 1040 τῆς
513 981 780 1050 μακαρίας
807 975 1000 1037 λήξεως
1028 972 1234 1026 Παύλου
1262 975 1347 1023 τὸν
1378 979 1466 1031 τῆς
1507 969 1778 1041 ὁμολογίας
1809 970 1998 1038 στέφα-

393 1086 480 1118 νον
522 1066 803 1138 εἰληφότος,
874 1062 1236 1133 ἀντεισάγεται
1286 1056 1630 1124 Μακεδόνιος,
1672 1060 1735 1117 ὡς
1798 1057 1859 1107 οἱν
1920 1074 2002 1116 τις

396 1159 514 1228 εἶπη
548 1159 730 1216 σκότος
765 1155 961 1227 ἡμέρας
1011 1147 1294 1222 διάδοχον·
1336 1149 1432 1202 Ἦν
1483 1145 1542 1200 δὲ
1579 1150 1644 1199 τὰ
1690 1149 1780 1219 μεν
1819 1153 2001 1219 πρῶτα

397 1249 781 1317 συμφερόμενος
812 1250 920 1304 τοῖς
968 1247 1086 1315 περὶ
1119 1240 1362 1293 Ἀκάκιον
1410 1242 1496 1290 τόν
1556 1240 1869 1309 Καισαρείας
1906 1243 2001 1295 τῆς

399 1333 778 1394 Παλαιστίνης,
809 1335 1045 1409 καὶ.ού’τε
1096 1331 1394 1402 ὁμοιούσιον
1437 1336 1509 1398 τῷ
1539 1331 1704 1400 Πατρὶ
1751 1324 1886 1394 ἔλεγε
1915 1327 1999 1375 τόν

392 1425 539 1490 Υὶόν,
608 1421 715 1473 ἀλλ’
747 1421 959 1493 ὁμοιονι
1022 1423 1150 1492 μετά
1211 1415 1269 1471 δε
1329 1422 1388 1469 τό
1451 1417 1824 1490 καθαιρεθῆναι
1870 1415 1998 1487 πρὸς

393 1510 600 1564 ἐκείνων
626 1510 1086 1581 ἀποχρησαμίνων
1113 1516 1173 1580 τῇ
1205 1507 1322 1559 κατ’
1357 1506 1518 1558 αύτοῦ
1550 1505 1675 1577 ὀργῇ
1712 1511 1800 1555 τοῦ
1833 1501 1998 1574 βασι-

391 1601 521 1661 λέως
569 1604 952 1665 Κωνσταντίου,
1001 1599 1073 1659 οἷς
1122 1602 1206 1649 τόν
1254 1600 1431 1668 νεκρόν
1475 1603 1565 1647 τοῦ
1617 1597 1809 1668 πατρὸς
1839 1592 1998 1643 αύτοῦ

395 1694 792 1743 Κωνσταντίνου
857 1697 949 1741 τοῦ
1014 1687 1253 1758 Μεγάλου
1328 1690 1641 1759 παρεκίνησε
1675 1725 1688 1748 ,
1747 1687 1836 1734 καὶ
1901 1690 1999 1733 τῶν

393 1779 623 1832 ἐντεῦθεν
664 1787 874 1850 σφαγῶν
903 1777 1121 1850 ἀνεφάνη
1165 1779 1345 1846 αἴτιος,
1378 1779 1494 1846 περὶ
1532 1770 1590 1825 δε
1620 1775 1810 1824 τούτων
1842 1771 1998 1823 εἰπεῖν

2112 609 2454 677 suaderent,
2483 614 2844 666 curaverunt
2872 626 2940 666 ex
2970 609 3386 665 cunuchorum
3407 607 3759 664 auctoritate

2110 703 2174 752 ut
2201 697 2336 754 dua
2368 699 2582 772 synodi
2601 699 2828 768 ﬁerent,
2847 697 3311 754 occidentalium
3329 697 3757 769 episcoporum

2109 787 2375 843 Ariminii
2406 789 2464 844 in
2492 789 2678 855 Italia,
2709 788 3086 845 orientalium
3129 791 3331 844 autem
3385 785 3664 843 Seleucia
3697 786 3757 841 in

2109 878 2353 933 Isauria.
2385 883 2574 950 Atque
2614 883 2679 934 ut
2708 877 3058 934 brevissime
3081 877 3296 941 dicam,
3331 875 3521 932 beata
3553 874 3760 930 condi-

2108 966 2285 1022 tionis
2319 967 2501 1024 Paulo
2529 967 2930 1024 confessionis
2972 982 3259 1022 coronam
3291 965 3512 1037 adepto
3544 963 3760 1020 sufﬁci-

2109 1061 2205 1111 tur
2236 1057 2640 1126 Macedonius,
2667 1062 2733 1112 ut
2779 1057 2858 1112 ita
2907 1057 3124 1121 dicam,
3166 1055 3340 1127 quasi
3378 1058 3515 1126 post
3561 1053 3758 1109 lucem

2110 1144 2383 1200 tenebrae.
2421 1148 2554 1200 Erat
2585 1149 2786 1201 autem
2838 1145 3100 1218 primum
3153 1142 3352 1199 Acacii
3388 1143 3669 1198 Caesarea
3698 1141 3758 1196 in

2109 1233 2430 1290 Palastina
2458 1234 2701 1290 asseclis
2732 1233 3108 1290 consentiens
3134 1248 3330 1304 neque
3367 1232 3577 1287 Filium
3609 1229 3761 1286 Patri

2109 1322 2168 1378 in
2201 1322 2536 1378 substantia
2567 1323 2821 1379 similem
2854 1339 2989 1378 esse
3020 1322 3275 1388 dicebat,
3302 1321 3405 1376 sed
3431 1326 3664 1376 tantum
3687 1319 3760 1374 si-

2109 1412 2346 1478 milem;
2392 1417 2718 1484 postquam
2763 1417 2964 1467 autem
3000 1411 3308 1484 depositus
3329 1415 3418 1464 est
3449 1409 3525 1464 ab
3555 1409 3627 1464 iis
3659 1408 3762 1480 qui

2111 1503 2450 1557 Constantis
2503 1502 2880 1573 imperatoris
2936 1501 3026 1556 ira
3077 1500 3482 1554 ahrtolmntur
3529 1499 3588 1554 in
3621 1513 3762 1553 eum

2110 1591 2477 1660 indignantis
2527 1606 2598 1646 eo
2648 1590 2815 1662 quod
2861 1591 3228 1645 Constantini
3283 1589 3465 1660 patris
3505 1586 3764 1642 cadaver

2108 1679 2240 1735 loco
2270 1685 2541 1736 moverat
2565 1686 2622 1736 et
2641 1680 2895 1736 recentis
2927 1679 3107 1735 cadis
3124 1694 3310 1734 causa
3339 1677 3530 1732 fuerat
3550 1676 3645 1747 (de
3672 1675 3763 1732 his

2109 1769 2371 1825 diximus
2401 1773 2615 1840 antea),
2646 1769 3002 1841 aliquandiu
3034 1784 3218 1840 prope
3264 1766 3442 1840 Pylas
3468 1764 3762 1836 Bithynia

394 1871 641 1940 ἕφθημεν,
677 1865 904 1941 διέτριϐε
933 1870 1022 1939 μεν
1063 1870 1219 1931 εἵςυτι
1251 1869 1370 1937 περὶ
1415 1863 1587 1923 Πύλας
1628 1870 1724 1924 τῆς
1765 1863 1999 1920 Βιθυνίας
2033 1870 2070 1923 Β
2108 1859 2174 1914 Ιοι

1983 1881 1999 1920 ς
2033 1870 2070 1923 Β
2108 1859 2310 1916 locum
2352 1863 2764 1914 commoratus
2820 1863 2932 1928 est,
2983 1858 3087 1912 ubi
3119 1861 3176 1913 et
3221 1861 3497 1912 mortuus
3524 1859 3631 1909 est.
3673 1853 3763 1909 Ad

394 1963 618 2032 χωρίον,
651 1959 770 2009 ἔνθα
795 1963 886 2008 καὶ
925 1955 1248 2012 ἕτελεύτησε·
1281 1959 1408 2026 πρός
1449 1949 1506 2005 δι
1545 1956 1666 2012 τοὺς
1696 1959 1786 2003 τοῦ
1827 1950 1998 2024 ἑτέρου

394 2051 586 2120 μέρους
639 2051 755 2104 ἤτοι
813 2049 930 2106 τούς
989 2044 1336 2117 Ἦμιαρείους,
1397 2048 1530 2114 φημὶ
1599 2039 1657 2094 δε
1691 2045 1828 2102 -τους
1869 2039 2001 2112 ἀμφὶ

398 2145 653 2210 Γεωργιον
701 2140 787 2188 τόν
841 2132 1156 2196 Λαοδικείας
1213 2139 1303 2185 καὶ
1358 2132 1618 2184 Βασίλειον
1673 2134 1758 2182 τὸν
1818 2131 2001 2201 Ἀγκύ-

393 2247 514 2300 ρας,
561 2225 814 2289 ἀπέκλινε,
864 2229 955 2277 καὶ
1001 2227 1088 2276 τὸν
1124 2227 1241 2277 Υίὸν
1280 2223 1391 2275 κατ’
1424 2222 1611 2283 αύτούς
1659 2217 2002 2293 ἐδογμάτιζεν

394 2319 723 2388 ὁμοιούσιον.

467 2511 535 2570 κ’.
569 2513 933 2586 Αίρεσιάρχης
975 2507 1032 2562 δε
1073 2509 1426 2582 φιλοτιμηθεὶς
1470 2508 1844 2583 ἀναρρηθῆναι,
1891 2527 2003 2559 και-

391 2606 598 2676 νοτερόν
641 2621 690 2653 τι
737 2604 1143 2674 προσεπενόησε,
1205 2605 1294 2651 καὶ
1352 2595 1699 2672 σφοδρότερον
1756 2597 2003 2655 ἑλύττησε

392 2696 531 2745 κατά
585 2699 678 2744 τοῦ
746 2691 899 2762 ἁγίου
958 2693 1287 2761 Πνεύματος·
1352 2697 1505 2742 τοῦτο
1556 2691 1655 2762 γὰρ
1705 2693 1794 2739 καὶ
1849 2689 1896 2739 οἱ
1944 2691 2002 2739 τὸ

393 2784 699 2855 ὁμοιούσιον
729 2781 1038 2852 εἰσάγοντες,
1084 2783 1174 2832 καὶ
1219 2781 1266 2832 οὶ
1305 2783 1364 2830 τό
1397 2781 1572 2851 ὅμοιον
1609 2778 1876 2852 ληροῦντες
1913 2786 2003 2838 τῆς

392 2872 579 2930 οὐσίας
634 2875 833 2943 χωρὶς,
884 2874 974 2921 καὶ
1028 2868 1196 2929 ἁπλῶς
1244 2871 1291 2920 οὶ
1340 2867 1440 2920 ἀπὸ
1487 2868 1760 2942 Ἀρειανῶν
1823 2870 2004 2928 πάντες

391 2966 602 3032 κτίσμα
639 2964 729 3032 μεν
760 2959 930 3030 ἔλεγον
969 2963 1058 3010 καὶ
1087 2966 1176 3010 τοῦ
1207 2960 1329 3010 Υἰοῦ
1377 2954 1803 3030 καταδεέστερον,
1841 2958 1999 3028 ὅμως,

393 3047 450 3103 δ’
482 3047 571 3102 οὖν
600 3057 662 3121 τῇ
693 3049 824 3121 ἁγίᾳ
851 3044 1047 3123 Τριάδι
1087 3050 1470 3120 συνηρίθμουν·
1521 3047 1670 3107 οὗτος
1701 3043 1760 3098 δε
1789 3047 1814 3097 6
1844 3048 2003 3097 κατά-

391 3159 555 3216 ρατος
585 3139 656 3201 εἰς
680 3143 774 3197 τὴν
812 3135 1044 3212 Τριάδος
1074 3137 1200 3189 αύτό
1234 3137 1495 3208 θεολογίαν
1529 3134 2000 3208 συναναλαμϐάνειν

2109 1965 2212 2004 eos
2243 1964 2378 2004 vero
2401 1949 2502 2020 qui
2522 1948 2768 2004 alteram
2795 1952 3024 2019 partem
3047 1945 3511 2008 constituebant,
3537 1942 3766 1999 Semia'

2110 2039 2311 2094 rianos
2342 2053 2580 2110 nempe,
2629 2037 2867 2105 Georgii
2931 2035 3259 2104 Laodicea,
3289 2033 3484 2089 Basilii
3515 2035 3765 2103 Ancyrae

2111 2129 2371 2184 fautores
2397 2127 2735 2195 declinavit,
2768 2133 2821 2182 et
2858 2127 3088 2192 Filium,
3122 2126 3274 2180 sicut
3296 2129 3352 2180 et
3377 2122 3510 2196 ipsi,
3535 2123 3595 2178 in
3627 2120 3766 2177 sub-

2114 2218 2332 2273 stantia
2361 2217 2512 2273 Patri
2540 2216 2793 2273 similem
2823 2231 2952 2273 esse
2978 2214 3206 2272 docuit.

2183 2509 2276 2562 20.
2336 2506 2739 2562 Haresiarcha
2796 2509 2996 2562 autem
3053 2503 3381 2560 renuntiari
3440 2503 3768 2575 peroptans

2112 2612 2337 2652 novum
2362 2596 2589 2668 aliquid
2618 2596 2993 2666 excogitavit,
3019 2599 3074 2650 et
3103 2595 3163 2650 in
3185 2591 3514 2666 quamdam
3547 2589 3769 2646 violen-

2111 2686 2322 2740 tiorem
2355 2685 2584 2740 rabiem
2617 2691 2828 2741 contra
2885 2684 3169 2757 Spiritum
3221 2687 3496 2738 sanctum
3537 2679 3766 2736 incidit.

2115 2774 2284 2829 Illum
2312 2776 2472 2830 enim
2503 2779 2559 2830 et
2588 2775 2690 2847 qui
2718 2774 2922 2830 Filium
2947 2773 3286 2828 substantia
3308 2771 3562 2827 similem
3583 2771 3769 2825 ﬁnxe-

2111 2869 2248 2921 rant
2285 2869 2341 2921 et
2395 2865 2498 2937 qui
2557 2865 2810 2921 similem
2855 2881 2983 2921 esse
3041 2863 3299 2920 dicendo
3349 2862 3768 2929 deliraverant,

2112 2961 2353 3027 excepta
2381 2955 2740 3021 substantia,
2775 2962 2961 3028 utque
2989 2970 3112 3010 uno
3144 2953 3328 3009 verbo
3351 2952 3571 3016 dicam,
3596 2954 3769 3022 quot-

2111 3052 2258 3118 quot
2287 3045 2540 3101 Arianas
2557 3051 2756 3118 partes
2788 3046 3091 3111 tenebant,
3120 3049 3456 3100 creaturam
3482 3041 3769 3114 Spiritum

2113 3134 2414 3203 dicebant,
2483 3135 2746 3208 Filioque
2808 3136 3144 3201 minorem,
3213 3134 3381 3190 illum
3441 3137 3643 3188 tamen
3707 3130 3771 3185 in

394 3229 664 3294 ἐξέκλινεν,
697 3230 913 3300 ἄμοιρον
939 3224 1068 3279 εἶναι
1098 3226 1258 3297 λέγων
1289 3235 1386 3278 τῶν
1413 3229 1656 3278 τοιούτων
1689 3224 1999 3298 πρεσϐείων,
2032 3227 2077 3287 C
2115 3242 2174 3280 sa

1991 3269 1999 3292 ,
2032 3227 2077 3287 C
2115 3235 2323 3280 sancta
2353 3225 2630 3280 Trinitate
2685 3225 3229 3290 connumerabant,
3262 3223 3356 3279 ille
3406 3228 3607 3278 autem
3648 3234 3771 3276 sce-

396 3316 646 3370 ὅιάκονόν
677 3337 730 3369 τε
751 3323 839 3369 καὶ
868 3319 1131 3390 ὑπηρέτην
1154 3315 1342 3383 καλῶν,
1371 3320 1460 3367 καὶ
1502 3318 1603 3367 ὅσα
1632 3319 1748 3390 περὶ
1780 3314 2002 3386 ἀγγελων

394 3428 478 3468 τις
501 3408 662 3478 λέγων
693 3407 788 3458 ούκ
827 3405 886 3457 ἂν
917 3406 1143 3480 ἁμάρτοι
1169 3427 1180 3438 ·
1211 3407 1322 3457 ὅθεν
1360 3404 1515 3466 αύτός
1561 3424 1615 3456 τε
1645 3409 1733 3456 καὶ
1779 3407 1808 3462 ἡ
1844 3405 2005 3456 αύτοῦ

397 3500 673 3571 συμμορία
724 3497 1162 3568 πνευματομάχοι
1202 3497 1346 3568 παρά
1385 3503 1483 3546 τῶν
1526 3491 1818 3567 ὁρθοὸόξων
1858 3494 2005 3552 ἐκλή-

397 3589 591 3643 θησαν.
664 3585 910 3648 Ηύξησαν
973 3581 1032 3636 δε
1099 3584 1333 3656 μάλιστα
1395 3589 1488 3642 τὴν
1553 3586 1752 3654 αἰρεσιν
1813 3587 2005 3641 ταύτην

394 3678 738 3750 Μαραθώνιος
788 3676 812 3726 ὁ
869 3672 1254 3746 Νικομηδείας,
1311 3672 1394 3745 ἀφ’
1445 3674 1533 3726 οὖν
1591 3679 1678 3725 καὶ
1739 3675 2006 3748 Μαραθω-

393 3770 564 3818 νιανοὶ
593 3769 722 3839 πρός
752 3784 902 3816 τινων
955 3766 1004 3817 οἱ
1059 3760 1442 3817 Μακεδονιανοὶ
1481 3764 1884 3834 ὠνομάσθησαν,
1918 3768 2008 3816 καὶ

399 3855 664 3914 Ἐλεύσιος
710 3855 736 3906 6
781 3855 1038 3914 Κυζίκου.
1097 3853 1380 3906 Ἰουλιανοῦ
1451 3849 1508 3905 δε
1576 3852 2005 3925 βασιλεύσαντος,

399 3943 586 4007 ἀδείας
625 3953 687 4018 τῇ
747 3948 1111 3998 Κωνσταντίου
1165 3943 1372 4016 τελευτῇ
1434 3943 1707 4016 λαϐόμενοι
1764 3947 1812 3996 οὶ
1850 3963 2007 3997 πνευ-

400 4037 713 4107 ματομάχοι
748 4079 761 4104 ,
820 4036 888 4085 ὧν
947 4032 1008 4092 ἦν
1059 4034 1325 4096 Βασίλειος
1372 4035 1397 4085 6
1446 4032 1719 4109 Ἀγκύρας,
1771 4033 2010 4095 Σιλϐανὸς

400 4127 429 4177 ὁ
486 4132 740 4198 Ταρσοῦ,
800 4124 1094 4194 Εύστάθιος
1158 4125 1182 4174 ὁ
1252 4123 1597 4189 Σεϐαστείας,
1662 4124 1923 4184 Ἐλεύσιος
1984 4126 2008 4175 6

403 4215 664 4282 Κυζίκου,
729 4219 1048 4274 Παυσίνικος
1100 4214 1125 4265 6
1180 4213 1379 4279 Ζήλων,
1452 4219 1691 4275 Λεόντιος
1737 4216 1762 4265 6
1815 4216 2010 4285 Κωμά-

397 4325 520 4370 νων,
553 4302 943 4376 Καλλίστρατος
976 4305 1001 4354 6
1048 4302 1490 4369 Καλλιουπὸλεως,
1523 4303 1768 4375 Θεόφιλος
1810 4305 1834 4354 6
1872 4310 2011 4356 Κασ-

397 4394 657 4460 ταϐάλων,
723 4399 1007 4468 Σωφρόνιος
1044 4395 1069 4444 6
1124 4393 1619 4466 Πομπηίουπόλεως,
1661 4399 1750 4445 καὶ
1790 4397 1838 4445 οἱ
1885 4397 2010 4446 τού-

398 4504 499 4536 των
549 4485 846 4557 ὁμόφρονες,
894 4484 966 4544 εἰς
1008 4480 1146 4535 ἴδιον
1195 4485 1448 4553 σύστημα
1498 4479 1863 4558 διεκρίθησαν,
1921 4489 2011 4535 καὶ

2113 3315 2296 3370 Iestus
2346 3314 2406 3368 in
2438 3314 2666 3369 Triadis
2709 3314 3009 3386 theologia
3060 3330 3200 3369 eum
3260 3309 3772 3384 comprehendere

2113 3405 2328 3464 renuit,
2365 3405 2494 3458 talis
2523 3403 2830 3473 dignitatis
2858 3419 2980 3459 non
3004 3404 3358 3476 participem
3380 3417 3512 3458 esse
3542 3401 3768 3470 dicens,

2115 3493 2582 3564 ministrumque
2609 3498 2665 3548 et
2687 3509 2927 3548 servum
2954 3509 3094 3548 eum
3116 3507 3366 3559 vocans,
3389 3491 3581 3562 iisque
3602 3493 3773 3544 utens

2115 3583 2465 3638 nominibus
2487 3583 2709 3654 quibus
2738 3598 2814 3638 ne
2844 3583 3043 3652 angeli
3072 3581 3320 3654 quidem
3351 3593 3776 3649 nuncuparen-

2116 3678 2226 3728 tur.
2246 3672 2412 3728 Unde
2429 3672 2554 3744 ipse
2581 3679 2638 3727 et
2661 3674 2789 3741 ejus
2811 3673 3077 3727 consocii
3092 3671 3341 3743 Spiritus
3356 3668 3546 3726 sancti
3568 3668 3774 3724 adver-

2119 3762 2260 3817 sarii
2280 3761 2356 3817 ab
2379 3761 2730 3817 orthodoxis
2760 3761 3044 3833 appellati
3067 3765 3222 3816 sunt.
3251 3762 3548 3815 Auxerunt
3574 3762 3778 3813 autem

2117 3851 2274 3907 hanc
2319 3851 2595 3906 haeresim
2647 3852 3053 3907 Marathonius
3093 3850 3474 3918 Nicomedia,
3506 3863 3541 3904 a
3572 3862 3695 3920 quo
3723 3850 3780 3902 et

2118 3941 2548 3998 Marathoniam
2581 3957 2616 3996 a
2669 3941 2976 3998 nonnullis
3018 3940 3428 3998 Macedoniani
3485 3937 3782 3994 nominati

2120 4036 2351 4098 sunt,et
2375 4031 2642 4086 Eleusius
2688 4031 2900 4103 Cyzici.
2931 4031 3170 4086 Juliano
3194 4035 3397 4086 autem
3423 4031 3780 4101 imperante,

2121 4120 2498 4176 securitatem
2529 4136 2601 4176 ex
2633 4121 2960 4177 Constantii
2982 4126 3174 4176 morte
3201 4120 3401 4192 adepti
3426 4122 3780 4190 pneumato-

2120 4209 2340 4278 machi,
2368 4225 2438 4264 ex
2461 4226 2725 4281 quorum
2748 4225 3002 4266 numero
3024 4215 3196 4265 erant
3228 4208 3479 4265 Basilius
3508 4212 3781 4279 Ancyra,

2124 4299 2401 4355 Silvanus
2428 4301 2611 4369 Tarsi,
2645 4300 2988 4356 Eustathius
3020 4299 3326 4367 Sebastia,
3378 4298 3644 4353 Eleusius
3675 4299 3788 4369 Cy-

2122 4389 2251 4455 zici,
2297 4389 2646 4444 Pausinicus
2679 4389 2972 4456 Zelarum,
3011 4390 3286 4446 Leontius
3318 4391 3621 4455 Comana,
3655 4387 3784 4443 Cal-

2122 4477 2390 4534 listratus
2444 4479 2810 4551 Calliopolis,
2869 4480 3232 4551 Theophilus
3295 4478 3617 4544 Castabali,
3680 4480 3784 4534 So-

400 4571 787 4628 Μακεδονιανοὶ
873 4572 1148 4624 καλεῖσθαι
1228 4581 1451 4646 φανερῶς
1538 4573 1756 4648 ἤρξαντο
1793 4617 1805 4641 ,
1893 4593 2010 4625 συν·
2047 4569 2180 4643 Dpl

2006 4589 2091 4643 ιι)
2125 4568 2417 4640 phronius
2483 4569 2945 4641 Pompeiopolis,
3004 4585 3338 4642 eorumque
3405 4567 3668 4638 assecla,
3725 4567 3786 4623 in

402 4662 565 4726 ὁδους
621 4669 675 4717 τί
739 4684 879 4725 τινας
940 4665 1312 4736 ποιησάμενοι,
1372 4667 1496 4725 τούς
1572 4662 1703 4736 ἀμφὶ
1771 4664 2014 4716 Ἀκάκιον

403 4755 759 4830 ἀπεκήρυξαν.

475 4933 576 4989 κα’.
627 4932 883 4986 Ἰοϐιανοῦ
952 4929 1012 4986 δε
1078 4939 1169 4993 τῆς
1231 4916 1507 5005 βασιλείας
1557 4930 2013 5003 ἐπιϐατεύσαντος,

405 5023 612 5096 βιϐλίον
652 5023 792 5094 αύτῷ
840 5019 1067 5083 δεήσεως
1116 5018 1338 5087 ἔδωκαν,
1397 5021 1651 5085 ἀξιοῦντες
1707 5022 2016 5084 ἐξωθεῖσθαι

401 5123 503 5166 τῶν
567 5113 854 5171 ἐκκλησιῶν
916 5117 1039 5175 τοῦς
1103 5115 1162 5164 τὸ
1230 5111 1470 5184 ἀνόμοιον
1546 5109 1963 5185 δογματίζοντας
1999 5158 2013 5182 ,

401 5203 808 5280 ἀντεισάγεσθαι
867 5201 928 5256 δε
983 5203 1199 5264 ἑαυτούς
1241 5205 1305 5263 ὡς
1354 5206 1412 5255 τὸ
1479 5204 1758 5276 ὁμοούσιον
1823 5207 2016 5278 κηρύτ-

399 5313 602 5355 τοντας.
663 5294 722 5346 Ὀ
785 5290 844 5346 δι
914 5291 1161 5366 βασιλεὺς
1229 5291 1608 5367 ἀναποκρίτους
1670 5295 1852 5354 αὐτούς
1920 5292 2015 5346 ἀπ-

401 5384 601 5457 έπεμψε
637 5425 649 5447 ,
709 5387 862 5457 μόνον
929 5390 1083 5436 τοῦτο
1142 5382 1571 5456 ἐπιφθεγξάμενος
1613 5428 1627 5452 ,
1686 5391 1859 5456 μισεῖν
1925 5387 2016 5456 μὲν

399 5475 737 5548 φιλονεικίαν,
806 5473 1015 5546 ἀγαπᾷν
1079 5470 1138 5526 δε
1204 5478 1324 5535 τούς
1368 5481 1430 5546 τῇ
1493 5475 1707 5547 ὁμονοίᾳ
1763 5479 2013 5549 προστρέ-

397 5585 619 5638 χοντας.
660 5571 961 5623 Τηνικαῦτα
1009 5560 1068 5617 δὲ
1115 5565 1142 5616 ὁ
1190 5563 1468 5637 φιλόνεικος
1520 5569 1711 5637 τρόπος
1758 5573 1857 5617 τῶν
1897 5570 2014 5638 περὶ

401 5656 649 5708 Ἀκάκιον
699 5653 1032 5727 ἕξηλέγχετο,
1075 5659 1165 5707 καὶ
1212 5657 1277 5715 ὡς
1345 5658 1526 5713 εἴησαν
1587 5656 1665 5707 ἀεὶ
1711 5658 1842 5728 πρὸς
1898 5659 2014 5716 τούς

397 5753 718 5822 κρατοῦντας
780 5743 1158 5808 ἀποκλίνοντες.
1228 5744 1552 5809 Συνελθόντες
1617 5748 1718 5822 γὰρ
1788 5745 1836 5798 ἕν
1900 5745 2012 5800 Ἀν-

2124 4657 2439 4729 quoddam
2472 4659 2784 4731 proprium
2810 4659 3130 4729 collegium
3152 4659 3390 4714 discreti
3418 4661 3576 4726 sunt,
3598 4663 3654 4713 et
3674 4660 3788 4714 Ma-

2125 4747 2444 4803 cedoniani
2469 4749 2672 4804 vocari
2703 4749 3022 4805 manifeste
3044 4755 3374 4822 cceperunt.
3399 4747 3791 4820 synodosque

2125 4837 2431 4906 facientes,
2460 4839 2656 4894 Acacii
2684 4838 2946 4895 fautores
2977 4840 3598 4895 excommunicavere.

2194 4932 2281 4984 2t.
2307 4928 2562 4986 Joviano
2590 4929 2669 4985 ad
2693 4930 2922 5001 regiam
2945 4930 3298 5000 dignitatem
3322 4935 3548 4985 evecto.
3566 4927 3791 4984 librum

2125 5018 2204 5074 illi
2233 5020 2607 5089 rogatorium
2638 5019 2953 5086 dederunt,
2987 5021 3367 5093 postulantes
3400 5025 3464 5075 ut
3492 5019 3571 5076 ab
3611 5018 3794 5075 eccle-

2126 5110 2227 5165 siis
2269 5115 2616 5166 arcerentur
2646 5112 2750 5183 qui
2776 5111 2989 5167 Filium
3017 5127 3140 5168 non
3163 5111 3420 5167 similem
3461 5126 3590 5167 esse
3617 5109 3795 5166 doce-

2127 5200 2295 5271 bant,
2329 5200 2445 5272 ipsi
2474 5216 2619 5257 vero
2649 5200 3194 5268 introducerentur,
3220 5205 3285 5257 ut
3305 5200 3792 5258 consubstantia-

2123 5290 2243 5346 lem
2272 5290 2739 5363 proclamantes.
2773 5295 3108 5364 Imperator
3155 5295 3358 5348 autem
3398 5290 3531 5347 illos
3559 5289 3795 5363 absque

2126 5381 2420 5437 sententia
2460 5380 2711 5451 dimisit,
2767 5381 2916 5437 illud
2964 5385 3203 5438 tantum
3237 5382 3494 5448 addens,
3547 5397 3610 5437 se
3638 5381 3797 5438 rixa-

2124 5486 2259 5526 rum
2285 5470 2540 5543 cupidos
2571 5471 3074 5544 odisse,'diligere
3099 5487 3240 5528 vero
3262 5487 3365 5529 eos
3396 5472 3501 5545 qui
3539 5471 3618 5528 ad
3657 5487 3796 5528 con-

2125 5561 2393 5617 cordiam
2427 5566 2840 5634 properarent.
2863 5566 3012 5620 Tum
3035 5562 3305 5620 rixarum
3333 5563 3602 5620 studium
3625 5563 3795 5636 apud

2124 5651 2328 5708 Acacii
2378 5651 2641 5709 fautores
2699 5653 3275 5726 reprehendebatur,
3345 5653 3649 5727 simulque
3708 5654 3794 5711 eis

2123 5741 2567 5814 objurgabatur
2596 5744 2764 5817 quod
2788 5759 3028 5817 semper
3049 5744 3128 5802 ad
3147 5744 3514 5818 potentiores
3535 5744 3798 5803 declina-
