4508 6436
788 439 857 492 27
2096 436 2365 493 NICETE
2405 435 2774 491 caenum:
3979 419 3985 431 ‘
4078 439 4141 493 28

788 565 940 619 rent.
970 562 1401 619 Convenientes
1423 560 1583 618 enim
1615 563 1971 620 Antochiam
1996 562 2202 636 Syriae,
2229 562 2289 618 in
2322 561 2436 618 col-
2474 562 2521 615 Α
2549 578 2568 611 τ

2363 561 2436 618 01-
2474 562 2757 632 Ατιοχείᾳ
2813 566 2909 621 τῆς
2965 562 3185 632 Συρίας,
3237 557 3308 620 εἰς
3374 556 3557 630 λόγους
3623 561 3867 633 ἔρχονται
3919 559 4143 634 Μελετίῳ

788 650 1061 724 loquium
1093 668 1231 707 cum
1257 651 1481 708 Meletio
1513 668 1749 720 venere,
1786 654 1891 726 qui
1930 651 2439 709 consubstantiale

791 741 1067 797 docebat.
1100 746 1291 813 Atque
1321 741 1401 797 ita
1441 748 1711 811 egerunt,
1740 747 2062 815 postquam
2092 758 2229 797 eum
2254 742 2440 797 hono-

788 833 985 885 ratum
1012 830 1213 886 videre
1237 830 1316 886 ab
1343 830 1702 901 imperatore
1746 832 1828 887 ibi
1861 838 2000 887 tunc
2027 831 2309 903 temporis
2342 830 2440 886 de-

790 923 985 986 gente.
1018 920 1527 990 Communiigitur
1550 922 1839 976 sententia
1867 921 2187 976 concilium
2212 924 2441 993 septem

790 1011 847 1062 et
888 1008 1095 1077 viginti
1148 1007 1570 1080 episcoporum
1634 1025 2060 1078 convocavere,
2121 1009 2441 1081 libelloque

790 1096 1146 1168 composito,
1194 1098 1706 1155 consubstantiale
1746 1099 2001 1154 confessi
2029 1105 2207 1178 sunt;
2254 1103 2310 1153 et
2348 1099 2441 1154 Ni-

790 1200 1021 1241 caenam
1046 1185 1229 1241 ﬁdem
1259 1188 1687 1243 conﬁrmantes
1729 1188 1894 1243 illum
1935 1188 2279 1261 imperatori
2320 1194 2440 1244 tra-

789 1275 1012 1330 didere.
1048 1277 1341 1331 Prteerant
1364 1276 1504 1331 huic
1544 1278 1779 1349 synodo
1810 1277 2066 1335 Meletius
2096 1278 2439 1343 Antiochiae,

789 1364 1077 1418 Eusebius
1111 1366 1461 1436 Samosatae,
1516 1366 1766 1421 Aeacius
1826 1369 2128 1432 Caesareae,
2170 1366 2442 1438 Pelagius

790 1454 1097 1509 Laodicea
1119 1455 1180 1509 in
1212 1455 1395 1526 Syria,
1429 1456 1792 1510 Athanasius
1819 1458 2099 1528 Aneyrm.

861 1547 949 1597 22.
986 1542 1094 1598 Ubi
1125 1549 1328 1599 autem
1362 1544 1804 1600 Valentinianus
1832 1550 1887 1601 et
1917 1546 2127 1600 Valens
2149 1546 2445 1617 imperare

790 1637 1122 1703 cmperunt,
1156 1648 1368 1687 omnes
1394 1633 1803 1690 Macedoniani
1827 1634 2194 1705 deputarunt
2224 1650 2333 1707 pro
2380 1650 2443 1689 se

786 1720 1054 1791 legatum
1083 1721 1160 1776 ad
1200 1721 1682 1778 Valentinianum
1708 1726 2010 1796 Hypatum
2047 1724 2305 1779 Perinthi
2327 1724 2444 1795 epi-

791 1827 1069 1882 scopum,
1121 1816 1405 1881 rogantes
1459 1816 1525 1867 ut
1582 1812 1696 1868 sibi
1746 1813 1947 1869 liceret
2014 1813 2329 1868 convenire
2368 1813 2446 1869 ad

2550 647 2885 722 πρεσϐεύοντι
2911 652 2968 701 τό
3001 651 3277 720 όμοούσιον
3299 664 3311 677 '
3355 654 3507 699 τοῦτο
3559 643 3618 699 δὲ
3659 646 3928 718 ἐποίησαν,
3964 646 4141 707 ἐπειδὴ

2550 742 2833 809 τιμώμενον
2883 739 2983 789 ύπὸ
3040 745 3130 789 τοῦ
3177 735 3435 810 βασιλέως
3485 735 3650 808 ἐώρων
3701 735 3806 789 ἐκεῖ
3857 742 3969 791 τότε
4031 734 4145 790 διά-

2548 845 2725 896 γοντος
2751 847 2762 859 ι
2797 834 2939 899 κοινῇ
2975 823 3061 879 οὖν
3092 832 3271 899 γνώμῃ
3307 822 3526 878 σύνοδον
3558 825 3891 899 ἀθροίσαντες
3939 826 4147 881 ἐπισκό-

2549 934 2656 966 πων
2689 914 2817 967 ἑπτὰ
2846 920 2932 967 καὶ
2982 920 3167 982 εἴκοσι,
3211 914 3414 988 βιϐλίον
3466 918 3833 981 συντάττουσι,
3864 915 4147 988 καθομολο-

2549 1010 2707 1075 γουσι
2736 1024 2789 1057 τε
2812 1008 2868 1057 τὸ
2900 1006 3177 1078 ὁμοούσιον
3201 1026 3211 1038 ·
3254 1010 3344 1057 καὶ
3380 1010 3467 1063 τὴν
3508 1004 3555 1057 ἐν
3593 1010 3787 1078 Νικαίᾳ
3824 1024 4147 1078 κυρωσαντες

2549 1098 2749 1161 πίστιν,
2792 1103 2863 1166 τῷ
2908 1094 3121 1168 βασιλεῖ
3159 1103 3312 1148 τοῦτο
3362 1091 3664 1148 δεδώκασι·
3703 1097 3923 1167 ἡγοῦντο
3964 1091 4022 1147 δε
4052 1102 4148 1155 τῆς

2554 1181 2779 1236 συνόδου
2820 1188 3010 1247 τούτης
3040 1184 3283 1245 Μελέτιος
3321 1186 3668 1257 Ἀντιοχείας,
3702 1183 3949 1245 Εὐσέϐιος
3980 1192 4146 1256 Σαμο-

2555 1275 2744 1338 σάτων,
2771 1273 3013 1336 Ἀκάκιος
3058 1278 3397 1347 Καισαρείας,
3436 1273 3687 1345 Πελάγιος
3716 1270 4033 1335 Λαοδικείας
4055 1279 4150 1334 τῆς

2551 1365 2687 1414 κατὰ
2717 1368 2922 1436 Συρίαν,
2959 1362 3263 1424 Ἀθανάσιος
3284 1363 3563 1435 Ἀγκύρας.

2623 1540 2731 1614 κβκ
2780 1541 2922 1614 Ἀμα
2980 1538 3039 1594 δὲ
3107 1549 3179 1613 τῷ
3245 1540 3563 1613 βασιλεῦσαι
3629 1538 3998 1592 Οὖαλεντιανόν
4064 1543 4155 1591 καὶ

2555 1630 2832 1698 Οὐάλεντα,
2880 1634 3061 1692 πάντες
3120 1633 3167 1683 οἱ
3223 1626 3604 1683 Μακεδονιανοὶ
3636 1628 3977 1703 προεϐάλοντο
4028 1630 4154 1704 ὑπὲρ

2555 1719 2748 1772 ἑαυτῶν
2778 1720 3005 1795 πρέσϐυν
3060 1723 3185 1794 πρὸς
3229 1720 3600 1773 Οὗαλεντιανὸν
3629 1720 3869 1772 ’Υπάτιον
3911 1721 3995 1770 τόν
4041 1725 4157 1770 Πει-

2554 1812 2731 1883 ρίνθου
2764 1808 3065 1877 ἐπίσκοπον,
3096 1808 3358 1871 ἀξιοῦντες
3397 1808 3745 1881 ἐπιτραπῆναι
3794 1807 4049 1860 συνελθεῖν
4072 1805 4155 1859 ἐπὶ

787 1900 1206 1970 corrigendam
1240 1901 1597 1957 doctrinam.
1654 1904 1979 1975 Respondit
2007 1909 2207 1959 autem
2238 1904 2447 1960 Valen-
2480 1916 2517 1968 Β
2557 1921 2567 1951 ι

2371 1920 2447 1960 :n-
2480 1916 2517 1968 Β
2557 1896 2838 1974 διορθώσει
2888 1906 2979 1951 τοῦ
3038 1896 3320 1970 δόγματος.
3369 1898 3427 1949 Ὀ
3479 1894 3537 1950 δε
3595 1896 3969 1958 Οὗαλεντιανός
4019 1898 4151 1968 ἔφη·

786 1990 1052 2046 tinianus
1086 2014 1113 2040 ‹‹
1147 1991 1279 2047 Mihi
1306 2008 1429 2047 non
1461 1991 1596 2049 licet
1648 1995 1708 2048 in
1762 1994 1967 2066 populi
2014 1994 2223 2049 ordine
2251 1994 2446 2065 posito

787 2079 930 2136 talia
951 2081 1174 2149 agitare
1200 2097 1213 2147 ;
1254 2081 1592 2137 sacerdotes
1626 2098 1763 2137 vero
1792 2082 2011 2154 quibus
2042 2082 2115 2138 de
2146 2083 2239 2139 his
2262 2086 2444 2138 rebus

788 2186 933 2225 cura
959 2174 1067 2235 est,
1103 2186 1208 2241 per
1240 2171 1470 2241 seipsos
1500 2188 1865 2244 quocunque
1889 2172 2206 2241 voluerint,
2236 2188 2447 2227 conve-

788 2260 977 2314 niant.
1022 2259 1229 2315 Statim
1270 2260 1448 2329 igitur
1501 2260 1581 2316 illi
1638 2263 2037 2332 Lampsacum
2086 2278 2444 2333 convenere,

788 2348 1064 2420 duosque
1117 2365 1358 2404 menses
1398 2349 1888 2405 deliberationem
1944 2350 2229 2411 habuere.
2265 2356 2319 2406 et
2348 2351 2449 2405 dc-

788 2443 1103 2494 creverunt
1136 2438 1296 2493 irrita
1327 2455 1460 2493 esse
1491 2456 1626 2510 quae
1655 2440 1979 2495 Antiochia:
2008 2440 2084 2495 ab
2112 2441 2258 2512 ipsis
2290 2440 2448 2496 facta
2482 2490 2495 2501 .

786 2528 1025 2583 fuerant
1056 2534 1110 2583 et
1142 2528 1355 2583 melius
1408 2546 1535 2584 esse
1572 2529 1778 2585 Filium
1814 2531 1965 2586 Patri
2009 2530 2345 2586 substantia
2373 2531 2447 2585 si-

788 2618 989 2673 milem
1036 2633 1165 2672 esse
1222 2619 1477 2690 opinari.
1540 2620 1637 2674 His
1695 2619 1976 2685 deﬁnitis,
2045 2620 2317 2675 redeunti
2375 2636 2447 2676 ex

785 2706 1035 2762 Thracia
1079 2706 1305 2762 Valenti
1359 2708 1520 2777 (cum
1579 2708 1757 2764 fratre
1811 2709 1973 2764 enim
2019 2712 2271 2764 Romam
2315 2724 2447 2780 pro-

784 2795 1086 2851 ﬁeiscente
1134 2796 1513 2868 aliquantum
1561 2798 1789 2852 itineris
1835 2798 2095 2867 fecerat),
2148 2798 2446 2853 Heracleae

785 2890 1199 2940 occurrerunt.
1242 2886 1349 2951 Qui
1380 2886 1629 2957 quidem
1660 2886 1727 2940 iis
1758 2886 1947 2941 suasit
1969 2902 2042 2940 nc
2071 2886 2148 2941 ab
2180 2886 2445 2944 Eudoxio

788 2973 1192 3030 dissentirent.
1246 2975 1347 3029 Hic
1393 2980 1596 3030 autem
1650 2975 1997 3031 Macedonio
2051 2980 2444 3043 successerat,

786 3065 1198 3137 Eunomioque
1232 3070 1290 3120 et
1314 3066 1443 3136 ejus
1474 3064 1811 3121 fautoribus
1840 3065 2275 3121 consentiebat.
2300 3070 2447 3123 Cum

785 3158 986 3209 autem
1011 3154 1371 3219 renuissent,
1396 3170 1500 3209 eos
1534 3155 1593 3209 in
1617 3154 1893 3209 exsilium
1920 3155 2000 3209 ire
2026 3155 2214 3224 jussit.
2240 3158 2449 3211 Postea

2559 1991 2703 2061 Ἐμοὶ
2730 1990 2787 2041 οὗ
2824 1991 2966 2062 θέμις
3005 1992 3137 2061 μετὰ
3165 1988 3289 2045 λαοῦ
3316 1992 3609 2060 τεταγμένῳ
3655 1991 3719 2040 τὰ
3752 1994 3971 2039 τοιαῦτα
4000 1986 4153 2039 πολυ-

2555 2088 2868 2155 πραγμονεῖν
2891 2102 2901 2112 ·
2934 2082 2980 2131 οὶ
3016 2076 3074 2131 δε
3107 2082 3250 2154 ἱερεῖς
3281 2080 3356 2140 οἷς
3383 2081 3577 2130 τούτων
3598 2076 3758 2150 μέλει,
3792 2079 3912 2143 καθ,
3942 2076 4155 2138 ἑαυτούς

2556 2172 2655 2227 ὅπη
2691 2168 2969 2241 βούλονται
3002 2174 3313 2221 συνίτωσαν.
3347 2168 3509 2228 Εὐθὺς
3540 2164 3626 2219 οὖν
3675 2167 3856 2220 ἐκεῖνοι
3902 2166 4151 2225 συνῆλθον

2556 2258 2627 2319 εἰς
2658 2259 2971 2331 Λαμψακόν,
3004 2262 3093 2309 κκὶ
3140 2255 3235 2311 δύο
3290 2256 3694 2330 βουλευσάμενοι
3744 2264 3931 2329 μῆνας,
3970 2255 4156 2329 ἐψηφί-

2558 2369 2713 2401 σαντο
2749 2351 2919 2422 ἄκυρα
2946 2346 3074 2400 εἶναι
3100 2352 3162 2400 τὰ
3185 2348 3233 2400 ἐν
3262 2348 3561 2419 Ἀντιοχείᾳ
3581 2368 3707 2423 παρ,
3733 2348 3900 2399 αὐτῶν
3928 2367 4155 2420 πεπραγ-

2556 2445 2701 2512 μένα,
2731 2445 2820 2491 καὶ
2842 2446 3043 2514 κρατεῖν
3074 2443 3131 2490 τό
3160 2443 3334 2511 ὅμοιον
3364 2434 3603 2500 δοξάζειν
3633 2446 3703 2509 τῷ
3732 2443 3899 2513 Ιιατρὶ
3929 2440 4015 2489 τὸν
4037 2438 4155 2489 Υἱόν

2556 2531 2670 2581 κατ’
2694 2530 2875 2581 οὐσίαν
2904 2552 2915 2563 ι
2958 2537 3124 2581 ταῦτα
3146 2531 3414 2602 ὁρίσαντες
3446 2528 3700 2579 ἐπανιόντι
3733 2527 4077 2607 τῷΙΟύάλεντι
4099 2526 4153 2579 ἐκ

2556 2628 2651 2680 τῆς
2704 2623 2915 2694 Θράκης
2978 2616 3061 2689 (ἦν
3104 2621 3205 2691 γὰρ
3266 2613 3631 2689 ἀποδημοῦντι
3682 2626 3755 2687 τῷ
3815 2613 4020 2689 ἀδελφῷ
4087 2616 4155 2677 εἰς

2552 2710 2752 2781 Ῥώμην
2784 2714 2949 2781 μέχρι
2977 2712 3116 2769 τινὸς
3168 2707 3547 2777 συναπελθὼν),
3578 2706 3624 2759 ἐν
3654 2706 3930 2780 Ἡρακλείᾳ
3984 2710 4160 2781 περιέ-

2555 2819 2739 2870 τυχον.
2771 2798 2829 2851 Ὀ
2890 2796 2946 2850 δὲ
2990 2796 3260 2871 ἐπέτρεψεν
3306 2797 3484 2857 αὐτοῖς
3524 2800 3592 2854 μὴ
3647 2792 3990 2870 διαφέρεσθαι
4033 2798 4159 2870 πρὸς

2556 2885 2835 2951 Εύδόξιον·
2894 2884 2956 2945 ἧν
3002 2883 3061 2939 δὲ
3112 2888 3257 2947 οὗτος
3301 2882 3674 2958 διαδεξάμενος
3712 2882 4030 2938 Μακεδόνων
4070 2887 4159 2935 καὶ

2559 2981 2806 3051 σύμφρων
2830 2979 3063 3049 Εὐνομίῳ
3091 2981 3179 3027 καὶ
3210 2982 3319 3037 τοῖς
3344 2978 3478 3028 κατὰ
3508 2984 3708 3029 τοῦτον.
3734 2974 3874 3029 Ἐπεὶ
3901 2972 3960 3027 δὲ
3988 2973 4156 3025 ἀντει-

2554 3089 2669 3135 πον,
2714 3068 2969 3120 ἐκέλευσεν
3028 3067 3211 3127 αύτούς
3268 3067 3710 3141 ύπερορισθῆναι⁸
3770 3069 4041 3139 μετέπειτα
4100 3060 4158 3116 δὲ

2558 3158 2768 3230 ἀγαγὼν
2820 3157 3079 3210 Ἐλεύσιον
3152 3155 3387 3216 ἐϐιάζετο
3448 3162 3705 3207 κοινωνεῖν
3773 3152 4009 3227 Εύδοξίῳ
4066 3161 4157 3214 τῆς

783 3259 927 3299 vero
961 3243 1264 3298 Eleusium
1293 3243 1549 3312 reduxit,
1578 3244 1893 3317 coegitque
1920 3249 2143 3300 uteum
2180 3244 2445 3299 Eudoxio
2480 3274 2519 3329 ε
2558 3272 2563 3299 τ

2390 3244 2445 3299 i0
2480 3274 2519 3329 ε
2558 3253 2803 3309 πίστεως.
2832 3247 2890 3297 Ὀ
2938 3243 2996 3298 δὲ
3038 3250 3095 3298 τό
3145 3251 3233 3319 μέν
3277 3254 3477 3319 πρῶτον
3508 3248 3809 3297 άντέτεινεν·
3841 3241 3950 3297 εἶτα
3980 3246 4160 3317 ὑπερο-

785 3332 845 3388 in
905 3332 1023 3388 ﬁde
1091 3332 1470 3388 consentiret.
1535 3338 1615 3387 Ac
1670 3334 1965 3406 principio
2035 3333 2129 3388 ille
2194 3334 2445 3401 restitit;

785 3421 1002 3477 deinde
1026 3437 1166 3477 vero
1194 3422 1470 3476 exsilium
1496 3428 1550 3477 et
1577 3422 1997 3494 expulsionem
2024 3420 2446 3491 reformidans,

785 3512 1183 3583 quodjussus
1213 3518 1356 3584 erat,
1391 3512 1562 3579 fecit;
1606 3519 1664 3568 at
1705 3513 1903 3568 statim
1961 3529 2099 3567 eum
2150 3513 2445 3584 paenituit.

785 3602 1063 3673 Cyzicum
1091 3603 1249 3657 enim
1278 3603 1517 3658 rediens
1548 3607 1863 3675 peccatum
1893 3618 2071 3657 suum
2104 3602 2163 3656 in
2193 3602 2450 3657 ecclesia

786 3692 1095 3747 confessus
1127 3698 1233 3761 est,
1269 3709 1532 3765 suosque
1580 3693 1852 3749 hortatus
1884 3696 1974 3747 est
2023 3696 2089 3747 ut
2121 3691 2232 3747 sibi
2264 3692 2449 3747 alium

785 3782 1140 3854 episcopum
1181 3782 1486 3853 eligerent,
1544 3800 1613 3839 eo
1668 3783 1831 3856 quod
1893 3784 2021 3855 ipse
2089 3782 2448 3838 necessitate

784 3872 1136 3943 compulsus
1187 3873 1493 3945 propriam
1525 3873 1861 3928 doctrinam
1923 3873 2254 3929 abnuisset.
2285 3871 2447 3944 Cyzi-

784 3961 913 4018 ceni
952 3966 1155 4017 autem
1186 3979 1296 4018 suo
1327 3979 1472 4033 erga
1503 3978 1642 4018 eum
1676 3979 1881 4017 amore
1914 3962 2053 4017 victi
2086 3961 2241 4016 illius
2271 3961 2451 4017 haere-

785 4052 898 4107 sim
928 4067 1053 4107 non
1084 4051 1400 4121 admisere,
1435 4068 1717 4108 mansere
1751 4067 1891 4106 vero
1920 4056 2130 4122 postea
2157 4051 2272 4107 sub
2295 4050 2450 4106 illius

784 4141 1261 4210 gubernatione;
1293 4157 1417 4214 quo
1465 4142 1695 4209 audito,
1737 4140 2042 4195 Eudoxius
2084 4142 2448 4197 Eunomium

784 4230 845 4286 in
869 4231 1061 4304 Cyzici
1092 4231 1510 4304 episcopatum
1539 4230 1857 4304 proposuit

854 4327 942 4379 23.
974 4322 1217 4395 Expulsi
1276 4326 1416 4378 sunt
1464 4320 1541 4377 ab
1575 4320 1847 4376 Eudoxio
1900 4319 2451 4392 Constantinopolis

784 4412 1069 4484 episcopo
1096 4416 1152 4467 et
1182 4410 1423 4466 Valente
1448 4410 1816 4482 imperatore
1844 4423 1966 4463 non
1991 4407 2176 4463 modo
2189 4409 2295 4480 qui
2314 4425 2453 4464 con-

785 4500 1248 4557 substantialem
1300 4500 1507 4556 Filium
1558 4499 2019 4571 proﬁtebantur,
2064 4497 2170 4553 sed
2226 4498 2352 4568 jam
2396 4502 2452 4554 et

785 4593 905 4667 ipsi
928 4590 1375 4655 Macedoniani;
1410 4590 1513 4662 qui
1545 4589 1827 4660 injuriam
1873 4604 1996 4643 non
2033 4587 2311 4653 ferentes,
2340 4592 2454 4643 sta-

782 4687 1023 4740 tuerunt
1054 4680 1132 4737 ad
1164 4680 1547 4753 imperatoris
1574 4680 1815 4736 fratrem
1843 4684 1899 4735 et
1926 4679 2002 4735 ad
2029 4678 2326 4735 Liberium
2346 4681 2453 4734 Bo-

782 4788 898 4828 mae
920 4770 1277 4843 episcopum
1318 4768 1673 4838 confugere,
1700 4784 1910 4823 eorum
1954 4767 2139 4822 ﬁdem
2171 4766 2453 4839 amplecti

782 4878 968 4935 quam
985 4877 1123 4917 cum
1137 4858 1409 4915 Eudoxio
1426 4858 1877 4915 communicare
1900 4857 2308 4929 praeferentes.
2333 4856 2453 4913 Mit-

782 4952 1103 5023 tuntigitur
1116 4949 1489 5006 Eustathium
1510 4947 1792 5005 Sebastiaa
1806 4947 2185 5003 etSilvanum
2200 4947 2379 5017 Tarsi,
2397 4951 2454 5003 et

779 5042 1176 5115 Theophilum
1200 5037 1502 5095 Castabali
1535 5038 1595 5093 in
1618 5036 1851 5105 Cilicia;
1886 5036 1991 5109 qui
2015 5041 2339 5109 postquam
2366 5036 2449 5091 Li-

779 5132 1016 5190 berium
1039 5130 1261 5200 adiere,
1293 5127 1501 5183 Arium
1537 5127 1950 5183 condemnant
1969 5130 2027 5181 et
2053 5125 2319 5181 similiter
2348 5141 2453 5181 eos

781 5223 888 5297 qui
922 5220 1055 5277 Ario
1087 5218 1546 5275 consentiebant
1588 5218 1841 5290 ejusque
1886 5214 2226 5272 doctrinam
2272 5215 2453 5272 doce-

779 5316 948 5380 bant,
977 5309 1257 5381 rejieiunt
1285 5312 1487 5364 autem
1516 5323 1764 5364 omnem
1804 5305 2067 5362 haeresin
2109 5304 2248 5360 ﬁdei
2280 5306 2455 5362 Nicae-

780 5420 875 5460 ηδε
931 5400 1342 5467 contrariam;
1386 5402 1443 5454 et
1490 5394 2007 5453 consubstantiale
2068 5394 2456 5450 solummodo

779 5492 1103 5565 recipiunt,
1137 5491 1196 5546 in
1231 5505 1303 5545 eo
1353 5487 1732 5560 sensuquod
1786 5486 1917 5541 haec
1963 5500 2080 5541 vox
2115 5483 2458 5540 substantia

783 5583 1041 5640 similem
1083 5579 1473 5652 signiﬁcaret.
1524 5578 1691 5634 Hane
1748 5592 1959 5633 eorum
2012 5573 2457 5631 confessionem

780 5674 1067 5746 scriptam
1130 5671 1428 5744 accipiens
1484 5667 1802 5735 Liberius,
1855 5684 1997 5723 cum
2051 5666 2164 5722 illis
2205 5681 2454 5723 causam

781 5765 901 5836 egit
911 5783 928 5836 ;
952 5762 1282 5837 litterisque
1319 5760 1398 5819 ab
1434 5760 1534 5818 illo
1570 5758 1862 5834 acceptis,
1903 5757 1966 5815 in
2002 5755 2261 5815 Siciliam
2294 5756 2458 5814 navi-

2558 3343 2676 3412 ρίας
2716 3341 2879 3409 φυγὴν
2928 3341 3016 3387 καὶ
3058 3333 3316 3408 δήμευσιν
3367 3331 3654 3403 δειλιάσας,
3709 3337 3767 3386 τό
3824 3335 4161 3409 προσταχθὲν

2560 3427 2739 3479 ἐποίει·
2768 3431 2857 3478 καὶ
2885 3426 3030 3486 εὐθὺς
3048 3425 3368 3498 μετεμέλετο,
3396 3423 3677 3477 ἐπανελθὼν
3697 3427 3795 3498 γὰρ
3821 3424 3892 3485 εἰς
3914 3423 4159 3496 Κύζικον,

2560 3522 2652 3574 τὴν
2700 3516 2953 3589 ἁμαρτίαν
2987 3515 3066 3566 ἐπὶ
3104 3523 3195 3576 τῆς
3244 3514 3524 3576 ἐκκλησίας
3564 3514 3845 3585 ἐξήγγειλε,
3875 3518 3965 3565 καὶ
3997 3516 4165 3576 ζητεῖν

2561 3606 2761 3667 ἑαυτοῖς
2786 3607 2951 3681 ἕτερον
2984 3608 3265 3657 ἐπίσκοπον
3299 3607 3559 3679 ἐπέτρεπε,
3594 3600 3734 3655 διότι
3766 3603 3921 3665 αὐτὸς
3964 3601 4161 3675 ἀνάγκη

2560 3700 2617 3749 τό
2651 3697 2836 3749 οἰκεῖον
2883 3697 3149 3769 ἠρνήσατο
3209 3691 3406 3767 δόγμα.
3464 3691 3761 3754 Κυζικηνοϊ
3795 3690 3874 3759 δε,
3933 3701 3995 3765 τῇ
4050 3697 4166 3767 περὶ

2560 3794 2741 3839 τοῦτον
2802 3785 3144 3860 φιλοστοργία
3211 3787 3591 3857 κρατούμενοι,
3661 3792 3757 3845 τῆς
3827 3785 3917 3855 μεν
3975 3782 4165 3842 οἰκείας

2563 3880 2810 3951 αἱρέσεως
2862 3876 2919 3928 ού
2979 3878 3318 3948 μετετίθεντο,
3380 3877 3549 3946 ἔμενον
3601 3871 3659 3926 δὲ
3707 3875 3846 3946 ὅμως
3907 3871 3992 3924 ὑπ’
4026 3872 4166 3942 αύτῴ

2561 3972 2896 4039 ταττόμενοι·
2930 3967 3052 4041 ὅπερ
3085 3966 3262 4039 μαθων
3298 3961 3549 4028 Εύδοξιος
3588 3962 3892 4039 προεϐάλετο
3919 3962 4166 4034 Εὐνόμιον

2562 4059 2629 4119 εἰς
2666 4062 2758 4117 τὴν
2793 4056 3023 4118 Κυζίκου
3056 4056 3371 4113 ἐπισκοπὴν.

2634 4308 2733 4381 κγ’.
2768 4307 3075 4361 Ἠλαύνοντο
3130 4303 3189 4359 δε
3226 4308 3369 4379 παρὰ
3436 4302 3692 4368 Εύδοξίου
3750 4311 3843 4357 τοῦ
3897 4310 4169 4358 Κωνσταν-

2561 4420 2703 4453 τινου
2744 4399 2933 4460 πόλεως
2966 4397 3252 4451 ἐπισκόπου
3301 4401 3389 4449 καὶ
3441 4395 3725 4456 Οὐάλεντος
3778 4402 3868 4448 τοῦ
3915 4393 4175 4467 βασιλέως

2562 4491 2669 4562 οὐχ
2713 4492 2761 4541 οἱ
2813 4492 2899 4541 τόν
2943 4490 3219 4560 ὀμοούσιον
3264 4485 3627 4561 πρεσϐεύοντες
3678 4488 3854 4558 μόνον,
3916 4484 4023 4536 ἀλλ’
4062 4480 4168 4541 ἤδη

2562 4587 2651 4633 καὶ
2684 4583 2835 4631 αὐτοὶ
2888 4580 2936 4630 οἱ
2988 4574 3371 4631 Μακεδονιανοί
3395 4598 3407 4610 ·
3443 4576 3490 4629 οἳ
3539 4580 3649 4645 καὶ,
3683 4580 3754 4648 μὴ
3808 4578 4039 4648 φέροντες
4078 4578 4171 4632 τὴν

2563 4670 2828 4745 ἐπήρειαν,
2864 4666 2972 4721 δεῖν
3012 4670 3242 4739 ἔγνωσαν
3298 4672 3616 4739 καταφυγεῖν
3648 4664 3732 4717 ἐπὶ
3783 4668 3870 4717 τόν
3918 4671 4010 4717 τού
4070 4662 4171 4736 βα-

2566 4760 2744 4821 σιλέως
2803 4754 3042 4830 ἀδελφὸν,
3103 4762 3192 4809 καὶ
3248 4755 3332 4809 ἐπὶ
3393 4755 3631 4831 Λιϐέριον
3688 4758 3775 4807 τὸν
3807 4754 4008 4827 Ῥώμης
4061 4753 4144 4805 ἐπί

2571 4868 2785 4916 σκοπον,
2847 4847 3183 4911 ἀσπάζεσθαι
3254 4845 3445 4919 μᾶλλον
3516 4845 3743 4919 ὓιόμενοι
3806 4850 3898 4903 τὴν
3974 4842 4173 4896 ἐκείνων

2565 4946 2743 4994 πίστιν
2798 4939 2826 4997 ἦ
2888 4945 3145 4990 κοινωνεῖν
3193 4944 3305 4998 τοῖς
3369 4940 3488 5011 περὶ
3540 4932 3827 4998 Εὑδόξιον’
3877 4938 4170 5006 πέμπουσιν

2564 5032 2651 5083 οὖν
2720 5029 3010 5083 Εὐστάθιον
3067 5031 3153 5079 τὸν
3210 5025 3553 5090 Σεϐαστείας,
3614 5030 3706 5077 καὶ
3778 5023 4019 5077 Σιλϐανόν
4086 5026 4171 5076 τόν

2565 5124 2797 5195 Ταρσου,
2834 5124 2924 5171 καὶ
2956 5117 3204 5190 Θεόφιλον
3235 5121 3321 5169 τόν
3373 5113 3727 5169 Κασταϐάλων
3774 5122 3871 5175 τῆς
3904 5114 4139 5176 Κιλικίας
4161 5134 4174 5148 ο

2566 5210 2613 5263 οὶ
2671 5215 2759 5261 καὶ
2796 5251 2809 5273 ,
2868 5211 2999 5283 πρὸς
3062 5206 3294 5281 Διϐέριον
3357 5210 3816 5283 παραγεγονὸτες,
3881 5209 4171 5275 καταγινώ-

2569 5319 2763 5354 σκουσι
2820 5302 2909 5372 μὲν
2958 5299 3158 5373 Ἀρείου
3209 5301 3299 5349 καὶ
3338 5304 3437 5349 τῶν
3489 5298 3675 5369 ὁμοίως
3737 5295 3875 5367 αὐτῷ
3934 5297 4181 5369 φρονούν-

2565 5411 2665 5443 των
2741 5394 2833 5441 καὶ
2901 5385 3266 5440 διδασκόντων
3292 5380 3308 5416 ³
3375 5385 3805 5461 ἀποκηρύττουσι
3874 5380 3932 5437 δὲ
4005 5390 4180 5436 πᾶσαν

2567 5482 2769 5555 αἰρεσιν
2846 5479 3235 5551 ἐναντιουμένην
3312 5484 3373 5549 τῇ
3444 5481 3619 5529 πίστει
3688 5483 3785 5537 τῆς
3852 5473 3901 5526 ἐν
3985 5478 4183 5546 Νικαίᾳ

2572 5568 2833 5625 συνόδου·
2890 5573 3076 5622 καὶτὸ
3118 5568 3398 5641 ὀμοούσιον
3455 5570 3608 5640 μόνον
3668 5562 3941 5639 δέχονται,
3988 5566 4059 5625 ὡς
4108 5572 4182 5637 τῷ

2570 5664 2731 5734 ὁμοίῳ
2780 5661 2893 5714 κατ’
2935 5659 3119 5712 ούσίαν
3165 5661 3353 5711 ταυτὸν
3423 5664 3700 5729 σημαῖνον.
3758 5657 3965 5713 Ταύτην
4015 5654 4181 5707 αὐτῶν

2568 5756 2663 5812 τὴν
2732 5751 3007 5829 ὁμολογίαν
3073 5752 3328 5823 ἔγγραφον
3384 5746 3551 5801 λαϐὼν
3616 5748 3641 5799 ὁ
3706 5745 3995 5821 Λιϐἐριοςμ,
4042 5743 4181 5797 ἐκοι-
