4508 6436
354 346 429 399 29
1710 347 2056 405 THESAUBI
2107 350 2235 405 LIB.
2276 348 2365 405 VI.
3652 349 3721 403 30

352 470 586 524 νὼνησεν
635 467 829 531 αὐτοῖς’
891 472 981 521 καὶ
1033 472 1321 545 γράμματα
1356 473 1483 547 παρ’
1508 473 1670 527 αὐτοῦ
1699 470 1960 539 λαϐόντες,
1994 472 2040 524 Α
2072 485 2132 541 εξ

1946 514 1960 539 ,
1994 472 2040 524 Α
2072 476 2400 541 gaverunt;
2428 473 2789 545 synodoque
2830 470 2915 527 ibi
2950 473 3339 541 congregata,
3370 469 3583 526 eadem
3622 469 3720 526 de-

352 553 611 607 ἕπλευσαν
660 556 731 618 εὶς
769 556 1018 609 Σικελίαν·
1079 557 1306 612 συνόδου
1365 558 1424 615 δε
1475 561 1623 615 κάκεῖ
1673 562 1961 632 συναχθεί-

358 661 482 712 σης,
530 648 617 696 καὶ
663 648 729 697 τὰ
782 645 918 699 αύτά
961 646 1336 721 ψηφισαμένων
1362 658 1463 703 τῶν
1486 659 1545 724 τῇ
1557 647 1614 704 δε
1640 652 1959 720 ἐπισκόπων,

357 729 665 791 ἐπανῆλθον.

431 835 541 894 κδ’.
569 838 695 892 Κατ’
723 838 881 894 ἐκεῖνο
921 838 980 894 δί
1008 851 1194 916 καιροῦ
1236 842 1455 898 σύνοδον
1488 845 1714 917 ἀγόντων
1741 846 1788 898 ἐν
1817 848 1961 899 Τυά-

354 945 463 988 νοις
490 928 741 982 Εύσεϐἰου
764 938 854 982 τοῦ
880 938 1193 1007 Καισαρείας
1216 933 1619 1003 Καππαδοκίας,
1647 936 1961 989 Ἀθανασίου

356 1016 643 1089 Ἀγκύρας,
685 1019 942 1091 Πελαγίου
982 1019 1302 1086 Λαοδικείας
1345 1033 1441 1087 τῆς
1488 1030 1697 1100 Συρίας,
1729 1031 1963 1088 Ζήνωνος

352 1108 552 1176 Τύρου,
574 1107 779 1160 Παύλου
798 1108 1042 1181 Ἐμσης,
1066 1112 1313 1187 Ὀτρηίου
1337 1114 1591 1173 Μελιτηνῆ
1605 1136 1645 1184 ς,
1671 1120 1960 1190 Γρηγορίου

352 1196 685 1267 Ναζιανζού,
716 1203 806 1250 καὶ
849 1200 1044 1252 πολλῶν
1075 1201 1259 1269 ἄλλων,
1300 1204 1466 1273 οἱξκαὶ
1496 1202 1543 1255 ἔν
1575 1204 1873 1276 Ἀντιοχείᾳ
1904 1208 1960 1257 τὸ

352 1286 640 1356 ὁμοούσιον
697 1286 1021 1361 ἐψηφίσαντο
1068 1290 1151 1343 ἐπὶ
1211 1300 1305 1353 τῆς
1346 1292 1599 1346 Ἰοϐιανού
1662 1292 1956 1365 βασιλείας,

349 1372 659 1446 ἀνεγνώσθη
708 1379 774 1429 τὰ
802 1378 1043 1453 Αιϐερίου
1084 1384 1174 1433 καὶ
1203 1390 1302 1433 τῶν
1333 1380 1429 1435 ἐινά
1464 1387 1557 1440 τὴν
1599 1380 1755 1436 δύσιν
1783 1403 1960 1456 γραμ-

351 1480 518 1534 ματα·
552 1470 642 1517 καὶ
672 1476 982 1540 περιχαρεῖς
1020 1468 1104 1521 ἐπὶ
1145 1473 1349 1533 τούτοις
1389 1477 1670 1545 γενόμενοι,
1730 1472 1959 1545 ἔγραψαν

350 1554 556 1615 πάσαις
586 1562 697 1616 ταῖς
726 1560 861 1608 κατὰ
892 1563 985 1616 τὴν
1020 1560 1200 1612 Ἀσίαν
1224 1560 1565 1625 Ἐκκλησίαις
1590 1561 1819 1634 ἐντυχεῖν
1851 1570 1960 1625 τοῖς

349 1645 611 1704 τοιούτοις
657 1648 956 1717 γράμμασι,
1016 1653 1105 1701 καὶ
1157 1652 1232 1701 ἔτι
1285 1647 1411 1724 ἦρος
1455 1656 1611 1721 ὄντος,
1654 1653 1725 1715 εἰς
1753 1657 1958 1728 Ταρσὸν

354 1732 643 1791 συνελθεῖν.
710 1732 852 1793 Ἤδη
911 1734 970 1789 δε
1024 1741 1380 1792 συνίστασθαι
1433 1740 1723 1813 μελλούσης
1769 1750 1859 1803 τῆς
1912 1742 1959 1795 ἐν

2071 565 2386 616 creverunt
2434 576 2505 617 ac
2546 561 2728 633 hujus
2777 558 2987 616 insula
3041 559 3343 632 episcopi,
3395 564 3453 615 et
3502 558 3721 615 reversi

2072 652 2231 704 sunt.

2141 848 2232 904 24.
2278 849 2396 903 Hoc
2423 850 2623 903 autem
2657 850 2926 920 tempore
2956 846 3141 919 Tyani
3164 846 3469 920 synodum
3496 846 3721 917 agenti-

2069 934 2184 991 bus
2216 936 2469 992 Eusebio
2500 936 2780 993 Caesarea
2828 937 2888 992 in
2934 936 3335 1009 Cappadocia,
3391 935 3720 991 Athanasio

2071 1031 2344 1098 Ancyra,
2369 1024 2603 1095 Pelagio
2637 1026 2939 1083 Laodicea
2974 1026 3033 1081 in
3086 1026 3274 1099 Syria,
3308 1028 3539 1081 Zenone
3563 1024 3716 1096 Tyri,

2071 1116 2254 1172 Paulo
2308 1118 2555 1182 Emesa,
2598 1116 2760 1173 Otrio
2789 1116 3089 1183 Meletina,
3122 1115 3403 1187 Gregorio
3445 1114 3723 1170 Nazianzi

2070 1212 2126 1260 et
2152 1205 2351 1260 multis
2383 1205 2536 1274 aliis,
2560 1206 2662 1279 qui
2690 1211 2747 1262 et
2783 1206 3107 1262 Antiochiae
3140 1203 3721 1261 consubstantialem

2071 1296 2279 1353 Filium
2312 1297 2720 1363 decreverant,
2739 1297 2991 1353 Joviano
3013 1298 3369 1369 imperante,
3390 1295 3557 1351 lecta
3582 1298 3722 1351 sunt

2070 1386 2282 1441 Liberii
2299 1391 2355 1441 et
2370 1386 2830 1442 occidentalium
2850 1386 3311 1451 littera.Quibus
3331 1385 3620 1453 latantes,
3642 1384 3719 1439 ad

2066 1490 2281 1532 omnes
2304 1476 2455 1532 Asia
2478 1476 2770 1532 Ecclesias
2787 1476 3155 1549 scripserunt
3177 1485 3235 1531 ut
3256 1477 3288 1530 ὶι
3304 1478 3343 1528 λς
3364 1475 3397 1529 ll
3412 1482 3417 1490 '
3432 1475 3566 1529 teris
3583 1489 3721 1529 con-

2068 1566 2408 1632 cordarent,
2432 1573 2509 1636 et,
2543 1567 2689 1623 dum
2728 1569 2931 1623 adhuc
2960 1584 3061 1624 ver
3094 1574 3269 1633 esset,
3304 1570 3545 1622 Tarsum
3580 1580 3720 1620 con-

2068 1656 2516 1713 venirent.Cum
2552 1658 2894 1729 autemjam
2929 1657 2989 1713 in
3016 1673 3086 1712 eo
3104 1660 3300 1712 essent
3322 1659 3384 1710 ut
3414 1654 3719 1727 synodum

2068 1745 2230 1801 Tarsi
2260 1746 2553 1803 haberent
2584 1746 2873 1819 episcopi,
2907 1751 3169 1819 quatuor
3210 1751 3267 1801 et
3295 1744 3536 1815 triginta
3565 1742 3721 1799 asia-

350 1827 548 1895 Ταρσῷ
626 1821 872 1886 συνόδου,
949 1830 1227 1899 τριάκοντα
1276 1834 1365 1882 καὶ
1411 1834 1661 1907 τέσσαρες
1727 1832 1962 1886 Ἀσιανοὶ
1994 1826 2035 1880 Β
2071 1837 2130 1893 ti(

1944 1826 2035 1885 ὶΒ
2071 1837 2168 1893 tici
2226 1836 2497 1909 episcopi
2554 1837 2880 1893 Antiochia
2921 1837 2981 1891 in
3022 1836 3194 1893 Caria
3243 1833 3591 1903 congregati
3641 1831 3720 1887 ad

352 1909 658 1983 ἐπίσκοποι,
731 1914 1052 1977 συνελθόντες
1109 1917 1156 1970 ἐν
1218 1918 1519 1993 Ἀντιοχείᾳ
1583 1930 1679 1984 τῆς
1737 1928 1959 1996 Καρίας,

352 2005 452 2058 τὴν
511 2005 602 2074 μὲν
662 2002 745 2057 ἐπὶ
810 2013 872 2078 τῇ
933 2009 1146 2081 ὁμονοίᾳ
1202 2017 1300 2061 τῶν
1361 2010 1960 2070 Ἐκκλησιῶνοπουδὴν

352 2088 597 2159 ἐπηνουν,
622 2102 948 2167 παρῃτοῦντο
976 2094 1035 2150 δὲ
1057 2101 1115 2150 τὸ
1155 2106 1245 2151 τοῦ
1269 2101 1572 2172 ὁμοουσίου¹
1610 2101 1816 2163 Οὐάλης
1850 2098 1907 2154 δε
1934 2102 1958 2153 6

354 2179 603 2242 Βασιλεύς
644 2181 901 2248 Εύδοξίου
944 2184 1154 2261 σπουδῇ
1183 2195 1276 2247 τὴν
1308 2189 1358 2242 ἐν
1401 2190 1612 2263 Κιλικίᾳ
1642 2189 1957 2264 προσδοκω-

348 2275 512 2343 μένην
556 2270 774 2327 ούνοδον
822 2276 1019 2329 ἔλυσεν⁸
1072 2281 1120 2330 οἱ
1166 2276 1223 2332 δὲ
1262 2278 1645 2334 Μακεδονιανοὶ
1673 2278 1957 2357 ἀδιάφορον

347 2362 446 2423 ἕως
464 2366 604 2425 τινός
623 2370 821 2437 χρόνου
852 2371 945 2424 τὴν
976 2374 1245 2421 κοινωνίαν
1266 2368 1532 2423 ἐποιοῦντο
1556 2370 1651 2423 ἀνὰ
1681 2371 1957 2434 ἐκκλησίας

346 2454 443 2512 τὰς
474 2452 523 2504 ὲν
562 2452 759 2528 ἑκάστη
792 2456 955 2524 πόλει,
986 2456 1226 2521 ἀλληλοις
1256 2480 1309 2512 τε
1332 2458 1719 2535 ἐπιμιγνύμενοι
1741 2468 1831 2516 καὶ
1850 2471 1955 2525 τοῖς

348 2542 406 2603 ἐξ
438 2541 611 2617 ἀρχῆς
638 2545 989 2618 πρεσϐεύουσι
1018 2552 1075 2600 τό
1108 2551 1406 2621 ὁμοούσιον.

425 2651 516 2708 κε’.
566 2652 709 2705 Ἐπεὶ
762 2650 822 2706 δε
888 2654 1173 2719 Οὐάλεντος
1227 2658 1625 2721 τελευτήσαντος
1651 2662 1959 2733 Τρατιανὸς

350 2738 699 2812 ἐνομοθέτησε
761 2745 892 2815 μετὰ
946 2742 1128 2808 ἁδείας
1201 2747 1451 2809 ἑκάστους
1527 2751 1829 2821 θρησκεύειν
1895 2754 1961 2812 ὡς

351 2828 639 2901 βούλονται
694 2832 783 2885 καὶ
848 2833 1231 2904 ἐκκλησιάζειν,
1300 2837 1431 2897 πλὴν
1498 2845 1811 2911 Μανιχαίων
1872 2844 1962 2892 καὶ

351 2928 455 2971 τῶν
504 2927 569 2979 τὴ
639 2929 889 2976 Φωτεινού
948 2930 1038 2979 καὶ
1096 2926 1352 2999 Εύνομίου
1407 2931 1745 3003 φρονούντων,
1811 2929 1962 2982 παλιν

353 3012 408 3062 οἱ
460 3010 661 3073 πλείους
716 3009 1076 3085 ἐδογμάτισαν
1124 3016 1462 3090 ἐκτρέπεσθαι
1490 3023 1585 3076 τὴν
1632 3025 1723 3071 τοῦ
1773 3020 1963 3091 ὁμοου-

354 3103 479 3152 σίου
530 3106 717 3172 φωνήν.
776 3101 835 3155 Ὀ
876 3101 935 3156 δε
973 3104 1222 3168 Βασιλεύς
1271 3104 1554 3169 Θεοδόσιος
1594 3109 1619 3160 6
1662 3112 1835 3180 Μέγας
1873 3116 1965 3161 τοῦ

2072 1927 2470 1983 Ecclesiarum
2499 1926 2891 1982 concordiam
2933 1923 3579 1990 ardoremlaudavere,
3616 1920 3721 1977 sed

2072 2018 2326 2089 rrjecere
2351 2016 2884 2073 consubstantiale.
2918 2020 3250 2087 Imperator
3272 2017 3472 2069 autem
3505 2011 3719 2066 Valens

2072 2106 2317 2162 Eudoxii
2351 2104 2899 2162 machinationibus
2927 2104 3230 2176 synodum
3266 2118 3401 2174 qua
3432 2102 3491 2156 in
3524 2099 3723 2156 Cilicia

2068 2195 2193 2251 ﬁeri
2223 2195 2502 2260 debebat,
2544 2194 2833 2250 dissolvit.
2864 2192 3271 2250 Macedoniani
3313 2206 3453 2247 vero
3495 2189 3719 2244 indiffe-

2067 2293 2266 2341 renter
2299 2302 2437 2341 cum
2473 2285 2602 2341 aliis
2649 2285 2708 2340 in
2752 2284 3127 2353 singularum
3162 2281 3402 2336 urbium
3458 2278 3722 2335 ecclesiis

2068 2376 2447 2448 aliquantum
2500 2374 2789 2446 temporis
2840 2371 3398 2431 communicabant.
3432 2368 3531 2425 alii
3585 2368 3719 2425 aliis

2066 2465 2314 2521 immisti
2348 2467 2541 2537 iisque
2581 2464 2687 2538 qui
2732 2463 2810 2519 ab
2841 2462 3009 2519 initio
3040 2457 3555 2518 consubstantiale
3586 2473 3722 2530 pro-

2066 2556 2212 2613 fessi
2256 2560 2445 2613 erant.

2142 2670 2231 2722 25.
2258 2664 2592 2737 Postquam
2617 2667 2840 2731 autem,
2864 2660 3105 2718 Valente
3130 2662 3391 2725 mortuo,
3408 2655 3726 2714 Gratianus

2069 2754 2267 2824 legem
2297 2753 2430 2810 tulit
2457 2769 2529 2809 ex
2556 2768 2679 2825 qua
2706 2767 2912 2807 secure
2942 2750 3199 2822 quisque
3219 2752 3284 2803 ut
3314 2746 3501 2817 vellet,
3540 2748 3725 2801 Deum

2072 2844 2291 2901 coleret
2308 2849 2366 2901 et
2387 2843 2864 2909 concionaretur,
2890 2840 3152 2913 exceptis
3174 2836 3513 2896 Manichais
3530 2835 3727 2908 iisque

2072 2936 2179 3007 qui
2228 2934 2473 2991 Photino
2515 2939 2572 2990 et
2611 2932 2905 2989 Eunomio
2954 2928 3435 2993 consentiebant,
3484 2941 3728 2981 rursum

2073 3024 2344 3097 plerique
2414 3024 2751 3080 docuerunt
2808 3019 3267 3093 exstirpandam
3328 3032 3459 3073 esse
3515 3030 3728 3070 vocem

2077 3114 2659 3171 Consubstantialis.
2708 3114 3040 3185 Imperator
3096 3113 3298 3164 autem
3355 3103 3728 3162 Theodosius

350 3192 639 3264 ὁμοουσίου
671 3191 1021 3257 σπουδαστὴς
1067 3196 1154 3258 ὢν,
1222 3194 1442 3250 σύνοδον
1494 3198 1790 3251 ἐπισκόπων
1838 3192 2033 3271 ὁμο-ε’(ῖ
2076 3208 2130 3262 Μ

1948 3192 2033 3257 θ’(ῖ
2076 3208 2350 3275 Magnus,
2396 3201 2936 3261 Consubstantialis
2984 3200 3201 3269 fautor,
3238 3196 3542 3270 synodum
3573 3193 3728 3266 epis-

349 3280 522 3345 δόξων
595 3282 762 3354 ἐαυτῷ
838 3285 1145 3339 συνεκάλεσε
1199 3286 1533 3359 βεϐαιώσεως
1572 3290 1718 3342 ἕνεκα
1773 3297 1872 3341 τῶν
1916 3288 1964 3340 ἑν

347 3378 553 3445 Νικαίᾳ
604 3369 883 3436 δοξάντων⁸
936 3375 1207 3429 ὑπολαϐὼν
1263 3374 1321 3430 δε
1389 3374 1652 3431 δύνασθαι
1712 3378 1963 3441 συντάξαι

346 3466 414 3531 τῇ
455 3461 683 3513 καθόλου
733 3462 1019 3533 Ἐκκλησίᾳ
1082 3470 1199 3527 τούς
1246 3466 1593 3540 καλουμένους
1639 3464 1963 3521 Μακεδονια-

344 3555 482 3611 νούς,
564 3552 871 3607 συνεκάλεσε
946 3561 1034 3608 καὶ
1117 3560 1346 3618 τούτους·

347 3644 896 3697 Κωνσταντινουπὸλει
968 3645 1024 3698 ἐκ
1080 3655 1179 3699 τῶν
1253 3650 1531 3720 ὁμοούσιον
1593 3653 1687 3707 τὴν
1753 3645 1963 3721 Τρίάδα

347 3727 677 3793 δοξαζόντων
737 3732 867 3807 ἀμφὶ
908 3735 1086 3789 ἑκατὸν
1133 3742 1224 3790 καὶ
1279 3743 1617 3805 πεντήκοντα,
1677 3737 1725 3790 ίν
1779 3734 1851 3798 οἶς
1898 3739 1959 3797 ἧν

346 3828 643 3896 Γρηγόριος
700 3827 727 3877 ὁ
790 3826 1066 3900 Θεολόγος,
1126 3831 1152 3882 ὁ
1228 3832 1448 3892 Νύσσης
1506 3833 1795 3904 Γρηγὸριος
1859 3831 1955 3899 (1),

345 3911 698 3986 Ἀμφιλόχιός
745 3935 799 3968 τε
863 3922 953 3969 καὶ
1006 3919 1169 3994 ἕτεροι
1231 3928 1330 3971 τῶν
1386 3917 1658 3992 ἐπισήμων
1702 3924 1817 3973 τότε
1858 3926 1962 3972 Πα-

343 4006 531 4076 τέρων,
595 4004 643 4057 οἱ
712 4001 778 4065 δὴ
855 4009 1045 4070 πάντες
1118 4006 1321 4062 ἐδέοντο
1395 4018 1495 4061 τῶν
1562 4005 1961 4062 Μακεδονιανῶν

343 4091 630 4165 ἐπιγνῶναι
699 4099 779 4147 τὸ.
822 4096 1123 4169 ὀμοούσιον,
1201 4098 1681 4172 ἀναμιμνήσκοντες

1428 3557 1681 3616 συνῆλθον
1749 3553 1836 3609 οὖν
1912 3557 1961 3609 ἐν

1773 4118 1965 4161 αυτους

340 4191 443 4245 τῆς
483 4184 762 4255 πρεσϐείας
801 4191 892 4238 καὶ
932 4187 1210 4260 ὁμολογίας
1253 4188 1312 4246 ἢν
1354 4191 1523 4241 ἔθεντο
1560 4192 1692 4261 πρὸς
1720 4187 1962 4261 Λιϐἐριον

340 4276 434 4323 τόν
481 4272 685 4346 Ῥώμης
747 4270 841 4327 διὰ
875 4276 1169 4330 Εύσταθίου
1210 4283 1299 4330 καὶ
1349 4276 1594 4330 Σιλϐανοῡ
1654 4283 1744 4330 καὶ
1773 4282 1965 4350 Θεοφί⁸¹⁸

337 4361 461 4417 λου.
526 4364 589 4415 Οἱ
652 4361 711 4417 δε
748 4362 1015 4437 μηδέποτε
1046 4369 1333 4439 ’ὁμοούσιον
1383 4376 1454 4438 τῷ
1514 4372 1680 4442 Πατρὶ
1719 4370 1804 4419 τὸν
1844 4370 1960 4420 Υἱον

342 4450 643 4523 ἀναφανδὸν
713 4451 954 4518 δοξάζειν
1026 4457 1264 4523 εἰπόντες,
1334 4457 1377 4510 εἰ
1438 4464 1527 4510 καὶ
1583 4457 1788 4518 ἐναντία
1850 4466 1962 4519 ταῖς

2074 3311 2367 3368 coporum
2400 3294 2512 3349 sibi
2543 3292 3048 3348 consentientium
3076 3286 3450 3355 convocavit,
3485 3284 3561 3339 ad
3585 3298 3725 3339 con-

2073 3370 2378 3442 firmanda
2408 3400 2480 3441 ea
2514 3400 2649 3455 qua
2688 3384 2897 3439 Nicaea
2941 3381 3183 3436 decreta
3209 3382 3408 3444 erant;
3440 3371 3729 3447 possibile

2072 3482 2274 3534 autem
2308 3475 2431 3532 fore
2463 3480 2687 3548 putans
2714 3472 3023 3530 catholicae
3052 3468 3322 3526 Ecclesia
3350 3462 3729 3522 Macedonia-

2070 3585 2183 3625 nos
2222 3583 2551 3640 apponere,
2585 3581 2689 3621 eos
2729 3578 2974 3637 quoque
3020 3558 3395 3617 convocavit.
3426 3559 3730 3614 Convene-

2069 3663 2209 3715 runt
2238 3659 2418 3728 igitur
2462 3651 3043 3726 Constantinopolim
3088 3667 3162 3706 ex
3213 3649 3282 3704 iis
3320 3646 3427 3720 qui
3469 3643 3728 3701 consub—

2072 3748 2412 3805 stantialem
2455 3746 2800 3803 Trinitatem
2864 3740 3309 3798 confitebantur
3357 3741 3601 3793 centum
3673 3736 3731 3789 et

2070 3837 2516 3912 quinquaginta
2554 3835 2819 3899 circiter,
2870 3834 2930 3889 in
2976 3830 3200 3904 quibus
3244 3832 3373 3884 erat
3412 3824 3729 3912 Gregorius

2071 3911 2433 3998 Theologus,
2479 3930 2537 3981 et
2586 3923 2904 3994 Gregorius
2944 3924 3270 3993 Nyssenus,
3312 3911 3728 3988 Amphilochi-

2070 4033 2262 4091 usque
2293 4021 2351 4073 et
2383 4015 2479 4073 alii
2501 4031 2575 4072 ex
2606 4011 2984 4070 celeberimis
3015 4010 3198 4081 hujus
3228 4005 3515 4079 temporis
3547 4000 3726 4089 Patri-

2072 4106 2327 4179 bu-s,qui
2350 4105 2599 4178 quidem
2635 4118 2847 4159 omnes
2878 4118 2913 4157 a
2956 4096 3398 4159 Macedonianis
3424 4094 3645 4168 petiere
3666 4095 3732 4149 ut

2074 4195 2587 4253 consubstantiale
2633 4196 3068 4263 agnoscerent,
3133 4190 3194 4245 in
3242 4185 3603 4244 memoriam
3656 4183 3730 4239 iis

2071 4290 2422 4341 revocantes
2472 4284 2834 4354 legationem
2879 4286 2937 4338 et
2980 4278 3425 4337 confessionem
3466 4289 3621 4347 quas
3650 4272 3731 4329 ad

2074 4375 2370 4431 Liberium
2405 4378 2606 4430 Roma
2646 4388 2754 4446 per
2797 4370 3178 4427 Eustathium
3228 4371 3287 4424 et
3335 4365 3644 4424 Silvanum
3673 4366 3733 4420 et

2069 4463 2465 4535 Theophilum
2516 4463 2825 4517 miserant.
2894 4459 2980 4516 Illi
3027 4462 3230 4514 autem
3288 4472 3351 4511 se
3408 4468 3728 4525 nunquam

339 4548 477 4618 πρὸς
527 4543 767 4617 Λιϐἐριον
825 4545 1123 4618 ὁμολογίαις
1188 4547 1416 4621 ἐροῦσιν,
1460 4546 1859 4619 ἀπηλλάγησαν
1912 4552 1961 4601 οἱ
1993 4557 2038 4611 D
2073 4556 2119 4610 Ρ,

1948 4552 2038 4611 ἱΙ)
2073 4554 2229 4610 Patri
2279 4550 2860 4609 consubstantialem
2916 4566 3048 4605 esse
3103 4547 3313 4604 Filium
3362 4547 3566 4617 aperte
3623 4542 3728 4600 do-

341 4629 410 4686 δε
454 4642 548 4687 τοῦ
604 4633 776 4709 ἐτέρου
837 4640 1027 4709 μέρους
1101 4635 1447 4711 ἐπιμείναντες
1503 4643 1593 4691 καὶ⁹
1649 4641 1706 4690 τὸ
1754 4645 1961 4711 Πνεῦμα

338 4745 403 4776 το
471 4724 640 4797 ἅγιον,
704 4728 891 4801 Κύριον
940 4732 1032 4779 καὶ
1083 4727 1338 4791 ζωοποιόν
1378 4734 1468 4782 καὶ
1520 4729 1576 4781 ἐκ
1620 4738 1711 4783 τού
1754 4735 1962 4805 Πατρός

320 4814 745 4888 ἐκπορευόμενον
827 4821 919 4870 καὶ
1010 4826 1084 4889 τῷ
1161 4824 1329 4894 Πατρὶ
1398 4824 1957 4894 συμπροσκυνούμενον

336 4910 435 4957 καὶ
476 4901 923 4979 συνδοξαζόμενον
973 4904 1409 4981 δογματίσαντες,
1476 4913 1541 4971 ὡς
1607 4916 1697 4964 καὶ
1763 4911 1810 4964 ἐν
1885 4922 1955 4985 τῷ

340 4999 465 5066 θείῳ
527 4995 769 5068 συμϐόλῳ
835 5001 1082 5070 ἔγκειται,
1139 5005 1229 5052 καὶ
1276 5004 1362 5052 τόν
1415 4997 1739 5054 Μακεδόνιον
1796 5005 1954 5056 καθυ-

336 5085 654 5149 ποϐαλὸντες
696 5085 1002 5161 ἀναθέματι,
1059 5091 1309 5151 ὡσαύτως
1366 5096 1455 5143 καὶ
1497 5095 1618 5153 τούς
1656 5096 1714 5145 τὸ
1748 5094 1954 5166 ὁμοιού-

337 5196 455 5229 σιον
509 5180 597 5229 καὶ
647 5178 824 5249 ὅμοιον
884 5177 967 5231 ἐπὶ
1010 5186 1101 5231 τού
1152 5184 1274 5232 Υίού
1308 5176 1649 5250 δοξάζοντας,
1692 5187 1782 5234 καὶ
1820 5186 1952 5255 μετὰ

332 5272 432 5325 τὴν
501 5264 551 5318 ἓν
612 5269 807 5341 Νικαίᾳ
847 5264 1091 5337 σύνοδον,
1162 5268 1408 5343 δευτέραν
1487 5274 1679 5330 ταύτην
1760 5273 1944 5334 εύσεϐῆ

334 5358 758 5430 συστησάμενοι,
827 5356 957 5411 ἄλλα
1021 5364 1111 5412 καὶ
1201 5364 1419 5423 κανόνας
1494 5361 1757 5435 ἐκθέμενοι
1827 5380 1915 5416 πε(

403 5555 484 5625 (t)
526 5553 652 5636 Hac
677 5553 931 5636 fortasse
961 5556 1279 5636 occasione
1293 5559 1348 5636 S_.
1372 5559 1690 5636 Gregorius
1719 5564 1942 5636 Nysse-

327 5641 448 5682 nus
481 5626 724 5701 scripsit
762 5626 896 5687 illos
928 5631 1220 5689 adversus
1244 5631 1453 5689 Arium
1487 5626 1933 5692 Macedonium-

2070 4644 2264 4703 cuisse
2296 4643 2581 4711 dicentes,
2633 4641 2740 4697 etsi
2788 4638 3157 4695 contrarium
3212 4636 3273 4692 in
3313 4651 3425 4692 sua
3455 4634 3532 4691 ad
3568 4633 3731 4694 Libe-

2068 4733 2224 4789 rium
2266 4732 2647 4789 confessione
2704 4730 2982 4796 dixerint,
3023 4727 3256 4783 dimissi
3309 4730 3471 4781 sunt.
3524 4723 3729 4781 Cateri

2067 4839 2208 4878 vero
2239 4821 2502 4895 partium
2538 4820 2794 4890 aliarum
2839 4821 3283 4885 remanserunt,
3308 4820 3366 4871 et
3398 4818 3726 4888 postquam

2065 4913 2453 4968 decreverunt
2487 4911 2771 4983 Spiritum
2797 4914 3074 4965 sanctum
3113 4906 3435 4964 Dominum
3483 4919 3616 4959 esse
3646 4903 3727 4959 vi-

2067 5002 2409 5059 viﬁcantem
2433 5006 2487 5056 et
2515 5016 2586 5057 ex
2610 5004 2778 5056 Patre
2805 4999 3130 5072 procedere
3154 5003 3211 5053 et
3235 5012 3374 5052 cum
3392 4997 3562 5050 Patre
3584 4991 3730 5050 ado-

2062 5092 2183 5148 rari
2214 5096 2270 5147 et
2300 5090 2621 5162 gloriﬁcari
2652 5095 2718 5146 ut
2754 5090 2816 5145 in
2855 5088 3060 5145 divino
3117 5084 3399 5161 Symbolo
3439 5083 3730 5157 scriptum

2062 5187 2174 5251 est,
2203 5180 2743 5253 Macedoniumque
2766 5195 2992 5252 eosque
3019 5178 3122 5252 qui
3146 5178 3358 5235 Filium
3389 5173 3728 5233 substantia

2016 5328 2020 5332 ,
2060 5272 2320 5329 similem
2362 5271 2454 5327 vel
2485 5270 2836 5343 simpliciter
2866 5269 3121 5325 similem
3150 5268 3454 5350 docebant
3482 5263 3727 5322 anathe-

2059 5368 2221 5420 mate
2259 5366 2711 5436 percusserunt,
2735 5376 3012 5448 _eamque
3058 5360 3393 5416 secundam
3432 5355 3599 5429 piam
3631 5370 3729 5426 sy-

2055 5576 2175 5634 que
2218 5563 2529 5634 tractatus,
2562 5575 2719 5634 quos
2745 5574 2858 5629 ego
2900 5573 2975 5614 ex
3012 5557 3298 5634 vaticano
3329 5555 3535 5614 codice
3562 5554 3728 5618 edidi

2055 5630 2117 5695 in
2141 5630 2842 5717 Collectionis'Vaticana
2869 5634 3034 5687 tomo
3063 5630 3203 5694 Vill.
