4508 6436
791 410 855 464 si
2121 401 2384 460 meum
2427 395 2795 456 CHONIATE
4005 367 4008 370 ’
4102 407 4172 466 32

790 531 1023 588 nodum
1060 546 1196 588 esse
1244 533 1382 602 post
1420 527 1724 586 Niceenam
1775 529 2235 594 constituerunt,
2270 539 2452 581 cano-
2485 517 2535 571 Α
2568 547 2570 566 ι

2389 539 2452 580 ο-
2485 517 2535 571 Α
2568 517 2831 598 διαφόρων
2873 524 3326 586 ἐκκλησιαπικῶν
3385 527 3724 602 ζητημάτων,
3793 529 4165 585 ἐϐουλεύσαντο

789 635 1020 691 nesque
1037 620 1111 675 de
1124 619 1377 674 diversis
1397 617 1816 673 ecclesiasticis
1834 615 2272 690 quaestionibus
2288 628 2450 670 com-

789 724 1068 781 posuere,
1098 707 1594 764 deliberationem
1625 706 1989 773 habuerunt,
2013 721 2194 779 quem
2216 704 2278 759 in
2309 701 2450 759 sede

793 798 1458 870 Constantinopolitana
1497 801 1842 852 statuerent.
1890 795 2219 869 Imperator
2247 799 2447 850 autem

791 888 898 963 qui
929 889 1280 958 Gregorium
1306 886 1681 956 Theologum
1700 885 2100 942 admiratione
2126 897 2450 957 proseque-

791 979 993 1041 batur,
1026 977 1141 1033 hoc
1172 977 1531 1050 episcopatu
1553 992 1688 1032 eum
1716 974 1972 1046 dignum
1993 990 2123 1030 esse
2145 972 2407 1030 decrevit
2431 977 2443 1027 ;

794 1070 1234 1123 consenserunt
1272 1065 1455 1136 hujus
1484 1063 1704 1136 synodi
1739 1064 2204 1137 plerique..lpse
2246 1065 2449 1118 autem

791 1155 1130 1225 intelligens
1155 1153 1482 1211 nonnullos
1497 1153 1788 1210 obsistere
1815 1151 2451 1226 praesertimqueEgy-

792 1243 972 1316 ptios,
1030 1242 1339 1315 aliquanto
1390 1248 1530 1314 post
1577 1241 1894 1297 recusavit.
1961 1240 2216 1296 Diodoro
2269 1239 2450 1308 igitur

791 1338 956 1399 teste,
982 1331 1286 1389 Nectarius
1306 1330 1629 1402 Tarsensis,
1653 1330 1929 1386 nondum
1964 1329 2328 1401 baptizatus,
2351 1327 2451 1382 eli-

791 1423 947 1494 gitur
979 1428 1035 1479 et
1065 1423 1422 1495 baptizatur,
1447 1421 1921 1493 baptismalique
1947 1419 2147 1475 adhuc
2180 1423 2338 1474 veste
2366 1417 2451 1472 in-

789 1513 973 1569 dutus
998 1511 1698 1584 Constantinopolitanus
1729 1511 2051 1582 episcopus
2078 1507 2412 1564 ordinatur.

862 1606 952 1659 26.
994 1604 1132 1658 Post
1178 1601 1309 1657 haec
1358 1605 1560 1656 autem
1598 1599 2024 1656 convenientes
2060 1596 2367 1653 Nectarius
2394 1598 2451 1651 et

793 1691 891 1748 alii
913 1691 1219 1747 Nicaenam
1248 1689 1431 1746 ﬁdem
1454 1690 1890 1746 confirmarunt
1913 1693 1970 1745 et
1988 1702 2234 1743 omnem
2265 1686 2452 1741 haere-

794 1783 905 1838 sim
929 1782 1626 1846 excommunicaverunt,
1669 1780 2183 1850 decreveruntque
2239 1791 2451 1833 omnes

2565 615 2665 662 τίνι
2714 609 2825 666 δέοι
2877 620 2971 674 τὴν
3037 616 3327 677 ἐπισκοπὴν
3397 619 4000 682 Κωνσταντινουπόλεως
4063 621 4168 673 ἐπι-

2564 700 2774 773 τρέψαι.
2827 702 2884 756 Ὀ
2935 701 2994 758 δὲ
3040 705 3312 779 βασιλεὺς,
3375 708 3655 780 θαυμάζων
3719 713 3807 762 τόν
3882 714 4168 784 Γρηγόριον

2563 793 2651 842 τὸν
2705 792 2977 865 Θεολόγον,
3038 804 3134 858 τῆς
3185 796 3472 858 ἐπισκοπῆς
3511 796 3653 859 ἀξιον
3710 798 3991 870 ἐψηφίζετο
4048 803 4168 852 ταύ-

2564 899 2678 942 της·
2723 887 2974 956 συνῄνουν
3023 880 3082 938 δε
3137 889 3225 937 καὶ
3271 891 3368 948 τὴς
3398 882 3624 938 συνόδου
3672 889 3722 939 οἱ
3753 887 4002 950 πλείονες.
4032 889 4164 940 Ἀλλ’

2566 968 2737 1038 αὐτὸς,
2813 971 3116 1046 αἰσθόμενός
3181 995 3325 1037 τινας
3396 974 3676 1049 ἀνταίρειν,

2564 1062 2685 1122 τούς
2788 1059 2876 1113 ἀπ’

3766 981 3854 1029 καὶ
3936 977 4169 1048 μάλιστα

2953 1062 3247 1134 Αἰγύπτου,
3322 1070 3665 1138 παρῃτήσατο
3747 1068 3880 1138 μετὰ
3964 1071 4164 1141 καιρόν

2566 1145 2830 1223 Διοδώρου
2913 1158 3083 1205 τοίνυν
3139 1159 3405 1230 μαρτυρίᾳ
3469 1156 3752 1229 Νεκτάριος
3821 1155 4170 1227 συγκλητικὸς

2567 1239 2591 1290 ό
2656 1243 2890 1315 Ταρσεύς
2949 1240 3184 1315 ἀμύητος
3245 1244 3311 1294 ὡν
3341 1243 3630 1316 ψηφίζεται
3679 1249 3766 1295 καὶ
3820 1253 4051 1317 μυεῖται,
4081 1250 4172 1298 καὶ

2565 1331 2659 1386 τὴν
2715 1334 2979 1401 μυστικὴν
3031 1333 3107 1384 ἔτι
3155 1331 3352 1391 ἐσθῆτα
3400 1333 3742 1406 ἠμφιεσμένος
3793 1342 4172 1409 χειροτονεῖται

2569 1421 3160 1483 Κωνσταντινουπόλεως
3189 1422 3489 1482 ἐπίσκοπος.

2637 1507 2739 1572 κς·’.
2800 1513 2945 1562 Μετὰ
2997 1507 3056 1563 δὲ
3102 1519 3270 1563 ταῦτα
3316 1511 3643 1574 συνελθόντες
3673 1514 3961 1587 Νεκτάριος
3990 1517 4080 1565 καὶ
4124 1515 4173 1565 οἱ

2566 1596 2730 1663 ἄλλοι,
2786 1603 2876 1656 τὴν
2944 1599 2992 1652 ἐν
3053 1606 3252 1672 Νικαίᾳ
3287 1605 3466 1652 πίστιν
3521 1600 3809 1676 ἐκύρωσαν,
3852 1601 3942 1654 καὶ
3998 1608 4172 1654 πᾶσαν

2566 1689 2767 1762 αἰρεσιν
2823 1687 3167 1764 ἀπεκήρυξαν,
3219 1694 3309 1742 καὶ
3359 1687 3677 1743 διοικεῖσθαι
3747 1693 3836 1751 τὰς
3893 1698 4171 1763 πανταχοῦ

2568 1772 2810 1839 διέταξαν
2859 1777 3165 1840 Ἐκκλησίας
3221 1782 3356 1831 κατὰ
3412 1783 3529 1840 τοὺς
3585 1779 3747 1832 πάλαι
3795 1785 4034 1846 κανόνας,
4080 1785 4169 1833 καὶ

795 1872 1077 1928 ecclesias
1109 1871 1629 1926 administrandas
1656 1885 1788 1925 esse
1813 1869 1986 1940 juxta
2016 1874 2242 1923 veteres
2268 1880 2446 1921 cano-
2486 1865 2528 1920 Β
2565 1885 2575 1916 -.

2387 1881 2446 1919 ο·
2486 1865 2528 1920 Β
2565 1865 2685 1928 τούς
2741 1865 3060 1929 ἐπισκόπους
3118 1867 3200 1920 ἐπὶ
3265 1876 3362 1920 τῶν
3423 1864 3572 1920 ἰδίων
3615 1875 3778 1942 μένειν
3827 1868 4167 1937 Ἐκκλησιῶν,

795 1977 922 2028 nes,
953 1967 1009 2017 et
1035 1961 1356 2032 episcopos
1386 1960 1446 2015 in
1478 1959 1735 2032 propriis
1775 1957 2041 2014 ecclesiis
2075 1971 2318 2012 manere
2354 1954 2451 2009 de-

792 2051 970 2108 bere:
1014 2066 1211 2122 neque
1255 2050 1332 2106 ad
1388 2055 1664 2105 externas
1719 2047 2042 2120 procedere
2087 2062 2282 2118 neque
2327 2060 2450 2100 non

792 2145 1039 2196 vocatos
1080 2155 1143 2194 se
1188 2138 1518 2211 peregrinis
1568 2137 2054 2194 ordinationibus
2097 2135 2357 2206 injicere,
2387 2139 2452 2189 ut

793 2229 959 2301 prius
1015 2227 1220 2293 ﬁebat,
1266 2233 1322 2284 et
1370 2227 1590 2300 saepius
1651 2227 1985 2294 accidebat,
2035 2225 2192 2281 male
2244 2223 2451 2280 habita

793 2317 1089 2375 catholica
1121 2316 1386 2373 Ecclesia
1407 2333 1419 2383 ;
1439 2333 1513 2373 ea
1534 2320 1736 2373 autem
1759 2333 1893 2389 quae
1917 2315 2256 2372 acciderent
2285 2311 2450 2386 apud

793 2408 1273 2480 uniuscujusque
1296 2408 1557 2463 nationis
1589 2407 1913 2463 concilium
1945 2402 2447 2468 administranda,

793 2503 858 2554 ut
910 2498 1134 2570 optime
1174 2497 1304 2554 ﬁeri
1360 2503 1588 2570 posset.
1639 2499 1778 2553 Post
1818 2500 2022 2553 Romae
2071 2496 2445 2568 episcopum,

794 2587 1240 2660 praesidentiam
1261 2587 1486 2643 habere
1502 2586 2050 2659 Constantinopolis
2071 2586 2446 2658 episcopum,

795 2676 1023 2749 quippe
1054 2676 1158 2749 qui
1181 2692 1355 2732 novae
1386 2680 1589 2733 Romae
1614 2676 1900 2732 thronum
1933 2680 2277 2748 occuparet.
2309 2673 2458 2728 Con-

798 2767 1310 2839 tirmaveruntque
1334 2782 1578 2822 rursum
1609 2769 1909 2822 Niceenam
1939 2765 2144 2831 fidem,
2179 2768 2236 2820 et
2282 2761 2463 2836 patri-

806 2855 1022 2912 archas
1064 2857 1501 2913 constituerunt
1528 2857 1951 2913 distribuentes
1989 2854 2350 2929 provincias,
2382 2853 2466 2910 ita

811 2950 874 3001 ut
931 2945 1252 3018 episcopos
1312 2945 1468 3002 ultra
1522 2963 1695 3002 suam
1727 2947 2037 3002 dimcesim
2070 2945 2148 3002 ad
2188 2952 2464 3000 externas

813 3034 1098 3092 ecclesias
1129 3051 1252 3092 non
1283 3037 1655 3093 accederent.
1692 3038 1942 3093 Sortitur
1970 3052 2109 3093 vero
2137 3036 2467 3108 imperato-

811 3126 964 3182 riam
997 3125 1210 3182 urbem
1240 3131 1297 3182 et
1346 3127 1660 3183 Thraciam
1707 3126 2048 3193 Nectarius;
2101 3123 2466 3198 patriarcha-

2565 1959 2654 2006 καὶ
2702 1959 2773 2027 μή
2844 1963 2960 2018 ταῖς
2999 1957 3288 2031 ὑπερορίοις
3335 1957 3653 2032 προϐαίνειν,
3722 1964 3854 2031 μήτε
3916 1958 4173 2020 ἀκλήτους

2563 2043 2912 2119 χειροτονίαις
2989 2045 3284 2119 ἀλλοτρίαις
3360 2047 3569 2109 ἑαυτούς
3646 2047 3951 2115 ἐπιϐάλλειν,
4037 2049 4174 2100 καθα

2565 2137 2830 2208 πρότερον,
2889 2136 2951 2194 ὡς
3005 2136 3163 2207 ἔτυχε
3227 2134 3474 2198 πολλάκις
3539 2141 3628 2189 καὶ
3697 2137 3906 2207 συνέϐη,
3976 2135 4170 2189 διωκο-

2565 2226 2722 2295 μένης
2771 2231 2860 2282 τῆς
2909 2223 3133 2276 καθόλου
3178 2223 3507 2286 Ἐκκλησίας·
3549 2227 3616 2278 τὰ
3668 2222 3726 2278 δε
3772 2225 3893 2300 παρ’
3949 2226 4172 2283 ἑκάστην

2569 2310 2923 2384 συμϐαίνοντα
2970 2317 3063 2370 τὴν
3116 2319 3206 2365 τοῦ
3246 2315 3422 2376 ἔθνους
3477 2310 3718 2384 σύνοδον,
3778 2317 3843 2376 ὡς
3882 2314 3942 2366 ἂν
3981 2316 4177 2389 οἶριστα

2567 2406 2769 2474 φανείη,
2848 2398 3088 2455 διοικεῖν·
3174 2406 3307 2476 μετὰ
3374 2400 3433 2457 δε
3486 2408 3573 2457 τόν
3627 2403 3849 2477 Ῥώμης,
3899 2408 3983 2457 τὸν
4040 2411 4178 2458 Κων-

2569 2492 3038 2555 στᾶντινουπόλέως
3116 2493 3397 2548 ἐπισκοπον
3451 2497 3517 2546 τὰ
3573 2494 3828 2570 πρεσϐεῖα
3887 2497 4048 2567 ἔχειν,
4114 2498 4179 2556 ὡς

4075 2584 4177 2639 ἐϐε-

2569 2673 2804 2726 ϐαίωσάν
2867 2693 2919 2726 τε
2976 2671 3123 2735 αὖθις
3177 2678 3270 2734 τὴν
3329 2674 3380 2727 ἐν
3446 2680 3645 2744 Νικαίᾳ
3683 2680 3883 2739 πίστιν,
3925 2679 4015 2727 καὶ
4075 2696 4179 2728 πα-

2571 2766 2831 2838 τριάρχας
2886 2769 3219 2823 κατέστησαν
3287 2761 3681 2838 διανειμάμενοι
3749 2767 3843 2827 τὰς
3900 2765 4176 2838 ἐπαρχίας

2573 2855 2704 2906 ὥστε
2759 2858 2881 2916 τοὺς
2945 2855 3070 2928 ύπὲρ
3133 2850 3398 2913 διοίκησιν
3452 2854 3766 2915 ἐπισκόπους
3830 2863 3942 2916 ταῖς
3992 2857 4179 2929 ὑπερο-

2572 2948 2706 3017 ρίοις
2774 2942 3109 3005 Ἐκκλησίαις
3174 2948 3245 3016 μὴ
3304 2942 3618 3017 προϐαίνειν.
3657 2943 3952 3019 Κληροῡται
3992 2941 4050 2997 δε
4086 2949 4178 3003 τήν

2573 3036 2662 3106 μὲν
2717 3029 2979 3105 βασιλίδα
3018 3033 3166 3085 πόλιν
3221 3037 3310 3086 καὶ
3361 3038 3454 3092 τὴν
3487 3035 3700 3109 Θρᾴκην
3743 3036 4047 3108 Νεκτάριος·
4086 3039 4178 3093 τήν

2576 3119 2636 3176 δὲ
2692 3131 2786 3185 τῆς
2835 3129 3089 3185 Ποντικῆς
3141 3119 3450 3184 διοικήσεως
3496 3128 3857 3197 πατριαρχίαν
3913 3120 4178 3186 Ἐλλάδιος

2567 2587 2654 2636 τὸν
2702 2585 2876 2656 θρόνον
2945 2584 3358 2637 ἐπισκοπεύοντα
3423 2594 3511 2646 τῆς
3585 2591 3698 2648 νέας
3763 2585 3984 2658 Ῥώμης·

813 3218 940 3271 tum
971 3220 1178 3273 autem
1196 3215 1457 3271 Ponticae
1479 3216 1807 3272 diaeceseos
1834 3216 2139 3271 Helladius
2160 3216 2465 3280 Caesareae,
2505 3213 2550 3273 C
2570 3215 2593 3301 ⁴ί

2399 3229 2465 3280 re,
2505 3213 2600 3273 ϐό
2649 3217 2985 3287 Καισαρείας,
3037 3217 3126 3264 καὶ
3157 3217 3441 3286 Γρηγόριος
3481 3214 3505 3264 ό
3554 3216 3792 3283 Νύσσης,
3825 3217 3915 3265 καὶ
3943 3213 4179 3286 Ὀτρὴῑος

812 3308 870 3359 et
897 3305 1216 3373 Gregorius
1237 3308 1464 3376 Nyssze,
1489 3312 1544 3360 et
1567 3305 1796 3362 Otreius
1819 3305 2118 3370 Melitenaa,
2145 3303 2466 3359 Asiaticam

811 3393 1142 3449 sortiuntur
1167 3394 1623 3466 Amphilochius
1654 3395 1834 3451 lconii
1862 3401 1918 3451 et
1957 3395 2230 3466 Optimus
2270 3391 2468 3448 Antio-

813 3482 964 3538 chiae
1017 3482 1078 3538 in
1120 3483 1358 3551 Pisidia,
1411 3485 1646 3557 Egypti
1687 3500 1828 3540 vero
1859 3485 2136 3554 regiones
2161 3481 2469 3539 Timotheo

813 3571 1190 3627 Alexandriae
1224 3573 1568 3628 commissae
1623 3578 1778 3629 sunt.
1837 3571 2226 3630 Orientalium
2269 3575 2472 3626 autem

813 3660 1204 3717 ecclesiarum
1263 3662 1846 3718 administrationem
1876 3662 2113 3732 Pelagio
2142 3660 2471 3726 Laodiceae,

813 3757 872 3807 et
905 3751 1161 3808 Diodoro
1191 3753 1353 3808 Tarsi
1404 3752 1728 3820 tradidere,
1766 3753 1932 3809 salva
1965 3753 2353 3808 Antiochenae
2386 3765 2478 3804 ec-

815 3840 1013 3896 clesim
1052 3841 1362 3911 dignitate,
1395 3859 1581 3914 quam
1631 3842 1873 3914 Meletio,
1904 3843 2008 3915 qui
2039 3842 2266 3907 aderat,
2297 3839 2478 3896 dede.

816 3946 899 3986 re.
932 3931 1209 3986 Deﬁnivit
1239 3937 1441 3988 autem
1485 3934 1757 4004 synodus
1788 3933 2108 4004 provinciae
2141 3931 2399 4004 synodo,
2427 3922 2478 3980 si

818 4035 972 4092 opus
1004 4025 1183 4089 esset,
1214 4037 1286 4077 ea
1324 4038 1460 4094 quae
1488 4039 1596 4093 per
1637 4023 1904 4094 singulas
1937 4021 2281 4094 provincias
2331 4035 2475 4076 con-

820 4109 1134 4180 tingerent,
1163 4111 1431 4167 curanda
1458 4128 1608 4168 esse.
1635 4112 1908 4168 Examini
1929 4128 2175 4185 quoque
2203 4110 2477 4181 subjecta

817 4204 957 4255 sunt
984 4215 1122 4271 qum
1153 4200 1233 4256 ad
1261 4201 1583 4257 Maximum
1616 4202 1992 4274 spectabant,
2014 4217 2198 4274 quem
2228 4200 2476 4256 Alexan-

816 4288 1062 4346 drinum
1095 4306 1335 4360 genere,
1364 4292 1770 4364 cynicumque
1808 4292 2039 4348 ratione
2072 4291 2310 4348 vivendi
2339 4291 2469 4363 phi-

814 4378 1166 4453 losophum,
1192 4383 1504 4438 ardentem
1527 4399 1670 4440 vero
1694 4385 1942 4439 Nicaenae
1966 4383 2254 4439 doctrinae
2280 4383 2474 4439 fauto-

817 4484 944 4524 rem
977 4469 1134 4525 clam
1164 4471 1422 4543 Egyptii
1461 4476 1590 4527 tum
1639 4473 1988 4542 congregati
2023 4472 2471 4537 ordinaverant,

2575 3299 2600 3353 ό
2664 3301 2972 3363 Μελιτηνῆς⁶
3028 3305 3120 3360 τὴν
3176 3302 3424 3360 Ἀσιανὴν
3465 3299 3524 3355 δε
3580 3301 3940 3374 λαγχάνουσιν
3996 3301 4180 3375 ’Δμφι-

2573 3391 2759 3461 λόγιος
2821 3392 2846 3442 ὁ
2900 3392 3139 3459 Ἰκονίου,
3196 3390 3285 3443 καὶ
3334 3391 3598 3464 Ὀπτιμος
3656 3393 3681 3443 ό
3721 3391 4050 3464 Ἀντιοχείας
4087 3399 4181 3454 τῆς

2573 3481 2711 3532 κατὰ
2776 3477 3047 3532 Πισιδιαν·
3108 3483 3173 3533 τὰ
3239 3477 3296 3533 δε
3338 3485 3474 3532 κατὰ
3515 3485 3609 3539 την
3649 3484 3912 3552 Αἴγυπτον
3954 3482 4182 3553 Γιμοθέῳ

2576 3579 2648 3640 τῷ
2699 3567 3116 3643 ’Λὶιεξανδρείας,
3174 3573 3559 3644 προσενεμήθη·
3621 3579 3720 3622 τῶν
3766 3567 3838 3647 ,δὲ
3902 3573 4038 3623 κατά
4087 3575 4182 3629 τὴν

2576 3658 2830 3717 ἀνατολήν
2893 3658 3216 3717 Ἐκκλησιῶν
3272 3656 3541 3717 διοίκησιν
3599 3659 3880 3734 ἐπέτρεψαν
3952 3659 4184 3732 Πελαγίῳ

2577 3757 2649 3820 τῷ
2707 3744 3046 3814 Λαοδικείας,
3107 3754 3197 3801 καὶ
3236 3745 3480 3824 Διοδώρῳ
3517 3757 3588 3820 τῷ
3637 3755 3869 3822 Ταρσοῦ,
3934 3748 4185 3822 φυλάξαν-

2579 3859 2660 3902 τες
2734 3841 2801 3891 τα
2864 3838 3115 3913 πρεσϐεῖα
3180 3847 3274 3901 τῆς
3337 3839 3646 3900 Ἐκκλησίας
3693 3848 3792 3891 τῶν
3843 3841 4182 3911 Ἀντιοχέων,

2581 3930 2710 4002 οἷπερ
2757 3927 2947 3981 ἔδοσαν
2987 3937 3058 4000 τῷ
3108 3929 3335 4001 Μελετίῳ
3378 3934 3616 4004 παρόντι.
3654 3927 3843 4004 Ὠρισε
3905 3925 3963 3982 δὲ
4029 3932 4184 3996 ὥστε,

2582 4019 2626 4073 εἰ
2664 4025 2824 4094 χρεία
2888 4019 3119 4086 καλέσοι,
3187 4022 3254 4070 τὰ
3307 4019 3423 4071 καθ’
3475 4019 3698 4077 ἑκάστην
3757 4019 4018 4095 ἐπαρχίαν
4090 4023 4184 4078 τήν

2580 4119 2674 4172 τῆς
2723 4110 2987 4184 ἐπαρχίας
3040 4106 3260 4162 σύνοδον
3316 4105 3557 4164 διοικεῖν.
3602 4108 3864 4173 Ἐζητήθη
3908 4106 3966 4162 δὲ
4003 4112 4189 4162 καὶτὰ

2580 4203 2716 4252 κατά
2774 4200 3034 4272 Μάξιμον,
3081 4200 3134 4252 ὃν
3168 4195 3514 4274 Ἀλεξανδρέα
3559 4202 3618 4252 τό
3657 4203 3800 4270 γένος
3846 4199 3988 4263 ὄντα,
4036 4219 4187 4251 κυνι-

2579 4310 2671 4370 for
2721 4310 2774 4342 τε
2816 4289 3092 4362 φιλόσοφον
3145 4293 3204 4341 τό
3255 4286 3604 4361 ἐπιτήδευμα,
3651 4285 3942 4342 σπουδαῖον
3983 4286 4041 4342 δὲ
4071 4294 4189 4364 περὶ

2582 4383 2639 4432 τό
2695 4375 2872 4450 δόγμα
2926 4387 3022 4440 τῆς
3079 4378 3128 4430 ἐν
3185 4383 3382 4450 Νικαίᾳ
3441 4375 3688 4445 συνόδου,
3759 4377 4033 4448 κλέψαντες
4094 4382 4189 4435 τήν

2582 4474 2912 4543 χειροτονίαν
2987 4470 3036 4520 οἰ
3109 4473 3223 4521 τότε
3308 4468 3362 4531 ἐξ
3432 4468 3699 4539 Αἰγύπτου
3769 4466 4186 4532 συνεληλυθότες,

819 4558 1294 4630 episcopumque
1375 4561 1924 4634 Constantinopolis
1995 4561 2426 4617 constituerant
2458 4600 2470 4623 ,
2505 4573 2556 4632 ι)
2585 4559 2599 4611 ὲ

2409 4565 2426 4614 t
2458 4600 2470 4623 ,
2505 4573 2556 4632 ι)
2585 4559 2865 4611 ἐπίσκοπον
2900 4558 3488 4619 Κωνσταντινουπόλεως
3511 4562 3866 4625 κατέστησαν,
3889 4560 3962 4609 ἔτι
3994 4563 4189 4630 Γρηγο-

822 4648 1106 4718 Gregorio
1131 4648 1435 4718 Theologo
1466 4649 1622 4706 hanc
1655 4651 1861 4713 sedem
1894 4650 2093 4706 adhuc
2116 4656 2374 4706 tenente.
2409 4650 2478 4705 Et

821 4734 1132 4792 decretum
1172 4741 1261 4792 est
1298 4753 1618 4811 nunquam
1661 4739 1831 4795 illum
1871 4740 2057 4795 fuisse
2096 4740 2471 4812 episcopum,

823 4841 1019 4898 neque
1043 4842 1173 4883 esse
1196 4869 1208 4892 ,
1229 4843 1427 4900 neque
1461 4828 1706 4887 clericos
1737 4831 1816 4886 ab
1839 4831 1972 4904 ipso
2002 4830 2335 4899 ordinatos,
2372 4829 2478 4885 sed

820 4932 1068 4974 manere
1094 4917 1259 4974 irrita.
1288 4934 1423 4990 quae
1455 4919 1530 4975 de
1556 4919 1658 4977 illo
1683 4927 1740 4977 et
1760 4921 1839 4978 ab
1870 4920 1970 4978 illo
1996 4921 2156 4979 facta
2184 4921 2439 4978 fuerant.

2583 4653 2701 4722 ρίου
2744 4655 2833 4700 τοῦ
2883 4649 3141 4720 Θεολόγου
3183 4652 3270 4700 τὸν
3313 4651 3489 4721 θρόνον
3532 4655 3713 4700 τοῦτον
3767 4643 4054 4707 διέποντος·
4100 4650 4190 4697 καὶ

2584 4740 2790 4812 ςὶιρίσθη
2841 4743 2972 4811 μήτε
3017 4741 3327 4811 γεγενῆσθαι
3364 4746 3546 4790 τουτον
3577 4743 3702 4810 μήτε
3745 4737 3874 4788 εἶναι
3905 4735 4188 4788 ἐπισκοπον

2586 4820 2718 4904 μήτε
2748 4828 3031 4903 κληρικούς
3058 4833 3177 4890 τούς
3210 4829 3333 4903 παρ’
3366 4828 3527 4880 αύτού
3549 4829 4026 4900 χειροτονηθέντας,
4059 4825 4190 4878 ἀλλὰ

2587 4925 2752 4993 μένειν
2773 4921 2945 4993 ἄκυρα
2982 4922 3048 4971 τὰ
3078 4919 3156 4972 ἐπ’
3189 4918 3328 4990 αύτῷ
3359 4921 3449 4971 καὶ
3484 4918 3606 4991 παρ’
3638 4917 3799 4970 αὑτοῦ
3829 4921 4188 4992 πεπραγμένα.
