4508 6436
313 321 386 375 33
1272 396 1275 398 η
1647 312 1991 368 THESAURI
2047 311 2176 367 LIB.
2225 313 2362 368 vm.
3619 321 3689 375 3:,

979 698 1786 850 NICET/E
1935 697 3046 851 CHONIATXE

1544 995 1730 1090 EX
1794 991 2176 1090 LIBRO
2243 993 2482 1088 VIII

867 1224 1590 1339 THESAURI
1721 1225 2651 1335 ORTHODOXAE
2775 1227 3163 1336 FIDEI

897 1614 1019 1686 Περὶ
1045 1614 1355 1685 Νεστορίου.

389 1736 459 1794 α’.
494 1740 781 1811 Νεστόριος
811 1737 1025 1810 ὥρμητο
1050 1739 1142 1807 μὶν
1187 1735 1235 1788 έν
1268 1739 1623 1808 Γερμανικέων
1662 1733 1935 1805 πολίχνης,

312 1826 416 1878 όύκ
455 1823 582 1879 οἶδα
619 1833 873 1886 ποταποῖς
914 1829 974 1877 τὸ
1029 1824 1082 1888 ἐξ
1111 1824 1284 1899 ἀρχῆς
1323 1825 1729 1898 ἐκτεθραμμένος
1759 1822 1937 1881 έπιτη·

315 1912 606 1988 δεύμασιν,
642 1915 803 1973 ἄλλην
843 1911 902 1968 δε
936 1913 990 1977 ἕξ
1018 1914 1179 1977 ἄλλης
1209 1914 1433 1987 ἀμείϐων
1464 1920 1670 1988 χώραν,
1700 1915 1933 1985 καθάπερ

312 2009 655 2076 Δίγυπτιακη
701 2023 783 2068 τις
829 2004 1048 2077 μάστιξ,
1092 2005 1153 2076 τῇ
1212 2004 1412 2078 μεγάλη
1467 2013 1564 2058 τῶν
1602 1995 1933 2074 ’Ἄντιοχέων

313 2092 577 2164 ἐνέσκηψε
634 2094 802 2150 πόλει.
852 2093 936 2147 Ἐν
983 2096 1149 2165 ταύτῃ
1192 2093 1358 2164 λόγων
1389 2092 1682 2166 ἐλευθερίων
1712 2096 1935 2164 μετρίως

313 2187 687 2254 μετεσχηκώς,
749 2186 918 2254 φωνην
974 2201 1028 2234 τε
1067 2183 1144 2234 ὅτι
1196 2181 1480 2240 καλλίστην
1532 2187 1621 2233 καὶ
1678 2186 1933 2253 μεγίστην

313 2269 589 2340 ἀσκήσας,
629 2272 690 2343 τῇ
726 2270 1013 2343 Ἐκκλησία
1049 2278 1142 2323 τοῦ
1196 2279 1331 2324 Θεοῦ
1365 2281 1596 2346 προσιών
1628 2271 1929 2344 εἰσεφθάρη,

311 2365 412 2412 καὶ
442 2369 514 2432 τῷ
543 2360 814 2432 καταλόγῳ
843 2368 943 2411 τῶν
969 2359 1334 2435 πρεσϐυτέρων
1363 2361 1657 2436 ἐναρίθμιος
1685 2364 1930 2430 γεγονὼς,

310 2454 409 2503 τόν
442 2469 497 2503 τε
541 2457 632 2502 τοῦ
662 2457 796 2502 Θεοῦ
827 2447 948 2501 λαὸν
983 2445 1261 2502 διδάσκειν
1289 2452 1710 2521 πεπιστευμένος,
1744 2445 1933 2511 ἔδειξεν

313 2539 474 2600 εὐθὺς
506 2537 553 2590 ἐν
583 2542 881 2612 προοιμίοις
901 2539 1004 2598 οἶος
1023 2536 1168 2611 παρά
1188 2540 1358 2590 πάντα
1377 2541 1464 2590 τόν
1489 2536 1606 2610 βίον
1634 2543 1752 2608 γενὴ
1764 2555 1931 2589 σεται·

311 2628 373 2680 ού
408 2630 510 2700 γὰρ
540 2632 628 2679 τόν
659 2627 837 2699 εύγενῆ
884 2631 973 2679 καὶ
1016 2630 1251 2698 γόνιμον,
1298 2631 1387 2679 καὶ
1415 2635 1720 2701 γεωργῆσαι
1749 2625 1934 2697 ψυχὰς

313 2716 606 2791 ἀνθρώπων
647 2712 933 2788 δυνάμενον
981 2714 1212 2777 ἐζήλωσε
1255 2724 1578 2789 χαρακτῆρα
1615 2724 1716 2767 τῶν
1745 2715 1932 2786 λόγων,

324 2805 459 2858 ἀλλὰ
485 2810 617 2879 πρὸς
647 2809 705 2858 τό
742 2801 1063 2879 δημοτερπες
1103 2803 1403 2871 ἀποκλίνας,
1445 2810 1535 2857 καὶ
1567 2813 1668 2857 τῶν
1708 2804 1778 2867 εἰς
1811 2804 1938 2878 ἀέρα

313 2897 580 2969 λυομένων
608 2901 806 2969 κρότων
839 2897 1095 2970 θηρευτὴς
1126 2895 1169 2948 εἰ
1188 2901 1278 2948 καὶ
1303 2916 1379 2956 τις
1400 2895 1550 2957 ἄλλος
1575 2899 1856 2968 γενόμενος,
1878 2899 1936 2946 τὸ

319 2982 653 3059 συρφετῶδες
690 2985 780 3038 καί
835 2983 1173 3058 ἀστάθμητον
1201 2985 1398 3048 πλῆθος
1441 2989 1569 3058 πρὸς
1618 2988 1704 3037 τὸν
1751 2984 1938 3037 οἰκεῖον

318 3075 663 3140 ἐξεκαλέσατο
733 3077 915 3143 πόθον,
989 3078 1139 3147 φαιόν
1227 3073 1654 3149 περιϐεϐλημένος
1710 3077 1938 3147 ἱμάτιον,

318 3165 658 3238 έστυγνακὼς
679 3161 942 3238 βαδίζων,
962 3169 1085 3226 τοὺς
1105 3163 1384 3239 ἀγοραίους
1400 3164 1643 3217 έκκλίνων
1667 3164 1889 3237 θορύϐου
1900 3186 1938 3236 ς,

322 3257 610 3328 ὠχρότητι
643 3260 888 3327 σώματος
925 3257 983 3306 τὸ
1016 3250 1189 3306 δοκεῖν
1228 3253 1576 3329 έγκρα-τευτὴς
1605 3255 1735 3307 εἶναι
1776 3255 1945 3329 θηρώ-

320 3364 502 3418 μενος,
544 3347 680 3397 οἶκοι
731 3346 797 3396 τὰ
834 3341 998 3396 πολλὰ
1037 3341 1264 3416 βιϐλίοις
1293 3347 1657 3416 προσανέχων,
1698 3347 1788 3394 καὶ
1825 3344 1944 3395 καθ’

323 3436 577 3506 ἡσυχίαν
638 3433 804 3504 ἐαυτῷ
856 3436 1244 3505 συγγινόμενος,
1290 3435 1547 3495 τοιούτοις
1580 3437 1826 3505 σχήμασι
1857 3437 1946 3484 καὶ

321 3523 617 3596 πλάσμασι
692 3527 816 3585 τοὺς
875 3521 1098 3584 πολλοὺς
1181 3518 1459 3589 δελεάζων,
1536 3525 1699 3596 μέχρι
1772 3521 1948 3597 πόρῥω

321 3613 563 3687 προῆλθε
613 3621 712 3676 τῆς
762 3611 996 3683 ἡλικίας,
1056 3617 1114 3665 τὸ
1148 3609 1321 3666 δοκεῖν
1349 3616 1662 3687 Χριστιανός
1687 3609 1817 3665 εἶναι
1848 3616 1948 3688 πρὸ

322 3711 424 3757 τοῦ
449 3710 583 3756 εῖναι
604 3699 835 3775 διώκων,
856 3707 946 3756 καὶ
965 3709 1062 3765 τῆς
1086 3709 1179 3756 τοῦ
1205 3709 1443 3778 Χριστοῦ
1466 3699 1626 3765 δόξης
1644 3706 1738 3761 τὴν
1764 3701 1950 3755 ἑαυτοῦ

323 3801 604 3868 προτιμῶν
615 3834 629 3849 .

407 3916 480 3989 β’.
510 3917 652 3971 Ἐπεὶ
700 3913 760 3970 δε
789 3919 928 3970 κατὰ
978 3918 1038 3969 τό
1093 3915 1361 3990 εἰρημένον
1403 3924 1474 3988 τῷ
1507 3919 1767 3990 Δεσπότη,
1801 3913 1954 3970 οὐδὲν

325 4009 564 4081 κρυπτὸν
609 4005 636 4058 ὁ
680 4005 740 4058 ού
768 4007 1162 4077 γνωσθήσεται,
1209 4001 1333 4057 οὐδὲ
1381 4007 1681 4081 ἀπόκρυφον
1735 4005 1760 4057 ό
1788 4005 1847 4058 ού
1879 4010 1950 4078 μὴ

2678 1607 2759 1663 De
2785 1607 3076 1664 Nestorio.

2121 1734 2170 1785 1.
2213 1728 2519 1785 Nestorius
2559 1733 2724 1786 ortus
2762 1735 2889 1786 erat
2939 1747 3009 1786 ex
3061 1731 3393 1787 Germanias
3446 1732 3695 1806 oppido,

2045 1819 2248 1875 nescio
2278 1819 2501 1892 quibus
2545 1819 2624 1875 ab
2681 1819 2849 1876 initio
2901 1819 3236 1892 disciplinis
3292 1821 3700 1890 eruditus;de

2041 1907 2178 1965 loco
2201 1913 2401 1964 autem
2426 1908 2484 1963 in
2511 1907 2712 1964 locum
2741 1909 3028 1978 migrans,
3067 1915 3357 1982 tanquam
3387 1911 3703 1982 quoddam

2042 1997 2460 2070 Egyptiacum
2493 1996 2824 2067 ﬂagellum,
2871 1996 2932 2053 in
2982 2014 3271 2068 magnam
3307 2000 3706 2061 Antiocheno-

2042 2101 2179 2142 rum
2198 2085 2414 2142 urbem
2443 2085 2630 2141 irruit.
2653 2086 2737 2142 lbi
2765 2087 3148 2143 mediocriter
3166 2087 3469 2144 bonarum
3485 2089 3704 2147 artium

2041 2175 2346 2247 particeps
2403 2173 2670 2242 effectus,
2718 2191 3054 2248 vocemque
3104 2176 3573 2248 pulcherrimam
3632 2194 3703 2234 ac

2042 2263 2338 2336 optimam
2381 2263 2662 2319 exercitio
2707 2262 2985 2334 adeptus,
3018 2265 3078 2320 in
3122 2265 3224 2322 Dei
3272 2267 3595 2323 Ecclesiam
3627 2268 3703 2323 ir-

2039 2353 2226 2425 repsit
2262 2357 2319 2408 et
2358 2352 2634 2423 catalogo
2674 2353 3165 2425 presbyterorum
3191 2355 3554 2428 adscriptus,
3579 2356 3709 2412 Dei-

2042 2457 2162 2515 que
2190 2441 2486 2514 populum
2532 2442 2790 2498 docendi
2829 2458 3040 2499 curam
3086 2445 3365 2513 sortitus,
3411 2445 3489 2501 ab
3537 2445 3705 2502 initio

2046 2530 2318 2586 exhibuit
2364 2530 2562 2603 qualis
2608 2547 2716 2603 per
2769 2536 2958 2588 totam
3011 2532 3198 2588 vitam
3256 2533 3494 2590 futurus
3521 2540 3700 2592 esset.

2048 2619 2177 2675 Non
2205 2619 2365 2675 enim
2395 2619 2778 2689 ingeniosum
2810 2626 2866 2676 et
2896 2621 3162 2677 nobilem
3197 2625 3252 2678 et
3283 2623 3500 2678 animis
3530 2639 3702 2679 exco-

2049 2707 2241 2764 lendis
2272 2714 2484 2780 aptum
2527 2715 2787 2765 sectatus
2817 2714 2904 2765 est
2943 2710 3284 2766 orationum
3313 2718 3703 2780 caracterem,

2050 2797 2156 2853 sed
2183 2797 2263 2853 ad
2291 2798 2498 2870 populi
2519 2797 2932 2854 adulationem
2964 2800 3246 2871 proclivis
3263 2800 3712 2874 plausuumque

1974 2877 2014 2931 Β
2045 2886 2107 2942 in
2149 2902 2351 2942 aerem
2400 2887 2835 2958 dissipatorum
2881 2893 2946 2944 ut
2991 2889 3096 2962 qui
3135 2890 3401 2945 maxime
3457 2896 3714 2961 amator,

2045 2975 2224 3032 vilem
2253 2981 2311 3032 et
2331 2975 2672 3032 instabilem
2714 2975 3092 3048 plebeculam
3125 2995 3236 3034 suo
3275 2979 3573 3035 desiderio
3599 2979 3718 3036 im-

2049 3064 2296 3132 buebat,
2325 3063 2500 3121 fusco
2531 3064 2783 3121 indutus
2818 3065 3023 3138 pallio,
3049 3067 3232 3123 tristis
3263 3068 3574 3132 incedens,
3607 3069 3722 3124 fori

2052 3154 2376 3215 tumultum
2403 3156 2658 3224 evitans,
2691 3156 2962 3228 corporis
2999 3155 3232 3228 pallore
3270 3162 3617 3230 temperans
3643 3158 3727 3214 vi-

2054 3244 2183 3301 deri
2209 3245 2482 3318 cupiens,
2529 3245 2698 3301 domi
2739 3244 3100 3319 plerumque
3143 3246 3313 3304 libris
3361 3247 3724 3305 incumbens

2055 3338 2113 3391 et
2135 3350 2243 3408 per
2269 3333 2461 3390 otium
2485 3350 2692 3390 secum
2723 3350 3116 3398 conversans,
3151 3335 3252 3392 tali
3281 3337 3494 3394 habitu
3526 3342 3582 3394 et
3606 3337 3722 3395 for-

2058 3440 2162 3481 ma
2212 3423 2664 3480 multitudinem
2713 3431 2991 3498 captans,
3045 3425 3126 3482 ad
3177 3427 3432 3484 multam
3485 3432 3725 3486 aetatem

2057 3512 2378 3585 processit,
2428 3511 2798 3569 Christianus
2854 3512 3044 3570 videri
3086 3514 3287 3586 potius
3339 3531 3526 3589 quam
3590 3532 3726 3573 esse

2058 3606 2411 3676 peroptans,
2433 3606 2492 3659 et
2517 3602 2731 3660 Christi
2757 3601 2964 3674 gloria:
2995 3604 3308 3677 propriam
3334 3605 3590 3677 gloriam
3613 3620 3722 3664 an-

2062 3697 2374 3766 teponens.

2136 3927 2190 3982 2.
2233 3925 2380 3980 Cum
2411 3928 2636 3992 autem,
2680 3929 2747 3981 ut
2788 3940 2825 3982 a
2862 3924 3120 3982 Domino
3162 3925 3392 3984 dictum
3428 3929 3538 3999 est,
3576 3928 3732 3986 nihil

2067 4013 2140 4068 sit
2171 4017 2470 4070 secretum
2509 4013 2676 4086 quod
2730 4028 2854 4069 non
2913 4014 3156 4086 sciatur,
3199 4015 3347 4072 nihil
3399 4015 3729 4074 obscurum

330 4097 410 4158 εἰς
467 4098 682 4171 φανερὸν
730 4095 878 4169 ἔλθη,
918 4099 1008 4148 καὶ
1065 4097 1133 4147 τὰ
1194 4093 1328 4147 καλὰ
1375 4097 1502 4168 ἔργα
1545 4092 1789 4169 πρόδηλοί
1819 4094 1953 4165 ἔστι,
1989 4120 2032 4178 C
2067 4119 2108 4176 (Ι

1949 4140 1953 4157 ν
1989 4120 2032 4178 ο
2067 4102 2235 4176 quod
2266 4118 2389 4160 non
2420 4101 2735 4172 reveletur,
2760 4107 2818 4160 et
2840 4102 3006 4160 bona
3036 4120 3223 4178 opera
3249 4105 3574 4165 manifesta
3609 4108 3729 4165 sint

327 4190 430 4239 καὶ
497 4189 567 4238 τὰ
638 4185 799 4245 ἄλλως
864 4187 1059 4257 ἔχοντα
1101 4183 1359 4256 κρυϐῆναι
1411 4185 1471 4237 ού
1536 4182 1777 4250 δύναται,
1821 4188 1957 4238 κατά

326 4281 431 4335 τὴν
468 4274 869 4348 ἀνεξιχνίαστον
920 4283 1023 4326 τῶν
1057 4281 1150 4326 τοῦ
1200 4279 1328 4328 Θεοῦ
1385 4293 1651 4350 κριματων
1696 4274 1954 4346 ἄϐυσσον,

329 4371 433 4419 καὶ
487 4371 780 4440 Νεστόριος
836 4364 998 4437 ψήφῳ
1042 4372 1145 4416 τῶν
1188 4366 1404 4438 περὶτὰ
1447 4363 1696 4438 βασίλεια
1719 4370 1811 4418 καὶ
1837 4368 1958 4428 τοὺς

335 4460 581 4532 θρόνους,
649 4461 741 4509 καὶ
807 4454 969 4508 αὐτοῦ
1026 4461 1318 4512 τηνικαῦτα
1370 4462 1465 4518 τῆς
1529 4454 1832 4529 οἰκουμένης
1894 4457 1960 4508 τὰ

336 4555 593 4621 σκῆπτρα
683 4543 974 4611 διέποντος,
1062 4553 1154 4607 τῆς
1213 4546 1350 4598 κατὰ
1416 4544 1960 4599 Κωνσταντινούπολιν

332 4647 443 4691 τῶν
504 4633 799 4714 όρθοδόξων
855 4635 1144 4698 καθολικῆς
1207 4633 1518 4697 Ἐκκλησίας
1575 4640 1669 4696 τὴν
1726 4655 1960 4708 προστα-

340 4735 467 4782 σίαν
523 4730 849 4794 πιστεύεται,
903 4723 1056 4780 ουδεν
1105 4722 1166 4779 δε
1217 4726 1373 4799 ἦττον
1403 4730 1495 4779 καὶ
1533 4734 1625 4800 τῇς
1655 4726 1959 4799 οἰκουμένης

338 4819 581 4881 ἀπάσης.
647 4817 735 4879 Ὠς
793 4813 853 4870 δε
911 4820 1000 4869 τὸν
1093 4819 1343 4888 μέγιστον
1437 4813 1625 4870 ἐκεῖνον
1713 4815 1962 4870 κατέλαϐε

342 4912 550 4985 θρόνον,
594 4909 829 4980 καθάπερ
879 4909 998 4959 τινὰ
1047 4901 1337 4981 τυραννίδα
1400 4913 1494 4968 τῆς
1560 4905 1965 4981 ἀρχιερωσύνης

338 5005 443 5057 τήν
471 5001 806 5072 προστασίαν
834 4996 1101 5072 ἁρπάσας,
1132 4994 1306 5048 ούκέτι
1331 4998 1574 5070 κατέχειν
1605 4998 1654 5048 έν
1677 4995 1839 5069 ἑαυτῷ
1869 5000 1964 5055 τὴν

341 5085 518 5142 ὠδῖνα
541 5097 636 5150 τῆς
679 5085 926 5149 ἀσεϐείας
976 5083 1081 5147 οἷός
1119 5086 1166 5139 τ’
1202 5082 1283 5154 ἦν,
1316 5083 1425 5138 ἀλλ’
1466 5084 1568 5138 ἀπὸ
1598 5095 1695 5150 τῆς
1722 5085 1967 5151 ἔξουσίας

338 5176 660 5255 προσλαϐὼν
686 5176 864 5251 ἀμαθῆ
897 5175 1227 5253 παρρησίαν,
1259 5175 1331 5239 εἰς
1350 5178 1509 5250 μέσον
1529 5177 1649 5250 ἄγει
1676 5182 1766 5231 καὶ
1787 5181 1967 5254 προτί·

345 5274 506 5329 θησιν
535 5269 757 5336 ἅπασιν,
791 5265 851 5326 ἣν
889 5267 1052 5320 πεὶλαι
1094 5263 1339 5320 συνέλαϐε
1368 5269 1504 5320 κατὰ
1528 5274 1619 5325 τοῦ
1649 5271 1967 5340 Μονογενοῦς

2069 4195 2126 4248 et
2152 4191 2313 4248 mala
2358 4197 2664 4265 nequeant
2690 4192 3003 4261 occultari,
3029 4193 3203 4264 juxta
3245 4194 3734 4267 investigabilem

2063 4279 2434 4353 judiciorum
2476 4280 2579 4336 Dei
2604 4279 2921 4353 abyssum,
2949 4284 3006 4337 et
3034 4282 3340 4339 Nestorius
3371 4299 3584 4342 eorum
3610 4285 3732 4341 suf-

2068 4369 2262 4440 fragio
2287 4369 2394 4442 qui
2413 4368 2591 4441 regiis
2621 4373 2679 4427 et
2707 4369 2938 4426 thronis
2970 4369 3241 4428 assident
3282 4375 3340 4428 et
3381 4371 3573 4446 ipsius
3630 4373 3739 4446 qui

2070 4463 2198 4515 tum
2230 4457 2518 4532 temporis
2548 4458 2715 4516 orbis
2757 4458 3023 4516 universi
3065 4464 3303 4534 sceptra
3341 4461 3605 4530 tenebat,
3637 4478 3733 4520 or-

2068 4548 2477 4607 thodoxorum
2501 4548 2810 4605 catholicis
2824 4550 3506 4623 Constantinopolitanae
3535 4551 3730 4609 Eccle-

2073 4638 2179 4695 siae
2203 4637 2546 4712 praeﬁcitur,
2576 4654 2688 4696 nec
2732 4639 2934 4695 minus
2989 4654 3178 4712 quam
3219 4640 3504 4698 universo
3551 4645 3732 4700 terra-

2071 4745 2208 4787 rum
2240 4727 2392 4786 orbi.
2437 4727 2548 4785 Ubi
2587 4731 2792 4786 autem
2829 4727 2892 4784 in
2941 4729 3281 4787 maximam
3309 4730 3478 4788 illam
3527 4732 3738 4790 sedem

2073 4817 2349 4876 ascendit
2367 4817 2690 4892 rapuitque
2716 4817 3172 4890 praesidentiam
3201 4823 3498 4894 tanquam
3525 4825 3735 4895 tyran-

2073 4906 2281 4964 nidem
2311 4906 2647 4980 quamdam
2669 4906 3080 4980 episcOpatus,
3100 4923 3224 4982 non
3241 4908 3375 4981 jam
3401 4911 3464 4967 in
3492 4925 3557 4966 se
3580 4910 3743 4970 cohi-

2073 4998 2217 5056 bere
2250 4996 2438 5054 valuit
2464 4996 2790 5071 impietatis
2811 5003 3079 5072 partum,
3107 4998 3214 5056 sed
3236 5014 3311 5057 ex
3341 5016 3454 5057 sua
3473 5001 3744 5075 potentia

2074 5087 2415 5146 inauditam
2444 5087 2796 5161 concipiens
2824 5087 3173 5158 audaciam,
3204 5089 3268 5146 in
3316 5090 3589 5148 medium
3633 5091 3743 5148 ad-

2075 5176 2243 5235 ducit
2263 5176 2622 5251 praat‘ertque
2646 5177 2878 5234 cunctis
2900 5193 3090 5250 quam
3108 5179 3241 5252 jam
3267 5179 3502 5237 dudum
3525 5175 3746 5254 imagi-

2077 5273 2257 5326 natus
2283 5267 2524 5325 essetin
2545 5269 2925 5340 unigenitum
2940 5267 3412 5342 blasphemiam,
3429 5274 3487 5328 et
3511 5269 3746 5330 bellum

347 5360 720 5441 βλασγημίαν,
753 5361 846 5410 καὶ
869 5356 1091 5431 πόλεμον
1122 5358 1366 5434 ἄντικρυς
1395 5359 1533 5411 κατὰ
1557 5365 1658 5411 τῶν
1691 5355 1970 5412 ἀποστολι-
1999 5377 2047 5439 D
2079 5376 2127 5433 p;

1967 5391 1970 5401 ι
1999 5377 2047 5439 ι)
2079 5358 2284 5433 palam
2329 5357 2623 5416 adversus
2667 5357 3003 5432 apostolica
3027 5357 3321 5431 dogmata
3352 5359 3614 5418 suscitat.
3628 5366 3654 5434 ;’
3689 5365 3747 5419 et

344 5459 450 5504 κῶν
491 5451 719 5525 αἱρεῖται
763 5443 1073 5522 δ’(ιγμαεινων⁹
1120 5452 1211 5500 καὶ
1241 5454 1342 5499 τῶν
1390 5446 1552 5521 ἁγίων
1583 5451 1847 5523 Πατέρων,
1881 5447 1970 5522 ἀφ’

349 5542 412 5596 οὗ
443 5539 746 5613 κατηγγέλη
787 5543 844 5592 τό
883 5537 1200 5610 Εύαγγέλιον
1229 5544 1322 5600 τῆς
1353 5546 1455 5590 τῶν
1481 5533 1776 5613 όρθοδόξων
1807 5540 1971 5598 καθηι

349 5634 666 5706 γησαμένων
703 5633 948 5700 πίστεως,
999 5625 1258 5683 έκϐοίλλειν
1302 5633 1550 5707 πειρᾶται
1591 5631 1716 5696 τοὺς
1757 5627 1970 5707 λόγους,

2079 5453 2429 5506 sanctorum
2455 5448 2725 5518 Patrum,
2748 5463 2820 5505 ex
2848 5464 2974 5522 quo
3000 5449 3429 5508 annuntiatum
3448 5456 3539 5508 est
3562 5453 3748 5509 Evan-

2080 5539 2304 5613 gelium
2326 5537 2810 5597 orthodoxorum
2826 5537 3054 5597 ducum
3083 5538 3550 5614 ﬁdei,expellere
3567 5557 3746 5615 cona-

2079 5633 2179 5692 tur
2213 5645 2409 5702 voces,
2439 5628 2694 5691 turbans
2717 5628 2970 5705 quidem
3015 5629 3199 5704 regite
3247 5630 3508 5694 civitatis
3549 5631 3755 5691 Eccle-
