4508 6436
789 430 857 483 35
2131 415 2396 470 NlCET/E
2437 409 2815 467 CHONIATzE
3986 390 3990 399 ’
4077 416 4143 469 36

790 565 961 615 stam,
993 548 1238 603 turbans
1263 549 1320 600 et
1338 543 1548 599 orbem
1588 541 1959 597 universum.
1993 542 2193 609 Neque
2226 553 2261 591 a
2292 534 2437 590 divi-
2469 541 2516 592 A
2549 554 2570 586 τ

2366 534 2437 590 vi-
2469 541 2516 592 Α
2549 537 2816 607 ταράττων
2872 536 2960 605 μὶν
3000 541 3094 593 τῆς
3132 529 3405 592 Βασιλίδος
3442 532 3637 595 πόλεως
3671 536 3765 592 τὴν
3814 535 4146 606 Ἐκκλησίαν,

787 654 867 694 no
895 636 1076 693 Paulo
1108 634 1407 690 clamante
1430 646 1758 687 conversus
1785 648 1797 685 :
1835 631 1948 697 Qui
1979 644 2075 685 vos
2104 627 2326 685 turbat,
2348 627 2441 695 ju-

788 726 1013 781 dicium
1056 726 1233 791 feret,
1266 723 1604 792 quicunque
1626 721 1702 775 sit
1732 732 1753 788 ;
1785 718 1889 773 sed
1935 732 2115 788 super
2164 712 2441 770 candela-

789 814 968 870 brum
990 814 1203 868 divinze
1233 812 1658 883 episcoporum
1690 808 1988 863 cathedrae
2032 822 2153 861 non
2181 802 2442 860 veritatis

787 904 1016 965 lumen,
1050 902 1154 958 sed
1187 900 1508 972 impietatis
1536 897 1816 953 tenebras
1847 896 2035 969 ponit.

865 1175 915 1227 3.
942 1170 1026 1226 Fit
1058 1172 1260 1226 autem
1292 1168 1370 1223 illi
1418 1167 1681 1239 primum
1708 1164 2112 1222 innovationis
2141 1167 2445 1219 tentamen

800 1275 925 1316 non
973 1264 1250 1330 oportere
1301 1256 1746 1312 sanctissimam
1794 1254 2095 1323 Virginem
2127 1251 2227 1307 Dei
2274 1250 2448 1306 Verbi

793 1348 1133 1405 secundum
1164 1362 1409 1402 carnem
1442 1350 1700 1401 matrem
1734 1344 1835 1399 Dei
1865 1348 2121 1398 matrem
2154 1339 2446 1406 conﬁteri,

794 1438 901 1493 sed
944 1442 1175 1492 tantum
1215 1435 1443 1503 Christi,
1488 1434 1634 1489 dum
1676 1438 1885 1488 contra
1929 1429 2313 1486 vetustissimi
2352 1432 2447 1483 Ec-

793 1525 989 1581 clesiae
1019 1539 1353 1595 praecones,
1389 1522 1724 1578 secundum
1758 1520 2154 1592 apostolicam
2182 1518 2447 1574 traditio-

792 1631 955 1678 nem.
988 1614 1086 1668 Dei
1120 1617 1363 1669 Matrem
1397 1628 1527 1667 eam
1550 1610 1987 1666 nominandam
2010 1626 2139 1665 esse
2170 1608 2453 1663 docerent

806 1709 859 1759 et
892 1702 1127 1758 Domini
1169 1705 1410 1758 Matrem
1442 1699 1832 1755 credendam.
1873 1701 1994 1767 Age
2027 1713 2186 1763 vero,
2220 1702 2276 1752 et
2301 1697 2454 1752 blas-

800 1793 1088 1863 phemam
1120 1791 1278 1845 hanc
1316 1789 1641 1844 verborum
1676 1793 1862 1843 artem
1904 1787 2129 1842 nemini
2164 1787 2329 1858 prius
2352 1802 2453 1841 no-

2550 627 2816 694 ταράττων
2850 620 2909 675 δὲ
2940 627 3029 674 καὶ
3066 627 3159 680 την
3181 621 3485 693 οἰκουμένην
3506 622 3737 674 ἅπασαν
3764 621 3886 676 οῦδὲ
3922 630 4011 677 τοῦ
4036 628 4150 679 θεσ-

2550 716 2736 763 πεσίου
2816 710 3024 763 Παύλου
3094 716 3407 783 κεκραγότος
3472 712 3916 785 ὶπιστρεφὸμενος.
3976 714 4032 767 Ὀ
4092 712 4151 767 δε

2552 802 2833 873 ταράσσων
2897 802 3031 871 ὑμᾶς
3090 798 3353 871 βαστάσει
3413 803 3472 851 τὸ
3530 808 3711 873 κρῖμα,
3772 804 3913 865 ὅστις
3969 824 4029 855 αν

2552 886 2658 938 ἀλλ’
2700 884 2784 940 ἐπὶ
2810 892 2900 946 τὴν
2925 888 3146 960 λυχνίαν
3183 897 3273 941 τοῦ
3307 890 3443 941 θείου
3474 898 3572 940 τῶν
3605 888 3887 964 ἀρχιερέων
3919 890 4151 964 βήματος

2553 975 2611 1026 ού
2650 979 2736 1027 τὸν
2785 976 2977 1049 λύχνον
3035 985 3129 1038 τῆς
3185 977 3449 1045 άληθείας,
3485 976 3611 1029 ἀλλά
3650 978 3803 1051 ζόφον
3843 982 4027 1039 τίθησι
4064 991 4155 1042 τῆς
4188 1038 4196 1044 ,

2555 1062 2815 1127 ἀσεϐείας.
3794 1130 3797 1133 ,

2626 1154 2697 1225 γ’.
2776 1160 2976 1208 Γίνεται
3054 1152 3113 1208 δὲ
3180 1155 3320 1226 αύτῷ
3394 1165 3594 1229 πρῶτον
3669 1165 3765 1219 τῆς
3824 1165 4158 1233 καινοτομίας

2557 1240 2851 1316 ἐγχείρημα
2900 1248 2958 1296 τὸ
3014 1248 3085 1316 μὴ
3136 1242 3244 1298 δεῖν
3284 1248 3377 1303 τὴν
3418 1244 3571 1316 ἁγίαν
3612 1247 3869 1320 Παρθένον
3916 1253 4009 1307 τὴν
4068 1256 4159 1301 τοῦ

2559 1338 2692 1383 Θεοῦ
2733 1336 2907 1403 Λόγου
2971 1335 3107 1385 κατά
3167 1336 3341 1408 σάρκα
3402 1337 3605 1406 μητέρα
3656 1339 3908 1387 Θεοτόκον
3970 1337 4159 1408 ὁμολο-

2556 1428 2664 1491 γεῖν
2706 1428 3061 1495 Χριστοτόκον
3113 1419 3170 1475 δε
3237 1427 3409 1494 μόνον,
3452 1431 3551 1474 τῶν
3590 1423 3751 1475 πάλαι
3788 1430 3878 1477 καὶ
3915 1435 4014 1477 τῶν
4062 1446 4162 1502 προ

2558 1509 2717 1561 πάλαι
2772 1518 2862 1571 τῆς
2906 1510 3213 1571 Ἐκκλησίας
3270 1514 3531 1585 κηρύκων,
3582 1515 3716 1564 κατὰ
3763 1518 3856 1571 τὴν
3933 1514 4161 1568 ἀποστο-

2560 1596 2708 1654 λικην
2740 1596 3060 1670 παράδοσιν,
3102 1605 3353 1652 Θεοτόκον
3396 1597 3721 1662 δοξαζόντων
3766 1601 4035 1675 ὀνομάζειν
4074 1610 4165 1657 καὶ

2562 1706 2824 1739 πιστευειν
2871 1694 2962 1745 τὴν
3002 1696 3093 1740 του
3149 1694 3342 1763 Κυρίου
3402 1694 3635 1761 Μητέρα.
3683 1694 3803 1765 Φέρε
3859 1712 3948 1763 μοι
3986 1693 4163 1745 λοιπὸν

2563 1781 2652 1826 καὶ
2710 1781 2801 1834 ἠν
2858 1776 3169 1849 βλάσφημον
3230 1776 3567 1848 τεχνολογίαν
3624 1784 4021 1854 παρατηρησον,
4072 1782 4164 1834 ού-

792 1859 917 1937 tam
950 1880 1229 1935 observa:
1266 1901 1292 1927 ‹‹
1319 1878 1531 1933 Christi
1563 1877 1904 1948 appellatio,
1938 1877 2151 1948 inquit,
2175 1876 2327 1932 duas
2352 1890 2431 1931 na
2496 1892 2534 1946 Β
2566 1885 2572 1911 ⁴

2386 1890 2431 1931 κα
2496 1892 2534 1946 Β
2566 1859 2676 1915 δενὶ
2726 1870 2969 1939 πρότερον
3027 1865 3368 1938 ἐγνωσμένην.
3424 1866 3481 1919 Ἠ
3530 1874 3619 1919 τοῦ
3676 1876 3909 1943 Χριστοῦ
3965 1890 4166 1943 προση-

794 1974 959 2025 turas
1009 1969 1329 2037 signiﬁcat,
1374 1967 1671 2037 Unigeniti
1710 1981 1929 2039 nempe
1978 1966 2349 2021 divinitatem
2399 1971 2457 2022 et

795 2058 1238 2114 humanitatem
1264 2076 1276 2126 ;
1311 2058 1425 2113 Dei
1450 2062 1648 2112 autem
1675 2057 1945 2127 sejuncta
1972 2072 2087 2111 vox
2118 2056 2454 2127 simplicem

796 2153 854 2204 et
887 2147 1332 2219 incorporalem
1368 2146 1467 2201 Dei
1512 2146 1685 2201 Verbi
1735 2145 2134 2201 substantiam
2185 2144 2452 2217 praebet;

794 2254 914 2293 vox
946 2242 1148 2293 autem
1182 2236 1352 2291 homo
1386 2235 1577 2289 solam
1627 2235 1961 2289 humanam
2001 2234 2261 2289 ostendit
2280 2238 2455 2289 natu-

796 2343 928 2381 ram
964 2344 974 2379 :
1006 2326 1143 2381 ideo
1174 2325 1389 2381 Christi
1434 2324 1803 2394 genitricem,
1847 2324 2062 2395 inquit.
2100 2338 2219 2378 non
2254 2328 2456 2379 autem

800 2416 920 2478 Dei,
964 2416 1265 2485 Virginem
1298 2414 1569 2470 conﬁteri
1600 2429 1845 2468 necesse
1883 2418 1989 2478 est,
2036 2429 2110 2467 ne
2158 2413 2308 2468 forte
2354 2429 2455 2469 no.

794 2506 887 2561 bis
917 2505 1152 2561 accidat
1188 2511 1252 2559 ut
1284 2504 1384 2559 Dei
1433 2503 1688 2558 Verbum
1730 2503 2092 2574 principium
2134 2502 2459 2558 exsistendi

812 2611 884 2650 ex
910 2601 1116 2650 sancta
1150 2594 1383 2663 Virgine
1423 2593 1749 2665 acceperit;
1782 2598 1961 2664 atque
1987 2593 2069 2648 ita
2098 2593 2264 2664 prius
2290 2592 2455 2662 geni-

805 2688 929 2740 tam
963 2700 1097 2739 esse
1138 2689 1393 2739 matrem
1422 2699 1609 2755 quam
1656 2682 1751 2737 ille
1783 2682 1885 2754 qui
1932 2698 2002 2737 ex
2038 2698 2109 2737 ea
2138 2687 2316 2738 natus
2349 2688 2454 2748 est,

800 2773 1073 2829 conﬁteri
1100 2788 1412 2842 cogamur.
1453 2795 1472 2821 ι

873 3044 925 3096 4.
970 3045 1048 3097 Ne
1081 3045 1282 3097 autem
1316 3040 1629 3096 videamur
1668 3041 1841 3096 vanis
1889 3041 2124 3112 injuriis
2152 3042 2236 3097 sic
2269 3042 2459 3098 homi-

802 3147 942 3187 nem
969 3131 1271 3204 persequi.
1300 3147 1439 3186 eum
1471 3131 1669 3202 ipsum
1712 3147 1818 3203 per
1847 3148 1918 3186 ea
1947 3148 2082 3203 quae
2114 3132 2283 3203 dixit,
2325 3150 2461 3206 pro-

797 3222 942 3295 priae
975 3222 1298 3293 impietatis
1324 3226 1531 3276 testem
1555 3220 1865 3277 faciemus.
1891 3222 2022 3277 Suis
2044 3223 2199 3277 enim
2234 3224 2459 3293 cogita-

2563 1958 2735 2027 γορία,
2794 1959 2944 2025 φησὶ,
2996 1964 3092 2006 τῶν
3158 1951 3264 2016 δύο,
3322 1958 3523 2027 φύσεων
3590 1964 3908 2029 σημαντικὴ,
3963 1969 4055 2021 τῆς
4114 1979 4168 2013 τε

2568 2044 2809 2104 θεότητος
2874 2052 2964 2095 τοῦ
3037 2051 3352 2115 Μονογενους
3421 2050 3510 2097 καὶ
3584 2054 3679 2107 τῆς
3747 2046 4165 2121 ἀνθρωπότητος·

2566 2132 2594 2188 η
2640 2128 2698 2183 δέ
2737 2140 2825 2183 τοῦ
2885 2140 3018 2185 Θεοῦ
3073 2132 3343 2195 ἀπολύτως
3389 2133 3635 2206 λεγομένη
3702 2141 3838 2207 φωνὴ
3882 2142 3972 2195 τὴν
4004 2138 4170 2197 ἁπλῆν

2565 2224 2655 2271 καὶ
2724 2219 3001 2293 ἀσώματον
3063 2230 3155 2273 τοῦ
3209 2230 3343 2275 Θεοῦ
3390 2228 3565 2294 Λόγον
3606 2229 3933 2299 παρίστησιν
3965 2228 4167 2279 ούσίαν·

2565 2311 2594 2367 η
2658 2305 2716 2361 δε
2766 2318 2856 2362 τοὺ
2910 2311 3176 2379 ἅνθρωπος
3235 2316 3395 2384 μόνην
3452 2318 3546 2371 τὴν
3588 2311 3908 2387 ἀνθρωπείαν
3964 2314 4173 2369 ὑποδεί-

2565 2418 2721 2450 κνυσι
2778 2402 2951 2470 φύσιν
3022 2396 3114 2452 διὰ
3166 2410 3317 2453 τοῦτο
3383 2407 3755 2474 Χριστοτόκον,
3816 2410 3995 2477 φησὶν,
4066 2405 4172 2457 ἀλλ’

2566 2487 2624 2539 ού
2703 2494 2953 2540 Θεοτόκον
3006 2495 3099 2548 την
3184 2492 3441 2564 Παρθένον
3525 2492 3789 2564 ὁμολογεῖν
3872 2493 4171 2565 ἀναγκαῖον,

2566 2582 2768 2648 μήποτε
2820 2578 3051 2651 λάθωμεν
3110 2578 3285 2654 ἀρχην
3343 2588 3437 2632 τού
3490 2580 3621 2633 εἶναι
3657 2582 3881 2653 λέγοντες
3915 2588 4002 2636 τὸν
4042 2588 4172 2637 Θεὸν

2569 2672 2737 2737 Λόγον
2796 2666 2849 2719 ἐκ
2898 2678 2987 2729 τῆς
3040 2668 3194 2741 ἁγίας
3256 2670 3499 2742 εἰληφότα
3530 2674 3811 2745 Παρθένου·
3882 2679 3971 2726 καὶ
4037 2675 4172 2727 ούτω

2567 2761 2969 2831 προγενεστέραν

3070 2764 3157 2817 τὴν
3233 2764 3434 2833 μητέρα
3508 2768 3599 2812 τού
3694 2764 4021 2833 γεννηθέντος
4121 2762 4173 2825 ἐξ

2568 2846 2760 2915 αὑτῆς,
2866 2850 3000 2899 κατά
3074 2852 3131 2900 τὸ
3210 2847 3519 2920 ἀκόλουθον,
3599 2850 3863 2923 ὁμολογεῖν
3942 2851 4173 2924 βιασθῶ-

2567 2955 2677 3007 μεν.

2641 3021 2706 3079 δ’.
2758 3024 2869 3078 Ἵνα
2922 3022 2980 3078 δε
3044 3031 3114 3099 μὴ
3183 3023 3413 3099 δόξωμεν
3468 3024 3759 3101 λοιδορίαις
3798 3037 3965 3090 κεναῖς
4012 3038 4180 3083 ταῦτα

2866 2850 3000 2899 κατά
3074 2852 3131 2900 τὸ
3210 2847 3489 2901 ἀκόλουθον
3504 2894 3519 2920 ,

2566 3122 2656 3165 τοῦ
2703 3112 2894 3189 ἀνδρὸς
2943 3124 3274 3189 κατηγορεῖν,
3327 3116 3482 3168 αὑτὸν
3550 3116 3736 3169 ἐκεῖνον
3790 3119 3868 3179 οἷς
3920 3116 4027 3171 εἶπε
4088 3127 4179 3180 τῆς

2568 3204 2760 3266 οἰκείας
2838 3201 3145 3266 δυσσεϐείας
3201 3210 3497 3278 ποιήσομαι
3554 3208 3814 3282 μάρτυρα.
3892 3215 4002 3260 Τῶν
4081 3211 4179 3284 γὰρ

797 3311 1062 3367 tionibus
1093 3309 1359 3365 omnem
1389 3309 1863 3382 apostolicarum
1893 3310 2303 3367 doctrinarum
2317 3291 2459 3367 ime-
2482 3331 2529 3387 ρ
2569 3315 2577 3344 ⁴

2407 3328 2459 3367 θ,
2482 3331 2529 3387 C
2569 3292 2927 3346 ἀποστολικῶν
2969 3291 3315 3368 διδαγμάτων
3377 3300 3466 3347 καί
3522 3299 3713 3357 παντὸς
3762 3296 3917 3369 ἀγίου
3971 3302 4180 3370 μνήμην

795 3400 1056 3456 moriam
1111 3404 1523 3469 transgressus
1568 3403 1625 3453 et
1671 3397 1995 3469 cujuslibet
2029 3401 2238 3466 sancti,
2282 3401 2342 3455 in
2369 3416 2459 3456 or-

796 3489 1206 3545 thodoxorum
1235 3487 1491 3543 ecclesia
1518 3488 1737 3544 multas
1753 3488 2091 3544 istiusmodi
2121 3489 2457 3561 proclama-

795 3578 879 3634 vit
910 3594 1089 3634 voees
1124 3596 1135 3633 :
1164 3600 1191 3627 κ
1218 3581 1345 3633 Non
1371 3577 1619 3649 peperit,
1666 3594 1701 3632 o
1746 3576 1993 3648 optime,
2037 3581 2225 3634 Deum
2256 3580 2456 3646 Maria,

797 3667 906 3723 sed
958 3668 1270 3723 hominem
1324 3667 1558 3739 peperit
1602 3666 1930 3723 divinitatis
1965 3667 2457 3724 instrumentum.

798 3760 861 3813 Et
905 3758 965 3812 in
1020 3756 1152 3812 aliis
1202 3773 1445 3812 rursum
1488 3757 1821 3825 nugatoriis
1873 3758 2458 3829 irreprehensibilem

798 3850 1038 3905 Matrem
1087 3846 1358 3917 gentium
1390 3846 1503 3901 diis
1564 3846 1885 3904 assimilat.
1941 3848 2264 3903 Judaicam
2296 3849 2459 3904 enim

800 3937 1157 3993 sententiam
1189 3935 1529 4008 amplexus,
1554 3952 1678 3991 non
1715 3935 1906 3991 Verbo
1941 3952 2185 3993 carnem
2232 3937 2456 3994 factum

799 4043 932 4083 esse
958 4026 1232 4083 absolute
1264 4025 1521 4091 dicebat,
1554 4024 1661 4081 sed
1690 4025 1752 4080 in
1782 4024 2056 4098 quodam
2094 4027 2340 4083 homine
2370 4028 2461 4083 in-

799 4117 1128 4183 habitasse,
1156 4120 1221 4172 ut
1250 4115 1312 4171 in
1342 4115 1546 4187 aliquo
1587 4115 2023 4188 prophetarum
2056 4120 2111 4171 et
2158 4117 2271 4172 sibi
2299 4118 2462 4173 hunc

801 4208 1117 4281 proprium
1146 4205 1435 4278 peculiari
1466 4221 1673 4261 amore
1694 4206 1934 4272 fecisse;
1968 4211 2023 4262 et
2049 4222 2185 4262 esse
2214 4208 2462 4280 quidem

800 4298 981 4354 alium
1034 4296 1269 4361 Filium,
1306 4295 1491 4351 alium
1530 4311 1671 4351 vero
1703 4295 1843 4362 dici,
1868 4312 2063 4367 neque
2093 4312 2223 4352 esse
2255 4298 2461 4367 genui-

799 4404 947 4445 num
974 4385 1210 4452 Filium,
1258 4385 1364 4441 sed
1415 4384 1768 4457 adoptivum
1812 4386 1917 4457 qui
1963 4386 2077 4441 hoc
2108 4387 2353 4443 nomine
2379 4386 2465 4443 di-

799 4476 1059 4543 cebatur,
1093 4477 1301 4531 Jesum
1331 4474 1652 4530 Christum.
1701 4474 1844 4530 Inde
1872 4475 2100 4531 dictum
2147 4492 2279 4532 esse
2310 4476 2465 4532 duos

799 4583 932 4625 esse
964 4565 1160 4636 Filios,
1194 4579 1392 4637 neque
1416 4580 1607 4620 unum
1640 4568 1897 4621 tantum.
1926 4569 2131 4639 Itaque
2183 4567 2463 4638 synodali

2568 3401 2664 3454 τῆς
2713 3391 2898 3444 ἑαυτοῦ
2942 3389 3181 3454 διανοίας
3237 3396 3575 3468 ύπερορίσας,
3634 3393 3681 3446 ἓν
3722 3403 3783 3467 τῇ
3818 3404 3919 3447 τῶν
3954 3393 4179 3469 ὁρθοδό-

2570 3481 2667 3543 ξων
2760 3480 3018 3555 ἐκκλησίᾳ
3090 3482 3275 3544 πολλὰς
3349 3487 3599 3546 τοιαύτας
3677 3484 3917 3547 ἐξεϐόησε
3989 3488 4175 3557 φωνάς·

2572 3593 2599 3621 ι(
2655 3571 2766 3623 Ούκ
2824 3574 3008 3641 ἔτεκεν,
3056 3569 3095 3623 ὧ
3137 3572 3398 3645 βέλτιστε,
3460 3579 3641 3647 Μαρία
3680 3578 3822 3645 Θεὸν,
3877 3573 3983 3626 ἀλλ’
4016 3578 4179 3627 ἔτεκεν

2568 3662 2837 3735 ἄνθρωπον
2896 3664 3134 3723 θεότητος
3182 3667 3421 3738 ὄργανον.
3461 3682 3491 3715 ›
3536 3667 3637 3717 Καὶ
3701 3661 3997 3737 ἐν’ἑτέροις
4024 3664 4178 3717 πάλιν

2570 3750 2853 3823 φληνάφοις
2918 3750 3227 3823 ἀνέγκλητον
3280 3756 3482 3825 μητέρα
3544 3752 3794 3811 Ἑλλήνων
3850 3755 3979 3813 θεοῖς
4042 3753 4178 3806 ἐπει-

2571 3842 2766 3911 σάγων.
2853 3837 3143 3893 Ἰουδαϊκὸν
3195 3843 3295 3916 γὰρ
3368 3838 3746 3913 ἀναδεξάμενος
3800 3846 4059 3915 φρόνημα,
4118 3844 4178 3896 οὐ

2568 3932 2654 3981 τὸν
2713 3934 2883 4002 Λόγον
2936 3951 3109 4005 σαρκα
3158 3930 3423 4006 ἀτρέπτως
3484 3933 3801 4003 γεγενῆσθαι
3840 3931 4024 4002 ἔλεγεν,
4072 3928 4186 3981 ἀλλ’

2573 4022 2634 4087 εἴ,
2698 4040 2815 4072 τινα
2856 4022 3123 4095 ἄνθρωπον
3178 4020 3466 4089 ἐνοικῆσαι,
3536 4024 3601 4081 ὡς
3658 4020 3725 4081 εἰς
3764 4023 3851 4073 ἕνα
3908 4029 4006 4072 τῶν
4046 4039 4183 4093 προ-

2574 4119 2767 4183 φητῶν,
2822 4115 2912 4163 καὶ
2962 4107 3341 4163 ἰδιοποιεῐσθαι
3388 4118 3569 4163 τοῦτον
3617 4110 3859 4185 ἐξαιρέτῳ
3892 4109 4179 4183 ἀγαπήσει*

2572 4205 2663 4253 καὶ
2709 4201 2839 4253 εἷναι
2883 4203 2973 4273 μὲν
3014 4200 3164 4253 οὓλον
3222 4204 3354 4265 υἱὸν,
3403 4200 3551 4252 ἄλλον
3594 4196 3652 4252 δὲ
3690 4199 3931 4272 λέγεσθαι
3960 4202 4073 4273 μεν,
4114 4203 4184 4272 μὴ

2575 4288 2705 4343 εἶναι
2764 4287 2823 4343 δὲ
2878 4296 3117 4363 γνήσιον,
3171 4292 3313 4343 θετὸν
3364 4287 3422 4342 δὲ
3484 4291 3595 4342 υἱὸν
3634 4293 3721 4341 τὸν
3774 4289 4042 4362 λεγόμενον
4084 4290 4185 4347 Ἰη-

2578 4389 2700 4433 σουν
2783 4385 3033 4453 Χριστόν·
3107 4380 3333 4433 ἐντεῦθεν
3392 4376 3489 4432 δύο
3564 4383 3732 4449 Υίούς,
3789 4384 3879 4431 καὶ
3944 4383 4015 4452 μὴ
4076 4381 4184 4449 ἕνα,

2573 4470 2818 4542 λέγεσθαι
2874 4479 3027 4528 εἶναι.
3070 4470 3221 4523 Ὀθεν
3279 4479 3370 4530 τῆς
3432 4468 3831 4545 ἀρχιερωσύνης
3884 4467 4185 4521 ἐκϐάλλεται

2574 4561 2733 4634 ψηφῳ
2790 4558 3097 4634 [συνοδικῇ]
3145 4564 3234 4612 καὶ
3303 4558 3567 4632 βασιλικῷ
3633 4561 3871 4633 νεύμάτι·
3934 4562 4025 4611 καὶ
4087 4563 4184 4617 τὴν

801 4657 1090 4728 suffragio
1112 4655 1356 4747 etfregia
1390 4654 1694 4747 voluntate
1727 4656 2080 4747 episcopatu
2109 4656 2459 4747 expellitur;
2496 4693 2538 4747 Β
2574 4651 2581 4664 ¹

2402 4674 2459 4725 ι·;
2496 4650 2766 4747 θ”Οασιν
2844 4648 3259 4711 καταδικασθεὶς
3340 4649 3496 4702 οἰκεῖν
3554 4658 3646 4709 τῆς
3720 4648 4009 4721 μελλούσης
4084 4656 4182 4700 τῶν

802 4753 859 4805 et
889 4747 1091 4803 Oasim
1112 4744 1697 4817 inhabitarejussus,
1741 4744 1953 4801 futurae
1986 4746 2311 4817 impiorum
2341 4763 2463 4819 pae-

800 4854 893 4895 nae
914 4835 1276 4910 praludium
1306 4835 1557 4907 accepit,
1596 4850 1706 4891 sua
1746 4835 1993 4907 propria
2022 4835 2328 4891 dementia
2362 4836 2463 4893 ab-

804 4931 1085 4999 sumptus
1098 4930 1155 4981 et
1173 4925 1234 4980 in
1256 4941 1317 4980 se
1332 4923 1673 4996 adimplens
1689 4923 1835 4979 illud
1849 4924 2459 4995 Apostolioraculum:

806 5017 1212 5087 Quorumdam
1239 5014 1545 5071 hominum
1579 5016 1775 5083 culpae
1796 5016 2107 5085 manifeste
2132 5016 2362 5071 ducunt
2384 5016 2466 5073 ad

803 5108 1271 5165 damnationem.
1294 5104 1610 5161 Suscitavit
1636 5104 1796 5159 enim
1824 5105 1882 5159 in
1910 5104 2081 5161 illum
2118 5107 2272 5161 Deus
2299 5106 2464 5179 spiri-

802 5204 931 5255 tum
961 5197 1159 5270 Cyrilli
1191 5194 1566 5251 Alexandriae
1599 5196 1955 5267 patriarchae
1982 5214 1994 5263 ;
2028 5195 2133 5268 qui
2161 5195 2239 5251 ad
2264 5196 2466 5269 ipsum

805 5289 1141 5345 Nestorium
1181 5285 1435 5359 scripsit,
1471 5302 1610 5341 eum
1656 5286 1716 5341 in
1761 5286 2237 5342 orthodoxorum
2279 5286 2465 5343 ﬁdem

801 5379 1115 5454 impellens
1142 5383 1199 5434 et
1227 5378 1475 5434 hortans
1503 5383 1567 5433 ut
1596 5378 1697 5432 Dei
1740 5380 1980 5433 Matrem
2016 5379 2466 5435 sanctissimam

801 5471 1047 5530 Mariam
1076 5470 1423 5527 nominaret
1451 5484 1520 5524 ac
1552 5468 1843 5524 crederet.
1869 5471 2013 5525 Cum
2042 5474 2243 5525 autem
2273 5472 2464 5541 preci-

801 5564 917 5619 bus
956 5577 1079 5617 non
1102 5561 1360 5623 cederet,
1392 5559 1644 5616 alteram
1676 5575 1885 5615 rursus
1921 5560 2081 5616 misit
2111 5560 2461 5632 epistolam;

800 5652 1247 5712 conrtadicente
1278 5656 1483 5710 autem
1505 5650 1628 5722 illo,
1647 5655 2014 5709 convocatur
2044 5655 2255 5725 postea
2279 5652 2464 5726 Ephe-

2575 4741 2772 4794 ἀσεϐῶν
2838 4740 3100 4801 κολάσεως
3176 4736 3384 4802 ἐδέξατο
3443 4741 3509 4791 τά
3594 4744 3867 4813 προοίμια,
3954 4741 4186 4811 παρανά-

2570 4832 2720 4906 λωμα
2775 4840 2869 4894 τῆς
2954 4831 3147 4892 οἰκείας
3242 4828 3632 4904 φρενοϐλαϐείας
3713 4834 4003 4902 γενόμενος,
4096 4832 4187 4881 καὶ

2574 4924 2648 4995 ἐφ’
2699 4923 2865 4993 ἐαυτῷ
2926 4921 3213 4995 πληρώσας
3269 4924 3327 4972 τὸ
3372 4919 3719 4971 ἀποστολικὸν
3770 4918 3929 4971 ἐκεῖνο
3986 4922 4181 4991 λόγιον,

2574 5016 2656 5067 ὅτι
2711 5021 2872 5066 Τινῶν
2924 5010 3206 5087 ἀνθρώπων
3282 5013 3337 5063 αἱ
3396 5012 3652 5084 άμαρτίαι
3711 5005 3971 5081 πρόδηλοί
4060 5008 4183 5075 εἰσι,

2573 5109 2909 5181 προάγουσαι
2976 5103 3047 5165 εἰς
3100 5107 3299 5176 κρίσιν.
3366 5101 3628 5176 Ἐξὴγειρε
3672 5103 3773 5173 γὰρ
3820 5102 3844 5152 ό
3896 5103 4026 5162 Θεὸς
4072 5100 4188 5153 κατ’

3947 5188 4186 5253 Ἀλεξαν-

2580 5286 2775 5362 δρείας,
2828 5289 2915 5337 καὶ
2962 5286 3150 5360 γράφει
3201 5286 3331 5357 πρὸς
3386 5281 3541 5333 αὐτὸν
3604 5282 3909 5353 Νεστόριον,
3960 5280 4031 5343 εἰς
4097 5284 4189 5338 την

2577 5197 2736 5250 αύτού
2793 5198 2852 5248 τὸ
2910 5202 3115 5266 πνεῦμα
3187 5191 3440 5267 Κυρίλλου
3518 5192 3857 5264 πατριάρχου

2577 5375 2857 5452 όρῦόδοξον
2900 5374 3195 5450 ἐμϐιϐάζων
3228 5377 3433 5439 “πίστιν,
3476 5376 3565 5423 καὶ
3624 5375 3875 5424 Θεοτόκον
3909 5374 4001 5429 τὴν
4034 5369 4188 5442 ἁγίαν

2576 5473 2785 5542 Μαρίαν
2844 5464 3156 5539 παρακαλῶν
3218 5462 3487 5535 ὀνομάζειν
3554 5480 3608 5513 τε
3675 5466 3764 5513 καὶ
3823 5467 4040 5535 φρονεῖν.
4099 5459 4189 5522 Ὠς

2579 5556 2637 5613 δὲ
2684 5559 2776 5611 οὐκ
2845 5552 3105 5623 ἐνεδίδου,
3162 5554 3310 5630 ἔτερα
3378 5552 3528 5605 πάλιν
3597 5551 3791 5624 ἔπεμψε
3873 5554 4183 5625 γράμματα’

2576 5648 2923 5723 ἀντιλέγοντος
2976 5643 3035 5700 δὲ
3093 5645 3275 5715 αύτού,
3335 5647 3426 5696 καὶ
3476 5645 3607 5719 πρὸς
3659 5648 3827 5695 ταῦτα
3884 5637 4106 5704 σύνοδος
4136 5640 4183 5695 ἐν
