4508 6436
293 356 359 408 37
1654 344 2001 401 THESAURI
2046 345 2176 400 LIB.
2226 347 2312 401 IX.
2836 330 2839 331 ί
3598 352 3667 407 38

290 480 497 548 Ἐφέσῳ
594 479 981 548 συγκροτεῖται,
1080 474 1170 522 καὶ
1251 474 1655 544 παραπέμπεται
1744 468 1907 523 ἐκεῖσε
1940 473 1984 525 Α
2018 486 2070 525 ει

1887 490 1907 522 ι
1940 473 1984 525 A
2018 486 2156 526 sum
2187 470 2457 542 synodus
2514 474 2571 526 et
2605 470 2685 526 ad
2734 470 3098 527 veniendum
3149 471 3436 529 invitatur
3460 476 3666 530 Nesto-

294 569 585 638 Νεστόριος
614 565 758 635 παρὰ
799 566 886 612 τοῦ
936 558 1175 631 ἐπάρχου
1206 566 1300 620 τῆς
1355 559 1543 620 πόλεως
1596 564 1685 611 καὶ
1725 559 1906 631 ἑτέρων
2015 559 2074 614 ιιὶι

1725 559 1906 631 ἑτέρων
2015 559 2139 614 rius
2170 558 2248 615 ab
2279 560 2535 615 civitatis
2566 560 2989 632 achiepiscopo
3033 564 3089 616 et
3118 560 3320 616 multis
3351 561 3502 618 aliis.

300 654 507 705 πολλῶν
516 695 530 710 ,

372 742 426 795 ε’.
464 738 753 798 Θεοδόσιος
803 734 863 789 δε
913 739 939 789 ό
985 741 1094 798 νέος
1123 740 1213 799 τὰς
1263 739 1411 798 ἡνίας
1450 742 1561 789 τότε
1612 745 1703 796 τῆς
1744 735 1906 808 βασι·
2090 741 2140 790 5.

1890 767 1906 777 -
2090 741 2140 790 5.
2174 737 2541 792 Theodosius
2568 738 2930 807 verojunior
2978 743 3117 793 tunc
3148 738 3437 809 temporis
3485 739 3670 811 impe-

298 830 443 892 λείας
506 830 828 901 ἑνεχείριστο
874 842 886 853 ·
958 831 1047 878 καὶ
1112 823 1432 901 προήδρευεν
1505 826 1552 878 ἐν
1613 830 1776 897 ταύτῃ
1843 834 1903 896 τῇ
2017 824 2078 881 rii

1894 834 1903 883 i
2017 824 2085 881 rii
2123 825 2388 881 habenas
2417 826 2697 887 tenebat;
2751 832 2806 881 et
2836 826 2973 881 huic
3025 826 3257 898 synodo
3304 828 3674 899 praefuerunt

298 925 453 993 τρίτῃ
532 914 737 988 συνόδῳ
820 915 1060 990 Κύριλ).ος
1126 914 1538 989 Ἀλεξανδρείας,
1612 916 1910 977 Κελεστῐνος
2019 916 2078 986 Ο]

1890 936 1910 977 ς
2019 914 2275 986 Cyrillus
2310 914 2700 985 Alexandriaa,
2738 916 3087 971 leestinus
3117 919 3339 987 Romae,
3363 917 3670 974 Juvenalis

299 1008 502 1081 Ῥώμης
590 1007 688 1078 (ί),
782 1004 1119 1066 Ἰουϐενάλιος
1209 1006 1598 1081 Ἰεροσολύμων,
1674 1004 1910 1066 Ἀκάκιος
2020 1006 2079 1060 Hi

1893 1026 1910 1066 ς
2020 1004 2467 1076 Hierosolymse,
2493 1005 2742 1065 Aeacius
2768 1005 3067 1059 Melitenaa.
3098 1008 3161 1061 Et
3190 1005 3514 1078 deponitur
3542 1007 3673 1079 qui-

300 1098 618 1158 Μελιτηνῆς.
697 1099 800 1147 Καὶ
881 1096 1206 1167 καθαιρεῐται
1260 1098 1349 1167 μὲν
1437 1100 1736 1167 Νεστόριος,
1816 1115 1909 1146 κν·
2019 1093 2080 1149 de

1894 1126 1909 1136 -
2019 1093 2155 1149 dem
2190 1093 2513 1164 Nestorius,
2548 1094 2985 1148 conﬁrmantur
3014 1093 3150 1148 duae
3173 1094 3402 1165 priores
3433 1096 3674 1167 synodi,

299 1195 515 1262 ροῦνται
547 1181 606 1237 δὲ
649 1189 739 1236 καὶ
788 1186 843 1235 αἱ
881 1188 1276 1258 προγειιέττεραι
1318 1181 1414 1236 δύο
1456 1180 1689 1254 σύνοδοι,
1726 1182 1911 1237 τέλειόν
2019 1199 2079 1255 ρ(

1895 1206 1911 1235 ν
2019 1182 2473 1255 perfectumque
2502 1182 2703 1254 ipsum
2734 1186 2791 1237 et
2822 1198 3011 1237 unum
3040 1183 3247 1238 Filium
3281 1183 3341 1238 in
3371 1183 3675 1243 divinitate

297 1296 351 1329 τε
420 1275 579 1327 αὐτόν
640 1278 731 1325 καὶ
796 1274 883 1325 ἕνα
933 1276 1052 1326 Υἱόν
1115 1272 1164 1325 ἓν
1232 1275 1460 1340 θεότητι,
1510 1278 1600 1324 καὶ
1638 1273 1823 1325 τελειον
1864 1272 1912 1324 ἐν
2020 1279 2077 1329 et

1895 1294 1912 1324 ν
2020 1279 2079 1329 et
2111 1271 2437 1344 perfectum
2460 1272 2520 1327 in
2551 1272 2923 1327 humanitate
2976 1271 3354 1343 conﬁtentur,
3390 1278 3447 1329 et
3489 1292 3675 1333 unum

301 1364 675 1436 ἀνθρωπότητι
733 1361 1070 1433 ὁμολογοῦσι,
1121 1367 1211 1414 καὶ
1250 1364 1336 1414 ἕνα
1364 1367 1453 1413 καὶ
1484 1362 1541 1413 οὐ
1591 1357 1686 1414 δύο
1739 1365 1912 1428 Υὶοὺς,
2022 1377 2081 1417 ne

1899 1404 1912 1428 ,
2022 1376 2218 1433 neque
2247 1376 2387 1415 vero
2418 1360 2575 1415 duos
2600 1360 2771 1415 Filios
2800 1376 2956 1427 esse,
2986 1365 3050 1416 ut
3073 1362 3419 1419 manifestat
3449 1364 3678 1436 procla-

300 1456 373 1515 ὡς
405 1450 565 1511 δηλοῖ
613 1453 637 1503 ό
690 1451 812 1523 παρ’
859 1451 1024 1503 αὐτῶν
1072 1449 1378 1523 ἐκφωνηθεὶς
1432 1454 1585 1525 ὅρος·
1636 1456 1726 1503 καὶ
1757 1451 1915 1512 οὕτως
2024 1466 2080 1505 m

1896 1471 1915 1512 ;
2024 1454 2189 1505 mata
2217 1447 2296 1503 ab
2326 1448 2439 1503 illis
2469 1446 2758 1506 deﬁnitio.
2779 1452 2970 1520 Atque
2997 1448 3079 1505 ita
3109 1449 3354 1506 solvitur
3384 1453 3676 1524 synodus.

302 1544 331 1600 ἡ
380 1539 601 1602 σύνοδος
660 1539 958 1610 ἀπολύεται,
1023 1540 1258 1593 Ἰωάννου
1316 1537 1374 1593 δὲ
1436 1548 1526 1592 τοῦ
1576 1549 1669 1602 τῆς
1714 1541 1914 1593 ’Λντιο-
2022 1540 2082 1594 10

1903 1572 1914 1581 -
2022 1540 2283 1594 Joannes
2340 1553 2484 1591 vero
2542 1536 2892 1602 Antiochiae,
2947 1541 3004 1592 et
3073 1537 3480 1596 Theodoretus
3547 1542 3683 1613 Cyri

301 1636 478 1703 χείας,
546 1636 636 1682 καὶ
724 1626 1071 1702 Θεοδωρήτον
1153 1632 1323 1703 Κύρου
1393 1628 1777 1701 ἀνθισταμένων
1844 1639 1915 1701 τῷ
2024 1628 2081 1682 bt

1903 1642 1915 1681 ι
2024 1628 2203 1682 beato
2245 1625 2459 1698 Cyrillo
2513 1626 2857 1680 resistentes
2908 1626 3020 1679 sub
3065 1643 3135 1682 eo
3191 1634 3479 1698 praetextu
3515 1631 3683 1702 quod

304 1724 555 1793 μακαρίῳ
612 1718 869 1793 Κυριλλῳ,
923 1721 1057 1769 κατὰ
1095 1722 1357 1793 πρόφασιν
1397 1726 1487 1771 τοῦ
1533 1715 1705 1771 δοκεῖν
1752 1724 1918 1791 χωρὶς
2027 1715 2084 1770 si:

1905 1740 1918 1779 ;
2027 1715 2153 1770 sine
2184 1715 2330 1787 ipsis
2372 1714 2750 1785 proclamata
2797 1719 2952 1769 esset
2980 1714 3267 1782 deﬁnitio,
3300 1717 3449 1773 dum
3481 1724 3685 1775 tamen

306 1810 481 1862 αὐτῶν
536 1808 896 1880 ἐκφωνηθῆναι
939 1811 1023 1859 τόν
1072 1808 1210 1881 ὅρον,
1255 1811 1427 1859 καίτοι
1466 1827 1524 1878 γε
1564 1816 1654 1859 τοῦ
1691 1806 1913 1879 μεγάλου
1958 1825 1997 1878 Β
2029 1822 2086 1861 m

1906 1834 1913 1854 ι
1958 1825 1997 1878 Β
2029 1820 2290 1873 magnus
2342 1804 2593 1875 Cyrillus
2632 1820 2735 1858 eos
2776 1819 2884 1875 per
2922 1804 3144 1859 multos
3185 1806 3314 1861 dies
3346 1813 3686 1880 exspectas-

312 1897 571 1973 Κυρῖλλου
632 1896 715 1949 ἐπὶ
760 1896 952 1957 πολλὰς
1018 1887 1214 1971 ἡμέρας
1284 1893 1623 1968 ἐκδεξαμένου
1705 1898 1912 1967 αὐτοὺς,
2031 1910 2091 1949 se

1907 1943 1912 1963 ,
2031 1900 2137 1959 set,
2170 1893 2372 1965 reipsa
2400 1908 2541 1948 vero
2585 1893 2952 1948 contentiose
3001 1908 3111 1948 nec
3142 1900 3299 1951 recte
3328 1911 3472 1965 erga
3518 1896 3687 1956 illum

306 1996 372 2061 τῇ
420 1984 480 2040 δὲ
520 1986 738 2059 ἀληθείᾳ
782 1984 1059 2061 ἐριστικῶς
1086 1989 1213 2058 πρὸς
1267 1986 1422 2037 αὐτόν
1474 1991 1563 2038 καὶ
1609 1986 1709 2037 οὐκ
1754 1986 1916 2057 ὀρθῶς
2031 1999 2086 2037 se

1908 2007 1916 2047 ;
2031 1999 2093 2037 se
2125 1981 2437 2050 habentes,
2483 1980 2761 2037 abierunt
2789 1986 2846 2037 et
2902 1982 3017 2053 ipsi
3048 1982 3357 2039 discordes
3414 1985 3491 2041 ad
3552 2002 3688 2057 pro-

311 2075 680 2150 διακειμένων,
741 2074 1038 2149 μετέϐαινον
1095 2082 1186 2127 καὶ
1237 2075 1386 2127 αὐτοὶ
1435 2074 1737 2148 ἀσύμφωνοι
1790 2080 1917 2149 πρὸς
2029 2089 2091 2145 pr

1908 2096 1917 2137 ;
2029 2072 2192 2145 prios
2227 2087 2464 2135 sensus,
2498 2071 2755 2126 multum
2799 2071 3029 2127 interea
3066 2072 3391 2144 tumultum
3424 2076 3688 2131 excitan-

309 2171 377 2219 τὰ
425 2164 567 2233 ἴδια,
608 2166 771 2219 πολλά
817 2167 1008 2239 μεταξὺ
1066 2164 1461 2240 θορυϐήσαντες·
1517 2168 1581 2225 ὡς
1638 2171 1728 2217 καὶ
1786 2173 1918 2217 Θεο-
2030 2167 2084 2218 te

1910 2197 1918 2205 -
2030 2167 2149 2231 tes;
2202 2162 2281 2217 ita
2312 2165 2375 2216 ut
2420 2161 2825 2216 'l‘heodoretus
2865 2168 3075 2217 contra
3119 2161 3442 2219 duodecim
3496 2165 3690 2236 Cyrilli

311 2254 554 2329 δωρητον
594 2259 726 2308 κατὰ
769 2264 869 2307 τῶν
916 2251 1129 2307 δώδεκα
1157 2255 1442 2326 κεφαλαίων
1495 2254 1742 2327 Κυρίλλου
1775 2256 1921 2326 ἔτερα
2032 2266 2091 2307 ca

1910 2275 1921 2305 ι
2032 2251 2229 2323 capita
2251 2250 2369 2305 alia
2399 2250 2724 2305 duodecim
2766 2251 2963 2323 capita
2996 2253 3421 2323 composuerit,
3457 2258 3513 2309 et
3560 2270 3690 2309 rur-

311 2343 529 2400 δωδεκα
578 2345 826 2407 συντάξαι
873 2344 1154 2416 κεφάλαιαι
1197 2348 1287 2395 καὶ
1326 2343 1478 2395 πάλιν
1529 2344 1683 2395 αὐτόν
1738 2343 1922 2417 Κύριλ-
2033 2357 2091 2395 Sll

1915 2375 1922 2383 -
2033 2357 2135 2395 sus
2183 2340 2311 2412 ipse
2356 2340 2608 2410 Cyrillus
2640 2339 2719 2395 ad
2748 2356 2824 2396 ea-
2866 2358 2929 2395 se
2965 2340 3315 2409 defenderit,
3352 2343 3695 2400 commode-

306 2436 396 2488 λον
459 2439 591 2509 πρὸς
664 2442 833 2487 ταῦτα
897 2433 1356 2505 ἀπολογήσασθαι,
1415 2438 1505 2485 καὶ
1568 2430 1782 2494 δεόντως
1859 2436 1924 2485 τὰ
2032 2447 2086 2503 ql

1913 2455 1924 2484 ι
2032 2446 2150 2503 que
2181 2429 2427 2502 propria
2474 2429 2781 2485 stabilierit
2828 2430 3043 2502 capita.
3109 2431 3433 2504 Postquam
3489 2440 3693 2490 autem

306 2522 431 2577 ἴδια
490 2532 762 2583 συστῆσαι
828 2522 1098 2595 κεφάλαια.
1179 2519 1470 2575 Θεοδοσίου
1544 2519 1603 2575 δὲ
1665 2521 1923 2594 βασιλέως
2032 2521 2086 2577 in

1914 2542 1923 2583 ;
2032 2521 2361 2593 imperator
2386 2520 2460 2575 de
2498 2520 2594 2575 his
2648 2521 2914 2576 monitus
2944 2525 3054 2589 est,
3086 2522 3147 2576 in
3193 2538 3318 2589 eos,
3360 2524 3694 2594 praesertim

309 2622 482 2666 ταῦτα
526 2612 891 2681 ἐπεγνωκότος,
946 2616 1035 2663 καὶ
1097 2614 1392 2672 κινηθέντος
1444 2616 1533 2663 καὶ
1586 2611 1702 2663 καθ’
1744 2610 1923 2665 ἐκατέ-
2034 2627 2089 2666 Vt

1917 2643 1923 2652 -
2034 2626 2177 2666 vero
2208 2611 2269 2666 in
2301 2614 2577 2665 sanctum
2620 2609 2903 2682 Cyrillum
2951 2611 3137 2666 iratus
3168 2616 3276 2669 est.
3320 2614 3697 2685 Quapropter

311 2724 414 2777 ρων
440 2706 554 2775 μεν,
597 2702 830 2774 μάλιστα
886 2697 943 2753 δὲ
1000 2703 1135 2753 κατὰ
1186 2701 1437 2773 Κυρίλλου
1479 2709 1570 2752 τοῦ
1626 2700 1673 2752 ἐν
1731 2701 1924 2772 ἁγίοις,
2037 2716 2091 2756 ἃ(

1915 2746 1924 2769 ,
2037 2700 2115 2756 ad
2141 2716 2280 2755 eum
2323 2699 2544 2755 missus
2568 2704 2675 2769 est,
2709 2700 2958 2755 Aeacius
2990 2700 3292 2763 Melitenaa,
3327 2701 3416 2756 vir
3446 2703 3581 2773 pius
3625 2719 3695 2759 ac

311 2795 577 2864 πέμπεται
629 2790 854 2842 ἐνταῦθα
902 2790 1147 2849 Ἀκάκιος
1192 2790 1217 2840 ὁ
1288 2789 1575 2850 Μελιτηνῆς
1630 2787 1756 2861 ἀνὴρ
1814 2791 1925 2841 θεο-
2038 2789 2091 2845 ἀι

1920 2821 1925 2831 ι
2038 2789 2272 2858 doctus,
2318 2788 2376 2844 in
2425 2804 2729 2844 summam
2781 2794 3097 2861 provectus
3139 2790 3546 2861 prudentiam,
3594 2792 3700 2864 qui

318 2880 481 2943 σεϐὴς
542 2885 631 2932 καὶ
696 2879 891 2950 λόγιος,
963 2879 1035 2940 εἰς
1098 2880 1257 2953 ἄκρον
1316 2878 1577 2940 ἐληλακὼς
1644 2878 1925 2947 εὐλαϐείας,
2041 2893 2098 2932 ac

1923 2927 1925 2938 ,
2041 2882 2175 2932 acta
2206 2876 2422 2948 synodi
2450 2877 2575 2946 regi
2603 2876 2932 2932 declaravit
2961 2877 3213 2949 ejusque
3236 2878 3509 2934 animum
3540 2896 3703 2935 com-

315 2976 409 3022 xui.
448 2972 516 3022 τὰ
562 2977 659 3030 τῆς
717 2965 944 3020 συνόδου
1002 2966 1271 3041 ἐμφανίζει
1328 2976 1400 3037 τῷ
1432 2966 1662 3040 βασιλεῖ,
1715 2972 1927 3020 καὶτὸν
2041 2982 2095 3039 ρ(

1924 2990 1927 3009 ι
2041 2966 2284 3039 posuit;
2344 2971 2401 3022 et
2452 2982 2589 3038 quae
2634 2966 3010 3037 proclamata
3054 2966 3307 3033 fuerant,
3360 2968 3480 3023 vim
3536 2984 3704 3025 accc-

318 3062 510 3112 τούτου
569 3058 902 3111 καταστέλλει
962 3059 1143 3129 θυμόν·
1194 3062 1283 3109 καὶ
1340 3059 1404 3109 τὰ
1456 3056 1811 3130 ἐκφωνηθέντα
1870 3062 1928 3110 τὸ
2042 3073 2098 3130 pt

1919 3064 1928 3109 ι
2042 3073 2203 3130 pere.
2233 3057 2484 3129 Cyrillus
2515 3073 2656 3112 vero
2680 3058 2742 3112 in
2791 3057 3103 3129 propriam
3134 3058 3308 3113 rediit
3356 3058 3699 3129 civitatem;

316 3157 479 3223 κῦρος
523 3146 852 3221 λαμϐάνουσι
891 3162 905 3176 ⁸
962 3152 1052 3199 καὶ
1086 3146 1335 3221 Κύριλλος
1361 3166 1432 3207 εις
1461 3153 1555 3205 τὴν
1590 3144 1730 3200 ἰδίαν
1769 3146 1931 3199 ἀπαί-
2044 3152 2096 3204 ei

1590 3144 1730 3200 ἰδίαν
1769 3146 1931 3199 ἀπαί-
2044 3152 2101 3204 et
2129 3147 2234 3220 qui
2264 3146 2696 3205 discordabant
2724 3149 3016 3203 unitatem
3046 3162 3342 3219 recepere.

318 3259 395 3293 οει
423 3238 598 3292 πόλιν·
630 3242 719 3290 καὶ
741 3238 925 3290 ἕνωσιν
950 3238 998 3289 οἰ
1029 3233 1304 3298 διεστῶτες
1335 3233 1605 3309 δέχονται.
1974 3228 2014 3281 C

392 3421 473 3493 (1)
522 3421 843 3475 Perversus
874 3417 1048 3474 ordo.

888 3754 1791 3921 NIGETZE
1908 3753 3148 3920 GHONIATAE

775 4151 785 4159 _
1362 4053 1373 4060 ~
1610 4013 1799 4108 EX
1856 4012 2240 4108 LIBRO
2301 4013 2450 4108 IX

744 4196 1613 4325 THESAURI
1707 4195 2811 4321 ORTHODOXXE
2898 4198 3323 4323 FIDEI

913 4559 1039 4631 Περὶ
1085 4553 1373 4625 Εὐτυχοῡς.
1975 4532 2017 4585 D
2657 4552 2693 4606 Ι

1350 4572 1373 4611 ς.
1975 4532 2017 4585 D
2657 4552 2745 4608 De
2777 4551 3130 4624 Eutychete.

414 4665 479 4721 α’.
507 4665 589 4719 Ἐν
644 4671 717 4736 τῷ
765 4669 941 4737 χρόνῳ
1013 4665 1110 4724 τὴς
1168 4659 1446 4733 βασιλείας
1512 4654 1804 4713 Θεοδοσίου
1858 4664 1950 4710 τοῦ
2134 4662 2180 4712 1.

1945 4665 1950 4704 i
2134 4662 2180 4712 1.
2224 4659 2532 4727 Regnante
2569 4658 2905 4717 Theodosio
2950 4660 3208 4731 juniore,
3243 4662 3305 4718 in
3357 4663 3507 4720 urbe
3556 4665 3725 4735 regia

336 4761 455 4809 νέου
488 4751 551 4812 ἦν
581 4774 662 4814 τις
702 4755 838 4805 κατὰ
886 4757 978 4811 τὴν
1011 4746 1275 4825 βασιλίδα
1303 4749 1450 4801 πόλιν
1495 4744 1950 4822 ἀρχιμανδρίτης,
2057 4763 2116 4804 νε

2057 4746 2413 4804 versabatur
2442 4747 2697 4819 quidam
2750 4750 3247 4817 archimandrita,
3279 4754 3576 4825 Eutyches
3623 4771 3730 4811 no-

338 4843 726 4917 ὀνομαξόμενος
777 4845 866 4915 μὲν
923 4840 1193 4911 Εὐτυχὴς,
1231 4840 1539 4910 ,ἡγούμενος
1596 4833 1655 4889 δὲ
1694 4854 1952 4908 μοναστη-
2059 4854 2118 4892 m

1944 4866 1952 4875 -
2059 4836 2242 4907 mine,
2269 4836 2636 4893 monasterio
2668 4841 2869 4894 autem
2903 4838 3244 4911 praefectus,
3276 4841 3445 4913 quod
3475 4843 3724 4915 quidem

338 4939 485 5010 ρίου,
529 4933 554 4985 ὂ
596 4938 775 5007 πρώην
842 4934 931 5004 μὲν
985 4931 1086 4982 ὑπὸ
1140 4931 1225 4981 τόν
1282 4930 1398 5002 ὅρον
1445 4930 1537 4979 τοῦ
1589 4922 1816 4999 ἑϐδόμου
1870 4923 1954 4997 ἦν,
2059 4943 2118 5000 ρ]

1950 4969 1954 4988 ,
2059 4927 2228 5000 prius
2259 4926 2320 4981 in
2352 4926 2589 4999 septimi
2615 4926 2838 4984 ﬁnibus
2870 4932 2999 4985 erat
3024 4934 3079 4985 et
3110 4934 3278 4986 extra
3307 4931 3730 4990 Constantino-

340 5029 436 5076 καὶ
483 5032 581 5085 τῆς
639 5018 1223 5079 Κωνσταντινουπόλεως
1268 5017 1362 5080 ἔξω
1416 5013 1658 5085 διέκειτο,
1709 5016 1820 5085 xui}
1863 5022 1955 5068 τοῦ
2061 5033 2120 5090 ρ(

1949 5022 1955 5062 ι
2061 5017 2249 5090 polim
2266 5017 2509 5088 jacebat
2530 5021 2584 5074 et
2614 5017 2687 5074 de
2716 5018 2848 5075 Jobi
2886 5020 3133 5076 nomine
3163 5019 3474 5078 dicebatur
3500 5041 3513 5079 :
3566 5040 3729 5081 nunc

342 5111 468 5167 Ἰὼϐ
518 5111 796 5183 ἐπελέγετο,
846 5118 933 5162 νῦν
994 5105 1051 5162 δε
1093 5108 1235 5170 ἐντὸς
1286 5106 1445 5167 αὐτῆς
1501 5107 1707 5179 ὁρᾶται,
1741 5110 1832 5158 καὶ
1886 5112 1956 5176 τῷ
2064 5124 2122 5164 al

1948 5128 1956 5154 ι
2064 5112 2267 5164 autem
2296 5107 2453 5163 intra
2511 5107 2729 5164 urbem
2786 5108 3021 5165 videtur
3050 5113 3109 5166 et
3138 5111 3331 5167 sancti
3370 5114 3538 5170 Mocii
3573 5118 3728 5171 tem-

341 5211 439 5256 τοῦ
496 5202 650 5272 ἁγίου
706 5206 920 5254 Μωκίου
972 5218 1066 5271 νεῳ
1123 5205 1418 5271 συνομορεί·
1465 5201 1555 5248 καὶ
1607 5204 1859 5269 τιμῶνται
1909 5193 1957 5247 ἐν
2065 5197 2121 5270 p]

1952 5216 1957 5238 ν
2065 5197 2166 5270 plo
2199 5196 2437 5253 conﬁne
2463 5202 2592 5264 est;
2648 5202 2705 5254 et
2750 5198 3128 5255 honorantur
3157 5199 3219 5256 in
3268 5216 3339 5258 eo
3389 5204 3645 5260 Faustus
3675 5202 3732 5261 et

346 5293 494 5363 αὐτῷ
561 5300 799 5354 Φαῦστος
872 5296 962 5343 καὶ
1042 5288 1332 5363 Δαλμάτιος
1384 5290 1478 5339 συν
1550 5286 1818 5358 Ἰσαακίῳ,
1890 5287 1958 5348 ὡς
2066 5289 2126 5342 D;

1952 5307 1958 5346 :
2066 5286 2399 5343 Dalmatius
2457 5304 2597 5343 cum
2654 5288 2884 5345 Isaaco.
2944 5290 3186 5363 Recepit
3214 5291 3372 5347 enim
3406 5299 3620 5365 postea
3653 5296 3732 5354 ab

349 5380 637 5456 δεξαμένης
694 5380 743 5444 ἐς
799 5382 1016 5456 ὕστερον
1091 5379 1397 5452 πλατυσμόν
1463 5386 1559 5439 τῆς
1625 5383 1959 5430 Κωνσταντι-
2066 5379 2128 5450 ip

1956 5407 1959 5415 ι
2066 5379 2200 5450 ipso
2248 5377 2583 5434 Theodosio
2612 5379 3025 5437 extensionem
3081 5381 3651 5457 Constantinopolis,
3699 5402 3736 5443 a

347 5475 638 5535 νουπόλεως
666 5475 811 5548 παρὰ
838 5480 927 5525 τοῦ
992 5471 1153 5524 αὐτοῦ
1194 5466 1509 5540 Θεοδοσίου,
1538 5468 1620 5541 ὑφ’
1654 5464 1713 5521 οὗ
1761 5473 1852 5521 καὶ
1898 5470 1965 5521 τὰ
2073 5484 2127 5540 ql

1956 5488 1965 5521 ι
2073 5483 2217 5540 quo,
2253 5471 2318 5524 ut
2348 5468 2533 5536 aiunt,
2566 5469 2867 5525 terrestria
2897 5468 3064 5525 urbis
3109 5468 3293 5542 hujus
3324 5472 3551 5531 moenia
3579 5474 3736 5533 intra.

351 5573 592 5642 χερσαῖα
617 5569 773 5637 τείχη
832 5570 927 5626 τῆς
963 5562 1125 5625 αὐτῆς
1178 5581 1335 5636 φασιν
1384 5559 1577 5623 πόλεως
1629 5556 1704 5613 δι’
1760 5561 1964 5635 ἡμερῶν
2074 5557 2131 5615 di

1958 5581 1964 5604 ν
2074 5557 2203 5615 dies
2233 5557 2550 5630 sexaginta
2574 5562 2773 5616 erecta
2803 5562 2960 5617 sunt.
2993 5563 3084 5617 An
3126 5576 3272 5619 vera
3300 5560 3375 5619 sit
3408 5561 3540 5619 haec
3570 5563 3738 5624 fama
