4508 6436
888 355 955 409 39

885 493 1010 533 non
1036 479 1312 533 accurate
1339 475 1482 531 scio.
1507 473 1826 546 Improbus
1856 474 2034 545 igitur
2063 474 2360 546 Eutyches
2383 471 2538 528 blas-

885 567 1182 638 phemans
1231 565 1470 620 dicebat
1518 580 1582 620 se
1609 565 1757 619 scire
1790 565 2112 620 Dominum
2142 568 2416 619 nostrum
2449 564 2539 619 Je-

885 672 1022 711 sum
1065 656 1358 711 Christum
1391 671 1459 710 ex
1492 654 1735 710 duabus
1763 655 2100 711 constitisse
2143 655 2375 710 naturis
2405 657 2543 709 ante

883 746 1196 812 unionem,
1229 760 1300 800 ex
1334 744 1512 800 unica
1559 760 1704 800 vero
1741 749 1877 816 post
1906 745 2227 812 unionem;
2273 748 2331 799 et
2369 759 2541 798 sanc-

882 834 1184 890 tissimam
1214 833 1463 906 quidem
1487 833 1788 904 Virginem
1833 832 2405 890 consubstantialem
2431 848 2539 889 no-

879 923 973 979 bis
995 939 1156 991 esse;
1179 923 1284 996 qui
1312 927 1514 978 autem
1538 938 1610 978 ex
1631 938 1703 978 ea
1733 938 1976 978 carnem
2005 927 2332 994 receperat,
2354 925 2540 978 Deum

881 1011 1148 1068 Verbum
1172 1026 1296 1066 non
1326 1009 1503 1067 nobis
1522 1026 1654 1066 esse
1690 1011 2286 1067 consubstantialem.
2313 1011 2542 1083 Corpus

880 1101 1064 1166 enim,
1119 1101 1333 1173 inquit,
1386 1099 1600 1156 Christi
1655 1116 1877 1172 corpus
1924 1100 2082 1167 dico,
2112 1115 2236 1156 non
2282 1101 2412 1171 jam
2451 1103 2542 1156 est

876 1205 1101 1262 corpus
1141 1188 1429 1246 hominis.
1458 1189 1620 1245 Illius
1667 1189 1900 1245 amicus
1930 1195 1987 1246 et
2011 1190 2328 1246 familiaris
2357 1192 2539 1245 Euse-

873 1278 1014 1335 bius
1046 1279 1316 1350 Dorylea
1345 1278 1664 1350 episcopus
1705 1279 1928 1351 sapius
1956 1279 2126 1334 illum
2151 1279 2427 1335 hortatus
2453 1283 2542 1334 est

875 1371 943 1424 ut
970 1367 1114 1424 talia
1133 1367 1423 1437 dogmata
1442 1371 1620 1423 recta
1643 1366 1784 1424 ﬁdei
1807 1368 2111 1425 contraria
2134 1383 2257 1424 non
2283 1367 2536 1423 diceret;

874 1472 1014 1513 cum
1068 1461 1270 1513 autem
1327 1455 1497 1511 illum
1551 1455 1996 1512 immutabilem
2058 1459 2347 1521 cerneret,
2415 1455 2538 1512 Fla-

871 1546 1056 1602 viano
1111 1548 1256 1600 tunc
1285 1544 1574 1617 temporis
1606 1544 2158 1618 Constantinopolis
2182 1545 2537 1618 patriarcha

871 1633 1272 1690 denuntiavit.

942 1727 997 1778 2.
1028 1722 1136 1788 Qui
1167 1738 1306 1778 cum
1329 1721 1635 1794 Eutychen
1667 1722 1746 1777 ad
1768 1738 1830 1778 se
1859 1727 2155 1792 vocasset,
2179 1727 2380 1779 etrem
2412 1739 2534 1780 una

871 1828 1011 1869 cum
1044 1812 1125 1868 ibi
1151 1816 1428 1868 versante
1455 1812 1879 1884 episcoporum
1913 1813 2150 1884 synodo
2194 1814 2522 1870 examinas-

870 1904 982 1967 set,
1037 1899 1332 1971 Eutyches
1385 1915 1446 1954 se
1505 1898 1978 1955 condemnatum
2030 1900 2262 1970 videns,
2290 1902 2532 1958 cuidam

867 1992 1059 2046 Nomo
1080 1989 1348 2058 nomine,
1368 1993 1425 2044 et
1445 1993 1588 2043 tunc
1618 1989 1906 2060 temporis
1933 1990 2167 2046 consuli
2192 1995 2249 2046 et
2278 1992 2530 2064 Chrysa-

867 2079 992 2151 pho
1025 2078 1393 2134 cubiculario
1424 2083 1829 2147 cognomento
1857 2079 2097 2151 Zymba
2127 2080 2243 2152 ipsi
2267 2097 2528 2137 consen-

868 2167 1154 2225 tientibus
1184 2169 1486 2239 persuasit
1513 2173 1578 2224 ut
1607 2169 2035 2241 imperatorem
2068 2170 2142 2225 de
2171 2171 2241 2225 iis
2283 2187 2420 2243 qua
2452 2172 2530 2228 ad

864 2259 1067 2331 ipsum
1123 2258 1500 2330 spectabant,
1536 2258 1848 2314 certiorem
1890 2259 2172 2327 facerent,
2219 2276 2255 2316 a
2285 2261 2533 2333 patriar-

862 2348 980 2404 cha
1005 2347 1164 2402 male
1188 2347 1398 2403 haberi
1428 2347 1628 2403 virum
1651 2348 1819 2419 pium
1851 2353 1908 2403 et
1917 2349 2173 2419 justum.
2192 2351 2322 2415 Quo
2352 2351 2527 2423 facto,

866 2436 1195 2493 Florentius
1215 2435 1502 2509 patricius
1532 2451 1568 2491 a
1597 2436 1950 2493 consulibus
1984 2443 2038 2492 et
2063 2439 2529 2510 proconsulibus

860 2525 1082 2582 missus
1111 2530 1200 2581 est
1220 2540 1494 2581 sessurus
1527 2525 1587 2580 in
1622 2525 1882 2582 Flaviani
1912 2526 2147 2599 synodo
2175 2528 2529 2600 Eutychem-

859 2630 980 2687 que
1031 2613 1254 2685 injuria
1309 2615 1516 2669 vexari
1574 2629 1698 2670 non
1760 2616 2186 2687 permissurus.
2251 2619 2527 2676 Secundo

857 2703 1040 2775 igitur
1064 2707 1289 2759 statuto
1319 2703 1619 2773 examine,
1653 2705 1850 2774 magis
1901 2706 2082 2761 etiam
2131 2722 2317 2778 quam
2359 2709 2526 2780 prius

859 2793 1035 2849 mala
1065 2792 1355 2848 doctrina
1387 2793 1699 2849 convictus
1750 2798 1836 2849 est
1878 2795 2174 2867 Eutyches
2223 2800 2280 2851 et
2328 2812 2524 2854 sacer-

857 2881 1023 2939 dotio
1062 2882 1380 2954 depositus
1405 2887 1513 2938 est.
1578 2882 1694 2938 Sed
1737 2886 1963 2939 Nomus
1989 2889 2044 2939 et
2088 2885 2519 2957 Chrysaphius,

855 2971 977 3028 levi
1004 2971 1388 3044 imperatoris
1419 2970 1626 3027 animo
1673 2971 1898 3040 abusis,
1939 2988 2078 3029 eum
2121 2974 2428 3031 adduxere
2458 2981 2524 3033 ut

855 3059 1163 3132 synodum
1189 3059 1429 3130 juberet
1458 3058 1584 3115 ﬁeri
1631 3060 1843 3132 Ephesi
1879 3065 1934 3116 et
1971 3061 2231 3132 judicari
2273 3065 2520 3121 sanctis-

854 3149 1076 3206 simum
1127 3149 1477 3206 Flavianum
1537 3165 1674 3205 cum
1730 3151 1997 3222 Eutyche
2034 3152 2518 3224 deposito,judi-

851 3243 1026 3294 caute
1060 3238 1344 3295 Dioscoro
1380 3237 1754 3294 Alexandria
1786 3255 1924 3295 cum
1971 3241 2237 3313 Eutyche
2271 3259 2520 3300 consen-

851 3328 1049 3394 tiente,
1082 3331 1377 3400 prasente
1417 3331 1473 3383 et
1525 3331 1812 3384 Barsumo
1854 3328 2212 3402 presbytero
2242 3336 2299 3389 et
2327 3333 2519 3390 archi-

852 3417 1159 3473 mandrita
1193 3416 1515 3488 cujusdam
1546 3417 1604 3472 in
1640 3418 1875 3475 Oriente
1921 3421 2288 3490 monasterii,
2312 3423 2414 3495 qui
2454 3427 2520 3481 ut

848 3507 1220 3564 orthodoxus
1278 3507 1618 3563 habebatur
1657 3507 1895 3580 vitaque
1953 3509 2516 3584 irreprehensibilis,

850 3613 989 3652 cum
1018 3601 1220 3651 tamen
1253 3595 1407 3651 alius
1434 3600 1588 3651 esset
1620 3597 1913 3668 Eutyches
1959 3599 2164 3670 quoad
2191 3599 2466 3658 haresim
2499 3620 2512 3671 ;

844 3702 1113 3760 praesse
1140 3690 1343 3742 autem
1368 3684 1604 3757 synodo
1629 3686 1983 3742 Dioscorum
2011 3687 2516 3758 Alexandria,.lu-

754 3827 757 3830 _
843 3775 1119 3832 venalem
1146 3774 1594 3847 Hierosolyma,
1627 3774 2006 3832 Thalassium
2036 3780 2303 3852 Casara,
2330 3783 2512 3838 Euse-

840 3865 1014 3922 bium
1069 3869 1324 3937 Ancyra
1376 3865 1438 3920 in
1497 3863 1744 3934 Galatia,
1800 3864 2089 3922 Basilium
2140 3868 2420 3927 Seleucia
2451 3872 2512 3930 in

843 3955 1095 4017 Isauria,
1131 3953 1507 4011 Eustathium
1539 3955 1732 4026 Beryti
1762 3973 1774 4010 :
1828 3971 2200 4029 omnemque
2251 3963 2512 4018 auctori-

839 4048 1025 4101 tatem
1048 4048 1105 4100 et
1125 4043 1606 4100 dominationem
1629 4043 1982 4100 Dioscorum
2017 4045 2270 4117 habere;
2295 4052 2510 4109 adesse

840 4137 896 4189 et
936 4133 1289 4190 Flavianum
1341 4132 1909 4206 Constantinopolis,
1943 4139 1997 4191 et
2026 4138 2350 4196 Eusebium
2401 4143 2509 4199 Do-

835 4222 1041 4296 rylea,
1073 4222 1226 4278 nihil
1269 4237 1372 4279 eos
1421 4237 1601 4293 agere
1648 4228 1853 4280 tamen
1885 4230 1989 4281 aut
2037 4225 2256 4296 dicere,
2290 4233 2356 4286 ut
2382 4246 2506 4288 non

833 4313 1130 4371 habentes
1167 4313 1578 4384 judicantium
1624 4314 1902 4372 ordinem
1943 4316 2048 4373 sed
2088 4317 2346 4377 aliorum
2379 4338 2507 4378 exs-

831 4408 1142 4478 pectantes
1183 4400 1492 4474 suffragia,
1533 4404 1849 4477 quoniam,
1891 4405 2106 4480 inquit,
2148 4425 2220 4466 ea
2257 4427 2394 4484 qua
2425 4413 2504 4470 ab

833 4496 905 4551 iis
935 4494 1144 4550 decisa
1174 4496 1334 4560 sunt,
1367 4509 1529 4550 nunc
1553 4494 1924 4566 judicantur.

2219 350 2489 406 NICET/E
2537 348 2911 404 CHONIAT/E

4178 362 4251 413 40

2572 473 2618 524 Α
2654 469 2990 546 ἀνεγερθῆναι
3047 470 3317 534 ἰξήκονταο
3378 473 3421 525 εἰ
3497 470 3554 526 δε
3611 480 3700 527 καὶ
3753 475 3952 539 ἀληθὴς
4009 479 4034 530 ὀ
4107 479 4255 551 λόγος

2651 558 2823 628 οὗτος,
2881 558 3109 633 ἀκριϐῶς
3166 561 3258 613 ούκ
3315 564 3492 635 ἴσημι.
3556 563 3718 623 Οὗτος
3782 563 3869 618 οὖν
3933 568 3958 618 ό
4031 563 4257 631 δείλαιος

2652 647 2899 719 Εὐτυχῆς
2976 648 3304 722 βλασφημῶν
3390 650 3556 722 ἔλεγεν
3637 648 3825 704 εἰδέναι
3903 658 3989 708 τόν
4067 659 4256 731 Κύριον

2651 737 2798 808 ἡμῶν
2830 736 3036 795 Ἰησοῦν
3082 743 3314 814 Χριστὸν
3362 738 3417 792 ἐκ
3468 737 3565 793 δύο
3603 743 3694 813 μὲν
3753 744 3950 813 φύσεων
4009 748 4110 817 πρὸ
4158 755 4255 808 τῆς

2653 824 2898 895 ἑνωσεως,
2957 833 3083 898 μιᾶς
3146 825 3205 881 δε
3270 848 3402 902 μετα
3459 835 3552 886 τὴν
3619 831 3820 882 ἕνωσιν·
3871 837 3961 884 καὶ
4011 838 4106 892 τὴν
4165 837 4253 906 μεν

2651 914 2808 985 ἁγίαν
2862 921 3115 969 Θεοτόκον
3171 918 3446 990 ὁμοούσιον
3491 920 3616 991 ἡμῖν
3665 920 4037 994 ὑπάρχουσαν,
4068 925 4155 974 τὸν
4195 919 4255 974 δέ

2651 1003 2707 1066 ἐξ
2764 1005 2929 1068 αὐτῆς
2987 1009 3321 1080 σαρκωθέντα
3378 1011 3506 1061 Θεὸν
3571 1013 3739 1080 Λόγον
3810 1009 3914 1082 ούχ
3976 1012 4251 1083 ὀμοούσιον

2651 1094 2797 1166 ἡμῖν.
2846 1104 3001 1168 Σῶμα
3036 1099 3158 1170 γὰρ,
3211 1102 3363 1170 φησὶ,
3394 1098 3526 1169 λέγω
3564 1101 3622 1150 τὸ
3653 1106 3745 1151 τοῦ
3792 1106 4028 1172 Χριστοῦ
4080 1111 4251 1175 σῶμα,

2652 1183 2826 1236 οὐκέτι
2865 1181 2925 1238 δε
2977 1191 3065 1238 καὶ
3144 1195 3298 1259 σῶμα
3365 1185 3662 1260 ἀνθρώπου.
3711 1188 3885 1260 Τούτῳ
3945 1189 4087 1261 φίλος
4163 1196 4253 1244 καὶ

2649 1279 2908 1347 γνώριμος
2967 1277 3034 1326 ὧν
3065 1274 3313 1339 Εὐσέϐιος
3370 1278 3395 1328 ὁ
3441 1276 3724 1352 Δορυλαίου
3783 1277 4082 1345 ἐπίσκοπος,
4123 1281 4252 1333 πολ-

2648 1362 2796 1426 λάκις
2863 1369 3123 1438 παρῄνεσε
3183 1369 3255 1438 μὴ
3334 1374 3555 1419 τοιαῦτα
3630 1366 3790 1438 λέγειν
3853 1367 4098 1442 ἀλλότρια
4158 1379 4252 1432 τῆς

2649 1453 2809 1524 ὀρθῆς
2839 1449 3085 1527 δόγματα
3110 1459 3356 1516 πίστεως·
3392 1457 3525 1531 ὁρῶν
3568 1452 3627 1509 δὲ
3664 1455 3992 1529 ἀμεταθέτως
4035 1461 4250 1530 ἔχοντα,

2648 1540 2917 1614 Φλαϐιανῷ
3006 1544 3356 1616 προσήγγειλε
3450 1548 3508 1598 τὸ
3573 1553 3864 1604 τηνικαῦτα
3940 1551 4247 1623 πατριάρχῃ

2650 1637 2762 1684 Κων
2771 1633 3241 1694 σταντινουπόλεως
3255 1676 3267 1688 .

2719 1719 2787 1792 β’.
2844 1722 2920 1773 Οὖ
2973 1722 3458 1795 μετακαλεσαμένου
3512 1726 3598 1776 τὸν
3652 1723 3915 1796 Εύτυχέα,
3976 1729 4068 1776 καὶ
4119 1729 4250 1798 μετὰ

2570 1831 2616 1886 Β
2646 1818 2741 1870 τῆς
2792 1806 3124 1883 ένδημούσης
3175 1820 3275 1864 τῶν
3318 1811 3614 1864 ἐπισκόπων
3650 1809 3874 1865 συνόδου
3926 1816 3985 1865 τὸ
4030 1821 4248 1887 πρᾶγμα

2647 1899 2987 1967 ζητήσαντος,
3045 1897 3172 1953 ἰδὼν
3245 1901 3491 1973 Εύτυχής
3544 1907 3977 1976 κατακρινόμενον
4043 1902 4242 1969 ἑαυτὸν,

2644 1992 2815 2060 Νόμον
2868 1992 2984 2041 τινὰ
3036 1988 3347 2061 καλούμενον
3395 1995 3484 2042 καὶ
3538 1990 3733 2042 ὕπατον
3778 1995 3900 2043 ὄντα
3943 1990 4053 2043 κατ’
4087 1990 4243 2045 ἐκεῖνο

2642 2086 2849 2150 καιροῦ,
2881 2081 3013 2150 πρὸς
3071 2075 3131 2131 δὲ
3185 2083 3275 2130 καὶ
3333 2082 3640 2154 Χρυσάφιον
3693 2078 4121 2155 κουϐικουλάριον
4159 2086 4244 2133 τόν

2643 2165 2854 2225 ἐπίκλην
2894 2167 3172 2239 Τζούμϐαν
3211 2170 3276 2227 ὡς
3335 2168 3640 2243 ὁμόφρονας,
3674 2171 3843 2222 ἔπεισε
3905 2177 3976 2241 τῷ
4037 2169 4249 2243 βασιλεῖ

2640 2262 2899 2330 γνωρίσαι
2944 2261 3009 2310 τὰ
3059 2258 3172 2310 κατ’
3230 2258 3411 2328 αὐτόν,
3455 2256 3759 2312 ἀδικεῖσθαι
3810 2262 3954 2333 παρὰ
4004 2269 4095 2313 τοῦ
4139 2282 4245 2314 πα·-

2640 2350 2903 2422 τριάρχου
2950 2347 3193 2420 λέγοντας
3246 2345 3418 2424 ἄνδρα
3463 2348 3673 2410 θεοσεϐῆ
3735 2355 3826 2403 καὶ
3883 2347 4123 2403 δίκαιονο
4185 2352 4244 2404 οὖ

2639 2442 2930 2510 γεγονότος,
3029 2437 3290 2512 ἐπετράπη
3389 2437 3697 2512 Φλωρέντιος
3792 2443 4066 2515 πατρίκιος
4144 2440 4242 2493 ἀπὸ

2639 2528 2846 2580 ὑπάτων
2903 2547 2958 2580 τε
3009 2533 3099 2580 καὶ
3157 2527 3403 2602 ἐπάρχων
3461 2525 3809 2603 συνεδρεῡσαι
3854 2537 3914 2588 τῆ
3953 2533 4088 2582 κατὰ
4118 2531 4244 2584 Φλα-

2639 2617 2812 2669 ϐιανὸν
2855 2614 3082 2688 συνόδῳ,
3133 2621 3224 2669 καὶ
3278 2622 3349 2690 μὴ
3406 2614 3661 2690 περιιδεῖν
3702 2614 4043 2690 ἀδικούμενον
4085 2622 4243 2671 Εὐτυ-

2634 2711 2759 2778 χέο..
2811 2711 3091 2768 Ζητήσεως
3150 2714 3427 2781 τοιγαροῦν
3476 2705 3747 2780 προϐάσης
3798 2703 4064 2783 δευτέρας,
4105 2708 4238 2782 μάλ-

2633 2795 2717 2847 λον
2772 2797 2802 2854 ἢ
2858 2801 3105 2872 πρότερον
3169 2795 3413 2868 Εύτυχὴς
3475 2795 3712 2867 ἠλέγχθη
3767 2793 4089 2864 κακοδοξῶν,
4148 2803 4235 2850 καὶ

2635 2885 2790 2938 αύτόν
2877 2885 3185 2960 Φλωρέντιον
3262 2883 3510 2956 ἐσχηκὼς
3575 2883 4085 2958 καταψηφιζόμενον,
4152 2885 4234 2950 ἒξ-

2633 2979 2780 3028 έπεσε
2827 2983 2921 3037 τῆς
2973 2977 3274 3048 ἱερωσύνης.
3328 2973 3461 3026 Ἀλλ’
3520 2975 3568 3027 οἱ
3613 2979 3732 3047 περὶ
3770 2977 3857 3027 τόν
3912 2980 4086 3048 Νόμον
4145 2980 4233 3028 καὶ

2630 3068 2718 3116 τὸν
2800 3067 3127 3139 Χρυσάφιον,
3189 3063 3626 3137 ἁποχρησάμενοι
3691 3071 3752 3136 τῇ
3824 3071 3915 3116 τοῦ
3979 3064 4235 3138 βασιλέως

2560 3191 2599 3246 C
2629 3159 2936 3227 κουφότητι,
2977 3154 3219 3207 κελεῦσαι
3264 3156 3662 3228 παρεσκεύασαν
3702 3153 3858 3206 αὐτὸν
3935 3152 3982 3205 έν
4036 3154 4232 3226 Ἐφέσῳ

2627 3246 2866 3316 γενέσθαι
2915 3240 3155 3307 σύνοδον,
3205 3247 3295 3295 καὶ
3325 3245 3571 3317 κριθῆναι
3621 3245 3709 3294 τὸν
3762 3242 4050 3314 ἁγιώτατον
4106 3243 4233 3296 Φλα-

2629 3333 2803 3386 ϐιανὸν
2849 3333 2958 3405 μετ’
3015 3332 3292 3405 Εύτυχοῦς
3347 3339 3436 3385 τοῦ
3485 3334 3873 3408 καθῃρημένου,
3926 3329 4234 3395 δικάζοντος

2629 3427 2914 3499 Διοσκόρου
2963 3430 3054 3474 τοῦ
3103 3418 3494 3496 Ἀλεξανδρείας
3559 3418 3820 3494 ὀμοδόξου
3867 3430 3939 3494 τῷ
3980 3421 4230 3494 Εύτυχεί,

2625 3518 2878 3589 παρόντος
2936 3509 2994 3565 δὲ
3046 3516 3136 3564 καὶ
3179 3517 3466 3586 Βαρσουμᾶ
3519 3509 3873 3590 πρεσϐυτέροδυ
3928 3516 4017 3564 καὶ
4064 3511 4232 3586 ἁρχι-

2625 3599 2917 3677 μανδρίτου
2967 3606 3108 3664 τινός
3171 3609 3270 3654 τῶν
3328 3603 3465 3652 κατὰ
3518 3605 3607 3658 τὴν
3677 3600 3779 3655 Ἕω
3850 3606 4228 3674 μοναστηρίου,

2626 3689 2910 3765 ὀρθοδόξου
2968 3694 3058 3764 μεν
3126 3692 3504 3763 ὑπονοουμένου
3579 3696 3668 3742 καὶ
3731 3689 4076 3748 ἀνεπιλήπτου
4144 3693 4230 3744 τόν

2626 3782 2766 3855 βίον,
2816 3781 2972 3834 οἷλλου
3029 3777 3219 3839 δὲτὴν
3278 3783 3478 3854 αἳρεσιν
3545 3779 3816 3851 Εύτυχοϋς
3872 3781 4225 3853 ὑπάρχοντος·

2621 3869 3028 3948 προεδρεύοντας
3059 3874 3149 3943 μὲν
3179 3869 3309 3923 εἶναι
3360 3878 3454 3932 τῆς
3518 3865 3742 3922 συνόδου
3811 3873 4093 3943 Διόσκορον
4140 3889 4228 3922 τον

2623 3956 3033 4036 Ἀλεξανδρειας,
3092 3957 3429 4012 Ἰουϐενάλιον
3503 3961 3590 4010 τὸν
3668 3956 4057 4030 Ἱεροσολύμων,
4119 3966 4227 4010 Θα-

2619 4051 2838 4104 λάσσιον
2880 4053 2968 4102 τὸν
3025 4052 3360 4121 Καισαρείας,
3408 4046 3657 4100 Εύσέϐιον
3712 4049 3798 4099 τὸν
3834 4045 4088 4123 ’Λγκύρας
4131 4055 4228 4110 τῆς

2619 4141 2894 4211 Γαλατίας,
2951 4138 3216 4192 Βασίλειον
3271 4140 3357 4189 τόν
3417 4136 3713 4198 Σελευκείας
3761 4145 3857 4197 τῆς
3939 4135 4223 4210 Ἰσαυρίας,

2617 4231 2908 4286 Εύστάθιον
2969 4233 3057 4282 τὸν
3107 4234 3385 4300 Βηρυτοῦ⁶
3454 4231 3549 4285 τὴν
3609 4222 3668 4279 δὲ
3721 4231 3897 4278 πᾶσαν
3955 4226 4224 4279 αύθεντίαν

2562 4309 2567 4313 ’
2615 4327 2706 4376 καὶ
2760 4324 3050 4396 κυριότητα
3091 4321 3179 4370 τὸν
3218 4321 3499 4390 Διόσκορον
3540 4318 3701 4388 ἔχειν’
3755 4322 3997 4388 παρεῖναι
4042 4312 4101 4368 δὲ
4135 4321 4225 4368 καὶ

2615 4411 2899 4467 Φλαϐίανὸν
2983 4411 3070 4462 τὸν
3149 4405 3759 4470 Κωνσταντινουπόλεως,
3814 4409 3904 4457 καὶ
3977 4404 4224 4458 Εύσέϐιον

2533 4505 2579 4558 D
2613 4508 2700 4558 τὸν
2756 4501 3059 4576 Δορυλαίου,
3117 4498 3418 4570 ἡσυχάζειν
3475 4500 3650 4570 μέντοι
3697 4500 3786 4547 καὶ
3827 4494 3988 4566 λέγειν
4032 4491 4221 4567 μηδὲν,

830 4587 894 4646 ὡς
946 4588 1018 4656 μὴ
1075 4579 1344 4635 δικαστῶν
1397 4581 1680 4656 ἐπέχοντας
1727 4584 1896 4654 τάξιν,
1941 4583 2068 4639 ἀλλὰ
2113 4592 2206 4646 τὴν
2250 4599 2350 4642 τῶν
2408 4595 2573 4648 οῖλλῶν
2621 4591 3004 4666 ἐκδεχομένους
3059 4588 3254 4663 ψῆφον,
3305 4583 3486 4646 ἐπειδὴ
3554 4587 3621 4638 τὰ
3672 4583 3793 4659 παρ’
3846 4583 4016 4636 αὐτῶν
4068 4604 4224 4656 φησι,

828 4671 1105 4749 κεκριμένα
1133 4681 1220 4724 νῦν
1254 4669 1288 4725 δ
1292 4672 1621 4745 οκιμάζεται.

901 4768 953 4820 3.
1003 4761 1250 4836 Synodo
1271 4762 1455 4832 igitur
1477 4766 1867 4834 congregata,
1909 4763 2219 4836 ingressus
2247 4774 2339 4828 est
2375 4772 2500 4831 Fla-

825 4853 1045 4911 vianus
1108 4857 1403 4925 tanquam
1465 4867 1623 4924 reus,
1658 4858 1716 4909 et
1765 4854 1917 4910 sedit
1957 4855 2248 4928 quintus;
2294 4861 2502 4920 vicarii

827 4947 1033 5001 autem
1075 4942 1310 4999 Leoniis
1377 4943 1747 4999 sanctissimi
1794 4946 1999 5001 Roma
2071 4946 2273 5021 Papa,
2307 4951 2500 5009 Julius

825 5033 1154 5107 episcopus
1195 5036 1252 5089 et
1306 5031 1564 5089 Hilarius
1618 5032 1934 5103 diaconus,
1990 5037 2310 5110 epistolam
2365 5043 2497 5115 ejus

824 5123 1239 5195 dogmaticam
1270 5121 1349 5178 ad
1372 5121 1680 5194 synodum
1702 5123 1996 5181 directam
2018 5128 2410 5199 proferentes,
2435 5136 2501 5190 ut

823 5229 894 5271 ea
910 5214 1208 5284 legeretur
1228 5211 1473 5284 petiere;
1496 5211 1816 5269 Dioscorus
1838 5212 1899 5270 id
1923 5215 2116 5273 noluit
2144 5221 2494 5279 concedere.

823 5303 1086 5376 Eutyche
1118 5316 1300 5375 porro
1329 5301 1693 5372 introducto,
1721 5318 1862 5360 eum
1895 5303 2215 5365 Dioscorus
2243 5309 2496 5370 interro-

822 5395 986 5466 gavit
1029 5408 1181 5448 num
1227 5391 1466 5464 synodo
1497 5391 1752 5448 Nicana
1793 5397 1851 5449 et
1888 5395 2127 5468 synodo
2179 5400 2493 5472 Ephesina

819 5484 1196 5550 adhareret;
1229 5481 1333 5554 qui
1366 5480 1471 5538 ubi
1517 5483 1833 5555 respondit
1873 5501 1936 5541 se
1983 5487 2311 5560 adhaerere,
2343 5492 2494 5550 nihil

820 5572 1085 5648 amplius
1117 5571 1237 5642 egit
1261 5571 1336 5628 de
1370 5571 1606 5639 haresi,
1637 5573 1737 5628 sed
1772 5573 1855 5630 ita
1883 5573 2121 5633 locutus
2171 5584 2296 5637 est:
2332 5584 2491 5649 Quo-

817 5666 986 5736 niam
1006 5661 1306 5736 Eutyches
1330 5661 1474 5720 dicit
1494 5676 1557 5720 se
1578 5661 1831 5721 Nicana
1848 5665 2229 5740 etEphesina
2247 5673 2489 5746 synodo

2679 4771 2746 4845 γ’.
2813 4777 2918 4831 Τῆς
3002 4765 3230 4822 συνόδου
3306 4769 3478 4819 τοίνυν
3541 4762 3940 4838 ἀθροισθείσης,
4017 4762 4226 4822 εἰσῆλθε

2611 4861 2897 4923 Φλαειανὸς
2959 4861 3027 4922 ὡς
3085 4860 3424 4932 κατάκριτος,
3489 4859 3579 4907 καὶ
3651 4852 3906 4911 ἐκαθέσθη
3967 4857 4220 4925 πέμπτος.

2610 4955 2677 5005 Οἱ
2726 4949 2785 5005 δε
2815 4953 3171 5025 τοποτηρηταὶ
3217 4951 3432 5007 Λέοντος
3461 4952 3554 4997 τοῦ
3598 4944 3895 5018 ἁγιωτάτου
3927 4945 4079 4996 πάπα
4107 4948 4222 4996 Pab-

2608 5062 2735 5115 μης,
2784 5041 2998 5102 Ἰούλιος
3059 5033 3347 5100 ἐπίσκοπος
3388 5040 3479 5089 καὶ
3525 5033 3742 5109 Ἰλάριος
3794 5030 4051 5104 διάκονος,
4109 5031 4223 5085 ἄπι-

2611 5131 2797 5191 στολὴν
2872 5130 3032 5184 αὐτοῦ
3088 5125 3421 5202 δογματικήν
3496 5131 3558 5198 τῆ
3618 5119 3825 5196 συνόδῳ
3896 5123 4221 5197 πεμφθεῖσαν

2608 5227 2968 5298 προφέροντες,
3017 5220 3201 5283 ἠξίουν
3259 5216 3662 5297 ᾄναγνωσθῆναι
3705 5217 3902 5271 ταύτην
3932 5229 3945 5243 ⁸
4007 5211 4117 5265 ἄλλ’
4173 5214 4222 5264 οἱ

2607 5318 2724 5388 περὶ
2773 5317 3054 5385 Διόσκορον
3105 5309 3164 5362 ού
3221 5311 3623 5382 συνεχώρησαν.
3651 5304 3945 5376 ,Εύτυχοῦς
3984 5298 4037 5354 δ’
4083 5301 4226 5354 εἰσα-

2603 5406 2845 5476 χθέντος,
2897 5402 2923 5454 ό
2987 5404 3270 5474 Διόσκορος
3336 5400 3490 5470 ἤρετο
3552 5401 3739 5447 τοῦτον
3807 5393 3850 5446 εἰ
3920 5393 4220 5445 συντίθεται

2602 5502 2665 5567 τῇ
2715 5492 2763 5546 ίν
2793 5496 2992 5564 Νικαίᾳ
3033 5486 3240 5561 συνόδῳ
3279 5491 3370 5540 καὶ
3405 5494 3466 5559 τῇ
3519 5483 3566 5538 ἐν
3623 5485 3819 5556 Ἐφέσῳ
3870 5486 3964 5535 σὺν
4012 5483 4210 5554 ταύτῃ.

2600 5591 2704 5638 Τοῦ
2768 5581 2826 5638 δε
2885 5583 3117 5644 εἰπόντος
3194 5578 3554 5643 συντίθεσθαι,
3621 5578 3739 5648 περὶ
3805 5579 3901 5635 τῆς
3969 5574 4219 5646 αἱρέσεως

2599 5670 2752 5730 ούδὶν
2828 5673 3330 5750 ἔπολυπραγμόνησε
3427 5665 3599 5734 πλέον,
3706 5662 3834 5717 ἀλλὰ
3933 5657 3967 5715 δ
3975 5660 4216 5722 ιελὰλησε
