4508 6436
197 446 263 506 ﬂ
1551 434 1900 500 THESAURI
1939 437 2065 496 LIB.
2107 441 2196 498 IX.
3499 440 3570 506 Ω

197 576 380 634 οὕτως·
451 564 664 630 Ἐπειδὴ
731 567 985 641 Εὐωχής
1044 565 1341 622 ἀκολουθεῖν
1405 586 1538 641 φησι
1591 574 1702 630 τοῖς
1754 565 1802 619 έν
1837 565 1977 622 AOI:

1790 587 1802 617 ρ
1837 569 1883 622 Α
1911 565 2189 639 obsequi,
2219 565 2629 626 orthodoxum
2649 583 2789 626 eum
2827 565 3126 628 habemus
3152 571 3212 629 et
3235 570 3570 630 sacerdotio

196 668 398 733 Νικαίᾳ
449 665 537 713 καὶ
567 668 629 732 τῇ
687 657 736 711 έν
787 656 982 730 Ἐφέσῳ
1040 653 1269 730 συνόδῳ,
1310 654 1590 732 ὁρθὸδοξον
1645 656 1802 710 αὐτὸν
1910 669 1976 727 pr

1788 677 1802 708 ρ
1910 654 2259 727 prOpriique
2293 657 2643 714 monasterii
2687 657 3126 729 gubernatione
3154 658 3408 733 dignum
3436 675 3568 718 esse

196 753 489 824 ἡγούμεθα,
544 754 762 808 καὶτῆς
811 749 1094 818 ἱερωσύνης
1141 745 1286 809 ἄξιον
1339 751 1429 800 καὶ
1483 755 1576 806 τῆς
1626 743 1804 818 ἀρχῆς
1910 757 1976 798 08

1789 765 1804 808 ς
1910 757 2244 799 censemus.
2281 747 2414 802 Haec
2459 745 2696 803 locutus
2742 747 2971 805 curavit
3007 752 3075 804 ut
3103 763 3314 806 omnes
3351 753 3411 806 ct
3434 748 3569 822 ipse

197 841 291 893 καί
335 848 429 893 τοῦ
479 836 617 892 ἰδίου
661 841 1039 912 μοναστηρίου.
1083 842 1263 889 Ταῦτα
1301 832 1624 897 διαλαλήσας
1659 854 1801 909 παρ·
1913 834 1977 889 Ba

1787 865 1801 876 -
1913 834 2230 890 Barsumas
2273 834 2404 907 ejus
2441 835 2802 893 innocentia
2843 836 3308 896 subscriberent.
3344 839 3567 898 Deinde

197 933 481 982 εσκεύασεν
530 926 838 1000 ὑπογράψαι
888 933 950 999 τῇ
998 925 1274 997 Εὔτυχοῡς
1317 927 1558 978 άθωῶσει
1604 925 1803 985 πάντας
1909 937 1977 978 ru

1789 943 1803 985 ;
1909 937 2116 979 rursus
2132 923 2386 981 verbum
2415 925 2585 984 fecit:
2619 927 2919 993 Quoniam
2949 928 3188 985 Nicaena
3211 929 3488 1002 synodus
3510 933 3569 989 et

196 1025 289 1071 καὶ
369 1017 526 1072 αὐτόν
617 1021 947 1090 Βαρσουμᾶν·
1037 1016 1148 1067 εἶτα
1225 1013 1379 1066 πάλιν
1469 1012 1798 1086 ἐξεφώνησεν·
1909 1027 1976 1084 qt'

1788 1029 1798 1044 -
1909 1027 2046 1084 quae
2075 1012 2242 1084 prius
2285 1013 2497 1086 Ephesi
2530 1014 2738 1073 habita
2767 1021 2894 1073 erat
2935 1015 3298 1075 definierunt
3337 1018 3568 1077 nemini

197 1095 417 1168 Ἐπειδῆ
482 1111 512 1167 ᾖ
563 1126 616 1160 τε
690 1105 738 1158 έν
811 1110 1009 1176 Νικαίᾳ
1066 1100 1288 1165 σύνοδος
1342 1108 1432 1156 καὶ
1491 1105 1520 1162 ἠ
1579 1103 1803 1156 ἐνταῦθα
1907 1100 1977 1157 lic

1789 1123 1803 1154 ι
1907 1100 2083 1158 licere
2110 1101 2290 1159 aliam
2330 1104 2514 1161 fidem
2545 1121 2848 1178 exponere
2888 1111 2994 1162 aut
3020 1123 3288 1180 quaerere
3313 1113 3371 1166 et
3396 1109 3569 1167 inno-

193 1203 378 1272 πρώτη
434 1196 706 1250 έτύπωσαν
759 1191 947 1269 μηδενὶ
987 1195 1174 1257 ἐξεῖναι
1222 1198 1402 1246 πίστιν
1456 1191 1628 1267 έτέραν
1671 1191 1799 1245 έκτιο
1909 1206 1973 1245 va

1787 1223 1799 1231 -
1909 1206 2049 1246 vare
2090 1191 2429 1265 quidquam
2473 1193 2659 1261 aliud,
2708 1200 2814 1252 aut
2856 1195 3107 1252 omnino
3153 1197 3445 1256 suscitare
3491 1197 3567 1256 de

193 1290 404 1356 θεσθαι,
457 1288 486 1345 ἣ
542 1286 739 1354 ζητεῖν,
795 1285 824 1343 ἣ
865 1291 1190 1359 καινουργεῖν
1229 1303 1299 1354 τι,
1345 1284 1374 1342 ἣ
1444 1282 1568 1344 ὣως
1625 1279 1801 1334 ἀνακι-
1907 1294 1973 1336 nc

1789 1312 1801 1323 -
1907 1285 2118 1337 nostra
2147 1286 2354 1338 sancta
2384 1280 2700 1354 religione;
2730 1283 3010 1340 videntur
3028 1290 3228 1342 autem
3252 1286 3569 1345 Flavianus

190 1386 294 1430 νεῖν
356 1382 475 1451 περὶ
540 1384 633 1438 τῆς
691 1376 906 1446 ευαγοῡς
962 1375 1108 1446 ἡμῶν
1165 1375 1469 1443 θρησκείας,
1534 1375 1801 1445 φαίνονται
1909 1369 1970 1425 C(

1789 1391 1801 1422 ι
1909 1369 2453 1444 Constantinopolis
2474 1375 2531 1428 et
2561 1372 2852 1430 Eusebius
2875 1372 3140 1446 Dorylete
3163 1374 3430 1433 scandali
3453 1381 3569 1433 tur-

193 1465 602 1528 δέόλαϐιανὸς
657 1466 684 1517 6
751 1461 1358 1535 Κωνσταντινουπόλεως,
1414 1467 1504 1515 καὶ
1556 1461 1801 1524 Εὐσέϐιος
1908 1456 1973 1514 ba

1790 1481 1801 1524 ;
1908 1456 2250 1532 barumque
2279 1459 2547 1517 ecclesiis
2577 1477 2763 1518 causa
2791 1460 2994 1525 fuisse,
3026 1478 3131 1518 eos
3178 1463 3346 1521 omni
3373 1479 3570 1523 sacer-

191 1559 218 1608 6
295 1555 581 1630 Δορυλαίου
659 1550 956 1607 σκανδάλου
1031 1557 1121 1606 καὶ
1187 1559 1454 1625 ταραχῆς,
1530 1556 1800 1624 γηονότος
1909 1545 1971 1603 (1(

1791 1571 1800 1614 ;
1909 1545 2093 1603 dotali
2124 1553 2181 1604 et
2201 1547 2528 1622 episcopali
2556 1549 2846 1622 dignitate
2889 1547 3153 1622 dejectos
3175 1567 3306 1609 esse
3335 1553 3571 1626 judica-

189 1649 460 1718 πρόφασις
548 1639 662 1705 ταῖς
752 1641 1124 1709 Ἐκκλησίαις,
1223 1639 1520 1714 ἀλλοτρίους
1612 1641 1803 1700 αὐτοὺς
1911 1652 1969 1692 ω

1792 1659 1803 1700 ;
1911 1652 2070 1694 mus.
2098 1638 2422 1710 Postquam
2449 1637 2533 1694 sic
2561 1637 2801 1696 locutus
2825 1644 2918 1696 est
2937 1639 3135 1710 coegit
3162 1641 3481 1716 episcopos
3508 1644 3572 1700 in

188 1740 385 1797 παντός
439 1735 700 1810 ἱερατικοῦ
746 1738 836 1784 καὶ
875 1730 1220 1785 έπισκοπικοῦ
1277 1731 1573 1804 ἀξιώματος
1627 1749 1803 1804 κεκρι-
1911 1740 1968 1781 nt

1793 1761 1803 1772 -
1911 1740 2035 1781 non
2067 1726 2290 1798 scripta
2315 1727 2523 1784 charta
2547 1727 2959 1798 subscribere;
2991 1744 3063 1786 ac
3089 1728 3307 1787 deinde
3327 1731 3573 1804 qualem

191 1843 356 1899 καμεν
438 1821 593 1880 εἶναι.
677 1828 857 1875 Ταῦτα
929 1819 1254 1894 ἐκφωνήσας,
1338 1821 1604 1892 ἠνάγκασε
1685 1825 1806 1882 τοὺς
1912 1830 1971 1870 Vt

1790 1841 1806 1882 ;
1912 1815 2100 1871 voluit
2142 1814 2405 1872 Flaviani
2435 1822 2492 1872 et
2542 1815 2776 1874 Eusebii
2824 1817 3263 1891 depositionem
3312 1821 3570 1894 scripsit.

193 1915 516 1976 ἐπισκόπους
578 1912 652 1974 εἰς
723 1914 974 1984 ἄγραφον,
1021 1910 1327 1984 ὑπογράψαι
1392 1911 1638 1983 χάρτην·
1717 1927 1879 1990 καὶΒ
1916 1918 1973 1958 Cl

1795 1927 1808 1974 ι
1841 1935 1879 1990 Β
1916 1901 2012 1958 cui
2037 1907 2093 1958 et
2115 1903 2473 1976 subscripsit
2491 1905 2833 1960 Barsumas.
2857 1907 3003 1962 Cum
3029 1911 3231 1963 autem
3256 1906 3575 1966 Flavianus

193 2007 416 2080 ὕστερον
482 2006 592 2056 οἰαν
672 2000 907 2054 ἐϐούλετο
990 2002 1296 2076 καθαίρεσιν
1366 1999 1654 2054 Φλαϐιανοῡ
1719 2003 1808 2052 καὶ
1917 1991 1973 2048 di

1793 2003 1808 2050 ὶ
1917 1991 2164 2048 dixisset
2195 1993 2496 2063 Dioscoro,
2538 1997 2770 2050 Recuso
2807 2000 2882 2065 te,
2908 1994 3069 2052 calce
3097 2013 3236 2052 cum
3267 1997 3362 2053 ille
3400 1997 3573 2069 feriit,

194 2093 454 2149 Εὗσεϐἰου
502 2091 729 2168 γράψας,
775 2090 1072 2166 ὑπέγραψεν
1117 2090 1280 2148 αὑτήν
1327 2109 1382 2143 τε
1430 2095 1520 2144 καὶ
1568 2098 1808 2163 ’Βαρσουο
1917 2098 1974 2155 ql

1793 2122 1808 2132 .
1917 2098 2040 2155 quo
2061 2080 2257 2138 lethali
2284 2083 2526 2141 vulnere
2547 2083 2911 2158 principium
2931 2085 3060 2157 ejus
3077 2086 3254 2143 morti
3272 2088 3573 2160 praestitit;

190 2193 316 2259 ‘uig-
388 2181 676 2238 Φλαϐιανοῦ
864 2180 1095 2241 εἰπόντος
1177 2182 1308 2254 πρὸς
1383 2184 1662 2254 Διόσκορον
1729 2182 1809 2233 ὅτι
1919 2171 1970 2228 a]

1800 2201 1809 2232 ι
1919 2171 2018 2228 alii
2039 2188 2179 2229 vero
2201 2173 2410 2230 dicunt
2431 2176 2805 2240 Barsumam,
2830 2191 2969 2232 cum
2992 2191 3128 2231 eum
3153 2178 3580 2250 assumpsisset

192 2275 571 2350 Παραιτοῦμαί
644 2290 722 2340 σε,
780 2269 876 2332 λάξ
933 2268 1119 2330 ἐκεῖνος
1174 2271 1378 2321 ἐνέτεινε
1444 2269 1557 2321 κατ’
1624 2268 1805 2341 αὐτοῦ,
1917 2262 1972 2318 in

1800 2315 1805 2337 ,
1917 2262 1979 2318 in
2004 2262 2277 2318 exsilium
2306 2261 2385 2319 ad
2417 2264 2737 2320 orientales
2783 2264 3058 2336 regiones
3083 2265 3479 2332 abducturus,
3515 2268 3580 2325 in

190 2368 408 2439 καιρίαν
460 2380 512 2414 τε
561 2364 778 2425 παίσας,
834 2356 1009 2432 ἀρχὴν
1061 2375 1133 2428 τῳ
1193 2359 1397 2429 θανάτῳ
1448 2363 1806 2433 παρέσχηκεν.
1918 2351 1970 2408 ili

1799 2400 1806 2414 .
1918 2351 2124 2408 itinere
2171 2369 2310 2410 eum
2354 2353 2641 2410 trucidari
2677 2354 2962 2426 jussisse.
3004 2355 3292 2429 Deposuit
3331 2373 3579 2432 quoque

188 2451 402 2526 Ἐτεροι
447 2443 508 2502 δέ
551 2467 709 2521 φασιν
757 2448 838 2500 ὅτι
893 2452 1225 2522 Βαρσουμᾶς,
1279 2446 1432 2498 αὐτόν
1477 2445 1810 2520 παρειληφὼς
1920 2444 1963 2499 D

1802 2466 1810 2508 ;
1920 2441 2242 2499 Dioscorus
2285 2442 2728 2501 Theodoretum
2773 2444 2908 2518 Cyri
2949 2450 3005 2501 et
3042 2445 3210 2502 lbam
3253 2446 3495 2505 Edessae
3525 2451 3582 2505 et

190 2542 277 2595 ἐπὶ
335 2549 409 2611 τῷ
468 2541 777 2613 ὑπερορίσαι
830 2539 960 2609 πρός
1019 2538 1085 2588 τὰ
1139 2544 1233 2597 τῆς
1293 2535 1395 2589 Ἕω
1462 2539 1615 2611 μέρη,
1676 2537 1812 2588 κατά
1920 2535 1970 2588 Ι)

1802 2555 1812 2587 ι
1920 2535 2221 2589 Domuum
2252 2531 2580 2589 Antiochiae
2610 2538 2667 2590 et
2697 2533 2847 2590 alios
2872 2533 3194 2592 orientales
3233 2535 3339 2609 qui
3367 2552 3582 2594 omnes

187 2637 286 2691 τὴν
361 2626 488 2682 ὀδόν
565 2626 935 2699 ἀποσφαγῆναι
1005 2628 1387 2700 παρεσκεύασε.
1462 2624 1677 2678 Καθεῖλε
1751 2621 1810 2677 6":
1921 2624 1967 2678 al

1792 2629 1810 2677 ὲ
1921 2623 2193 2678 aberant.
2237 2621 2544 2678 Ordiuavit
2573 2627 2776 2679 autem
2814 2638 2924 2697 pro
2956 2626 3190 2680 Domno
3220 2625 3572 2683 Maximum.

189 2725 480 2782 Διόσκορος
544 2723 634 2770 καὶ
691 2713 1048 2791 Θεωὸὡρητον
1110 2718 1305 2790 Κύρου,
1362 2714 1452 2766 καί
1513 2713 1658 2768 Ἱϐαν
1715 2722 1811 2778 τῆς
1922 2715 1962 2768 Ε

1806 2736 1811 2776 ;
1922 2712 2211 2768 Eusebius
2243 2716 2444 2768 autem
2477 2711 2768 2785 Dorylere,
2796 2711 2938 2768 inde
2964 2712 3201 2784 fugiens
3225 2717 3458 2773 Roman
3485 2732 3586 2774 ve-

190 2807 479 2876 Ἐὅέσσης,
528 2812 618 2860 καὶ
661 2811 852 2879 Δόμνον
921 2813 1012 2866 τῆς
1067 2803 1416 2877 Ἀντιοχείας,
1468 2809 1558 2857 καὶ
1608 2805 1809 2879 ἐτέρους
1922 2804 1970 2858 nl

1721 2824 1809 2865 ους
1922 2803 2005 2858 nit
2033 2801 2111 2858 ad
2145 2804 2401 2858 Leonem
2432 2801 2493 2857 in
2517 2801 2735 2858 Italicis
2762 2801 3109 2874 regionibus
3141 2804 3501 2862 maximum.

187 2899 286 2953 τῶν
333 2898 672 2964 ἀνατολικῶν,
718 2898 913 2957 πάντας
965 2893 1210 2957 ἀπόντας·
1262 2894 1627 2968 ἐχειροτόνησε
1668 2890 1726 2946 δε
1771 2893 1884 2946 ἀντὶ
1916 2894 2122 2966 Λόμνον
2163 2891 2420 2963 Μάξιμον.
2476 2890 2724 2954 Εὐσέϐιος
2769 2887 2828 2944 δε
2894 2896 2920 2945 6
2963 2893 3267 2968 Δορυλαίου,
3311 2890 3584 2969 διαφυγὼν

191 2989 408 3055 έκεῐθεν,
452 2993 520 3049 εἰς
549 2987 750 3060 Ῥώμην
775 2987 869 3044 ἧκε
906 2988 1033 3060 πρός
1059 2988 1256 3038 Λέοντα
1283 2988 1368 3036 τόν
1425 2988 1599 3056 Μέγαν
1639 2982 1687 3036 έν
1725 2991 1834 3046 τοῖς
1864 2987 2044 3058 μέρεσι
2071 2990 2166 3044 τῆς
2200 2980 2438 3041 Ἰταλίας.

268 3075 342 3135 δ’.
383 3077 521 3130 Ἀλλ’
560 3080 608 3130 ἐν
657 3078 891 3148 τοσούτῲ
939 3075 1174 3136 λιπόντος
1205 3071 1498 3128 Θεοδόσιον
1539 3077 1626 3127 τόν
1667 3072 1806 3148 βίον,
1989 3075 2043 3128 4.

1989 3075 2043 3128 4.
2094 3073 2212 3127 [loc
2238 3075 2441 3127 autem
2487 3073 2758 3144 tempore
2803 3086 2944 3129 cum
2973 3071 3343 3130 Theodosius
3368 3089 3444 3130 ex
3470 3073 3587 3133 hac

194 3176 501 3244 Μαρκιανος
549 3184 602 3220 τε
643 3170 733 3218 καὶ
778 3164 1080 3239 Πουλχερία
1117 3168 1244 3238 πρός
1287 3169 1482 3218 Λέοντα
1525 3169 1611 3218 τόν
1659 3165 1809 3240 ἓερώ-
1848 3235 1880 3244 ﬁ
1919 3162 1974 3218 vi

1808 3199 1809 3202 η
1848 3235 1880 3244 ﬁ
1919 3162 2042 3219 vita
2075 3162 2411 3232 migrasset,
2439 3160 2774 3218 Marcianus
2805 3167 2862 3218 et
2893 3161 3204 3220 Pulcheria
3233 3163 3311 3221 ad
3335 3163 3588 3221 sanctis-

193 3278 354 3312 τατον
394 3256 648 3331 ἔγραψαν·
691 3260 781 3308 καὶ
831 3259 1015 3328 ἤρεσεν
1056 3253 1405 3331 ἀθροισθῆναι
1457 3259 1553 3314 τὴν
1587 3251 1809 3308 σύνοδον
1842 3235 1881 3290 C
1922 3250 1970 3306 si

1808 3281 1809 3290 ι
1842 3235 1881 3290 C
1922 3250 2146 3306 simum
2181 3250 2432 3305 Leonem
2471 3248 2799 3322 scripsere;
2826 3253 2884 3306 et
2908 3248 3086 3322 jussit
3112 3250 3419 3324 synodum
3440 3253 3588 3310 Con-

194 3347 246 3402 έν
315 3344 877 3402 Κωνσταντινουπόλει.
946 3349 1130 3398 Τοίνυν
1196 3349 1287 3397 καί
1354 3345 1606 3405 συνῆλθον
1665 3344 1713 3398 ἓν
1738 3356 1812 3418 τῷ
1869 3344 1973 3419 ’Sl

1806 3372 1812 3396 .
1869 3410 1878 3419 ί
1921 3338 2372 3412 stantinopolim
2397 3338 2740 3395 convocari.
2763 3341 2927 3396 Tunc
2944 3339 3124 3411 igitur
3146 3339 3586 3400 Chalcedonam

194 3441 338 3492 κατὰ
383 3442 479 3495 τὴν
535 3431 852 3492 Χαλκηδόνα
910 3443 1081 3507 σεπτῷ
1129 3441 1232 3505 ναῷ
1272 3430 1368 3498 τῆς
1420 3434 1570 3507 ἁγίας
1615 3437 1812 3511 μάρτυς
1919 3429 1974 3486 in

1807 3467 1812 3479 .
1919 3429 1981 3486 in
2015 3428 2426 3486 venerandum
2459 3431 2688 3485 sanctae
2728 3428 3012 3502 martyris
3043 3429 3391 3503 Euphemiw
3428 3436 3587 3489 tem-

191 3547 286 3601 ρος
348 3528 620 3600 Εὑφημίας
684 3523 740 3577 ἐκ
798 3529 888 3598 μεν
955 3533 1055 3577 τῶν
1117 3519 1464 3588 ἐνδοξοτάτων
1539 3524 1811 3601 ἀρχόντων
1921 3518 1971 3592 pl

1804 3550 1811 3574 ι
1921 3518 2090 3592 plum
2116 3533 2451 3575 convenere
2476 3533 2548 3574 ex
2572 3517 2996 3575 illustrissimis
3017 3519 3268 3593 quidem
3286 3519 3584 3594 prmfectis

198 3616 503 3680 Ἀνατόλιος
555 3619 823 3692 πατρίκιος
875 3613 978 3668 ἀπό
1036 3614 1245 3667 ὑπάτων
1296 3619 1386 3668 καὶ
1432 3617 1809 3692 στρατηλάτης,
1920 3615 1978 3664 Α]

1802 3662 1809 3686 ,
1920 3607 2231 3665 Anatolius
2264 3607 2553 3681 patricius
2576 3622 2608 3664 e
2640 3607 2991 3665 consulibus
3017 3613 3076 3665 et
3103 3609 3398 3667 exercitus
3434 3609 3582 3682 dux,

195 3702 496 3768 Παλλάδιος
551 3709 784 3780 ἔπαρχος
842 3709 1196 3781 πραιτωρίων,
1264 3709 1511 3767 Τατιανός
1577 3709 1814 3783 ἔπαρχος
1923 3700 1975 3754 pi

1805 3729 1814 3770 ς
1923 3697 2219 3754 Palladius
2245 3696 2507 3770 praetorii
2535 3696 2876 3770 praefectus,
2908 3698 3192 3755 Tatianus
3221 3699 3390 3757 urbis
3430 3715 3585 3774 pra:-

194 3797 409 3866 πόλεως,
491 3794 842 3868 Βιγκόμαλλος
916 3797 1212 3872 μάγιστρος
1277 3803 1376 3847 τῶν
1444 3797 1589 3850 θείων
1667 3797 1812 3872 ὀφφι-
1922 3787 1974 3843 fe

1803 3830 1812 3838 .
1922 3787 2132 3855 fectus,
2151 3786 2514 3843 Vicomallus
2541 3786 2887 3844 divinorum
2909 3785 3249 3846 ofﬁciorum
3273 3790 3583 3862 magister,

196 3893 348 3957 κὶων,
407 3885 732 3962 Μαρτιάλιος
780 3887 1090 3960 μάγιστρος,
1147 3881 1438 3959 Σποράὸιος
1493 3890 1658 3960 κόμης
1713 3898 1812 3941 τῶν
1921 3879 1976 3934 Μ

1802 3912 1812 3938 ι
1921 3877 2201 3936 Martialis
2221 3875 2860 3949 magister,Sporadius
2873 3875 3344 3936 domesticorum
3357 3895 3582 3954 comes,

199 3974 557 4050 ὅομεστίκων,
609 3979 700 4028 καὶ
748 3974 1005 4038 Γενέθλιος
1072 3978 1238 4048 κόμης
1305 3975 1598 4050 πριϐάτων·
1645 3977 1698 4030 ἐκ
1755 3976 1814 4033 δὲ
1923 3969 1979 4021 εί

1809 4000 1814 4032 ε
1923 3969 1980 4021 et
2007 3964 2348 4022 Genethlius
2376 3965 2750 4038 privatorum
2773 3980 3006 4034 comes;
3030 3981 3105 4023 ex
3128 3965 3460 4026 illustribus
3481 3985 3589 4028 au-

197 4076 298 4119 τῶν
389 4061 611 4128 ἐνδόξων
698 4063 1063 4137 συγκλητικῶν
1150 4065 1456 4140 Φλωρέντιος
1538 4084 1814 4143 πατρικιος
1922 4060 1976 4112 ιο

1807 4091 1814 4133 ς
1922 4060 2043 4112 tem
2084 4053 2464 4115 senatoribus
2497 4053 2830 4112 Florentius
2863 4055 3152 4128 patricius
3191 4071 3266 4114 ex
3295 4058 3587 4131 praefectis

199 4158 304 4212 ἀπό
332 4157 605 4233 ἐπάρχων,
637 4162 726 4233 καὶ
768 4159 999 4226 ὑπάτῶν,
1045 4159 1271 4230 σενάτωρ
1325 4156 1426 4212 ἀπό
1479 4160 1687 4214 ὑπάτων
1725 4169 1815 4216 καὶ
1923 4150 1979 4202 ει

1806 4184 1815 4216 ι
1923 4150 1982 4202 et
2011 4144 2386 4214 consulibus,
2429 4148 2672 4202 senator
2704 4159 2779 4202 ex
2817 4143 3172 4202 consulibus
3215 4151 3273 4204 et
3300 4148 3586 4221 patriciis,

193 4253 521 4322 πατρικίων,
619 4251 952 4321 Πρωτογένης
1051 4246 1152 4300 ἀπό
1256 4250 1504 4323 επάρχων
1596 4251 1811 4324 πόλεως,
1923 4238 1973 4293 Pl

1809 4303 1811 4316 Ι
1923 4228 2288 4306 Protogenes
2319 4250 2393 4292 ex
2423 4234 2591 4292 urbis
2624 4235 2948 4324 praefectis,
2988 4235 3343 4324 Apollonius
3372 4254 3405 4296 e
3435 4254 3589 4313 prte-

199 4336 546 4398 Ἀπολλωνιος
607 4333 707 4388 ἀπό
775 4333 1044 4410 ἐπάρχων,
1105 4335 1359 4410 Ῥοιμανός
1425 4340 1527 4391 άπό
1593 4323 1815 4415 πραιποέ
1923 4324 2110 4415 Ϊθοίίβν
2144 4326 2452 4415 Βοωᾶξιυβ
2531 4323 2969 4415 Ρνθθροεξίὶεεθῑ
2987 4323 3094 4398 01y
3101 4326 3238 4396 είιιε
3275 4325 3594 4415 explliyrici

199 4432 386 4496 σίτων,
461 4424 553 4478 καί
642 4424 881 4497 Ὠλύγιος
931 4424 1072 4478 ,ἀπό
1168 4424 1413 4502 ἐπάρχων
1504 4428 1812 4506 Ἰλλυρικοῦ.
1923 4430 1979 4488 Ρ¹

1923 4413 2243 4488 praefectis.
2289 4413 2387 4470 llis
2419 4412 2601 4485 igitur
2645 4413 2944 4486 praefectis
2988 4419 3045 4470 et
3092 4414 3480 4474 senatoribus
3528 4417 3593 4474 in

198 4520 415 4570 Τούτων
482 4513 570 4567 οὖν
630 4523 728 4568 τῶν
797 4513 1071 4588 ἀρχόντων
1132 4520 1222 4568 καὶ
1283 4526 1382 4569 τῶν
1453 4518 1816 4591 συγκλητικῶν
1925 4521 1978 4561 m

1813 4548 1816 4561 ,
1925 4504 2127 4561 medio
2145 4508 2284 4560 ante
2302 4503 2456 4560 sacri
2473 4502 2678 4560 altaris
2692 4503 3012 4572 cancellos,
3027 4519 3064 4560 a
3080 4503 3332 4562 sinistris
3343 4506 3593 4580 quidem

197 4605 559 4657 καθεσθέντων
616 4601 664 4656 ἐν
716 4611 790 4674 τῷ
845 4607 990 4677 μέσῳ
1054 4607 1155 4680 πρὸ
1208 4613 1308 4657 τῶν
1369 4604 1658 4680 καγκελλων
1723 4618 1814 4663 τοῦ
1849 4616 1894 4672 D
1927 4611 1977 4651 se

1849 4616 1894 4672 Ι)
1927 4593 2214 4651 sederunt
2239 4592 2493 4650 Romani
2520 4608 2699 4666 papae
2737 4592 2966 4663 vicarii,
3003 4599 3061 4650 et
3095 4593 3407 4652 Anatolius
3449 4597 3597 4654 Con-

201 4694 360 4768 ἁγίου
426 4696 808 4768 θυσιαστηρίου
869 4692 924 4746 ἔκ
989 4697 1080 4768 μεν
1147 4703 1240 4748 τοῦ
1307 4697 1569 4771 εὐωνύμου
1627 4704 1817 4774 μέρους
1928 4691 1979 4742 5t

1928 4684 2348 4758 stantinopolis
2380 4686 2438 4740 et
2467 4682 3122 4774 MaximusAntiochiae
3159 4690 3217 4742 et
3251 4685 3599 4774 Thalassius

201 4785 462 4838 ἐκάθισαν
509 4785 558 4836 οἱ
603 4788 964 4858 τοποτηρηταὶ
1021 4792 1112 4837 τοῦ
1172 4785 1410 4860 Ῥώμης,
1461 4795 1552 4842 καὶ
1601 4790 1817 4845 Ἀνατό-
1930 4778 1981 4833 Ci

1930 4778 2214 4833 Caesareae
2238 4779 2294 4830 et
2325 4773 2666 4846 Stephanus
2685 4772 2921 4846 Ephesi,
2946 4775 3267 4848 caaterique
3291 4770 3599 4835 orientalis

200 4874 311 4938 λιος
368 4875 394 4926 6
451 4873 1062 4946 Κωνσταντινουπὸλεως,
1111 4881 1202 4928 καὶ
1250 4877 1487 4950 Μάξιμος
1540 4880 1566 4931 6
1621 4880 1819 4935 Ἀντιο-
1930 4872 1980 4924 ei

1930 4872 1986 4924 et
2003 4865 2258 4923 Ponticis
2272 4869 2329 4922 et
2350 4863 2622 4921 Asiaticae
2645 4869 2700 4921 et
2719 4863 3019 4921 Thracicae
3039 4864 3342 4934 dimcesis,
3361 4867 3601 4943 absque

203 4971 378 5037 χείας,
439 4969 530 5018 καὶ
591 4963 899 5026 Θαλάσσιος
967 4965 994 5017 6
1044 4956 1383 5040 Κάισαρείας,
1429 4974 1520 5022 καὶ
1571 4974 1821 5045 Στέφανος
1931 4959 1983 5045 Pi

1931 4955 2298 5013 Palaestinis:
2330 4971 2366 5011 a
2394 4953 2617 5011 dextris
2655 4969 2798 5011 vero
2843 4954 3165 5012 Dioscorus
3204 4955 3602 5029 Alexandria),

204 5056 231 5107 6
281 5055 525 5128 Ἐφέσου,
579 5059 671 5108 καὶ
718 5056 767 5107 οἱ
803 5053 978 5109 λοιποὶ
1034 5063 1129 5119 τῆς
1181 5057 1494 5122 ἀνατολικῆς
1544 5065 1634 5115 καὶ
1671 5042 1820 5116 illm»
1931 5044 1984 5102 ιῖῑ

1931 5044 1960 5101 J
1969 5043 2239 5102 uvenalis
2255 5043 2708 5116 Hierosolyma,
2734 5042 3024 5116 Cyntillus
3037 5044 3605 5112 AnastasiiThessan

204 5152 362 5207 τικῆς
415 5148 504 5196 καὶ
559 5145 804 5206 Ἀσιανῆς
861 5149 952 5199 καὶ
1010 5152 1284 5221 Θρᾳκικῆς
1345 5143 1660 5215 διοικήσεως
1703 5152 1822 5206 ἄνευ
1931 5135 1984 5193 Ῑο

1931 5135 2145 5193 Ionicae
2176 5134 2458 5205 vicarius,
2473 5136 2678 5191 Petrus
2701 5133 2969 5191 Corinthi
2991 5135 3312 5210 caeterique
3334 5152 3407 5194 ex
3426 5137 3609 5212 Egy-

203 5241 307 5287 τῶν
369 5233 751 5288 Παλαιστινων·
821 5237 878 5288 ἑκ
937 5230 998 5289 δε
1049 5245 1150 5289 τῶν
1211 5233 1396 5304 δεξιῶν
1458 5244 1736 5317 Διόσκορος
1799 5243 1824 5295 6
1933 5241 1983 5301 P‘

1933 5230 2038 5301 pto
2066 5229 2126 5283 et
2152 5224 2385 5298 Illyrico
2415 5228 2474 5281 et
2493 5222 2828 5282 Palaestina.
2859 5224 3072 5282 Vicarii
3117 5230 3326 5317 autem
3353 5228 3611 5314 Romani

206 5315 630 5400 Ἀγεξανδρείας,
676 5329 769 5378 καὶ
811 5323 1143 5388 Ἰουϐενάλιος
1187 5328 1212 5379 ὁ
1250 5308 1658 5404 Ἰεροσολύμωνξ
1691 5332 1825 5386 Κῦν-
1935 5332 1986 5391 Pi

1935 5332 2114 5391 papa:
2145 5319 2320 5373 erant
2353 5313 2762 5404 Paschasinus
2803 5317 2861 5370 et
2907 5314 3192 5372 Lucinius
3236 5316 3527 5392 episcopi,
3555 5308 3614 5376 et

207 5413 391 5478 τυλλος
460 5416 486 5467 6
550 5423 854 5490 τοποτηρῶν
914 5413 1245 5489 Ἀναστασίῳ
1301 5435 1374 5490 τῳ
1436 5421 1828 5486 Θεσσαλονίκης
1938 5408 1987 5463 B‘

1938 5405 2281 5464 Bonifacius
2306 5403 2648 5479 presbyter.
2679 5403 2900 5462 Aderat
2925 5409 2983 5462 et
3014 5405 3426 5464 Theodoretus
3453 5408 3611 5482 Cyri.

212 5505 482 5578 Πέτρος-ό
530 5507 807 5579 Κορίνθου,
859 5508 952 5558 καὶ
1004 5507 1053 5558 οἱ
1093 5505 1268 5560 λοιποὶ
1323 5515 1415 5570 τῆς
1465 5511 1828 5583 Αἰγυπτιακῆς
1939 5495 1992 5553 lli

1939 5495 2040 5553 llic
2070 5495 2230 5552 enim
2273 5499 2338 5552 ut
2385 5493 2772 5552 Nestorianus
2809 5493 3054 5551 habitus
3093 5511 3166 5553 eo
3205 5495 3375 5572 quod
3404 5503 3616 5556 contra

209 5591 301 5638 καὶ
352 5580 446 5639 τοῦ
499 5585 791 5662 Ἰλλυρικοῦ
844 5591 935 5640 καὶ
979 5594 1077 5650 τῆς
1113 5587 1498 5654 Παλαιστίνης.
1539 5580 1719 5647 ’Ἦσαν
1769 5591 1828 5649 δὲ
1939 5586 1989 5644 ὼ

1939 5585 2262 5644 duodecim
2311 5583 2473 5642 beati
2523 5583 2722 5658 Cyrilli
2769 5584 2972 5658 capita
3009 5586 3366 5660 scripsisset,
3408 5604 3445 5646 a
3485 5587 3621 5646 Dio-

215 5671 576 5741 τοποτηρηταὶ
617 5674 712 5720 τοῦ
738 5666 942 5742 Ῥώμης
987 5675 1336 5742 Πασχασῖνος
1382 5676 1472 5726 καὶ
1513 5679 1829 5740 Λουκινσιος
1941 5693 1995 5735 sc

1941 5693 2117 5735 scoro
2157 5675 2466 5751 depositus
2504 5680 2634 5742 est;
2683 5691 2826 5733 cum
2865 5679 3070 5734 autem
3101 5679 3361 5736 Leonem
3411 5681 3617 5737 Romm

216 5754 519 5831 ἐπίσκοποι,
551 5761 641 5812 καὶ
666 5759 973 5832 Βονιφάτιος
999 5758 1376 5836 πρεσϐύτερος.
1431 5770 1611 5843 Παρῆν
1643 5761 1704 5822 δε
1739 5772 1830 5826 καὶ
1944 5785 1996 5843 pi

1944 5783 2174 5844 papam
2200 5765 2451 5827 adiisset
2475 5769 2534 5826 et
2560 5765 2875 5841 propriam
2905 5766 3093 5828 ﬁdem
3118 5769 3508 5840 enuntiasset,
3529 5785 3623 5830 or-

611 5868 854 5928 Par-nor.
897 5867 1001 5928 Gn.
1027 5868 1180 5931 CXL.
3265 5881 3303 5940 2
