4508 6436
830 408 896 463 43
2172 393 2439 451 ΝΙΟΕΤΑΞ
2478 389 2852 455 ΟΗΟΝΙΔΤΕ

3985 378 4196 464 ’κει

826 527 1130 586 thodoxus
1149 522 1391 595 agnitus
1410 524 1524 589 est;
1550 534 1811 592 cumque
1831 519 1911 576 ab
1927 534 1999 576 eo
2016 518 2243 575 litteras
2263 515 2342 573 ad
2366 515 2475 570 im-
2510 517 2561 570 Α
2588 524 2606 568 ε

2413 530 2475 570 n-
2510 514 2930 589 ΛΘεοδὼρητος
2982 523 3008 574 6
3066 526 3272 596 Κύρου·
3335 524 3485 585 οὗτος
3539 527 3662 598 γάρ,
3722 527 3792 587 ὡς
3846 532 4193 601 Νεστοριανός

824 620 1167 690 peratorem
1215 608 1621 666 Theodosium
1686 607 2004 670 retulisset,
2065 607 2483 690 episcOpatum

825 688 1086 775 recepit;
1131 699 1339 772 jussus
1377 701 1464 752 est
1494 698 1697 751 autem
1744 694 1885 750 huic
1917 694 2025 750 soli
2074 707 2315 749 vacare.
2359 688 2482 746 Sub

825 790 1124 849 Marciono
1163 801 1309 842 vero
1355 799 1563 857 preces
1614 782 1831 838 obtulit
1872 798 1974 838 eos
2019 795 2317 837 accusans
2376 778 2481 849 qui

826 895 951 937 non
977 881 1136 935 recte
1164 890 1305 931 eum
1342 878 1410 929 ut
1448 870 1883 929 heteredoxum
1914 868 2477 927 excommunicave-

825 974 982 1026 rant.

2591 603 2919 679 λογιζόμενος
2986 607 3080 663 διὰ
3142 616 3200 664 τὸ
3257 612 3462 685 γράψαι
3514 616 3651 664 κατὰ
3714 622 3814 665 τῶν
3883 620 3976 667 τοῦ
4042 616 4194 689 ἁγίου

2595 694 2847 765 Κυρίλλου
2898 696 2970 770 ιβ’
3025 700 3331 772 κεφαλαίων,
3381 703 3644 774 καθῃρέθη
3690 706 3834 776 παρὰ
3887 711 4193 779 Διοσκόρουο

2590 783 2886 854 προσελθὼν
2936 783 2996 839 δε
3050 793 3230 841 Λέοντι
3260 798 3332 861 τῷ
3361 792 3512 861 πάπᾳ
3534 789 3755 862 Ῥώμης,
3798 796 3887 844 καὶ
3918 799 4010 851 τὴν
4052 792 4194 846 ἰδίαν

2590 868 2908 943 ἀπαγγείλας
2954 881 3157 945 πίστιν,
3205 876 3505 949 ἐπεγνώσθη
3554 876 3854 951 ὀρθόδοξοςο
3901 886 3990 934 καὶ
4018 886 4193 955 γράμ-

2590 977 2735 1028 ματα
2762 966 3109 1036 κομισάμενος
3138 964 3331 1018 ἐκείνου
3364 970 3494 1039 πρὸς
3517 970 3601 1019 τὸν
3630 967 3853 1020 Βασιλέα
3879 966 4187 1038 Θεοδόσιον,

824 1057 1051 1133 βασιλέα
1095 1049 1402 1121 Θεοδόσιον,
1455 1050 1677 1105 ἀπέλαϐε
1715 1055 1808 1109 τὴν
1852 1049 2147 1107 ἔτισκοπὸν’
2212 1046 2474 1098 ἐκελεύσθε
2519 1040 2577 1096 δε
2632 1049 2762 1122 μόνη
2828 1055 2993 1125 ταύτῃ
3042 1054 3346 1126 σχολάζειν·
3405 1054 3489 1108 ἐπὶ
3539 1051 3598 1109 δε
3640 1064 3945 1130 Μαρκιανοῠ
3986 1055 4191 1121 δεήσεις

825 1142 1114 1201 ἐπιδέδωκε
1141 1150 1447 1217 κατηγορῶν
1477 1149 1577 1192 τῶν
1599 1141 1693 1193 οὐκ
1722 1139 1943 1210 εὐλόγως
1977 1138 2132 1190 αὐτὸν
2159 1134 2598 1207 ἀποκηρυξάντων
2629 1138 2695 1198 ὡς
2725 1137 3043 1214 ἱτερόδοξον.

896 1242 952 1294 5.
984 1232 1276 1292 Omnibus
1319 1231 1516 1300 igitur,
1562 1235 1627 1286 ut
1667 1230 1891 1285 dictum
1926 1232 2034 1298 est,
2077 1223 2472 1295 congregatis,

825 1322 1082 1383 Romani
1130 1336 1302 1395 papae
1350 1319 1575 1387 vicarii,
1611 1317 2073 1390 praeloquentes,
2114 1315 2480 1370 censuerunt

824 1412 1063 1488 synodo
1113 1425 1237 1465 non
1285 1406 1595 1463 considere
1638 1406 1859 1462 debere
1910 1405 2281 1460 Dioscorum.
2329 1402 2478 1456 Cum

822 1508 1027 1561 autem
1057 1496 1317 1572 praefecti
1346 1496 1635 1552 dixissent
1659 1510 1780 1551 non
1807 1498 2081 1566 oportere
2104 1492 2295 1559 illum,
2318 1496 2479 1545 ante—

822 1607 1010 1665 quam
1036 1586 1562 1652 condemnaretur,
1585 1601 1622 1640 a
1644 1585 1908 1639 sessione
1929 1581 2165 1654 expelli,
2187 1579 2480 1635 Eusebius

824 1678 1088 1751 Doryless
1115 1675 1285 1731 illum
1312 1678 1703 1729 accusaturus
1724 1672 2010 1741 assurgit;
2030 1676 2210 1741 atque
2232 1669 2311 1723 ita
2332 1683 2480 1739 prae-

820 1762 1372 1839 fectisjubentibus,
1386 1762 1445 1817 in
1459 1760 1658 1816 medio
1673 1760 2025 1816 constitutus
2039 1764 2126 1813 est
2141 1757 2472 1813 Dioscorus.

825 1862 893 1915 Et
936 1855 1243 1925 ﬂagitante
1292 1850 1550 1906 Eusebio
1597 1855 1665 1905 ut
1712 1864 1823 1904 sua
1868 1854 2077 1903 contra
2128 1845 2478 1901 Dioscorum

2659 1225 2717 1283 ε’.
2771 1232 2981 1282 Πάντων
3027 1228 3135 1296 οὖν,
3187 1234 3253 1293 ὡς
3305 1236 3529 1307 εἴρηται,
3590 1237 4086 1309 συναθροισθέντων,
4145 1241 4195 1291 οἰ

2588 1325 2944 1392 τοποτηρηταὶ
2980 1320 3200 1393 Ῥώμης,
3247 1322 3670 1396 προλογίσαντες,
3719 1324 3897 1387 ἠξίουν
3943 1331 4015 1398 μὴ
4050 1346 4193 1379 συνε-

2591 1401 2813 1478 δριάσαι
2876 1416 2938 1480 τῇ
3004 1407 3210 1482 συνόδῳ
3272 1416 3569 1486 Διόσκορον.
3629 1419 3739 1465 Τῶν
3802 1410 3862 1466 δὲ
3922 1413 4193 1487 ἀρχόντων

2590 1494 2832 1546 εἰπόντων
2878 1499 2943 1556 ὡς
2974 1497 3033 1548 οὐ
3084 1495 3167 1550 δεῖ
3208 1498 3360 1550 αὐτόν
3400 1504 3499 1574 πρὸ
3547 1498 3845 1562 καταδίκης
3890 1500 4195 1564 ἐξωθεῖσθαι

2589 1589 2681 1633 τοῦ
2740 1580 3039 1658 συνεδρίου,
3095 1586 3337 1648 Εὐσέϐιος
3389 1590 3414 1639 6
3472 1588 3755 1661 Δορυλαίου
3815 1597 4193 1665 κατηγορήσων

2591 1670 2751 1723 αὐτοῦ
2812 1671 3022 1732 ἀνέστη·
3089 1681 3179 1727 καὶ
3237 1677 3371 1728 οὕτω
3434 1677 3782 1730 κελευσάντων
3836 1688 3935 1730 τῶν
4000 1678 4192 1753 ἀρχόν·

2595 1779 2708 1827 των,
2762 1760 3017 1820 ἐκαθέσθη
3065 1770 3340 1839 Διόσκορος
3393 1765 3442 1818 ἕν
3496 1776 3567 1837 τῷ
3617 1772 3780 1838 μέσῳ.
3814 1774 3904 1821 καὶ
3950 1777 4041 1820 τοῦ
4096 1769 4190 1822 Ευ-

2592 1848 2766 1901 σεϐίου
2842 1851 3153 1915 αἰτήσαντος
3220 1852 3618 1928 ἁναγνωσθῇναι
3691 1861 3785 1914 τὴν
3846 1857 3969 1930 παρ’
4032 1857 4192 1909 αὐτοῦ

819 1947 1025 2023 petitio
1048 1943 1170 2015 regi
1193 1940 1408 1999 tradita
1428 1940 1742 2011 legeretur,
1763 1934 2480 2012 praefecticensueruntil-
2513 1927 2553 1981 Β
2590 1958 2599 1989 ‹

2418 1934 2480 1991 il-
2513 1927 2553 1981 Β
2590 1934 2834 1992 δοθεῖσαν
2881 1950 2953 2012 τῷ
2994 1940 3207 2013 βασιλεῖ
3258 1947 3393 1996 κατά
3422 1927 3707 2020 Διοσκόρου
3753 1927 3957 2013 δέησιν,
4001 1949 4049 1998 οἰ
4100 1950 4192 2019 αἰρ-

819 2040 949 2095 lum
988 2035 1050 2090 in
1088 2031 1289 2088 medio
1326 2028 1736 2095 statuendum,
1770 2027 2239 2100 petitionemque
2277 2025 2479 2094 legen-

820 2127 1002 2192 dam;
1034 2137 1171 2195 qua:
1193 2118 1536 2192 exponebat
1563 2116 1870 2190 quomodo
1910 2130 2032 2171 non
2063 2115 2352 2171 canonice
2378 2115 2477 2167 de-

819 2212 1123 2289 posuisset
1153 2208 1502 2265 Flavianum
1549 2207 1869 2262 Dioscorus
1908 2209 1964 2261 et
1993 2209 2242 2260 caeteros
2272 2202 2476 2258 ortho-

819 2304 1032 2367 doxos,
1059 2298 1439 2354 innocentem
1460 2299 1662 2351 autem
1684 2292 2111 2349 declaravisset
2132 2290 2477 2347 haereticum

823 2389 1171 2462 Eutycbem.
1188 2383 1412 2440 Deinde
1428 2383 1690 2439 recitatae
1703 2388 1841 2438 sunt
1860 2398 1998 2455 quea
2021 2380 2098 2437 ab
2117 2381 2477 2452 imperatore

820 2475 1154 2537 Theodosio
1181 2473 1260 2531 ad
1305 2472 1661 2528 Dioscorum
1704 2470 1903 2527 missae
1948 2470 2203 2538 fuerant,
2247 2469 2471 2524 litterae.

822 2572 888 2625 Et
917 2582 1057 2623 cum
1089 2562 1458 2619 mentionem
1496 2560 1779 2631 facerent,
1820 2560 1895 2615 de
1937 2558 2329 2625 Theodoreto,
2363 2562 2477 2612 sta-

820 2659 1056 2714 tuentes
1086 2651 1199 2725 ipsi
1222 2666 1343 2707 non
1375 2649 1457 2706 ad
1487 2651 1822 2705 secundam
1851 2646 2067 2720 Ephesi
2090 2646 2359 2703 habitam
2382 2661 2477 2716 sy-

822 2744 1053 2802 nodum
1080 2739 1351 2797 eundum
1370 2737 1653 2803 esse,nisi
1674 2737 1959 2793 omnibus
1980 2733 2477 2791 convenientibus

821 2832 1117 2907 episcopis
1152 2828 1427 2901 plageret,
1455 2828 1735 2882 dixerunt
1761 2825 2021 2898 praefecti
2046 2842 2059 2879 ε
2104 2824 2479 2894 Ingrediatnr

822 2930 880 2981 et
902 2920 1308 2979 Theodoretus
1329 2932 1721 2973 consessurus
1742 2931 1881 2971 cum
1905 2918 2159 2987 synodo,
2183 2913 2478 2985 quoniam

822 3009 1077 3070 restituit
1104 3007 1184 3064 illi
1207 3006 1629 3078 episcopatum
1658 3005 2071 3061 sanctissimus
2107 3006 2238 3058 Leo.

897 3196 950 3247 6.
984 3184 1482 3261 Repugnantibus
1526 3188 1728 3239 autem
1764 3184 2045 3239 Dioscoro
2093 3188 2149 3238 et
2196 3184 2324 3254 ejus
2354 3181 2479 3236 fau-

2578 2046 2773 2098 xov‘rt;
2814 2030 3136 2101 προσέταξαν
3180 2034 3347 2085 αὐτόν
3389 2036 3479 2105 μεν
3520 2033 3568 2086 ἕν
3610 2042 3681 2106 τῷ
3727 2039 3869 2107 μέσῳ
3928 2037 4191 2108 καθεσθῇ-

2586 2136 2692 2185 ναι,
2736 2122 2827 2176 τὴν
2874 2115 3058 2177 δέησιν
3109 2116 3166 2173 δε
3217 2120 3634 2195 ὀιναγνωσθῇναι⁹
3686 2125 3749 2184 ἧς
3803 2120 4191 2197 διαλαμϐανού-

2590 2224 2688 2268 σης
2749 2209 2815 2268 ὡς
2869 2209 2930 2261 οὔ
2983 2220 3265 2273 καιονικῶς
3316 2211 3517 2265 καθεῖλε
3570 2218 3852 2285 Διόσκορος
3908 2214 4189 2267 Φλαϐιανὸν

2586 2301 2676 2349 καὶ
2722 2300 2842 2358 τούς
2880 2298 3088 2360 λοιποὺς
3131 2297 3465 2372 ὀρθοδόξους,
3517 2303 3733 2361 ἠθώωσε
3772 2298 3831 2355 δὲ
3874 2307 3960 2355 τὸν
3992 2304 4187 2377 αἱρετι-

2586 2388 2675 2436 κόν
2733 2387 2992 2459 Εὐτυχέα,
3052 2390 3271 2453 καθεξὴς
3322 2389 3618 2462 ἀνεγνώσθη
3666 2396 3755 2444 καὶ
3807 2397 3863 2444 τό
3902 2396 4043 2465 παρά
4094 2401 4185 2445 τοῦ

2587 2472 2845 2546 βασιλέως
2877 2474 3167 2530 Θεοδοσίου
3198 2481 3422 2551 πεμφθὲν
3454 2484 3584 2553 πρός
3614 2486 3891 2555 Διόσκορον
3930 2485 4175 2555 γράμμα·

2585 2568 2675 2616 καὶ
2714 2564 2822 2617 ἐπεὶ
2851 2570 2977 2640 πρός
3025 2574 3131 2628 τοῖς
3160 2567 3329 2629 ἄλλοις
3376 2568 3629 2641 ἐμέμνητο
3672 2575 3757 2622 καὶ
3815 2558 4183 2646 Θεοδωρήτου,

2588 2648 2940 2724 διαλαμϐάνον
2971 2660 3042 2727 μὴ
3089 2654 3249 2707 ἐλθεῖν
3290 2656 3444 2708 αὐτόν
3475 2658 3547 2718 εἰς
3575 2663 3664 2715 τὴν
3708 2658 3754 2710 ἐν
3787 2659 3982 2730 Ἐφέσω
4013 2655 4185 2713 δευτέ-

2586 2760 2679 2813 ραν
2713 2739 2952 2810 σύνοδον,
3002 2742 3085 2795 ἐὰν
3115 2749 3187 2815 μὴ
3240 2751 3374 2797 πᾶσι
3406 2742 3532 2819 δόξῃ
3582 2755 3689 2808 τοῖς
3730 2748 4084 2813 συνελθοῦσιν,
4140 2752 4187 2801 οἰ

2588 2834 2842 2903 ἄρχοντες
2871 2829 3032 2901 εἷπον,
3066 2833 3257 2885 Εἰσίτω
3285 2841 3372 2887 καὶ
3396 2832 3737 2910 Θεοδώρητος
3766 2843 4095 2895 κοινωνήσων
4124 2847 4184 2909 τῇ

2591 2915 2816 2991 συνόδῳ,
2870 2918 2976 2972 ἐπεὶ
3016 2924 3100 2972 καὶ
3142 2919 3564 2980 ἀποκατέστησεν
3596 2924 3734 2975 αὐτῶ
3767 2930 3854 2981 τὴν
3900 2924 4190 2983 ἐπισκοπὴν

2589 3010 2613 3059 6
2645 3008 2933 3078 ἁγιωτατος
2977 3014 3137 3062 Λέων*
3187 3016 3275 3063 καὶ
3314 3013 3339 3063 6
3393 3014 3646 3074 θειότατος
3679 3012 3930 3086 βασιλεὺς
3954 3023 4191 3088 παρεῖναι

2588 3107 2768 3149 τοῦτον
2798 3097 2901 3151 ἐκέ)
2912 3118 3077 3157 ευσεν.

2668 3186 2729 3249 ς’.
2766 3188 3132 3261 Ἐνισταμένου
3188 3187 3246 3243 δὲ
3296 3196 3578 3263 Διοσκόρου
3626 3199 3715 3245 xui
3753 3202 3851 3244 τῶν
3895 3197 3988 3245 σὺν
4029 3193 4188 3263 αὐτῷ,

827 3280 1080 3345 toribus,
1110 3275 1398 3349 praesides
1430 3274 1583 3329 inter
1612 3288 1673 3329 se
1704 3273 1979 3329 collocuti
2021 3278 2160 3328 sunt
2202 3271 2482 3344 permise-
2508 3274 2547 3341 ο
2594 3296 2607 3327 ε

2410 3286 2482 3325 se-
2594 3279 2641 3327 6i
2671 3278 2927 3348 ἄρχοντες
2966 3275 3278 3337 διελάλησαν
3320 3280 3562 3332 εἰσελθεῖν
3591 3286 3714 3341 τέως
3756 3282 3911 3334 αὐτόν
3954 3281 4001 3333 ἐν
4050 3282 4190 3344 τάξει

823 3373 1084 3441 runtque
1132 3372 1199 3421 ut
1244 3363 1658 3433 ingrederetur
1693 3367 1928 3419 tantum
1964 3368 2027 3419 ut
2073 3366 2388 3418 accusator
2428 3365 2485 3416 et

823 3462 1185 3517 statueretur
1212 3457 1273 3511 in
1300 3454 1525 3511 medio.
1570 3459 1897 3510 Accusatus
1923 3453 2100 3523 igitur
2124 3457 2215 3507 est
2242 3452 2482 3506 Diosco—

821 3566 926 3608 rus
955 3564 991 3604 a
1018 3545 1271 3603 Romani
1315 3559 1493 3617 papae
1525 3543 1784 3613 vicariis,
1816 3549 1873 3598 et
1913 3542 2167 3597 Eusebio
2216 3540 2480 3612 Doryleae

819 3638 1131 3713 episcopo,
1149 3633 1319 3709 quod
1346 3632 1711 3690 sanctissimi
1734 3648 1907 3706 papae
1936 3631 2141 3689 Leonis
2162 3629 2479 3703 epistolam

819 3742 945 3786 non
963 3725 1384 3797 legisset,cum
1409 3722 1626 3795 septies
1647 3737 1780 3778 eam
1800 3738 1862 3777 se
1876 3722 2168 3779 lecturum
2185 3721 2477 3792 jurasset.

820 3820 888 3873 Et
916 3814 1057 3871 inde
1087 3813 1434 3881 damnatur,
1466 3816 1533 3867 ut
1560 3812 1684 3884 perj
1697 3827 1876 3877 urus;
1918 3816 1974 3867 et
2000 3811 2166 3884 quod
2199 3814 2477 3865 sanctum

820 3904 1175 3962 Flavianum
1203 3901 1403 3957 statim
1435 3905 1497 3956 ut
1525 3900 1886 3957 damnatum
1924 3900 2239 3968 retulisset,
2279 3914 2478 3971 neque

817 4000 886 4053 ut
914 4009 977 4051 se
1019 3991 1368 4049 defenderet
1394 3991 1782 4063 permisisset,
1816 3990 1921 4047 sed
1952 4007 2074 4047 non
2104 3991 2265 4047 dicta
2294 4004 2479 4045 causa

817 4100 960 4141 eum
981 4081 1385 4155 deposuisset.
1412 4080 1730 4136 Dioscorus
1751 4096 1895 4136 vero
1915 4079 1989 4136 de
2011 4081 2105 4136 his
2128 4078 2477 4151 apologiam

814 4178 1127 4246 praestans,
1151 4169 1330 4225 dixit:
1360 4172 1489 4225 Non
1512 4169 1659 4225 mihi
1678 4169 1785 4227 soli
1801 4170 2097 4241 judicium
2116 4169 2353 4242 reliquit
2370 4169 2477 4225 im-

814 4266 1073 4335 perator,
1127 4258 1233 4315 sed
1272 4263 1329 4315 et
1368 4258 1635 4314 iuvenali
1666 4265 1723 4315 et
1767 4260 2075 4316 Thalassio
2125 4264 2183 4316 et
2224 4262 2471 4330 cmteris,

812 4356 1155 4423 nostraeque
1185 4348 1489 4404 sententiae
1515 4348 1796 4405 universa
1836 4349 2107 4422 synodus
2133 4351 2462 4408 consensit.

812 4438 1142 4498 Orientales
1172 4452 1315 4493 vero
1342 4438 1609 4510 episcopi
1633 4438 2049 4496 exclamavere
2077 4457 2089 4494 :
2116 4443 2300 4497 Nemo
2330 4456 2472 4496 con-

809 4532 1015 4599 sensit,
1048 4528 1140 4583 vis
1167 4526 1439 4583 adhibita
1460 4532 1569 4597 est,
1594 4526 2035 4599 depositionem
2062 4528 2236 4584 nobis
2259 4530 2469 4586 minati

2593 3371 2908 3439 κατηγόρου,
2944 3372 3034 3419 καὶ
3077 3370 3399 3426 καθεσθῆναι
3438 3370 3509 3431 εἰς
3540 3373 3597 3421 τὸ
3628 3375 3803 3442 μέσον.
3840 3377 4189 3442 Κατηγορεῖτο

2593 3460 2763 3506 τοίνυν
2790 3458 2814 3507 6
2846 3461 3126 3529 Διόσκορος
3161 3460 3303 3531 παρά
3338 3478 3392 3511 τε
3417 3468 3515 3510 των
3547 3468 3637 3511 του
3666 3458 3867 3531 Ῥώμης
3894 3480 4189 3533 τοποτηρη-

2592 3553 2708 3615 τῶν,
2744 3551 2832 3597 καὶ
2857 3546 3104 3599 Εὐσεϐίου
3130 3556 3222 3600 του
3262 3546 3551 3599 ἑπίσκόπου
3595 3548 3899 3623 Δορυλαίου,
3945 3552 4045 3614 ὅτι,
4095 3554 4188 3607 τὴν

2590 3633 2868 3693 ἐπιστολήν
2912 3644 3003 3687 τοῦ
3051 3637 3340 3707 ἁγιωτάτου
3383 3640 3533 3689 πάπα
3583 3643 3799 3701 Λέοντος
3841 3639 4049 3699 ἑπτάκις
4106 3638 4188 3691 ἐπί

2587 3727 2791 3777 πάντων
2842 3726 3043 3797 ὀμόσας
3066 3725 3457 3798 ἀναγινώσκειν,
3497 3727 3591 3780 οὐκ
3622 3726 3811 3800 ἀνέγνω
3832 3750 3845 3761 ·
3896 3734 3985 3781 καὶ
4014 3733 4188 3781 ἐντεῦ-

2590 3816 2670 3867 θεν
2701 3820 2924 3889 κρίνεται
2946 3817 3016 3877 ὡς
3044 3814 3299 3889 ἑπιορκος·
3332 3821 3422 3869 καὶ
3447 3821 3528 3869 ὅτι
3558 3822 3644 3869 τὸν
3675 3817 3723 3868 ἐν
3751 3817 3917 3889 ἁγίοις
3956 3817 4185 3871 Φλαϐία-

2586 3908 2691 3971 νόν,
2742 3908 2811 3966 ὡς
2854 3908 3167 3979 κατάκριτον
3208 3908 3359 3968 εὐθὺς
3402 3906 3674 3979 εἰσήγαγε,
3714 3912 3803 3959 καὶ
3841 3905 3959 3960 οὐδ’
3998 3907 4186 3959 ἀπολο-

2585 3998 2709 4064 γίας
2762 3994 2982 4057 ἠξίωσεν
3032 3996 3138 4048 άλλ¹
3188 3995 3403 4070 ἀκρίτως
3450 3998 3584 4049 οὕτω
3623 3996 3852 4050 καθεῖλεν
3894 3997 4067 4053 αὐτόν.
4125 3998 4185 4050 Ὀ

2588 4079 2647 4135 δε
2687 4089 2968 4159 Δίόσκορος
3017 4084 3428 4157 ἀπολογούμενος
3466 4084 3549 4138 ἐπὶ
3588 4090 3792 4147 τούτοις
3834 4086 4017 4158 ἕλεγεν-
4076 4087 4187 4139 Οὐκ

2586 4173 2699 4246 ἐμοὶ
2729 4180 2868 4249 μόνῳ
2898 4182 2989 4235 τὴν
3033 4182 3207 4251 κρίσιν
3251 4181 3276 4228 6
3318 4175 3564 4249 βασιλεὺς
3608 4175 3899 4251 ἐπέτρεψεν,
3941 4177 4069 4230 ἀλλὰ
4097 4185 4187 4232 xui

2584 4261 2906 4336 Ὶουϐεναλίῳ
2944 4270 3035 4317 xui
3086 4264 3376 4337 Θαλασσιῳ
3422 4269 3512 4317 καὶ
3559 4273 3668 4327 τοῖς
3711 4266 3933 4330 λοιποῖς,
3975 4272 4063 4319 καὶ
4101 4267 4186 4321 ἐπὶ

2582 4359 2686 4413 τοῖς
2716 4358 3038 4429 κεκριμένοις
3065 4360 3213 4407 πᾶσα
3244 4359 3519 4427 συνῄνεσεν
3549 4356 3578 4413 ἡ
3617 4351 3859 4416 συνοδος·
3895 4358 3943 4407 6i
3975 4353 4034 4408 δε
4065 4355 4184 4407 ἀνα-

2578 4442 2773 4495 τολικοὶ
2820 4443 3097 4497 ἐπίσκοποι
3146 4443 3445 4508 ἰξϐόεησανο
3501 4442 3578 4495 Οὐ
3630 4448 3712 4505 τὶς
3766 4454 4035 4517 συνῇνεσε,
4086 4444 4183 4519 βία

2578 4531 2788 4601 ἐγένετο,
2844 4532 3145 4607 καθάίρεσις
3192 4537 3315 4607 ἡμῖν
3364 4532 3643 4599 ἠπειλήθη,
3688 4543 4002 4608 στρατιῶται
4050 4539 4182 4608 μετὰ

806 4623 965 4680 sunt,
998 4616 1178 4673 nobis
1202 4616 1511 4673 instabant
1538 4633 1680 4673 cum
1727 4616 1956 4673 baculis
1987 4623 2044 4673 et
2074 4617 2288 4689 gladiis
2318 4621 2466 4678 mili-
2497 4626 2549 4689 ι)
2577 4635 2586 4695 Α

2404 4621 2466 4678 li-
2497 4626 2549 4689 ι)
2577 4622 2784 4695 βάκλων
2840 4628 2928 4675 καὶ
2988 4626 3144 4695 ξιφῶν
3191 4621 3482 4695 ἐφίσταντο,
3543 4626 3633 4673 xui
3670 4624 3798 4694 μετὰ
3844 4622 4054 4696 πληγῶν
4111 4627 4179 4686 εἰς

803 4711 911 4777 tes,
953 4711 1008 4763 et
1038 4706 1257 4762 ictibus
1303 4705 1494 4777 pressi
1535 4706 1598 4761 in
1633 4706 1841 4762 charta
1889 4722 2012 4763 non
2055 4707 2279 4780 scripta
2326 4711 2467 4767 sub-

802 4797 1178 4869 scripsimus.

867 4886 925 4942 7.
946 4886 1093 4942 Cum
1117 4883 1366 4941 Basilius
1390 4882 1669 4941 Seleuciae
1682 4885 2095 4943 vehementius
2113 4887 2460 4948 Dioscorum

794 4976 1284 5050 reprehenderet,
1316 4980 1372 5030 et
1400 4980 1557 5031 recte
1584 4980 1795 5032 contra
1827 4977 2154 5049 Eutychem
2185 4980 2460 5051 opinare-

789 5072 904 5138 tur,
939 5066 1109 5122 illum
1150 5066 1676 5135 interrogaverunt
1705 5067 2029 5137 praesides:
2064 5084 2254 5141 quare
2292 5087 2456 5126 nunc

784 5161 945 5213 recte
974 5155 1258 5229 opinans,
1286 5154 1648 5227 depositioni
1692 5155 1953 5213 Flaviani
1998 5157 2455 5230 subscripsisti?

782 5245 883 5302 Ille
912 5250 1118 5303 autem
1153 5245 1275 5301 vim
1322 5261 1356 5299 a
1405 5246 1686 5303 Dioscoro
1726 5246 2062 5304 adhibitam
2107 5250 2445 5321 praetendit.

780 5338 931 5394 Cum
962 5340 1165 5392 autem
1181 5335 1279 5391 hic
1295 5334 1571 5391 dixisset:
1600 5338 1728 5392 Non
1751 5336 2072 5409 oportebat
2094 5345 2149 5395 te
2166 5339 2444 5398 homines

2574 4715 2805 4786 ἄγραφον
2850 4716 3057 4788 χάρτην
3100 4712 3497 4788 ὑπεγράψαμεν.

2648 4891 2705 4954 ς’.
2770 4892 3040 4945 Βασίλείου
3074 4888 3133 4945 δε
3182 4898 3274 4944 τοῦ
3315 4891 3607 4953 Σελευκειας
3640 4889 3988 4968 σφοδρότερον
4029 4892 4174 4965 ἐλέγ-

2567 5003 2754 5055 χοντος
2802 4988 3101 5056 Διόσκορον,
3148 4986 3237 5035 xui
3286 4982 3447 5055 ὀρθῶς
3489 4985 3622 5034 κατὰ
3661 4983 3930 5055 Εὐτυχοῡς
3975 4980 4171 5057 δογμα-

2566 5075 2812 5145 τίζοντος,
2872 5076 3151 5149 ἠρώτησαν
3200 5072 3355 5124 αὐτὸν
3406 5074 3455 5124 οἰ
3502 5074 3771 5146 ἄρχοντες·
3816 5076 3911 5125 Διά
3959 5080 4029 5144 τί,
4084 5081 4173 5125 νῦν

2566 5166 2733 5242 ὀρθῶς
2808 5161 3064 5235 δοξάζων,
3143 5161 3449 5238 ὐπέγραψας
3521 5166 3639 5215 τότε
3713 5171 3776 5235 τῇ
3856 5166 4173 5239 καθαιρέσάι

2561 5256 2899 5324 Φλαϐιανοῡς
2970 5254 3029 5307 Ὀ
3088 5249 3147 5307 δε
3212 5258 3308 5312 τὴν
3374 5251 3431 5305 ἔκ
3505 5260 3793 5328 Διοσκορου
3860 5254 4169 5325 προεϐάλετο

2560 5347 2702 5421 βίαν.
2764 5347 2986 5401 Ἐκείνου
3036 5341 3097 5397 δε
3140 5343 3392 5411 εἰπόντος,
3448 5343 3558 5395 Οὗκ
3607 5339 3715 5396 ἔδει
3764 5363 3823 5397 σε
3854 5344 4169 5420 «ἀνθρώπους

773 5423 1169 5482 reformidare
1216 5424 1300 5481 ita
1342 5428 1409 5479 ut
1446 5425 1981 5497 reprehensionem
2012 5427 2347 5485 incurreres
2385 5435 2443 5489 et

770 5514 1059 5584 caderes;
1110 5514 1463 5587 respondit:
1517 5515 1575 5572 Si
1623 5521 1760 5572 ante
1802 5516 2089 5588 praesides
2117 5520 2431 5591 stetissem,

762 5610 1133 5678 protestatus
1163 5620 1359 5661 essem
1386 5620 1399 5670 ;
1432 5621 1469 5661 a
1493 5609 1548 5661 te
1580 5610 1783 5662 autem
1804 5605 2131 5678 judicatus,
2164 5615 2229 5666 ut
2257 5627 2293 5667 a
2322 5627 2431 5684 pa-

757 5700 846 5754 tre
856 5696 1179 5769 justo,non
1208 5710 1401 5752 ausus
1432 5712 1590 5765 sum,
1614 5696 1811 5753 Filius
1827 5698 2005 5765 enim,
2029 5698 2245 5772 inquit,
2268 5718 2306 5761 a
2319 5718 2436 5774 pa-

2554 5430 2869 5505 ἕντραπῆναι
2936 5426 3008 5489 εἰς
3081 5426 3412 5497 κατάγνωσιν
3475 5429 3565 5477 xui
3618 5425 3712 5488 ἐἰς
3779 5431 3979 5479 πτῶσίν
4046 5445 4165 5497 σου,

2553 5519 2873 5595 ἀπεκρίνετοο
2942 5516 3004 5569 Εἰ
3066 5518 3198 5591 πρὸς
3253 5514 3520 5588 ἄρχοντας
3597 5516 3765 5587 εἶχον,
3822 5519 4168 5592 ἐμαρτύρησα

2548 5614 2630 5666 ἄν.
2692 5611 2836 5685 παρὰ
2895 5615 2989 5660 σοῦ
3039 5603 3117 5672 δὲ,
3160 5625 3477 5683 κρινομενος,
3528 5608 3587 5671 ὡ,
3635 5608 3777 5678 παρὰ
3825 5612 4026 5682 πατρὸς
4073 5605 4164 5660 δι-

2545 5706 2722 5772 καίου,
2773 5698 2868 5753 οὐκ
2896 5700 3167 5771 ἐχρώμην·
3210 5703 3344 5759 Παῖς
3383 5715 3509 5771 γαρ,
3557 5700 3709 5768 φησί,
3766 5701 3932 5771 πατρὶ
3979 5693 4165 5753 δικαια
