4508 6436
312 407 385 462 45
1666 397 2020 460 THESAURI
2067 402 2092 458 I

1903 397 2020 459 [ΠΗ
2067 402 2196 458 LIB.
2245 401 2338 459 Ix.
3612 404 3683 464 ιο

308 528 478 599 λέγων
532 521 777 581 τεθνάτω.
850 524 1099 579 Εὐσεϐίςυ
1167 522 1227 579 δὲ
1288 533 1381 578 τοῦ
1431 526 1715 601 Δορυλαίου
1753 526 1921 598 λόγον·
1955 530 2001 582 Α
2033 531 2088 581 tr

1904 558 1921 567 -
1955 530 2001 582 Α
2033 531 2125 582 tre
2136 529 2309 597 juxta
2352 541 2683 597 reposcens,
2714 528 3032 583 moriatur.
3074 524 3365 584 Eusebius
3392 543 3537 587 vero
3567 531 3684 587 Do-

311 637 404 677 τος
434 618 538 679 ὃτι,
598 614 882 668 Φλαϐιανού
934 621 1025 666 τοῦ
1084 614 1385 675 καθελόντος
1428 616 1642 687 Εὐτυχῆ
1685 620 1921 689 κρινομέ-

312 726 426 769 νου,
484 704 585 776 ἐγὼ
638 705 663 755 ό
719 712 1024 775 κατηγορῶν
1069 703 1336 774 Εὗτυχούς
1385 704 1626 757 εἰσελθεῖν
1689 705 1747 756 ού
1804 723 1923 756 συν-

317 797 603 866 εχωρηθην
651 798 739 843 καὶ
797 802 897 843 τῶν
958 791 1225 865 ἀρχόντων
1278 793 1590 864 αἰτιωμένων
1646 798 1923 863 Διόσκορον

315 888 389 943 ὡς
440 892 543 933 τῶν
608 886 827 933 κανόνων
885 880 1214 955 παραϐάτην,
1265 882 1422 941 αὐτὸς.
1456 884 1571 953 ἔφη·
1635 887 1731 935 Καὶ
1778 883 1924 953 ὑμεῖς

314 970 682 1043 παραϐαίνετε,
731 966 1073 1042 Θεοδώρητον
1129 968 1331 1041 ἀφέντες
1388 970 1630 1023 εἰσελθεῖν
1694 970 1766 1031 εἰς
1828 975 1922 1028 τήν

317 1057 563 1112 σύνοδον.
621 1061 686 1112 Οἱ
752 1056 811 1111 δι
863 1055 1022 1110 εἶπον
1073 1065 1461 1133 Κατηγορήσων
1519 1064 1665 1129 ἦμών
1728 1059 1923 1116 εἰσελή-

314 1150 488 1201 λυθεν·
547 1151 571 1199 ό
631 1146 709 1214 δε,
772 1152 870 1200 Καὶ
924 1143 1017 1198 διὰ
1054 1152 1125 1213 τί,
1158 1150 1274 1218 ἔφη,
1308 1149 1585 1208 καθέζεται
1611 1151 1679 1208 ὡς
1718 1146 1925 1199 ἐπίσκο-

313 1258 413 1299 πος
442 1256 457 1304 ;
503 1238 569 1290 Οἱ
601 1234 659 1289 δὲ
680 1239 956 1308 ἄρχοντες
990 1235 1190 1305 καλῶς,
1225 1239 1443 1308 ἔφησαν,
1472 1239 1535 1297 ὡς
1567 1235 1807 1297 Εὐσέϐιος
1834 1242 1924 1289 καὶ

316 1324 667 1397 Θεοδώρητος
698 1324 746 1376 ἐν
775 1324 919 1385 τάξει
956 1329 1259 1394 κατηγόρων
1290 1326 1620 1391 καθέζονται,
1665 1323 1806 1378 διότι
1835 1330 1925 1377 καὶ

312 1418 461 1487 ὑμεῖς
489 1413 537 1466 ἰν
567 1414 710 1476 τάξει
734 1417 1194 1485 κατηγορουμένων
1226 1414 1361 1475 ὄντες
1390 1415 1690 1474 καθέξεσθε.

392 1504 465 1561 η’.
531 1506 739 1555 Πάντων
786 1498 844 1553 δε
897 1500 982 1553 ἐπὶ
1038 1505 1240 1561 τούτοις
1284 1499 1714 1572 ἀναγνωσθέντων
1744 1510 1843 1553 τῶν
1872 1520 1927 1553 τε

317 1592 369 1644 ἐν
438 1590 986 1644 Κωνσταντινουπόλει
1051 1592 1192 1662 παρά
1262 1589 1550 1642 Φλαϐιανού
1624 1594 1926 1663 πεπραγμέ-

314 1702 416 1732 νων
475 1680 549 1740 εἰς
591 1685 684 1736 τὴν
742 1678 1011 1749 Εύτυχούς
1038 1680 1364 1750 καθαίρεσιν,
1394 1685 1483 1730 καὶ
1516 1679 1615 1729 τῶν
1644 1677 1693 1730 ἓν
1734 1678 1929 1751 Ἐφέσω

314 1774 377 1821 τό
438 1766 679 1841 δεύτερνν
744 1770 888 1840 παρὰ
966 1773 1249 1841 Διοσκορου
1313 1769 1655 1840 πραχθέντων
1722 1766 1805 1820 ἐπὶ
1862 1776 1924 1839 τῇ

2031 614 2210 686 rylea
2256 615 2405 672 dixit
2444 615 2579 682 sibi,
2611 614 2758 671 dum
2794 614 3167 687 judicaretur
3213 616 3530 673 Flavianus
3575 618 3685 691 qui

2036 703 2358 775 Eutychem
2407 703 2789 776 deposuerat,
2844 719 2967 759 non
3020 703 3260 760 licuisse
3304 710 3369 761 ut
3397 705 3682 778 Eutychis

2030 793 2360 847 accusatori
2413 792 2475 847 in
2520 792 2824 864 synodum
2882 794 3124 847 intrare.
3191 794 3257 847 Et
3318 793 3684 865 praesidibus

2036 880 2383 936 Dioscorum
2420 886 2482 936 ut
2510 896 2817 937 canonum
2847 886 3353 951 transgressorem
3379 882 3683 953 arguenti-

2031 968 2190 1025 bus:
2259 972 2324 1025 Et
2379 986 2505 1036 vos,
2551 969 2765 1042 inquit,
2824 984 3092 1026 canones
3151 970 3684 1041 transgredimini,

2030 1059 2465 1115 Theodoretum
2518 1060 2781 1115 sinentes
2834 1059 2895 1114 in
2945 1058 3251 1130 synodum
3300 1060 3541 1116 intrare.
3572 1060 3687 1126 Qui

2031 1149 2255 1215 dixere,
2278 1150 2393 1204 Vos
2416 1153 2811 1203 accusaturus
2841 1147 3117 1203 introivit:
3146 1149 3209 1202 Et
3236 1163 3446 1220 quare,
3465 1148 3683 1221 inquit,

2032 1238 2198 1292 sedet
2221 1242 2281 1293 ut
2312 1238 2636 1309 episcopus
2656 1236 2683 1290 ?
2718 1238 2781 1291 Et
2809 1235 3100 1307 prasides
3126 1253 3140 1291 :
3172 1237 3349 1302 Bene,
3382 1236 3685 1310 inquiunt,

2036 1326 2324 1383 Eusebius
2371 1332 2429 1382 et
2470 1326 2875 1382 Theodoretus
2917 1328 2975 1380 in
3022 1326 3435 1381 accusantium
3475 1327 3688 1384 ordine

2033 1415 2243 1471 sedent
2275 1431 2346 1470 eo
2366 1414 2530 1486 quod
2561 1421 2617 1469 et
2652 1430 2761 1469 vos
2790 1414 2849 1469 in
2872 1428 3111 1469 reorum
3135 1413 3344 1470 ordine
3374 1414 3614 1471 sedetis.

2108 1508 2156 1560 8.
2202 1506 2524 1576 Postquam
2564 1502 2779 1558 deinde
2814 1501 2966 1558 lecta
3004 1508 3143 1557 sunt
3179 1519 3315 1574 qua
3358 1504 3689 1560 Constanti-

2036 1595 2240 1667 nopoli
2271 1610 2304 1648 a
2346 1594 2625 1649 Flaviano
2652 1592 2711 1648 in
2747 1592 3022 1664 Eutychis
3064 1592 3503 1664 depositionem
3533 1594 3694 1651 facta.

2039 1682 2294 1749 fuerant,
2322 1688 2379 1737 et
2402 1696 2538 1753 qua
2574 1680 2783 1753 Ephesi
2814 1696 3023 1735 rursus
3059 1695 3096 1735 a
3138 1680 3425 1737 Dioscoro
3455 1681 3533 1737 ad
3566 1683 3692 1738 Fla-

2041 1771 2201 1827 viani
2230 1770 2668 1841 depositionem
2700 1774 2832 1824 acta
2863 1768 3119 1835 fuerant,
3152 1785 3414 1842 cumque
3442 1776 3607 1826 recta
3635 1776 3695 1827 et

316 1853 613 1912 Φλαϐιανοῦ
665 1859 987 1930 καθαιρέσει,
1037 1857 1355 1927 ζητουμένης
1404 1875 1456 1909 τε
1513 1865 1602 1917 τῆς
1642 1856 1804 1931 ὀρθῆς
1842 1862 1929 1908 καὶ
1962 1873 2003 1928 Β
2042 1875 2096 1914 νε

1914 1862 1929 1908 ἱ
1962 1873 2003 1928 Β
2042 1875 2182 1915 vera
2210 1859 2417 1930 opinio
2459 1863 2846 1929 quareretur,
2883 1863 2939 1912 et
2980 1856 3297 1913 Flavianus
3334 1857 3557 1915 dixisse
3594 1874 3692 1915 re-

315 1948 549 2006 ἀ).ηθούς
613 1942 790 2011 δόξης,
854 1951 944 1997 καὶ
1001 1940 1286 1998 ⁴Ιήὶιίῗιοινού
1354 1949 1444 2017 μεν
1505 1947 1787 2018 εὑρεθέντος
1852 1948 1932 1998 ὅτι

315 2038 370 2088 ἐι
420 2034 521 2089 δύο
573 2038 771 2107 φύσεων
819 2040 911 2086 καὶ
965 2030 1061 2085 δύο
1115 2039 1295 2105 φύσεις
1347 2035 1487 2105 ἔλεγε
1551 2039 1637 2086 τόν
1678 2039 1927 2109 Χριστόν,

318 2130 611 2198 Διοσκόρου
646 2120 703 2176 δὲ
735 2126 1019 2195 φάσκοντος
1069 2126 1147 2175 ὁτι
1195 2128 1264 2175 Τό
1313 2122 1368 2175 ἐκ
1418 2120 1514 2175 δύο
1569 2120 1823 2195 δέχομαι,
1872 2127 1930 2176 τό

320 2212 422 2267 δύο
476 2213 536 2264 ού
593 2209 845 2283 δέχομαι·
890 2214 1020 2282 μετα
1054 2216 1146 2268 τὴν
1178 2212 1358 2263 ἕνωσιν
1391 2208 1487 2263 δύο
1519 2216 1700 2283 φύσεις
1730 2212 1824 2263 ούκ
1864 2217 1933 2264 εὶ-

320 2309 428 2354 σίν·
474 2304 525 2352 οἱ
570 2302 821 2373 ἄρχοντες
875 2304 962 2350 καὶ
1016 2301 1043 2357 ἡ
1103 2299 1391 2369 σύγκλητος
1449 2296 1609 2351 εἶπον
1672 2306 1794 2373 Περὶ
1841 2304 1930 2372 μεν

318 2401 417 2452 τῆς
478 2389 640 2461 ὀρθῆς
696 2394 923 2449 πίστεως
977 2386 1348 2462 ἀκριϐεστέραν
1403 2387 1636 2451 ἐξέτασιν
1682 2398 1742 2461 τῇ
1777 2392 1930 2443 ύστε-

319 2500 454 2552 ραια
515 2476 622 2531 δεῖν
677 2479 919 2549 γενέσθαι
978 2486 1291 2549 συνορῶμεν·
1363 2476 1471 2529 ἐπεὶ
1536 2475 1595 2530 δὲ
1654 2478 1933 2541 Φλαϐιονός

320 2575 416 2621 καὶ
473 2568 720 2629 Εὐσέϐιος
766 2570 821 2618 ἔκ
870 2585 923 2618 τε
984 2576 1078 2627 τῆς
1131 2575 1233 2617 τῶν
1291 2572 1659 2641 πεπραγμένων
1711 2566 1933 2639 ἀναγνώ-

326 2678 455 2719 σεως
484 2665 701 2718 καὶτῆς
754 2664 926 2727 φωνῆς
956 2665 1103 2706 τινῶν
1156 2654 1390 2727 ἐξάρχων
1448 2654 1539 2717 τῆς
1587 2658 1933 2730 καθαιρέσεως

324 2749 498 2799 αὐτῶν
558 2743 847 2799 δείκνυνται
893 2741 1058 2817 μηδεν
1112 2750 1228 2817 περὶ
1276 2751 1370 2803 τὴν
1419 2750 1594 2798 πίστίν
1638 2746 1930 2818 σφαλέντες,

326 2837 459 2889 ἀλλά
504 2839 676 2908 μάτην
724 2835 1133 2907 καθαιρεθέντες,
1194 2839 1426 2905 φαίνεται
1487 2837 1611 2907 ἡμῖν
1676 2839 1811 2887 κατὰ
1874 2839 1933 2888 τό

324 2935 442 2995 Θεῷ
516 2924 733 2997 ἀρέσκον
798 2919 1004 2975 δίκαιον
1072 2920 1222 2993 εἶναι,
1289 2923 1334 2975 εἰ
1390 2930 1792 2998 παρασταίημεν
1860 2934 1932 2995 τῷ

326 3018 576 3084 θειοτάτῳ
631 3016 775 3084 ἡμῶν
803 3010 1016 3084 βασιλεῖ
1066 3017 1344 3084 Διόσκορον
1392 3017 1479 3064 τόν
1519 3011 1931 3087 Ἀλεξανδρείας,

322 3110 418 3156 καὶ
477 3102 815 3156 Ἰουϐενάλιον
867 3106 953 3152 τόν
1019 3100 1405 3174 Ἰεροσολύμων,
1478 3108 1568 3155 καὶ
1631 3103 1933 3155 Θαλάσσιον

321 3200 413 3247 τόν
485 3196 824 3266 Καισαρείας,
901 3195 991 3241 καὶ
1051 3189 1297 3242 Εύσέϐιον
1362 3194 1447 3242 τόν
1514 3193 1785 3267 Ἀγκύρας,
1844 3199 1932 3245 καὶ

324 3282 623 3335 Εύστάθιον
681 3285 767 3332 τόν
836 3288 1079 3352 Βηριτού,
1138 3286 1227 3332 καὶ
1283 3279 1549 3353 βασίλειον
1607 3286 1693 3334 τόν
1760 3284 1930 3336 Σελευ-

321 3378 489 3438 κείας,
547 3374 663 3430 τοὺς
710 3369 1027 3443 ἐξάρχοντας
1065 3377 1160 3431 τῆς
1206 3389 1322 3421 τοτε
1392 3368 1617 3422 συνόδου
1680 3380 1752 3441 τῷ
1793 3372 1934 3443 αύτῷ

324 3463 576 3533 ἐπιτιμίῳ
630 3462 925 3525 ὑποπεσεῖν,
978 3464 1067 3511 καὶ
1140 3468 1233 3512 τοῦ
1291 3459 1637 3514 ὶπισκοπικού
1700 3462 1934 3535 ἀξιωμα-

324 3572 412 3612 τος
476 3550 904 3621 ἀλλοτριωθῆναι·
974 3552 1260 3621 Λέγιμους,
1335 3549 1598 3622 λέγιμους,
1664 3556 1934 3605 τουτέστιν

324 3644 646 3713 ἀνέγνωμεν.
712 3642 900 3693 Ἰστίον
939 3644 1038 3713 γὰρ
1083 3643 1164 3692 ὅτι
1226 3638 1503 3703 διαλαλιὰς
1567 3646 1679 3706 οἵας
1740 3641 1937 3702 δήποτε

323 3737 602 3804 γινομένης
654 3732 753 3782 ύπό
822 3738 923 3781 τῶν
970 3732 1265 3804 ἀρχόντων,
1331 3736 1422 3782 καὶ
1474 3736 1618 3805 παρὰ
1664 3742 1764 3785 τῶν
1794 3734 1935 3792 ύπη-

323 3826 647 3895 ρετουμένων
704 3826 982 3894 νοταρίνων
1042 3820 1494 3894 ἀπογραφομένης,
1556 3824 1817 3896 ὑπέγραφε
1855 3845 1937 3886 τις

326 3911 503 3963 αὐτων
568 3914 627 3960 τό
677 3912 963 3980 ἀνέγνωμεν
1007 3913 1130 3981 πρός
1175 3912 1231 3960 τὸ
1275 3906 1404 3961 εἶναι
1445 3907 1663 3982 βεϐαίαν
1693 3918 1786 3971 τὴν
1820 3910 1935 3965 δια-

322 4000 533 4069 λαλιὰν,
574 4003 663 4049 καὶ
702 3994 968 4070 μηδεμίαν
1017 3998 1289 4070 ἐμπίπτειν
1364 4000 1628 4068 ὑπόνοιαν,
1680 4005 1748 4065 ὡς
1814 4002 1934 4055 ἐκα-

322 4090 600 4161 κουργηθη
629 4107 679 4138 τι
708 4090 850 4161 παρὰ
888 4096 988 4137 τῶν
1035 4089 1391 4160 ύπογραρέων.
1443 4094 1542 4142 Καὶ
1579 4094 1645 4143 τὰ
1700 4095 1791 4164 μὲν
1842 4102 1937 4155 τῆς

322 4184 541 4252 πρώτης
582 4176 818 4251 πράξεως
859 4184 1090 4228 τοιούτον
1138 4179 1268 4248 ἔσχε
1291 4180 1349 4229 τό
1379 4178 1542 4241 τεἊος,

2040 1949 2329 2020 periretur
2376 1946 2679 2004 Christum
2731 1961 2804 2001 ex
2851 1945 3094 2001 duabus
3138 1946 3371 2001 naturis
3424 1952 3481 2003 et
3538 1947 3693 2005 duas

2039 2041 2288 2093 naturas
2325 2051 2478 2105 esse,
2527 2037 2844 2091 Dioscorus
2890 2050 3025 2091 vero
3062 2034 3289 2091 ‘diceret
3327 2050 3389 2090 se
3428 2051 3502 2091 ex
3543 2036 3695 2093 dua-

2038 2126 2151 2181 bus
2190 2126 2416 2181 naturis
2467 2124 2749 2195 recipere,
2811 2140 2929 2180 non
2983 2130 3185 2179 autem
3213 2123 3368 2180 duas
3408 2131 3691 2195 naturas;

2038 2216 2191 2271 duas
2223 2220 2469 2270 naturas
2502 2220 2637 2286 post
2668 2214 2951 2268 unionem
2985 2229 3106 2268 non
3138 2229 3289 2280 esse,
3325 2214 3612 2285 praesides
3639 2219 3698 2271 et

2040 2302 2360 2359 concilium
2392 2301 2634 2357 dixere:
2685 2304 2763 2357 De
2802 2307 2964 2356 recta
3007 2300 3126 2356 ﬁde
3173 2302 3512 2357 accuratius
3560 2317 3695 2360 exa-

2041 2410 2175 2449 men
2204 2399 2446 2465 postera
2474 2391 2571 2446 die
2614 2390 2743 2445 ﬁeri
2778 2397 3051 2461 oportere
3081 2390 3507 2459 intelligimus;
3554 2408 3696 2449 cum

2040 2489 2241 2539 autem
2303 2480 2620 2537 Flavianus
2680 2484 2738 2535 et
2800 2479 3092 2535 Eusebius
3149 2495 3222 2535 ex
3279 2495 3491 2536 eorum
3555 2496 3696 2554 qua

2041 2572 2119 2628 ab
2177 2572 2249 2627 iis
2291 2577 2426 2626 acta
2472 2576 2611 2625 sunt
2657 2568 2931 2636 lectione,
2956 2575 3011 2625 et
3040 2569 3452 2642 quorumdam
3484 2585 3697 2627 eorum

2041 2662 2431 2733 depositionis
2450 2664 2767 2714 auctorum
2795 2674 2961 2727 voce,
3011 2673 3134 2714 non
3166 2659 3227 2713 in
3256 2657 3376 2714 ﬁde
3407 2660 3700 2715 erravisse

2041 2751 2458 2817 exhibeantur,
2474 2748 2577 2803 sed
2602 2749 2834 2820 absque
2860 2764 3044 2804 causa
3068 2748 3317 2819 depositi
3351 2747 3488 2815 sint,
3516 2748 3698 2804 nobis

2043 2841 2276 2896 videtur
2324 2838 2496 2911 juxta
2538 2838 2638 2893 Dei
2691 2836 3138 2909 beneplacitum
3180 2836 3415 2908 justum
3460 2852 3615 2907 esse,
3646 2837 3700 2894 si

2041 2929 2483 2985 divinissimum
2536 2928 2962 2999 imperatorem
3016 2926 3331 2982 certiorem
3381 2925 3699 2982 fecerimus

2045 3020 2395 3073 Dioscorum
2426 3015 2821 3084 Alexandria,
2851 3014 3200 3070 Iuvenalem
3242 3014 3697 3087 Hierosolyma,

2043 3114 2100 3163 et
2118 3106 2495 3163 Thalassium
2522 3107 2830 3173 Casarea,
2870 3110 2929 3160 et
2960 3104 3282 3159 Eusebium
3321 3111 3593 3177 Ancyra,
3642 3108 3702 3161 et

1974 3220 2015 3276 ρ
2048 3197 2410 3252 Eustathium
2451 3195 2662 3266 Beryti,
2713 3200 2770 3249 et
2835 3194 3123 3249 Basilium
3181 3194 3487 3261 Seleucia,
3537 3193 3698 3250 illius

2043 3285 2258 3358 synodi
2288 3290 2563 3340 auctores
2593 3283 2789 3339 eidem
2822 3298 3015 3356 pana
3043 3282 3349 3354 subjectos
3373 3282 3560 3338 fuisse
3586 3288 3645 3338 et
3665 3298 3703 3340 ιι.

2042 3374 2332 3445 dignitate
2358 3371 2683 3445 episcopali
2716 3371 3009 3427 decidisse
3044 3388 3057 3427 :
3090 3372 3388 3443 Legimus,
3419 3371 3702 3443 legimus.

2046 3463 2367 3521 Sciendum
2395 3465 2556 3518 enim
2577 3466 2668 3516 est
2695 3460 3019 3533 praesidum
3049 3460 3403 3532 quemdam,
3436 3460 3539 3516 ubi
3565 3466 3701 3516 tan~

2044 3555 2183 3610 dem
2211 3553 2501 3608 sententia
2522 3552 2601 3606 ab
2630 3550 2779 3623 ipsis
2800 3550 3187 3623 pronuntiata
3212 3554 3371 3605 esset
3389 3554 3446 3605 et
3472 3564 3508 3605 a
3529 3550 3702 3605 mini-

2046 3642 2375 3700 strantibus
2404 3641 2649 3697 notariis
2680 3638 3053 3710 transcripta,
3089 3638 3467 3695 subscribere
3497 3639 3703 3695 solitos

2046 3749 2177 3789 esse
2208 3732 2354 3787 illud
2380 3748 2393 3786 :
2429 3732 2778 3801 tegimus,ut
2801 3728 2979 3784 ﬁrma
2998 3728 3703 3801 essetsententia,neque

2043 3823 2275 3895 quavis
2295 3820 2557 3893 suspicio
2571 3823 2911 3888 assurgeret
2926 3816 3263 3889 quidquam
3278 3816 3355 3873 ab
3368 3832 3703 3873 amanuen-

2045 3914 2212 3969 sibus
2242 3910 2645 3967 adulleratum
2676 3908 2876 3964 fuisse.
2920 3909 2986 3962 Et
3015 3906 3197 3963 talem
3236 3906 3487 3980 quidem
3515 3907 3704 3964 ﬁnem

2043 4002 2258 4060 habuit
2284 4002 2483 4075 prima
2507 3998 2683 4057 actio.

546 4302 902 4374 Sequuntur
931 4302 992 4357 in
1024 4302 1221 4358 codice
1246 4304 1620 4375 reliquarum
1653 4307 1962 4364 actionum
1990 4308 2211 4379 synodi
2246 4308 2597 4374 summaria,
2639 4320 2771 4379 qua
2807 4321 2915 4362 nos
2945 4307 3490 4377 praetermittimus.

404 4428 465 4483 θ’.
511 4432 686 4500 Χρεων
720 4423 778 4479 δε
819 4423 1012 4479 εἰδέναι
1056 4428 1140 4497 ὡς,
1200 4437 1298 4490 τῆς
1354 4430 1511 4499 ἁγίας
1568 4433 1759 4491 ταύτης
1817 4452 1937 4484 συν-

329 4516 461 4571 όδου
521 4519 826 4590 καθαιρέσει
891 4522 1169 4589 Διόσκορον
1239 4517 1605 4581 emeatus”;
1660 4525 1745 4577 τόν
1801 4526 1939 4593 γενό-

328 4627 481 4681 μενον
551 4602 942 4680 Ἀλεξανδρείας
1018 4609 1323 4676 ἐπίσκοπον,

328 4697 716 4770 λαμϐανόμενοι
797 4704 895 4757 τῆς
985 4696 1266 4760 καθολικῆς
1324 4699 1639 4763 Ἐκκλησίας
1714 4700 1941 4760 ἀπέστη·

335 4808 454 4855 σαν,
504 4792 593 4838 καὶ
650 4784 1078 4860 διακρινομένους
1116 4788 1391 4859 ὠνόμασαν
1448 4788 1659 4850 ἑαυτούς
1725 4788 1781 4841 ἐκ
1848 4798 1942 4844 τού

330 4882 406 4950 μὴ
472 4877 813 4928 συντίθεσθαι
884 4882 994 4938 τοῖς
1058 4872 1467 4949 δογματισθεῑσι
1523 4883 1667 4952 παρα
1730 4888 1830 4931 τῶν
1895 4878 1943 4932 ἐν

335 4962 645 5023 Χαλκηδόνι
699 4965 1042 5017 συνελθόντων
1111 4972 1369 5041 Πατέρων,
1438 4974 1528 5021 καὶ
1596 4969 1667 5032 εἰς
1734 4966 1949 5023 δώδεκα

333 5054 667 5130 διῃρέθησαν
717 5060 971 5128 τμήματα
999 5057 1096 5126 (1),
1145 5056 1213 5107 ὧν
1265 5060 1314 5109 οἱ
1366 5060 1457 5129 μὲν
1529 5059 1947 5132 Εύτυχιανισταὶ

330 5145 603 5218 λεγόμενοι
651 5144 893 5215 Εύτυχέα
950 5149 1040 5197 καὶ
1097 5150 1375 5221 Διόσκορον
1434 5144 1702 5219 δέχονται,
1761 5148 1808 5201 οἳ
1857 5153 1948 5201 καὶ

330 5236 561 5306 ὶέγουσι-
606 5237 693 5285 τόν
761 5238 1022 5292 Δεσπότην
1088 5239 1319 5309 Χριστὸν
1387 5238 1665 5310 όμοούσιον
1723 5242 1812 5311 μὲν
1878 5247 1951 5311 τῷ

336 5329 530 5400 Πατρὶ,
572 5323 747 5376 ούκὲτι
778 5320 836 5377 δὲ
883 5328 975 5377 καὶ
1021 5326 1168 5398 ἡμῖν,
1202 5321 1297 5378 διὰ
1350 5330 1410 5378 τό
1455 5331 1527 5400 μὴ
1579 5330 1955 5382 κατατίθεσθαι

416 5541 498 5610 (1)
522 5522 801 5595 'Animad
811 5544 964 5595 verte
985 5538 1307 5596 duodecim
1327 5546 1519 5598 sectas
1538 5542 1957 5601 hareticorum

343 5611 773 5669 dissidentium
797 5628 832 5667 a
859 5613 1113 5668 concilio
1134 5614 1632 5670 Chalcedonensi.
1654 5617 1778 5670 Fuit
1796 5618 1957 5673 enim

341 5682 498 5742 illud
526 5683 917 5741 Orientalium
950 5685 1339 5742 schismatum
1370 5685 1547 5743 fatale
1579 5695 1835 5761 tempus.
1864 5688 1956 5746 Vi-

2118 4437 2169 4489 9.
2216 4432 2372 4489 Scire
2414 4436 2673 4505 oportet,
2726 4430 2993 4486 Dioscori
3048 4430 3330 4497 fautores,
3378 4435 3708 4504 postquam

2048 4523 2177 4579 hac
2208 4529 2416 4578 sancta
2440 4520 2713 4594 synodus
2747 4537 2887 4576 eum
2933 4520 3305 4577 Alexandria
3335 4520 3563 4576 factum
3590 4520 3711 4593 epi-

1405 4610 1453 4660 οἱ
1533 4613 1720 4662 τούτου
1794 4612 1938 4664 ἀντι·
1976 4626 2017 4680 ο
2051 4627 2310 4683 scopum
2347 4610 2649 4683 deposuit,
2683 4625 2719 4664 a
2749 4609 3043 4665 catholica
3089 4611 3185 4665 Ecc

1931 4641 1938 4651 -
1976 4626 2017 4680 [)
2051 4627 2310 4683 scopum
2347 4610 2649 4683 deposuit,
2683 4625 2719 4664 a
2749 4609 3043 4665 catholica
3089 4608 3346 4665 Ecclesia
3385 4609 3711 4665 excessisse

2052 4707 2107 4757 et
2130 4701 2362 4773 seipsos
2393 4701 2793 4768 disceptantes
2825 4698 3233 4753 nominavisse
3255 4715 3328 4754 ex
3348 4714 3421 4755 eo
3441 4697 3607 4772 quod
3638 4697 3712 4754 iis

2053 4806 2188 4862 qua
2210 4807 2244 4845 a
2272 4790 2547 4845 Patribus
2575 4787 2947 4844 Chalcedone
2969 4788 3351 4859 congregatis
3374 4787 3715 4844 decretave-

2054 4884 2205 4946 rant,
2236 4895 2356 4935 non
2380 4879 2710 4944 adhasere,
2744 4884 2802 4933 et
2830 4879 2890 4933 in
2919 4876 3243 4933 duodecim
3261 4884 3453 4933 sectas
3484 4877 3717 4933 divisos

2057 4986 2213 5037 esse;
2237 4985 2496 5042 quorum
2515 4967 2765 5040 quidem
2789 4967 2826 5023 ii
2858 4968 2961 5040 qui
2991 4967 3391 5039 Euthychiani
3411 4967 3716 5036 dicuntur,

2058 5059 2387 5133 Eutychem
2418 5064 2475 5114 et
2519 5059 2871 5114 Dioscorum
2912 5058 3237 5130 accipiunt,
3276 5059 3382 5130 qui
3419 5063 3476 5114 et
3523 5058 3721 5115 Domi-

2059 5166 2208 5205 num
2259 5148 2557 5204 Christum
2617 5147 2773 5203 Patri
2840 5147 3423 5203 consubstantialem
3486 5147 3717 5215 dicunt,

2061 5255 2184 5295 non
2233 5244 2435 5294 autem
2492 5237 2687 5308 nobis,
2739 5237 2885 5309 quia
2941 5252 3063 5293 non
3113 5236 3365 5292 credunt
3394 5238 3622 5293 servari
3659 5237 3722 5293 in

2063 5328 2296 5385 Christo
2317 5327 2601 5385 humana
2624 5333 2853 5384 natura
2874 5328 3224 5394 veritatem;
3255 5327 3361 5399 qui
3392 5334 3595 5383 autem
3621 5342 3725 5385 vo-

2067 5543 2226 5600 desis
2246 5544 2427 5601 etiam
2458 5542 2816 5605 Ebediesum
2838 5540 2913 5598 de
2938 5558 3063 5599 ver.
3082 5542 3177 5599 ch.
3202 5541 3306 5600 rel.
3332 5558 3369 5599 a
3396 5543 3572 5601 nobis
3602 5543 3730 5602 edi-

2070 5620 2199 5673 tum
2231 5616 2375 5675 Coll.
2409 5618 2534 5673 Vat.
2568 5622 2609 5672 ι.
2637 5617 2699 5687 Χ,
2723 5614 2830 5686 lib,
2858 5632 2938 5685 ιιι,
2967 5618 3021 5672 4.
