4508 6436
859 397 933 454 47
2179 395 2223 450 Ν
2233 391 2449 450 [ΟΕΤᾹΞ
2497 390 2639 449 (ΞΗΗι

2446 394 2449 446 :
2497 364 2913 451 canonum
4057 405 4063 417 υ
4156 395 4226 455 ιε

864 525 1079 577 cantur
1107 517 1380 592 acephali
1410 532 1536 575 non
1563 520 1919 592 receperunt
1944 518 2245 575 enoticum
2267 514 2520 573 Zenonis
2551 518 2597 571 A
2631 536 2644 569 1

2448 514 2520 571 tis
2551 518 2597 571 Α
2631 516 2819 579 αὐτοὺς
2877 517 3142 580 σώζεσθαι
3189 518 3238 571 ἄν
3302 524 3519 594 Χριστῷ
3574 522 3668 578 τὴν
3720 518 3961 580 ἀλήθειαν
4005 528 4097 584 τῆς
4135 521 4228 574 ἀν-

863 608 1263 681 imperatoris,
1321 607 1467 680 quia
1513 607 1573 664 in
1627 606 1727 664 illo
1792 623 1916 665 non
1983 605 2523 663 anathematizatur
2634 610 2643 657 t

2454 620 2523 660 ur
2634 607 2891 678 θρωπίνης
2948 611 3167 678 φύσεως·
3228 609 3277 661 οἱ
3331 605 3391 660 δὴ
3454 608 3761 682 καλούμενοι
3819 610 4093 683 Ἀκέφαλοι
4134 612 4229 664 οὐκ

867 698 1369 754 Chalcedonensis
1418 696 1711 769 synodus.
1752 696 2035 769 Acephali
2080 700 2283 752 autem
2327 694 2518 749 vocati
2631 695 2647 747 ὲ

2451 694 2518 749 ati
2631 692 2872 758 ἐδέξαντο
2936 700 2995 749 τό
3061 697 3298 750 ἕνωτικὸν
3350 705 3440 751 τοῦ
3498 697 3758 771 βασιλέως
3814 706 4064 771 Ζήνωνος,
4136 697 4231 754 διὰ

866 791 1025 852 sunt,
1059 802 1129 842 eo
1158 784 1323 857 quod
1350 800 1471 840 non
1494 785 1786 841 haberent
1814 786 2153 857 episcopos.
2171 782 2335 840 Unde
2356 781 2522 855 apud
2630 804 2646 837 1

2450 781 2522 837 Ltd
2630 788 2689 837 τὸ
2728 790 2800 858 μὴ
2872 784 3350 859 ἁναθεματισθῆναι
3406 786 3455 839 ἰν
3502 788 3642 859 αὐτῷ
3681 794 3775 847 τήν
3819 788 3867 841 ἐν
3924 787 4230 850 Χαλκηδόνι

866 876 1032 946 ipsos
1082 873 1499 929 deﬁcientibus
1545 873 1861 946 episcopis,
1906 889 2030 929 non
2068 872 2298 929 faciunt
2325 870 2521 942 bapti-
2634 892 2646 925 1

2450 870 2521 925 ti-
2634 870 2872 929 σύνοδον.
2925 875 3195 947 Ἀκέφαλοι
3254 872 3313 929 δε
3355 875 3651 934 ἐκλήθησαν
3708 876 3763 929 ἐκ
3819 878 3912 930 τοῦ
3972 884 4043 951 μὴ
4086 882 4228 951 ἔχειν

869 963 1205 1034 sunajuxta
1246 962 1721 1019 ecclesiasticum
1765 978 2085 1029 canonem,
2136 961 2239 1017 sed
2294 965 2518 1016 sancta
2630 961 2649 1013 ἑ

2446 965 2518 1015 ιω
2630 961 2961 1024 ἕπισκόπους·
3008 967 3139 1037 ὅθεν,
3187 964 3519 1018 ἐκλειπόντων
3548 975 3647 1018 τῶν
3680 966 3800 1041 παρ’
3837 967 4011 1029 αὐτοῖς
4056 970 4226 1043 ἱερέων

868 1053 1220 1126 Epiphaniae
1250 1051 1397 1108 festo
1424 1068 1615 1124 aquas
1640 1052 1947 1121 hauriunt,
1974 1066 2194 1124 easque
2212 1064 2518 1106 reservan-
2629 1071 2648 1104 ο

2447 1064 2518 1105 .n-
2629 1048 2753 1105 οῦδὶ
2819 1052 3102 1126 βάπτισμα
3165 1062 3379 1107 ποιοῦσι
3443 1058 3579 1108 κατὰ
3638 1059 3725 1109 τόν
3790 1056 4227 1116 ἐκκλησιαστικὸν

867 1147 955 1197 tes
986 1142 1046 1197 in
1074 1142 1144 1197 iis
1162 1141 1496 1213 baptizant;
1522 1141 1625 1197 sed
1656 1156 1853 1213 neque
1874 1132 2513 1196 collationemfaciunt:
2627 1163 2647 1193 ν

2446 1143 2513 1193 1t:
2627 1146 2835 1207 κανόνα,
2870 1141 2974 1194 ἀλλ’
3017 1143 3064 1195 ἐν
3112 1152 3174 1216 τῇ
3227 1144 3373 1217 ἑορτῇ
3402 1153 3501 1197 τῶν
3526 1147 3688 1217 ὑφίων
3720 1141 4013 1219 Θεοφανίων
4046 1146 4226 1223 ἀρύον-

866 1231 1359 1288 communionem
1398 1246 1540 1286 vero
1569 1231 1861 1286 habentes
1891 1246 1964 1285 ex
1995 1229 2261 1303 pristinis
2290 1232 2519 1300 tempo-
2626 1251 2646 1284 1

2445 1243 2519 1283 ιο·
2626 1251 2714 1284 ται
2776 1229 2968 1297 ὕδατα,
3024 1237 3110 1284 καὶ
3165 1240 3334 1286 ταῦτα
3389 1232 3745 1306 φυλάττοντες,
3781 1234 4136 1308 βαπτίζουσιν
4177 1236 4225 1289 ἐν

862 1322 1032 1376 ribus
1054 1320 1433 1383 custoditam,
1454 1334 1527 1375 ex
1556 1334 1628 1375 ea
1652 1335 1759 1391 per
1784 1318 1999 1374 festum
2027 1318 2269 1374 Paschae
2300 1318 2516 1374 tenuis-
2627 1342 2642 1373 ι

2446 1318 2516 1372 is-
2627 1322 2823 1385 αὐτοῖς·
2866 1321 2978 1374 ἀλλ’
3034 1319 3158 1374 οὐδὲ
3199 1319 3567 1396 προσκομιδὴν
3609 1332 3870 1377 ποιοῦσιν·
3928 1329 4135 1397 ἔχοντες
4166 1323 4226 1380 δε

864 1412 1051 1467 simas
1080 1414 1276 1483 partes
1306 1407 1803 1465 convenientibus
1842 1407 2184 1481 porrigunt.
2625 1431 2644 1463 ν

2625 1416 2893 1463 κοινωνίαν
2950 1411 3005 1464 ἐκ
3062 1411 3382 1485 παλαιτέρων
3433 1416 3637 1487 χρόνων
3693 1414 4107 1487 πεφυλαγμένην,
4171 1416 4227 1479 ἐξ

2624 1500 2789 1561 αὐτῆς
2814 1503 2947 1553 κατὰ
2992 1506 3085 1559 τήν
3129 1500 3312 1573 ἑορτὴν
3342 1508 3434 1553 τοῦ
3466 1504 3668 1574 Πάσχα
3699 1506 4053 1577 σμικροτάτας
4079 1510 4224 1579 μερί-

2625 1586 2719 1651 δας
2748 1598 2857 1651 τοῖς
2881 1598 3122 1643 συνιοῦσι
3152 1588 3421 1644 διδόασιν.
4188 1652 4193 1655 δ

912 1679 1016 1751 l0.
1059 1689 1172 1749 Alii
1215 1689 1561 1762 Julianistaa,
1621 1695 1723 1749 aut
1782 1691 2024 1749 Cainitze
2076 1690 2361 1748 dicuntur
2406 1689 2513 1762 qui

2452 1689 2513 1745 ui
2696 1696 2750 1752 ι’.
2785 1696 2963 1750 ’Ἄλλοι
3020 1696 3413 1767 Ἰουλιανισταὶ,
3462 1702 3622 1770 ἤγουν
3683 1704 3991 1770 Γαῖανίται,
4056 1700 4226 1773 λέγον-

855 1781 1091 1838 Domini
1120 1779 1333 1839 Christi
1360 1796 1583 1853 corpus
1614 1784 1881 1837 creatum
1906 1779 2156 1853 quidem
2178 1779 2388 1835 dicunt
2411 1778 2507 1833 in-
2621 1804 2635 1837 1

2443 1794 2507 1833 n-
2621 1804 2728 1855 ται,
2761 1786 2943 1848 οἵτινες
2973 1788 3032 1838 τὸ
3085 1794 3236 1859 σῶμα
3287 1794 3381 1839 τοῦ
3436 1793 3699 1841 Δεσπότου
3738 1797 3971 1864 Χριστοῦ
4010 1789 4223 1861 λέγουσι

853 1871 1214 1944 corruptiblc
1254 1875 1454 1927 autem
1503 1885 1575 1925 ex
1625 1870 1759 1942 ipsa
1801 1869 2234 1943 incorruptibili
2274 1884 2509 1924 assum—
2537 1864 2581 1917 Β
2618 1896 2633 1927 π

2440 1864 2581 1924 n-B
2618 1878 2831 1928 κτιστὸν
2877 1879 2989 1949 μὲν,
3047 1875 3308 1952 ἄφθαρτον
3384 1872 3442 1928 δὶ
3498 1876 3551 1940 ἐξ
3611 1877 3775 1940 αὐτῆς
3834 1887 3929 1941 τῆς
3993 1878 4220 1954 ἁφθόρου

851 1961 1075 2033 ptione.
1130 1959 1238 2017 Alii
1287 1965 1488 2015 autem
1538 1959 1747 2015 dicunt
1801 1976 1873 2015 ex
1930 1958 2032 2015 illa
2087 1958 2506 2030 assumptione
2618 1985 2631 2017 1

2438 1972 2506 2013 ne
2618 1964 2941 2035 συλλήψιως·
2995 1967 3158 2040 ἕτεροι
3210 1969 3259 2017 οἱ
3324 1965 3547 2037 λέγοντες
3606 1970 3667 2020 τό
3736 1976 3889 2040 σῶμα
3925 1975 4017 2020 τοῦ
4044 1976 4218 2042 Χρισ-

846 2066 970 2106 non
992 2050 1177 2106 modo
1226 2048 1673 2122 incorruptibile
1719 2064 1867 2117 esse,
1901 2048 2008 2104 sed
2038 2053 2095 2103 et
2131 2048 2461 2103 increatum
2491 2065 2504 2115 ;
2614 2072 2626 2106 τ

2440 2063 2504 2115 1;
2614 2061 2706 2107 τοῦ
2756 2056 2814 2106 οῦ
2868 2058 3020 2126 μόνον
3072 2055 3332 2128 ἄφθαρτον
3380 2053 3433 2117 ἐξ
3479 2054 3643 2116 αὐτῆς
3702 2055 4020 2127 συλλήψεως.
4092 2054 4220 2109 ἀλλὰ

844 2140 1083 2212 utrique
1133 2138 1465 2194 Julianistaa
1540 2137 1825 2211 appellati
1904 2142 2045 2193 sunt
2117 2152 2191 2193 ex
2264 2135 2505 2192 Juliano
2614 2164 2624 2195 :

2436 2151 2505 2192 [10
2614 2149 2704 2196 καὶ
2759 2146 3027 2196 οἴκτιστον*
3089 2145 3323 2217 ἔκάτεροι
3375 2139 3434 2196 δὲ
3494 2143 3866 2198 Ἰουλιανισταὶ
3922 2144 4216 2203 ἕκληθησαν

842 2230 1114 2303 quodam
1169 2229 1625 2286 Halicarnasseo
1673 2229 1856 2301 hujus
1895 2227 2182 2284 doctrinae
2209 2232 2500 2295 auctore;
2615 2256 2622 2284 1

2436 2242 2500 2295 3;
2615 2232 2716 2286 ἀπὸ
2793 2233 3076 2287 Ἰουλιανοῦ
3155 2252 3294 2295 τινος
3376 2231 3783 2309 Ἀλικαρνασέως
3871 2235 4216 2308 κατάρξαντος

842 2320 1081 2376 Cainitaa
1108 2335 1145 2375 a
1170 2318 1354 2376 Caino
1397 2334 1607 2374 eorum
1645 2332 1810 2391 papa
1839 2317 2212 2374 Alexandria:
2240 2316 2419 2385 facto,
2448 2320 2506 2372 et
2613 2344 2622 2373 τ

2448 2320 2506 2372 et
2613 2331 2704 2376 τοῦ
2741 2320 3009 2396 δόγματος
3038 2322 3230 2375 αὐτῶν·
3280 2328 3549 2376 Γαῖανίται
3602 2320 3661 2376 δε
3705 2323 3806 2377 ἀπὸ
3856 2331 4077 2377 Γαῖανοῦ
4124 2334 4216 2378 τοῦ

836 2409 1054 2466 Juliani
1102 2423 1455 2465 successore
1503 2408 1757 2479 ejusque
1810 2407 2170 2477 dogmatum
2221 2405 2499 2473 fautore;
2610 2435 2616 2448 ι

2435 2421 2499 2473 3;
2610 2418 2885 2487 γενομένου
2945 2415 3111 2465 αὐτῶν
3169 2414 3320 2466 πάπα
3363 2411 3411 2465 ἐν
3461 2410 3844 2488 Ἀλεξανδρείᾳ,
3888 2421 3977 2468 καὶ
4026 2411 4215 2469 διαδε-

836 2514 992 2569 quos
1049 2497 1142 2554 sui
1188 2496 1518 2554 adversarii
1556 2496 2015 2553 Phantasiastas
2061 2501 2119 2551 et
2144 2495 2501 2552 Manichaeos
2612 2502 2616 2551 1‘

2436 2510 2501 2551 os
2612 2501 2831 2573 ξαμένου
2903 2500 3200 2569 Ἰουλιανόν,
3259 2502 3458 2554 καὶτὰ
3514 2498 3757 2575 δόγματα
3800 2504 3978 2556 αὐτόὺ·
4036 2504 4121 2565 οὓς
4168 2506 4216 2557 οἱ

834 2591 1073 2644 vocant.
1130 2587 1196 2643 lli
1247 2602 1388 2644 vero
1445 2585 1824 2643 adversarios
1871 2601 2017 2641 suos
2072 2584 2499 2641 Phtartolatras
2610 2614 2614 2641 1

2438 2600 2499 2639 as
2610 2590 2831 2643 ἐναντίοι
2887 2590 3056 2644 αὐτῶν
3114 2593 3516 2652 Φαντασιαστὰς
3579 2596 3669 2644 καὶ
3734 2579 4073 2663 Μανιχαίους
4125 2610 4218 2643 κα-

834 2676 1261 2749 (corruptionis
1314 2675 1597 2745 cultores)
1650 2678 1707 2732 et
1768 2674 2133 2731 Ctenolatras
2183 2672 2496 2744 (interfecti
2608 2680 2614 2732 ἶ

2430 2672 2496 2728 cti
2608 2680 2777 2732 λοῦσι·
2838 2686 2927 2733 καὶ
2980 2680 3124 2733 οὗτοι
3178 2676 3411 2741 δὶ.τοὺς
3461 2679 3721 2742 ἐναντίους
3773 2679 3942 2732 αὐτῶν
3983 2681 4210 2754 φθαρτο-

835 2765 1117 2836 cultores)
1150 2764 1504 2833 nominant;
1531 2764 1835 2822 Severiani
1861 2769 1918 2820 et
1944 2767 2250 2835 Agnoetae,
2278 2763 2383 2835 qui
2412 2761 2499 2817 di-
2607 2768 2615 2821 2

2432 2761 2499 2817 li-
2607 2768 2799 2845 λάτρας
2850 2774 2941 2822 καὶ
3000 2768 3354 2844 κτηνολάτρας
3411 2768 3751 2842 ὀνομάζουσι·
3816 2768 4091 2844 Σεϐηρῖται
4153 2766 4212 2821 δὲ

835 2858 980 2911 cunt
1020 2857 1207 2911 Deum
1253 2853 1513 2910 Verbum
1545 2853 1752 2910 omnia
1781 2869 2051 2923 noscere,
2082 2853 2312 2910 unitam
2354 2868 2497 2909 vero
2607 2878 2615 2909 1

2431 2868 2497 2909 ro
2607 2861 2655 2911 οἰ
2702 2863 2791 2910 καὶ
2840 2857 3142 2930 Ἀγνοῆται,
3202 2860 3250 2911 οἱ
3295 2858 3524 2930 λέγοντες
3576 2861 3666 2932 μὲν
3722 2862 3809 2911 τόν
3855 2862 3985 2913 Θεὸν
4042 2863 4210 2930 Λόγον

833 2945 948 3017 ipsi
1007 2943 1405 3018 personaliter
1459 2944 1900 3000 humanitatem
1939 2942 2130 2999 multa
2174 2942 2493 3012 ignorare;
2605 2968 2613 3000 τ

2430 2958 2493 3011 B;
2605 2950 2774 3000 πάντα
2827 2953 3124 3019 γινώσκειν,
3179 2952 3273 3005 τὴν
3326 2944 3385 3000 δὲ
3441 2950 3706 3022 ἡνωμένην
3746 2948 3887 3019 αὐτῷ
3926 2948 4042 3001 καθ’
4083 2950 4210 3001 ὑπό-

833 3034 1204 3108 quiquidem
1236 3049 1309 3089 ex
1342 3050 1453 3090 sua
1490 3033 1766 3090 doctrina
1790 3037 2072 3103 Agnoetaa
2105 3032 2183 3088 ab
2210 3032 2494 3089 adversa-
2608 3060 2613 3086 1

2428 3047 2494 3087 a-
2608 3056 2795 3090 στασιν
2862 3039 3243 3112 ἀνθρωπότητα
3315 3036 3481 3090 πολλὰ
3564 3036 3782 3110 ἀγνοεῖν·
3862 3040 4047 3099 οἵτινες
4109 3036 4208 3090 ἀπὸ

831 3125 933 3181 riis
959 3124 1255 3181 nominati
1275 3128 1444 3192 sunt;
1473 3126 1613 3179 sunt
1632 3128 1834 3179 autem
1861 3126 1918 3179 et
1941 3122 2260 3190 Severiani,
2284 3123 2495 3179 Conto-
2605 3147 2611 3157 ε

2434 3137 2495 3178 0-
2605 3134 2696 3180 τοῦ
2763 3123 3025 3201 δόγματος
3124 3127 3402 3198 Ἀγνοῆται
3487 3127 3871 3200 ὠνομάσθησαν
3947 3129 4047 3181 ὑπὸ
4112 3134 4210 3180 τῶν

832 3213 1122 3282 babditaz,
1172 3212 1278 3287 qui
1320 3212 1530 3287 dicunt
1576 3227 1769 3268 unum
1826 3214 2014 3268 Deum
2044 3228 2299 3269 numero
2339 3227 2491 3279 esse,
2527 3224 2566 3279 ο
2606 3237 2612 3268 1

2432 3227 2491 3279 1e,
2527 3224 2566 3279 Ο
2606 3215 2843 3270 ἐναντίων
2909 3216 3107 3278 αὐτοῖς·
3176 3216 3337 3290 ἕτεροι
3414 3213 3473 3270 δὲ
3534 3216 3827 3293 Σεϐηρίται,
3869 3219 3918 3271 οἱ
3957 3222 4047 3271 καὶ
4087 3223 4212 3271 Κον-

834 3320 957 3361 non
988 3310 1192 3360 autem
1212 3317 1318 3375 per
1342 3302 1548 3359 omnia
1572 3300 1749 3357 simili
1771 3301 2111 3374 aequalitate
2131 3307 2190 3358 et
2210 3301 2494 3359 eumdem
2606 3326 2614 3338 -

2434 3318 2494 3359 n1
2606 3303 2939 3375 τοϐαϐδίται,
2994 3309 3042 3359 οἰ
3096 3306 3326 3378 λέγοντες
3370 3306 3458 3359 ἕνα
3506 3311 3635 3361 Θεὸν
3688 3304 3816 3361 εἶναι
3858 3315 3931 3379 τῷ
3984 3306 4211 3380 ἀριθμῷ,

835 3395 1074 3449 Patrem
1102 3396 1161 3448 et
1192 3390 1404 3448 Filium
1448 3395 1506 3447 et
1546 3390 1839 3463 Spiritum
1879 3394 2156 3447 sanctum
2202 3391 2492 3458 dicentes,
2606 3416 2615 3449 ε

2433 3409 2492 3458 :s,
2606 3401 2696 3449 καὶ
2743 3396 2871 3468 οὐχὶ
2928 3404 2989 3469 τῇ
3038 3394 3422 3469 ἀπαραλλάκτῳ
3478 3396 3700 3468 ἰσότητι,
3762 3401 3854 3449 καὶ
3907 3399 3993 3449 τὸν
4059 3396 4213 3449 αὐτόν

833 3483 939 3555 qni
978 3480 1435 3538 Contobabditte
1464 3480 1761 3537 nominati
1790 3484 1931 3535 sunt
1970 3495 2006 3536 a
2036 3478 2160 3535 suis
2206 3480 2495 3536 adversa-
2607 3493 2613 3540 1

2435 3496 2495 3536 a-
2607 3490 2815 3561 Πατέρα
2862 3485 2953 3537 καί
3004 3488 3123 3538 Υὶόν
3171 3490 3262 3539 καὶ
3318 3486 3468 3558 ἅγιον
3528 3493 3735 3559 Πνεῦμα
3789 3490 4092 3559 φάσκοντες,
4142 3487 4215 3538 οἰ-

835 3572 960 3640 riis,
976 3570 1122 3644 quia
1142 3570 1204 3626 in
1230 3569 1300 3625 iis
1320 3568 1868 3641 Constantinopolis
1888 3568 2163 3642 partibus
2186 3585 2323 3641 quas
2350 3572 2495 3627 Con-
2606 3595 2615 3609 ι

2432 3585 2495 3625 n-
2606 3594 2734 3636 τινες
2800 3571 3217 3629 Κοντοϐαϐδὶται
3284 3574 3670 3647 ὠνομάσθησαν
3740 3577 3842 3629 ὑπό
3906 3584 4005 3629 τῶν
4067 3575 4212 3628 ἔναν-

834 3660 1148 3717 tobabdon
1191 3658 1507 3716 dicebatur
1554 3657 1981 3715 detestandum
2013 3657 2328 3731 quoddam
2360 3674 2497 3715 con-
2606 3684 2614 3697 -

2434 3674 2497 3715 n-
2606 3670 2729 3719 τίων
2770 3665 2959 3733 αὐτῶν,
3002 3661 3096 3717 διὰ
3140 3668 3197 3718 τὸ
3239 3663 3289 3717 ἄν
3346 3672 3455 3727 τοῖς
3505 3664 3797 3739 λεγομένοις
3848 3661 4214 3719 Κοντοϐάϐδου

836 3751 1002 3808 clave
1024 3748 1335 3807 habebant
1357 3764 1552 3823 eoque
1589 3747 1629 3804 ii
1658 3748 1762 3821 qui
1789 3747 1930 3805 talia
1958 3748 2315 3812 sentiebant,
2349 3748 2497 3805 sole—
2608 3776 2616 3807 1

2442 3764 2497 3805 e—
2608 3754 2657 3808 ἐν
2725 3754 3266 3809 Κωνσταντινουπόλιι
3331 3756 3473 3827 ἔχειν
3536 3773 3589 3808 τι
3652 3758 3889 3830 μυσαρὸν
3953 3760 4217 3814 συνακτὴ-

833 3841 984 3897 bant
1002 3839 1342 3897 convenire.
1367 3837 1479 3904 Qui
1498 3852 1641 3893 vero
1662 3836 2019 3893 dicebantur
2041 3837 2498 3895 Contobabditaa
2606 3874 2613 3920 λ

2435 3846 2498 3895 ias
2606 3864 2740 3920 ριον,
2808 3842 2956 3896 κάκεῖ
3025 3845 3346 3916 συνάγεσθαι
3410 3846 3527 3904 τοὺς
3592 3847 3657 3896 τὰ
3704 3852 3920 3896 τοιαῦτα
3967 3852 4215 3918 φρονοῦν-

838 3937 894 3986 et
924 3929 1027 4003 qui
1067 3928 1446 3985 vocabantur
1488 3932 1791 3997 Agnoetaa,
1839 3926 2013 3999 prius
2049 3927 2295 3999 quidem
2322 3944 2499 3985 voca-
2608 3954 2618 3984 τ

2438 3944 2499 3985 a-
2608 3954 2718 3995 τας.
2776 3933 2937 3987 Οὗτοι
2996 3930 3054 3986 δε
3104 3934 3153 3986 οἰ
3206 3933 3468 4007 λεγόμενοι
3524 3931 3958 4001 Κοντοϐαϐδῐται,
4015 3936 4064 3986 οἱ
4128 3938 4216 3985 καὶ

838 4020 1059 4075 bantur
1108 4016 1510 4073 Theodosiani
1558 4020 1622 4072 ut
1670 4015 2069 4071 Theodosium
2121 4016 2497 4072 Alexandriae
2608 4044 2618 4075 ε

2434 4016 2497 4072 ias
2608 4024 2916 4097 καλούμενὸι
2975 4023 3274 4096 ’Λγνοῆται,
3346 4032 3550 4098 πρῶτον
3606 4026 3696 4096 μὲν
3748 4022 4022 4076 ἐκαλοῦντο
4080 4032 4214 4077 Θεο-

838 4109 1191 4182 episcopum
1222 4106 1597 4179 recipientes.
1637 4105 2034 4162 Anathemate
2065 4112 2266 4162 autem
2291 4106 2368 4162 ab
2396 4105 2496 4163 illo
2610 4135 2618 4164 1

2439 4105 2496 4163 ΙΟ
2610 4110 2891 4183 δοσιανοὶ,
2956 4117 3025 4175 ὡς
3091 4109 3378 4167 Θεοδόσιον
3456 4109 3736 4185 δεχόμενοι
3800 4116 3886 4166 τὸν
3947 4117 4214 4187 γινόμενον

836 4199 1133 4272 percussi,
1150 4201 1434 4267 Agnoctaa
1458 4196 1705 4269 quidem
1721 4201 1964 4269 propter
1983 4197 2342 4273 ignorantia;
2359 4197 2498 4253 dor-
2608 4225 2616 4256 ς

2443 4214 2498 4252 (‘-
2608 4206 2785 4256 πάπαν
2862 4199 3272 4277 ’Δλεξανδρείας
3370 4200 3860 4275 ἆναθεματισθέντες
3944 4199 4003 4256 δε
4094 4218 4218 4279 παρ’

837 4290 1079 4355 trinam,
1114 4286 1695 4358 Contobabditzeque
1726 4301 1795 4341 eo
1826 4285 1990 4359 quod
2018 4301 2140 4341 non
2166 4286 2501 4358 recipereLt
2610 4315 2617 4345 1

2438 4287 2501 4345 η
2610 4292 2770 4345 αὐτοῦ
2801 4293 2850 4344 οε
2875 4295 2963 4364 μὲν
3025 4290 3304 4362 Ἀγνοῆται
3353 4286 3447 4342 διὰ
3497 4294 3556 4343 τό
3585 4287 3759 4363 δόγμα
3787 4300 3878 4353 τῆς
3906 4290 4133 4364 ἀγνοίας,
4166 4293 4218 4344 οἱ

836 4379 911 4435 de
938 4381 1142 4433 sancta
1185 4375 1465 4433 Trinitate
1496 4375 1832 4431 doctrinam
1866 4374 1943 4430 ab
1982 4374 2114 4447 ipso
2144 4376 2493 4447 repositam,
2609 4405 2616 4432 1

2437 4392 2493 4445 n,
2609 4378 2669 4435 δὲ
2715 4378 3131 4435 Κοντοϐαϐδίται
3181 4376 3275 4433 δ’ιά
3329 4384 3387 4433 τὸ
3436 4383 3508 4453 μὴ
3558 4376 3814 4443 δέξασθαι
3861 4385 3948 4433 τόν
3977 4385 4096 4454 περὶ
4121 4385 4217 4444 της

837 4470 1122 4541 deinceps
1142 4482 1266 4523 non
1290 4467 1420 4537 jam
1444 4464 1841 4523 Theodosiani
1872 4470 2166 4521 vocantur
2188 4483 2224 4522 a
2247 4466 2372 4522 suis
2394 4465 2498 4522 ad-
2608 4494 2617 4524 1

2441 4465 2498 4522 [1-
2608 4472 2762 4544 alr/£2;
2813 4467 3041 4546 Τριάδος
3090 4474 3259 4543 Λόγον
3312 4473 3398 4522 τόν
3447 4468 3534 4522 ὑπ’
3592 4469 3752 4523 αὑτὸν
3784 4470 4069 4541 ἐκτεθέντα,
4108 4470 4221 4525 λοι-

835 4558 1140 4627 versariis,
1173 4572 1246 4613 ex
1296 4572 1419 4629 quo
1468 4571 1592 4611 non
1637 4555 1933 4627 recipiunt
1976 4555 2399 4624 Theodosium,
2433 4560 2499 4614 ut
2534 4586 2575 4640 ο
2607 4582 2615 4615 τ

2437 4560 2499 4614 ut
2534 4586 2575 4640 ο
2607 4567 2704 4615 πόν
2756 4561 2928 4614 οὐκέτι
2973 4557 3318 4613 Θεοδοσιανοι
3375 4559 3653 4613 καλοῦνται
3710 4562 3810 4613 ὑπὸ
3832 4570 3931 4613 τῶν
3976 4560 4217 4615 ἐναντίων

836 4650 1063 4705 dictum
1096 4651 1201 4702 est.
1249 4645 1363 4702 Sed
1394 4645 1490 4701 alii
1516 4660 1587 4700 ex
1618 4643 1892 4700 doctrina
1925 4660 2035 4699 sua
2065 4648 2368 4716 Agnoetae,
2397 4645 2494 4701 alii
2610 4676 2616 4705 1

2436 4645 2494 4701 lii
2610 4652 2796 4719 αὐτῶν,
2854 4646 3035 4709 ἐπειδὴ
3096 4650 3154 4703 οῦ
3202 4646 3451 4724 δέχονται
3500 4652 3575 4702 ἔτι
3623 4647 3931 4717 Θεοδόσιον,
3975 4652 4042 4713 ὡς
4065 4653 4212 4727 εἰρη-

836 4754 906 4793 co
937 4737 1071 4793 loco
1112 4734 1585 4793 Contobabditae.
1621 4727 1697 4790 Et
1725 4733 2099 4790 concordant
2146 4735 2393 4807 quidem
2435 4734 2497 4791 in
2608 4764 2616 4775 -

2436 4734 2497 4791 in
2608 4763 2717 4815 ται,
2764 4740 2868 4793 ἀλλ’
2920 4741 2968 4793 οἰ
3023 4744 3112 4815 μὲν
3176 4739 3230 4792 ἔκ
3295 4748 3388 4793 τοῦ
3438 4737 3700 4814 δόγματος
3748 4740 4044 4813 Ἀγνοῆται,
4074 4742 4122 4794 οἱ
4155 4738 4216 4796 δὲ

836 4828 960 4882 suis
992 4826 1068 4883 de
1100 4828 1267 4883 Patre
1294 4830 1350 4880 et
1380 4824 1519 4880 Filio
1540 4828 1599 4880 et
1636 4823 1854 4897 Spiritu
1887 4828 2096 4879 sancto
2124 4841 2401 4882 sermone
2434 4830 2498 4883 ut
2608 4850 2616 4884 1

2434 4830 2498 4883 ut
2608 4832 2662 4885 ἐκ
2709 4839 2800 4885 τοῦ
2849 4836 3032 4898 τόπου,
3086 4828 3520 4884 Κοντοϐαϐδῐται·
3579 4835 3670 4883 καὶ
3734 4839 4073 4903 συμφωνοῦσι
4121 4835 4214 4904 μὲν

835 4932 1023 4973 unam
1063 4915 1401 4972 doctrinam
1446 4918 1736 4983 tenentes,
1781 4914 2127 4986 discrepant
2179 4931 2344 4986 vero,
2382 4932 2496 4990 per
2605 4943 2615 4974 1

2434 4932 2496 4973 er
2605 4921 2837 4990 ἀλλήλοις
2908 4922 3140 4996 ἑκάτεροι
3206 4921 3277 4983 εἰς
3329 4924 3411 4973 τὸν
3465 4925 3583 4995 περὶ
3616 4924 3823 4996 Πατρός
3852 4923 4090 4973 καὶΥἱοῦ
4121 4926 4214 4975 καὶ

832 5007 1187 5078 ignorantice
1220 5005 1582 5061 doctrinam.
1608 5006 2016 5077 Severumque
2038 5004 2334 5077 recipiunt
2355 5007 2492 5063 utri-
2606 5033 2612 5064 1

2434 5007 2492 5063 .‘i-
2606 5011 2757 5084 ἁγίου
2810 5015 3106 5085 Ιῐνεύματος
3148 5011 3320 5083 λόγον,
3364 5010 3431 5073 ὡς
3489 5009 3537 5063 ἓν
3596 5006 3771 5082 δόγμα
3815 5012 4039 5082 ἔχοντες,
4084 5007 4214 5064 δια-

831 5112 970 5170 que,
1004 5095 1332 5153 Antiochiae
1360 5094 1586 5151 factum
1616 5095 1995 5168 episcopum,
2032 5100 2405 5170 quapropter
2434 5102 2491 5155 et
2602 5121 2611 5172 ε

2434 5102 2491 5155 et
2602 5108 2831 5172 φωνοῦσι
2868 5097 2926 5153 δὲ
2956 5105 3027 5163 εὶς
3057 5103 3112 5153 τό
3143 5104 3261 5174 περὶ
3304 5109 3400 5161 τῆς
3432 5097 3645 5171 ἀγνοίας
3678 5095 3874 5173 δόγμα·
3907 5097 4125 5175 Σεϐἧρον
4152 5096 4214 5153 δὲ

831 5188 1102 5248 Sereritae
1128 5186 1425 5244 nominati
1452 5189 1611 5242 sunt.
2601 5213 2611 5245 ς

2601 5188 2851 5264 δέχονται
2940 5187 2999 5244 δὲ
3084 5190 3318 5264 ἑκάτεροι
3371 5193 3482 5243 ’τὸν
3554 5192 3822 5263 γενόμενον
3886 5190 4214 5264 Ἀντιοχείας

2599 5280 2901 5336 ἐπίσκοπον
2937 5277 3023 5335 διὸ
3056 5286 3145 5335 καὶ
3177 5279 3451 5367 Σεϐηρῐται
3483 5282 3882 5353 ἀνομάσθησαν.

898 5390 981 5447 ll.
1023 5387 1135 5447 Alii
1181 5389 1477 5460 Severitaa,
1521 5386 1921 5445 Theodosiani
1978 5392 2035 5446 et
2083 5389 2481 5461 Paulianistze,
2672 5412 2678 5442 1

2432 5408 2481 5461 θ,
2672 5392 2741 5443 ια’
2806 5389 2986 5444 Ἀλλοι
3042 5385 3340 5466 Σεϐηρῖται,
3418 5386 3467 5442 οἱ
3547 5389 3638 5466 καὶ
3700 5383 4044 5442 Θεοδοσιανοὶ
4117 5392 4212 5444 καὶ

819 5482 922 5556 qui
946 5481 1266 5554 praedictos
1288 5481 1569 5537 Severum
1590 5484 1649 5535 et
1673 5478 2162 5536 Theodosianum
2182 5482 2485 5554 accipiunt
2597 5489 2599 5533 1

2426 5486 2485 5539 nt
2597 5481 2999 5553 Παυλιανισταὶ,
3044 5483 3093 5535 οἱ
3152 5478 3432 5554 δεχόμενοι
3486 5478 3710 5555 Σεϐῆρον
3768 5483 3857 5531 καὶ
3917 5474 4206 5534 Θεοδόσιον

821 5580 1043 5629 etcum
1086 5570 1198 5627 illis
1237 5569 1490 5627 Paulum
1540 5568 1835 5627 Melanum
1880 5571 2243 5641 cognomine
2278 5572 2381 5645 qui
2421 5572 2482 5629 in
2592 5592 2601 5605 ε

2426 5572 2482 5629 in
2592 5576 2713 5635 τοὺς
2741 5572 3061 5647 εἰρημένους,
3116 5576 3206 5625 καὶ
3259 5575 3352 5624 σὺν
3404 5570 3578 5633 αὐτοῖς
3636 5568 3837 5622 Παῦλον
3875 5572 3961 5622 τόν
3992 5568 4206 5629 ἐπίκλην

816 5681 929 5720 sua
967 5662 1042 5720 de
1084 5666 1252 5719 Patre
1300 5666 1356 5718 et
1406 5660 1547 5719 Filio
1579 5664 1637 5717 et
1686 5660 1907 5733 Spiritu
1951 5666 2160 5719 sancto
2205 5662 2480 5739 doctrina
2591 5669 2596 5717 ἶ

2420 5678 2480 5721 1a
2591 5663 2841 5734 Μελανὸν,
2912 5665 3098 5725 οἵτινες
3152 5661 3199 5715 ἐν
3252 5665 3342 5736 μὲν
3396 5670 3470 5733 τῷ
3525 5665 3645 5736 περὶ
3700 5663 3907 5735 Πατρός
3944 5664 4034 5713 καὶ
4074 5658 4200 5714 Υἰοῦ

811 5773 952 5829 eum
976 5752 1430 5814 Contobabditis
1453 5751 1882 5822 consentirent,
1908 5752 2252 5828 discrepant
2273 5760 2477 5813 autem
2588 5776 2591 5807 ε

2417 5770 2477 5813 m
2588 5759 2679 5809 καὶ
2754 5753 2911 5829 ἀγιου
2996 5755 3295 5828 Πνεύματος
3376 5749 3609 5826 δόγματι
3684 5756 4026 5825 συμφωνοῦσι
4086 5751 4197 5815 τοῖς
