4508 6436
298 451 371 506 49
1673 446 2024 502 THESAURI
2068 447 2194 501 LIB.
2238 446 2323 503 IX.
3611 455 3679 507 50

306 571 772 637 Κοντοϐαῧδίταις,
833 568 1156 643 διαρπινοῦσι
1205 568 1264 624 δε
1310 574 1434 645 πρὸς
1492 570 1709 630 ἐκείνους
1746 569 1793 621 ἐν
1842 579 1912 640 τῷ
1948 572 1992 624 Α
2026 569 2086 624 al

1897 580 1912 621 δ
1948 572 1992 624 A
2026 569 2103 624 ab
2128 570 2350 642 iis,ipsi
2377 571 2621 643 quidem
2650 573 3005 644 recipientes
3032 570 3431 628 Theodosium
3451 575 3507 628 ct
3534 576 3677 628 Pau-

305 668 427 725 τοὺς
450 668 539 735 μὲν
564 660 823 734 δέχεσθαι
837 658 1121 714 Θεοδόσιον
1144 666 1232 712 καὶ
1256 660 1455 713 Παῦλον
1479 660 1549 721 ἐις
1572 660 1909 723 ἐπισκόπους,
2022 658 2083 713 lu

1897 702 1909 723 ,
2022 658 2149 714 lum
2179 666 2241 715 ut
2286 661 2625 733 episcopos,
2661 661 3115 717 Contobabditis
3152 677 3291 715 vero
3341 668 3668 733 utrumque

304 759 426 813 τοὺς
461 750 518 805 δε
542 748 964 811 Κοντοϐαξνῖίτας
992 749 1307 824 ἀμφοτέρους
1328 748 1708 801 ἀποϐάλλεσθαι
1736 763 1748 779 ⁸
1767 748 1911 799 ἄλλοι
2023 762 2083 801 rc

1896 769 1911 799 ι
2023 747 2471 817 rejicientibus:
2508 748 2603 804 alii
2638 750 2930 816 Severitze,
2966 749 3365 804 Theodosiani
3397 757 3453 804 et
3481 755 3674 818 Ange-

304 840 606 913 Σεῧηρῖται,
675 840 724 891 οἱ
780 844 870 891 καὶ
918 835 1264 890 Θεοδοσιανοὶ
1304 844 1392 890 καὶ
1457 838 1771 909 ’Λγγελῖται,
1822 843 1910 889 καὶ
2022 834 2082 889 lil

1895 843 1910 889 ἱ
2022 834 2137 889 litae
2179 842 2235 891 et
2290 838 2708 904 Damianislm,
2752 838 2855 910 qui
2903 844 3271 892 memoratos
3305 840 3585 893 Severum
3620 845 3675 893 et

303 934 678 1001 Σαμιανισταὶ,
711 931 759 980 οἱ
786 925 1064 999 δεχόμενοι
1092 927 1310 1001 Σεϐῆρον
1342 932 1431 979 καί
1470 924 1753 980 Θεοδόσιον
1791 930 1911 987 τοὺς
2022 926 2081 981 ἸῚ

1893 946 1911 987 ς
2022 925 2510 981 Tlicodosianum
2544 926 2860 999 accipiunt,
2890 943 3027 982 cum
3059 927 3127 981 iis
3157 927 3537 995 Damianum,
3571 916 3673 998 qui

302 1021 771 1092 μνημονευσέντας,
795 1022 885 1069 καὶ
915 1021 1169 1089 Δαμιανὸν
1195 1021 1287 1068 σὺν
1312 1017 1502 1081 αῦτοίς,
1528 1018 1713 1078 οἰτινες
1732 1017 1908 1087 λέγου-
2022 1015 2080 1070 di

1893 1048 1908 1056 -
2022 1015 2230 1070 dicunt
2250 1016 2433 1071 alium
2457 1017 2702 1088 quidem
2736 1033 2870 1071 esse
2903 1019 3154 1083 Patrem,
3181 1022 3238 1072 et
3259 1017 3442 1073 alium
3463 1017 3673 1073 Filium

304 1128 388 1160 σιν
418 1108 571 1159 ἄλλον
602 1111 690 1179 μὲν
717 1104 845 1158 εἶναι
869 1110 954 1158 τόν
990 1111 1210 1180 Πατέρα,
1244 1112 1333 1157 καὶ
1366 1105 1515 1157 ὧλον
1544 1109 1630 1157 τόν
1662 1108 1800 1169 Υίὸν,
1820 1111 1909 1157 καὶ
2022 1109 2078 1160 et

1893 1111 1909 1157 ὶ
2022 1109 2078 1160 et
2130 1104 2314 1160 alium
2364 1104 2734 1161 l’aracletum
2780 1110 3053 1161 sanctum
3104 1106 3430 1179 Spiritum,
3477 1122 3673 1178 neque

300 1196 454 1248 ὧλον
495 1201 553 1249 τό
607 1195 939 1270 Παρακλητον
982 1202 1189 1266 Πνεῦμα
1229 1200 1316 1246 καὶ
1357 1196 1523 1266 ἅγιον,
1567 1200 1637 1267 μὴ
1684 1193 1809 1247 εἶναι
1851 1192 1909 1247 δε
2022 1210 2080 1249 es

1890 1199 1909 1247 ε
2022 1210 2151 1249 esse
2182 1210 2679 1267 unumquemque
2724 1210 2933 1250 eorum
2981 1210 3086 1266 per
3118 1211 3179 1250 se
3226 1200 3529 1265 naturam,
3563 1195 3670 1251 εοιὶ

296 1290 497 1338 τούτων
533 1287 746 1338 ἕκαστον
786 1286 905 1336 καθ’
951 1284 1164 1345 ἑαυτοὺς
1203 1287 1378 1356 φύσιν,
1424 1284 1528 1334 αλλ’
1571 1287 1709 1355 ἔχειν
1740 1288 1907 1335 κοινόν
2021 1283 2076 1339 ll:

1890 1308 1907 1335 ν
2021 1283 2241 1339 habere
2299 1298 2683 1337 communem
2743 1286 2949 1347 Deum,
3000 1298 3218 1354 nempe
3275 1282 3557 1339 deitatem
3610 1284 3670 1339 in

298 1380 452 1439 Θεὸν,
488 1379 648 1445 ἤγουν
682 1376 900 1431 Οεότητα
931 1372 1264 1445 ἐνύπαρκτον,
1296 1378 1384 1425 καὶ
1424 1376 1617 1434 ταύτης
1658 1378 1906 1445 μετέχον·
2020 1371 2078 1443 ip

1888 1405 1906 1415 -
2020 1371 2165 1443 ipsis
2203 1377 2567 1436 contentam,
2612 1372 2863 1444 ejusque
2898 1387 3021 1427 non
3057 1372 3384 1442 separatim
3430 1372 3668 1444 partici-

293 1484 384 1524 τας
425 1463 742 1537 ἀμερίστως,
789 1464 916 1515 εἶναι
966 1466 1092 1513 Θεὸν
1151 1464 1365 1514 ἕκαστον
1407 1484 1417 1494 ·
1462 1462 1677 1513 καλοῦσι
1723 1459 1781 1514 δε
1821 1466 1907 1514 τόν
2021 1477 2073 1533 p1

1887 1483 1907 1512 ν
2021 1476 2159 1533 pem
2188 1460 2271 1515 sic
2302 1476 2430 1515 esse
2457 1476 2761 1532 quemque
2798 1464 2982 1515 Deum
3013 1476 3025 1514 :
3070 1465 3289 1517 vocant
3324 1466 3525 1516 autem
3564 1463 3667 1516 Pa-

295 1556 388 1624 μὲν
440 1556 649 1623 Πατέρα
693 1556 783 1602 xui
822 1554 909 1602 τὸν
956 1552 1073 1601 Υίόν
1123 1556 1212 1600 καὶ
1258 1554 1314 1601 τό
1352 1550 1496 1620 ἅγιον
1540 1557 1746 1621 Πνεῦμα
1780 1555 1906 1621 μίαν
2021 1556 2071 1605 tr

1890 1572 1906 1600 ν
2021 1556 2169 1605 trem
2201 1555 2258 1605 et
2289 1548 2494 1605 Filium
2532 1554 2588 1604 et
2626 1549 2908 1621 Spiritum
2948 1555 3225 1605 sanctum
3272 1551 3515 1605 unicam
3542 1566 3670 1622 per-

292 1643 596 1692 ὑπόστασιν
634 1644 719 1691 τόν
749 1636 808 1691 δὲ
837 1642 1005 1690 κοινόν
1038 1638 1204 1689 αὐτῶν
1236 1642 1357 1690 Θεὸν
1391 1638 1574 1690 οὐσίαν
1607 1644 1694 1690 καὶ
1726 1642 1900 1709 φύσιν·
2019 1655 2072 1693 sc

1890 1657 1900 1669 ·
2019 1654 2231 1693 sonam
2252 1652 2666 1705 ;communem
2692 1643 2889 1693 autem
2907 1653 3115 1693 eorum
3138 1641 3323 1693 Deum
3344 1639 3663 1694 essentiam

294 1729 595 1799 Ἀγγελῖται
638 1726 695 1781 δε
736 1727 1028 1787 ἐκλήθησαν
1068 1729 1167 1779 ὑπὸ
1212 1736 1311 1779 τῶν
1358 1726 1591 1779 ἐναντίων
1639 1728 1803 1778 uitri”
1852 1732 1906 1779 ἔκ
2020 1734 2074 1782 et

1889 1749 1906 1779 ι
2020 1734 2075 1782 et
2106 1732 2402 1782 naturam.
2426 1725 2708 1796 Angelitae
2737 1733 2937 1781 autem
2972 1728 3162 1781 vocati
3201 1731 3339 1781 sunt
3364 1743 3398 1782 a
3426 1727 3546 1781 suis
3569 1728 3669 1781 ml-

292 1837 436 1878 τινος
490 1822 646 1869 τόπον
687 1819 821 1870 οὕτω
870 1818 1183 1890 καλουμένου
1224 1817 1271 1868 ἐν
1333 1814 1713 1889 Ἀλεξανδρεία,
1761 1816 1807 1867 ἐν
2019 1833 2072 1871 γε

1885 1818 1905 1867 .3
2019 1816 2293 1871 versariis
2334 1832 2403 1870 ex
2431 1815 2699 1887 quodam
2723 1814 2854 1870 loco
2878 1815 3245 1870 Alexandriae
3287 1818 3371 1871 sic
3398 1816 3573 1883 dicto,
3608 1818 3665 1871 iu

296 1912 650 1981 συνακτῂριον
699 1908 908 1978 ἔχοντες
950 1910 996 1959 οἱ
1050 1910 1113 1958 τα
1158 1916 1337 1978 πρῶτα
1379 1905 1424 1957 ἐν
1469 1906 1643 1966 ulmi;
1679 1911 1904 1979 γέροντες
1950 1925 1986 1977 Β
2018 1922 2076 1977 (ΙΙ

1888 1928 1904 1967 ;
1950 1925 1986 1977 Β
2018 1922 2140 1977 quo
2172 1905 2451 1960 conclave
2481 1903 2773 1959 habentes
2795 1904 2900 1976 qui
2933 1905 3126 1976 prima
3148 1904 3483 1978 interipsos
3512 1911 3668 1961 tene-

298 2000 639 2067 συνάγονται·
672 1997 892 2049 καλοῦσι
933 1994 991 2049 δε
1035 1997 1219 2056 αὐτοὺς
1260 1998 1307 2047 οἰ
1347 1996 1564 2047 ἐναντίοι
1605 1996 1771 2047 αὑτων
1814 2003 1905 2048 Σα-
2017 1995 2078 2049 bc

1081 1997 1219 2056 iro-3;
1260 1998 1307 2047 oi
1347 1996 1564 2047 ἐναντίοι
1605 1996 1771 2047 αὐτων
1814 2003 1905 2048 Σα-
2017 1995 2181 2060 bant,
2218 1995 2537 2050 convenire
2568 1994 2861 2049 solebant.

294 2085 653 2147 ϐελλιανιστας
691 2091 781 2137 καὶ
812 2083 1129 2159 Τετραὸίτας
1154 2103 1164 2114 ·
1215 2088 1261 2137 οἱ
1302 2084 1449 2137 αὐτοὶ
1483 2082 1540 2137 δὲ
1580 2089 1667 2135 καὶ
1714 2090 2061 2155 Δαμιανισταὶ
2110 2085 2494 2155 ὠνομάσθησαν
2535 2082 2634 2135 απὸ
2676 2091 2936 2156 Δαμιανοῦ
2966 2082 3253 2136 ἐπισκόπου
3281 2084 3469 2137 αὐτῶν.
3501 2081 3664 2138 Οὗτοι

291 2181 546 2250 πρότερον
592 2179 680 2247 μὲν
722 2173 967 2247 ἐδέχοντο
998 2180 1083 2228 τόν
1114 2177 1531 2247 μνημονευοέντα
1562 2174 1759 2226 Παῦλον
1801 2174 1867 2234 εἰς
1898 2173 2200 2239 ἐπίσκοπον,
2230 2175 2447 2246 ὕστερον
2479 2170 2537 2225 δε
2567 2182 2744 2225 τοῦτον
2771 2172 3105 2238 ἁπεϐςὲλοντο,
3142 2170 3237 2227 διὰ
3262 2176 3321 2227 τό
3352 2183 3666 2235 κοινωνῆσαι

289 2267 454 2318 αὐτόν
486 2274 547 2338 τῇ
574 2266 698 2338 ἁγίᾳ
724 2265 972 2338 καθολικῇ
1016 2270 1103 2317 καὶ
1136 2264 1457 2335 ἀποστολικῇ
1498 2263 1806 2335 Ἐκκλησία,
1841 2270 1927 2315 καὶ
1957 2261 2212 2326 δέξασθαι
2241 2268 2334 2321 τὴν
2372 2263 2521 2334 ἁγίαν
2550 2262 2595 2314 ἐν
2629 2260 2932 2321 Χαλκηδόνι
2966 2261 3205 2316 σύνοδον.

367 2372 465 2445 ιβ’.
518 2372 697 2427 Ἀλλοι
755 2372 1053 2445 Σεϐηρῖται,
1097 2377 1258 2443 ἤγουν
1303 2368 1673 2439 Θεοδοσιανοὶ,
1715 2374 1764 2423 οἰ
1820 2377 1908 2423 xui
2097 2375 2147 2426 15

1892 2377 1908 2423 ὶ
2097 2375 2183 2427 12.
2223 2370 2329 2425 Alii
2351 2370 2647 2434 Severitae,
2682 2386 2899 2442 nempe
2930 2370 3329 2427 Theodosiani
3357 2372 3460 2444 qui
3491 2376 3547 2428 et
3576 2373 3672 2426 Pe-

286 2470 560 2537 Πετρῖται,
592 2465 639 2515 οἱ
671 2460 949 2535 δεχόμενοι
979 2465 1065 2514 τὸν
1106 2465 1334 2533 ἔσχατον
1366 2466 1554 2533 Πέτρον
1586 2461 1657 2522 είς
1686 2459 1906 2512 ἑπίσκο-
2017 2464 2066 2515 lt‘

1890 2491 1906 2502 -
2017 2461 2186 2525 tritze,
2220 2459 2579 2530 accipientes
2618 2458 2897 2514 ultimum
2927 2460 3164 2515 Petrum
3196 2466 3260 2516 ut
3292 2461 3670 2532 episcopum,

288 2572 403 2623 πον,
461 2556 663 2619 οἵτινες,
714 2549 993 2625 δεχόμενοι
1041 2548 1329 2605 Θεοδόσιον
1387 2556 1477 2601 καὶ
1540 2549 1760 2623 Σεϐῆρον
1818 2555 1907 2602 xui
2018 2567 2068 2623 q1

1896 2557 1907 2602 ι
2018 2552 2123 2623 qui
2151 2550 2555 2605 'l‘lleodosium
2589 2554 2646 2605 et
2685 2549 2975 2605 Severum
3024 2554 3082 2605 et
3121 2553 3354 2606 Petrum
3381 2551 3676 2623 accipien-

286 2647 505 2717 Πέτρον,
562 2644 818 2713 Δαμιανόν
885 2641 943 2693 οὗ
1016 2638 1433 2716 προσδέχονται,
1492 2636 1616 2691 οὐδὲ
1682 2641 1905 2709 Παῦλον,
2020 2644 2066 2692 te

1892 2682 1905 2709 ,
2020 2644 2123 2705 tes,
2178 2638 2537 2694 Damianum
2595 2654 2719 2694 non
2782 2639 3086 2709 accipiunt
3133 2656 3330 2712 neque
3376 2640 3625 2697 Paulqu
3659 2684 3672 2702 .

284 2731 594 2803 αἰτιώμενοι
614 2734 679 2783 τὰ
705 2728 953 2803 δόγματα
980 2731 1231 2804 ἑκατέρων
1257 2746 1270 2760 ’
1305 2728 1620 2801 ὁμολογοῦσι
1645 2731 1746 2801 γαρ
1777 2733 1905 2781 Θεὸν
2017 2742 2056 2781 u

1892 2752 1905 2779 ρ
2017 2727 2334 2799 utriusque
2359 2726 2650 2796 dogmata
2670 2727 3079 2786 criminantes.
3112 2728 3483 2785 Confitentur
3512 2730 3672 2785 enim

282 2823 425 2872 κατὰ
467 2819 733 2889 ἀλήθειαν,
781 2825 873 2872 xui
918 2819 1122 2886 ουσίαν,
1171 2823 1261 2871 καὶ
1311 2821 1482 2890 φύσιν,
1537 2820 1755 2871 ἕκαστον
1788 2817 1926 2869 καίν’
2018 2818 2059 2871 Ι)

1895 2817 1926 2837 ”
2018 2818 2203 2872 Deum
2245 2818 2306 2871 in
2356 2818 2602 2873 veritate
2658 2823 2715 2874 et
2767 2818 3031 2874 essentia
3086 2825 3144 2874 et
3185 2824 3423 2885 natura,
3460 2835 3675 2875 unum-

285 2910 496 2974 ἑαυτὸν,
529 2913 617 2961 τόν
650 2913 857 2982 Πατέρα
898 2913 987 2961 καὶ
1018 2912 1105 2961 τόν
1140 2908 1260 2961 Υἰόν
1290 2912 1380 2959 καὶ
1418 2911 1474 2959 τὸ
1515 2907 1664 2979 ἆγιον
1699 2915 1907 2979 Πνεῦμα
2015 2920 2055 2977 q

1893 2928 1907 2959 ι
2015 2920 2323 2977 quemque
2350 2920 2456 2977 per
2482 2906 2773 2977 seipsum,
2810 2909 3043 2962 Patrem
3073 2910 3131 2962 et
3161 2906 3370 2962 Filium
3401 2913 3459 2962 et
3488 2908 3673 2980 Spiri-

282 2999 542 3070 λέγοντες,
576 2999 672 3051 οῦκ
698 2997 924 3073 ἀριθμῷ,
955 2997 1082 3050 ἀλλὰ
1102 3006 1164 3070 τῇ
1192 2997 1573 3071 ἀπαραλλάκτῳ
1603 2997 1901 3055 οὐσιότητι·
2014 2999 2062 3049 tt

1897 3015 1901 3027 ι
2014 2999 2144 3050 tum
2168 3000 2445 3050 sanctum
2467 2994 2893 3064 dicentes,non
2911 3011 3189 3058 numero,
3212 2996 3317 3052 sed
3340 3011 3447 3068 per
3472 3000 3677 3054 omnia

282 3089 372 3149 οὓς
407 3091 459 3140 οί
492 3088 877 3159 Ἀγγελιανῖται
916 3089 1027 3157 (ita
1066 3089 1232 3157 cod.)
1286 3091 1375 3139 καὶ
1423 3088 1471 3139 οἱ
1522 3087 1905 3141 Παυλιανισταὶ
2017 3085 2062 3139 Si

1900 3130 1905 3141 ,
2017 3084 2197 3140 simili
2222 3088 2642 3157 natura;quos
2670 3086 3055 3157 Angelianitaa
3078 3090 3133 3141 et
3159 3085 3539 3142 Paulianistae
3560 3089 3680 3143 'l‘ri-

278 3180 565 3251 Τριοείτας
615 3178 957 3249 ὀνομάζουσι·
1007 3182 1097 3231 καὶ
1154 3173 1297 3230 οὗτοι
1344 3177 1497 3229 πάλιν
1528 3176 1753 3239 ἐκείνους
1780 3180 1903 3230 ποτε
2015 3174 2058 3229 tl

1897 3197 1903 3229 ε
2015 3174 2229 3230 theitas
2258 3174 2598 3242 nominant,
2631 3180 2811 3247 atque
2842 3175 2923 3231 illi
2961 3191 3207 3231 rursum
3240 3191 3347 3231 eos
3388 3191 3549 3231 nunc
3578 3179 3677 3233 Sa-

279 3272 376 3339 μὲν
408 3266 860 3333 Σαϐελλιανιστάς,
884 3264 1096 3336 ποτεξδε
1119 3264 1445 3341 Τετραδίτας
1471 3282 1484 3295 ·
1518 3266 1665 3319 ἄλλοι
1696 3266 1904 3340 Σεϐηρῖ-
2011 3261 2059 3318 b

1896 3299 1904 3308 -
2011 3261 2405 3333 bellianistas,
2431 3278 2593 3319 nunc
2636 3264 2992 3320 Tetraditas.
3026 3263 3138 3320 Alii
3181 3264 3476 3332 Severitte,
3508 3281 3676 3321 neni-

277 3377 393 3427 ται,
422 3361 589 3428 ἤγουν
610 3352 972 3426 Θεοδοσιανοὶ,
1003 3359 1053 3409 οἱ
1082 3363 1172 3409 καὶ
1210 3363 1511 3425 Κονωνῖται,
1540 3359 1589 3409 οἱ
1623 3354 1903 3429 δεχόμενοι
1955 3423 1983 3429 _
2012 3369 2052 3425 p

1895 3378 1903 3409 L
1955 3423 1983 3429 _
2012 3369 2088 3425 pe
2117 3353 2518 3410 Theodosiani
2548 3353 2652 3426 qui
2685 3354 3086 3425 etCononitae,
3105 3355 3460 3427 recipientes
3487 3356 3675 3413 Theo-

279 3443 576 3500 Θεοδόσιον
607 3452 695 3499 καὶ
720 3445 965 3521 Σεϐῆρον,
991 3450 1081 3499 καὶ
1114 3450 1207 3499 σὺν
1239 3446 1417 3508 αὐτοῖς
1458 3451 1667 3499 Κόνωνα
1694 3445 1905 3499 ἐπισκο-
1946 3423 1985 3479 C
2013 3442 2059 3498 di

1894 3478 1905 3488 -
1946 3423 1985 3479 (ἶ
2013 3423 2253 3499 dosium
2283 3448 2341 3500 et
2372 3423 2653 3500 Severum
2670 3447 2727 3499 et
2746 3458 2885 3499 cum
2902 3443 2972 3498 iis
2993 3423 3298 3500 Cononem
3321 3444 3674 3518 episcopum

277 3556 378 3589 πον
407 3554 420 3567 ·
480 3538 660 3598 οἵτινες
709 3542 799 3589 καὶ
864 3536 1012 3589 αὐτοὶ
1054 3536 1373 3610 ὁμολογοῦσι
1427 3541 1555 3590 Θεὸν
1597 3537 1725 3589 εἶναι
1767 3541 1904 3591 κατὰ
2011 3550 2052 3608 q

1896 3559 1904 3591 ι
2011 3534 2119 3608 qui
2164 3540 2222 3591 et
2272 3534 2390 3606 ipsi
2439 3535 2799 3591 contitentur
2842 3537 3033 3591 Deum
3077 3551 3213 3591 esse
3242 3536 3305 3592 in
3333 3537 3581 3594 veritate
3619 3543 3676 3594 et

278 3626 551 3697 ἀλήθειαν,
595 3630 685 3678 καὶ
734 3628 911 3698 φύσιν,
939 3630 1027 3679 καὶ
1058 3627 1241 3678 ουσίαν
1278 3630 1515 3692 ἕκαστον,
1558 3630 1644 3678 τὸν
1696 3630 1904 3700 Πατέρα
2012 3640 2051 3681 n

1894 3648 1904 3681 ι
2012 3629 2231 3681 natura
2252 3628 2310 3681 et
2326 3625 2585 3680 essentia
2608 3640 3129 3698 unumquemque,
3150 3628 3382 3683 Patrem
3407 3626 3674 3683 dicentes

272 3716 514 3787 λέγοντες
542 3721 632 3768 καὶ
670 3719 756 3768 τόν
788 3718 905 3769 Υίόν
949 3722 1039 3769 xui
1068 3720 1125 3768 τό
1154 3717 1303 3788 ἅγιον
1336 3724 1566 3789 Πνεῦμα,
1609 3720 1685 3770 ἔτι
1715 3737 1774 3790 γε
1797 3724 1900 3790 μὴν
2015 3729 2044 3770 0

1895 3740 1900 3762 ι
2015 3719 2071 3770 et
2116 3714 2329 3770 Filium
2368 3718 2424 3770 et
2464 3714 2748 3786 Spiritum
2792 3719 3099 3783 sanctum,
3132 3714 3333 3771 adhuc
3367 3716 3577 3773 dicunt
3619 3723 3675 3773 et

276 3824 414 3877 φασι
446 3809 536 3857 καὶ
566 3811 705 3880 τρεῖς
734 3806 1053 3867 ὑποστάσεις
1090 3810 1182 3864 τὴν
1216 3803 1369 3876 ἁγίαν
1395 3802 1621 3880 Τριαδα,
1649 3811 1740 3859 καὶ
1782 3812 1903 3880 τρία
2012 3808 2056 3860 tr

1892 3827 1903 3859 ι
2012 3808 2130 3862 tres
2158 3806 2522 3878 hypostases
2555 3808 2830 3860 sanctam
2862 3804 3209 3861 Trinitatem
3238 3810 3297 3862 et
3322 3810 3439 3862 tres
3468 3823 3672 3880 perso-

273 3899 566 3968 πρόσωπα·
598 3902 729 3969 τρεῖς
759 3890 819 3947 δέ
858 3914 998 3955 τινας
1026 3903 1098 3966 τῷ
1132 3894 1337 3968 ἀριθμῷ
1380 3895 1561 3956 οὐσίας
1599 3895 1689 3947 καί
1720 3898 1901 3968 φυσεις
2009 3910 2049 3950 n

1893 3917 1901 3958 ;
2009 3910 2142 3967 nas,
2173 3900 2291 3950 tres
2316 3910 2460 3949 vero
2490 3908 2745 3949 numero
2782 3893 3074 3949 essentias
3107 3898 3163 3951 et
3194 3898 3445 3952 naturas
3471 3913 3673 3970 requa-

276 3986 406 4047 ῖσας
452 3981 882 4057 ἀπαραλλάκτως
921 3986 1055 4036 κατὰ
1104 3988 1199 4042 τὴν
1246 3985 1466 4043 Θεότητα
1514 3983 1738 4055 λέγοντες
1778 3990 1901 4057 μίαν
2009 3983 2056 4041 le

1892 4008 1901 4033 ν
2009 3983 2097 4041 les
2126 3988 2182 4039 et
2202 3983 2538 4040 secundum
2569 3983 2943 4039 divinitatem
2970 3999 3079 4057 per
3098 3985 3306 4041 omnia
3336 3984 3560 4042 similes
3587 3986 3672 4042 di-

272 4093 331 4127 τε
370 4073 581 4139 ουσίαν⁹
622 4078 785 4145 ἤγουν
816 4076 992 4147 φύσιν,
1025 4078 1115 4127 καὶ
1143 4080 1268 4147 μίαν
1298 4076 1537 4141 θεότητα,
1562 4080 1721 4148 ἤγουν
1745 4079 1895 4144 Θεὸν,
2012 4090 2052 4131 Cl

1890 4119 1895 4140 ,
2012 4079 2233 4131 centes.
2260 4076 2452 4129 Unam
2491 4076 2690 4130 autem
2723 4073 3049 4130 essentiam
3097 4089 3317 4148 nempe
3356 4080 3670 4144 naturam,

275 4168 376 4222 τήν
417 4161 575 4235 ἁγίαν
609 4168 697 4215 xui
761 4164 1044 4236 ὺμοούσιον
1091 4160 1301 4238 Τριαδα
1353 4163 1742 4238 ὁμολογοῦντες,
1806 4166 1900 4217 ουκ
2011 4170 2055 4221 et

1892 4186 1900 4217 ι
2011 4169 2068 4222 et
2115 4180 2302 4220 unam
2344 4164 2742 4235 divinitatem,
2779 4179 2999 4236 nempe
3044 4163 3264 4233 Deum,
3296 4169 3568 4222 sanctam
3616 4172 3672 4224 et

275 4253 517 4327 ἀριθμῷ,
566 4251 696 4305 ἀλλὰ
722 4249 782 4326 τῇ
832 4251 1213 4329 ἀπαραλλάκτῳ
1261 4256 1488 4323 θεότητι,
1530 4258 1655 4329 πρὸς
1688 4256 1834 4319 θεοὺς
1867 4255 1898 4314 ἢ
2009 4271 2055 4311 04

1891 4276 1898 4314 l
2009 4244 2589 4311 conSubstantialem
2636 4253 2935 4309 Trinatem
2965 4252 3341 4323 confitentes,
3390 4270 3515 4311 non
3562 4271 3671 4311 nu‘

278 4348 538 4406 Θεότητας
557 4343 719 4417 ῌγειν
745 4352 1141 4419 παραιτοῦνται.
2008 4361 2058 4401 n:

2008 4360 2199 4414 mero,
2228 4344 2335 4400 sed
2361 4343 2663 4400 simillima
2696 4342 3033 4415 Divinitate,
3061 4346 3179 4400 tres
3208 4343 3355 4402 deos
3385 4350 3491 4403 aut
3517 4345 3669 4403 divi-

1034 4490 1035 4493 η
2008 4437 2227 4494 nitates
2257 4435 2456 4492 dicere
2476 4438 2832 4506 arguuntur.
3170 4493 3174 4496 ς

356 4539 445 4612 ιγ’.
500 4544 603 4594 Καὶ
630 4535 780 4593 οὗτοι
819 4536 879 4593 δί
926 4538 1147 4615 Σεϐῆρον
1200 4544 1290 4594 καὶ
1333 4537 1615 4595 Θεοδόσιον
1675 4539 1899 4616 ὃεχὸμε-
2080 4546 2136 4601 13

1887 4576 1899 4586 -
2080 4546 2164 4601 13.
2189 4546 2380 4615 Atque
2414 4542 2452 4599 ii
2476 4543 2763 4599 Severum
2785 4545 2843 4599 et
2859 4541 3267 4600 Theodosium
3289 4544 3667 4618 recipientes,

276 4650 378 4698 νοι,
437 4634 557 4684 οὔτέ
596 4633 877 4703 Δαμιανὸν,
917 4634 1034 4684 οὔτε
1082 4631 1304 4697 Παῦλον,
1347 4635 1467 4685 οὔτε
1524 4636 1609 4685 τόν
1667 4636 1899 4705 ἔσχατον
2009 4649 2056 4690 οι

1888 4654 1899 4682 ρ
2009 4648 2207 4707 neque
2238 4632 2603 4689 Damianum
2644 4647 2842 4704 neque
2868 4631 3142 4700 Paulum,
3166 4649 3364 4706 neque
3386 4634 3668 4693 ultimum

279 4726 483 4793 Πέτρον
523 4716 802 4791 δέχονται.
860 4720 1090 4774 Καλοῦσι
1139 4717 1199 4774 δὲ
1241 4726 1332 4774 xui
1370 4725 1580 4782 τούτους
1622 4724 1671 4774 οἱ
1710 4722 1766 4775 ἐκ
1799 4730 1898 4775 Δα-
1934 4784 1968 4794 _
2010 4725 2059 4779 P4

1892 4754 1898 4765 ι
1934 4784 1968 4794 _
2010 4725 2247 4779 Petrum
2278 4722 2597 4794 recipiunt.
2633 4724 2997 4794 Nuncupant
3031 4726 3235 4779 autem
3265 4738 3370 4780 eos
3397 4725 3672 4784 Damiani

277 4817 477 4885 μιανοῦ
536 4814 628 4862 καὶ
688 4810 895 4864 Παύλου
952 4813 1243 4886 Τριθείτας,
1274 4817 1364 4865 καὶ
1408 4813 1549 4865 οὗτοι
1583 4810 1641 4867 δὲ
1682 4811 1899 4876 ἐκείνους
1934 4784 1975 4839 D
2010 4818 2057 4869 et

1894 4835 1899 4875 :
1934 4784 1975 4839 Β
2010 4818 2067 4869 et
2095 4811 2263 4867 Pauli
2294 4784 2559 4867 fauiores
2601 4784 2914 4866 Tritheitas
2939 4827 2953 4876 ;
2982 4814 3164 4885 atque
3201 4811 3286 4869 illi
3331 4829 3436 4869 eos
3481 4815 3674 4871 nomi-

278 4899 613 4974 ὀνομάζουσι
665 4904 790 4954 ποτε
849 4903 939 4975 μεν
997 4900 1366 4965 Σαϐελλιανους
1430 4908 1521 4957 καὶ
1587 4904 1899 4977 Ἀρτεμωνι-
2006 4918 2058 4959 n:

1893 4935 1899 4945 -
2006 4907 2158 4959 nant
2186 4917 2350 4958 nunc
2390 4900 2641 4974 quidem
2686 4899 3060 4959 Sabellianos
3108 4906 3167 4959 et
3207 4904 3673 4974 Artemonistas,

282 4994 437 5061 στας,
491 4991 617 5042 ποτε
683 4987 743 5044 δὲ
798 4987 1166 5064 Τετραδίτας·
1208 4976 1518 5046 όίίστανται
1564 4990 1623 5047 δὲ
1661 4999 1752 5047 xui
1797 4993 1899 5047 ἀπὸ
2008 5008 2062 5049 nl

1897 5025 1899 5036 ι
2008 5008 2173 5049 nunc
2194 4996 2397 5048 autem
2425 4989 2777 5048 Tetraditas.
2810 4990 2877 5046 In
2908 5007 2979 5048 eo
3018 4995 3227 5051 autem
3269 5008 3307 5050 ε.
3339 4994 3514 5051 Petro
3540 4994 3677 5051 ulti-

280 5087 490 5159 Πέτρου
529 5089 624 5135 τοῦ
675 5080 909 5153 ἐσχάτου
952 5086 1043 5134 καί
1073 5090 1172 5135 τῶν
1206 5085 1299 5135 σὺν
1331 5082 1472 5155 αὐτῷ
1495 5097 1509 5113 ⁸
1547 5080 1689 5136 διότι
1719 5082 1902 5137 ἐκεῖνοι
2009 5100 2060 5141 m

2009 5100 2112 5141 mo
2157 5087 2212 5140 et
2256 5084 2389 5154 ejus
2422 5067 3192 5152 fautoribus'dissentiunt,
3226 5083 3395 5158 quod
3432 5084 3517 5143 illi
3551 5087 3683 5159 qui-

282 5178 378 5230 μὲν
444 5175 854 5246 παραιτούμενοι
906 5178 1047 5245 τρεῖς
1094 5172 1257 5245 λέγειν
1316 5178 1500 5241 Θεούς,
1562 5175 1724 5246 ἤγουν
1794 5176 1900 5227 Θεό·
2011 5174 2062 5230 (14

2011 5174 2151 5230 dem
2181 5176 2501 5229 renuentes
2532 5170 2732 5228 dicere
2757 5176 2878 5228 tres
2925 5172 3095 5243 deos,
3126 5188 3349 5246 nempe
3378 5178 3498 5232 tres
3537 5174 3685 5232 divi-

279 5282 453 5325 τητας
493 5269 652 5344 τρεῖς,
706 5265 790 5314 τόν
836 5267 1046 5337 Πατέρα
1089 5268 1296 5316 καὶτὸν
1336 5266 1454 5316 rae.»
1504 5268 1594 5317 xui
1643 5268 1701 5317 τό
1753 5266 1903 5336 ἅγιον
2012 5280 2059 5320 Π

2012 5265 2252 5327 nitates,
2285 5264 2524 5319 Patrem
2570 5267 2628 5318 et
2680 5261 2890 5319 Filium
2937 5267 2993 5319 et
3031 5262 3315 5335 Spiritum
3365 5269 3691 5332 sanctum,

283 5360 522 5426 Πνεῦμα,
570 5359 950 5426 παραιτοῦνται
1004 5357 1095 5406 xui
1149 5356 1207 5405 τό
1244 5353 1409 5427 λέγειν
1450 5361 1585 5427 τρεῖς
1643 5362 1715 5426 τῷ
1783 5353 1905 5429 ἀρι-
2013 5370 2063 5411 ni

2013 5354 2299 5411 noluntet
2327 5352 2525 5409 dicere
2556 5356 2674 5409 tres
2701 5367 2957 5409 numero
2982 5354 3274 5410 essentias
3304 5354 3573 5427 aequales
3616 5372 3685 5413 ac

284 5444 404 5515 θμῷ
466 5440 650 5501 οὐσίας
700 5443 819 5501 ἴσας
852 5446 942 5493 xui
998 5440 1429 5517 ἀπαραλλάκτους
1477 5459 1489 5472 ’
1551 5443 1695 5495 οὗτοι
1735 5439 1794 5496 δὲ
1847 5446 1905 5495 τὸ
2014 5459 2064 5516 βε

1904 5472 1905 5485 ι
2014 5459 2122 5516 per
2170 5444 2381 5499 omnia
2428 5442 2694 5511 similes;
2744 5442 2781 5498 ii
2837 5448 3042 5500 autem
3084 5448 3201 5501 tres
3244 5444 3394 5501 deos
3444 5445 3684 5511 dicere;

279 5536 379 5605 μεν
432 5531 601 5609 λέγειν
656 5537 797 5606 τρεῖς
832 5534 1012 5601 Θεοὺς,
1054 5536 1216 5604 ἤγουν
1271 5534 1540 5599 Θεότητας,
1583 5540 1907 5606 παραιτοῦν-
2017 5550 2055 5590 n

2017 5548 2237 5606 nempe
2287 5532 2629 5589 divinitates
2686 5532 2965 5590 abnuunt
3006 5552 3020 5604 ;
3070 5537 3187 5591 tres
3241 5550 3384 5591 vero
3432 5551 3690 5591 numero

280 5643 397 5675 ται·
435 5628 575 5695 τρεῖς
615 5617 673 5673 δε
712 5629 785 5691 τῷ
825 5619 1031 5695 ἀριθμῷ
1069 5622 1276 5693 οὐσίας,
1327 5627 1488 5695 ἤγουν
1551 5626 1727 5696 φύσεις
1765 5626 1909 5686 τινας
2019 5640 2060 5681 e:

2019 5623 2336 5696 essentias,
2370 5638 2592 5695 nempe
2621 5626 2872 5680 naturas
2916 5623 3219 5698 quasdam
3250 5624 3518 5698 aequales
3557 5640 3696 5681 con-

282 5718 433 5781 ἴσας,
486 5710 833 5786 ὁμολογοῦσιν
861 5726 876 5743 '
912 5714 960 5766 οἱ
1010 5709 1060 5779 δ’
1102 5711 1205 5773 ἀπὸ
1268 5718 1500 5777 Κόνωνος
1535 5717 1785 5792 πρότερον
1828 5710 1912 5770 διο
2021 5715 2062 5773 ﬁ

2021 5715 2288 5774 ﬁtentur.
2318 5714 2433 5782 Qui
2481 5729 2517 5774 a
2564 5714 2807 5773 Conone
2856 5713 3002 5775 dicti
3041 5718 3205 5787 sunt,
3246 5715 3415 5790 prius
3449 5715 3697 5776 Joannis
