4508 6436
814 423 877 477 si
2150 420 2421 476 NICETE
2470 418 2840 478 CHONIATE
4017 390 4024 403 ’
4112 430 4177 482 52

816 542 1202 600 Alexandrini
1224 543 1601 613 grammatici
1631 557 1817 615 opera
1846 544 2221 616 recipientes,
2251 558 2473 612 cogno-
2504 546 2551 597 A
2580 564 2596 615 ;

2397 558 2473 598 ιο·
2504 546 2551 597 Α
2580 548 2797 615 χόμενοι
2825 547 2889 598 τὰ
2920 548 3281 619 συγγάμματα
3318 546 3556 600 Ἰωάννου
3585 544 3963 622 Ἀλεξανδρέως
4000 569 4177 623 γραμ-

816 633 977 689 mine
1002 631 1332 703 Philoponi,
1364 632 1424 687 in
1451 631 1698 701 gentiles
1731 634 1951 705 scripta
1990 650 2126 689 cum
2155 632 2285 688 aliis
2318 633 2474 703 ejus-

815 723 954 779 dem
983 722 1217 793 scriptis
1238 722 1563 795 ipsumque
1594 722 1841 778 demum
1874 724 2225 793 rejecerunt,
2258 727 2314 777 et
2344 722 2473 791 ejus

816 827 1023 884 opera.
1071 810 1396 866 Prmdictus
1442 812 1602 865 enim
1644 812 2082 881 grammaticus
2124 813 2384 866 Joannes
2413 811 2473 865 in

819 901 943 955 suis
984 899 1059 955 ad
1089 902 1325 955 Graecos
1351 897 1519 953 libris
1549 899 1683 955 etin
1718 898 1848 954 aliis
1877 899 2002 953 suis
2031 899 2267 970 scriptis
2293 899 2475 954 docu-

817 995 944 1045 erat
969 990 1097 1044 haac
1118 987 1321 1043 omnia
1349 1003 1605 1059 corpora
1635 987 1942 1043 sensibilia
1973 987 2308 1043 secundum
2338 1003 2475 1042 ma-

816 1078 1031 1134 teriam
1052 1081 1109 1133 et
1140 1076 1399 1132 formam
1426 1091 1499 1131 ex
1531 1075 1715 1131 nihilo
1742 1075 1820 1131 ad
1850 1077 2253 1137 exsistantiam
2290 1092 2325 1130 a
2357 1076 2476 1130 Deo

817 1165 1038 1222 educta
1087 1180 1238 1228 esse,
1287 1163 1819 1237 corruptibiliaque
1872 1165 2001 1220 hinc
2059 1181 2188 1220 esse
2236 1164 2392 1219 facta
2423 1168 2479 1220 et

817 1254 1071 1312 materia
1099 1259 1157 1310 et
1201 1253 1397 1309 forma
1436 1254 1763 1325 corrumpi,
1806 1270 1877 1309 ac
1910 1270 2019 1325 pro
2048 1254 2143 1310 his
2189 1254 2307 1310 alia
2351 1270 2477 1309 cor-

814 1359 968 1416 pora
1007 1343 1100 1398 his
1148 1341 1487 1397 visibilibus
1524 1341 1772 1397 meliora
1810 1347 1868 1397 et
1911 1342 2385 1414 incorruptibilia
2424 1347 2482 1397 et

818 1438 1042 1489 aeterna
1063 1449 1099 1488 a
1123 1435 1242 1488 Deo
1267 1431 1529 1487 creanda
1563 1447 1692 1486 esse
1718 1450 1731 1497 ;
1764 1433 2478 1503 consummationemque

816 1522 1059 1578 dicebat
1105 1521 1356 1577 vrsibilis
1411 1522 1624 1577 mundi
1673 1522 1989 1577 transitum
2048 1538 2179 1577 esse
2233 1527 2287 1577 et
2337 1524 2481 1580 novi

817 1610 1031 1667 mundi
1064 1610 2069 1679 generationem;resurrectionem
2103 1614 2303 1664 autem
2329 1625 2480 1664 mor-

814 1705 1059 1755 tuorum
1117 1698 1447 1754 deﬁniebat
1507 1715 1637 1754 esse
1693 1697 2080 1753 rationalium
2134 1700 2478 1753 animarum

819 1804 959 1845 cum
1009 1786 1385 1860 corruptibili
1459 1803 1710 1860 corpore
1762 1787 2040 1842 unionem
2094 1786 2478 1842 indissolubi-

814 1877 954 1933 lem.

890 2005 975 2058 14.
1019 2002 1230 2058 Conon
1278 2001 1456 2072 igitur
1498 2006 1554 2058 et
1604 2003 1734 2073 ejus
1764 2001 2053 2063 fautores,
2086 2007 2151 2056 ut
2190 2001 2474 2065 diximus,

814 2091 981 2164 prius
1011 2092 1370 2161 accipientes
1409 2091 1628 2163 scripta
1672 2091 1731 2145 in
1782 2091 2006 2163 quibus
2048 2091 2176 2145 haec
2223 2089 2480 2145 docebat

813 2187 872 2237 et
896 2180 1094 2252 ipsum
1129 2180 1522 2253 Philoponum
1547 2180 1965 2251 viventemque
1981 2186 2037 2235 et
2067 2185 2202 2251 post
2222 2186 2477 2235 mortem

812 2269 1250 2334 beatiﬁcantes,
1282 2269 1525 2324 tandem
1560 2270 1759 2340 ipsum
1794 2268 1960 2323 illum
1999 2275 2054 2324 et
2092 2269 2225 2338 ejus
2257 2269 2479 2340 scripta

813 2359 1148 2429 rejecerunt
1195 2375 1209 2425 ;
1260 2375 1694 2430 sermonesque
1744 2359 1997 2430 scriptos
2046 2358 2363 2413 ediderunt
2417 2359 2477 2413 in

814 2449 1038 2522 quibus
1066 2449 1277 2505 dicunt
1306 2465 1565 2521 corpora
1603 2440 1732 2505 haec
1775 2449 2085 2505 sensibilia
2116 2466 2186 2504 ac
2225 2448 2479 2504 visibilia

815 2536 1017 2611 quoad
1060 2539 1381 2594 materiam
1424 2554 1543 2593 non
1584 2538 1917 2609 corrumpi,
1952 2539 2054 2592 sed
2102 2553 2346 2592 manere
2384 2553 2479 2591 ea-

815 2626 954 2681 dem
977 2631 1035 2682 et
1057 2626 1314 2682 visibilia
1343 2631 1635 2699 perpetuo
1684 2643 1880 2699 neque
1934 2634 2237 2698 corrupta,
2275 2624 2476 2698 quoad

812 2715 1074 2771 formam
1117 2721 1319 2771 autem
1363 2716 1561 2771 solum
1602 2716 1910 2787 corrumpi
1943 2722 2001 2772 et
2042 2732 2255 2771 rursus
2298 2715 2478 2770 refor-

813 2806 988 2870 mari,
1011 2805 1226 2862 eadem
1259 2806 1514 2861 materia
1542 2804 1848 2861 meliorem
1876 2804 2131 2860 formam
2159 2805 2478 2876 recipiente

809 2894 1323 2967 incorruptibilem
1343 2911 1356 2961 ;
1378 2885 1824 2964 generationem
1849 2894 2010 2949 enim
2040 2894 2288 2949 visibilis
2308 2910 2480 2949 mun-

808 2983 871 3038 di
918 2984 1125 3055 quoad
1177 2984 1491 3041 materiam
1531 2988 1589 3039 et
1635 2983 1894 3039 formam
1926 2983 2219 3039 exstitisse
2248 2983 2477 3038 dicunt,

807 3071 970 3129 illius
996 3077 1197 3129 autem
1220 3072 2007 3144 corruptionem,transitum
2028 3070 2476 3144 nempe,quoad

811 3161 1006 3218 solam
1032 3162 1314 3219 formam.
1357 3162 1661 3220 Materiam
1687 3161 1870 3227 enim,
1914 3167 1977 3217 ut
2014 3161 2296 3224 diximus,
2325 3176 2477 3217 sem-

809 3266 918 3323 per
936 3266 1297 3323 permanere
1325 3250 1691 3307 conﬁtentur
1720 3249 2001 3305 eamdem
2034 3269 2047 3319 ;
2088 3251 2477 3307 resurrectio-
2506 3241 2548 3294 ο

810 3355 950 3395 nem
996 3345 1202 3396 autem
1256 3344 1636 3395 mortuorum
1682 3338 1978 3395 definiunt
2033 3355 2162 3394 esse
2212 3340 2478 3412 corporis

809 3428 993 3499 hujus
1022 3444 1161 3484 cum
1194 3428 1474 3485 rationali
1507 3428 1713 3484 anima
1734 3428 2057 3485 secundam
2086 3428 2368 3484 unionem
2399 3428 2479 3483 in-

810 3515 1247 3573 dissolubilcm.

884 3662 970 3718 15.
1010 3661 1120 3717 Alii
1172 3662 1474 3730 Severitae,
1523 3677 1745 3733 nempe
1788 3660 2187 3717 Theodosiani
2216 3706 2228 3727 ,
2269 3661 2372 3734 qui
2424 3665 2481 3718 et

810 3751 1247 3825 Philoponiaci,
1273 3750 1377 3823 qui
1416 3750 1778 3822 accipientes
1815 3752 2098 3807 Severum
2133 3756 2189 3805 et
2216 3751 2480 3805 Theodo-

813 3845 970 3899 sium
1005 3848 1068 3897 ut
1097 3842 1437 3913 episcopos,
1470 3840 1775 3913 accipiunt
1803 3840 1984 3895 etiam
2026 3846 2089 3896 ut
2122 3840 2477 3908 magistrum

810 3932 1218 4004 Philoponum
1287 3930 1581 3986 Joannem
1640 3933 1697 3985 et
1744 3930 1876 3999 ejus
1926 3930 2169 4001 scripta,
2219 3944 2479 4000 eumque

813 4028 1152 4094 sequuntur
1190 4036 1311 4076 non
1345 4020 1531 4075 modo
1588 4020 1647 4075 in
1686 4019 1877 4092 ipsius
1914 4018 1989 4073 de
2027 4019 2303 4075 Trinitatc
2348 4035 2480 4074 sen-

809 4111 1035 4179 tentiis,
1090 4109 1197 4166 sed
1254 4111 1435 4166 etia'n
1489 4109 1549 4164 in
1599 4110 1729 4179 ejus
1780 4108 2055 4163 doctrina
2102 4107 2177 4163 de
2236 4108 2481 4163 visibilis

812 4199 1026 4257 mundi
1063 4199 1591 4255 consummatione
1622 4203 1678 4254 et
1712 4197 1962 4253 visibilis
1988 4213 2059 4252 ac
2092 4197 2265 4252 futuri
2302 4213 2479 4267 gene-

810 4289 1043 4346 ratione
1077 4293 1132 4343 et
1163 4292 1540 4344 mortuorum
1578 4287 2032 4342 resurrectione.
2061 4286 2101 4341 li
2123 4301 2264 4341 vero
2285 4302 2481 4359 neque

812 4378 1199 4439 Damianum.
1228 4392 1426 4449 neque
1448 4375 1701 4432 Paulum
1726 4390 1919 4447 neque
1940 4374 2215 4431 ultimum
2241 4376 2479 4432 Petrum

2581 641 2827 703 ματικοῦ,
2856 642 2946 686 τοῦ
2968 634 3183 692 ἐπίκλην
3209 635 3513 702 Φιλοπὸνου,
3536 638 3603 687 τὰ
3626 636 3743 687 καθ’
3768 635 4014 693 Ἐλλήνων
4043 639 4181 708 αὐτῷ

2580 727 2915 797 γεγραμμένα
2972 725 3100 795 μετά
3153 728 3242 776 καὶ
3296 723 3459 775 ἄλλων
3518 724 3677 775 αὑτοῦ
3731 728 4180 797 συγγραμμάτων,

2584 809 2738 861 αὐτόν
2773 831 2826 863 τε
2856 814 3083 882 ἔσχατον
3115 811 3445 881 ἀπεϐάλοντο,
3480 816 3567 863 καὶ
3596 816 3660 864 τά
3690 815 3875 865 τούτου
3909 818 4182 887 συγγράμ-

2583 917 2757 970 ματαο
2810 901 2835 951 ὁ
2876 902 2977 973 γὰρ
3009 900 3273 974 εἰρημένος
3311 904 3677 973 γραμματικὸς
3724 900 3961 963 Ἰωάννης
3992 901 4038 953 ἐν
4079 910 4184 962 τοῖς

2583 991 2715 1060 πρὸς
2751 991 2875 1050 τοὺς
2915 988 3159 1049 Ἓλληνας
3199 987 3421 1060 βιϐλίοις
3464 994 3553 1041 καὶ
3585 988 3630 1040 ἐν
3669 996 3778 1051 τοῖς
3820 990 3989 1052 ἄλλοις
4022 991 4183 1042 αὐτοῦ

2586 1080 3000 1149 συγγράμμασιν
3031 1076 3262 1149 ἐπήγαγε
3290 1081 3355 1129 τὰ
3396 1083 3614 1150 σώματα
3657 1081 3720 1130 τὰ
3760 1079 3989 1136 αἰσθητὰ
4017 1088 4185 1131 ταῦτα

2584 1168 2756 1217 πάντα
2798 1172 2888 1218 καὶ
2934 1169 2998 1218 τὰ
3042 1169 3272 1239 ὁρώμενα
3303 1169 3437 1218 κατά
3475 1186 3529 1218 τε
3556 1167 3682 1225 ὕλην
3711 1173 3799 1219 καὶ
3839 1165 3976 1230 εἶδος
4008 1168 4062 1219 ἐκ
4091 1177 4184 1220 τοῦ

2587 1258 2658 1326 μή
2690 1255 2834 1316 ὄντος
2863 1255 2933 1316 εἰς
2965 1259 3021 1307 τὸ
3054 1253 3181 1307 εἶναι
3208 1259 3551 1327 παραχθῆναι
3575 1258 3672 1307 ὑπὸ
3698 1264 3789 1307 τοῦ
3813 1264 3966 1321 Θεοῦ,
3984 1259 4187 1329 φθαρτα

2588 1362 2642 1395 τε
2663 1350 2829 1395 ταῦτα
2848 1346 3088 1415 γενέσθαι
3109 1350 3197 1395 καὶ
3223 1347 3523 1416 φθείρεσθαι
3544 1346 3677 1396 κατά
3697 1364 3751 1396 τε
3771 1344 3896 1401 ὕλην
3918 1350 4007 1397 καὶ
4029 1343 4184 1413 εἶδος,

2589 1436 2679 1483 καὶ
2740 1430 2853 1484 ἀντὶ
2900 1436 3092 1483 τούτων
3145 1434 3294 1505 ἔτερα
3343 1439 3561 1504 σώματα
3599 1438 3816 1506 κρείττω
3854 1436 4049 1484 τούτων
4088 1442 4188 1484 τῶν

2590 1521 2856 1593 ὁρωμένων
2915 1522 3155 1592 ἄφθαρτα
3197 1526 3286 1571 καὶ
3314 1522 3497 1571 αἰώνια
3527 1522 3625 1572 ὑπὸ
3654 1528 3745 1572 τοῦ
3773 1529 3905 1573 Θεοῦ
3938 1518 4192 1595 δημιουρ-

2587 1610 2799 1680 γεῖσθαι
2842 1626 2853 1637 ·
2907 1610 3195 1660 συντελειάν
3240 1629 3292 1661 τε
3350 1612 3441 1680 ἔφη
3500 1617 3590 1660 τοῦ
3644 1611 3901 1682 ὁρωμένου
3964 1616 4189 1682 κόσμου,

2588 1700 2750 1766 ἤγουν
2768 1697 3072 1772 παρελευσιν
3093 1704 3182 1749 καὶ
3207 1705 3385 1748 καινοῦ
3417 1703 3615 1767 κόσμου
3636 1702 3835 1767 γένεσιν
3858 1719 3869 1730 ·
3903 1696 4191 1750 ἀνάστασιν

2589 1782 2648 1837 δὲ
2673 1806 2861 1860 νεκρων
2896 1790 3125 1859 ὡρίσατο
3157 1784 3287 1837 εἶναι
3331 1791 3423 1843 τὴν
3459 1795 3557 1837 τῶν
3587 1786 3805 1857 λογικῶν
3843 1787 4034 1858 ψυχῶν
4066 1792 4191 1861 πρὸς

2509 1889 2551 1943 Β
2590 1884 2743 1948 σῶμα
2775 1878 2999 1949 φθαρτὸν
3031 1877 3210 1927 ἕνωσιν
3245 1872 3545 1929 ἀδιάλυτον.

2587 2066 2591 2071 ὶ
2660 1998 2753 2053 ιδ’.
2798 2006 2967 2054 Κόνων
3020 1998 3079 2052 δε
3114 2004 3203 2051 καὶ
3258 2001 3305 2052 οἱ
3355 2004 3447 2052 σὺν
3483 2001 3642 2071 αὐτῷ,
3695 2004 3763 2064 ὡς
3802 2005 4187 2077 εἴπομεν,πρό·

2587 2110 2730 2162 τερον
2785 2086 3061 2160 δεχόμενοι
3109 2092 3174 2141 τὰ
3216 2092 3609 2163 συγγράμματα
3640 2090 3686 2141 ἐν
3718 2093 3793 2152 οἷς
3833 2100 3999 2143 ταῦτα
4066 2090 4187 2143 ἐδο-

2586 2181 2831 2249 γμάτισε,
2887 2184 2975 2230 καὶ
3039 2178 3193 2229 αὐτὸν
3260 2183 3346 2229 τὸν
3410 2179 3686 2231 Φιλοπονον
3745 2181 3915 2240 ζῶντά
3981 2200 4036 2232 τε
4099 2186 4189 2233 καὶ

2587 2271 2716 2339 μετὰ
2780 2266 3016 2324 τελευτὴν
3083 2267 3480 2339 μακαρίζοντες,
3568 2268 3854 2321 τελευταῖον
3918 2270 4071 2321 αὐτον
4138 2290 4191 2322 τε

2587 2356 2775 2408 ἐκεῖνον
2830 2362 2919 2408 καὶ
2958 2359 3021 2407 τά
3077 2360 3470 2429 συγγράμματα
3508 2358 3666 2409 αὐτοῦ
3699 2357 4009 2410 ἀπεϐάλοντο
4044 2377 4056 2388 ·
4107 2359 4188 2410 λό-

2586 2465 2711 2516 γους
2753 2445 3038 2519 ἐγγράφους
3087 2442 3454 2507 ἐκδεδωκότας,
3511 2446 3559 2497 ἐν
3611 2444 3687 2508 οἷς
3716 2447 3959 2518 λεγουσίν
4005 2450 4085 2499 ὅτι
4129 2451 4193 2500 τοι

2591 2540 2811 2602 σώματα
2876 2537 2939 2587 τὰ
2999 2535 3231 2592 αἰσθητά
3285 2543 3453 2587 ταῦτα
3504 2541 3591 2587 καὶ
3642 2538 3874 2609 ὁρώμενα
3920 2540 4056 2588 κατά
4104 2540 4192 2608 μὲν

2586 2628 2681 2681 τὴν
2746 2624 2870 2681 ὕλην
2933 2623 2992 2675 οῦ
3044 2626 3324 2698 φθείρεται,
3366 2623 3494 2676 ἀλλά
3544 2630 3759 2696 μένουσι
3806 2630 3871 2678 τά
3925 2626 4056 2679 αὖτά
4104 2624 4195 2677 καὶ

2588 2714 2820 2785 ὁρώμενα
2859 2713 3025 2764 εἰσαεὶ
3069 2719 3159 2765 καὶ
3210 2719 3278 2785 μὴ
3324 2716 3651 2786 φθειρόμενα,
3692 2717 3825 2766 κατά
3865 2711 3924 2767 δὲ
3963 2720 4019 2766 τὸ
4052 2712 4193 2776 εἶδος

2586 2807 2739 2874 μόνον
2803 2804 3080 2875 φθείρεται,
3138 2808 3226 2854 καὶ
3263 2803 3413 2855 πάλιν
3470 2802 3876 2875 ἀνααορφοῦται,
3944 2813 4036 2865 τῆς
4090 2803 4190 2855 αὗ-

2584 2900 2679 2953 τῆς
2704 2892 2829 2953 ὕλης
2869 2899 3099 2965 κρεῖττον
3149 2888 3289 2954 εἶδος
3330 2889 3625 2964 δεχομένης
3652 2896 3911 2967 ἄφθαρτον
3937 2912 3947 2923 ’
3990 2899 4189 2965 γένεσιν

2585 2984 2675 3052 μεν
2704 2983 2805 3054 γὰρ
2849 2989 2938 3032 τοῦ
2992 2980 3248 3052 ὁρωμνου
3297 2988 3498 3053 κὸσμου
3530 2981 3741 3053 λέγουσι
3788 2985 3924 3034 κατά
3962 3003 4016 3036 τε
4062 2984 4187 3041 ὕλην

2587 3074 2676 3122 καὶ
2726 3066 2882 3137 εἶδος,
2928 3072 3120 3144 φθορὰν
3167 3067 3225 3123 δὲ
3272 3071 3452 3132 αὐτοῦ,
3486 3075 3648 3141 ἤγουν
3685 3071 4009 3145 παρέλευσιν,
4054 3076 4189 3125 κατά

2586 3164 2737 3231 μόνον
2765 3163 2822 3212 τὸ
2854 3156 2994 3221 εἶδος
3034 3176 3047 3189 ’
3095 3163 3189 3218 τὴν
3218 3162 3318 3234 γὰρ
3350 3160 3494 3229 ὕλην,
3529 3164 3598 3221 ως
3629 3163 3850 3232 εἴπομεν,
3886 3160 3965 3213 ἀεὶ
3996 3158 4187 3229 διαμέ-

2585 3268 2685 3301 νειν
2747 3247 3063 3320 ὁμολογοῦσι
3115 3254 3209 3306 τὴν
3268 3249 3430 3307 αὐτὴν
3464 3266 3476 3278 ·
3539 3248 3825 3303 ἀνάστασιν
3882 3246 3941 3302 δὲ
4000 3260 4190 3322 νεκρῶν

2587 3339 2851 3411 ὁρίζονται
2890 3334 3019 3390 εἶναι
3084 3342 3178 3395 τὴν
3224 3344 3317 3390 τοῦ
3377 3346 3619 3410 σώματος
3671 3342 3857 3391 τούτου
3910 3343 4036 3414 πρὸς
4095 3345 4190 3397 τὴν

2585 3426 2800 3497 λογικὴν
2825 3425 3012 3498 ψυχὴν
3040 3422 3284 3499 δευτέραν
3315 3427 3495 3479 ἕνωσιν
3524 3424 3827 3482 ἀδιάλυτον.

2663 3657 2735 3714 ιε’.
2784 3656 2964 3712 "Ana:
3026 3658 3319 3731 Σεϐηρίται,
3380 3662 3539 3730 ἤγουν
3592 3656 3960 3723 Θεοδοσίανοὶ,
4011 3662 4058 3712 οἱ
4100 3664 4190 3712 καὶ

2589 3747 2973 3816 Φιλοπονιακοὶ,
3025 3751 3073 3801 οἱ
3120 3754 3209 3800 καὶ
3250 3745 3529 3820 δεχόμενοι
3559 3752 3645 3800 τὸν
3678 3748 3898 3822 Σεϐῆρον
3938 3754 4022 3800 καὶ
4067 3757 4190 3802 Θεο-

2591 3834 2770 3890 δόσιον
2803 3837 3142 3903 ἐπισκόπους,
3186 3836 3463 3911 δεχόμενοι
3517 3835 3576 3890 δὲ
3630 3838 3695 3899 εἰς
3749 3835 4071 3890 διδάσκαλον
4103 3843 4192 3891 καὶ

2588 3930 2675 3978 τὸν
2704 3927 2976 3980 Φιλὸπονον
3008 3928 3249 3985 Ἰωάννην
3306 3934 3395 3979 καὶ
3439 3932 3503 3980 τὰ
3541 3931 3727 3979 τούτου
3774 3931 4188 4001 συγγράμματα,

2588 4021 2679 4068 καὶ
2745 4015 3135 4077 ἀκολουθοῦντες
3202 4017 3341 4087 αὐτῷ
3409 4017 3466 4068 οὗ
3550 4026 3702 4089 μονον
3777 4016 3826 4068 ἐν
3892 4025 4001 4077 τοῖς
4073 4022 4192 4089 περὶ

2589 4101 2818 4177 Τριάδος
2856 4105 3045 4176 λόγοις,
3104 4104 3230 4156 ἀλλά
3268 4112 3357 4157 καὶ
3397 4104 3445 4157 ἐν
3477 4114 3582 4166 τοῖς
3622 4110 3739 4179 περὶ
3774 4104 4059 4165 συντελείας
4096 4113 4188 4156 τοῦ

2590 4197 2847 4267 ὁρωμένου
2891 4200 3093 4267 κόσμου
3134 4201 3223 4247 καὶ
3270 4199 3514 4267 γενέσεως
3560 4204 3652 4247 τοῦ
3697 4216 3749 4247 τε
3804 4198 4060 4269 ὁρωμένου
4100 4200 4191 4246 καὶ

2587 4291 2677 4336 τοῦ
2752 4284 3037 4355 μέλλοντος,
3092 4289 3180 4335 καὶ
3236 4294 3423 4357 νεκρῶν
3486 4282 3843 4343 ἀναστῶσεως.
3914 4284 4074 4335 Οὗτοι
4132 4280 4191 4335 δὲ

2588 4374 2706 4425 οὔτε
2755 4377 3030 4441 Δαμιανὸν,
3081 4377 3197 4425 οὔτε
3250 4373 3473 4435 Παῦλον,
3516 4376 3632 4425 οὔτε
3680 4393 3766 4425 τον
3824 4375 4054 4443 ἔσχατον
4097 4375 4192 4424 Πέ-

811 4467 1134 4539 accipiunt.
1177 4468 1449 4538 Cumque
1499 4465 1663 4536 prius
1722 4466 2027 4520 Cononem
2084 4465 2476 4537 accepissent,
2512 4486 2591 4540 D‘

2408 4470 2476 4531 τι,
2512 4486 2556 4540 D
2588 4482 2707 4536 τρον
2739 4459 2992 4533 δέχονται
3019 4480 3031 4492 ·
3074 4468 3319 4536 προτερον
3359 4460 3416 4515 δὲ
3448 4459 3728 4534 δεχομενοι
3771 4468 3997 4531 Κόνωνα,
4029 4462 4188 4513 ὕστε-

810 4557 1029 4615 deinde
1066 4571 1207 4612 eum
1255 4555 1609 4625 rejecerunt,
1646 4570 1719 4609 eo
1770 4553 1937 4625 quod
1991 4554 2121 4625 ipse
2177 4554 2475 4610 Joannem

809 4646 1211 4717 Philoponum
1245 4649 1303 4700 et
1340 4644 1474 4713 ejus
1519 4643 1741 4715 scripta
1783 4643 2118 4711 rejecisset;
2152 4649 2208 4697 et
2243 4644 2302 4697 in
2344 4645 2472 4699 suis

808 4737 886 4793 de
914 4736 1196 4791 Trinitate
1224 4732 1531 4789 sententiis
1561 4728 1697 4787 cum
1733 4734 2040 4787 Cononitis
2067 4734 2469 4796 consentiunt.

810 4831 867 4881 et
907 4824 1210 4880 Tritheitae
1253 4823 1648 4877 nominantur
1677 4820 1753 4876 ab
1783 4821 2207 4889 Angelianistis
2244 4829 2301 4877 et
2333 4825 2475 4878 Pau-

812 4914 1071 4971 lianistis
1097 4932 1109 4969 :
1138 4928 1293 4981 quos
1320 4917 1376 4967 et
1407 4911 1521 4984 ipsi
1563 4910 1885 4966 nominant
1916 4927 2078 4967 nunc
2104 4910 2347 4981 quidem
2376 4916 2476 4967 Sa-

811 5004 1208 5065 bellianistas,
1256 5017 1419 5057 nunc
1480 5016 1626 5056 vero
1693 5000 2040 5056 Tetraditas.
2094 5002 2175 5055 De
2229 5002 2476 5056 visibilis

808 5092 1021 5150 mundi
1036 5090 1563 5148 consummatione
1580 5095 1636 5146 et
1654 5095 2029 5145 mortuorum
2046 5091 2477 5147 resurrectione

806 5183 1127 5241 manifeste
1159 5182 1229 5237 iis
1273 5187 1685 5254 opponuntur.
1730 5179 1847 5252 lpsi
1890 5180 2139 5251 quidem
2174 5182 2475 5236 Cononitae

805 5271 1276 5345 Philoponiacos
1322 5276 1545 5325 vocant
1584 5269 1953 5325 Sadducaaos
1997 5273 2054 5325 et
2085 5268 2472 5325 Simonianos

804 5370 862 5422 et
894 5367 1130 5421 Graecos
1160 5366 1216 5418 et
1245 5360 1693 5416 Valentinianos
1742 5365 1799 5414 et
1843 5359 2243 5427 Marcionitas,
2272 5367 2329 5416 et
2360 5364 2472 5416 Ma-

801 5454 1071 5511 nichaeos
1120 5457 1176 5508 et
1226 5450 1733 5518 Hermogenistas.
1780 5452 1844 5505 Et
1888 5450 2297 5520 Phil0p0niaci
2342 5451 2469 5505 hare

796 5546 1051 5601 nomina
1078 5539 1385 5598 Cononitis
1408 5542 1639 5611 aptant,
1656 5554 1727 5593 eo
1745 5538 1913 5611 quod
1944 5539 2149 5594 dicant
2171 5539 2467 5594 sensibilis

796 5635 983 5706 hujus
996 5632 1205 5689 mundi
1225 5630 1539 5687 materiam
1556 5629 2070 5701 incorruptibilem
2086 5644 2461 5701 permanere.

2584 4572 2674 4626 ρον
2719 4552 2875 4604 αὐτὸν
2924 4550 3257 4621 ἁπεϐάλοντο,
3324 4551 3418 4603 διὰ
3476 4556 3536 4604 τὸ
3580 4549 3964 4603 ἀποϐάλλεσθαι
4003 4550 4191 4602 ἐκεῖνον

2583 4644 2824 4699 Ἰωάννην
2865 4645 2951 4693 τὸν
2995 4641 3272 4694 Φιλοπονον
3324 4645 3510 4693 καὶτὰ
3549 4644 3735 4693 τούτου
3778 4643 4188 4712 συγγράμματα·

2581 4737 2672 4784 καὶ
2725 4730 2772 4783 ἐν
2825 4735 2914 4803 μεν
2955 4739 3065 4791 τοῖς
3104 4736 3220 4803 περὶ
3259 4728 3487 4802 Τριαδος
3534 4730 3706 4800 λόγοις
3752 4726 4047 4802 συνᾴδουσι
4088 4737 4192 4790 τοῖς

2586 4825 2899 4882 Κονωνίταις
2948 4836 2962 4851 ⁸
3033 4826 3121 4871 καὶ
3182 4822 3448 4892 Τριθεῖται
3513 4819 3859 4891 ὀνομάζονται
3925 4821 4023 4871 ὑπὸ
4089 4828 4193 4870 τῶν

2585 4910 3017 4981 Ἀγγελιανιστῶν
3076 4911 3185 4965 tim
3241 4910 3397 4971 Cod.)
3442 4915 3530 4960 καὶ
3590 4908 3985 4961 Παυλιανιστών
4024 4926 4035 4937 ’
4078 4908 4189 4959 ὁνο-

2584 5000 2819 5071 μάζουσι
2868 4995 2927 5050 δὲ
2978 5004 3068 5050 καὶ
3115 4999 3265 5049 αὐτοὶ
3308 5000 3532 5059 ἐκείνους
3570 5002 3689 5050 ποτε
3737 5002 3825 5070 μὲν
3868 4996 4189 5051 Σαϐελλιανι-

2588 5092 2734 5159 στας,
2779 5092 2901 5140 ποτε
2933 5085 2990 5139 δὲ
3019 5085 3335 5160 Τετραδίτας
3365 5109 3377 5120 ·
3434 5087 3482 5139 ἐν
3523 5084 3582 5140 δὲ
3624 5097 3698 5158 τῷ
3744 5092 3858 5160 περὶ
3902 5087 4191 5147 συντελείας

2584 5186 2675 5230 τοῦ
2732 5180 2990 5250 ὁρωμένου
3034 5184 3237 5249 κόσμου
3284 5182 3372 5229 καὶ
3419 5186 3608 5251 νεκρῶν
3657 5176 3993 5235 ἀναστάσεως
4041 5175 4189 5227 ἐναν-

2582 5274 2817 5319 τιοῦνται
2871 5276 3096 5340 φανερῶς
3147 5268 3346 5330 αὐτοῖς.
3399 5272 3499 5320 Καὶ
3554 5263 3695 5319 οὗτοι
3742 5269 3831 5337 μὲν
3875 5269 3923 5317 οἱ
3975 5273 4189 5319 Κονωνῖο

2580 5377 2669 5409 ται
2731 5362 2850 5419 τοὺς
2914 5348 3315 5418 Φιλοπονιακοῦς
3383 5357 3616 5416 ἅπαντας
3680 5355 3895 5408 καλοῦσι
3954 5352 4163 5407 Σαδὸου

2578 5454 2778 5516 καίους,
2827 5451 2917 5499 καὶ
2976 5450 3341 5519 Σιμωνιανοὺς,
3375 5451 3464 5499 καὶ
3520 5446 3788 5517 Ἕλληνας,
3844 5451 3934 5498 καὶ
3970 5445 4189 5497 Οὐαλεν-

2577 5542 2854 5605 τινιανοὺς,
2923 5542 3012 5588 καὶ
3055 5539 3483 5609 Μαρκιωνιστὰς,
3535 5540 3625 5588 καὶ
3682 5540 4037 5608 Μανιχαίους,
4098 5540 4190 5588 καὶ

2572 5628 3007 5701 Ἐρμογενιαστὰς
3074 5624 3452 5688 ἀποκαλοῦντες
3488 5642 3501 5654 ·
3553 5632 3643 5677 καὶ¹
3708 5628 3757 5677 οἱ
3818 5628 3907 5695 μὲν
3966 5624 4189 5679 Φιλοπο-

795 5723 1104 5787 Οοηοηίιω
1141 5736 1287 5781 vero
1335 5719 1552 5789 iisdem
1598 5718 1949 5781 nominibus
1988 5718 2457 5795 Philoponiac‘os
2569 5740 2575 5770 τ

2406 5735 2457 5775 )s
2569 5720 2740 5775 νιακοὶ
2778 5719 2844 5770 τὰ
2880 5715 3111 5790 ὀνόματα
3139 5722 3309 5769 ταῦτα
3345 5723 3454 5777 τοῖς
3497 5719 3811 5778 Κονωνίταις
3848 5716 4186 5791 προσάπτου-
