4508 6436
358 428 431 480 53

362 566 444 611 σι,
479 544 578 599 διὰ
610 548 669 598 τὸ
706 545 870 617 λέγειν
910 543 1100 603 αύτούς
1129 546 1222 599 τήν
1257 542 1383 600 ὕλην
1412 550 1504 594 τού
1536 542 1793 600 αἰσθητοῦ
1845 543 1969 592 τού-

362 655 460 687 του
493 640 698 705 κόσμου
727 630 989 705 διαμένειν
1029 630 1358 688 ἀτελεύτητον
1403 646 1417 660 ·
1470 633 1519 683 οἱ
1566 628 1626 683 δε
1691 637 1971 683 Κονωνῖται

360 727 431 775 τὰ
514 724 649 775 αύτά
716 722 946 793 ὀνόματα
1005 728 1105 771 τῶν
1154 719 1535 772 Φιλοπονιακὼν
1588 728 1965 792 κατηγορούσι,

363 809 464 864 διὰ
492 816 553 864 τό
583 817 655 884 μή
701 811 865 881 λέγειν
912 809 1097 869 αύτούς
1152 816 1253 859 τῶν
1307 810 1561 879 σωμάτων
1604 811 1801 859 τούτων
1843 809 1970 858 ανά-

366 921 581 955 στασιν.
640 904 769 974 Πρός
822 902 1026 960 τούτοις
1081 894 1140 948 δε
1188 897 1437 970 ἑκάτεροι,
1482 899 1532 948 οἰ
1570 916 1623 948 τε
1663 896 1971 949 Φιλοπονια-

362 996 448 1042 κοὶ
498 996 590 1042 καὶ
655 990 704 1041 οἰ
764 995 1069 1052 Κονωνῖται,
1129 987 1523 1059 Ὠριγενιαστὰς
1565 984 1814 1046 ἀλλήλους
1854 986 1971 1037 ὀνο-

361 1083 662 1151 μάζουσιν·
710 1080 986 1150 εὑρηκότες
1038 1078 1139 1147 γὰρ
1184 1078 1233 1126 οἰ
1286 1074 1650 1127 Φιλοπονιακοὶ
1697 1079 1783 1125 τόν
1834 1074 1948 1147 Ὠρι

359 1174 520 1238 γένην
548 1168 762 1237 λέγοντα
799 1168 879 1217 ὃτι
924 1166 1054 1221 αὕτη
1098 1166 1127 1221 ή
1181 1164 1275 1220 ύλη
1324 1162 1372 1215 ἕν
1425 1171 1497 1231 τῷ
1540 1163 1775 1235 μέλλοντι
1824 1163 1973 1214 αἰῶνι

360 1254 778 1327 ἁναμορφούται,
836 1258 925 1304 καὶ
984 1248 1077 1303 διὰ
1128 1259 1282 1302 τούτο
1336 1259 1435 1302 τῶν
1488 1250 1657 1301 αύτῶν
1716 1252 1971 1320 σωμάτων

355 1350 565 1413 γίνεται
645 1344 673 1398 ἡ
757 1341 1082 1400 ἀνάστασις,
1153 1339 1397 1391 ἐκάλεσαν
1483 1342 1601 1398 τούς
1686 1344 1971 1398 Κόνωνίτας

356 1435 797 1504 Ὠριγενιαστάς⁶
850 1431 1003 1481 πάλιν
1045 1427 1103 1481 δε
1141 1432 1190 1481 οἰ
1246 1435 1549 1489 Κονωνίται,
1592 1429 1824 1502 εὑρόντες
1884 1431 1970 1479 τόν

356 1524 638 1596 Ὠριγένην
690 1522 898 1591 λέγοντα
964 1518 1128 1570 ιῦλων
1184 1520 1437 1589 σωμάτων
1510 1516 1820 1584 ἀνάστασιν,
1875 1537 1971 1568 πα-

1754 411 2100 474 THESAURI
2131 411 2263 466 LIB.
2298 412 2365 469 IX

1998 543 2046 591 Α
2078 538 2469 610 appellanteo
2482 542 2648 613 quod
2658 542 2876 599 horum
2890 556 3212 614 corporum
3234 544 3733 601 resurrectionem

3666 425 3737 478 54

2076 642 2200 682 non
2246 628 2667 689 conﬁteantur.
2720 634 3009 687 Praeterea
3055 631 3292 703 utrique
3345 636 3403 687 et
3459 632 3732 706 Philopo-

2076 716 2236 772 niaci
2278 722 2334 771 et
2370 719 2663 775 COCODlltﬂ
2707 720 3071 790 Origenistas
3116 735 3178 775 se
3227 720 3484 776 invicem
3530 722 3735 794 appel-

2075 804 2220 860 lant.
2253 808 2401 861 Cum
2422 807 2582 863 enim
2606 809 2967 881 reperissent
2991 808 3397 881 Philoponiaci
3414 811 3730 879 Origenem

2078 893 2298 949 dixisse
2321 896 2517 967 ipsam
2534 899 2922 954 materiamin
2937 897 3137 953 futuro
3159 898 3374 953 saeculo
3394 898 3728 965 reformari,

2078 1000 2149 1039 ac
2170 991 2489 1056 propterea
2513 988 2868 1044 eorumdem
2910 1002 3231 1059 corporum
3276 986 3403 1043 ﬁeri
3438 1004 3728 1045 resurrec-

2078 1072 2324 1139 tionem,
2359 1076 2679 1131 Cononitas
2711 1092 3003 1132 vocavere
3042 1076 3428 1145 Origenistas.
3467 1078 3729 1134 Rursum

2078 1176 2217 1215 cum
2252 1164 2557 1218 Cononitaa
2579 1165 2940 1235 reperissent
2969 1165 3285 1235 Origenem
3317 1163 3573 1221 aliorum
3600 1181 3727 1221 cor-

2076 1265 2295 1321 porum
2338 1254 2842 1310 resurrectionem
2891 1255 3114 1309 dixisse
3157 1255 3531 1320 (inconstans
3567 1254 3729 1311 enim

2078 1343 2208 1394 erat
2236 1340 2326 1395 vir
2350 1340 2490 1409 ille),
2522 1342 2992 1399 nominaverunt
3022 1342 3481 1414 Pbiloponiacos
3522 1343 3729 1413 Orige-

2078 1429 2287 1485 nistas.
2320 1432 2637 1501 Accipiunt
2673 1441 2876 1487 autem
2916 1438 2981 1487 ut
3018 1431 3369 1504 episcopum
3400 1432 3731 1503 quemdam

2078 1518 2323 1574 nomine
2346 1519 2662 1589 Origenem
2692 1535 2763 1575 ac
2784 1520 2969 1575 libros
2990 1519 3070 1575 ab
3096 1519 3197 1575 illo
3219 1520 3431 1575 editos.

353 1611 777 1682 λίμϐολοςγήρό
802 1608 952 1681 ἀνὴρ,
998 1608 1274 1678 ὠνόμασαν
1308 1610 1429 1667 τοὺς
1460 1606 1860 1666 Φιλοπονιακόὺς
1900 1606 2312 1677 Ὠριγενιαστὰς,
2366 1612 2620 1678 Δέχονται
2670 1604 2728 1661 δε
2771 1612 2821 1661 οἱ
2868 1609 3232 1662 Φιλοπονιακοὶ
3279 1608 3566 1662 ἐπίσκοπόν
3612 1629 3733 1662 τινα

355 1702 636 1769 Ὠριγένην
668 1699 880 1769 ὀνόματι
919 1702 1009 1748 καὶ
1035 1700 1154 1757 τούς
1174 1695 1357 1765 λόγους
1384 1699 1500 1755 τούς
1526 1697 1615 1747 ὑπ’
1645 1695 1804 1746 αὐτοῦ
1836 1691 2157 1756 ἐκδοθέντας.

434 1788 529 1852 ις’,
562 1788 740 1841 Ἀλλοι
777 1786 1073 1859 Σεϐηρῐται,
1132 1788 1291 1854 ἤγουν
1348 1780 1714 1839 Θεοδοσιανοὶ.
1770 1785 1819 1834 οἱ
1875 1787 1965 1833 καὶ
1998 1783 2037 1837 Β

356 1877 629 1939 Νιοςῑται,
697 1878 879 1936 οἰτινες
926 1873 1145 1947 Σεϐῆρον
1203 1878 1289 1924 καὶ
1342 1868 1630 1923 Θεοδόσιον
1686 1868 1967 1942 δεχόμενοι

356 1973 451 2018 καὶ
513 1971 760 2037 Στέφανον
826 1968 914 2015 τόν
974 1957 1230 2033 σοφιστὴν
1302 1965 1389 2013 τόν
1460 1960 1671 2018 ἐπίκλην
1712 1959 1907 2020 ,Νίοϐον
1948 1973 1963 1988 ⁸

357 2056 509 2107 οὗτοι
544 2052 602 2107 δε
656 2053 703 2104 ὲν
752 2058 841 2125 μὲν
898 2060 1009 2113 τοῖς
1046 2057 1163 2123 περὶ
1220 2058 1308 2102 τού
1350 2054 1549 2122 Πατρός
1592 2054 1681 2106 καὶ
1720 2058 1812 2101 τοῦ
1843 2052 1967 2102 Υίοῦ

355 2150 451 2196 καὶ
516 2152 607 2195 τού
668 2142 820 2213 ἁγίου
881 2144 1180 2212 Πνεύματος
1242 2140 1414 2210 λόγοις
1468 2146 1807 2211 συμφωνοῦσι
1857 2145 1965 2199 τοῖς

359 2228 811 2292 Κοντοϐαϐδίταις
857 2235 947 2282 καὶ
1004 2237 1115 2290 τοῖς
1158 2230 1486 2298 Ἀγνοήταις,
1520 2226 1569 2279 ἓν
1616 2224 1673 2279 δε
1723 2236 1826 2287 τοῖς
1874 2226 1965 2278 λό-

352 2342 475 2393 γοις
515 2329 626 2381 τοῖς
680 2325 799 2391 περὶ
837 2327 931 2380 τῆς
973 2318 1267 2389 οἰκονομίας
1314 2314 1667 2389 διαφωνοῦσιν
1706 2316 1764 2368 ού
1814 2319 1965 2388 μόνον

352 2416 487 2485 πρὸς
526 2414 765 2471 τούτους,
807 2407 935 2459 ἀλλὰ
974 2412 1062 2459 καὶ
1118 2411 1247 2478 πρὸς
1290 2410 1410 2467 τούς
1459 2405 1640 2465 ἄλλους
1684 2406 1918 2463 ἅπαντας
1949 2421 1961 2433 ⁶

352 2503 543 2560 πάντες
579 2502 681 2571 γὰρ
735 2495 830 2550 δύο
865 2500 1044 2569 φύσεις
1086 2495 1166 2548 ἐπὶ
1194 2503 1287 2547 τοῦ
1326 2498 1462 2547 κατὰ
1492 2499 1725 2566 Χριστόν
1764 2514 1966 2566 μυστη-

350 2594 473 2663 ρίου
508 2590 638 2660 μετὰ
677 2592 770 2644 τὴν
806 2587 987 2638 ἕνωσιν
1026 2582 1199 2637 οὐδενὶ
1240 2584 1375 2655 λόγῳ
1416 2583 1694 2654 ἀνέχονται
1742 2584 1898 2635 εἰπεῖν
1944 2600 1955 2611 ⁸

350 2682 448 2735 τήν
508 2682 681 2749 μέντοι
741 2672 997 2747 διαφορὰν
1054 2683 1154 2725 τῶν
1220 2676 1421 2744 φύσεων
1493 2672 1810 2743 ὁμολογοῦσι
1875 2677 1966 2724 καὶ

352 2770 491 2840 μετὰ
538 2771 632 2823 τήν
686 2766 909 2817 ἕνωσιν·
972 2764 1117 2815 οὗτοι
1167 2760 1246 2825 δε,
1306 2759 1404 2815 δύο
1458 2764 1639 2832 φύσεις
1687 2764 1817 2833 μετὰ
1873 2766 1966 2819 τήν

352 2858 543 2908 ἕνωσιν
587 2858 996 2927 παραιτούμενοι
1044 2852 1331 2924 ὁμολογεῖν,
1392 2847 1517 2902 ούδε
1568 2855 1660 2907 τήν
1711 2847 1966 2921 διαφορὰν

353 2954 461 2995 τῶν
532 2947 733 3015 φύσεων
781 2946 914 3015 μετὰ
967 2946 1061 2999 τήν
1128 2942 1309 2992 ἕνωσιν
1369 2940 1636 2999 σώζεσθαι
1687 2938 1968 3011 βούλονται

354 3033 548 3103 λέγειν.

435 3121 504 3182 ιζ
533 3126 663 3173 Τίνα
713 3124 803 3192 μεν
850 3116 938 3171 οὖν
987 3121 1179 3170 τούτων
1218 3121 1285 3170 τὰ
1334 3123 1637 3190 σχίσματα,
1689 3122 1779 3169 καὶ
1825 3122 1967 3171 πόσα
1998 3133 2038 3188 C

350 3213 635 3281 τυγχάνει,
704 3214 794 3261 καὶ
854 3214 988 3269 τίνες
1040 3210 1237 3259 τούτων
1285 3206 1585 3278 ὀνομασίαι,
1649 3212 1740 3259 καὶ
1795 3212 1847 3259 τί
1907 3210 1966 3258 τό

355 3300 586 3352 ἑκάστου
645 3304 951 3370 σχίσματος
1021 3293 1198 3367 δόγμα
1258 3305 1357 3347 τῶν
1404 3296 1615 3357 ἑαυτούς
1675 3295 1967 3349 καλούντων

355 3385 813 3458 διακρινομένους,
867 3382 959 3437 διὰ
1011 3393 1111 3437 τῶν
1176 3384 1455 3458 εἰρημένων
1520 3390 1788 3457 συντόμως
1838 3382 1968 3442 ἕδη-

353 3478 597 3547 λωσαμεν
621 3490 635 3503 ⁸
694 3475 839 3527 οὗτοι
896 3471 955 3526 δε
994 3476 1177 3534 πάντες
1224 3476 1290 3525 τὰ
1329 3470 1725 3546 ἐπιτηδεύματα
1761 3473 1968 3546 Ἀρείου

353 3585 411 3618 τε
481 3570 574 3616 καὶ
626 3573 728 3616 τῶν
779 3567 975 3615 ἐκείνου
1042 3564 1291 3635 μαθητῶν
1362 3562 1711 3630 ζηλώσαντες,
1778 3566 1971 3635 ὁμοίως

355 3654 573 3714 ἐκείνοις
630 3654 726 3716 ἔξω
774 3662 873 3705 τῶν
923 3651 1375 3710 ἐκκλησιαστικᾶηι
1417 3652 1629 3713 ἑαυτούς
1686 3652 1969 3726 περιϐόλων

354 3743 616 3799 ἐποίησαν
660 3763 671 3774 ·
729 3744 958 3793 κάκείνοι
1012 3744 1115 3814 γὰρ
1184 3745 1381 3813 μυρίας
1453 3744 1702 3811 μηχανὰς
1764 3737 1969 3793 ἐπεδεί-

356 3834 538 3895 ξαντο,
594 3832 858 3893 ἑξωθῆσαι
910 3837 1004 3891 τῆς
1066 3829 1383 3889 Ἐκκλησίας
1436 3826 1827 3889 σπουδάσαντες
1878 3834 1969 3887 τήν

355 3923 519 3993 ἁγίαν
578 3926 669 3973 καὶ
734 3921 1098 3992 οἰκουμενικήν
1174 3917 1223 3970 ἐν
1289 3924 1490 3990 Νικαίᾳ
1567 3916 1825 3971 σύνοδον·
1881 3926 1971 3973 καὶ

355 4009 509 4064 οὗτοι
557 4008 619 4063 δὲ
684 4012 869 4081 ὁμοίως
922 4009 1282 4080 πολυτρόπους
1333 4014 1656 4081 μαγγανείας
1696 4013 1785 4061 καὶ
1822 4008 1971 4080 λογο-

355 4106 570 4174 μαχίας
622 4096 979 4157 ἐπετήδευσαν
1037 4097 1276 4160 ἐξελάσαι
1331 4105 1426 4159 τῆς
1481 4096 1791 4158 Ἐκκλησίας
1836 4118 1969 4173 προ-

359 4194 681 4263 θυμούμενοι
744 4194 839 4245 τὴν
890 4188 1253 4259 οἰκουμενικήν
1309 4192 1399 4238 καὶ
1440 4186 1595 4257 ἁγίαν
1646 4185 1695 4238 ἐν
1764 4186 1969 4244 Χαλκη-

359 4277 479 4332 δόνι
524 4275 766 4331 σύνοδον,
803 4276 940 4330 Ἀλλ’
992 4278 1113 4349 ὅπερ
1173 4278 1308 4327 κατὰ
1357 4285 1455 4327 τῶν
1504 4275 1667 4346 ἁγίων
1728 4280 1969 4349 Πατέρων

357 4368 758 4434 ἐϐουλεύσαντο,
813 4366 885 4426 εἰς
935 4365 1127 4426 αύτούς
1172 4366 1202 4421 ἠ
1262 4367 1373 4417 θεία
1412 4369 1727 4438 περιέστησε
1772 4365 1966 4436 ψῆφος,

355 4458 456 4519 ἔξω
502 4477 603 4509 που
656 4465 757 4509 τῶν
814 4454 1267 4511 ἐκκλησιαστικῶν
1324 4453 1515 4514 αύτούς
1579 4460 1971 4511 καταστήσασα
2001 4489 2044 4542 D

356 4546 648 4622 περιϐόλων
710 4567 722 4577 ·
794 4545 1060 4602 ἠκόνησαν
1128 4546 1231 4616 γὰρ
1303 4548 1394 4600 τήν
1476 4542 1710 4613 γλῶτταν
1778 4543 1969 4610 αὐτῶν,

356 4639 500 4688 κατὰ
557 4638 615 4687 τό
662 4638 1042 4707 γεγραμμένον,
1104 4634 1229 4683 ὡσεὶ
1269 4635 1427 4703 ὄφεως
1461 4652 1473 4664 ο
1530 4630 1774 4684 ἐνέτειναν
1822 4632 1969 4695 τόξον

360 4726 536 4777 αὐτῶν
587 4730 808 4796 πρᾶγμα
846 4725 1032 4794 πικρόν
1082 4728 1174 4772 τού
1219 4720 1603 4783 κατατοξεῦσαι
1652 4720 1699 4773 ἐν
1731 4720 1968 4793 ἀποκρύ-

360 4836 473 4887 φοις
538 4816 774 4885 ἄμωμον,
844 4810 1202 4886 ἐκραταίωσαν
1258 4810 1437 4871 αὐτοῖς
1502 4810 1649 4881 λόγον
1720 4814 1965 4883 πονηρόν,

362 4901 699 4973 διηγήσαντο
751 4908 844 4953 τοῦ
902 4900 1106 4974 κρύψαι
1152 4897 1389 4969 παγίὸω
1437 4895 1603 4964 εἶπαν,
1645 4902 1730 4958 Τίς
1786 4898 1968 4969 ἅψεται

359 4995 590 5053 auro-3;;
662 4990 1012 5063 ἐξηρεύνησαν
1075 4988 1305 5061 ἀνομίας,
1379 4988 1606 5051 ἐξέλιπον
1673 4988 1968 5061 ἐξερευνῶν-

356 5104 442 5145 τες
474 5082 855 5155 ἑξερευνήσεις·
902 5079 1031 5131 ἀλλὰ
1078 5080 1213 5131 κατὰ
1268 5083 1354 5130 τόν
1412 5081 1542 5130 θεῖον
1599 5077 1766 5148 λόγον,
1821 5078 1970 5140 Βέλος

356 5179 558 5231 νηπίων
601 5172 921 5242 ἐγενηθησαν
965 5171 1020 5220 αἰ
1063 5168 1262 5238 πληγαὶ
1306 5167 1496 5231 αύτὼν,
1548 5172 1636 5217 καὶ
1691 5166 1970 5228 ἐξησθένη-

359 5283 459 5317 σαν
502 5260 580 5314 ὶπῖ
634 5260 818 5319 αὐτούς
862 5260 917 5310 αὶ
963 5257 1207 5328 γλῶσσαι
1264 5256 1469 5307 αὐτῶν·
1504 5260 1593 5307 καὶ
1646 5252 1969 5326 διεσχίσθη-

357 5372 479 5411 σαν,
522 5356 614 5401 καὶ
671 5349 730 5401 ού
782 5350 1140 5418 κατενύγησαν
1167 5364 1177 5375 ·
1214 5346 1487 5420 ηὐφράνθη
1524 5342 1582 5397 δε
1618 5347 1647 5403 ἡ
1692 5354 1783 5398 τού
1835 5354 1970 5399 Θεοῦ

357 5439 672 5508 Ἐκκλησία,
728 5442 819 5495 τήν
870 5447 969 5488 τῶν
1009 5436 1172 5506 ἁγίων
1220 5439 1466 5509 Πατέρωυ
1532 5430 1808 5492 ἐκδίκησιν
1852 5437 1971 5487 Θεω-

356 5536 581 5603 ρήσασα
624 5545 636 5556 ·
669 5532 759 5578 καὶ
789 5526 975 5597 ὑψώθη
1010 5526 1035 5576 ό
1068 5528 1195 5585 Θεὸς
1221 5533 1315 5586 τῆς
1359 5522 1621 5592 ἀληθείας,
1662 5534 1761 5575 τῶν
1792 5525 1970 5581 ἐκκλη-

434 5728 451 5761 ¹
488 5722 644 5779 Psal.
686 5735 841 5786 LXIII,
876 5724 930 5789 8,
967 5725 1020 5778 9.
1134 5723 1156 5756 ²
1181 5720 1336 5778 Psal.
1363 5735 1562 5787 xxxnv,
1599 5723 1680 5775 l6.

2159 1787 2237 1838 16.
2288 1783 2397 1839 Alii
2451 1784 2747 1851 Severitze,
2792 1801 3013 1857 nempe
3061 1784 3480 1852 Theodosiani,
3528 1784 3634 1859 qui
3674 1785 3732 1841 et

2079 1872 2347 1932 Niobitaa.
2378 1872 2484 1944 qui
2514 1874 2798 1929 Severum
2830 1878 2887 1929 et
2912 1874 3313 1930 Theodosium
3348 1874 3725 1946 recipientes,

2076 1961 2371 2032 recipiunt
2408 1961 2587 2016 etiam
2632 1962 3003 2034 Stephanum
3056 1963 3419 2035 Sophistam,
3470 1962 3729 2019 Niobum

2076 2050 2435 2118 cognomine
2470 2068 2483 2105 :
2536 2050 2576 2105 ii
2612 2066 2753 2106 vero
2792 2051 2853 2107 in
2905 2052 3028 2108 suis
3071 2052 3148 2107 de
3188 2054 3353 2107 Patre
3385 2056 3443 2107 et
3486 2050 3631 2107 Filio
3674 2055 3732 2108 et

2079 2138 2295 2210 Spiritu
2321 2144 2533 2195 sancto
2564 2140 2873 2195 sententiis
2906 2139 3279 2196 concordant
3325 2156 3466 2196 cum
3510 2142 3729 2196 Conto-

2075 2228 2340 2283 babditis
2373 2234 2429 2284 et
2455 2229 2760 2297 Agnoetis,
2792 2230 2853 2285 in
2886 2246 3000 2286 sua
3020 2234 3222 2287 autem
3254 2230 3328 2286 de
3352 2228 3731 2285 Providentia

2076 2316 2350 2372 doctrina
2379 2317 2738 2373 dissentiunt
2766 2334 2890 2374 non
2919 2318 3103 2375 modo
3133 2319 3212 2375 ab
3260 2318 3393 2389 illis,
3427 2319 3533 2375 sed
3564 2322 3621 2373 et
3650 2318 3729 2374 ab

2077 2405 2207 2460 aliis
2237 2406 2559 2471 omnibus;
2588 2422 2803 2462 omnes
2823 2408 2985 2463 enim
3006 2407 3161 2465 duas
3181 2414 3431 2465 naturas
3458 2408 3521 2463 in
3566 2406 3726 2463 Chri-

2077 2494 2151 2549 sti
2205 2495 2492 2566 mysterio
2524 2499 2663 2566 post
2702 2496 2991 2552 unionem
3054 2496 3221 2553 nulla
3264 2497 3497 2553 ratione
3530 2495 3730 2552 dicere

2073 2582 2283 2638 volunt
2309 2601 2322 2648 ;
2351 2583 2794 2641 distinctionem
2825 2589 3027 2641 tamen
3054 2591 3412 2642 naturarum
3443 2584 3730 2641 conﬁten-

2076 2676 2172 2725 tur
2201 2677 2422 2743 etpost
2454 2674 2771 2739 unionem;
2794 2674 2834 2728 ii
2860 2680 3061 2730 autem
3103 2674 3259 2731 duas
3301 2680 3550 2731 naturas
3588 2676 3730 2746 post

2076 2761 2363 2815 unionem
2417 2762 2685 2817 conﬁteri
2728 2762 3021 2832 nolentes,
3064 2779 3262 2837 neque
3326 2762 3728 2819 differentiam

2075 2855 2431 2906 naturarum
2456 2857 2595 2923 post
2626 2854 2914 2908 unionem
2946 2855 3170 2909 servari
3199 2853 3396 2909 dicere
3426 2852 3657 2910 volunt.

2153 3120 2237 3171 t7.
2271 3116 2560 3178 Quaenam
2603 3119 2725 3175 sint
2774 3119 2955 3189 igitur
2997 3135 3209 3176 eorum
3262 3123 3439 3177 secta;
3487 3122 3545 3176 et
3585 3122 3735 3193 quot

2077 3207 2471 3279 reperiantur,
2502 3214 2559 3264 et
2593 3226 2730 3282 qua:
2772 3226 2984 3265 eorum
3024 3210 3391 3280 cognomina
3431 3214 3487 3266 et
3533 3209 3735 3283 quod-

2078 3312 2222 3351 nam
2271 3298 2749 3370 uniuscujusque
2793 3298 3021 3371 dogma
3068 3315 3279 3355 eorum
3333 3300 3440 3371 qui
3498 3299 3733 3371 seipsos

2077 3386 2495 3458 discrepantes
2538 3389 2874 3454 nominant,
2924 3389 2995 3443 iis
3020 3387 3282 3443 breviter
3306 3388 3479 3443 dictis
3508 3387 3736 3443 indica-

2077 3475 2297 3530 vimus.
2322 3474 2402 3529 llli
2425 3480 2627 3531 autem
2647 3492 2859 3531 omnes
2885 3476 3005 3531 Arii
3021 3477 3276 3549 ejusque
3297 3475 3736 3550 discipulorum

2079 3563 2349 3619 instituta
2379 3564 2754 3633 aemulantes,
2777 3566 3304 3637 quemadmodum
3334 3570 3392 3622 et
3414 3566 3473 3627 ii.
3502 3565 3736 3638 seipsos

2078 3657 2245 3708 extra
2273 3652 2749 3709 ecclesiasticum
2786 3654 2987 3709 sinum
3015 3654 3232 3710 fecere.
3267 3659 3457 3727 Atque
3492 3653 3575 3710 illi
3602 3670 3737 3710 sex-

2078 3748 2254 3797 centa
2278 3742 2602 3798 machinati
2622 3747 2761 3799 sunt
2786 3749 2852 3799 ut
2871 3760 2943 3799 ex
2970 3743 3221 3800 ecclesia
3246 3743 3533 3816 repellere
3560 3759 3739 3799 cona-

2079 3836 2286 3886 rentur
2321 3836 2597 3887 sanctam
2638 3836 2696 3887 et
2726 3833 3165 3888 mcumenicam
3202 3833 3506 3889 Niceenam
3548 3848 3737 3905 syno-

2078 3920 2247 3985 dum;
2268 3926 2325 3975 et
2340 3920 2376 3975 ii
2395 3920 2663 3977 similiter
2678 3921 3038 3995 multiplices
3052 3923 3386 3996 praestigias
3404 3922 3741 3992 etlogoma-

2079 4010 2247 4065 chias
2270 4011 2603 4067 adhibuere
2633 4016 2698 4068 ut
2711 4012 2790 4069 ab
2807 4012 3063 4071 ecclesia
3084 4013 3365 4071 ardenter
3383 4011 3742 4086 repellerent

2080 4101 2518 4157 (ecumenicam
2555 4106 2610 4157 et
2644 4106 2922 4158 sanctam
2966 4102 3525 4159 Chalcedonensem
3557 4116 3741 4175 syno-

2079 4188 2369 4245 dum.Sed
2391 4190 2558 4261 quod
2576 4190 2639 4245 in
2660 4196 2902 4247 sanctos
2925 4191 3129 4248 Patres
3151 4190 3482 4248 machinati
3509 4192 3741 4259 sunt,in

2079 4276 2212 4332 illos
2234 4277 2440 4334 divina
2458 4280 2752 4336 convertit
2777 4281 3095 4348 sententia,
3116 4297 3221 4337 eos
3239 4286 3407 4337 extra
3425 4280 3741 4337 ecclesias-

2078 4366 2263 4422 ticum
2287 4383 2505 4440 gyrum
2536 4370 2928 4426 constituens.
2956 4375 3260 4426 Acuerunt
3279 4369 3441 4426 enim
3465 4369 3740 4440 linguam

2078 4472 2276 4521 suam,
2312 4462 2373 4513 ut
2394 4457 2624 4515 dictum
2650 4464 2759 4529 est,
2795 4460 2948 4515 sicut
2976 4460 3308 4533 serpentis;
3349 4458 3741 4515 intenderunt

2078 4559 2291 4601 arcum
2321 4561 2523 4615 suum,
2556 4563 2681 4603 rem
2711 4562 3010 4614 amaram,
3044 4553 3109 4604 ut
3134 4548 3486 4619 sagittarent
3512 4547 3574 4603 in
3603 4546 3741 4604 abs-

2078 4634 2336 4691 conditis
2386 4636 2978 4708 irreprebensibilem
3032 4636 3580 4694 corroboraverth
3622 4636 3737 4693 sibi

2076 4724 2330 4778 verbum
2355 4724 2605 4787 malum.
2620 4731 3021 4783 narraverunt
3040 4731 3105 4782 ut
3135 4725 3581 4783 absconderent
3603 4730 3739 4783 ten-

2077 4812 2369 4876 diculam.
2410 4813 2726 4871 dixerunt:
2781 4815 2925 4881 Quis
2972 4816 3225 4889 aspiciet
3270 4831 3420 4882 nos;
3469 4830 3741 4888 perscru-

2078 4904 2185 4960 tati
2237 4908 2377 4959 sunt
2448 4904 2812 4976 iniquitates,
2868 4905 3221 4962 defecerunt
3287 4911 3739 4978 perscrutantes

2080 4992 2622 5065 perscrutationes;
2658 4995 2763 5050 sed
2791 4995 2967 5067 juxta
3014 4995 3291 5052 divinum
3346 5011 3736 5053 sermonem:

2086 5104 2105 5130 ι
2151 5082 2355 5137 Telum
2408 5082 2726 5140 infantium
2777 5084 2951 5141 factm
2994 5091 3135 5141 sunt
3180 5086 3377 5158 plagae
3425 5101 3637 5142 eorum
3683 5090 3744 5142 et

2080 5172 2403 5228 inﬁrmatae
2436 5179 2579 5229 sunt
2626 5180 2836 5231 contra
2870 5191 2975 5232 eos
3005 5176 3228 5247 linguae
3266 5179 3552 5242 eorum’;
3587 5198 3616 5227 »
3657 5175 3743 5233 di-

2080 5262 2194 5317 visi
2253 5269 2394 5319 sunt
2440 5269 2498 5319 et
2539 5280 2662 5320 non
2714 5271 2853 5321 sunt
2910 5267 3260 5339 compuncti
3284 5270 3329 5319 ².
3376 5268 3601 5324 Laetata
3652 5272 3746 5325 est

2084 5354 2287 5408 autem
2322 5353 2423 5407 Dei
2462 5353 2746 5421 Ecclesia,
2796 5354 2945 5411 dum
2991 5361 3343 5412 sanctorum
3381 5358 3627 5412 Patrum
3656 5356 3751 5433 ul:

2082 5439 2305 5496 tionem
2352 5444 2882 5521 contemplaretur.
2940 5448 3005 5501 Et
3044 5445 3412 5516 gloriﬁcatus
3452 5450 3541 5502 est
3588 5448 3747 5503 Deus

2080 5529 2347 5585 veritatis
2374 5574 2387 5599 ,
2411 5530 2560 5587 dum
2593 5532 2998 5591 ecclesiastica
3027 5535 3319 5605 dogmata
3347 5536 3747 5592 incommuta-
