4508 6436
821 414 889 468 55
2168 405 2438 465 NICETE
2476 370 2846 463 CHONIATrE
4014 402 4017 409 ί
4118 407 4185 461 56

819 533 1005 591 bilem
1035 532 1374 604 acciperent
1400 530 1745 589 ﬁrmitatem
1788 547 1860 588 ac
1890 532 2272 589 soliditatem.
2320 532 2468 588 San-
2499 530 2548 584 Α
2587 548 2599 580 ι

2406 545 2468 586 n-
2499 530 2548 584 Α
2587 536 2876 583 σιαστικῶν
2909 524 3190 602 δογμάτων
3216 527 3417 604 ἀρῥαγῆ
3481 528 3741 581 λαϐόντων
3798 527 4083 601 βεϐαίωσιν
4132 547 4186 583 τε

822 626 918 679 cta
937 621 1116 692 igitur
1148 624 1205 677 et
1234 621 1608 677 oeeumenica
1635 619 2011 677 Chalcedone
2040 620 2251 677 habita
2294 634 2473 691 syno-
2582 637 2602 669 ι

2404 635 2473 676 ,οι
2582 621 2670 669 καὶ
2697 621 3017 689 nar/torum.
3058 615 3114 671 Ἦ
3174 618 3299 690 ἁγία
3333 614 3382 670 δ’
3419 614 3505 670 οὖν
3555 623 3643 672 καὶ
3692 617 4021 675 οὶκουιιενικη
4066 619 4184 669 σύν-

821 710 938 766 dus
961 709 1216 765 breviter
1237 726 1446 765 eorum
1478 708 1753 765 meminit
1781 725 1918 782 quae
1948 709 2109 765 dicta
2136 713 2278 764 sunt
2297 708 2375 764 ab
2402 708 2474 764 iis
2582 724 2601 759 ι

2402 708 2474 764 iis
2582 701 2705 771 οδος
2730 708 2760 764 ἡ
2796 705 2844 758 ἓν
2890 703 3193 768 Χαλκηδόνι
3234 713 3482 763 συστᾶσα
3520 703 3615 761 διά
3663 704 3908 780 βραχέων
3948 704 4180 777 ἐμνήσθη

821 799 926 870 qui
948 814 1135 855 unam
1156 798 1215 853 in
1249 798 1478 854 Christo
1500 802 1782 854 naturam
1808 798 2210 870 compoSitam
2232 797 2471 853 docent.
2583 813 2601 846 τ

2403 800 2471 853 1t.
2583 801 2682 847 τῶν
2710 792 2989 867 λεγομένων
3054 796 3155 848 ὑπὸ
3202 803 3301 849 τῶν
3340 799 3462 867 μίαν
3506 794 3590 847 ἐπὶ
3646 801 3881 869 Χριστοῦ
3932 790 4183 857 δοξαζόν-

822 889 971 944 Eam
1001 901 1200 961 porro,
1235 892 1301 943 ut
1348 902 1421 943 ex
1464 886 1671 943 multis
1708 902 1905 960 pauca
1934 887 2157 947 dicam.
2210 890 2471 942 mentem
2583 902 2602 937 τ

2407 902 2471 941 .m
2583 902 2683 937 των
2748 886 2903 956 φύσιν
2954 885 3195 939 σύνθετον
3226 900 3240 915 ο
3300 884 3403 938 εἰσί
3453 881 3530 952 δε,
3573 886 3640 947 ὡς
3696 882 3751 936 ἐκ
3796 882 3992 939 πολλῶν
4034 882 4187 955 ὀλίγα

822 975 1109 1032 exhibent
1147 990 1282 1047 quae
1335 974 1395 1030 in
1446 974 1676 1048 proprii
1732 974 2033 1045 dogmatis
2063 973 2475 1031 delensionem
2587 990 2602 1024 ι

2405 990 2475 1029 :m
2587 970 2769 1041 εἰπεῖν,
2824 975 3073 1036 τοιαύτης
3120 971 3309 1034 ἐννοίας
3356 972 3600 1046 ἐχόμενα,
3651 972 3779 1047 οἷπερ
3830 972 3901 1034 εἰς
3953 990 4185 1043 συνηγο-

820 1064 1003 1137 impie
1028 1069 1395 1138 proponunt.
2584 1080 2600 1136 ε

2584 1065 2703 1136 ρίαν
2743 1068 2834 1114 τοῦ
2866 1061 3058 1117 οἰκείου
3088 1058 3350 1136 δόγματος
3381 1060 3577 1125 ἀσεϐῶς
3605 1063 3932 1145 προτιθέασι.

825 1206 1135 1277 Expositio
1161 1207 1597 1263 nonnullorum
1648 1206 1913 1276 capitum
1951 1221 1989 1264 a
2037 1204 2478 1277 Monophysitis
2587 1204 2605 1219 ”

2404 1205 2478 1262 (is
2587 1204 2832 1268 ’Έκθεσις
2882 1214 3032 1259 τινῶν
3086 1206 3372 1280 κεφαλαίων
3420 1206 3842 1281 προϐαλλομένων
3889 1208 4034 1282 παρά
4085 1214 4184 1259 τῶν

1418 1296 1886 1365 propositorum.
3187 1304 3198 1349 1

1798 1312 1864 1351 im
1875 1338 1886 1350 .
3187 1304 3557 1369 Μονοςδυσιτῶν
3568 1338 3578 1352 .

902 1405 985 1457 18.
1028 1404 1234 1458 Utrum
1284 1418 1357 1457 ex
1406 1401 1667 1457 duarum
1719 1402 1781 1457 in
1838 1401 2066 1457 Christo
2123 1406 2479 1458 naturarum
2663 1424 2679 1455 ι

2405 1418 2479 1457 tm
2663 1401 2750 1462 ιη’.
2802 1408 3022 1477 Πότερον
3080 1403 3135 1456 ἐκ
3172 1414 3260 1467 τῆς
3312 1413 3410 1456 τῶν
3471 1404 3555 1457 ἐπὶ
3610 1412 3845 1479 Χριστοῦ
3902 1404 4185 1477 λεγομένων

826 1489 1048 1546 unione
1076 1488 1301 1546 factum
1328 1488 1663 1561 estaliqmd
1694 1505 1908 1557 unum,
1937 1490 2186 1546 annon?
2214 1490 2269 1545 Si
2300 1490 2482 1559 igitur
2591 1489 2606 1545 ὲ

2414 1506 2482 1545 ur
2591 1488 2688 1545 δύο
2720 1495 2921 1565 φύσεων
2962 1493 3185 1554 ενὼσεως
3216 1497 3392 1565 γέγονέ
3428 1514 3481 1547 τι
3520 1494 3589 1563 ἑν,
3637 1495 3665 1554 ἡ
3720 1498 3817 1558 0-3;
3860 1493 3918 1548 Εἰ
3959 1499 4047 1565 μὲν
4098 1495 4185 1546 οὖν

824 1594 949 1635 non
982 1578 1057 1634 sit
1080 1578 1305 1635 factum
1330 1578 1560 1651 aliquid
1593 1595 1807 1647 unum,
1836 1579 2148 1652 quomodo
2182 1585 2238 1634 et
2276 1578 2480 1635 unitas
2590 1602 2604 1654 ι

2413 1595 2480 1635 as
2590 1586 2660 1654 μὴ
2712 1585 2890 1652 γέγονέ
2945 1602 2997 1635 τι
3048 1582 3103 1645 ἐξ
3156 1585 3322 1634 αύτὼν
3377 1582 3446 1651 ἐν,
3499 1592 3609 1644 πῶς
3652 1586 3742 1634 καὶ
3786 1584 4020 1641 ἡνῶσθαι
4059 1582 4185 1647 ὅλως

824 1667 1007 1723 fuisse
1049 1683 1153 1722 eas
1199 1668 1513 1723 dicemus?
1545 1667 1697 1733 Quid
1750 1668 1908 1723 enim
1963 1674 2053 1724 est
2112 1667 2275 1723 aliud
2326 1668 2480 1724 uniri
2590 1691 2604 1722 ι

2403 1668 2480 1724 ηἰΓὶ
2590 1670 2749 1731 αύτάς
2788 1669 3027 1745 ἐιοούμενς
3069 1677 3132 1726 Τί
3183 1674 3283 1746 γὰρ
3344 1671 3466 1723 illo
3516 1670 3717 1724 ἔστιτὸ
3765 1673 4001 1730 ἡνῶσθαι
4050 1673 4076 1730 ἡ
4126 1674 4183 1723 τό

824 1772 1014 1830 quam
1046 1770 1234 1811 unum
1267 1755 1395 1811 ﬁeri
1416 1757 1443 1812 ?
1473 1759 1600 1812 Non
1623 1756 1786 1813 enim
1816 1772 1923 1829 per
1949 1757 2476 1823 illuminationem,
2590 1758 2604 1811 ἒ

2410 1774 2476 1823 1),
2590 1758 2637 1811 ἓν
2662 1764 2961 1832 γεγονέναι;
2995 1756 3119 1814 ούὸὲ
3160 1763 3261 1835 γὰρ
3302 1761 3416 1813 κατ’
3478 1760 3752 1833 ἔλλαθι-ριν,
3808 1763 3872 1820 ὡς
3925 1759 4009 1811 ἐπὶ
4063 1779 4190 1832 προ-

825 1850 890 1901 ut
920 1844 995 1900 de
1039 1844 1367 1917 prophetis,
1408 1844 1694 1901 unionem
1739 1846 2119 1902 conﬁtemur.
2170 1846 2224 1901 Si
2278 1850 2478 1900 autem
2513 1884 2550 1937 Β
2591 1868 2605 1920 ε

2407 1861 2478 1900 2m
2513 1884 2550 1937 Β
2591 1855 2779 1920 φητῶν,
2825 1847 3172 1921 ὁμολογοῦμεν
3230 1853 3322 1908 τὴν
3384 1850 3598 1901 ἕνωσιν·
3636 1849 3678 1903 εἰ
3726 1845 3776 1901 δ’
3832 1848 3886 1901 ἐκ
3932 1857 4022 1909 τῆς
4072 1848 4187 1903 ἐνὼ-

824 1949 898 1990 ex
914 1933 1173 1990 duarum
1188 1939 1542 1990 naturarum
1557 1934 1777 1990 unione
1808 1950 1998 1989 unum
2016 1933 2479 2006 aliquidfactum
2514 1933 2543 1937 ⁷
2591 1957 2604 1988 ι

2409 1950 2479 1989 tm
2514 1933 2543 1937 ⁷
2591 1956 2717 1999 σεως
2777 1946 2875 1989 τῶν
2931 1934 3026 1989 δύο
3094 1941 3294 2011 φύσεων
3350 1939 3398 1993 ἓν
3456 1958 3508 1989 τι
3558 1942 3755 2011 γέγονε,
3808 1939 3861 1989 τί
3900 1957 4024 1994 ποτε
4084 1940 4189 2013 ἄρα

826 2028 937 2092 est,
968 2022 1115 2091 quid
1162 2022 1340 2093 igitur
1381 2028 1471 2079 est
1515 2022 1680 2079 aliud
1707 2024 1947 2079 unum?
1999 2025 2202 2080 Utrum
2253 2038 2476 2078 nomen
2586 2045 2606 2084 τ

2404 2038 2476 2078 en
2586 2030 2739 2084 τοῦτὸ
2798 2024 2909 2078 ἐστι
2970 2030 3028 2078 τὸ
3088 2026 3180 2095 iv;
3245 2031 3465 2103 Πότερον
3524 2031 3684 2099 ὄνομα
3742 2032 3894 2100 μόνον
3933 2027 4107 2099 ψιλὸν,
4154 2029 4182 2089 ᾖ

823 2127 1159 2180 vanum,an
1176 2128 1269 2168 res
1285 2112 1311 2166 ‘I
1333 2112 1390 2169 Si
1414 2112 1595 2182 igitur
1615 2128 1836 2169 nomen
1855 2112 2240 2169 solummodo
2256 2128 2479 2168 vanum
2589 2135 2603 2167 τ

2409 2128 2479 2167 ιω
2589 2120 2837 2188 πρᾶγμα;
2882 2115 2941 2168 Εἰ
2979 2118 3068 2187 μὲν
3099 2112 3185 2167 οὖν
3218 2120 3378 2190 ὄνομα
3424 2136 3576 2189 μονον
3623 2116 3774 2190 ψιλὸν
3815 2120 3891 2176 εἴη
3941 2120 4189 2192 πράγμα-

824 2206 979 2258 esset
999 2201 1125 2258 sine
1142 2217 1364 2269 re,non
1378 2206 1579 2258 essent
1599 2203 2051 2267 unitasnaturas;
2081 2200 2480 2274 quemadmo-
2590 2225 2604 2258 τ

2409 2217 2480 2257 ιο-
2590 2225 2673 2266 τος
2708 2211 2895 2278 χωρὶς,
2928 2206 3020 2257 ούκ
3051 2207 3112 2257 ιὶν
3150 2202 3246 2260 εἶεν
3292 2209 3347 2258 αἱ
3378 2210 3559 2281 φύσεις
3606 2209 3863 2281 ἡνωμέναι
3897 2223 3910 2237 ’
3954 2210 4022 2269 ὡς
4066 2204 4189 2261 ούδὶ

823 2291 972 2347 dum
994 2296 1052 2348 et
1082 2291 1352 2347 sidereus
1383 2291 1553 2348 canis
1585 2294 1644 2347 et
1671 2291 1986 2361 terrestris,
2018 2307 2126 2363 per
2151 2290 2346 2346 solum
2378 2306 2481 2346 no-
2591 2298 2603 2347 ε

2408 2306 2481 2346 ιο·
2591 2296 2616 2347 ὀ
2649 2294 2881 2369 ἀστρῷος
2928 2299 3064 2347 κύων
3112 2300 3202 2349 καὶ
3242 2298 3267 2348 ὁ
3324 2304 3593 2371 χερσαῖος,
3634 2299 3771 2350 κατὰ
3833 2296 3984 2368 ψιλὸν
4036 2302 4188 2371 μόνον

825 2395 967 2436 men
989 2380 1279 2437 unitatem
1303 2379 1622 2449 habentes,
1667 2394 1791 2435 non
1825 2379 1971 2436 uniti
2003 2384 2141 2435 sunt
2172 2395 2278 2451 per
2309 2382 2480 2435 natu-
2591 2403 2605 2436 1

2410 2396 2480 2435 .u-
2591 2392 2820 2457 τοῦνομα
2858 2387 2917 2436 τὸ
2972 2383 3020 2438 ἓν
3069 2388 3295 2459 ἔχοντες,
3349 2387 3599 2458 ἡνωμένοι
3664 2388 3799 2439 κατά
3862 2388 3955 2449 τὰς
4010 2389 4190 2458 φύσεις

822 2485 946 2536 ras,
969 2483 1167 2542 neque
1197 2468 1374 2525 realis
1398 2469 1585 2525 homo
1598 2472 1655 2525 et
1682 2470 1787 2542 qui
1802 2468 2126 2542 inscriptus
2157 2473 2277 2524 est:
2303 2468 2352 2523 si
2377 2467 2480 2537 igi-
2592 2494 2602 2525 τ

2411 2467 2480 2537 ζί·
2592 2475 2973 2546 τυγχάνουσιν,
3030 2472 3147 2528 ούδ¹
3197 2477 3222 2527 ὀ
3284 2474 3523 2538 ἀληθινὸς
3574 2477 3972 2551 ἄνθρωποςκαὶ
4023 2477 4048 2528 ό
4108 2496 4191 2549 γε·

823 2562 920 2615 tur
941 2562 1171 2615 naturae
1198 2559 1260 2614 in
1290 2561 1591 2631 quantum
1618 2562 1758 2614 sunt
1804 2557 2113 2627 uniuntur,
2162 2562 2218 2614 et
2244 2556 2380 2612 ideo
2410 2572 2481 2611 ex
2590 2585 2603 2636 τ

2411 2572 2481 2611 ex
2590 2569 2882 2637 γραμμένος
2923 2580 2936 2595 '
2971 2564 3156 2617 ούκοῡν
3197 2565 3240 2618 εἰ
3288 2567 3343 2618 αἱ
3382 2568 3563 2637 φύσεις
3609 2567 3739 2618 καθὸ
3778 2568 3837 2619 τὸ
3868 2564 3997 2619 εἶναι
4035 2565 4191 2637 ἔχου-

823 2662 1037 2704 earum
1055 2646 1300 2712 unione,
1316 2661 1537 2719 nempe
1555 2646 2013 2719 compositione,
2033 2662 2224 2703 unum
2253 2644 2483 2717 aliquid
2595 2675 2603 2703 ι

2407 2644 2483 2700 lid
2595 2672 2677 2705 σιν
2704 2655 2999 2720 ἠνώθησαν,
3032 2658 3123 2706 καὶ
3163 2649 3255 2708 διὰ
3310 2654 3463 2707 τοῦτο
3500 2654 3553 2707 ἐκ
3592 2663 3688 2717 τῆς
3726 2654 3954 2719 ἑνὼσεως
3995 2656 4187 2724 αὐτῶν,

819 2736 995 2793 facta:
1014 2739 1176 2804 sunt,
1194 2750 1317 2791 non
1340 2734 1401 2790 id
1427 2739 1516 2792 est
1542 2751 1773 2791 vanum
1799 2735 2159 2803 nomen,sed
2184 2735 2479 2791 res.Siau-
2592 2752 2599 2793 τ

2408 2750 2479 2789 »ιι-
2592 2746 2754 2813 ἤγουν
2824 2744 3132 2810 συνθέσεως,
3204 2744 3253 2797 ἓν
3314 2764 3363 2797 τι
3426 2748 3662 2815 γέγονεν,
3714 2744 3808 2797 ουκ
3869 2746 3974 2820 ἄρα
4037 2744 4188 2817 ψιλὸν

819 2831 940 2883 tem
971 2840 1088 2893 res,
1112 2830 1315 2881 utrum
1340 2825 1404 2881 id
1433 2829 1651 2882 natura
1676 2828 1784 2896 est,
1815 2840 2035 2897 nempe
2063 2824 2481 2890 essentia,esse
2593 2852 2599 2881 ι

2407 2838 2481 2879 sse
2593 2834 2752 2903 ὄνομα
2803 2839 2957 2884 τοῦτο
3019 2831 3179 2899 ἔστιν,
3229 2831 3358 2885 ἀλλά
3403 2839 3661 2907 πρᾶγμα’
3723 2833 3766 2887 εἰ
3832 2830 3891 2887 δὲ
3946 2839 4187 2909 πρᾶγμα,

818 2915 1050 2988 aliquid
1079 2930 1155 2970 ex
1186 2914 1535 2971 substantias
1579 2913 2035 2970 accidentibus?
2066 2914 2246 2984 Igitur
2285 2914 2334 2969 si
2375 2928 2483 2986 per
2594 2942 2598 2975 ς

2410 2928 2483 2968 ’61⁵
2594 2926 2805 2998 πότερον
2835 2926 2993 2994 φύσις
3024 2925 3137 2977 ἐστὶ
3192 2931 3366 2991 τοῦτο,
3418 2929 3577 2995 ἤγουν
3616 2925 3792 2990 οὐσία,
3854 2926 3883 2984 ἡ
3935 2933 4034 2979 τῶν
4073 2931 4190 2999 περὶ

819 3005 1020 3079 ipsum
1050 3019 1184 3061 esse
1214 3008 1445 3060 natum
1475 3004 1655 3059 unitas
1692 3008 1853 3071 sunt,
1890 3007 1947 3059 et
1988 3004 2125 3059 ideo
2159 3020 2350 3060 unum
2381 3002 2483 3060 ali-
2590 3032 2599 3059 τ

2408 3002 2483 3060 Lll-
2590 3016 2682 3070 τὴν
2737 3011 2921 3065 οὐσίαν
2960 3032 3013 3065 τι
3063 3011 3508 3085 συμϐεϐηκότων;
3570 3014 3771 3067 Οὐκοῦν
3812 3014 3855 3067 εἰ
3898 3013 4010 3068 κατ’
4066 3015 4188 3067 αὐτὸ

816 3094 967 3168 quid
1011 3109 1083 3151 ex
1129 3109 1339 3150 earum
1378 3094 1602 3150 unione
1648 3092 1971 3166 perﬁcitur,
2025 3108 2223 3166 neque
2252 3110 2481 3151 vanum
2592 3123 2596 3133 ι

2409 3112 2481 3151 ιω
2592 3105 2650 3154 τὸ
2678 3097 2805 3154 εἶναι
2846 3105 3026 3174 φύσεις
3076 3104 3374 3169 ἠνώθησαν,
3405 3108 3494 3156 καὶ
3544 3100 3639 3155 διὰ
3679 3112 3832 3157 τούτο
3862 3108 3922 3157 τό
3972 3102 4019 3156 ἓν
4048 3107 4105 3156 τὸ
4136 3103 4189 3156 ἐκ

817 3198 1046 3241 nomen
1078 3187 1186 3249 est,
1220 3198 1417 3256 neque
1457 3182 1807 3239 substantiae
1850 3181 2166 3255 quoddam
2199 3184 2481 3241 accidens
2512 3235 2553 3289 C
2590 3210 2597 3222 -

2409 3201 2481 3241 ns
2512 3235 2553 3289 C
2590 3198 2684 3253 τῆς
2746 3190 2973 3255 ἑνώσεως
3036 3191 3206 3245 ἀύτῶν
3258 3190 3592 3247 ἀποτελεσθὶν
3659 3197 3776 3246 οὔτε
3841 3192 3994 3264 ψιλόν
4051 3192 4188 3247 ἐστιν

822 3278 877 3330 et
908 3288 1313 3346 consequens,
1344 3270 1838 3329 concludendum
1880 3276 1969 3327 est
2017 3271 2167 3327 illud
2214 3288 2344 3330 esse
2393 3290 2482 3330 es-
2512 3270 2553 3289 ν
2593 3301 2602 3331 ι

2405 3290 2482 3330 35-
2512 3270 2553 3289 υ
2593 3284 2773 3353 ὄνομα,
2808 3284 2921 3335 οὔτε
2964 3280 3293 3353 συμϐεϐηκός
3348 3301 3399 3335 τι
3447 3288 3535 3335 καὶ
3588 3281 4039 3357 παρακολούθημα
4085 3285 4185 3355 φύ-

816 3362 1073 3419 sentiam
1127 3367 1232 3419 aut
1278 3366 1562 3419 naturam
1611 3378 1624 3417 :
1694 3361 2101 3433 supponimus
2161 3377 2324 3419 nunc
2374 3380 2483 3436 per
2595 3403 2596 3412 η

2403 3380 2483 3420 ter
2595 3388 2738 3437 σεως,
2796 3369 3027 3423 λείπεται
3080 3370 3134 3433 ἐξ
3199 3368 3448 3442 ἀνάγκης,
3509 3371 3695 3425 ούσίαν
3741 3368 3871 3425 εἶναι
3913 3378 4084 3442 τοῦτο,
4154 3373 4183 3432 ἦ

814 3460 1138 3525 utramque
1184 3466 1398 3508 vocem
1438 3450 1601 3508 idem
1632 3450 1979 3521 signiﬁcari,
2013 3468 2122 3524 per
2151 3454 2479 3510 essentiam

2408 3471 2479 3510 .m
2593 3462 2748 3532 φύσιν
2809 3480 2821 3493 ·
2890 3461 3085 3513 κείσθω
3120 3462 3222 3533 γάρ
3272 3481 3361 3512 νυν
3410 3456 3466 3513 δί
3493 3461 3733 3535 ἑκατέρου
3765 3463 3953 3514 ταυτὸν
3992 3466 4188 3533 σημαί-

814 3558 1037 3615 nempe
1057 3546 1431 3598 etnaturam.
1454 3541 1510 3598 Si
1530 3540 1712 3611 igitur
1740 3557 1928 3597 unum
1951 3540 2101 3597 illud
2125 3557 2199 3598 ex
2218 3542 2480 3601 duarum
2590 3569 2594 3579 η

2407 3560 2480 3601 tm
2590 3550 2791 3617 νεσθαι,
2835 3546 2929 3602 διὰ
2971 3558 3068 3613 τῆς
3097 3549 3304 3619 οὐσίας,
3345 3555 3500 3623 φημὶ,
3541 3556 3755 3612 καὶτῆς
3782 3553 4013 3623 φύσεως·
4046 3549 4089 3602 εἰ
4129 3546 4187 3604 δὲ

812 3637 1173 3690 naturarum
1221 3631 1553 3703 perfectum
1607 3630 1829 3687 unione
1861 3635 2078 3688 natura
2108 3638 2215 3705 est,
2259 3633 2482 3691 scilicet
2590 3662 2592 3667 ι

2408 3639 2482 3691 :et
2590 3641 2647 3689 τὸ
2706 3637 2753 3691 ἓν
2802 3641 2860 3691 τὸ
2910 3638 2962 3692 ἐκ
3019 3646 3114 3702 τῆς
3160 3639 3386 3701 ἐνώσεως
3433 3647 3531 3691 τῶν
3578 3636 3675 3692 δύο
3723 3643 3921 3713 φύσεων
3953 3638 4188 3692 ἀποτετε-

813 3723 1095 3790 essentia,
1145 3727 1302 3777 recte
1343 3736 1487 3792 ergo
1529 3736 1718 3777 unam
1750 3736 1885 3777 esse
1916 3726 2196 3778 naturam
2241 3724 2478 3781 Domini
2589 3726 2593 3779 ἶ

2406 3725 2478 3781 ini
2589 3726 2828 3800 λεσμένον
2868 3731 3021 3801 φύσις
3079 3731 3240 3795 ἐστὶν,
3282 3732 3444 3800 ἤγουν
3490 3728 3665 3799 ουσία,
3708 3738 3875 3791 καλῶς
3921 3730 4026 3803 ἄρα
4062 3733 4186 3802 μίαν

814 3812 1033 3868 Christi
1064 3816 1201 3884 post
1232 3811 1523 3867 unionem
1546 3810 1929 3881 conﬁtemur,
1961 3827 2321 3884 quanquam
2352 3828 2477 3870 non
2588 3839 2594 3867 ι

2407 3830 2477 3870 3n
2588 3813 2719 3869 εἶναι
2774 3822 2867 3876 τήν
2931 3821 3085 3891 φύσιν
3149 3825 3240 3871 του
3299 3822 3559 3871 Δεσπὸτου
3617 3826 3852 3891 Χριστοῦ
3910 3820 4041 3892 μετὰ
4094 3822 4187 3876 τὴν

813 3900 1176 3973 simplicem,
1219 3900 1325 3956 sed
1357 3900 1765 3973 compositam
1815 3916 1952 3957 eam
2016 3916 2148 3957 esse
2192 3902 2473 3959 dicimus.
2587 3928 2593 3958 ι

2406 3920 2473 3959 Is.
2587 3906 2771 3959 ἕνωσιν
2824 3908 3191 3981 ὁμολογοῦμεν,
3227 3907 3270 3961 εἰ
3309 3913 3398 3960 καὶ
3458 3912 3530 3981 μὴ
3581 3907 3768 3977 ἀπλῆν,
3836 3906 3963 3959 ἀλλά
4004 3909 4186 3961 σύνθε-

813 3995 1043 4048 Nomen
1064 3991 1226 4047 enim
1255 3991 1520 4046 Christus
1538 4005 1660 4046 non
1692 3995 1887 4063 potest
1912 3990 2225 4063 utriusque
2246 3997 2476 4049 naturae
2586 4015 2593 4026 ·

2408 4009 2476 4049 rae
2586 4015 2671 4048 τον
2704 3996 2832 4050 εἶναι
2860 4000 3055 4056 ταύτην
3114 4001 3275 4070 φαμέν
3319 4016 3331 4029 ·
3364 4001 3421 4050 τὸ
3480 4000 3581 4072 γὰρ
3628 4001 3855 4072 Χριστὸς
3898 4001 4059 4069 ὄνομα
4087 4005 4188 4051 τῶν

810 4078 1207 4135 indicativum
1240 4095 1392 4137 esse.
1418 4079 1473 4136 Si
1494 4079 1656 4135 enim
1678 4095 1801 4135 non
1831 4083 1990 4135 esset
2019 4078 2474 4152 aliquidunum,
2587 4112 2590 4129 ‹

2409 4099 2474 4152 n,
2587 4089 2786 4157 φύσεων
2844 4086 3144 4162 ἀμφοτέρων
3194 4083 3324 4142 εἶναι
3365 4083 3655 4146 ὃηλωτικον
3705 4088 3764 4139 ού
3824 4084 4046 4141 δύναται
4075 4103 4087 4116 ⁸
4146 4087 4189 4141 εἰ

810 4168 976 4242 quod
1007 4185 1078 4225 ex
1130 4169 1393 4225 duarum
1444 4174 1806 4225 naturarum
1865 4168 2093 4224 unione
2145 4170 2470 4242 perﬁcitur,
2584 4197 2590 4209 ·

2406 4186 2470 4236 Ir,
2584 4195 2683 4248 γαρ
2732 4181 2803 4248 μὴ
2840 4178 2917 4234 εἰη
2963 4198 3014 4230 τι
3060 4177 3107 4233 ἓν
3138 4181 3193 4229 τὸ
3239 4176 3293 4229 ἐκ
3339 4184 3432 4237 τῆς
3472 4176 3694 4237 ἐνώσεως
3724 4185 3823 4231 τῶν
3858 4172 3955 4230 δύο
3987 4179 4186 4248 φύσεων

807 4258 1187 4331 impossibile
1218 4264 1373 4315 esset
1401 4258 1529 4314 sive
1562 4257 1638 4313 de
1668 4258 1875 4314 anima
1907 4262 1965 4313 et
1994 4274 2247 4331 corpore
2279 4276 2473 4318 unum
2586 4298 2587 4309 η

2414 4277 2473 4318 m
2586 4264 3061 4339 ἀποτετελεσμένον,
3129 4264 3386 4320 ἀδύνατον
3436 4267 3465 4328 ἦ
3510 4266 3591 4319 ἐπὶ
3653 4265 3837 4339 ψυχῆς
3888 4271 3978 4319 καὶ
4010 4271 4185 4337 σώμα-

806 4348 1074 4406 hominis
1115 4364 1338 4404 nomen
1380 4347 1696 4421 appellari,
1730 4347 1853 4403 sive
1885 4346 1961 4404 de
2001 4348 2211 4404 Christi
2255 4349 2471 4407 divini-
2583 4378 2586 4385 ⁴

2408 4350 2471 4407 li-
2583 4374 2671 4419 τος
2720 4355 2767 4411 ἓν
2812 4359 2866 4409 τὸ
2897 4363 2988 4409 τοῦ
3032 4354 3306 4429 ἀνθρώπου
3359 4357 3773 4430 κατηγορεῖσθαι
3812 4359 3991 4427 ὄνομα,
4028 4354 4057 4416 ἢ
4106 4354 4188 4408 ἐπὶ

806 4443 925 4496 tate
951 4442 1009 4496 et
1031 4438 1429 4508 humanitate,
1455 4437 1567 4495 nisi
1593 4454 1666 4495 ex
1705 4437 1776 4493 iis
1821 4454 2012 4495 unum
2044 4437 2195 4512 quid
2244 4438 2471 4499 factum
2582 4467 2586 4476 ι

2400 4458 2471 4499 tm
2582 4454 2678 4505 τῆς
2746 4452 2837 4501 τοῦ
2898 4452 3131 4519 Χριστοῦ
3210 4447 3454 4509 θεότητος
3515 4464 3568 4498 τε
3616 4449 3706 4497 καὶ
3764 4443 4180 4517 ἀνθρωπότητος,

807 4529 905 4601 sit,
936 4528 1151 4587 Christi
1181 4544 1405 4586 nomen
1428 4528 1666 4603 utrique
1692 4526 1846 4585 dari.
2507 4600 2541 4607 _
2582 4572 2587 4606 ὲ

2507 4600 2541 4607 _
2582 4531 2803 4606 μηδενὸς
2832 4535 2885 4601 ἐξ
2911 4535 3077 4587 αὐτῶν
3108 4537 3216 4597 ἔνὸς
3235 4538 3527 4607 γενομένου,
3560 4538 3651 4593 τήν
3684 4528 3918 4607 Χριστοῦ
3944 4534 4187 4607 λέγεσθαι

2505 4600 2547 4653 D
2580 4630 2940 4699 προσηγορίαν
2969 4624 3047 4679 ἐπ’
3076 4622 3289 4697 ἀμφοῖν.

1002 4788 1005 4791 ,
1071 4729 1217 4785 Atia
1246 4726 1818 4799 Monophysitarum
1847 4729 2197 4798 propositio.

2124 4729 2197 4786 i0.
2853 4732 3058 4807 Ἕτερον
3090 4732 3368 4807 πρόϐλημα
3387 4740 3485 4783 τῶν
3509 4738 3904 4804 Μονοφυσιτῶν.

878 4836 964 4891 19.
997 4835 1055 4893 Si
1080 4835 1295 4893 Christi
1322 4840 1551 4893 naturas
1577 4835 1759 4893 unita;
1790 4833 1928 4891 dure
1976 4839 2119 4891 sunt
2148 4835 2264 4904 vel,
2299 4837 2468 4910 quod
2652 4863 2658 4891 ι

2403 4837 2468 4895 )d
2652 4840 2737 4899 ιϐ’,
2777 4845 2932 4915 Εἴπερ
2985 4844 3039 4893 αἱ
3090 4848 3179 4893 τοῦ
3236 4847 3472 4914 Χριστοῦ
3517 4843 3698 4912 φύσεις
3752 4840 4025 4893 ἑνωθεῖσαι
4085 4836 4183 4893 δύο

803 4925 965 4982 idem
993 4926 1485 4997 sonat,essentiaa
1504 4926 1803 4997 (essentiae
1831 4925 1991 4981 enim
2012 4931 2153 4982 sunt
2173 4926 2381 4984 divina
2411 4932 2468 4985 et
2575 4951 2583 4962 ι

2411 4932 2468 4985 et
2575 4934 2928 5003 τυθχάνούσι,
2993 4934 3177 4983 ταυτὸν
3236 4927 3294 4983 δὲ
3351 4930 3508 4983 εἰπεῖν
3574 4932 3773 4995 ούσίαι,
3828 4930 4011 4982 ούσίαι
4080 4932 4182 5003 γὰρ

800 5016 1075 5072 humana
1088 5015 1297 5088 procul
1311 5016 1346 5070 tl
1359 5015 1598 5083 ultio,ex
1612 5015 1835 5088 quibus
1850 5022 2201 5072 naturarum
2217 5017 2466 5089 duplici-
2576 5047 2580 5068 ι

2399 5020 2466 5074 ei-
2576 5019 2838 5080 δήπουθεν
2878 5024 2907 5080 ἦ
2960 5041 3012 5074 τε
3059 5023 3211 5074 θείοιο
3258 5025 3349 5072 καὶ
3406 5022 3435 5077 ἡ
3503 5017 3841 5093 ἀνθρώπειος,
3897 5019 3972 5092 ἐφ’
4014 5021 4081 5071 ὧν
4122 5024 4179 5073 τὸ

799 5107 1173 5162 tatisnomen
1191 5106 1709 5177 inferunt),utrum
1727 5105 2073 5177 alterquam
2089 5107 2217 5176 ejus
2234 5114 2461 5164 naturis
2572 5132 2579 5143 ε

2402 5125 2461 5164 ’ω
2572 5120 2667 5174 τῆς
2734 5108 2935 5174 δυάδος
2990 5120 3089 5163 τῶν
3146 5113 3356 5183 ¹φύσεων
3419 5114 3662 5182 φέρουσιν
3712 5112 3895 5182 ὄνομα,
3966 5114 4182 5183 πότερον

799 5198 1191 5267 Christusest,
1212 5214 1287 5253 an
1310 5198 1468 5253 idem
1492 5214 1561 5253 ac
1584 5197 1713 5267 ejus
1741 5197 2011 5253 naturae?
2032 5197 2086 5253 Si
2111 5196 2291 5268 igitur
2313 5198 2463 5256 alter
2571 5205 2579 5255 ε

2400 5216 2463 5256 er
2571 5203 2739 5277 ἔτερος
2797 5204 3053 5273 τυγχάνει
3106 5210 3204 5253 τῶν
3267 5200 3449 5253 ἑαυτοῦ
3510 5202 3710 5271 φύσεων
3779 5201 3804 5252 ὁ
3854 5203 4104 5272 Χριστὸς,
4150 5200 4179 5259 ἢ

794 5292 885 5343 est
912 5302 982 5342 ac
1008 5287 1140 5358 ejus
1174 5295 1405 5344 naturae
1438 5286 1725 5353 Christus,
1761 5286 1897 5358 quis
1929 5290 2041 5351 est,
2076 5292 2137 5342 ut
2162 5286 2309 5342 alter
2330 5305 2458 5345 esse
2568 5312 2574 5321 ι

2401 5305 2458 5345 se
2568 5297 2756 5344 ταυτὸν
2807 5291 2919 5345 ἐστι
2956 5300 3066 5351 ταῖς
3106 5290 3265 5343 αύτού
3310 5293 3568 5368 gaudia-tv;
3606 5288 3665 5342 Εἰ
3716 5292 3808 5361 μὲν
3872 5286 3958 5341 οὖν
4013 5291 4181 5365 ἕτερός

792 5377 1029 5450 possit?
1058 5377 1172 5434 Sed
1224 5377 1369 5433 nihil
1410 5377 1664 5432 alterum
1699 5381 1787 5432 est
1818 5392 1890 5432 ac
1921 5382 2051 5446 ejus
2088 5382 2303 5433 natura
2355 5385 2459 5436 aut
2568 5404 2572 5431 ε

2400 5385 2459 5436 ut
2568 5379 2681 5434 ἐστι
2740 5391 2837 5434 τῶν
2892 5381 3052 5433 αὑτοῦ
3103 5384 3301 5454 φύσὲων
3369 5381 3394 5431 ὁ
3434 5381 3693 5453 Χριστὸς,
3736 5384 3814 5441 τίς
3876 5378 3964 5447 ὢν,
4009 5378 4180 5452 ἔτερος

790 5468 1072 5523 essentia.
1110 5468 1164 5524 Si
1189 5470 1339 5522 enim
1368 5466 1635 5523 hominis
1666 5471 1911 5532 natura,
1935 5468 2261 5523 essentiam
2295 5469 2455 5539 dico,
2567 5501 2570 5520 ε

2399 5488 2455 5539 Ο,
2567 5472 2735 5523 αὐτῶν
2798 5474 3091 5543 τυγχανεη
3142 5469 3275 5523 ἈΠ’
3324 5465 3476 5522 οὐδὲν
3529 5476 3629 5522 τῶν
3685 5470 3841 5520 ὄντων
3881 5476 3980 5530 τῆς
4018 5468 4179 5521 αύτοῡ

786 5558 845 5612 in
880 5573 950 5611 eo
982 5558 1253 5613 consistit
1288 5556 1453 5629 quod
1478 5562 1565 5612 est
1593 5556 1819 5611 animal
1863 5556 2159 5612 rationale
2201 5559 2452 5616 mortale

2402 5559 2452 5616 le
2566 5565 2763 5635 φύσεως
2821 5562 2849 5621 ἦ
2920 5560 3100 5622 ούσίας
3148 5561 3315 5632 ἕτερον
3368 5558 3509 5611 ἐστιν
3546 5580 3556 5591 ·
3606 5558 3649 5610 εἰ
3700 5560 3801 5631 γὰρ
3857 5559 3886 5616 ἡ
3937 5566 4028 5610 τού
4095 5558 4181 5610 ἀν-

782 5648 1361 5729 (deﬁnitioneseuim
1376 5664 1576 5703 rerum
1594 5664 1801 5703 earum
1824 5648 2118 5703 cssentias
2137 5648 2447 5720 indicant),

2396 5651 2447 5720 ἰ),
2567 5654 2775 5727 ορώπον
2839 5655 3014 5725 φύσις,
3075 5655 3193 5709 ἤτοι
3232 5650 3409 5715 ούσία,
3470 5653 3528 5701 τὸ
3568 5648 3701 5709 ζῶον
3741 5647 3948 5720 λογικὸν
3991 5649 4176 5705 θνητόν

780 5737 830 5807 si
860 5738 1047 5795 homo
1071 5738 1221 5821 quid
1243 5737 1641 5799 diversumsit
1672 5753 1708 5795 a
1732 5753 1843 5794 sua
1857 5739 2142 5807 essentia,
2168 5754 2287 5795 non
2312 5748 2447 5812 pro-

2394 5748 2447 5797 D-
2564 5742 2721 5814 ἐστιν,
2776 5745 2824 5815 οἱ
2871 5740 2972 5817 γὰρ
3023 5742 3238 5817 ὁρισμοὶ
3295 5748 3396 5795 τῶν
3457 5740 3785 5820 πραγμάτων
3840 5745 3935 5800 τῆς
3984 5741 4174 5802 οὐσίας
