4508 6436
385 434 461 485 57
1746 428 2099 487 THESAURI
2141 430 2270 486 LIB.
2313 433 2402 487 IX.
3687 436 3752 490 58

381 553 555 606 αὐτῶν
602 552 704 605 εἱσι
742 549 1047 621 δηλωτικοὶ,
1090 553 1257 629 ἕτερον
1306 550 1367 608 δε
1419 558 1495 613 εἴη
1529 556 1554 607 ὁ
1589 555 1857 629 ἄνθρωπος
1894 563 1989 617 τῆς
2021 557 2067 609 Α
2100 554 2159 610 in

1972 576 1989 617 ;
2021 557 2067 609 Α
2100 554 2239 611 inde
2269 559 2427 612 esset
2456 555 2682 612 animal
2718 555 3014 613 rationale
3057 555 3326 612 mortale.
3370 556 3563 613 Homo
3605 556 3752 612 nihil

384 643 574 703 οὐσίας
605 642 785 711 αὐτοῦ,
820 644 987 716 ἔτερος
1022 644 1083 694 οἶν
1114 647 1190 713 εἴη
1233 652 1325 695 τοῦ
1358 643 1493 704 ζώου
1524 643 1736 715 λογικοῦ
1778 646 1989 701 θνητοῦ.

379 740 446 784 ‘0
467 734 734 806 ἄνθρωπος
777 728 929 785 οὐδεν
960 731 1081 784 ἄλλο
1112 732 1250 784 ἐστὶν
1301 735 1329 792 ἡ
1381 734 1509 793 ζῶον
1548 733 1751 805 λογικὸν
1785 735 1986 791 Θνητὸν·

383 821 574 873 οὐκοῦν
623 820 665 873 εἰ
704 824 791 872 καὶ
847 821 873 871 ὁ
936 824 1162 894 Χριστὸς
1207 830 1305 873 τῶν
1348 818 1509 873 αὑτοῦ
1563 825 1782 894 φύσεων,
1832 826 1990 892 ἤγουν

385 910 604 973 οὐσιῶν,
644 909 875 981 ὑπάρχει
916 910 1106 985 ἕτερος,
1147 914 1202 963 τὸ
1234 907 1293 963 δὲ
1342 908 1469 964 εἶναι
1501 910 1702 983 ἑκάστῳ
1742 914 1873 963 κατά
1903 916 1989 969 τὴν

385 1003 545 1071 φύσιν
586 1003 704 1057 ἤτοι
748 998 931 1052 οὐσίαν
980 999 1141 1051 αὑτοῦ
1186 998 1347 1070 ἐστιν,
1389 1003 1456 1062 ὡς
1507 997 1794 1073 ἐδείξαμεν,
1841 1004 1990 1063 αὸτὸς

382 1092 493 1163 ἄρα
517 1088 701 1141 ἑαυτοῦ
726 1090 752 1140 ὁ
778 1092 1007 1163 Χριστὸς
1028 1090 1190 1163 ἔτερος
1213 1092 1380 1160 ἔσται,
1407 1095 1527 1163 ὅπερ
1559 1094 1685 1165 πρὸς
1715 1099 1783 1161 τῷ
1807 1090 1987 1163 ἁταπῳ

383 1183 476 1230 καὶ
518 1182 575 1230 τὸ
619 1178 815 1249 γελοῖον
858 1180 993 1249 ἔχει’
1034 1178 1127 1231 οὐκ
1171 1181 1275 1253 ἄρα
1309 1180 1479 1253 ἕτερός
1525 1179 1665 1232 ἐστιν
1695 1182 1721 1231 ὁ
1764 1185 1989 1253 Χριστὸς

382 1275 486 1319 τῶν
544 1268 729 1319 ἑαυτοῦ
786 1270 1006 1339 φύσεων·
1063 1268 1107 1321 εἰ
1164 1264 1223 1321 δξ
1276 1274 1348 1340 μὴ
1395 1270 1584 1344 ἕτερος,
1642 1274 1827 1322 ταυτὸν
1884 1272 1987 1344 ἄρα

383 1360 619 1426 Χριστὸν
676 1376 730 1409 τε
778 1356 935 1408 εἰπεῖν
988 1361 1075 1408 καὶ
1116 1359 1208 1419 τὰς
1256 1358 1415 1410 αὐτοῦ
1452 1362 1647 1430 φύσεις·
1679 1357 1782 1410 imi
1823 1364 1912 1410 καὶ
1939 1362 1987 1411 οἱ

381 1448 635 1498 τάναντία
664 1448 806 1519 ὑμεῖς
834 1446 1061 1518 λέγοντες
1081 1456 1181 1499 τῶν
1206 1444 1302 1501 δύο
1325 1452 1522 1521 φύσεων
1548 1446 1581 1502 δ
1586 1449 1835 1506 ηλωτικόν
1858 1446 1987 1502 εἶναί

382 1555 514 1607 φατε
556 1540 613 1587 τὸ
662 1540 892 1609 Χριστὸς
938 1541 1101 1609 ὄνομα
1143 1537 1184 1590 εὶ
1224 1534 1282 1590 δε
1321 1542 1511 1590 ταντὸν
1538 1540 1563 1590 ὁ
1606 1543 1835 1613 Χριστος
1876 1547 1987 1599 ταῖς

382 1625 545 1677 αὐτοῦ
578 1627 815 1697 φύσεσιν,
836 1629 905 1686 ως
926 1628 1191 1700 ἄνθρωπος
1220 1634 1278 1698 τῇ
1306 1625 1577 1701 ανθρώπου
1603 1631 1753 1699 φύσει
1776 1631 1986 1695 ταυτὸν,

381 1720 629 1767 τουτέστι
671 1723 741 1785 τῷ
791 1716 908 1786 ζώω
952 1715 1145 1786 λογικῷ
1179 1718 1367 1785 θνητῷ,
1411 1713 1508 1768 δύο
1541 1714 1599 1769 δε
1629 1721 1988 1788 τυγχάνουσιν

381 1806 441 1854 αἱ
484 1810 577 1854 τοῦ
620 1811 853 1876 Χριστοῦ
899 1807 1076 1877 φύσεις
1127 1810 1217 1856 καὶ
1267 1806 1325 1856 οὐ
1370 1809 1486 1877 μία,
1536 1802 1633 1859 δύο
1673 1808 1777 1880 ἆρα
1816 1811 1902 1858 καὶ
1940 1809 1989 1859 οὶ

384 1896 616 1962 Χριστοὶ
665 1896 895 1954 ἔσονται,
928 1896 1095 1954 καθὼς
1126 1900 1395 1966 Νεστορίῷ
1437 1892 1601 1963 δοκεῖ,
1648 1901 1737 1948 καὶ
1782 1897 1886 1968 οὐχ
1918 1899 1989 1960 εἷς

381 1984 524 2035 κατὰ
566 1986 657 2045 τὰς
691 1985 915 2057 Γραφάς.
964 1984 1021 2036 Εἰ
1051 1980 1138 2035 οὖν
1167 1981 1231 2045 εἷς
1263 1986 1397 2035 κατά
1430 1982 1672 2042 ἀληθειαν
1703 1988 1728 2037 ὁ
1762 1991 1988 2060 Χριστὸς

382 2070 605 2140 ὀνόματί
645 2090 700 2123 τε
751 2078 841 2124 καὶ
887 2075 1182 2145 πράγματι,
1238 2078 1325 2125 καὶ
1374 2074 1486 2126 κατ’
1547 2072 1746 2127 οὐδένα
1799 2082 1987 2150 τρόπον

382 2159 470 2212 ἰπὶ
502 2169 592 2223 τῆς
622 2166 714 2213 τοῦ
740 2166 935 2234 Κυρίου
962 2160 1255 2234 ἐνανθρωπή
1269 2182 1391 2223 σεως
1422 2160 1519 2215 δύο
1539 2163 1702 2236 λέγειν
1736 2170 1988 2238 Χριστονς

382 2246 681 2321 ἀνὸέχεται,
714 2254 903 2302 ταυτὸν
930 2247 988 2303 δὲ
1013 2252 1038 2302 ὁ
1082 2255 1311 2324 Χριστὸς
1341 2260 1402 2324 τῇ
1439 2252 1598 2304 αὑτοῦ
1630 2256 1801 2325 φύσει,
1827 2258 1987 2325 ἤγουν

381 2338 568 2411 οὐσίᾳ,
600 2338 707 2391 ἕπει
737 2345 826 2391 καὶ
855 2348 955 2391 τῶν
986 2345 1141 2391 ὄντων
1164 2342 1400 2408 ἕκαστον,
1435 2348 1532 2413 μία
1572 2340 1813 2400 δηλονότι
1842 2349 1927 2397 καὶ
1954 2346 1983 2403 ἡ

381 2435 478 2483 τοῦ
508 2436 742 2504 Χριστοῦ
773 2432 929 2502 φύσις
959 2428 1011 2493 ἐξ
1041 2428 1266 2502 ἀνάγκής
1292 2434 1459 2483 ἔσται.

743 2625 947 2700 Ἐτερον
985 2625 1265 2701 πρόϐλημα
1303 2636 1402 2682 τῶν
1447 2629 1631 2685 αὐτῶν.

452 2768 519 2823 κ’.
541 2768 741 2842 Ὠσπερ
784 2769 827 2822 εἰ
856 2775 946 2822 καὶ
977 2769 1198 2831 πλείονες
1229 2770 1276 2823 ἓν
1308 2780 1380 2843 τῷ
1412 2771 1540 2844 ἡλίῳ
1572 2781 1803 2845 φυσικῶν
1834 2770 1988 2827 δυνά-

375 2878 516 2931 μεων
551 2860 862 2934 θεωροῦνται
885 2856 1157 2934 διαφοραὶ,
1194 2862 1299 2913 οἷον
1328 2867 1443 2935 φέρε
1468 2862 1625 2915 εἰπεῖν
1656 2867 1715 2915 τὸ
1747 2883 1965 2935 φωτιστι

375 2953 469 3000 κον
494 2949 655 3001 αὑτοῦ
680 2954 769 3001 καὶ
800 2953 859 3001 τὸ
893 2950 1251 3022 Θερμαντικὸν,
1284 2952 1355 3003 ἔτι
1382 2948 1441 3003 δέ
1470 2956 1527 3003 τὸ
1559 2961 1721 3025 τριχῆ
1758 2949 1988 3005 διαστα-

374 3041 488 3108 τὸν,
519 3041 604 3089 καὶ
634 3042 689 3089 τὸ
714 3043 1009 3111 σφαιρικὸν,
1042 3042 1131 3091 καὶ
1169 3040 1565 3115 κυκλοφορικὸν,
1598 3047 1687 3094 καὶ
1719 3046 1762 3094 εἰ
1794 3063 1842 3095 τι
1862 3062 1985 3114 τυγ-

374 3130 537 3199 χάνει
589 3135 819 3180 τοιοῦτον
862 3128 1006 3194 ὦλο,
1047 3129 1141 3181 οὐκ
1182 3127 1289 3187 ἤδη
1348 3135 1438 3181 καί
1488 3129 1722 3192 πλείονας
1771 3135 1859 3193 τὰς
1898 3140 1988 3184 τοῦ

376 3217 533 3275 ἡλίου
574 3221 750 3290 φυσεις
774 3218 938 3289 λέγειν
970 3217 1192 3291 ἀνάγκη·
1241 3216 1393 3272 οὐδὲν
1432 3223 1533 3295 γὰρ
1566 3222 1684 3274 καθ’
1717 3222 1867 3274 ἑαυτὸ
1894 3232 1990 3275 τῶν

374 3310 631 3358 τοιούτων
663 3306 811 3365 ἡλίου
835 3310 991 3380 φύσιν
1017 3308 1318 3380 ἐργάζεται,
1342 3307 1471 3361 ἀλλά
1500 3314 1555 3362 τὸ
1579 3309 1634 3362 ἐκ
1659 3314 1862 3363 πάντων
1884 3312 1995 3385 ἅμα

376 3406 481 3450 τῶν
514 3398 792 3471 εἰρημένων
826 3402 1115 3472 σύγκριμα,
1150 3399 1197 3452 ἓν
1227 3406 1316 3451 καὶ
1356 3400 1563 3454 πλείονα
1592 3406 1873 3473 τυγχάνον,
1908 3405 1993 3456 ἕνα

378 3492 468 3540 τὸν
498 3488 641 3546 ἣλιον
662 3493 751 3540 καὶ
778 3493 901 3561 μίαν
923 3489 1083 3541 αὑτοῦ
1106 3495 1193 3547 τὴν
1220 3493 1373 3561 φύσιν
1414 3490 1709 3563 ἐργάζεται·
1744 3494 1877 3544 οὕτω
1903 3499 1992 3546 καὶ

379 3578 467 3629 ἐπί
515 3586 609 3630 τοῦ
658 3579 989 3653 θεανθρωπου
1029 3587 1287 3652 Χριστοῦ.
1321 3579 1415 3631 κᾶν
1460 3582 1514 3631 αἱ
1545 3590 1637 3642 τῆς
1682 3583 1916 3643 θεότητος
1943 3582 1990 3633 ἐν

381 3669 526 3739 αὖτῴ
583 3675 672 3720 καὶ
701 3668 1097 3742 ἁνϐρωπὸτητος
1130 3671 1421 3743 θεωρὼνται
1458 3667 1726 3743 ὃιαγοραὶ,
1765 3672 1857 3724 οὐκ
1885 3676 1992 3724 ανέ-

380 3759 562 3821 ξονται
590 3754 687 3810 δύο
712 3757 875 3828 λέγειν
906 3759 1067 3811 αὑτοῦ
1097 3762 1191 3821 τὰς
1231 3763 1413 3831 φύσεις
1451 3762 1498 3812 οἱ
1525 3767 1713 3834 κρίνειν
1745 3762 1987 3834 ἁμηγέπη

379 3850 496 3917 (ita
526 3847 753 3903 codices
784 3848 921 3918 duo)
951 3853 1044 3907 τὴν
1069 3858 1168 3901 τῶν
1200 3851 1480 3921 πραγάτων
1512 3852 1677 3923 ορθὼς
1718 3855 1871 3913 φύσιν
1900 3850 1991 3905 δυ-

376 3940 611 4009 νάμενοι·
655 3934 806 3991 οὐδὲν
835 3942 935 4010 γὰρ
967 3937 1168 3991 ἐκείνων
1199 3941 1314 3991 καθ’
1348 3940 1499 3992 ἑαυτὸ
1536 3945 1759 4014 Χριστὸς
1799 3941 1858 3992 ἂν
1887 3945 1988 4007 εἴη,

376 4032 501 4081 οὔτε
522 4031 578 4079 τὸ
611 4029 741 4079 θεῖον
768 4028 928 4080 αὐτοῦ
961 4049 1112 4100 φημι,
1148 4032 1263 4081 οὔτε
1294 4033 1350 4081 τὸ
1383 4030 1723 4102 ἀνθρώπινον·
1768 4031 1893 4083 αλλὰ
1933 4037 1989 4084 τὸ

377 4119 432 4182 ἐξ
464 4117 654 4190 ἀμφοῖν
680 4121 969 4192 σύγκριμα,
992 4118 1041 4171 ἓν
1069 4115 1331 4177 δήπουθεν
1353 4123 1636 4191 τυγχάνον,
1666 4127 1754 4173 καὶ
1781 4120 1839 4173 ον
1868 4118 1986 4193 δύο,

374 4216 468 4260 καὶ
502 4207 548 4259 ἐν
579 4204 755 4261 οὐδενὶ
789 4217 888 4259 τῶν
927 4214 1085 4261 ὄντων
1148 4208 1541 4284 ἐνοεωρονμενον
1582 4210 1755 4285 ἑτέρῳ,
1789 4212 1875 4263 ἕνα
1904 4215 1989 4263 τὸν

375 4301 630 4370 Χριστὸν,
680 4303 771 4350 καὶ
809 4303 932 4369 μίαν
972 4298 1132 4350 αὑτοῦ
1164 4302 1257 4357 τὴν
1290 4303 1445 4373 φύσιν
1478 4298 1742 4374 ὁμολογεῖν
1776 4301 1909 4373 ἡμᾶς
1935 4299 1989 4353 ἐκ

372 4390 557 4450 πάσης
590 4386 822 4459 ἀνάγκης
852 4388 1265 4463 παρασκευάζει.

914 4603 1120 4678 Ἕτερον
1151 4604 1452 4679 προεὶημα.

446 4752 553 4807 κα’.
591 4750 648 4805 Εἰ
692 4753 721 4809 ἡ
770 4748 905 4813 δυὰς
942 4759 1037 4812 τῆς
1076 4749 1128 4803 ἐκ
1168 4746 1393 4823 μονάδος
1424 4756 1633 4825 πρώτης
1664 4748 1990 4823 διασκέψεως

373 4843 495 4895 ἐστι
526 4839 817 4907 δηλωτική,
872 4842 896 4899 ἦ
933 4836 993 4893 δε
1032 4836 1297 4915 διαίρεσις
1326 4839 1684 4913 ἀντικειμένως
1713 4844 1827 4912 ἔχει
1865 4846 1990 4916 πρὸς

370 4938 467 4991 τὴν
509 4934 710 4996 ἕνωσιν,
754 4927 848 4983 διὰ
876 4938 1030 4982 τοῦτο
1060 4930 1171 5003 άμα
1200 4933 1257 4982 τὸ
1287 4930 1415 4982 αὐτὸ
1449 4934 1582 4982 κατὰ
1608 4934 1665 4983 τὸ
1696 4931 1821 4984 αὐτὸ
1861 4933 1989 4988 iw.)-

373 5025 503 5075 σοαί
540 5041 595 5073 τε
633 5024 723 5071 καὶ
764 5016 1061 5094 διῃρῆσθαι
1108 5018 1405 5092 ἀμήχανον,
1438 5016 1663 5092 οὐδεμία
1693 5024 1795 5091 αρα
1836 5019 1983 5087 δύας,

367 5114 503 5163 καοὸ
573 5118 683 5162 εστι
743 5105 898 5176 δυάς,
966 5112 1102 5161 κατὰ
1168 5116 1321 5161 τοῦτο
1398 5109 1651 5180 ).έγοιτ’ἆν
1726 5112 1981 5175 ἡνῶσθαι,

367 5200 670 5275 διῃρῆσθαι
717 5197 774 5252 ὃε
805 5199 1014 5271 μαλλον·
1048 5204 1138 5251 καὶ
1186 5198 1269 5251 ἐπὶ
1300 5208 1390 5251 τοῦ
1440 5208 1677 5274 Χριστοῦ
1716 5206 1907 5271 τοίνυν,
1945 5201 1986 5253 εἰ

365 5290 465 5344 δύο
496 5291 625 5343 εἰσὶν
654 5292 708 5341 αἱ
729 5293 915 5342 τούτου
938 5290 1139 5361 φῦσεις,
1160 5295 1248 5341 καὶ
1275 5290 1403 5361 οὐχὶ
1429 5295 1545 5362 μία,
1570 5296 1719 5341 πᾶσα
1745 5285 1804 5342 δε
1827 5287 1980 5355 δυὰς,

360 5384 497 5434 καθὸ
538 5378 672 5441 δυάς
700 5378 831 5445 ἐστι,
874 5375 1042 5451 διχάς
1080 5400 1161 5442 τις
1201 5376 1337 5432 οὖσα
1364 5377 1619 5454 διῄρηται
1650 5378 1764 5431 κατ’
1803 5379 1981 5448 ἐκεῖνο,

362 5472 476 5525 κατ’
504 5471 611 5542 οὐχ
651 5474 864 5533 ἦνωται,
906 5475 996 5521 καὶ
1025 5472 1080 5522 αἱ
1109 5476 1201 5522 τοῦ
1242 5478 1477 5544 Χριστοῦ
1511 5472 1614 5544 ἄρα
1656 5466 1753 5521 δύο
1805 5474 1985 5541 φύσεις

360 5562 480 5614 κατ’
521 5560 649 5612 αὐτὸ
693 5565 750 5611 τὸ
792 5556 922 5611 εἶναι
970 5556 1070 5611 δύο
1113 5562 1293 5631 φύσεις
1333 5562 1703 5630 τυγχάνουσαι
1734 5564 1824 5611 καὶ
1856 5559 1983 5631 οὐχὶ

360 5657 484 5725 μία,
511 5649 627 5701 κατ’
659 5649 786 5701 αὐτὸ
818 5656 971 5701 τοῦτο
1004 5645 1321 5722 διῃρημέναι
1347 5650 1407 5700 ἂν
1442 5649 1555 5713 εἷεν,
1588 5654 1677 5701 καὶ
1707 5648 1811 5723 οὐχ
1844 5651 1981 5707 ἡνω-

360 5750 535 5825 μέναι,
569 5744 660 5795 καὶ
693 5744 981 5816 Νεστορίου
1008 5742 1067 5792 10
1095 5737 1273 5812 δόγμα
1304 5739 1593 5813 εἰσάγεται.

2102 642 2265 697 aliud
2296 648 2593 715 estquam
2626 644 2852 700 animal
2873 644 3159 699 rationale
3191 643 3441 699 mortale
3469 644 3550 710 ;si
3575 643 3754 714 igitur

2100 730 2366 787 Christus
2394 732 2542 787 alter
2586 737 2675 788 est
2717 748 2787 787 ac
2836 733 2967 802 ejus
2998 738 3246 793 naturae,
3280 732 3568 788 essentias
3593 732 3750 799 dico,

2101 824 2155 875 et
2181 835 2314 875 esse
2343 821 2423 876 rei
2454 820 2697 877 cuilibet
2727 836 2833 893 per
2858 836 2999 876 suas
3020 826 3288 885 naturas,
3319 836 3530 892 nempe
3557 836 3755 876 essen-

2100 908 2213 964 tias
2252 910 2443 979 inest,
2486 915 2551 967 ut
2583 912 2956 966 ostendimus
2979 954 2993 979 ,
3026 911 3158 982 ipse
3193 927 3230 966 a
3261 926 3321 965 se
3351 912 3619 966 diversus
3645 912 3755 967 erit

2100 998 2384 1065 Christus,
2420 1000 2584 1072 quod
2607 1000 2887 1055 stolidum
2912 1005 2968 1055 et
2986 999 3307 1055 ridiculum
3332 1005 3445 1055 est.
3486 1003 3613 1056 Non
3640 1000 3753 1055 dif-

2098 1086 2206 1142 fert
2251 1089 2429 1161 igitur
2459 1090 2725 1145 Christus
2775 1104 2812 1145 a
2860 1089 2983 1145 suis
3022 1090 3273 1156 naturis,
3308 1090 3353 1143 si
3408 1105 3590 1161 porro
3628 1104 3752 1145 non

2097 1176 2315 1245 differt,
2348 1178 2506 1234 idem
2530 1178 2710 1248 igitur
2736 1183 2825 1233 est
2852 1177 3049 1233 dicere
3072 1178 3375 1234 Christum
3409 1182 3466 1233 et
3494 1179 3626 1249 ejus
3648 1193 3752 1235 na-

2096 1268 2259 1321 turas
2285 1286 2297 1333 ;
2333 1283 2469 1322 cum
2492 1272 2549 1323 et
2576 1283 2684 1322 vos
2714 1267 2818 1339 qui
2844 1267 3019 1323 nobis
3046 1267 3345 1323 contraria
3383 1267 3578 1322 (licitis
3607 1266 3755 1324 dua-

2095 1371 2229 1412 rum
2277 1371 2409 1411 esse
2451 1360 2806 1412 naturarum
2849 1356 3239 1411 indicativum
3272 1356 3487 1412 Christi
3529 1370 3754 1412 nomen

2095 1444 2423 1500 fateamini.
2452 1445 2508 1501 Si
2530 1451 2731 1501 autem
2764 1444 3026 1501 Christus
3047 1444 3206 1500 idem
3224 1445 3297 1500 sit
3321 1460 3460 1499 cum
3491 1445 3622 1513 ejus
3650 1461 3755 1501 na-

2098 1535 2265 1603 turis,
2301 1539 2362 1591 ut
2403 1534 2586 1591 homo
2618 1535 2777 1590 idem
2822 1540 2911 1590 est
2949 1550 3086 1589 cum
3119 1534 3381 1590 hominis
3426 1540 3660 1600 natura,
3691 1534 3753 1590 id

2097 1628 2185 1679 est
2209 1623 2454 1679 animali
2488 1623 2759 1680 rationali
2804 1622 3059 1689 mortali,
3088 1626 3347 1695 duaeque
3380 1623 3498 1679 sint
3542 1623 3754 1679 Christi

2098 1718 2328 1768 naturas
2356 1728 2464 1769 nec
2491 1728 2613 1768 una
2643 1718 2899 1779 tantum,
2925 1711 3048 1767 duo
3081 1712 3260 1782 igitur
3309 1712 3524 1767 Christi
3555 1716 3751 1776 erunt,

2098 1806 2163 1857 ut
2192 1802 2458 1858 Nestorio
2490 1803 2743 1868 videtur,
2771 1817 2966 1874 neque
3008 1818 3163 1857 unus
3199 1802 3535 1857 secundum
3569 1801 3757 1873 Scripo

2028 1905 2065 1958 Β
2099 1896 2281 1948 turas.
2326 1892 2379 1947 Si
2412 1892 2588 1962 igitur
2617 1891 2954 1947 secundum
2992 1894 3299 1947 veritatem
3342 1891 3613 1947 Christus
3650 1906 3756 1946 no-

2099 1982 2258 2036 mine
2284 1987 2341 2037 et
2383 1997 2444 2036 re
2484 1997 2644 2036 unus
2687 1986 2792 2049 est,
2824 1996 3019 2053 neque
3049 1980 3169 2036 ullo
3201 1983 3385 2036 modo
3415 1980 3489 2035 de
3522 1979 3754 2036 Domini

2098 2070 2512 2125 lncarnatione
2540 2070 2696 2126 duos
2723 2071 2983 2125 Christos
3004 2070 3202 2125 dicere
3228 2070 3317 2125 fas
3343 2074 3450 2138 est,
3468 2069 3630 2125 idem
3648 2084 3754 2125 au-

2097 2164 2215 2213 tem
2244 2166 2332 2213 est
2354 2158 2622 2213 Christus
2654 2174 2789 2213 cum
2819 2158 2949 2227 ejus
2970 2163 3206 2227 natura,
3235 2173 3453 2229 nempe
3474 2156 3753 2222 essentia,

2096 2247 2615 2319 quemadmodum
2648 2250 2703 2302 et
2732 2246 2987 2302 aliorum
3018 2247 3313 2314 omnium,
3342 2262 3464 2302 una
3502 2246 3609 2303 erit
3645 2261 3753 2302 ne-

2099 2336 2361 2394 cessario
2393 2343 2449 2395 et
2470 2336 2773 2394 evidenter
2804 2337 3017 2395 Christi
3046 2343 3282 2394 natura.

2493 2625 2635 2681 Alia
2660 2624 2999 2682 earumdem
3015 2625 3367 2695 propositio.

2173 2773 2261 2827 20.
2296 2770 2825 2837 Quemadmodum
2850 2770 3129 2843 quamvis
3152 2769 3354 2843 plures
3372 2770 3432 2825 in
3465 2769 3591 2825 sole
3614 2770 3763 2843 phy-

2103 2860 2239 2917 sicae
2262 2861 2415 2916 vires
2444 2860 2699 2916 diversa:
2731 2846 3311 2927 animadvertantur,
3344 2865 3409 2916 ut
3434 2859 3597 2915 verbi
3630 2875 3765 2929 gra-

2102 2950 2203 3016 tia,
2248 2949 2455 3005 lumen
2512 2954 2570 3005 et
2624 2949 2808 3018 calor,
2842 2954 2955 3005 tres
2997 2949 3429 3017 dimensiones,
3464 2949 3765 3021 sphaerica

2102 3039 2319 3110 forma,
2361 3044 2562 3095 motus
2607 3039 2916 3094 circularis
2966 3042 3023 3094 et
3070 3038 3189 3094 alia
3217 3037 3573 3109 hujusmodi
3610 3054 3623 3104 ;
3655 3053 3765 3093 nec

2101 3134 2305 3186 tamen
2333 3128 2467 3184 ideo
2491 3144 2739 3185 necesse
2765 3128 2837 3184 sit
2863 3131 2927 3183 ut
2948 3127 3150 3201 plures
3193 3143 3323 3183 esse
3356 3126 3497 3183 solis
3517 3132 3766 3183 naturas

2100 3218 2334 3274 dicatur
2363 3217 2531 3285 (nihil
2580 3218 2740 3273 enim
2785 3232 2893 3289 per
2932 3234 2997 3273 se
3035 3218 3254 3273 horum
3294 3217 3436 3273 solis
3482 3221 3765 3273 naturam

2101 3308 2426 3374 constituit,
2462 3307 2567 3363 sed
2611 3323 2682 3363 ex
2723 3308 2816 3363 his
2868 3307 3153 3363 omnibus
3200 3306 3548 3377 coagulum,
3599 3306 3766 3379 quod

2103 3397 2284 3453 simul
2318 3413 2509 3453 unum
2541 3401 2598 3453 et
2652 3396 2827 3469 plura
2866 3400 2972 3463 est,
3022 3412 3212 3451 unum
3255 3394 3444 3452 solem
3481 3400 3537 3452 et
3575 3411 3764 3451 unam

2102 3488 2233 3558 ejus
2266 3493 2547 3543 naturam
2574 3488 2898 3549 constituit)
2924 3505 2937 3551 ;
2970 3486 3051 3542 ita
3080 3492 3138 3541 et
3168 3485 3242 3541 de
3266 3486 3492 3541 Christo
3517 3488 3634 3541 Deo
3655 3484 3767 3541 ho-

2104 3580 2285 3646 mine,
2318 3577 2429 3633 etsi
2462 3576 3021 3633 animadvertantur
3049 3576 3215 3648 apud
3262 3591 3401 3631 eum
3444 3574 3768 3630 divinitatis

2103 3672 2159 3725 et
2205 3667 2599 3724 humanitatis
2655 3666 3030 3734 differentiae,
3067 3681 3190 3721 non
3249 3664 3562 3721 audebunt
3610 3663 3766 3719 duas

2102 3758 2234 3829 ejus
2266 3761 2515 3813 naturas
2544 3755 2764 3823 dicere,
2809 3755 2913 3828 qui
2943 3754 3406 3827 quodammodo
3427 3769 3631 3810 rerum
3661 3769 3770 3809 na-

2102 3853 2299 3905 turam
2332 3850 2490 3902 recte
2534 3846 2836 3901 aestimare
2868 3849 3124 3918 possunt
3150 3845 3318 3912 (nihil
3350 3844 3513 3901 enim
3546 3844 3768 3901 horum

2102 3954 2210 4012 per
2240 3954 2302 3993 se
2336 3937 2605 3994 Christus
2633 3940 2825 4001 esset,
2855 3951 3053 4009 neque
3082 3937 3213 4006 ejus
3240 3935 3545 4005 divinitas,
3572 3950 3771 4007 neque

2102 4031 2232 4101 ejus
2284 4028 2704 4097 humanitas);
2755 4027 2860 4082 sed
2921 4043 2993 4082 ex
3043 4026 3348 4082 ambabus
3402 4023 3770 4094 coagulum,

2101 4135 2292 4175 unum
2320 4117 2561 4186 scilicet,
2584 4133 2695 4172 nec
2716 4117 2837 4172 duo
2868 4131 2979 4172 nec
3009 4117 3069 4172 in
3095 4116 3217 4172 ullo
3249 4115 3366 4171 alio
3388 4113 3774 4171 animadver-

2102 4226 2258 4274 sum,
2292 4223 2483 4263 unum
2520 4206 2821 4263 Christum
2843 4210 2900 4263 et
2931 4222 3118 4263 unam
3151 4206 3281 4277 ejus
3310 4217 3594 4262 naturam
3626 4218 3770 4261 con-

2100 4299 2251 4355 titeri
2281 4298 2531 4356 omnino
2571 4298 2749 4367 cogit.

2689 4601 2831 4657 Alia
2864 4599 3172 4670 expositio.

2171 4752 2261 4802 2t.
2296 4746 2353 4803 Si
2384 4747 2537 4819 dyas
2564 4742 3064 4802 considerationis
3092 4744 3231 4816 post
3276 4739 3611 4798 monadem
3653 4741 3774 4813 pri-

2101 4852 2266 4893 mam
2294 4834 2620 4891 indicativa
2642 4834 2738 4903 sit,
2764 4832 2979 4888 divisio
3001 4836 3206 4888 autem
3229 4830 3443 4887 unitati
3479 4830 3553 4885 sit
3581 4845 3772 4902 oppo-

2100 4927 2233 4991 sita,
2261 4926 2340 4995 ob
2381 4925 2441 4980 id
2486 4926 2685 4997 ipsum
2728 4923 2908 4978 simul
2961 4922 3122 4977 uniri
3156 4924 3214 4977 et
3252 4920 3444 4977 dividi
3481 4920 3645 4976 idem
3679 4935 3775 4976 se-

2098 5016 2368 5071 cundum
2410 5031 2471 5071 se
2517 5012 2883 5086 impossibile
2921 5017 3031 5067 est.
3076 5010 3250 5067 Nulla
3291 5010 3473 5080 igitur
3497 5009 3679 5082 dyas,
3711 5010 3771 5065 in

2096 5113 2392 5179 quantum
2422 5111 2510 5161 est
2543 5105 2721 5176 dyas,
2754 5102 3091 5159 secundum
3125 5102 3184 5157 id
3218 5106 3418 5174 potest
3446 5100 3566 5157 dici
3594 5100 3772 5156 unirio

2097 5197 2202 5251 sed
2232 5196 2431 5268 potius
2461 5193 2671 5250 dividi.
2705 5196 2767 5248 lit
2798 5192 2872 5247 de
2914 5192 3146 5247 Christo
3172 5191 3350 5261 igitur
3379 5190 3426 5245 si
3463 5189 3601 5245 duas
3627 5193 3767 5246 sunt

2096 5287 2224 5356 ejus
2255 5291 2507 5353 naturus,
2536 5298 2731 5355 neque
2762 5298 2905 5349 una,
2925 5280 3125 5338 omnis
3154 5285 3360 5336 autem
3384 5280 3559 5351 dyas,
3589 5284 3773 5351 prout

2094 5382 2185 5433 est
2210 5375 2386 5447 dyas,
2409 5374 2632 5447 duplex
2658 5372 2972 5437 exsistens,
2997 5371 3333 5427 secundum
3357 5370 3418 5426 id
3449 5370 3759 5438 dividitur,

2093 5483 2204 5522 nec
2239 5467 2460 5533 unitur,
2489 5464 2694 5519 Christi
2718 5463 2896 5531 igitur
2921 5463 3056 5517 dum
3080 5460 3393 5529 naturae,si
3416 5458 3756 5515 secundum

2093 5572 2222 5612 esse
2255 5557 2454 5628 ipsum
2496 5554 2633 5609 duae
2671 5554 2789 5608 sint
2823 5558 2879 5607 et
2923 5568 3043 5608 non
3089 5567 3212 5607 una
3266 5555 3518 5620 tantum,
3554 5564 3770 5604 secun-

2093 5647 2240 5701 dum
2271 5646 2331 5701 id
2362 5646 2564 5718 ipsum
2596 5649 2796 5700 essent
2822 5642 3029 5698 divisae
3062 5658 3261 5715 neque
3292 5642 3494 5711 unitas,
3525 5644 3584 5696 et
3619 5642 3761 5695 Nes-

2092 5736 2226 5793 torii
2258 5736 2535 5793 doctrina
2559 5734 2884 5791 inducitur.
