4508 6436
791 430 860 483 59

1358 554 1503 610 Alia
1521 555 1871 624 propositio.

860 682 956 736 22.
996 683 1064 736 Et
1091 681 1166 736 de
1204 680 1503 737 continuis
1549 697 1709 752 saepe
1756 696 2076 737 numerum
2114 679 2439 745 aﬁ‘erimus,

790 774 874 837 ut,
910 769 1076 824 verbi
1108 770 1299 838 gratia
1319 770 1562 826 duobus
1590 770 1808 825 cubitis
1828 771 2076 838 longum
2104 786 2233 826 esse
2253 768 2441 841 quod-

789 859 932 914 dam
984 859 1217 929 lignum
1264 860 1540 916 dicimus.
1586 860 1698 916 Sed
1738 865 2006 933 potentia
2040 865 2273 915 tantum
2318 858 2441 913 duo

788 963 981 1003 unum
1022 963 1150 1003 esse
1180 948 1456 1010 dicimus,
1486 964 1606 1003 non
1639 965 1738 1015 re;
1779 965 1850 1004 eo
1880 948 2046 1021 quod
2081 948 2439 1003 divisionem

789 1035 991 1092 subire
1024 1041 1290 1108 potestet
1316 1036 1440 1092 duo
1468 1036 1619 1102 ﬁeri,
1650 1037 1883 1108 lignum
1906 1037 2052 1093 illud
2074 1036 2319 1093 duobus
2343 1051 2439 1090 cu-

786 1124 925 1181 bitis
952 1141 1085 1181 esse
1106 1126 1388 1181 dicimus.
2028 1130 2029 1137 “

1354 1253 1401 1307 Α
1415 1253 1500 1307 lia
1520 1254 1866 1321 propositio.

856 1378 948 1431 23.
990 1375 1046 1429 Si
1078 1375 1345 1431 Christus
1382 1392 1541 1431 unus
1592 1382 1680 1433 est
1729 1379 1972 1433 nomine
2020 1381 2077 1433 et
2117 1394 2199 1443 re,
2241 1377 2439 1432 omnis

788 1469 988 1518 autem
1031 1462 1297 1517 deﬁnitio
1352 1480 1535 1520 unam
1595 1470 1870 1521 naturam
1919 1467 2172 1533 indicat,
2210 1465 2320 1520 nisi
2366 1467 2438 1520 sit

787 1552 1075 1619 ambigua
1101 1571 1113 1619 ;
1139 1553 1346 1609 Christi
1372 1569 1660 1609 numerus
1690 1556 1866 1621 igitur
1894 1556 2068 1610 unius
2098 1560 2326 1610 naturae
2348 1560 2439 1609 est

784 1640 1183 1704 indicativus;
1213 1641 1258 1695 si
1292 1647 1493 1697 autem
1532 1644 1865 1699 secundum
1904 1659 2015 1699 nos
2060 1644 2196 1698 dua:
2228 1644 2436 1698 Christi

784 1732 1015 1783 naturae
1054 1728 1206 1783 duas
1237 1729 1461 1785 habent
1491 1730 1870 1786 deﬁnitiones
1902 1747 2021 1785 non
2067 1731 2229 1785 idem
2260 1730 2439 1797 signi-

783 1816 1052 1882 ﬁcantes,
1087 1823 1144 1873 et
1170 1817 1437 1873 Christus
1466 1820 1664 1886 igitur,
1697 1836 1831 1875 cum
1856 1836 2013 1874 unus
2046 1821 2141 1887 sit,
2164 1819 2318 1875 duas
2337 1819 2437 1874 de-

782 1906 1084 1962 ﬁnitiones
1103 1923 1223 1962 non
1247 1908 1404 1962 idem
1435 1909 1836 1977 signiﬁcantes
1860 1909 2134 1965 habebit.
2158 1910 2211 1965 Si
2236 1913 2436 1965 autem

783 1995 845 2051 id
877 1996 1248 2068 impossibile
1271 2002 1363 2052 est
1392 2000 1613 2063 (omnis
1642 2000 1803 2054 enim
1830 2000 1913 2053 rei
1937 1998 2113 2053 unius
2136 1999 2435 2054 existentis

783 2087 969 2141 unica
999 2092 1091 2143 est
1121 2086 1435 2157 deﬁnitio),
1469 2103 1590 2143 non
1627 2088 1806 2155 igitur
1843 2089 1997 2147 duas
2026 2088 2272 2144 habebit
2296 2089 2438 2143 deﬁ-

783 2175 1039 2230 nitiones
1069 2176 1360 2232 Christus.
1398 2178 1452 2233 Si
1482 2178 1565 2232 ita
1591 2182 1700 2243 est,
1730 2194 1923 2248 neque
1947 2178 2083 2233 duae
2115 2184 2285 2233 erunt
2309 2178 2438 2247 ejus

780 2270 1009 2319 naturae
1036 2283 1048 2333 ;
1080 2265 1330 2332 singulas
1352 2267 1511 2321 enim
1532 2266 1909 2322 deﬁnitiones
1940 2284 2126 2322 unam
2158 2272 2437 2324 naturam

781 2354 1144 2425 signiﬁcant,
1181 2355 1304 2411 sive
1334 2356 1638 2428 simplices
1671 2356 1792 2412 sive
1815 2356 2185 2428 compositae.

1531 2498 1684 2553 Alia.

853 2623 942 2675 24.
987 2620 1043 2675 Si
1070 2636 1294 2676 nomen
1325 2621 1590 2678 Christus
1624 2637 1744 2676 non
1779 2621 2127 2677 substantiae
2161 2621 2437 2679 indicati-

779 2724 926 2763 vum
958 2714 1069 2776 est,
1126 2710 1229 2764 sed
1275 2710 1593 2781 cujusdam
1641 2716 1868 2766 naturae
1919 2711 2317 2766 accidentium
2366 2729 2436 2767 ex

780 2798 1007 2852 unione
1038 2803 1330 2863 crtorum,
1364 2805 1719 2855 naturarum
1754 2817 1890 2872 qute
1912 2800 2047 2855 duas
2079 2801 2250 2856 facta;
2275 2807 2431 2871 sunt,

778 2887 1170 2944 indicativum
1211 2894 1319 2944 est.
1352 2892 1471 2944 Hoc
1505 2896 1705 2944 autem
1738 2890 1884 2945 nihil
1927 2890 2092 2946 aliud
2132 2897 2219 2946 est
2248 2907 2433 2962 quam

779 2981 1136 3031 naturarum
1178 2976 1459 3033 relativus
1489 2978 1752 3034 habitus.
1798 2982 1937 3035 Duae
1969 2986 2169 3036 autem
2206 2986 2435 3037 naturas

779 3064 874 3120 vel
904 3065 1084 3120 unitae
1115 3074 1427 3122 remanent
1459 3069 1516 3123 in
1558 3069 1827 3134 Christo;
1868 3070 2204 3126 secundum
2256 3071 2437 3136 igitur

778 3170 1003 3209 vanum
1052 3154 1435 3211 solummodo
1482 3157 1758 3214 habitum
1809 3164 2159 3215 naturarum
2192 3160 2435 3215 alterius

780 3258 919 3298 cum
948 3243 1132 3299 altera
1172 3243 1327 3300 facta
1358 3251 1446 3300 est
1483 3248 1667 3314 unio;
1702 3253 1767 3303 ut
1794 3248 2010 3303 dicitur
2050 3249 2125 3303 de
2165 3249 2350 3304 choro
2379 3255 2435 3304 et

778 3331 983 3396 domo,
1012 3338 1069 3388 et
1098 3332 1245 3389 urbe
1277 3339 1334 3389 et
1363 3334 1665 3407 lapidibus
1699 3342 1757 3391 et
1792 3337 1968 3407 lignis
2007 3337 2227 3411 quibus
2258 3354 2432 3394 cons-

778 3424 863 3476 tat
883 3420 1223 3494 aediﬁcium,
1244 3425 1765 3495 quemadmodum
1788 3432 1845 3483 et
1871 3428 2171 3483 Nestorius
2193 3427 2435 3483 docuis-

777 3525 841 3564 se
869 3510 1177 3583 reperitur.

1525 3640 1574 3695 Α
1587 3641 1691 3696 lia.

847 3764 938 3817 23.
982 3761 1037 3817 Si
1065 3777 1203 3833 quae
1231 3762 1520 3819 uniuntur
1549 3781 1736 3820 unum
1770 3765 1939 3830 ﬁunt,
1965 3783 2102 3839 quae
2133 3782 2255 3823 non
2282 3768 2436 3825 ﬁunt

776 3864 969 3906 unum
1002 3850 1255 3906 omnino
1303 3868 1426 3907 non
1480 3853 1809 3920 uniuntur;
1858 3856 1901 3909 si
1934 3855 2114 3925 igitur
2149 3857 2283 3912 duae
2324 3874 2433 3913 nec

776 3954 901 3995 una
931 3945 1073 3995 sunt
1106 3940 1311 3996 Christi
1346 3948 1595 4007 naturae,
1620 3943 1774 4015 dyas
1820 3951 2043 4009 autem,
2076 3962 2210 4000 cum
2244 3946 2436 4018 dupli-

776 4028 924 4083 citas
952 4029 1046 4096 sit,
1079 4029 1392 4085 divisionis
1433 4031 1757 4088 indicativa
1787 4038 1895 4099 est,
1938 4034 2008 4101 si,
2055 4051 2190 4107 quae
2237 4035 2435 4092 divisa

777 4121 935 4183 sunt,
966 4133 1087 4171 non
1122 4122 1263 4173 sunt.
1294 4119 1483 4187 unita,
1510 4136 1631 4175 non
1657 4122 1837 4189 igitur
1857 4122 2038 4177 uniue
2063 4127 2204 4179 sunt
2225 4124 2434 4179 Christi

775 4211 1033 4274 naturae;
1068 4206 1114 4261 si
1144 4206 1345 4279 igitur.
1370 4224 1440 4262 eo
1467 4209 1631 4281 quod
1664 4226 1786 4265 non
1816 4212 2094 4266 immistie
2122 4212 2435 4270 sint.duas

775 4310 908 4350 esse
953 4295 1165 4351 Christi
1197 4301 1444 4351 naturas
1479 4305 1743 4367 censent,
1777 4315 2023 4355 necesse
2054 4307 2161 4368 est,
2194 4307 2434 4374 propter

772 4384 1083 4451 unionem,
1118 4391 1182 4442 ut
1210 4402 1396 4442 unam
1434 4388 1563 4459 ejus
1593 4395 1873 4445 naturam
1904 4390 2126 4446 dicant.

1518 4514 1683 4569 Alia.

844 4638 934 4691 26.
978 4638 1105 4691 Non
1135 4640 1283 4707 quot
1304 4638 1721 4710 cujuscunque
1746 4639 1825 4694 rei
1847 4645 1987 4695 sunt
2012 4641 2428 4712 proprietates,

771 4728 857 4781 tot
885 4730 950 4780 et-
979 4725 1162 4796 hujus
1194 4731 1337 4781 sunt
1381 4728 1633 4781 naturae.
1675 4728 1772 4782 Vel
1822 4730 1982 4784 enim
2034 4729 2182 4785 nihil
2220 4746 2429 4786 eorum

770 4832 907 4889 quas
931 4816 1239 4889 propriam
1268 4818 1494 4873 habent
1515 4819 1944 4887 exsistentiam,
1981 4822 2160 4875 unius
2188 4823 2295 4877 erit
2324 4838 2428 4877 na—

770 4911 938 4971 turae,
974 4923 1111 4961 cum
1149 4906 1350 4979 plures
1391 4910 1787 4981 proprietates
1817 4910 2159 4967 differentes
2189 4913 2246 4967 in
2276 4928 2432 4967 uno-

767 5011 1011 5069 quoque
1034 4996 1623 5063 animadvertantur;
1648 4998 1752 5053 sed
1777 5014 1985 5054 eorum
2004 5002 2275 5055 omnium
2295 5017 2431 5073 quae

769 5086 1151 5157 suppositum
1212 5086 1579 5141 constituunt
1632 5087 1994 5154 coagulum,
2057 5096 2275 5145 natura
2322 5095 2428 5145 est-

770 5175 928 5244 Ignis
954 5176 1113 5231 enim
1137 5175 1342 5231 lumen
1383 5182 1440 5230 et
1468 5176 1675 5233 levitas
1701 5179 2099 5250 proprietates
2130 5185 2288 5249 sunt,
2325 5180 2431 5235 sed

768 5280 891 5321 non
922 5265 1125 5320 lumen
1161 5271 1263 5321 aut
1289 5266 1590 5321 levitatem
1628 5269 1783 5335 ignis
1815 5284 1944 5323 esse
1975 5273 2255 5325 naturam
2288 5270 2431 5325 dici-

768 5371 926 5421 mus,
951 5360 1014 5410 ut
1050 5360 1107 5411 et
1137 5356 1291 5411 aeris
1326 5357 1717 5428 prOprietates
1755 5363 1894 5413 sunt
1926 5358 2142 5413 caloris
2164 5360 2427 5415 carentia

767 5452 823 5502 et
852 5447 1236 5519 personatio;
1286 5452 1352 5502 ut
1379 5452 1435 5501 et
1477 5446 1731 5502 aliorum
1766 5448 2201 5504 elementorum
2234 5449 2431 5505 videre

768 5543 858 5591 est
905 5536 1056 5591 alias
1107 5535 1528 5606 proprietates.
1574 5537 1684 5591 Sed
1721 5552 1902 5592 nemo
1944 5538 2191 5593 audebit
2232 5538 2431 5595 dicere

770 5624 972 5680 multis
999 5625 1480 5697 unumquodque
1506 5627 1738 5681 naturis
1764 5643 1893 5682 esse
1918 5643 1989 5682 eo
2016 5628 2182 5699 quod
2214 5628 2433 5684 multas

767 5715 991 5772 habeat
1018 5714 1413 5787 proprietates
1438 5734 1453 5787 ;
1494 5715 1541 5771 si
1567 5720 1626 5771 et
1653 5715 1728 5771 dc
1770 5716 2003 5773 Christo
2032 5716 2343 5775 divinitate
2374 5724 2432 5775 et

2136 431 2406 486 NICETE
2445 428 2818 488 CHONIATJE

4083 439 4153 491 60

2474 554 2521 605 Α
3083 556 3287 632 Ἕτερον
3316 557 3614 633 πρόϐλημα.

2624 677 2728 751 κβ.
2784 684 2884 732 Καὶ
2935 684 3017 732 ἐπὶ
3075 689 3174 732 τῶν
3222 689 3456 752 συνεχῶν
3499 681 3741 742 πολλάκις
3799 687 4011 755 φέρομεν
4063 686 4150 735 τὸν

2552 767 2771 841 ἀριθμὸν
2820 766 2918 821 δύο
2966 775 3081 844 φέρε
3120 770 3275 823 εἰπεῖν
3325 777 3539 842 πήχεων
3582 776 3640 823 τὸ
3695 771 3842 834 ξύλον
3903 772 4146 843 λέγοντες

2552 857 2679 908 ἀλλά
2726 854 2944 929 δυνάμει
2990 855 3088 911 δύο
3144 863 3304 931 φαμεν
3353 857 3480 912 εἶναι
3529 863 3586 911 τὸ
3637 860 3706 927 ἓν,
3748 859 3841 911 οῦκ
3888 858 4138 934 ἐνεργείᾳ.

2549 956 2621 1017 τῷ
2671 943 2730 998 δὲ
2779 943 3039 1000 δύνασθαι
3086 955 3248 1020 τομὴν
3288 951 3573 1021 ὑπομένειν,
3618 953 3707 1000 καὶ
3752 946 3849 1001 δύο
3886 951 4146 1020 γενέσθαι,

2549 1039 2713 1108 ταύτῃ
2750 1040 2907 1107 φαμεν
2939 1037 3063 1089 αύτό
3105 1034 3202 1090 δύο
3227 1046 3376 1090 τινῶν
3406 1044 3621 1109 πήχεων
3650 1038 3797 1102 εἶναι,

3078 1247 3283 1320 Ἐ”ερον
3313 1246 3612 1321 πρόϐλημα.

2621 1376 2716 1447 κγ’·
2754 1375 2812 1427 Εἰ
2843 1376 2867 1426 ὀ
2894 1377 3123 1447 Χριστὸς
3151 1370 3222 1435 εἷς
3246 1372 3385 1425 ἐστιν
3413 1372 3627 1444 ὀνόματί
3655 1392 3708 1425 τε
3738 1376 3827 1424 καί
3852 1374 4147 1444 πράγματι,

2548 1471 2650 1525 πᾶς
2695 1460 2754 1515 δὲ
2806 1466 3025 1534 ὁρισμὸς
3090 1459 3161 1522 εἷς
3218 1462 3306 1529 ὢν,
3356 1461 3398 1513 εἰ
3453 1467 3523 1533 μὴ
3595 1460 3861 1532 ὁμώνυμος
3901 1463 4000 1525 εἴη,
4029 1465 4149 1530 μιᾶς

2549 1558 2745 1625 φύσεως
2771 1549 3061 1613 δηλωτικός
3088 1550 3220 1603 ἐστι’
3250 1552 3386 1603 καὶὸ
3408 1559 3498 1602 τοῦ
3526 1558 3760 1622 Χριστοῦ
3782 1550 3884 1622 ἄρα
3905 1547 4145 1621 ἀριθμὸς.

2547 1649 2673 1714 μιᾶς
2692 1651 2787 1703 τῆς
2809 1641 2967 1692 αὐτοῦ
2996 1643 3196 1711 φύσεως
3218 1636 3509 1699 δηλωτικός
3534 1637 3693 1692 ἐστιν.
3720 1637 3777 1691 Εἰ
3804 1635 3862 1690 δὲ
3892 1637 4149 1708 καθ’ύμᾶς

2547 1732 2603 1783 αἰ
2640 1739 2731 1782 τοῦ
2773 1738 3005 1802 Χριστοῦ
3038 1726 3135 1781 δύο
3167 1731 3343 1799 φύσεις
3374 1724 3472 1780 δύο
3518 1729 3737 1798 ἔχουσιν
3776 1728 4045 1800 ὁρισμούς,
4087 1724 4145 1776 ού

2546 1824 2704 1872 ταυτό
2756 1815 3059 1879 δηλοῦντας,
3119 1822 3206 1868 καὶ
3251 1818 3276 1867 ὁ
3326 1820 3551 1888 Χριστος
3608 1818 3730 1890 ἄρα,
3781 1813 3846 1875 εἷς
3898 1815 3985 1875 ὢν,
4047 1811 4145 1865 δύο

2468 1899 2509 1953 Β
2548 1912 2795 1985 ὁρισμούς
2816 1909 2914 1971 ἔξει
2943 1908 3002 1959 ού
3030 1911 3188 1959 ταυτὸ
3215 1903 3519 1967 δηλοῦντας
3545 1906 3587 1958 εἰ
3627 1902 3687 1958 δέ
3711 1914 3862 1958 τοῦτο
3889 1901 4143 1957 ἀδύνατον

2549 1996 2753 2071 (παντὸς
2773 2002 2875 2071 γὰρ
2895 1999 3206 2069 πράγματος
3229 1995 3337 2058 ἐνὸς
3360 2000 3503 2057 ὄντος
3529 1997 3601 2056 εἷς
3627 1994 3737 2047 ἐστι
3765 2000 3853 2046 καὶ
3875 1995 4064 2068 ὁρισμό
4076 1994 4143 2064 ς),

2547 2091 2640 2142 οῦκ
2678 2091 2781 2161 ἄρα
2807 2085 2904 2139 δύο
2935 2086 3034 2150 ἔξει
3068 2092 3157 2138 καὶ
3196 2088 3449 2160 ὁρισμούς
3479 2086 3503 2136 ό
3528 2088 3771 2157 Χριστος
3807 2084 3849 2135 εἰ
3880 2079 3939 2135 δε
3966 2090 4142 2150 τοῦτο,

2547 2176 2671 2232 οὐδὲ
2702 2174 2799 2230 δύο
2831 2180 3036 2229 ἔσονται
3067 2175 3225 2227 αὑτοῦ
3258 2176 3311 2226 αἱ
3336 2177 3532 2246 φύσεις·
3562 2174 3778 2233 ἕκαστος
3804 2174 3906 2244 ’γὰρ
3929 2173 4145 2243 ὁρισμὸς

2547 2275 2667 2341 μιᾶς
2707 2270 2907 2339 φύσεως
2934 2263 3046 2317 ἐστι
3077 2261 3111 2317 δ
3115 2263 3385 2333 ηλωτικὸς,
3410 2266 3507 2315 εἴτε
3528 2262 3740 2328 ἁπλοῦς,
3760 2264 3860 2314 εἴτε
3882 2262 4143 2321 σύνθετος.

3235 2502 3459 2570 Ἕτερον.

2618 2621 2727 2679 κδ’.
2771 2624 2829 2677 Εἰ
2873 2626 2933 2675 τὸ
2990 2624 3223 2694 Χριστὸς
3278 2625 3439 2691 ὄνομα
3495 2619 3588 2671 οῦκ
3632 2618 3807 2677 ούτίας
3838 2613 4151 2677 δηλωτικὸν,

2549 2713 2675 2766 ἀλλὰ
2711 2723 2808 2766 τῶν
2840 2717 2958 2786 περὶ
3001 2716 3096 2769 τὴν
3142 2710 3325 2762 ούσίαν
3356 2712 3496 2769 τινὸς
3533 2717 3633 2759 τῶν
3671 2706 3726 2759 ἐκ
3764 2715 3860 2766 τῆς
3899 2705 4145 2767 ἐνὼσεως,

2544 2812 2645 2856 τῶν
2696 2799 2794 2855 δύο
2835 2804 3033 2873 φύσεων
3072 2804 3351 2870 γενομένων
3411 2794 3698 2854 δηλωτικόν
3731 2799 3862 2847 ἐστι’
3904 2800 4057 2845 τοῦτο
4090 2788 4149 2844 δὲ

2546 2889 2695 2945 οὐδὲν
2723 2891 2844 2944 illo
2870 2889 3008 2942 ἐστὶν
3035 2891 3063 2947 ἡ
3095 2890 3124 2946 ἠ
3161 2897 3259 2940 τῶν
3290 2892 3487 2959 φύσεων
3516 2890 3647 2960 πρὸς
3679 2884 3901 2945 ἀλλήλας
3931 2886 4141 2954 σχέσις

2547 2979 2644 3035 δύο
2677 2978 2735 3033 δὲ
2774 2986 2955 3053 φύσεις
2993 2984 3083 3030 καὶ
3128 2977 3397 3029 ἐνωθεῖσαι
3436 2980 3785 3048 μεμενήκασιν
3824 2972 3871 3024 ἰν
3902 2978 4140 3044 Χριστῷ·

2542 3074 2677 3123 κατὰ
2697 3076 2857 3141 μόνην
2887 3068 2989 3141 ἄρα
3021 3071 3211 3138 σχέσιν
3235 3065 3393 3136 ψιλὴν
3415 3066 3444 3122 ἡ
3479 3074 3576 3116 τῶν
3609 3065 3807 3135 φύσεων
3832 3063 3958 3133 πρὸς
3989 3058 4141 3116 ἀ).λὴ-

2539 3160 2629 3221 λας
2693 3163 2897 3230 γέγονεν
2954 3159 3149 3217 ἓνωσις·
3206 3158 3270 3216 ὡς
3327 3154 3410 3207 ἐπὶ
3448 3160 3637 3227 χοροῦ,
3680 3157 3767 3203 καὶ
3816 3151 4005 3211 οἰκίας,
4052 3152 4142 3200 καὶ

2542 3251 2755 3315 πόλεως,
2797 3254 2885 3300 καὶ
2910 3247 3086 3308 λίθων,
3113 3251 3201 3298 καὶ
3222 3245 3382 3308 ξύλων
3422 3243 3469 3295 ἐν
3492 3240 3568 3304 οἷς
3597 3246 3655 3294 τὸ
3682 3237 4141 3312 οἰκοδομούμενον,

2544 3343 2713 3401 καθὼς
2744 3344 2833 3391 καὶ
2859 3342 3139 3411 Νεστὸριος
3171 3332 3499 3408 δογματίζων
3540 3332 3856 3406 εὑρίσκεται.

2464 3301 2503 3355 C

3276 3635 3501 3708 Ἕτερον.

2613 3766 2699 3819 κε’.
2765 3765 2826 3820 Εἰ
2869 3766 2935 3816 τὰ
2976 3766 3211 3834 ἡνωμένα
3249 3760 3297 3812 ἓν
3344 3764 3564 3831 γίνεται,
3608 3760 3673 3809 τὰ
3716 3760 3787 3829 μὴ
3819 3758 4067 3827 γενόμενα
4097 3752 4145 3805 ἓν

2543 3856 2649 3928 οὐχ
2712 3859 2905 3914 ἧνωται
2972 3853 3025 3915 ἐξ
3081 3850 3327 3921 ἀνάγκης
3374 3849 3417 3901 εἰ
3477 3848 3563 3899 οὖν
3622 3844 3720 3899 δύο
3771 3849 3863 3897 καὶ
3929 3844 3987 3895 ού
4050 3848 4146 3915 μία

2540 3948 2899 4017 τυγχάνουσιν
2932 3945 2985 3995 αἰ
3016 3949 3106 3993 τοῦ
3147 3946 3381 4013 Χριστοῦ
3409 3941 3604 4011 φύσεις,
3634 3938 3663 3994 ἡ
3705 3933 3764 3988 δὲ
3804 3932 3955 4000 δυὰς,
3983 3929 4145 4005 διχάς

2542 4055 2595 4088 τε
2635 4031 2789 4098 οὖσα,
2826 4030 3133 4107 διαιρέσεως
3174 4028 3288 4081 ἐστι
3322 4026 3609 4093 δηλωτική,
3656 4027 3721 4077 τὰ
3762 4020 3820 4076 δὲ
3852 4020 4145 4096 διῃρημένα

2546 4126 2652 4196 οὐχ
2692 4127 2904 4191 ἥνωται,
2958 4122 3051 4174 οὐκ
3082 4123 3185 4192 ἄρα
3214 4122 3472 4191 ἡνωμέναι
3514 4116 3646 4168 εἰσὶν
3691 4115 3747 4167 αἱ
3784 4121 3875 4166 τοῦ
3908 4120 4143 4186 Χριστοῦ

2544 4217 2745 4287 φύσεις*
2790 4213 2833 4264 εἰ
2870 4217 3041 4264 τοίνυν
3074 4207 3168 4262 διὰ
3194 4213 3250 4260 τὸ
3284 4206 3592 4278 ἀσύγχυτον
3626 4201 3721 4257 δύο
3763 4202 3891 4255 εἶναι
3920 4204 4014 4263 τὰς
4052 4210 4145 4253 τοῦ

2542 4311 2775 4376 Χριστοῦ
2809 4304 2990 4374 φύσεις
3034 4303 3213 4371 φύσεις
3249 4296 3504 4359 ἀξιοῦσιν,
3556 4293 3680 4346 ἀλλὰ
3714 4289 3806 4345 διὰ
3830 4298 3924 4350 τὴν
3963 4292 4145 4344 ἕνωσιν

2542 4397 2664 4465 μίαν
2692 4390 2852 4443 αὐτοῦ
2876 4395 2967 4447 τὴν
2995 4392 3149 4461 φύσιν
3178 4387 3341 4457 λέγειν
3373 4385 3888 4455 ἀναγκασθήσονται.

3235 4511 3464 4585 Ἕτερον.

2749 4640 2870 4711 Οὐχ
2919 4642 3041 4691 ὅσαι
3092 4639 3396 4712 πραγμάτος
3440 4636 3663 4689 ἑκάστου
3714 4631 3973 4695 ἰδιότητες
4021 4652 4145 4685 τοσ-

3523 4726 3553 4784 ἦ
3596 4727 3698 4797 ’γὰρ
3739 4723 3799 4774 ἂν
3838 4719 3990 4774 οὐδὲν
4046 4731 4145 4774 τῶν

2461 4649 2503 4701 D
2611 4642 2696 4702 κζ’.

2541 4740 2695 4783 αῦται
2733 4734 2819 4782 καὶ
2874 4732 3055 4801 φύσεις
3091 4731 3276 4779 τούτου
3307 4726 3432 4778 εἰσίν
3463 4742 3474 4754 ’

2540 4825 2765 4893 ἑχόντων
2823 4816 2961 4871 ἰδίαν
3006 4817 3226 4890 ὓπαρξιν
3282 4822 3407 4888 μιᾶς
3446 4818 3592 4867 ἔσται
3641 4817 3861 4886 φύσεως,
3903 4812 4145 4865 πλειόνων

2543 4907 2820 4967 ἰδιοτητων
2887 4912 3003 4966 ἤτοι
3052 4903 3314 4977 διαφορῶν
3383 4904 3430 4955 ἐν
3500 4904 3702 4973 ἑκάστῳ
3758 4904 4141 4975 θεωρουμένων,

2543 4998 2669 5051 ἀλλὰ
2731 5002 2789 5049 τὸ
2847 4996 2901 5048 ἐκ
2958 4999 3163 5049 πάντων
3214 4997 3481 5066 σύγκριμα
3518 5001 3617 5045 τῶν
3679 4990 4144 5065 συμπληρούντων,

2540 5093 2598 5142 τὸ
2640 5090 2973 5159 ὑποκείμενον
3023 5089 3178 5158 φύσις
3227 5082 3355 5136 ἐστί·
3398 5086 3557 5156 πυρὸς
3604 5084 3693 5153 μὲν
3732 5086 3833 5156 γὰρ
3883 5085 3940 5131 τὸ
3982 5100 4146 5152 φωτι-

2543 5181 2740 5231 στικὸν.
2791 5181 2878 5228 καὶ
2936 5181 2994 5227 τὸ
3026 5183 3213 5247 κοῦφον
3266 5170 3405 5226 ἴδιον
3435 5191 3445 5200 ·
3511 5171 3616 5223 ἀλλ’
3667 5171 3725 5223 ού
3775 5173 3930 5242 φύσιν
3981 5173 4148 5243 πυρὸς

2539 5272 2597 5320 τὸ
2639 5269 2973 5339 φωτιστικὸν,
3009 5266 3039 5323 ἦ
3088 5268 3145 5317 τὸ
3194 5270 3382 5335 κοῦφον
3440 5260 3567 5314 εἶναί
3598 5277 3778 5333 φαμεν·
3827 5262 3999 5333 ὥσπερ
4057 5264 4150 5311 καὶ

2542 5357 2688 5431 ἀέρος
2748 5353 3002 5415 ἰδιότητες
3054 5358 3108 5405 τὸ
3161 5351 3604 5426 «ἀχρωμάτιστον,
3672 5355 3729 5402 τό
3803 5345 4016 5420 διηχὲς·
4079 5352 4147 5410 ὡς

2540 5453 2629 5500 καὶ
2696 5448 2780 5498 ἐπὶ
2850 5454 2949 5497 των
3012 5444 3175 5497 οἴλὶων
3241 5448 3538 5515 στοιχείων·
3572 5443 3713 5493 ἐστιν
3777 5436 3907 5492 ἰδεῖν
3974 5439 4150 5511 ἑτέρας

2544 5535 2833 5596 ἰδιότητας
2886 5534 2995 5587 ἀλλ’
3035 5531 3207 5596 οὐδεὶς
3246 5534 3497 5606 τολμήσει
3542 5528 3635 5583 διὰ
3673 5534 3731 5584 τὸ
3786 5529 3974 5590 πολλὰς
4032 5531 4148 5581 ἐκα-

2544 5648 2665 5681 στον
2706 5630 2900 5678 τούτων
2950 5622 3216 5684 ἰδιότητας
3257 5627 3417 5695 ἔχειν,
3457 5623 3588 5675 οὕτω
3618 5626 3707 5674 καὶ
3748 5619 3946 5673 πολλῶν
3987 5618 4146 5671 εἰπεῖν

2542 5715 2673 5772 εἶναι
2731 5719 2931 5788 φύσεων
2966 5737 2978 5748 ·
3035 5719 3169 5767 οὕτω
3234 5719 3405 5767 τοίνυν
3470 5718 3560 5765 καὶ
3617 5711 3701 5765 ἐπὶ
3753 5720 3844 5766 τοῦ
3905 5717 4145 5782 Χριστοῦ
