4508 6436
399 389 460 441 6t

1756 386 2107 445 THESAURI
2148 390 2280 448 LIB.
2320 394 2414 449 IX.

402 518 731 571 συνεστῶτος
786 509 841 562 ἔκ
905 513 1145 573 θεότητος
1192 517 1281 565 καὶ
1353 512 1773 588 ἀνθρωπότητος,
1817 514 1860 567 εἰ
1920 518 2008 585 μὲν
2041 515 2086 567 Α
2118 512 2182 568 hl

1990 535 2008 563 ν
2041 515 2086 567 Α
2118 512 2492 575 humanitate
2530 528 2860 591 constante,
2901 530 2949 582 si
2993 529 3258 586 dicerent
3288 531 3442 587 duas
3480 549 3614 590 esse
3639 534 3770 605 ejus

399 598 598 667 λέγοιεν
649 596 746 651 δύο
812 602 907 661 τὰς
963 602 1121 653 αὐτοῦ
1195 605 1369 673 φύσεις
1401 646 1415 669 ,
1457 608 1485 661 ἧ
1529 602 1576 655 ἓν
1634 601 1732 655 δύο
1790 608 2008 675 φύσεσιν

400 686 561 737 αὐτὸν
603 690 930 760 θεωρεῖσθαι,
974 691 1145 763 ὥσπερ
1199 696 1287 742 καὶ
1334 696 1389 743 τὸ
1433 693 1547 743 ὁλον
1595 692 1642 744 ἐν
1682 701 1789 755 τοῖς
1829 698 2009 765 μίρεσι

402 776 716 847 θεωρεῖσθαι
753 777 980 848 λέγομεν,
1025 780 1053 835 ἦ
1097 784 1185 830 καὶ
1224 778 1418 831 τοσάδε
1476 778 1603 832 εἷναι
1647 785 1710 833 τὰ
1766 792 1857 833 τού
1918 784 2005 834 λό-

398 882 500 932 γου
554 870 708 937 μέρη,
756 870 814 916 τὸ
872 868 921 918 ἔν
980 871 1036 918 τό
1100 866 1154 917 ἐκ
1203 876 1294 929 τῆς
1350 872 1552 921 πάντων
1610 870 1836 933 ἑνώσεως
1883 871 2006 923 ἀπο-

398 953 755 1025 τετελεσμένον
803 963 1160 1024 γινώσκοντες,
1192 961 1260 1019 ὡς
1317 960 1360 1010 εἰ
1425 965 1513 1011 καὶ
1561 965 1619 1012 τὸ
1682 966 1926 1033 τρίγωνον
1958 962 2006 1014 iv

397 1047 577 1112 τρισὶν
618 1044 841 1105 εὐθείαις
894 1046 1177 1116 ὑφεστάναι
1220 1048 1360 1118 λέγοι
1413 1069 1513 1114 τις,
1546 1050 1707 1102 αὐτοῦ
1763 1061 1854 1103 τοῦ
1892 1072 2005 1125 τρι-

396 1135 567 1197 γώνου
603 1137 883 1202 σχήματος
941 1134 1049 1196 ἐνὸς
1087 1140 1224 1196 ὄντος
1268 1145 1359 1188 τοῦ
1412 1136 1467 1189 ἐκ
1514 1148 1610 1200 τῆς
1654 1150 1887 1211 συναφῆς
1907 1151 2005 1193 τῶν

394 1228 557 1291 τριῶν
624 1220 830 1272 εὐθειῶν
889 1221 1369 1296 ἀποτετελεσμένον,
1424 1232 1512 1279 καὶ
1563 1231 1637 1280 ἔτι
1695 1234 1785 1286 τὴν
1839 1231 2005 1282 οὶκίαν

393 1308 444 1359 ἓν
471 1309 641 1369 λίθοις
672 1309 801 1362 εἶναι
858 1318 948 1364 καὶ
1004 1315 1193 1379 ξύλοις,
1229 1317 1337 1377 ἑνὸς
1375 1318 1529 1370 πάλιν
1559 1328 1650 1371 τοῦ
1700 1328 1789 1380 τῆς
1836 1324 2004 1385 οἰκίας

393 1395 576 1458 είδους
636 1401 988 1473 ὑπάρχοντος,
1037 1403 1156 1475 ὅπερ
1211 1404 1265 1455 ἐκ
1322 1416 1412 1466 τῆς
1470 1407 1668 1460 ἐκείνων
1722 1413 2004 1472 συνθέσεως

390 1490 623 1555 γέγονεν,
658 1488 788 1551 ἳσως
841 1493 903 1541 οἶν
943 1511 1019 1550 τις
1074 1500 1447 1565 συγχωρήσειε
1495 1506 1565 1565 τῷ
1614 1498 1744 1568 λόγῳ
1777 1517 1787 1527 ·
1823 1501 1861 1551 εἰ
1902 1505 2002 1574 γὰρ

392 1578 460 1625 τὰ
483 1574 536 1636 ἐξ
564 1577 632 1625 ὧν
673 1579 699 1628 b
730 1584 961 1651 Χριστὸς
1003 1577 1118 1642 δύο,
1167 1584 1279 1633 ἴσον
1336 1586 1396 1634 οἶν
1452 1588 1527 1642 εἰη
1584 1592 1638 1637 το
1695 1607 1748 1639 τε
1797 1588 1851 1640 ἐκ
1907 1587 2003 1642 δύο

394 1668 601 1733 φύσεων
653 1669 740 1716 τὸν
804 1674 1029 1739 Χριστόν
1091 1667 1216 1722 εἶναι
1274 1672 1475 1741 λέγειν,
1523 1680 1611 1725 καὶ
1664 1680 1720 1726 τό
1785 1677 1833 1728 ἐν
1906 1676 2002 1732 δύο

394 1755 613 1821 φύσεσι,
661 1762 752 1806 καὶ
805 1760 861 1807 τό
912 1764 1154 1828 τρίγωνον
1186 1760 1234 1811 ἐν
1286 1768 1457 1834 τρισὶν
1524 1764 1738 1825 εὐθείαις
1774 1809 1787 1825 ,
1821 1774 1909 1819 καὶ
1949 1768 2001 1820 ἐκ

390 1850 574 1913 τριῶν,
636 1850 725 1894 καὶ
779 1848 836 1895 τὸ
894 1846 1069 1898 λοιπόν
1122 1857 1220 1921 τῷν
1278 1850 1554 1922 εἰρημένων
1616 1855 1869 1917 ἕκαστον,
1934 1861 2001 1921 ὡς
2034 1859 2072 1912 Β

392 1935 516 2003 περὶ
571 1937 734 2003 μόνην
764 1941 859 1992 την
897 1935 1049 2002 λέξιν,
1074 1944 1163 1989 καὶ
1214 1945 1284 2010 μὴ
1326 1947 1443 2015 περὶ
1491 1947 1548 1993 τό
1594 1943 1647 1994 ix
1699 1954 1795 2006 τῆς
1823 1947 2000 2010 λέξεως

392 2023 673 2091 νοούμενον
702 2066 715 2088 ,
755 2029 850 2081 τὴν
908 2022 1163 2100 διαφορὰν
1204 2024 1330 2080 εἶναι
1364 2047 1376 2059 ⁸
1415 2034 1482 2091 ὡς
1513 2033 1699 2094 ἐξεῖναι
1744 2042 1867 2106 μίαν
1907 2044 1999 2094 τὴν

396 2118 490 2160 τοῦ
560 2114 809 2165 συνθέτου
855 2118 1009 2185 φύσιν
1060 2117 1255 2187 λέγειν,
1308 2118 1356 2171 ἐν
1406 2118 1502 2173 δύο
1554 2130 1661 2183 ταῖς
1714 2125 1898 2186 ἁπλαῖς
1940 2132 1998 2179 τό

394 2195 528 2250 εἶναι
590 2204 857 2270 ἔχουσαν,
906 2203 1077 2279 ὥσπερ
1119 2206 1166 2257 ἐν
1223 2216 1330 2270 τοῖς
1384 2214 1564 2283 μέρεσι
1622 2214 1827 2276 πολλοῖς
1880 2213 1999 2268 οὖσι

391 2292 519 2358 μίαν
564 2295 658 2346 την
713 2292 934 2349 ὁλοτητα
986 2292 1115 2346 εἶναί
1170 2318 1330 2369 φαμεν
1360 2341 1370 2352 .
1416 2300 1471 2352 Εἰ
1503 2298 1560 2353 δὲ
1592 2300 1843 2375 μηδαμοῦ
1874 2312 1998 2377 μίαν

389 2386 484 2427 τοῦ
550 2378 669 2429 ὅλου
720 2400 813 2437 την
862 2386 1016 2453 φύσιν
1076 2388 1312 2438 σύνθετον
1382 2385 1625 2445 δηλονότι
1692 2398 1865 2461 φασὶ,
1909 2401 1999 2447 καὶ

390 2468 543 2536 ἡμεῖς
593 2474 685 2525 τὴν
734 2468 781 2520 ἐν
832 2467 929 2522 δύο
978 2483 1145 2542 φωνην
1194 2477 1580 2549 ὑποπτεύσομεν
1636 2478 1950 2535 δικαιότατα
1983 2504 1994 2517 ·

385 2562 481 2606 καὶ
538 2556 655 2608 οὗτε
712 2555 804 2609 διὰ
860 2563 918 2610 τό
975 2560 1059 2612 ἕνα
1108 2561 1237 2614 εἶναι
1288 2569 1374 2616 τὸν
1426 2573 1652 2637 Χριστόν
1708 2570 1999 2644 ἀρνούμεθα

386 2647 455 2695 τὰ
486 2642 628 2706 ἐξῶν
668 2650 723 2697 τὸ
768 2650 815 2700 ἓν
870 2658 1022 2701 τούτο
1082 2657 1412 2711 συνέστηκεν.
1448 2656 1555 2708 air.”
1612 2655 1677 2709 αὖ
1726 2660 1878 2711 πάλιν
1907 2659 1999 2714 δια

384 2738 445 2784 τὸ
493 2731 591 2785 δύο
618 2738 890 2809 γνωρίζειν
942 2742 1029 2798 τὰς
1088 2740 1153 2800 εἰς
1215 2742 1395 2793 ἕνωσιν
1431 2746 1772 2808 συνελθούσας
1800 2753 1995 2819 φύσεις·

385 2827 446 2873 τό
500 2824 549 2874 ἓν
599 2828 655 2876 τὸ
705 2824 757 2876 ἐκ
805 2830 998 2878 τούτων
1038 2828 1373 2883 ἀποτελεσθὲν
1422 2834 1525 2905 οὐχ
1572 2837 1994 2909 ὁμολογήσομεν·

388 2911 517 2985 ὅπερ
548 2914 647 2965 εἶτε
692 2918 846 2984 φύσιν
885 2923 1008 2987 μίαν
1047 2918 1216 2970 καλεῖν
1272 2941 1375 2973 τινι
1428 2923 1585 2994 φίλον,
1614 2930 1714 2977 εἴτε
1764 2928 1993 2980 υπνισταο

389 3020 500 3057 σιν.
537 3006 635 3054 εἶτε
704 3010 931 3077 Χριστὸν
982 3008 1086 3072 ἕνα,
1130 3009 1187 3059 ού
1244 3006 1596 3083 διαφερόμεθα
1621 3032 1633 3044 ·
1664 3013 1739 3069 δι’
1770 3021 1994 3070 εκάστον

384 3096 493 3162 γαρ
528 3090 581 3153 ἐξ
604 3090 832 3162 ἀνάγκης
862 3100 952 3147 καὶ
982 3100 1047 3148 τὰ
1071 3095 1227 3150 λοιπά
1254 3106 1635 3172 συνεισάγεται.

389 3196 731 3269 Ἀντίῤῥησις
760 3206 875 3270 μία,
917 3199 1031 3253 οὐδ’
1066 3203 1334 3263 ἀποτάδην
1386 3214 1474 3260 καὶ
1524 3211 1655 3267 αὕτη
1706 3211 1990 3279 ἐκτεθεῖσα,
2025 3203 2065 3256 C

461 3288 589 3342 προς
668 3275 761 3330 τας
856 3279 1317 3350 καταστρωθείσας
1396 3278 1585 3332 ἄνωθεν
1667 3280 1820 3346 δοξας
1893 3275 1993 3337 τὼν

460 3347 857 3411 Μονοφυσιτὼν.

457 3446 561 3507 κζ’.
603 3455 829 3501 Τοιαῦτα
880 3455 969 3522 μεν
1026 3450 1134 3519 οὖν,
1189 3457 1259 3516 ὡς
1315 3456 1370 3508 ἐκ
1426 3456 1674 3532 βραχεων
1714 3460 1817 3524 ἓςτὶ
1864 3473 1992 3534 γνῶ-

381 3556 512 3605 ναι,
547 3540 595 3588 οἱ
624 3545 747 3609 μίαν
778 3540 862 3591 ἐπὶ
910 3551 1142 3615 Χριστοῦ
1196 3550 1349 3616 φύσιν
1409 3545 1719 3612 δοξάζοντες
1773 3552 1993 3625 ἑπισφα-

382 3625 482 3685 λὼς
543 3630 579 3679 οἱ
636 3649 694 3679 αν
752 3635 840 3681 καὶ
898 3636 953 3682 τὸ
1019 3633 1131 3685 ὅλον
1200 3633 1511 3699 ἀνενδέκτως
1554 3640 1831 3710 φασὶν,ἐκ
1894 3654 1992 3694 τῶν

382 3713 721 3788 ἀνθρωπίνων
769 3725 859 3771 καὶ
910 3722 1027 3773 καθ’
1085 3725 1218 3793 ημᾶς
1263 3724 1687 3799 ἐπιχειρημάτων
1745 3739 1992 3802 invia-vbis:

380 3812 694 3877 πειρώμενοι
741 3813 808 3859 τα
866 3812 1117 3884 θεοπρεπῆ
1153 3831 1163 3840 ⁸
1199 3814 1223 3863 ὅ
1252 3811 1310 3866 δὲ
1349 3822 1438 3867 καὶ
1490 3826 1736 3890 πρότερον
1787 3824 1990 3889 εἷρηκα,

380 3914 541 3945 τουτο
595 3902 682 3947 καὶ
747 3918 836 3949 νυν
885 3920 1017 3970 φημι
1049 3942 1061 3957 .
1094 3905 1162 3961 ὡς
1204 3900 1459 3976 διῄρηται
1503 3907 1532 3964 ἡ
1567 3917 1658 3957 τού
1722 3910 1993 3979 Εὐτυχους

378 3988 475 4034 καὶ
542 3992 827 4057 Διοσκορου
898 3985 1027 4051 δόξα
1093 3996 1176 4042 καὶ
1254 4002 1352 4043 των
1418 4004 1723 4066 συμφρονων
1792 4000 1990 4065 αὐτοῖς,

380 4069 509 4124 οὐδὲ
567 4095 665 4145 μια
721 4081 800 4136 τίς
855 4076 969 4128 ἐστι
1026 4085 1117 4132 καὶ
1165 4084 1459 4152 σύντροχος
1492 4098 1504 4112 '
1540 4085 1691 4145 αὐτὸς
1747 4089 1836 4158 μὲν
1888 4095 1989 4162 γὰρ

378 4162 635 4232 Ε-ὶτυχὴς
664 4184 753 4216 τον
797 4172 1037 4236 σώματος
1072 4170 1271 4242 ἠρνήθη
1333 4177 1426 4227 τὴν
1474 4174 1792 4245 πρόσληψιν,
1825 4175 1991 4247 μηδὲν

377 4251 539 4321 λέγων
608 4251 923 4327 ἀνθρώπειον
968 4262 1056 4308 τὸν
1098 4263 1225 4311 Θεὸν
1286 4265 1453 4331 Λόγον
1502 4261 1556 4313 ἐκ
1600 4272 1695 4324 τῆς
1728 4268 1988 4336 Παρθένου

376 4339 551 4391 λαϐεῖν
578 4386 593 4407 ,

374 4449 647 4499 γενομενον
680 4438 772 4489 τὴν
847 4432 1080 4507 πάροδον
1154 4444 1313 4508 μόνην
1392 4436 1485 4491 διὰ
1558 4451 1648 4501 τῆς
1724 4446 1988 4516 Παρθένου

376 4522 715 4575 ποιήσασθαι
758 4539 769 4550 ·

646 4341 775 4394 ἀλλὰ
832 4345 983 4396 αὐτὸν
1039 4345 1303 4423 ἀτρέπτως
1354 4355 1615 4423 τραπέντα
1680 4359 1767 4404 καὶ
1819 4357 1990 4426 σὲρκα

374 4619 755 4680 προαπαγῆναι
835 4618 926 4670 την
1011 4614 1367 4688 ἁπερίγραφον
1456 4626 1545 4671 καὶ
1626 4619 1989 4695 ἀπεριόριστον

373 4705 467 4749 καὶ
501 4698 780 4771 ἀχωρητον
834 4704 1053 4760 θεότητα
1083 4725 1171 4756 του
1222 4714 1547 4777 Μανογενοῦς
1580 4753 1593 4772 ,
1627 4718 1715 4763 καὶ
1770 4716 1983 4777 ταύτην,

373 4796 449 4856 τῷ
502 4790 647 4859 τάφῳ
702 4788 1095 4861 παραδοθεῖσαν
1126 4839 1139 4860 ,
1208 4803 1554 4866 τετυχηκέναι
1602 4808 1694 4860 τῆς
1760 4799 1986 4853 ἀναστά-

377 4896 509 4937 σεως
539 4899 550 4909 ·
604 4879 905 4949 ἰλιγγιάσας
958 4886 1061 4956 γὰρ
1116 4888 1241 4957 πρὸς
1278 4892 1386 4943 ’την
1439 4897 1538 4939 τῶν
1583 4887 1820 4941 ἐναντίων
1871 4895 1985 4943 σύν-

372 4964 545 5029 οὸον,
610 4977 699 5021 καὶ
763 4977 835 5042 μὴ
906 4971 1278 5047 ἀποθαῤῥησας
1340 4981 1469 5049 πρὸς
1530 4984 1624 5035 τὴν
1686 4984 1983 5051 συνάφειαν,

370 5056 779 5130 προεληλυθέναι
826 5066 912 5113 τὸν
962 5070 1129 5133 Λόγον
1186 5063 1286 5116 ἀπὸ
1337 5072 1621 5135 γεννήσεως
1668 5066 1987 5141 ἐδογμάτισε

368 5151 463 5198 καὶ
506 5152 581 5218 μὴ
637 5147 688 5199 ἐν
740 5148 956 5223 ἀληθεία
1006 5161 1160 5223 σῶμα
1214 5152 1567 5221 ἐνδεδύσθαι,
1619 5157 1747 5209 ἀλλὰ
1795 5163 1983 5230 φαντά-

370 5256 465 5288 σαι
510 5242 605 5295 τὴν
655 5238 952 5311 οἰκονομίαν
1008 5244 1077 5303 ὡς
1131 5241 1353 5296 ἐντευθεν
1396 5244 1761 5317 πλασματώδη
1820 5252 1988 5302 πάντα

366 5330 434 5378 τα
464 5331 744 5398 σωματικά
801 5328 1113 5400 ἐλέγχεσθαι
1161 5342 1250 5385 τού
1299 5343 1447 5391 Θεοῦ,
1490 5342 1583 5393 τὴν
1642 5336 1693 5388 ἐκ
1748 5347 1835 5398 τῆς
1884 5341 1982 5411 μη-

1895 5449 1985 5480 και

364 5425 557 5489 τρικῆς
611 5422 843 5491 γαστρός
882 5421 1184 5494 προέλευσιν
1210 5466 1221 5487 ,
1263 5429 1357 5481 τὴν
1418 5429 1791 5499 σπαργάνωσιν
1828 5472 1841 5496 ,

2119 610 2384 671 naturas,
2419 610 2506 664 vel
2537 626 2673 666 eum
2697 613 2754 668 in
2788 614 3027 671 duabus
3058 620 3284 674 naturis
3319 620 3528 685 videri,
3562 637 3770 693 quem-

2118 691 2449 750 admodum
2477 704 2531 753 et
2586 705 2773 757 totum
2827 704 2885 758 in
2939 706 3211 775 partibus
3260 708 3443 763 videri
3490 691 3768 779 dicimus,

2120 779 2208 833 vel
2275 790 2358 837 tot
2421 801 2550 841 esse
2636 791 2803 845 Verbi
2878 798 3101 863 partes,
3161 796 3449 851 unitatem
3514 814 3580 853 ex
3641 815 3765 854 om-

2118 870 2283 923 nium
2317 873 2535 929 unione
2556 879 2875 947 perfectam
2899 890 3317 949 agnoscentes,
3344 892 3405 941 ut
3434 892 3492 942 et
3518 888 3565 942 si
3592 889 3768 944 trian-

2117 957 2323 1023 gulum
2354 963 2541 1018 tribus
2572 972 2744 1022 rectis
2781 969 2953 1025 lineis
2975 978 3249 1029 constare
3283 974 3499 1047 aliquis
3525 976 3766 1045 diceret,

2116 1044 2308 1115 ipsius
2338 1052 2771 1121 triangulicum
2807 1074 2928 1113 una
2960 1061 3033 1115 sit
3061 1061 3257 1118 forma
3278 1079 3350 1118 ex
3370 1044 3546 1120 trium
3587 1066 3768 1123 linea-

2116 1148 2247 1190 rum
2280 1148 2573 1197 rectarum
2618 1146 3039 1213 coniunctione
3057 1152 3407 1219 constituta;
3432 1158 3488 1208 et
3517 1154 3768 1210 domum

2114 1221 2417 1295 lapidibus
2444 1238 2501 1284 et
2531 1231 2693 1299 ligno
2723 1237 3024 1301 constitui,
3054 1255 3190 1294 cum
3240 1256 3359 1297 una
3404 1258 3647 1315 quoque
3696 1250 3770 1299 sit

2114 1316 2334 1367 (tomus
2361 1322 2589 1387 species
2611 1338 2745 1393 quin
2773 1340 2840 1378 ex
2873 1341 3082 1382 eorum
3106 1330 3541 1399 compositione
3559 1331 3770 1387 effecta

2115 1409 2223 1461 est,
2256 1402 2496 1460 forsitan
2526 1410 2661 1464 hinc
2690 1413 2906 1467 rationi
2953 1417 3411 1475 consentiretur.
3430 1421 3482 1475 Si
3511 1421 3668 1475 enim
3697 1436 3769 1476 ea

2114 1503 2184 1542 ex
2206 1493 2426 1561 quibus
2472 1498 2736 1553 Christus
2769 1509 2856 1557 est
2894 1503 3016 1557 duo
3047 1512 3203 1571 sunt,
3238 1506 3295 1559 in
3351 1507 3509 1562 idem
3541 1508 3768 1563 reoide-

2113 1588 2199 1633 ret
2225 1582 2417 1637 dicere
2451 1587 2746 1643 Christum
2792 1607 2861 1645 ex
2901 1592 3140 1647 duabus
3181 1597 3409 1650 naturis
3437 1612 3589 1663 esse,
3621 1604 3677 1652 et
3706 1598 3766 1653 in

2112 1669 2348 1724 duabus
2383 1676 2627 1743 naturis,
2663 1685 2716 1731 et
2752 1680 3115 1748 triangulum
3155 1686 3211 1736 in
3250 1683 3436 1739 tribus
3485 1688 3679 1752 rectis,
3711 1692 3769 1742 et

2112 1761 2415 1829 extribus,
2446 1768 2499 1817 et
2530 1771 2740 1821 caetera
2783 1784 2920 1839 quae
2968 1770 3356 1838 diximus,ita
3392 1778 3452 1828 ut
3498 1775 3572 1828 sit
3597 1775 3767 1830 ditfe-

2111 1849 2299 1902 rentia
2344 1850 2402 1905 in
2448 1853 2577 1908 sola
2615 1854 2893 1919 dictione.
2923 1874 3044 1913 non
3084 1865 3282 1916 autem
3316 1865 3377 1916 in
3409 1864 3500 1916 his
3525 1853 3661 1935 quae
3694 1879 3767 1918 ex

2110 1935 2369 1992 dictione
2429 1942 2800 2010 cogitamus;
2846 1947 2927 2001 ita
2976 1953 3040 2003 ut
3099 1948 3274 2004 liceat
3326 1950 3522 2006 dicere
3580 1968 3766 2008 unam

2112 2029 2429 2097 compositi
2472 2039 2775 2098 naturam,
2812 2035 2869 2089 in
2910 2036 3153 2091 duabus
3200 2038 3574 2110 simplicibus
3601 2042 3762 2096 exsi-

2110 2120 2386 2183 stentem,
2416 2121 2935 2188 quemadmodum
2968 2126 3027 2179 in
3061 2126 3260 2181 multis
3281 2128 3551 2197 partibus
3574 2145 3765 2184 unum

2109 2209 2300 2258 totum
2334 2224 2461 2260 esse
2486 2209 2761 2265 dicimus.
2794 2215 2847 2267 Si
2876 2229 3017 2269 vero
3058 2231 3245 2270 unam
3276 2216 3453 2271 totius
3484 2224 3764 2274 naturam

2110 2294 2508 2362 compositam
2568 2296 2764 2353 dicere
2822 2302 3071 2355 omnino
3114 2303 3321 2367 nolint,
3381 2319 3492 2359 nos
3552 2308 3766 2361 merito

2109 2394 2351 2451 quoque
2385 2399 2592 2440 vocem
2626 2387 2682 2440 in
2714 2387 2955 2443 duabus
2992 2391 3453 2462 suspicabimur.
3477 2395 3543 2448 Et
3568 2409 3766 2466 neque

2110 2482 2180 2521 eo
2201 2471 2364 2539 quod
2388 2487 2540 2527 unus
2562 2482 2653 2529 est
2674 2477 3263 2548 Christus.negamus
3289 2497 3362 2537 ea
3382 2482 3604 2553 quibus
3622 2482 3761 2537 illud

2109 2571 2322 2619 unum.
2344 2567 2595 2622 constat.
2629 2580 2821 2635 neque
2852 2583 2923 2621 eo
2953 2570 3117 2639 quod
3146 2570 3299 2624 duas
3354 2573 3765 2640 agnoscimus,

2109 2654 2355 2702 naturas
2379 2650 2437 2703 in
2468 2666 2653 2707 unum
2682 2658 3206 2725 convenientes,ex
3232 2660 3302 2713 iis
3331 2676 3519 2714 unum
3537 2658 3765 2731 aliquid

2108 2736 2437 2805 perfectum
2495 2756 2623 2797 eSse
2680 2760 2798 2799 non
2882 2747 3303 2803 confitebimur
3352 2767 3365 2815 ;
3427 2748 3593 2820 quod
3643 2749 3766 2803 sive

2108 2826 2243 2895 quis
2275 2844 2458 2885 unam
2491 2839 2770 2890 naturam
2802 2853 3013 2892 vocare
3043 2838 3201 2907 velit,
3219 2840 3341 2893 siv’e
3362 2840 3761 2911 hypostasim,

2109 2915 2231 2967 sive
2256 2933 2445 2974 unum
2491 2921 2805 2988 Christum,
2833 2942 2952 2981 non
2987 2927 3420 2984 contendemus
3454 2944 3597 3001 :per
3644 2929 3759 2984 sin-

2108 3003 2247 3071 gula
2280 3007 2438 3062 enim
2470 3017 2527 3064 et
2560 3011 2789 3085 reliqua
2821 3014 3226 3073 adducuntur.

2106 3202 2421 3272 Responsio
2447 3210 2647 3272 unica.
2671 3228 2859 3286 neque
2890 3214 3127 3284 longius
3149 3203 3362 3271 eadem.
3391 3217 3654 3286 exposita
3677 3215 3759 3271 ad

2175 3286 2514 3335 constratas
2548 3298 2735 3352 supra
2770 3285 3333 3355 Monophysitarum
3356 3285 3685 3357 cpi'niones.

2174 3461 2263 3513 2‘7.
2308 3458 2467 3515 Talia
2504 3460 2685 3526 igitur
2714 3470 2869 3529 sunt,
2903 3470 2967 3519 ut
3009 3481 3083 3521 ex
3131 3467 3341 3538 paucis
3401 3467 3598 3522 videre
3646 3471 3755 3532 est,

2102 3562 2239 3617 qua;
2266 3564 2447 3603 unam
2474 3550 2528 3604 in
2562 3552 2794 3608 Christo
2821 3561 3098 3610 naturam
3128 3572 3255 3611 esse
3277 3558 3584 3621 docentes,
3606 3557 3758 3627 peri-

2103 3635 2305 3689 culose
2354 3638 2532 3692 nimis
2562 3646 2619 3694 et
2665 3640 3114 3697 intolerabiliter
3154 3645 3402 3699 omnino
3434 3644 3659 3709 dicunt,
3684 3659 3758 3698 ex

2104 3724 2383 3780 humanis
2416 3734 2472 3782 et
2497 3731 2873 3786 terrestribus
2921 3734 3346 3804 experimentis
3398 3736 3758 3789 constituere

2105 3821 2398 3870 tentantes
2427 3818 2626 3873 divina
2656 3837 2668 3873 :
2703 3822 2866 3891 quod
2914 3822 3080 3892 prius
3136 3822 3279 3891 dixi,
3322 3840 3486 3878 nunc
3518 3830 3572 3879 et
3596 3824 3753 3894 dico,

2103 3920 2239 3957 nem
2253 3922 2320 3975 pe
2342 3907 2596 3963 divisam
2616 3926 2743 3964 esse
2768 3912 3041 3982 Eutychis
3059 3919 3115 3966 et
3135 3914 3392 3968 Dioscori
3408 3916 3755 3986 Opinionem

2103 3999 2404 4049 eteorum
2464 4000 2566 4068 qui
2625 4001 2695 4052 iis
2752 4004 3154 4065 consentiunt,
3187 4018 3382 4074 neque
3440 4020 3562 4059 una
3588 4010 3758 4062 estet

2102 4097 2486 4140 concurrens.
2534 4090 2663 4159 ipse
2710 4090 2958 4160 quidem
3010 4092 3303 4162 Eutyches
3350 4094 3619 4163 corporis
3661 4110 3754 4149 as-

2103 4177 2507 4247 sumptionem
2532 4178 3034 4245 negabat,dicens
3052 4181 3197 4235 nihil
3218 4183 3465 4237 humani
3484 4183 3755 4240 divinum

2101 4266 2366 4321 Verbum
2389 4285 2459 4321 ex
2484 4269 2714 4337 Virgine
2736 4271 3059 4340 accepisse,
3090 4271 3197 4326 sed
3243 4271 3387 4326 illud
3409 4272 3754 4329 immutabi-

2098 4354 2229 4410 liter
2260 4361 2555 4419 mutatum
2589 4364 2646 4412 et
2675 4374 2918 4414 carnem
2947 4358 3167 4415 factum
3200 4361 3395 4416 solum
3441 4362 3755 4418 transitum

2099 4462 2207 4517 per
2228 4447 2534 4515 Virginem
2558 4446 2769 4502 fecisse
2797 4467 2809 4515 ;
2844 4452 2899 4503 et
2919 4452 3079 4504 cruci
3098 4450 3342 4505 affixam
3374 4467 3529 4519 esse,
3553 4458 3610 4506 et
3628 4451 3754 4508 alli-

822 4529 912 4575 καὶ
987 4534 1057 4594 τῷ
1135 4536 1345 4598 σταυρῷ
1420 4531 1826 4602 προσηλωθῆναι
1900 4536 2602 4606 zaingatamesseincir

1976 4540 1988 4587 t
2026 4546 2067 4600 [)
2100 4542 2303 4606 gatam
2317 4536 3039 4610 esseincircumscriptam
3061 4545 3118 4594 et
3137 4540 3434 4595 inﬁnitam
3458 4541 3584 4596 etin
3599 4557 3756 4602 com-

2102 4625 2463 4696 prehensam
2487 4625 2858 4682 divinitatem
2875 4628 3188 4697 Unigeniti.
3204 4644 3461 4704 eamque
3480 4631 3756 4702 sepulcro

2099 4714 2379 4769 traditam
2421 4716 2915 4772 resurrectionem
2949 4718 3234 4788 adeptam
3275 4734 3431 4774 esse.
3463 4721 3757 4789 Vertigine

2099 4803 2174 4857 ad
2200 4805 2635 4859 contrariorum
2661 4804 2815 4860 viam
2838 4805 3281 4879 pulsus.neque
3306 4808 3363 4863 in
3384 4825 3592 4864 eorum
3617 4825 3756 4865 con-

2091 4894 2111 4963 j
2125 4893 2402 4948 unctione
2415 4893 3053 4965 conﬁdens,prodiisse
3066 4896 3321 4952 Verbum
3337 4897 3569 4970 absque
3583 4914 3758 4968 gene-

2097 4983 2326 5038 ratione
2339 4982 2749 5057 docuitneqne
2773 4984 2832 5039 in
2858 4985 3096 5040 veritate
3109 5002 3330 5057 corpus
3347 4987 3634 5054 induisse,
3651 4987 3756 5046 sed

2099 5073 2183 5126 sic
2199 5072 2683 5128 rerumordinem
2698 5074 3069 5145 disposuisse
3085 5064 3297 5139 utinde
3310 5077 3663 5149 omniaquae
3677 5077 3757 5133 ad

2096 5177 2317 5232 corpus
2354 5162 2603 5216 attinent
2632 5161 2835 5216 ﬁetitia
2867 5179 2996 5218 esse
3016 5164 3343 5219 creduntur
3378 5165 3479 5220 Dei
3504 5181 3654 5233 esse,
3683 5182 3756 5222 ex

2097 5251 2307 5305 matris
2331 5258 2530 5305 ventre
2561 5265 2894 5320 egressum.
2925 5253 3670 5322 mamiliarumtumorem,
3701 5260 3760 5314 et

2097 5356 2341 5395 omnem
2390 5340 2783 5411 providentiae
2821 5340 3118 5407 ordinem,
3153 5349 3209 5397 et
3235 5344 3422 5415 quasi
3474 5344 3755 5401 umbram

2095 5430 2545 5501 imaginemque
2568 5436 3038 5487 nostraenaturaa
3052 5431 3163 5486 sibi
3186 5432 3281 5486 uni
3294 5432 3445 5488 visse
3463 5432 3752 5491 Verbum.

363 5506 563 5566 ἁπλῶς·
588 5515 682 5562 τὴν
736 5508 856 5565 ὃλην
909 5516 1002 5571 τῆς
1061 5510 1357 5585 οἰκονομίας
1405 5512 1644 5587 περίοδον
1674 5558 1687 5581 ,
1730 5522 1815 5569 καὶ
1869 5520 1975 5571 οἷον
2008 5521 2159 5572 σκιὰν
2181 5523 2271 5571 καὶ
2306 5514 2518 5571 εἴδωλον
2574 5527 2666 5580 τῆς
2712 5521 2967 5593 ἡμετέρας
2998 5523 3197 5592 φύσεως
3227 5522 3391 5594 ἐαυτῷ
3421 5529 3754 5597 προσεντιῦσιιιι

363 5600 455 5647 τὸν
488 5602 659 5657 Λόγον
674 5640 685 5651 .
1401 5655 1404 5657 λ

437 5618 455 5645 ν
488 5615 562 5648 ΛΟ
606 5615 685 5651 ον.
1401 5655 1404 5657 .

437 5684 539 5742 κη’.
567 5615 650 5738 7Οί
701 5682 736 5740 δ
739 5689 761 5739 ξ
795 5693 1156 5762 Μονοφυσίται
1185 5690 1450 5765 λεγόμενοι
1475 5738 1490 5766 ,
1526 5693 1700 5770 ὣσπερ
1729 5695 1976 5770 Εὐτυχής

2157 5701 2247 5756 28.
2290 5698 2399 5767 Qui
2441 5714 2594 5757 vero.
2638 5699 3070 5775 Monophysitaa
3123 5700 3431 5789 dicuntur,
3459 5704 3754 5795 quemad-
