4508 6436
769 408 835 462 ea
2132 398 2412 457 NICETE
2446 397 2826 455 CHONIATJE
3969 434 3975 447 .
4068 415 4137 471 δι

762 526 1018 585 modum
1057 524 1355 597 Eutyches
1386 523 1764 596 supposititio
1782 524 1945 581 vultu
1975 528 2032 581 et
2069 524 2272 581 ﬁctitio
2286 526 2417 579 Ver-
2449 528 2490 580 Α
2525 522 2542 574 ί

2355 539 2417 579 ιι*-
2449 528 2490 580 Α
2525 520 2880 596 ὑποϐολιμαίῳ
2931 531 3223 599 προστώπῳ
3271 532 3360 581 καὶ
3408 527 3749 601 φασματῶδει
3808 535 3895 586 τόν
3964 542 4135 609 Λόγον

765 618 916 675 bum
941 614 1416 673 incarnationem
1441 613 1756 669 simulasse
1777 614 1999 679 docuit,
2026 615 2109 670 sic
2134 619 2189 670 et
2214 612 2293 668 illi
2310 612 2427 668 alia

766 706 869 763 via
895 704 1308 779 procedentes,
1341 717 1528 758 unam
1558 707 1839 759 naturam
1870 702 1945 759 de
1973 703 2206 759 Christo
2228 702 2425 757 dicere

768 793 901 850 ausi
934 796 1090 848 sunt.
1125 794 1314 846 Unam
1333 789 1578 862 quidem
1600 794 1807 861 etpost
1837 790 2119 845 unionem
2144 804 2424 862 perman-

768 882 917 938 sisse
942 896 1266 953 personam
1297 878 1525 947 dicunt,
1552 893 1675 934 non
1706 884 1909 935 autem
1934 879 2291 949 conjunctas
2321 893 2423 933 na-

767 976 931 1029 turas
960 986 1146 1043 puras
1182 974 1241 1025 et
1267 968 1616 1025 inconfusas
1670 968 1731 1023 in
1792 969 1917 1023 suis
1958 967 2423 1041 proprietatibus

767 1064 1127 1125 servantem,
1144 1058 1252 1114 sed
1276 1061 1413 1131 post
1440 1057 1727 1113 unionem
1750 1057 1964 1114 ambas
1983 1073 2171 1113 unum
2194 1056 2423 1128 aliquid

764 1148 956 1206 factas
998 1163 1149 1216 esse,
1173 1146 1456 1203 confusas
1479 1146 1539 1201 in
1581 1162 1692 1202 sua
1742 1146 2125 1202 immistione.
2162 1148 2225 1202 lit
2257 1145 2421 1201 aliud

765 1254 1090 1296 commune
1106 1254 1177 1294 ex
1196 1237 1474 1293 mistione
1497 1237 1871 1310 apparuisse,
1895 1235 2419 1309 quemadmodum

764 1332 821 1384 et
845 1342 1101 1399 corpora
1153 1342 1226 1382 ex
1271 1329 1532 1398 quatuor
1580 1324 1886 1381 elementis
1933 1324 2419 1382 commistionem

767 1415 1176 1483 sortita,aliud
1202 1414 1497 1487 quiddam
1526 1419 1661 1486 post
1689 1413 2028 1469 mistionem
2057 1418 2417 1485 sunt.l\'eque

766 1505 959 1560 ferum
1005 1519 1200 1576 neque
1250 1507 1523 1558 nostrum
1563 1518 1784 1574 corpus
1838 1508 1940 1558 aut
1989 1502 2140 1573 ignis
2188 1508 2292 1557 aut
2318 1517 2421 1558 aer

764 1598 868 1650 aut
896 1593 1123 1666 aliquid
1156 1608 1230 1648 ex
1259 1592 1565 1649 elementis
1593 1608 1746 1664 pura
1777 1598 1951 1659 sunt;
1994 1592 2099 1649 sed
2116 1608 2185 1648 ex
2208 1608 2417 1648 eorum

765 1680 1040 1737 mistione
1080 1680 1340 1736 formata
1385 1685 1542 1749 sunt,
1575 1686 1630 1735 et
1661 1686 1793 1752 post
1820 1681 2161 1736 mistioncm
2189 1680 2417 1753 aliquid

765 1770 928 1826 aliud
952 1770 1162 1826 effecta
1182 1774 1339 1826 sunt.
1375 1769 1476 1825 llic
1506 1774 1709 1825 autem
1732 1785 1853 1825 non
1885 1785 1979 1826 res
2004 1772 2085 1825 ita
2108 1786 2170 1825 se
2200 1769 2405 1825 habet.

2532 612 2914 686 ὑποκρίνασθαι
2943 619 3037 672 τὴν
3070 618 3336 689 σάρκωσιν
3375 614 3736 690 ἐδογμάτιζεν,
3772 622 3905 675 οὕτω
3944 620 4013 683 δὴ
4047 632 4137 679 καὶ

2533 696 2698 768 οὗτοι,
2731 706 2824 758 τὴν
2882 701 3108 756 ἐναντίαν
3147 705 3288 776 αὐτῷ
3329 711 3661 778 τραπόμενοι,
3692 715 3817 782 μίαν
3858 714 4011 783 φύσιν
4051 713 4134 768 ἐπὶ

2532 796 2768 861 Χριστοῦ
2824 791 3175 863 τετολμήκασι
3236 793 3399 865 λέγειν
3431 810 3443 823 '
3478 797 3525 848 ἓν
3567 799 3657 868 μὲν
3718 800 3819 873 γὰρ
3874 807 3963 853 καὶ
4002 822 4135 874 μετα

2531 882 2625 936 τὴν
2687 877 2866 931 ἕνωσιν
2931 887 3269 954 μεμενηκέναι
3326 889 3454 956 φασὶ
3509 892 3805 958 πρόσωπον,
3859 890 3917 941 οὐ
3965 895 4133 954 σῶζον

2534 962 2593 1020 δε
2623 967 2715 1028 τὰς
2765 969 3168 1034 συνεληλυθυίας
3220 976 3395 1045 φύσεις
3448 976 3683 1049 καθαρὰς
3726 982 3815 1029 καὶ
3878 977 4132 1051 ἀσυγχύ-

2530 1074 2652 1118 τους
2690 1055 2737 1108 ἐν
2777 1065 2887 1120 τοῖς
2916 1055 3073 1121 ἰδίοις
3133 1057 3437 1134 ἰδιώμασιν,
3474 1062 3601 1115 ἀλλά
3660 1067 3791 1136 μετά
3828 1070 3921 1125 τὴν
3951 1067 4132 1120 ἕνωσιν

2531 1142 2819 1220 ἀμφοτέρας
2865 1148 2914 1200 ἔν
2958 1168 3008 1201 τι
3057 1154 3336 1221 γεγονέναι,
3387 1153 3840 1223 συγχυθείσαςὲν
3888 1164 3950 1228 τῇ
4008 1156 4131 1230 παρ’

2531 1232 2746 1295 ἀλλήλας
2817 1234 3099 1311 ἀνακράσει
3144 1252 3159 1267 ⁸
3218 1244 3391 1293 καίτοι
3457 1260 3625 1294 κοινον
3692 1241 3864 1315 ἕτερον
3924 1243 3979 1296 ἐκ
4036 1254 4132 1298 τοῦ

2528 1326 2791 1395 μίγματος
2844 1334 3085 1397 φανῆναι,
3150 1328 3322 1403 ὥσπερ
3381 1334 3471 1382 καί
3529 1333 3594 1383 τὰ
3648 1337 3867 1404 σώματα
3929 1333 3985 1386 ἐκ
4032 1344 4131 1387 τῶν

2527 1414 2794 1486 τεσσάρων
2864 1419 3141 1486 στοιχείων
3212 1415 3467 1488 εἰληχότα
3511 1423 3605 1478 τὴν
3666 1427 3852 1493 κρᾶσιν
3905 1421 4027 1474 οἴλλο
4079 1443 4132 1475 τι

3300 1509 3416 1558 οὔτε
3468 1511 3570 1579 μὴν
3628 1509 3654 1559 6
3714 1505 3955 1583 σίδηρος,
4016 1514 4133 1564 οὔτε

2527 1593 2585 1641 τὸ
2616 1591 2861 1664 ἡμέτερον
2912 1599 3105 1664 σῶμα,
3147 1596 3174 1651 ἧ
3217 1600 3321 1666 πῦρ
3380 1593 3493 1647 ἔστι
3530 1598 3759 1670 καθαρὸν
3794 1639 3807 1664 ,
3858 1603 3887 1656 ἤ
3948 1598 4126 1672 cli-9,7;

2526 1683 2578 1730 τὶ
2652 1686 2749 1729 τῶν
2808 1677 2970 1730 ἀλλων
3051 1685 3329 1751 στοιχείων
3383 1725 3399 1746 ,
3467 1681 3575 1735 ἀλλ’
3635 1684 3653 1736 ἐ

2527 1500 2651 1572 παρ’
2709 1499 2875 1553 ἐκεῖνα
2932 1504 3188 1574 τυγχάνει
3236 1522 3247 1534 ·

3467 1681 3575 1735 ἀλλ’
3635 1684 3688 1747 ἐξ
3763 1686 3966 1738 ἐκείνων
4038 1681 4129 1759 μεν

2528 1768 2815 1840 συνεκράθη
2850 1808 2867 1831 ,
2910 1766 3029 1819 ἀλλο
3076 1765 3135 1821 δὲ
3186 1788 3237 1821 τι
3270 1773 3403 1842 μετὰ
3464 1776 3557 1830 τὴν
3600 1776 3892 1847 σύγκρασιν
3930 1780 4127 1847 γέγονε.

764 1844 1236 1931 εράροειιιιιιιω
1257 1858 1463 1914 divina
1483 1858 1933 1931 forma,nempe
1955 1864 2173 1915 natura
2199 1859 2256 1913 in
2290 1874 2414 1915 una
2444 1876 2487 1929 Β
2524 1861 2544 1907 Ἰ

2347 1874 2414 1915 3a
2444 1876 2487 1929 Β
2524 1859 2592 1908 Τὸ
2619 1852 2677 1907 δὲ
2715 1856 2820 1927 οὐχ
2844 1856 3006 1920 οὓτως
3058 1859 3182 1928 ἕχον
3226 1858 3367 1911 ἐστίν
3402 1878 3414 1890 ·
3458 1859 3585 1913 ἀλλα
3623 1871 3718 1924 τῆς
3747 1865 3880 1925 θείας
3928 1873 4127 1937 μορφῆς

759 1963 829 2003 ex
870 1949 993 2003 suis
1038 1947 1317 2020 personis
1361 1947 1639 2003 humanm
1694 1953 1923 2003 naturai
1972 1949 2214 2018 integrae
2268 1964 2415 2003 con-

753 2034 967 2103 juncta
987 2038 1091 2102 est,
1124 2048 1245 2088 non
1276 2031 1441 2088 aliud
1468 2031 1761 2105 quiddam
1792 2032 1951 2089 facta
1980 2038 2069 2088 est
2100 2048 2171 2087 ex
2200 2032 2413 2088 ineffa-

756 2121 861 2177 bili
888 2122 1001 2178 hac
1026 2121 1303 2178 mistione
1333 2125 1390 2177 ct
1420 2122 1662 2190 unione,
1695 2122 1801 2177 sed
1830 2127 1971 2197 post
2001 2123 2284 2178 unionem
2306 2137 2411 2178 na-

756 2214 904 2268 tura:
932 2210 1267 2267 inconfusus
1298 2216 1674 2283 permanent.

825 2394 912 2446 29.
957 2392 1027 2447 Ut
1054 2394 1256 2447 autem
1288 2390 1366 2447 ad
1396 2390 1741 2464 exemplum
1767 2390 2081 2464 quoddam
2104 2396 2411 2448 vertamus

752 2478 1309 2549 oculos,hominem
1343 2480 1724 2536 individuum
1756 2482 2288 2553 supponamus;in
2314 2498 2412 2537 cu-

748 2568 997 2641 jusdam
1020 2584 1343 2642 personam
1366 2584 1691 2642 pervenere
1712 2570 1841 2641 ejus
1862 2586 2083 2643 corpus
2106 2574 2163 2626 et
2182 2571 2407 2640 anima;

752 2658 858 2715 sed
884 2674 1007 2716 non
1020 2659 1184 2717 aliud
1206 2658 1500 2732 quiddam
1522 2659 1678 2716 ultra
1699 2664 1788 2716 est
1805 2660 2179 2733 particularis
2199 2660 2405 2717 homo.

748 2750 1068 2822 Hucusque
1099 2749 1283 2805 modo
1332 2754 1445 2804 stet
1472 2749 1839 2821 exemplum.
1868 2750 1925 2805 Si
1955 2750 2116 2805 enim
2161 2749 2407 2807 ulterius

745 2840 1230 2915 progrediamur,
1256 2840 1531 2897 multam
1555 2839 1933 2895 inveniemus
1963 2838 2393 2896 differentiam.

746 2933 825 2987 De
880 2929 1221 3002 particulari
1280 2929 1440 2985 enim
1488 2929 1755 2999 homine,
1782 2929 2019 3002 proprie
2079 2946 2300 3002 corpus
2351 2937 2407 2987 et

738 3021 949 3078 anima
967 3019 1474 3091 dicuntur,neque
1496 3020 1702 3076 anima
1727 3036 1945 3093 corpus
1979 3020 2401 3094 appellaretur,

737 3126 935 3185 neque
967 3126 1186 3182 corpus
1232 3110 1435 3165 anima
1486 3111 1917 3167 nominaretur.
1954 3114 2032 3166 De
2073 3112 2174 3167 Dei
2200 3115 2402 3168 autem

2524 1948 2642 2003 ἦτοι
2673 1948 2869 2016 φύσεως
2923 1944 2971 1997 ἐν
3024 1953 3122 2018 μιᾷ
3165 1956 3264 1999 τῶν
3324 1949 3487 2012 αὐτῆς
3540 1952 3876 2004 ὑποστάσεων
3914 1961 3975 2025 τῇ
4039 1952 4126 2005 ἀν-

2526 2035 2754 2111 θρωπίνῃ
2809 2035 2967 2108 οὐσίᾳ
3029 2035 3353 2111 ἀτομωθείση
3418 2039 3836 2109 συνεληλυθυίας,
3873 2043 3967 2094 οὐκ
4005 2043 4125 2096 ἄλλο

2524 2143 2573 2175 τι
2618 2127 2816 2195 γέγονεν
2878 2123 2978 2177 ἀπό
3024 2135 3117 2185 τῆν
3168 2126 3396 2202 ἀρρήτου
3451 2132 3649 2191 ταύτης
3702 2131 3884 2202 μίξεως
3936 2152 3989 2184 τε
4037 2137 4125 2185 καὶ

2521 2213 2795 2286 κράσεως,
2838 2212 2964 2266 ἀλλά
3000 2218 3133 2287 μετά
3180 2222 3272 2275 τὴν
3320 2218 3500 2270 ἕνωσιν
3557 2221 3613 2271 αἰ
3643 2223 3818 2293 φύσεις
3864 2223 3922 2273 τὸ
3963 2220 4124 2294 6w},-

2519 2322 2686 2375 χυτον
2715 2305 2951 2374 ἔχουσιν.

2591 2408 2686 2463 κθ’.
2725 2408 2835 2464 ἰνα
2892 2407 2951 2465 δί
3016 2416 3105 2465 καὶ
3161 2416 3291 2489 πρὸς
3333 2417 3393 2468 τὸ
3443 2412 3786 2489 παράδειγμα
3828 2416 4121 2491 βλέψωμεν,

2522 2500 2547 2552 6
2586 2501 2907 2553 καθέκαστον
2949 2502 3247 2556 ὑποκείσθω
3313 2506 3599 2579 ἄνθρωπος,
3633 2505 3701 2566 εἰς
3747 2505 3946 2569 οὗτινος
3993 2508 4123 2560 ὑπό-

2521 2608 2707 2642 στασιν
2750 2598 2902 2664 σῶμα
2946 2588 3218 2651 διελήλυθε
3246 2598 3335 2646 καὶ
3376 2593 3530 2665 ψυχή
3570 2612 3582 2625 ·
3627 2594 3733 2646 ἀλλ’
3772 2596 3868 2649 οὐκ
3912 2595 4034 2649 ἄλλο
4074 2616 4124 2649 τι

2517 2683 2661 2754 παρά
2688 2688 2852 2733 ταῦτα
2892 2683 3159 2757 όμερικός
3209 2685 3495 2747 ἅνθρωπος.
3531 2685 3669 2744 Πλὴν
3722 2690 3885 2761 μέχρι
3933 2689 4121 2740 τούτου

2520 2776 2696 2828 στήτω
2753 2773 2877 2843 ἡμῖν
2944 2776 3001 2825 τό
3064 2770 3405 2847 παράδειγμα
3442 2796 3454 2808 ο
3488 2780 3802 2851 προσωτέρω
3849 2779 3951 2853 γὰρ
4001 2799 4121 2851 χω-

2514 2866 2743 2932 ροῦντες,
2788 2858 2978 2918 πολλὴν
3039 2865 3132 2918 τὴν
3193 2859 3449 2935 διαφορὰν
3516 2865 3799 2937 εὑρήσομεν
3841 2883 3855 2897 ·
3897 2865 3982 2918 ἐπὶ
4027 2869 4119 2939 μὲν

2514 2950 2611 3023 γὰρ
2640 2956 2732 3001 τοῦ
2786 2957 3003 3023 μερικοῡ
3044 2949 3338 3026 ἀνθρώπου,
3373 2948 3684 3015 ἰδιαζόντως
3731 2958 3788 3007 τὸ
3848 2963 4001 3028 σῶμα
4028 2960 4117 3008 καὶ

2514 3039 2543 3095 ἡ
2576 3037 2732 3111 ψυχὴ
2763 3040 3018 3110 λέγονται,
3046 3045 3136 3093 καὶ
3184 3041 3295 3093 οὔθ’
3323 3043 3352 3100 ἡ
3396 3041 3549 3114 ψυχὴ
3600 3051 3755 3116 σῶμα
3791 3045 3852 3096 οἷν
3901 3044 4112 3103 κληθείη

2511 3130 2654 3193 ποτε,
2689 3130 2805 3180 οὔτε
2852 3132 2911 3181 τὸ
2967 3137 3120 3201 σῶμα
3183 3129 3339 3202 ψυχὴ
3398 3135 3846 3207 προσαγορευθείη
3882 3151 3896 3165 ⁸
3931 3133 4016 3187 ἐπὶ
4056 3132 4116 3188 δὲ

732 3200 887 3257 inter
937 3215 1049 3256 nos
1075 3203 1424 3272 persona,et
1450 3202 1635 3255 Deum
1679 3206 1887 3255 secure
1917 3200 2255 3256 diceremus
2284 3201 2398 3257 ho-
2440 3238 2480 3293 Ο
2510 3241 2512 3247 .

2333 3217 2398 3293 of
2440 3238 2480 3293 ρ
2510 3225 2605 3279 τῆς
2645 3224 2734 3269 τοῦ
2777 3224 2911 3271 Θεοῦ
2973 3219 3091 3272 καθ’
3134 3220 3268 3292 ἡμᾶς
3315 3222 3673 3289 ὑποστάσεως,
3712 3227 3802 3275 καὶ
3848 3226 3937 3276 τόν
3986 3226 4113 3277 Θεὸν

736 3289 986 3356 minem,
1010 3293 1066 3345 et
1094 3288 1405 3344 hominem
1450 3290 1909 3357 Deum,mutatis
1935 3290 2201 3345 vicissim
2231 3296 2285 3345 et
2316 3290 2399 3346 vi-

735 3378 937 3434 cissim
958 3378 1113 3434 datis
1148 3376 1516 3447 nominibus,
1543 3377 1878 3433 secundum
1908 3378 2273 3434 ineffabilem
2305 3395 2402 3435 co-

734 3466 1107 3523 haerentiam.
1140 3469 1204 3523 Et
1228 3466 1679 3537 particularium
1711 3466 2029 3523 hominum
2056 3469 2399 3524 communis

735 3559 825 3612 est
848 3556 1108 3628 species;
1130 3556 1290 3612 unde
1308 3555 1643 3612 secundum
1670 3556 1829 3613 hanc
1852 3556 2398 3613 individualitaiem

732 3660 842 3718 per
871 3646 1078 3703 omnia
1123 3645 1351 3701 similes
1388 3645 1690 3702 dicuntur.
1718 3646 2073 3716 Singulatim
2095 3646 2257 3703 enim
2287 3646 2396 3703 ho-

732 3735 950 3803 mines,
984 3734 1389 3791 caracteribus
1413 3734 1775 3802 differentes,
1793 3735 2246 3792 similitudinem
2272 3752 2399 3791 om-

734 3823 1052 3881 nimodam
1066 3824 1401 3880 secundum
1415 3824 1679 3897 speciem
1700 3824 1944 3881 habent.
1962 3824 2181 3881 Divinas
2193 3830 2396 3882 autem

734 3914 893 3971 illius
923 3919 1278 3971 naturarum
1312 3914 1678 3987 hypostasis,
1713 3930 1835 3971 non
1858 3920 1951 3971 est
1971 3914 2200 3988 aliquid
2227 3931 2394 3971 com-

729 4020 915 4061 mune
932 4020 1151 4061 nomen
1174 4003 1439 4060 Christus
1459 4003 1851 4077 appellatum,
1868 4004 2394 4077 quemadmodum

729 4093 809 4150 de
840 4092 1020 4150 nobis
1072 4092 1440 4150 vocabulum
1491 4093 1699 4163 homo,
1726 4093 1872 4166 quia
1901 4108 2025 4150 non
2056 4098 2194 4150 sunt
2222 4093 2395 4150 multi

729 4183 965 4249 Christi,
994 4183 1099 4239 sed
1128 4198 1282 4239 unus
1313 4183 1498 4239 Patris
1540 4184 1834 4240 terminus
1858 4188 1913 4241 et
1944 4183 2203 4241 Verbum
2225 4182 2394 4257 quod

728 4272 1039 4329 divinitate
1073 4272 1242 4329 unxit
1262 4271 1723 4329 humanitatem.

805 4384 893 4438 30.
936 4380 997 4437 Si
1024 4382 1378 4454 quisautem
1405 4397 1543 4437 cum
1577 4381 1840 4454 Eutyche
1871 4381 2253 4438 consentiens
2287 4397 2392 4439 oc-

722 4470 978 4527 currerit
1005 4474 1064 4526 et
1092 4468 1380 4540 objecerit
1407 4469 1719 4526 hominem
1741 4470 1985 4526 duabus
2013 4472 2241 4527 naturis
2255 4486 2390 4527 con-

2513 3304 2833 3381 θαρρουντως
2890 3307 2951 3359 ἂν
3009 3311 3237 3381 εἴποιμεν
3284 3310 3573 3384 ἄνθρωπον,
3625 3316 3714 3363 καὶ
3771 3315 3858 3365 τόν
3917 3314 4115 3387 ἄνθρω-

2509 3414 2603 3447 πον
2650 3400 2778 3449 Θεὸν
2822 3436 2835 3459 ,
2898 3400 3343 3473 μεταχωρούντων
3412 3398 3650 3462 ἀλληλοις
3697 3410 3797 3453 τῶν
3850 3401 4113 3474 ὀνομάτων

2508 3490 2598 3538 καὶ
2655 3482 3102 3559 ἀντιδιδομένων,
3162 3490 3296 3541 κατά
3358 3493 3452 3545 τήν
3518 3489 3740 3565 ἄρρητον
3813 3495 4103 3565 ωμφυίαν.

2511 3577 2611 3627 Καὶ
2668 3584 2766 3626 τῶν
2833 3579 2925 3648 μὲν
2985 3584 3208 3651 μερικῶν
3270 3576 3553 3651 ἀνθρώπων
3629 3578 3742 3632 ἐστὶ
3819 3585 3878 3633 τὸ
3944 3580 4112 3633 κοινόν

2510 3661 2649 3725 εἶδος
2695 3683 2709 3697 ο
2769 3661 2855 3718 διὸ
2918 3665 3305 3739 ἀπαράλλακτοι
3370 3686 3506 3721 κατα
3558 3676 3717 3722 τοῦτο.
3772 3673 3831 3722 τὸ
3902 3674 4111 3744 μερικὸν

2505 3752 2742 3825 λέγονται
2770 3770 2782 3783 '
2808 3757 2856 3807 οἰ
2902 3758 3001 3830 γαρ
3049 3757 3184 3809 κατά
3222 3760 3374 3829 μέρος
3427 3758 3724 3831 ἅνθρωποι,
3766 3765 3878 3820 τοῖς
3928 3779 4110 3835 χαρα-

2504 3851 2699 3919 κτῆρσι
2750 3840 3108 3911 διεστηκότες,
3163 3850 3257 3904 τὴν
3307 3846 3697 3922 ἀπαραλλαξίαν
3746 3851 3883 3901 κατά
3918 3852 3975 3902 τὸ
4038 3852 4110 3903 εἶ-

2510 3928 2595 3994 δος
2634 3935 2860 4005 ἔχουσι’
2889 3942 2983 3995 τῆς
3032 3930 3091 3987 δὲ
3131 3936 3269 3997 θείας
3331 3934 3524 3998 ἐκείνης
3565 3945 3665 3989 τῶν
3724 3940 3925 4010 φύσεων
3981 3940 4109 3991 ὑπο-

2507 4024 2741 4086 στάσεως
2780 4023 2874 4075 οὖκ
2930 4027 3043 4077 ἔστι
3078 4044 3131 4077 τι
3171 4029 3339 4078 κοινὸν
3380 4030 3541 4099 ὄνομα
3587 4031 3822 4103 Χριστός
3851 4029 4107 4102 ὅνομαζό-

2503 4131 2671 4184 μενον,
2705 4115 2878 4185 ὧσπερ
2934 4111 3011 4186 ἐφ’
3066 4116 3213 4187 ἡμῶν
3251 4115 3538 4191 ἄνθρωπος,
3595 4118 3675 4171 ὅτι
3726 4114 3866 4191 μηδὲ
3930 4118 4107 4171 πολλοὶ

2502 4201 2662 4263 οὗτῶς
2713 4207 2959 4276 Χριστοὶ,
2990 4200 3096 4254 ἀλλ’
3134 4204 3206 4266 εἷς
3254 4206 3280 4256 ό
3332 4212 3424 4257 τοῦ
3471 4209 3670 4281 Ιιατρός
3712 4208 3828 4282 ὄρος
3865 4211 3955 4259 καὶ
3998 4212 4107 4261 Λό-

2500 4310 2589 4363 γος
2609 4299 2670 4364 τῇ
2707 4293 2912 4349 θεότητι
2951 4296 3153 4367 χρίσας
3180 4296 3272 4351 τὴν
3304 4292 3696 4367 ἀνθρωπότητα.

2570 4379 2633 4436 λ’.
2673 4381 2735 4433 Εἰ
2774 4377 2835 4434 δί
2877 4401 2959 4445 τις
3008 4385 3072 4435 τα
3109 4382 3381 4455 Εὐτυχοῡς
3426 4394 3621 4459 φρονῶν
3675 4384 3965 4446 ἀπαντήσει
4020 4392 4108 4440 καὶ

2499 4469 2837 4545 προϐαλεῖται
2920 4472 2985 4532 ὡς
3051 4473 3077 4523 6
3157 4473 3430 4546 ἄνθρωπος
3499 4472 3554 4525 ἐκ
3626 4470 3724 4528 δύο
3796 4481 4109 4529 συνίσταται

726 4564 904 4627 stare,
929 4559 1093 4615 hunc
1122 4562 1324 4615 autem
1357 4574 1394 4615 a
1420 4560 1540 4615 Deo
1568 4564 1949 4632 assumptum
1980 4576 2132 4625 esse,
2159 4560 2264 4628 qui
2306 4559 2387 4616 al-
2423 4597 2468 4651 Β
2500 4581 2506 4606 ‹

2328 4559 2387 4616 ιι-
2423 4597 2468 4651 D
2500 4562 2721 4631 φύσεων,
2752 4568 2934 4612 τοῦτον
2967 4556 3027 4613 δὲ
3072 4561 3098 4612 6
3152 4566 3283 4623 Θεὸς
3326 4562 3697 4636 προσελάϐετο,
3736 4563 3896 4638 ’ἑτέρα
3953 4568 4108 4638 φύσις

724 4654 850 4706 tera
879 4647 1037 4704 ultra
1060 4647 1369 4704 hominem
1390 4653 1609 4705 natura
1634 4652 1747 4716 est,
1770 4648 1851 4705 ita
1872 4654 1933 4705 ut
1964 4665 2035 4705 ex
2063 4649 2252 4705 tribus
2282 4665 2390 4706 na-

722 4739 872 4795 turis
892 4736 1273 4807 eil‘ormatum
1312 4753 1448 4794 esse
1474 4738 1773 4795 Christum
1818 4738 2060 4795 credere
2091 4744 2382 4811 oporteat,

722 4826 961 4884 duabus
984 4825 1232 4899 quidem
1249 4826 1749 4896 hominis,anima
1771 4843 1990 4900 nempe
2016 4844 2087 4885 ac
2110 4844 2383 4901 corpore,

718 4932 843 4974 una
872 4921 1075 4973 autem
1131 4916 1396 4989 propria,
1440 4916 1556 4973 hoc
1599 4916 1683 4973 illi
1724 4918 2191 4991 responderetur
2222 4918 2388 4975 unita

716 5022 850 5064 esse
864 5006 1067 5079 aliqua
1083 5022 1155 5063 ex
1177 5006 1477 5063 continuis
1502 5007 1752 5076 dici,sed
1766 5022 1887 5064 non
1903 5023 1974 5065 ex
1996 5007 2379 5065 distantibus.

717 5099 831 5153 Cur
860 5098 1021 5153 enim
1070 5096 1199 5169 ipse
1247 5112 1373 5152 non
1429 5097 1580 5153 dicis
1610 5094 1947 5155 hominem
1994 5115 2066 5155 ex
2114 5098 2383 5172 quinque

712 5186 1021 5260 componi,
1053 5186 1145 5241 vel
1194 5186 1362 5259 quod
1421 5188 1623 5243 verius
1652 5193 1826 5255 esset,
1852 5204 1924 5245 ex
1978 5192 2229 5261 septem,
2260 5204 2385 5246 una

710 5276 957 5351 quidem
983 5276 1480 5349 anima,quatuor
1509 5284 1712 5334 autem
1744 5279 2016 5351 corporis
2047 5278 2379 5347 elementis,

710 5372 768 5424 et
794 5366 998 5423 adhuc
1026 5366 1278 5421 materia
1313 5370 1371 5422 et
1417 5365 1634 5437 forma,
1658 5384 1795 5441 quae
1826 5368 2067 5438 longius
2102 5370 2283 5425 sunt?
2316 5370 2384 5424 Et

707 5473 823 5514 nos
875 5456 1054 5525 igitur
1092 5455 1393 5512 Christum
1443 5455 1687 5513 duabus
1726 5458 1958 5515 naturis
1990 5464 2265 5515 constare
2296 5457 2382 5514 di-

712 5550 937 5611 centes,
970 5550 1268 5619 tanquam
1291 5562 1478 5603 unam
1517 5553 1799 5605 naturam
1820 5549 2131 5606 hominem
2166 5548 2383 5622 accipi-

717 5654 877 5705 mus,
911 5636 990 5693 ad
1021 5636 1379 5694 continuum
1406 5639 1784 5698 attendentes
1805 5656 2002 5715 ncque
2025 5641 2101 5699 ad
2134 5645 2383 5698 naturas

722 5727 946 5805 quibus
973 5726 1071 5786 ille
1095 5731 1360 5787 constat.

2497 4651 2642 4720 παρὰ
2712 4658 2893 4703 τοῦτον
2968 4653 3250 4724 τυγχάνων
3286 4693 3299 4717 ,
3354 4652 3489 4706 ὣστε
3556 4652 3610 4706 ἐκ
3672 4663 3827 4728 τριῶν
3908 4657 4109 4727 φύσεων

2502 4736 2743 4803 δοξάζειν
2773 4745 2945 4813 χρεὼν
3002 4745 3090 4793 τόν
3139 4745 3392 4817 Χριστὸν,
3446 4740 3543 4796 δύο
3608 4747 3698 4816 μὲν
3755 4753 3857 4797 τῶν
3886 4752 3977 4797 τοῦ
4019 4743 4106 4796 ἀν-

2502 4831 2729 4902 θρώπου,
2782 4830 2970 4902 ψυχῆς
3044 4830 3173 4902 λέγω
3236 4837 3325 4884 καὶ
3393 4838 3657 4906 σώματος,
3711 4840 3833 4906 μιᾶς
3886 4829 3945 4888 δε
4014 4842 4108 4897 τῆς

2498 4918 2693 4982 οἰκείας
2736 4918 2895 4973 έκεῖνο
2944 4924 3073 4994 πρὸς
3132 4920 3282 4973 αὐτόν
3335 4920 3554 4994 λέγοιτο,
3602 4923 3683 4975 ὁτι
3738 4926 3806 4976 τὰ
3864 4923 4109 4997 ἑνούμενα

2497 5007 2551 5061 ἐκ
2593 5017 2694 5061 τῶν
2751 5017 3029 5085 προσεχῶν
3093 5008 3337 5063 ἐνοῦσθαι
3396 5010 3640 5083 λέγεται,
3677 5010 3769 5064 ἀλ).
3833 5012 3963 5085 οὐχὶ
4010 5021 4109 5065 τῶν

2498 5097 2673 5173 πόρρω
2706 5118 2718 5131 ·
2757 5095 2849 5151 δια
2891 5103 2940 5151 τί
2992 5102 3093 5174 γὰρ
3127 5102 3285 5161 αὐτὸς
3327 5105 3398 5173 μὴ
3432 5105 3519 5154 τόν
3568 5103 3838 5177 ἄνθρωπον
3870 5101 3924 5155 ἐκ
3962 5108 4108 5157 πέντε

2495 5187 2631 5259 λέγει
2665 5190 2995 5260 συγκεῖσθαι,
3021 5192 3051 5247 ἦ
3094 5192 3152 5241 τό
3180 5208 3239 5261 γε
3285 5188 3625 5265 ἀληθέστερον
3678 5188 3727 5254 ἐξ,
3784 5190 3938 5255 ἑπτὰ,
3984 5199 4110 5266 μιᾶς

2496 5281 2589 5350 μὶν
2618 5284 2712 5340 τᾶς
2740 5278 2947 5350 ψυχῆς,
2980 5280 3250 5352 τεσσάρων
3298 5277 3357 5333 δὲ
3412 5289 3510 5332 τῶν
3563 5285 3843 5354 στοιχείων
3872 5290 3963 5334 τοῦ
4006 5288 4109 5335 σώ-

2496 5387 2681 5439 ματος,
2737 5373 2827 5420 καὶ
2890 5370 2966 5420 ἔτι
3020 5367 3153 5431 ὑλης
3192 5373 3284 5421 καὶ
3335 5366 3525 5436 εἶδους,
3586 5378 3685 5423 τῶν
3752 5370 4107 5449 πορῥωτίρως

2502 5462 2601 5511 Καὶ
2632 5460 2781 5531 ἡμεῖς
2812 5466 2937 5530 γοῦν
2993 5463 3080 5511 τόν
3138 5463 3370 5535 Χριστόν
3401 5459 3455 5513 ἐκ
3510 5458 3606 5514 δύο
3646 5464 3847 5533 φύσεων
3898 5458 4110 5534 δογμα-

2492 5552 2743 5615 τίζοντες,
2778 5550 2847 5611 ὡς
2914 5553 3039 5621 μίαν
3094 5552 3250 5622 φύσιν
3303 5554 3388 5603 τόν
3438 5552 3709 5625 ἄνθρωπον
3762 5549 4110 5624 προσλαμϐά-

2491 5658 2660 5711 νομεν,
2725 5642 2855 5714 πρὸς
2926 5642 2984 5692 τὸ
3033 5642 3295 5714 προσεχὲς
3351 5639 3657 5714 ἀφορῶντες,
3713 5645 3798 5695 καὶ
3861 5640 3924 5695 οὐ
3980 5644 4108 5717 πρὸξ

2492 5732 2586 5793 τὰς
2627 5732 2827 5805 φύσεις,
2856 5728 2908 5796 ίξ
2946 5731 3014 5785 ὧν
3050 5730 3240 5797 ἐκεῖνος
3270 5736 3610 5792 συνέστηκεν.
