4508 6436
378 412 449 467 ,5
1744 391 2093 458 THESAURI
2132 396 2264 458 LIB.
2304 393 2409 461 ut.
3691 416 3760 479 es

449 533 553 588 λα’.
594 530 657 586 Εἰ
696 526 756 583 0's
793 531 885 582 καὶ
914 528 1040 603 πρὸς
1068 527 1263 587 ταύτην
1300 527 1467 600 λυττᾷ
1491 531 1584 587 τὴν
1614 526 1869 591 ίπίλυσιν,
1901 527 1992 576 καὶ
2026 524 2073 578 Α

379 621 561 695 ἑτέραν
592 621 968 696 προσθήσομεν
994 638 1005 651 ·
1038 619 1107 680 ὡς
1136 618 1163 669 0
1193 619 1465 693 ἄνθρωπος
1523 618 1552 677 ἣ
1603 620 1814 691 μερικός
1852 613 1992 667 ἐστιν

380 712 410 769 ᾖ
475 710 731 763 καθόλου·
785 710 933 781 ἡμεῖς
974 704 1032 760 δέ
1081 727 1243 780 φαμεν
1298 711 1385 760 τὸν
1438 706 1661 760 καθόλου
1700 707 1989 779 ἄνθρωπον,

379 804 653 853 τουτέστιν
717 796 1038 872 ἀνθρωπείαν
1082 799 1258 869 φύσιν,
1315 796 1571 869 εἰληφέναι
1635 798 1723 848 τὸν
1779 797 1990 865 Κύριον,

380 894 501 951 ἥτις
527 887 597 947 δὴ
631 893 722 940 καὶ
753 886 1033 948 ἂσύνθετός
1084 884 1219 954 ἔστι,
1251 891 1342 939 καὶ
1374 882 1491 938 διά-
1523 893 1674 938 τοῦτο
1703 888 1799 956 μία
1838 886 1993 955 φύσις

379 979 610 1049 λέγεται.
662 979 804 1031 Ἐπεὶ
859 984 987 1048 γοῦν
1041 984 1223 1028 τοῦτον
1287 981 1456 1028 κοινὸν
1521 985 1615 1038 τῆς
1672 974 1993 1049 ἀνθρωπίνης

382 1070 592 1140 φύσεως
620 1067 771 1139 λόγον
804 1065 1061 1136 ἀνέλαϐεν,
1103 1064 1382 1137 ὰτομώσας
1417 1064 1466 1117 έν
1494 1074 1565 1137 τῷ
1592 1064 1988 1136 προσ-λήμματι,

382 1154 482 1209 διὰ
512 1165 666 1209 τοῦτο
697 1154 751 1208 ἔκ
782 1152 881 1208 δύο
907 1157 1216 1207 συνεστάναι
1254 1158 1341 1206 τὸν
1384 1158 1573 1227 Κύριον
1605 1150 1991 1225 δογματίζομεν

379 1249 587 1317 φύσεων
611 1262 623 1275 ·
658 1246 708 1298 ἓν
738 1241 798 1297 δὲ
828 1249 1107 1319 πρόσωπον
1142 1248 1230 1297 καὶ
1262 1247 1390 1316 μετὰ
1418 1248 1512 1303 τὴν
1551 1245 1731 1296 ἕνωσιν
1760 1242 1986 1313 λέγομεν,

377 1335 405 1386 ὃ
447 1332 518 1393 δή
575 1340 667 1386 καὶ
726 1338 857 1396 Θεὸς
895 1332 1010 1386 ἐστι
1068 1338 1159 1385 καὶ
1220 1334 1493 1408 ἄνθρωπος
1539 1332 1725 1393 τέλειος
1762 1327 1856 1383 διὰ
1897 1335 1990 1387 τὴν

377 1426 897 1497 καινοπρεπεστάτην
929 1418 1199 1475 ἀντίδοσιν
1225 1438 1238 1451 ⁸
1287 1427 1359 1494 μὴ
1391 1425 1494 1495 γὰρ
1545 1423 1639 1481 τὰς
1675 1423 1855 1492 φύσεις
1884 1438 1990 1471 πα-

378 1513 704 1586 ραχαράξας
733 1515 800 1564 τὰ
829 1511 883 1575 ἐξ
915 1512 984 1563 ὧν
1014 1510 1061 1563 έν
1096 1508 1173 1573 οἷς
1210 1511 1339 1585 οἷπερ
1370 1516 1562 1583 πέφυκε
1602 1510 1781 1569 σώζων
1812 1507 1947 1561 ἔστιν
1973 1528 1987 1542 ο

380 1605 436 1655 Ex
476 1622 532 1655 τε
555 1605 655 1677 γὰρ
688 1599 787 1655 δύο
816 1603 1076 1674 ύφέστηκε
1117 1604 1337 1667 σύσεων,
1370 1606 1459 1653 καὶ
1503 1600 1553 1652 έν
1606 1602 1819 1659 ταύταις
1878 1606 1992 1660 ταῖς

381 1694 577 1763 φύσεσι
609 1694 821 1763 πέφυκε,
854 1688 1043 1763 μᾶλλον
1093 1686 1152 1743 δε
1204 1686 1355 1742 οὐδὲν
1395 1689 1561 1764 ἓτερον
1613 1691 1757 1762 παρὰ
1801 1690 1990 1747 ταύτας

380 1779 546 1848 ἐστὶν,
582 1779 710 1832 ἀλλὰ
734 1787 888 1832 τοῦτο
919 1778 1044 1832 αύτὸ
1075 1778 1210 1845 ἔστι,
1247 1774 1344 1831 δύο
1376 1781 1573 1850 φύσεις,
1627 1781 1751 1837 Θεὸς
1802 1777 1992 1839 τῦ.ειος

380 1874 475 1922 καὶ
501 1871 774 1943 ἅνθρωπος
803 1868 1019 1930 τέλειοςο
1052 1868 1111 1921 ού
1149 1871 1248 1939 γὰρ
1304 1872 1349 1920 εἳ
1380 1887 1431 1920 τι
1468 1866 1519 1930 ἐξ
1571 1863 1639 1917 ὧν
1670 1866 1804 1931 ἐστι,
1837 1874 1990 1918 τοῦτο

381 1954 450 2016 δὴ
485 1959 622 2010 αὐτὰ
671 1961 929 2029 τυγχάνει
960 1960 1025 2009 τὰ
1078 1956 1130 2020 ἐξ
1173 1958 1240 2008 ὧν
1281 1955 1421 2009 ἐστιν
1448 1978 1459 1989 ·
1490 1955 1544 2007 ὶκ
1574 1960 1732 2028 πυρὸς
1760 1958 1861 2028 γὰρ
1900 1960 1990 2007 καὶ

380 2052 484 2118 γῆς
506 2047 720 2121 οὐρανὸς
757 2050 893 2098 κατὰ
936 2047 1181 2100 Πλάτωνα
1213 2050 1523 2103 συνέστηκεν
1546 2066 1557 2078 ·
1593 2044 1701 2096 ἀλλ’
1731 2044 1836 2115 οὐχ
1860 2044 1989 2117 ἅπερ

382 2135 576 2203 ἐκεῖνα,
610 2138 635 2187 0
684 2136 905 2209 οὐρανὸς
960 2140 1215 2208 πέφυκεν·
1267 2137 1293 2187 0
1351 2131 1410 2187 0":
1452 2138 1681 2204 Χριστος
1712 2132 1764 2196 ἐξ
1794 2135 1861 2184 ὧν
1892 2152 1989 2185 συ-

376 2230 650 2293 νέστηκεν,
676 2228 842 2278 ἐκεῖνα
872 2228 1150 2297 τυγχάνει,
1179 2225 1274 2277 οὐκ
1312 2223 1434 2276 ἄλλο
1464 2244 1515 2276 τι
1562 2225 1867 2284 ποιησάσης
1896 2231 1991 2283 τῆς

379 2314 594 2388 μίξεως.
626 2315 717 2367 Ἐκ
748 2311 846 2367 δύο
876 2323 1002 2387 γοῦν
1033 2318 1234 2387 φύσεων
1265 2315 1290 2366 0
1322 2316 1552 2387 Χριστὸς
1583 2317 1673 2365 καὶ
1696 2312 1746 2365 ἐν
1776 2314 1992 2375 ταύταις

380 2412 503 2466 ταῖς
551 2406 791 2476 φύσεσιν.
823 2403 979 2458 Ἀ).λὰ
1042 2408 1132 2456 καὶ
1190 2402 1275 2456 ἐπὶ
1315 2398 1762 2476 παραδείγματος,
1792 2403 1862 2463 εἷς
1900 2406 1990 2474 μέν

378 2491 525 2546 εστιν
554 2492 581 2546 ὀ
608 2492 773 2560 ἣλιος,
803 2496 983 2565 φύσεις
1011 2489 1068 2545 δὲ
1100 2492 1151 2545 ἐν
1178 2492 1318 2565 αύτῷ
1346 2488 1461 2562 δύο,
1492 2493 1522 2549 ἡ
1566 2494 1656 2563 μὲν
1682 2499 1772 2543 τού
1804 2494 1988 2562 φωτὸς,

378 2585 409 2641 ἡ
462 2579 524 2636 δε
566 2590 658 2635 τοῦ
706 2582 926 2641 ἡλιακοῦ
978 2588 1241 2654 σώματος·
1293 2586 1382 2633 καὶ
1413 2582 1438 2633 0
1487 2584 1717 2655 Χριστὸς
1748 2581 1818 2641 εἷς
1858 2578 1987 2651 ἐστι,

378 2674 566 2745 φύσεις
621 2669 680 2725 δε
717 2668 837 2741 δύο,
888 2673 917 2730 ἠ
960 2676 1050 2745 μεν
1108 2673 1235 2744 ὑπὲρ
1292 2672 1451 2743 ἡμᾶς,
1494 2672 1523 2729 ἡ
1562 2667 1619 2723 δε
1649 2672 1909 2743 ἡμετέρα’
1945 2670 1993 2722 ἐν

381 2764 491 2837 γὰρ
519 2771 593 2833 τῷ
625 2762 765 2834 αύτῷ
790 2766 881 2814 καὶ
920 2762 991 2815 iv‘:
1023 2763 1241 2834 ὀνόματι
1267 2760 1516 2833 ἑκατέρων
1547 2768 1647 2811 τῶν
1671 2762 1993 2835 πραγμάτων

386 2856 638 2924 σημασία
668 2847 955 2921 δείκνυται,
1000 2853 1239 2913 θεότητος
1268 2850 1397 2921 lis/0)
1426 2854 1516 2901 καὶ
1556 2848 1953 2922 ἀνθρωπότητος
1977 2865 1990 2879 ’

380 2939 473 2996 διὸ
505 2946 597 2994 καὶ
626 2943 897 3014 ἄνθρωπος
924 2940 1128 3013 λέγεται
1158 2942 1183 2993 0
1221 2942 1469 3015 Χριστὸς,
1500 2943 1589 2992 καὶ
1628 2943 1755 3001 Θεὸς
1794 2939 1993 3011 λέγεται

379 3033 407 3084 0
441 3035 673 3105 Χριστὸς
696 3046 709 3060 ’
740 3030 946 3103 Ἀμέλει
983 3035 1070 3083 καὶ
1097 3037 1190 3082 τού
1224 3035 1465 3102 σώματος
1492 3032 1822 3100 τυππομένου
1850 3032 1995 3103 παρὰ

383 3129 483 3175 τοῦ
519 3122 803 3195 ὑπηρέτου,
831 3123 897 3181 ὡς
927 3119 1076 3181 αὐτὸς
1102 3121 1328 3191 πάσχων
1360 3118 1517 3190 ἔλεγε,
1566 3123 1628 3171 Τί
1657 3120 1720 3191 με
1752 3114 1990 3193 δαίρεις;

2173 525 2231 579 3t
2248 563 2261 577 .
2292 527 2358 582 Et
2387 526 2437 583 si
2462 526 2542 584 ad
2566 526 2725 585 hanc
2757 528 3123 590 solutionem
3143 533 3312 593 rabie
3332 539 3755 611 excandescat,

2100 614 2159 667 ct
2190 612 2374 669 aliam
2405 615 2804 685 adducemus,
2833 634 3054 692 nempe
3076 621 3386 682 hominem
3408 642 3544 685 esse
3574 630 3668 686 vel
3697 631 3759 688 in

2099 700 2434 771 individuo,
2477 706 2572 763 vel
2619 706 2681 763 in
2728 708 3036 767 universo.
3082 714 3198 768 Nos
3250 719 3452 772 autem
3499 717 3760 777 dicimus

2100 786 2410 846 hominem
2441 792 2502 849 in
2532 793 2837 865 universo,
2865 795 2929 851 id
2977 801 3067 854 est
3114 799 3450 859 humanam
3475 810 3759 863 naturam

2101 878 2424 936 Dominum
2454 884 2879 956 assumpsisse,
2912 900 3050 957 quas
3081 892 3236 945 certe
3268 894 3325 946 et
3351 890 3760 967 incomposita

2101 972 2188 1023 est
2206 973 2263 1023 et
2283 969 2418 1026 ideo
2441 986 2561 1028 una
2582 978 2803 1030 natura
2826 974 3064 1032 dicitur.
3082 978 3379 1043 Quoniam
3401 982 3581 1055 igitur
3601 985 3759 1043 hanc

2100 1072 2489 1116 communem
2521 1061 2805 1119 humanm
2827 1069 3057 1122 naturas
3079 1068 3373 1126 rationem
3402 1076 3756 1147 assumpsit,

2099 1160 2234 1201 eam
2263 1163 2385 1204 non
2403 1149 2679 1208 dividens
2700 1153 2758 1209 in
2780 1153 2879 1211 illa
2900 1158 3342 1229 assumptione,
3362 1160 3497 1217 ideo
3516 1163 3758 1221 duabus

2100 1238 2329 1293 naturis
2358 1246 2634 1297 constare
2666 1243 2963 1300 Christum
2980 1246 3293 1307 docemus.
3327 1252 3520 1308 Unam
3546 1259 3749 1311 autem

2100 1340 2424 1397 personam
2455 1334 2512 1384 et
2540 1336 2677 1401 post
2704 1332 2990 1390 unionem
3019 1334 3298 1405 dicimus,
3330 1356 3467 1412 quas
3509 1342 3757 1413 quidem

2099 1420 2187 1469 est
2216 1415 2370 1471 Deus
2397 1422 2454 1473 et
2472 1418 2658 1476 homo
2680 1421 2977 1492 perfectus
3000 1423 3078 1479 ob
3101 1424 3259 1482 hanc
3274 1427 3579 1485 insolitam
3597 1447 3733 1489 com

2099 1505 2472 1561 munionem.
2499 1508 2644 1563 Cum
2665 1514 2867 1566 autem
2889 1526 3011 1567 non
3044 1512 3470 1574 adulteraverit
3489 1525 3755 1589 naturas,

2099 1607 2167 1647 ca
2189 1608 2259 1648 ex
2278 1594 2501 1665 quibus
2525 1601 2581 1652 et
2602 1597 2661 1652 in
2686 1598 2908 1670 quibus
2934 1605 3146 1673 etquae
3169 1610 3260 1661 est
3278 1612 3495 1663 servat.
3512 1610 3759 1667 Duabus

2098 1681 2257 1737 enim
2288 1683 2521 1739 naturis
2553 1686 2954 1754 constituitur,
2978 1695 3035 1746 et
3055 1696 3143 1748 est
3172 1691 3233 1748 in
3259 1692 3351 1749 his
3382 1696 3613 1752 naturis
3633 1697 3758 1754 imo

2098 1785 2241 1826 vero
2272 1771 2421 1827 nihil
2448 1773 2612 1829 aliud
2641 1781 2733 1831 est
2760 1782 2925 1834 extra
2955 1794 3078 1847 eas,
3112 1780 3218 1837 sed
3247 1782 3363 1839 hoc
3411 1783 3616 1857 ipsum
3646 1792 3754 1851 est,

2098 1857 2235 1913 duae
2266 1864 2521 1930 naturae,
2556 1865 2710 1919 Deus
2736 1865 3035 1937 perfectus
3057 1873 3114 1925 ct
3141 1869 3327 1927 homo
3353 1874 3670 1945 perfectus.
3703 1876 3761 1933 Si

2100 1948 2245 2018 quid
2295 1950 2454 2005 enim
2502 1966 2572 2006 ex
2630 1953 2854 2024 quibus
2908 1960 3015 2021 est,
3058 1973 3182 2013 non
3214 1964 3302 2017 est
3339 1976 3410 2017 ea
3436 1978 3508 2018 ex
3534 1964 3759 2036 quibus

2099 2041 2228 2101 est;
2257 2036 2393 2107 igne
2425 2039 2583 2095 enim
2612 2046 2669 2095 et
2711 2046 2864 2099 terra
2894 2044 3114 2101 cmlum
3142 2054 3395 2119 constat,
3425 2053 3596 2121 juxta
3628 2053 3760 2111 Pla-

2103 2128 2306 2180 tonem
2334 2145 2347 2192 ;
2372 2127 2474 2182 sed
2504 2143 2625 2183 non
2656 2131 2821 2202 quod
2852 2148 2923 2188 ea
2944 2139 3100 2200 sunt,
3126 2136 3344 2193 caelum
3368 2144 3478 2194 est.
3500 2141 3761 2199 Christus

2101 2229 2241 2269 vero
2267 2220 2355 2270 est
2377 2215 2477 2271 illa
2501 2218 2723 2289 quibus
2737 2222 3328 2291 constat,nihila1iud
3345 2230 3762 2288 commistione

2104 2302 2432 2374 efficiente;
2456 2322 2527 2361 ex
2558 2306 2795 2364 duabus
2827 2310 3006 2380 igitur
3045 2314 3277 2371 naturis
3320 2317 3591 2375 Christus
3621 2326 3677 2377 et
3701 2321 3764 2377 in

2098 2391 2193 2447 his
2236 2392 2477 2449 duabus
2534 2398 2784 2453 naturis.
2820 2399 2934 2455 Sed
2988 2405 3045 2457 et
3074 2405 3329 2477 exempli
3360 2409 3571 2477 gratia,
3604 2426 3766 2466 unus

2100 2482 2344 2555 quidem
2378 2489 2468 2540 est
2499 2485 2606 2553 sol,
2640 2492 2871 2545 natura:
2920 2496 3124 2549 autem
3173 2509 3309 2567 qua;
3337 2496 3395 2551 in
3435 2497 3537 2554 illo
3595 2504 3754 2571 sunt,

2100 2572 2256 2640 duae,
2271 2571 2517 2629 luminis
2538 2576 2783 2648 quidem
2800 2583 2854 2635 et
2871 2580 3080 2638 solaris
3097 2585 3391 2656 corporis.
3412 2589 3477 2643 Et
3495 2588 3764 2647 Christus

2103 2678 2262 2718 unus
2294 2668 2404 2733 est,
2437 2670 2663 2722 naturae
2706 2673 2906 2725 autem
2940 2670 3096 2741 duae,
3127 2689 3250 2731 una
3277 2676 3524 2749 quidem
3578 2696 3765 2753 supra

2102 2767 2238 2819 nos,
2273 2758 2327 2810 et
2356 2759 2582 2811 nostra.
2631 2760 2694 2813 In
2742 2758 2961 2815 eodem
3010 2762 3171 2818 enim
3221 2768 3278 2821 et
3329 2782 3452 2822 uno
3492 2769 3760 2840 nomine,

2104 2841 2419 2915 utriusque
2475 2844 2560 2899 rei
2617 2845 2976 2916 significatio
3025 2853 3377 2918 ostenditur,
3434 2856 3762 2915 divinitatis

2103 2929 2240 2987 dico
2264 2937 2320 2988 et
2343 2932 2759 2991 humanitatis.
2788 2937 2928 2994 Ideo
2950 2943 3008 2996 et
3026 2939 3210 2997 homo
3232 2942 3446 3001 dicitur
3469 2946 3757 3019 Christus,

2104 3025 2161 3076 et
2227 3023 2380 3077 Deus
2422 3021 2637 3079 dicitur
2691 3025 2977 3083 Christus.
3036 3030 3328 3088 Nimirum
3386 3038 3443 3091 et
3507 3036 3758 3109 quando

2104 3124 2324 3182 corpus
2373 3112 2502 3182 ejus
2558 3128 2596 3169 a
2644 3129 2819 3172 servo
2869 3116 3236 3189 verberatur,
3291 3125 3580 3197 tanquam
3632 3126 3762 3200 ipse

378 3217 474 3265 καὶ
532 3194 803 3283 ἄψαυστος
855 3210 923 3261 ὡν
962 3214 1055 3269 τὴν
1097 3212 1272 3283 φύσιν,
1319 3211 1453 3281 ὅμως
1492 3207 1648 3279 ἔλεγε,
1697 3212 1795 3261 Τὸν
1834 3213 1991 3261 νῶτόν
2025 3194 2065 3249 C
2105 3215 2158 3272 Pl

1985 3231 1991 3255 ι
2025 3194 2065 3249 C
2105 3215 2322 3272 passus
2350 3201 2591 3261 dicebat
2621 3220 2633 3260 :
2670 3226 2697 3254 «
2727 3205 2882 3272 Quid
2912 3223 3008 3264 me
3042 3209 3253 3266 caedis3
3275 3212 3303 3268 ?
3330 3233 3359 3263 »
3395 3194 3457 3271 Et
3488 3229 3627 3271 cum
3655 3194 3765 3273 na-

378 3320 488 3375 μου
519 3296 695 3353 έδωκα
716 3298 790 3362 εἰς
817 3300 1085 3372 μάστιγας
1105 3316 1117 3329 ·
1151 3296 1185 3350 ἃ
1213 3300 1314 3373 γὰρ
1346 3300 1403 3349 τὸ
1442 3295 1759 3370 ἀνθρώπινον
1789 3299 1995 3369 ἔπασχε

379 3398 476 3443 τοῦ
520 3395 717 3461 Λάγου,
783 3396 951 3441 ταῦτα
1004 3392 1168 3441 συνὼν
1222 3385 1359 3457 αὐτῷ
1414 3386 1663 3457 ὁ·Λόγος
1706 3385 1773 3447 εἰς
1814 3385 1995 3439 ἑαυτὸν

382 3478 596 3553 ἀνέφερε
617 3492 632 3509 ⁸
678 3473 773 3530 διὰ
807 3485 961 3530 τοῦτο
990 3482 1081 3529 καὶ
1110 3478 1137 3529 0
1170 3474 1329 3543 ἣλιος,
1371 3476 1501 3549 ὁρῶν
1531 3478 1619 3526 τὸν
1669 3470 1996 3549 δημιουργὸν

381 3568 548 3621 αὑτοῦ
571 3567 621 3619 έν
642 3576 715 3639 τῷ
733 3567 1060 3641 ὑϐριζομένῳ
1084 3571 1286 3639 σώματι
1308 3564 1641 3638 ἀνεχόμενον,
1665 3567 1757 3627 τὰς
1783 3563 1994 3628 ἀκτῖνας

381 3657 696 3729 συνέστειλε,
730 3662 819 3709 καὶ
850 3655 1092 3709 έσκότισε
1118 3658 1210 3714 τὴν
1231 3656 1351 3728 γῆν,

609 3841 709 3890 Καὶ
739 3838 764 3889 0
797 3835 1045 3909 Θεολὸγος
1075 3838 1363 3909 Γρηγὸριος
1405 3836 1540 3886 οὕτω
1572 3845 1702 3905 φησι
1724 3848 1738 3863 ·
1772 3839 1935 3887 Τοῦτο
1960 3834 1990 3892 ἡ

379 3928 673 3980 κενωθείσα
700 3928 896 3997 θεότης,
931 3934 1080 3979 τοῦτο
1133 3927 1163 3983 ἠ
1204 3922 1605 4000 προσληφθεῖσα
1645 3923 1797 3996 σὰρξ,
1840 3923 1899 3976 ού
1929 3931 1991 3996 τῇ

379 4021 514 4094 πρὸς
551 4021 641 4070 τὸν
666 4021 789 4071 Θεὸν
821 4022 986 4089 Λόγον
1016 4016 1193 4069 ένώσει
1222 4017 1358 4067 κατά
1396 4019 1490 4073 τὴν
1545 4012 1832 4088 ἁνάκρασιν
1866 4033 1994 4086 συγ-

380 4109 639 4180 χυθεῖσα,
667 4112 757 4159 καὶ
792 4106 862 4169 εἰς
891 4112 1014 4178 μίαν
1046 4105 1230 4158 ούσίαν
1280 4102 1762 4169 ἀποτελευτῆσασα,
1806 4103 1865 4155 ού
1895 4106 1994 4178 γὰρ

383 4202 588 4272 φυρμὸν
620 4199 649 4257 ἧ
700 4196 963 4270 ἀνάχυσιν
1008 4198 1033 4249 0
1090 4199 1261 4267 Λόγος
1296 4197 1423 4270 πρὸς
1479 4198 1573 4252 τὴν
1617 4192 1999 4269 ἀνθρωπότητα

382 4289 594 4354 ἔπαθεν,
644 4287 675 4347 ἡ
733 4290 1057 4360 μετάστασιν
1114 4289 1209 4343 τὴν
1258 4283 1327 4345 εἰς
1392 4285 1513 4356 ὅπερ
1554 4283 1648 4335 οὐκ
1703 4279 1785 4349 ἧν,
1846 4282 1993 4351 ἀὶλὰ,

384 4383 672 4438 σκηνὼσας
711 4374 761 4428 ἐν
806 4378 952 4449 ἡμῖν,
985 4375 1044 4427 οὐ
1084 4376 1278 4448 μεθῆκε
1325 4376 1384 4425 τὸ
1429 4369 1598 4424 ἴδιον·
1654 4377 1908 4445 μεμένηκε
1939 4371 1999 4426 δὲ

382 4472 511 4541 ὅπερ
543 4464 626 4536 ἧν,
654 4470 745 4519 καὶ
782 4466 900 4518 καθ’
930 4466 1111 4518 ἕνωσιν
1157 4467 1383 4536 φυσικὴν
1411 4470 1605 4514 νοεῖται
1644 4465 1712 4524 ὡς
1752 4463 1917 4537 ἕτερον
1950 4461 1999 4515 ἓν

2104 3293 2241 3346 tura
2262 3290 2426 3361 tangi
2447 3307 2568 3348 non
2601 3298 2824 3365 posset,
2869 3295 3109 3355 dicebat
3147 3303 3349 3358 tamen
3384 3320 3396 3357 :
3444 3326 3472 3355 «
3507 3306 3763 3362 Dorsum

2104 3393 2306 3439 meum
2345 3379 2483 3436 dedi
2531 3383 3058 3454 percutientibus‘.
3098 3409 3126 3438 »
3174 3390 3317 3456 Quae
3361 3392 3523 3449 enim
3553 3394 3766 3452 huma-

2105 3468 2264 3524 nitas
2294 3468 2467 3526 Vcrbi
2497 3472 2857 3543 patiebatur,
2890 3475 3020 3533 haec
3074 3493 3212 3534 cum
3256 3496 3329 3538 ea
3372 3483 3768 3555 conjunctum

2106 3557 2368 3615 Verbum
2388 3559 2450 3616 in
2472 3576 2538 3618 se
2557 3562 2873 3621 referebat.
2899 3565 3124 3625 Idcirco
3156 3568 3263 3640 sol,
3306 3587 3557 3629 cernens
3588 3590 3769 3631 suum

2105 3648 2446 3705 Creatorem
2499 3650 2560 3707 in
2610 3667 2862 3726 corpore
2892 3654 3049 3712 male
3108 3657 3313 3716 habito
3345 3661 3767 3734 sustinentem,

2103 3737 2306 3793 radios
2332 3740 2592 3796 coercuit
2612 3747 2670 3798 et
2699 3748 2920 3800 terram
2952 3746 3212 3803 tenebris
3243 3752 3522 3822 contegit.

2178 3830 2266 3883 3?.
2316 3830 2382 3885 Et
2420 3831 2739 3901 Gregorius
2788 3832 3129 3907 Theologus
3179 3838 3265 3895 sic
3308 3840 3612 3913 loquitur:
3646 3845 3767 3901 Hoc

2105 3917 2343 3989 privata
2374 3919 2687 3990 Divinitas,
2721 3922 2870 3980 illud
2926 3933 3245 4000 assumpta
3288 3945 3449 4001 caro,
3501 3948 3624 3990 non
3664 3949 3773 4007 per

2107 4023 2281 4065 suam
2313 4025 2453 4066 cum
2488 4013 2605 4068 Deo
2636 4012 2826 4070 Verbo
2870 4017 3159 4074 unionem
3206 4022 3599 4093 permistione
3630 4040 3771 4082 con-

2104 4095 2262 4165 fusa,
2291 4103 2348 4155 et
2386 4098 2447 4155 in
2505 4114 2695 4157 unam
2753 4102 3161 4163 substantiam
3211 4110 3569 4179 terminata;
3624 4116 3770 4180 (non

2108 4187 2271 4243 enim
2320 4188 2662 4247 mistionem
2718 4197 2820 4250 aut
2863 4195 3281 4255 confusionem
3339 4201 3597 4258 Verbum
3628 4220 3771 4261 cum

2107 4275 2485 4335 humanitate
2516 4296 2735 4353 passus
2782 4288 2895 4350 est,
2954 4290 3059 4343 aut
3094 4286 3155 4343 in
3187 4287 3249 4344 id
3292 4290 3459 4363 quod
3489 4307 3613 4349 non
3644 4297 3773 4352 erat

2108 4369 2591 4435 conversionem,
2614 4371 2719 4427 sed
2750 4371 3036 4431 habitans
3070 4378 3131 4433 in
3155 4377 3354 4449 nobis,
3386 4395 3510 4437 non
3530 4380 3772 4455 reliquit

2108 4457 2275 4529 quod
2307 4458 2418 4514 sibi
2464 4460 2781 4533 proprium
2818 4469 2965 4521 erat.
2999 4468 3329 4525 Permansit
3366 4475 3569 4527 autem
3602 4472 3773 4545 quod

384 4557 580 4630 ἑτέρῳ·
630 4560 902 4609 τουτέστιν
950 4556 981 4613 ἠ
1041 4555 1153 4606 θεία
1205 4554 1361 4625 φύσις
1409 4550 1458 4604 ίν
1506 4550 1888 4627 ἀνθρωπότητι,
1928 4558 1998 4625 μὴ
2036 4556 2077 4611 D
2108 4561 2164 4601 er

1993 4574 1998 4611 ν
2036 4556 2077 4611 ο
2108 4552 2255 4611 erat,
2287 4553 2344 4603 et
2372 4549 2711 4607 secundum
2740 4553 3081 4610 naturalem
3114 4558 3403 4615 unionem
3436 4561 3773 4634 concipitur

382 4651 637 4703 παθοῦσα
664 4654 852 4721 κρᾶσιν
892 4648 1076 4699 ὁποίαν
1116 4646 1145 4704 ἡ
1202 4652 1302 4697 τῶν
1346 4644 1516 4716 ύγρών
1548 4644 1762 4703 ἓνωσις·
1805 4643 1848 4695 εἰ
1895 4647 1996 4717 γὰρ

383 4744 668 4812 κέκρανται
707 4740 761 4789 αἱ
787 4740 987 4809 φύσεις,
1050 4735 1117 4796 εἰς
1173 4738 1297 4807 μίαν
1354 4732 1496 4806 μίξιν
1527 4732 1847 4805 έτεροούσιαὶ
1876 4752 2000 4805 τυγ-

384 4830 689 4901 γάνουσαι,
754 4822 870 4877 οὐδ’
938 4827 1161 4898 ὁποτέρα
1222 4822 1468 4886 σώζεται,
1539 4818 1647 4872 ἀλλ’
1710 4818 1998 4894 ἀμφότεραι

389 4917 757 4989 σηηχυθεῑσαι
808 4915 1214 4987 ἠφανίσθησαν·
1268 4916 1356 4962 καὶ
1410 4914 1527 4963 οὔτε
1580 4913 1859 4985 χωρισμὸν
1908 4908 1995 4963 ἀπ’

384 5004 620 5065 ἀλλήλων
650 5048 667 5077 ,
731 5007 848 5057 οὔτε
915 5001 1177 5077 διαίρεσιν
1244 4997 1588 5073 ἐπιδέχονται
1652 5005 1988 5072 κεκραμέναι,

378 5098 691 5155 Ἠνὼθησαν
724 5092 782 5147 δὲ
842 5094 1049 5169 ἀρρήτῳ
1097 5096 1188 5145 καὶ
1251 5089 1503 5165 ἀφράστῳ
1551 5089 1708 5161 ὶόγῳ,
1751 5094 1841 5141 καί
1896 5098 1996 5142 τῶν

382 5186 561 5240 ἁπλῶν
596 5186 830 5258 ἑκάτερον
875 5185 925 5237 ἐν
956 5192 1029 5255 τῷ
1080 5184 1309 5254 συνθέτῳ
1348 5184 1435 5234 τὸν
1482 5188 1575 5243 τῆς
1627 5176 1766 5241 ἰδίας
1795 5182 1998 5252 φύσεως

382 5281 549 5341 σώζει
576 5275 729 5348 λογον
751 5289 765 5305 ⁸
796 5274 904 5328 ίπεὶ
933 5278 1024 5327 καὶ
1053 5273 1121 5325 ὧν
1162 5274 1188 5325 0
1213 5271 1361 5344 λόγος
1400 5271 1504 5343 οὐχ
1532 5267 1603 5333 εἷς
1644 5272 1840 5322 τούτων
1870 5266 1995 5324 οὐδὲ

376 5370 408 5429 ἡ
456 5370 613 5440 φύσις
642 5370 757 5441 μία,
788 5368 919 5442 πρὸς
968 5360 1121 5417 ούδὶν
1171 5362 1271 5417 ύπὸ
1309 5371 1400 5424 τῆς
1446 5365 1577 5437 πρὸς
1630 5359 1828 5418 ἄλληλα
1868 5364 1995 5414 συν-

375 5456 593 5538 δρομῆς
626 5462 734 5527 ,καὶ
783 5454 1011 5519 ένὼσεως
1066 5458 1374 5529 μειουμένης
1412 5453 1577 5507 αὐτῶν
1636 5460 1733 5515 τῆς
1764 5461 1994 5527 φυσικῆς

453 5678 477 5714 ³
517 5676 692 5735 Joan.
717 5689 859 5747 xvu,
892 5675 985 5733 23.
1064 5672 1085 5709 ⁸
1125 5669 1237 5731 lsa.
1266 5686 1321 5741 1.,
1346 5673 1398 5729 6.

2109 4640 2175 4691 ut
2200 4635 2454 4693 alterum
2505 4638 2566 4694 in
2617 4639 2840 4707 altero;
2872 4641 2933 4698 id
2971 4649 3065 4700 est
3093 4644 3300 4703 divina
3328 4653 3544 4707 natura
3572 4650 3635 4706 in
3663 4650 3774 4709 hu-

2109 4726 2422 4796 manitate,
2444 4743 2567 4784 non
2589 4730 3046 4802 permistionem
3080 4735 3385 4793 sustinens
3422 4738 3667 4811 qualem
3697 4736 3771 4798 li-

2109 4815 2437 4888 quidorum
2468 4818 2636 4877 unio.
2669 4820 2727 4876 Si
2747 4822 2908 4878 enim
2936 4825 3239 4895 permistee
3272 4834 3471 4886 essent
3516 4836 3768 4905 naturai,

2110 4904 2171 4961 in
2200 4921 2325 4962 una
2368 4906 2621 4965 mistura
2663 4910 3060 4969 dissimilibus
3109 4915 3462 4974 substantiis
3502 4904 3778 4993 versatis,

2110 4999 2322 5051 neutra
2349 5003 2641 5068 servatur,
2692 5000 2799 5057 sed
2830 5001 3028 5060 ambae
3068 5004 3334 5063 confusu:
3374 5017 3772 5070 evanuerunt.

2109 5084 2180 5140 Et
2206 5100 2404 5158 neque
2454 5089 2854 5161 separationis
2904 5107 3103 5167 neque
3155 5094 3473 5155 divisionis
3512 5116 3772 5174 capaces

2110 5178 2252 5230 sunt
2281 5176 2601 5248 permistis.
2636 5179 2823 5237 Unitaa
2856 5187 2995 5239 sunt
3030 5182 3324 5242 ineffabili
3372 5193 3431 5245 et
3480 5189 3776 5251 indicibili

2106 5263 2360 5335 ratione,
2383 5269 2440 5322 et
2466 5266 2832 5341 simplicium
2848 5275 3174 5347 utrumque
3194 5273 3256 5331 in
3278 5291 3411 5334 com
3421 5278 3616 5352 posito
3631 5276 3776 5354 pro?

2108 5354 2255 5428 prius
2279 5360 2513 5413 natura
2534 5358 2832 5417 rationem
2870 5368 3097 5433 servat;
3148 5382 3411 5439 quorum
3457 5369 3617 5427 enim
3648 5387 3776 5430 non

2105 5449 2195 5502 est
2224 5461 2347 5505 una
2388 5448 2566 5518 ratio,
2616 5464 2828 5509 eorum
2876 5469 3000 5510 non
3047 5458 3136 5513 est
3184 5471 3311 5515 una
3340 5463 3584 5532 natura,
3623 5461 3772 5521 nihil
