4508 6436
788 406 858 468 6‘1
1270 438 1281 447 -
2132 403 2403 468 meum
2444 400 2809 470 cnouum
3981 392 3987 405 '
4080 414 4150 470 es

787 535 1128 602 imminuta,
1170 549 1279 608 per
1327 535 1580 593 aliorum
1621 552 1759 593 cum
1807 536 1938 593 aliis
1990 551 2352 593 concursum
2385 539 2439 591 et
2475 540 2519 591 Α
2548 555 2567 588 τ

2385 539 2439 591 et
2475 540 2519 591 Α
2548 536 2866 600 τελειότητος
2885 554 2898 567 ’
2928 541 2996 599 ὡς
3050 542 3192 592 ἔστιν
3239 534 3367 591 ἰδεῖν
3414 541 3504 590 καὶ
3568 536 3653 591 ἐπὶ
3678 546 3770 599 τῆς
3800 538 4028 601 ἕνὼσεως
4055 546 4146 592 τοῦ

789 625 1097 687 unionem,
1143 639 1352 679 eorum
1398 624 1655 681 naturali
1698 624 2100 697 perfectione;
2147 630 2209 680 ut
2238 624 2440 679 videre

786 717 874 768 est
918 712 993 767 de
1027 712 1247 767 unione
1296 713 1450 767 aeris
1496 718 1553 768 et
1604 714 1874 770 luminis.
1922 713 2229 769 Manifesta
2279 713 2437 767 enim

785 800 1064 872 utrinque
1096 803 1425 872 permansit
1464 802 1751 857 naturalis
1783 803 2137 874 proprietas,
2169 801 2310 855 nihil
2338 815 2443 870 per

789 890 1074 946 unionem
1106 890 1273 947 1533a.
1300 892 1500 962 Neque
1517 892 1676 946 enim
1701 890 1904 946 lumen
1930 890 2161 961 aliquid
2195 907 2315 945 suae
2339 905 2443 945 na-

788 984 933 1035 turae
962 979 1164 1035 amisit
1191 995 1329 1034 cum
1357 994 1492 1035 aere
1547 980 1925 1051 permislum,
1974 995 2171 1051 neque
2202 994 2442 1034 rursum

787 1083 889 1123 aer
916 1068 976 1123 in
1011 1068 1254 1139 proyria
1284 1067 1634 1123 substantiae
1665 1084 1790 1123 suae
1842 1069 2072 1127 ratione
2103 1068 2437 1139 quidquam

786 1172 1006 1228 passus
1039 1162 1148 1221 est,
1189 1172 1260 1212 eo
1287 1157 1453 1229 quod
1478 1157 1687 1213 lumen
1737 1158 2050 1229 acceperit.
2086 1157 2249 1214 Unde
2276 1162 2331 1211 et
2360 1157 2444 1211 di-

785 1246 977 1301 cimus
1004 1261 1252 1317 passum
1269 1261 1398 1300 esse
1428 1245 1875 1301 Emmanuelem
1896 1247 1952 1300 in
1978 1261 2049 1301 ea
2066 1251 2281 1301 natura
2304 1260 2442 1317 quas

789 1334 915 1405 pati
944 1338 1198 1405 poterat,
1222 1337 1279 1389 et
1310 1334 1713 1404 permansisse
1752 1334 2187 1406 impassibilem
2226 1334 2285 1388 in
2337 1334 2442 1388 im-

781 1421 1054 1494 passibili
1091 1422 1423 1477 Divinitatis
1456 1422 1797 1478 substantia
1823 1440 1836 1489 ;
1861 1423 2006 1494 quia
2025 1423 2185 1478 aliud
2200 1428 2257 1489 et
2278 1421 2441 1477 aliud

782 1516 922 1565 sunt
949 1526 1022 1565 ea
1051 1527 1123 1565 ex
1154 1511 1374 1582 quibus
1400 1511 1699 1577 Christus;
1732 1516 1788 1566 et
1808 1512 2033 1583 patitur
2066 1511 2309 1583 quidem
2334 1511 2439 1565 hu-

782 1614 961 1654 mane
974 1606 1216 1670 propter
1228 1614 1496 1667 carnem,
1514 1600 1573 1653 in
1593 1604 1889 1671 quantum
1906 1606 1992 1653 est
2012 1599 2218 1667 homo;
2238 1599 2438 1655 divine

2550 624 2698 700 ἀέρος
2727 632 2813 679 καὶ
2840 635 2930 680 τοῦ
2962 632 3127 699 φωτός
3150 645 3163 658 ·
3196 626 3473 698 εἰλικρινὴς
3491 628 3592 698 γὰρ
3623 628 3653 686 ἡ
3684 626 3921 699 ἐκατέρου
3950 633 4153 699 φυσικὴν

2550 718 2826 785 μεμένηκεν
2870 712 3091 777 ἰδιότης,
3134 712 3300 787 μηδὲν
3331 716 3431 766 ύπό
3480 722 3575 776 τῆς
3620 714 3843 775 ἐνὼσεως
3870 735 4146 789 παρατρω-

2552 805 2732 855 θεῐσα⁹
2778 807 2898 855 ὀὔτε
2954 807 3054 878 γὰρ
3109 808 3165 855 τό
3224 812 3330 875 φῶς
3375 802 3675 874 ἀπήμϐλυνέ
3722 822 3774 854 τι
3828 812 3920 865 τῆς
3962 804 4147 855 ἑαυτοῦ

2551 894 2746 963 φύσεως
2771 899 2843 961 τῷ
2890 890 3001 964 ἀέρι
3027 894 3238 964 μιχθὲν.
3269 895 3381 943 οὔτε
3425 890 3576 943 πάλιν
3617 895 3642 942 ό
3670 890 3770 965 asp
3802 891 3868 952 εἰς
3898 895 3983 943 τὸν
4010 888 4147 943 ἰδιον

2550 989 2643 1041 τῆς
2697 980 2885 1040 ούσίας
2954 982 3169 1032 πέπονθε
3222 980 3393 1051 λόγον,
3436 982 3565 1031 καθό
3608 979 3708 1053 ἀήρ
3776 977 3889 1031 ἔστι
3926 984 3985 1032 τό
4042 989 4146 1051 φῶς

2552 1064 2861 1139 δεξάμενος·
2897 1070 3007 1120 ὅθεν
3050 1074 3139 1120 καὶ
3171 1071 3330 1139 φαμεν
3359 1070 3540 1120 παθεῖν
3578 1071 3664 1119 τόν
3706 1068 4035 1140 Ἐμμανουήλ
4072 1075 4146 1138 τῷ

2549 1162 2797 1227 πεφυκότι
2844 1159 3168 1220 πεπονθέναι,
3228 1162 3318 1208 καὶ
3356 1159 3695 1227 μεμενηκέναι
3725 1154 3899 1214 ἀπαθῆ
3932 1164 4004 1226 τῷ
4034 1162 4150 1207 κατ’

2550 1244 2733 1296 ούσίαν
2749 1243 2936 1297 ἀπαθεῖ
2965 1253 3060 1305 τῆς
3080 1247 3339 1304 θεότητος·
3360 1246 3437 1296 ὅτι
3460 1244 3581 1296 ἄλλο
3598 1249 3688 1296 καὶ
3709 1243 3830 1295 ἄλλο
3852 1246 3916 1295 τὰ
3943 1242 3995 1307 ἐξ
4023 1242 4090 1295 ὧν
4122 1245 4148 1296 ό

2549 1337 2819 1407 Χριστός’
2885 1338 2974 1384 καὶ
3013 1335 3218 1404 πάσχει
3275 1335 3362 1404 μὲν
3421 1331 3753 1405 ἀνθρωπίνως
3809 1337 3985 1407 σαρκὶ,
4017 1334 4148 1384 καθὸ

2549 1423 2845 1495 ἄνθρωπος’
2881 1420 3088 1483 ἀπαθὴς
3119 1418 3178 1473 δέ
3208 1420 3320 1472 ἐστι
3348 1422 3546 1483 θεῑκώς,
3581 1424 3649 1481 ὡς
3680 1426 3831 1482 Θεός.
3860 1420 3970 1472 Ούκ
4000 1420 4148 1481 ἄλλος

2550 1507 2609 1561 δέ
2653 1509 2764 1561 ἐστι
2794 1515 2884 1561 καὶ
2915 1510 3066 1571 ἄλλος
3129 1512 3197 1571 ὡς
3245 1508 3490 1567 ὴϐοᾶλετο
3534 1515 3835 1583 Νεστόριος,
3887 1510 4020 1560 οὕτω
4051 1510 4146 1567 λη-

2546 1608 2647 1669 ρών
2671 1615 2683 1627 °
2719 1601 2745 1649 ό
2776 1605 2865 1670 μὲν
2913 1601 3094 1651 παθεῖν
3142 1602 3377 1669 πεφυκὼς
3406 1599 3611 1665 ἔπαθεν,
3642 1598 3668 1649 ό
3719 1593 3777 1649 δὲ
3814 1595 4022 1657 ἀπαθὴς
4051 1598 4146 1649 ούκ

779 1668 1791 1757 autemest—impassibilisntlieus.
1813 1690 1937 1743 Non
1956 1687 2110 1742 alius
2127 1694 2327 1741 autem
2352 1692 2440 1743 est
2471 1668 2508 1721 Β
2548 1668 2559 1740 i

1220 1668 1791 1756 passibilisutlieus.
1813 1690 1937 1743 Non
1956 1687 2110 1742 alius
2127 1694 2327 1741 autem
2352 1692 2440 1743 est
2471 1668 2508 1721 Β
2548 1668 2730 1740 ἔπαθεν
2761 1668 2824 1746 ὧς
2852 1694 3000 1749 Θεός.

779 1780 839 1831 et
863 1774 1032 1845 alius,
1063 1780 1128 1831 ut
1163 1774 1406 1830 volebat
1442 1776 1763 1841 Nestorius,
1789 1776 2103 1847 hucusque
2133 1775 2394 1831 delirans
2420 1793 2434 1831 :

778 1863 882 1936 qui
911 1864 991 1920 ad
1020 1863 1373 1936 patiendum
1403 1868 1573 1918 natus
1604 1869 1748 1932 erat,
1777 1880 1995 1936 passus
2017 1870 2139 1933 est;
2184 1865 2286 1936 qui
2314 1863 2705 1935 impassibilis
2736 1869 2880 1934 erat,
2912 1878 3032 1918 non
3067 1878 3287 1934 passus
3310 1867 3415 1925 est,
3443 1866 3506 1917 ut
3533 1863 3707 1917 Deus.

1503 2238 2265 2383 NICET/E
2366 2237 3432 2384 CHONIAT/E

2275 2515 2358 2569 EX
2398 2513 2602 2569 ΜΒΗο
2647 2513 2687 2567 Χ

1312 2689 2059 2811 THESAURI
2142 2690 3092 2813 OltTHODOX/E
3172 2689 3610 2808 FIDEI.

780 3162 867 3217 De
890 3162 1103 3232 quinta
1130 3160 1380 3231 synodo,
1413 3176 1544 3231 qua
1575 3169 1852 3231 quartam
1885 3163 2180 3231 synodum
2212 3165 2431 3231 conﬁr-
2466 3165 2505 3220 C
2545 3170 2560 3215 ι

2361 3166 2431 3218 ἱν-
2466 3165 2505 3220 C
2545 3170 2669 3237 Περι
2693 3172 2788 3224 τῆς
2813 3167 3054 3235 πέμπτης
3087 3157 3333 3227 συνόδου,
3366 3162 3481 3221 ἣτις
3510 3163 3602 3216 τὴν
3640 3160 3889 3231 τετάρτην
3924 3153 4141 3209 σύνοδον

851 3250 1037 3304 mavit
1065 3254 1118 3304 et
1150 3249 1464 3319 stabilivit,
1492 3256 1820 3306 convocata
1840 3251 1949 3306 sub
1977 3253 2223 3320 imperio
2252 3254 2433 3308 Justi-

850 3340 1041 3395 niani.

856 3470 903 3519 t.
946 3464 1026 3519 De
1048 3463 1141 3519 bis
1161 3480 1297 3536 quae
1330 3470 1659 3521 evenerunt
1687 3467 1887 3522 statim
1927 3473 2062 3539 post
2083 3468 2345 3524 Dioscori
2376 3473 2433 3526 et

779 3552 1062 3625 Eutychis
1095 3552 1538 3625 depositionem
1576 3560 1633 3610 et
1668 3561 1803 3626 post
1847 3555 2062 3611 lectam
2095 3557 2156 3612 in
2196 3558 2431 3629 synodo

775 3649 833 3699 et
862 3642 1144 3698 traditam
1167 3643 1528 3698 sanctissimi
1556 3659 1729 3715 papae
1760 3646 2011 3701 Romani
2058 3647 2264 3702 Leonis
2312 3649 2431 3720 epi-

775 3731 1019 3789 stolam.
1067 3730 1574 3789 Chalcedonensis
1623 3749 1795 3789 sacra
1851 3740 1909 3790 et
1962 3735 2168 3792 divina
2215 3744 2432 3809 quarta

774 3821 1049 3893 synodus
1098 3821 1351 3877 sancivit
1389 3836 1454 3877 se
1508 3822 1591 3878 ita
1629 3823 1870 3879 credere
1913 3830 1971 3880 et
2025 3825 2294 3881 conﬁteri
2323 3829 2429 3883 Do-

772 3910 1007 3966 minum
1060 3916 1335 3966 nostrum
1386 3912 1590 3966 Jesum
1631 3912 1935 3969 Christum
1993 3914 2055 3969 in
2119 3916 2430 3972 Divinitate

771 3999 1105 4073 perfectum
1132 4005 1191 4055 et
1218 4000 1280 4054 in
1317 3999 1692 4056 humanitate
1722 4001 2076 4073 perfectum,
2099 4005 2159 4059 in
2191 4005 2431 4061 duabus

770 4091 1001 4146 naturis
1025 4089 1333 4157 cognitum
1369 4089 1685 4145 inconfuse
1739 4096 1797 4146 et
1850 4092 2126 4161 indivise,
2158 4101 2215 4150 et
2239 4111 2430 4151 unum

770 4177 1056 4235 eumdem
1107 4177 1318 4232 Filium
1365 4177 1635 4235 conﬁteri
1666 4184 1731 4235 ut
1760 4186 1898 4237 ante
1928 4181 2426 4250 incarnationem,

770 4268 854 4323 sic
906 4272 1046 4339 post
1104 4266 1601 4323 incarnationem.
1672 4272 2032 4326 Naturarum
2096 4272 2430 4330 differentia

768 4356 1017 4411 minime
1046 4360 1184 4427 post
1213 4355 1499 4411 unionem
1524 4356 1784 4427 sublata,
1819 4365 2055 4416 servata
2095 4366 2298 4417 autem
2325 4378 2427 4435 po-

769 4445 885 4500 tius
910 4449 969 4500 et
1012 4449 1406 4500 concurrente
1454 4445 1515 4500 in
1562 4462 1748 4502 unam
1790 4462 2115 4519 personam
2146 4456 2203 4505 et
2242 4468 2427 4507 unam

765 4534 1177 4606 hypostasim;
1235 4532 1397 4589 unde
1448 4536 1690 4591 Patrum
1749 4539 2172 4612 unusquisque
2239 4540 2428 4597 multa
2462 4522 2505 4574 Β

765 4622 991 4695 precati
1012 4622 1362 4695 imperatori
1382 4625 1679 4681 Marciano
1703 4625 1765 4680 in
1782 4628 2058 4699 proprias
2080 4630 2424 4700 provincias

762 4710 1017 4769 rediere.
1615 4717 1623 4724 ‘

835 4805 893 4859 2.
925 4799 1142 4858 Classis
1180 4805 1386 4857 autem
1432 4817 1571 4874 quae
1617 4802 1978 4861 Alexandria
2008 4808 2423 4864 Constantino-

766 4891 954 4965 polim
985 4889 1395 4946 descendebat
1425 4907 1565 4947 eum
1599 4891 1882 4949 Dioscoro
1902 4894 2084 4965 hujus
2112 4896 2275 4953 urbis
2294 4898 2425 4970 epi-

765 4996 953 5053 scopo
975 4985 1031 5036 et
1050 4979 1502 5052 chorepiscopis
1533 4981 1635 5052 qui
1659 4982 1773 5037 sub
1802 4984 1934 5054 ejus
1955 4990 2244 5056 potestate
2257 4992 2429 5044 erant

766 5070 1058 5126 seditione
1112 5069 1309 5126 excita
1363 5069 1587 5126 multas
1628 5079 1914 5143 operatur
1951 5075 2149 5131 caedes
2182 5093 2425 5133 eorum

764 5158 871 5232 qui
920 5158 1015 5214 sui
1071 5158 1343 5231 episcopi
1400 5159 1663 5216 Dioscori
1696 5160 2059 5234 depositioni
2105 5169 2163 5220 et
2216 5166 2425 5224 exsilio

763 5251 1219 5315 consenserant,
1249 5248 1388 5304 suis
1430 5248 1665 5305 actibus
1696 5252 2069 5309 conﬁrmans
2110 5254 2425 5313 violentio-

762 5354 891 5394 rem
922 5338 1061 5408 igne
1087 5353 1220 5394 esse
1241 5337 1526 5395 navalem
1548 5339 2043 5399 inobedientiam.
2074 5345 2187 5401 Sed
2218 5351 2277 5401 et
2319 5346 2427 5403 Pa-

762 5427 1067 5485 laestinasis
1106 5428 1408 5501 episcopis
1446 5430 1963 5504 Constantinopoli
1999 5436 2425 5492 commoranti-

761 5519 904 5588 bus,
926 5518 1212 5575 monachi
1243 5517 1495 5590 quidam
1526 5519 1930 5578 Theodosium
1956 5524 2289 5596 quemdam
2320 5542 2425 5582 au-

762 5614 991 5666 ctorem
1025 5609 1233 5674 secuti,
1256 5607 1531 5665 Ecclesiae
1553 5627 1773 5684 corpus
1794 5614 2067 5670 scindere
2089 5621 2419 5690 coeperunt,

763 5706 822 5758 et
848 5698 1277 5757 indivisibilem
1308 5700 1438 5771 ejus
1469 5701 1735 5759 tunicam
1784 5702 2151 5779 diffringere,
2182 5712 2239 5763 et
2267 5707 2424 5780 epis-

2613 3251 2903 3324 ἐπεκύρωσε
2965 3256 3052 3303 καὶ
3108 3253 3371 3322 ἐκράτυνε,
3436 3249 3859 3321 συγκροτηθεῖσα
3909 3245 3993 3297 ἐπὶ
4048 3252 4143 3307 τῆς

2617 3340 2890 3415 βασιλείας
2926 3341 3318 3394 Ἰουστινιανοῡ.

2613 3466 2677 3519 α’.
2710 3471 2834 3539 Περὶ
2867 3474 2967 3517 τῶν
3002 3462 3307 3536 συμϐάντων
3339 3465 3471 3534 μετά
3506 3465 3597 3518 τὴν
3623 3461 3928 3531 καθαίρεσιν
3954 3458 4146 3509 αὐτίκα

2541 3566 2633 3609 τού
2665 3560 2947 3630 Διοσκόρου
3005 3560 3096 3605 καὶ
3155 3553 3430 3623 Εύτυχοῡς
3476 3555 3566 3602 καὶ
3612 3554 3705 3607 τὴν
3772 3547 3856 3600 ἐπὶ
3915 3543 4141 3599 συνόδου

2543 3645 2833 3716 ἀνάγνωσιν
2856 3649 2945 3696 καὶ
2966 3639 3266 3717 παράδοσιν
3296 3649 3387 3701 τῆς
3426 3637 3670 3695 ἐπιστολῆ
3684 3645 3819 3698 ςστού
3846 3636 4139 3708 ἀγιωτάτου

2540 3736 2690 3787 πάπα
2716 3734 2916 3806 Ῥώμης
2971 3737 3203 3790 Λέοντος.
3236 3730 3294 3781 Ἠ
3339 3732 3428 3801 μὲν
3467 3723 3553 3779 οὖν
3594 3725 3642 3777 ἐν
3696 3722 3998 3782 Χαλκηδόνι
4030 3725 4143 3798 ἱερά

2539 3829 2629 3875 καὶ
2662 3826 2774 3875 θεία
2824 3824 3044 3895 τετάρτη
3097 3816 3320 3881 σύνοδος
3370 3820 3656 3889 κεκύρωκεν
3713 3814 3847 3866 οὕτω
3900 3810 4140 3875 δοξάζειν

2539 3917 2629 3965 xui
2676 3911 2941 3984 ὁμολογεῖν
2997 3914 3085 3962 τόν
3146 3912 3333 3981 Κύριον
3382 3908 3528 3974 ἡμῶν
3575 3905 3781 3961 Ἰησοῦν
3822 3904 4050 3977 Χριστόν
4091 3900 4140 3953 ἐν

2542 4005 2746 4059 θεότητι
2799 4001 2983 4054 τέλειον
3034 4005 3125 4051 καὶ
3176 3997 3223 4050 ἐν
3275 3995 3638 4068 ἀνθρωπότητι
3688 3992 3898 4060 τελειον,
3929 3989 3979 4042 ἐν
4043 3986 4142 4042 δύο

2540 4094 2729 4164 φύσεσι
2750 4090 3127 4163 γνωριζόμενον
3170 4086 3492 4158 ἀσυγχύτως
3530 4087 3620 4135 καὶ
3673 4078 4008 4154 ἀδιαιρέτως,
4050 4084 4143 4131 καὶ

2538 4182 2733 4234 ἔνατόν
2761 4181 2917 4233 αύτόν
2956 4182 3067 4231 υἱόν
3107 4177 3374 4250 ὁμολογεῖν
3423 4177 3487 4235 ὡς
3534 4175 3634 4247 πρό
3670 4180 3767 4232 τῆς
3822 4171 4143 4242 ἑνανθρωπή-

2540 4290 2665 4332 σεως
2715 4275 2806 4322 καὶ
2843 4273 2970 4341 μετά
3013 4272 3107 4326 την
3156 4267 3546 4337 ἐνανθρὼπησιν
3576 4283 3589 4295 ο
3640 4269 3733 4323 τῆς
3793 4268 3892 4311 τῶν
3941 4262 4142 4331 φύσεων

2540 4358 2792 4435 διαφορᾶς
2823 4356 3071 4430 οὐδαμῶς
3101 4355 3425 4429 ἀνῃρημένης
3456 4354 3587 4425 μετά
3612 4355 3705 4408 τὴν
3735 4350 3934 4419 ἕνωσιν,
3970 4348 4142 4407 σωζο-

2537 4456 2694 4524 μένης
2726 4447 2784 4501 δὲ
2812 4447 3001 4521 μᾶλλον
3032 4451 3121 4497 καὶ
3154 4446 3551 4517 συντρεχούσης
3581 4439 3652 4500 εἰς
3677 4438 3725 4491 ἓν
3751 4442 4029 4508 πρόσωπον
4051 4441 4142 4488 καὶ

2536 4547 2661 4614 μίαν
2692 4543 2986 4592 ὑπόστασιν
3008 4558 3020 4569 ·
3054 4538 3165 4589 ὅθεν
3196 4540 3287 4586 καὶ
3317 4543 3416 4584 τὼν
3458 4535 3697 4604 Ιιατέρων
3730 4530 3948 4588 ἕκαστος
3977 4526 4141 4577 πολλά

2534 4638 2627 4683 τοῦ
2656 4627 2916 4702 βασιλέως
2946 4624 3346 4701 ύπερευξάμενοι
3373 4626 3697 4696 Μαρκιανού,
3731 4618 3802 4678 εἰς
3830 4618 3920 4677 τάς
3950 4616 4141 4677 οἰκείας

2534 4721 2796 4793 ἐπαρχίας
2827 4716 3136 4789 ἀπετρεχον.

2608 4807 2677 4881 β’.
2712 4808 2783 4861 Τό
2831 4803 2889 4859 δὲ
2938 4806 2993 4858 ἐκ
3031 4814 3127 4865 τῆς
3166 4796 3553 4872 Ἀλεξανδρείας
3590 4798 3832 4848 ναυτικόν
3863 4794 3888 4847 ὁ
3918 4802 4140 4870 κατῆρεν

2535 4898 2604 4959 εἰς
2674 4892 3217 4950 Κωνσταντιτούπολιν
3268 4891 3379 4963 οἶμα
3444 4892 3711 4959 Διοσκόρῷ
3768 4893 3840 4955 τῷ
3897 4892 3991 4946 τῆς
4045 4888 4139 4936 πό-

2534 4989 2657 5051 λεως
2713 4991 2912 5048 ταύτης
2976 4984 3247 5053 ἐπισκόπῳ
3307 4986 3397 5033 καὶ
3447 4986 3552 5039 τοῖς
3604 4979 3705 5028 ύπό
3764 4979 3854 5033 τὴν
3920 4974 4141 5050 ἐπικρά-

2534 5098 2674 5131 τειαν
2733 5078 2895 5129 αύτού
2952 5076 3378 5148 χωρεπισκόποις
3433 5068 3732 5121 στασιάσαν
3784 5063 4001 5125 πολλοὺς
4065 5063 4145 5137 ἐρ.

2534 5168 2753 5240 γάζεται
2801 5171 2987 5239 φόνους
3030 5173 3131 5216 τῶν
3184 5170 3246 5235 τῇ
3294 5162 3599 5232 καθαιρέσει
3653 5160 3744 5207 καὶ
3797 5153 3969 5228 ἐξορίᾳ
4018 5172 4143 5204 συν-

2536 5258 2846 5310 αινεσοὶντων
2889 5262 2983 5307 τοῦ
3042 5256 3212 5329 ἱερέως
3263 5258 3404 5323 σφῶν
3442 5254 3535 5300 τού
3590 5248 3897 5319 Διοσκόρου,
3931 5241 3987 5294 ἐκ
4041 5249 4143 5293 τῶν

2535 5351 2698 5422 ἔργων
2764 5345 2923 5398 αὑτοῦ
2966 5345 3308 5415 πιστούμενοι
3366 5336 3790 5412 δραστικωτέραν
3856 5327 3986 5383 εἶναι
4048 5350 4147 5383 πυ-

2534 5441 2620 5513 ρὸς
2662 5432 3013 5488 ἀπαιδευσίαν
3078 5437 3171 5491 τὴν
3227 5433 3522 5486 ναυτικήν.·
3563 5424 3721 5479 Ἀλλά
3789 5426 3879 5473 καὶ
3933 5428 4034 5473 τῶν
4084 5424 4143 5472 εκ

2535 5526 2889 5584 Παλαιστίνης
2964 5525 3133 5596 ἱερέων
3202 5514 3633 5592 ἑνδιατρίϐόντων
3698 5514 3775 5564 ἔτι
3848 5517 3911 5582 τῇ
3993 5515 4142 5561 Κων-

2538 5614 2960 5669 σταντινουπολει
2993 5655 3006 5679 ,
3065 5614 3196 5672 τινες
3248 5617 3349 5661 τῶν
3404 5612 3653 5679 μοναχών
3684 5646 3697 5669 ,
3747 5603 3956 5673 ἔχοντές
4024 5617 4144 5651 τινα

2534 5703 2820 5760 Θεοδόσιον
2884 5704 3110 5777 ἔξαρχον
3177 5699 3366 5767 αὐτῶν,
3408 5694 3633 5771 ἤρξαντο
3671 5695 3729 5744 τό
3786 5698 3881 5752 τῆς
3921 5686 4141 5761 Ἐκκλητ
