4508 6436
328 404 402 459 69

330 530 458 586 σίας
518 532 673 595 σῶμα
719 519 965 592 διαστᾴν,
1033 528 1123 575 καὶ
1173 522 1359 575 ἄλυτον
1430 523 1591 582 αὐτῆς
1631 528 1835 591 χιτῶνα
1865 516 1946 571 δι·
1978 522 2024 574 Α

329 610 667 684 «ppu-pem,
715 614 805 660 καὶ
868 612 988 669 τοὺς
1064 608 1125 685 ἐνι
1198 616 1258 680 τῇ
1347 606 1554 677 συνόδῳ
1628 611 1946 666 επισκόπους

332 698 755 769 ἀναθεματίζειν,
812 702 903 747 καὶ
960 696 1163 770 ἑτέρους
1215 704 1532 768 χειροτονεῖν
1589 694 1695 747 ἀντ’
1752 695 1939 746 αὐτῶν·

332 788 649 857 φημίζοντες
705 788 774 845 ὼς
839 787 868 842 η
951 782 1171 847 σύνοδος
1233 786 1463 858 ἐκύρωσε
1528 790 1617 836 καὶ
1657 783 1945 836 ἀνεκαίνισε

331 879 390 926 τό
440 880 727 942 Νεστορίου
786 870 983 945 δογμα,
1037 875 1297 947 προφάσει
1356 882 1451 933 τῆς
1527 870 1713 933 δυίκῆς
1780 880 1945 943 φωνῆς

332 972 431 1014 τῶν
473 966 674 1035 φύσεων
740 970 893 1014 τοῦτο
966 968 1355 1036 τερατευόμενοι
1384 983 1396 995 ·
1471 964 1582 1014 ὅθεν
1666 959 1945 1013 κατέλαϐον

330 1059 510 1104 πᾶσαν
567 1056 661 1109 τήν
728 1050 1081 1108 Παλαιστίνην
1129 1056 1217 1102 καὶ
1272 1055 1561 1122 Αἴγυπτον,
1625 1055 1715 1101 καὶ
1782 1052 1849 1101 τὰ
1895 1048 1943 1100 ἓν

330 1149 394 1211 τῇ
453 1139 633 1212 ἇρήμῳ
678 1145 1025 1213 μοναστήρια·
1082 1145 1173 1192 καὶ
1215 1144 1281 1191 τὰ
1331 1140 1550 1192 πλεῖστα
1604 1142 1799 1191 τούτων
1848 1158 1945 1189 παι

328 1233 581 1302 ρέπεισαν
610 1233 682 1300 μὴ
727 1225 985 1299 δέχεσθαι
1024 1232 1091 1281 τα
1132 1231 1429 1302 κυρωθέντα
1466 1230 1609 1303 παρὰ
1640 1234 1732 1287 της
1769 1229 1945 1298 τετάρ-

328 1338 393 1375 τη
407 1338 428 1378 ς
460 1313 711 1373 συνόδου.

402 1482 479 1531 γ.
535 1459 790 1531 Διίλαμπε
844 1456 903 1511 δε
961 1466 1069 1520 τοῖς
1117 1460 1283 1512 ἐκεῖσε
1347 1464 1459 1511 τότε
1516 1464 1723 1531 μέρεσιν
1787 1460 1813 1510 ό
1863 1458 1945 1509 ἑπ-

331 1552 535 1621 ὼνυμος
600 1547 677 1599 ἐπ’
735 1547 887 1620 αρετῇ
942 1554 1122 1621 Πατὴρ
1182 1551 1327 1619 ἡμῶν
1394 1549 1679 1619 Εύθύιιιιος,
1736 1547 1785 1606 ὃς
1858 1552 1945 1598 καὶ

330 1646 430 1699 τῆς
490 1633 809 1697 κακοδοξίας
868 1644 969 1687 τὼν
1044 1637 1297 1688 πλείστων
1375 1636 1574 1694 ἀπέστη
1652 1640 1781 1709 μετά
1855 1641 1945 1687 καὶ

332 1734 436 1776 τῶν
492 1729 584 1777 σύν
630 1724 769 1794 αύτῷ
833 1734 1099 1796 μοναχῶν·
1156 1722 1431 1797 δεξάμενος
1479 1728 1577 1799 γὰρ
1633 1730 1720 1777 τόν
1779 1724 1826 1776 ἐν
1880 1732 1942 1796 τῇ

336 1810 548 1884 συνόδῳ
632 1812 987 1883 ἐκφωνηθέντα
1060 1815 1198 1886 ὅρον,
1274 1822 1515 1885 συνεῖχεν
1597 1814 1781 1874 αύτούς
1856 1820 1947 1865 καὶ

332 1908 591 1961 παντοίως
654 1901 913 1975 ἐπεχείρει
968 1904 1160 1954 πείθειν
1236 1905 1300 1964 ὡς
1373 1906 1578 1975 ἔννομον
1634 1906 1661 1961 ἠ
1731 1900 1946 1963 σύνοδος

332 1998 426 2042 καὶ
456 1990 616 2064 ὀρθὴν
659 1994 946 2048 ἐποιήσατο
1002 1996 1096 2049 τὴν
1154 2001 1253 2044 τῶν
1312 1988 1409 2044 δύο
1467 1996 1666 2065 φύσεων
1702 1992 1945 2063 ,ἐκφωνη-

334 2100 443 2148 σιν,
496 2086 584 2131 καὶ
640 2080 855 2140 πολλοὺς
914 2079 1161 2152 ἀπηλειφε
1224 2087 1314 2133 καὶ
1381 2083 1763 2155 παρεσκεύαζεν
1811 2082 1946 2133 ούτω

334 2177 558 2241 φρονείν.
608 2168 691 2228 Ὠς
748 2165 806 2220 δὲ
884 2174 942 2220 τό
1022 2175 1181 2221 κακόν
1240 2170 1388 2221 πλέον
1455 2170 1740 2243 ἐπενέμετο,
1802 2177 1947 2245 χειρὶ

330 2266 428 2318 τῆς
507 2256 833 2329 βασιλίσσης
908 2254 1161 2319 Εύδοκίας
1258 2258 1492 2329 μάλιστα
1575 2265 1947 2332 κρατυνόμενον

334 2346 507 2398 ἐκεῖσε
561 2351 679 2417 περὶ
734 2351 856 2408 τούς
914 2344 1098 2417 ἁγίους
1138 2354 1330 2407 τόπους
1384 2343 1786 2419 διατριϐούσης,
1832 2367 1950 2399 συν-

334 2437 624 2507 ταξάμενος
679 2441 769 2487 καὶ
824 2437 1174 2507 παραγγείλας
1250 2444 1359 2496 τοῖς
1436 2437 1621 2489 ἑαυτοῦ
1698 2445 1950 2510 μοναχοῐς

334 2531 410 2595 μὴ
453 2532 772 2581 κοινωνῆσαι
826 2532 889 2596 τῇ
950 2522 1240 2598 κακοδοξίᾳ
1316 2522 1623 2594 Θεοδοσίου,
1679 2524 1952 2598 ἀπεδήμη-

342 2633 430 2667 σεν
463 2612 512 2665 ἓν
558 2621 620 2684 τῇ
668 2612 865 2687 ἐρήμῳ.
926 2616 1047 2667 Μετ’
1105 2618 1163 2667 ού
1207 2616 1335 2667 πολύ
1368 2612 1427 2668 δε
1465 2621 1816 2690 γνωρίσαντος
1865 2617 1955 2669 αύ-

344 2712 437 2754 τού
499 2710 558 2773 τῇ
620 2699 850 2774 Εύδοκίᾳ
910 2708 1003 2761 τὴν
1052 2708 1432 2778 φανερωθεῖσαν
1504 2707 1644 2777 αὐτῷ
1704 2705 1758 2757 ἐκ
1820 2714 1954 2759 Θεοῦ

340 2796 672 2863 μετάστασιν
738 2793 903 2854 αὐτῆς
976 2793 1029 2845 ἐκ
1113 2804 1202 2847 τού
1280 2804 1551 2869 σώματος,
1632 2799 1821 2858 ἐκείνης
1902 2818 1957 2851 τε

341 2882 633 2951 ὼνιωριένης
689 2877 783 2931 διὰ
846 2885 911 2932 τὰ
975 2883 1248 2953 συμϐάντα
1308 2886 1356 2937 ἐν
1410 2887 1578 2959 Ῥώμη
1652 2885 1797 2939 δεινὰ
1857 2897 1955 2938 τὼν

339 2971 508 3030 αὐτῆς
552 2989 813 3039 συγγενων
858 2970 1022 3023 ἐκεῖσε
1070 2974 1620 3045 αἰχμαλωτισθέντων,
1664 2984 1752 3029 καὶ
1792 2997 1957 3028 ταυτα

339 3060 584 3129 ὶεγοντος
635 3060 792 3110 αὐτού
856 3056 948 3111 διὰ
1008 3066 1103 3118 τήν
1166 3068 1411 3136 αιρεσεως
1483 3074 1745 3117 κοινωνίαν
1810 3067 1956 3117 επεν-

341 3150 569 3217 εχθῆναι
640 3148 769 3219 αὐτῇ
831 3152 964 3199 κατά
1016 3152 1151 3201 θείαν
1215 3161 1586 3227 συγχώρησιν,
1647 3158 1854 3212 κάκείνη
1906 3174 1958 3207 τε

341 3243 436 3295 ’ἧς
486 3240 733 3295 τοιαύτης
773 3241 971 3296 απέστη
1029 3242 1291 3312 αἱρέσεως,
1343 3250 1432 3294 καί
1488 3254 1597 3305 τοῖς
1649 3248 1959 3319 κυρωθεῖσιν

342 3327 446 3376 ύπό
490 3333 583 3385 τῆς
645 3322 871 3377 συνόδου
924 3327 1234 3400 ἐστοίχησε,
1274 3336 1364 3383 καὶ
1418 3336 1483 3394 ςά
1544 3341 1634 3384 τού
1674 3332 1958 3386 Θεοδοσίου

346 3413 690 3485 ἀνεθεμάτισε
730 3410 992 3488 δόγματα,
1026 3423 1151 3489 μίαν
1184 3422 1337 3491 φύσιν
1368 3430 1459 3472 τού
1507 3428 1677 3491 Λόγου
1727 3428 1814 3474 καὶ
1865 3432 1959 3484 τῆς

347 3508 549 3575 σαρκός
608 3499 1035 3577 δογματίζοντος,
1106 3514 1193 3559 καὶ
1253 3514 1347 3566 τὴν
1406 3510 1453 3561 ἐν
1500 3509 1802 3568 Χαλκηδόνι
1844 3515 1963 3564 σύν-

336 3588 475 3663 οδον
533 3592 1015 3665 ἐξοστρακίζοντός·
1061 3604 1151 3649 καὶ
1203 3598 1381 3651 πολλοὶ
1426 3610 1523 3650 των
1582 3599 1961 3675 ἀποσχριστὼν

347 3682 484 3754 αύτῇ
520 3680 886 3754 ἐκοινώνησαν,
936 3690 1023 3737 καί
1071 3691 1136 3739 τὰ
1186 3696 1277 3749 τῆς
1309 3686 1619 3761 ὁρθοδοξίας
1650 3692 1961 3750 ἠσπάσαντο

345 3768 385 3823 δ
388 3780 619 3843 όγματα.

533 3919 788 3988 Ταράχου
834 3915 894 3971 δε
962 3919 1110 3972 πάλιν
1168 3922 1227 3973 ού
1281 3932 1371 3974 τού
1425 3928 1681 3996 τυχόντος
1720 3930 1813 3982 τὴν
1850 3926 1965 3977 Ἐκ-

341 4003 571 4060 κλησίαν
612 4010 948 4076 κατέχοντος,
1008 4014 1149 4063 Λέων
1305 4017 1362 4063 τό
1425 4012 1687 4086 ἐπώνυμον
1763 4014 1965 4068 Μακέλ-

340 4092 460 4160 λης,
498 4096 627 4164 μετὰ
676 4102 978 4169 Μαρκιανόν
1030 4098 1275 4171 βασιλεύς
1343 4101 1753 4177 ἀνακηρυχθεὶς,
1821 4101 1964 4154 ἐϐού-

338 4180 458 4233 λετο
498 4185 588 4252 μὶν
627 4190 717 4235 καὶ
764 4185 918 4247 αὗτὸς
963 4185 1181 4241 σύνοδον
1247 4200 1613 4265 συγκροτῆσαι
1677 4196 1795 4264 περὶ
1850 4194 1966 4243 τού-

337 4290 465 4321 των⁹
508 4275 663 4341 γνούς
714 4270 774 4325 δε
812 4277 882 4337 ὡς
935 4277 994 4327 ού
1045 4283 1146 4351 προ
1204 4279 1393 4331 πολλού
1449 4282 1479 4339 η
1542 4279 1590 4331 ἐν
1660 4277 1965 4337 Χαλκηδόνι

344 4362 723 4431 συνήθροιστο,
769 4368 859 4415 καὶ
919 4371 990 4436 μὴ
1053 4366 1206 4419 θέλων
1268 4366 1417 4429 αὖθις
1478 4374 1595 4430 τούς
1644 4370 1964 4432 ἐπισκόπους

342 4456 463 4509 ταῖς
514 4459 742 4521 συχναῖς
799 4451 1125 4527 ἀποδημίαις
1194 4462 1285 4509 καὶ
1354 4457 1733 4531 μεταϐιϐάσεσι
1806 4478 1964 4511 κατα·

343 4541 683 4611 τρύχεσθαι,
736 4549 840 4603 τοῖς
896 4544 1014 4597 καθ’
1068 4546 1293 4605 ἑκάστην
1346 4547 1610 4620 ἑπαὰχίαν
1660 4546 1967 4610 ἐπισκόποις
2000 4573 2043 4626 D

344 4625 611 4688 κελεύσεις
699 4627 967 4685 ἀπέστειλε
995 4676 1008 4699 ,
1103 4630 1345 4698 δηλώσας
1419 4633 1496 4689 δι’
1561 4637 1749 4708 αὐτῶν,
1818 4645 1964 4689 ποῖον

345 4717 545 4785 ἔχουσι
601 4722 843 4791 φρόνημα
896 4728 1015 4796 περὶ
1062 4733 1158 4786 τῆς
1208 4725 1265 4777 ἐκ
1328 4723 1633 4785 Χαλκηδόνι
1692 4729 1966 4788 συστάσης

346 4800 612 4872 συνόδου,
652 4816 997 4880 παραστῆσαί
1051 4815 1099 4864 οἱ
1134 4810 1229 4867 διὰ
1282 4819 1501 4887 τάχους·
1549 4815 1610 4868 οὗ
1673 4822 1961 4888 γεγονότος,

344 4893 553 4954 πλείους
593 4896 623 4953 ἦ
665 4896 836 4968 χίλιοι
874 4898 1151 4955 ἐπίσκοποι
1207 4905 1514 4978 ὑπέγραψαν
1559 4912 1649 4958 καὶ
1701 4910 1795 4964 τὴν
1844 4908 1965 4958 σύν-

345 4979 471 5035 οδον
526 4982 896 5059 ἐπεκύρωσαν.
952 4997 1057 5043 Τοῦ
1110 4989 1170 5046 δε
1222 4998 1445 5057 Λέοντος
1498 4999 1586 5047 τόν
1654 4994 1773 5067 βίον
1846 5014 1965 5067 μετ,

344 5073 663 5146 ηλλαχότος,
706 5084 940 5142 Ζήνωνός
979 5101 1033 5134 τε
1085 5088 1173 5135 καὶ
1224 5083 1574 5138 Ἀναστασίου
1632 5084 1741 5157 μετ’
1790 5084 1962 5156 ὀλίγον

346 5160 805 5236 βασιλευσάντων,
862 5170 1160 5246 παρρησίαν
1226 5183 1319 5227 τού
1385 5175 1550 5246 λέγειν
1608 5178 1761 5237 αὖθις
1829 5178 1964 5227 κατὰ

339 5261 436 5314 τῆς
491 5251 719 5308 συνόδου
767 5260 817 5310 οἱ
857 5256 931 5312 δι’
985 5260 1217 5325 ἐναντίας
1262 5262 1564 5338 ἐλάμϐανον,
1623 5269 1714 5317 καὶ
1764 5268 1820 5317 τό
1862 5274 1961 5317 τῶν

338 5339 668 5396 Ἰακωϐιτῶν
755 5367 844 5401 και
936 5348 1299 5405 Θεοδοσιανῶν
1390 5353 1628 5428 ἐκώμασε
1710 5354 1910 5416 πλῆθος
1943 5397 1957 5423 ,

338 5436 466 5504 μίαν
512 5436 670 5505 φύσιν
717 5444 811 5490 τοῦ
869 5442 1044 5512 Λόγου
1097 5447 1187 5495 καὶ
1234 5451 1327 5505 τῆς
1386 5448 1583 5519 σαρκός
1646 5442 1957 5519 πρεσϐευόν-

339 5531 463 5587 τὼν,
504 5530 596 5577 καὶ
648 5531 743 5585 τὴν
785 5526 1006 5583 σύνοδον
1052 5530 1561 5607 ἀναθεματιζόντων.
1612 5534 1677 5587 Οἰ
1717 5531 1766 5586 δ’
1807 5534 1958 5587 αὐτοὶ

338 5610 617 5687 ἐπειρῶντο
673 5622 765 5670 καὶ
822 5624 910 5672 τόν
952 5627 1109 5695 τόμον
1172 5622 1455 5697 ἀνατρέψαι
1514 5634 1607 5678 τού
1674 5624 1721 5676 ἐν
1785 5624 1958 5696 ἁγίοις

339 5708 561 5769 Λέοντος
622 5710 775 5762 πάπα
833 5709 1053 5785 Ῥώμης·
1117 5713 1225 5768 ἀλλ’
1284 5716 1530 5789 Εύλόγιος
1587 5718 1613 5769 ό
1679 5715 1728 5769 ἐν
1785 5715 1957 5787 ἁγίοις

1707 386 2053 454 TBESAURI
2092 396 2226 455 LIB.
2273 396 2337 454 X.

3637 404 3709 457 '70

2053 533 2271 590 scopos
2299 519 2405 591 qui
2454 521 2692 591 synodo
2742 520 3066 578 adfuerant
3101 523 3606 580 anathematizare
3654 528 3714 581 et

2053 605 2202 662 alios
2251 623 2363 679 pro
2410 607 2522 663 illis
2578 608 2903 677 ordinare;
2966 610 3351 681 divulgantes
3400 613 3711 684 synodum

2053 695 2445 751 conﬁrmasse
2467 701 2524 752 et
2554 712 2873 753 renovasse
2904 700 3153 753 Nestorii
3191 698 3552 771 doctrinam,
3602 699 3711 756 du-

2055 782 2221 853 plicis
2273 790 2625 839 naturarum
2680 787 2844 840 vocis
2896 792 3185 856 praetextu
3242 788 3357 842 hoc
3404 786 3705 857 ﬁngente;

2055 871 2214 926 unde
2244 872 2568 929 astrinxere
2601 878 2789 929 totam
2816 874 3191 931 Palaestinam
3221 882 3279 931 et
3322 878 3621 948 Egyptum
3653 882 3712 933 et

2052 974 2188 1031 quae
2217 961 2279 1014 in
2309 960 2546 1017 deserto
2562 970 2728 1019 erant
2750 963 3145 1030 monasteria;
3172 968 3229 1020 et
3249 964 3550 1036 plerisque
3576 980 3706 1037 per-

2054 1055 2371 1104 suaserunt
2402 1066 2475 1105 ne
2507 1053 2838 1124 reciperent
2869 1067 2941 1108 ea
2979 1069 3118 1125 quas
3147 1069 3184 1109 a
3217 1058 3434 1125 quarta
3466 1054 3709 1125 synodo

2054 1136 2285 1194 sancita
2315 1144 2506 1195 erant.

2127 1465 2178 1517 3.
2219 1460 2407 1516 Illuxit
2453 1466 2656 1517 autem
2708 1462 2834 1516 suis
2888 1461 3159 1533 partibus
3218 1463 3304 1517 vir
3350 1462 3455 1534 qui
3497 1478 3565 1518 ex
3601 1478 3712 1518 sua

2055 1552 2269 1605 virtute
2309 1550 2770 1618 cognominatus
2818 1557 2907 1605 est
2958 1552 3334 1621 Euthymius,
3386 1552 3558 1607 Pater
3597 1567 3712 1606 no-

2056 1643 2189 1709 ster,
2220 1638 2322 1710 qui
2354 1644 2410 1692 et
2453 1654 2524 1693 ex
2572 1638 2684 1693 hac
2725 1638 2885 1693 mala
2931 1638 3203 1694 doctrina
3250 1656 3386 1695 cum
3433 1642 3560 1695 suis
3586 1654 3717 1695 mo-

2055 1727 2263 1781 nachis
2308 1726 2647 1782 declinavit.
2697 1730 3019 1800 Postquam
3069 1728 3229 1782 enim
3263 1730 3493 1800 accepit
3520 1727 3717 1783 decla-

2055 1823 2249 1871 ratam
2308 1832 2345 1871 a
2402 1816 2639 1886 synodo
2686 1815 3121 1881 deﬁnitionem,
3173 1833 3277 1871 eos
3328 1815 3719 1887 congregavit

2056 1913 2113 1959 et
2142 1905 2308 1959 omni
2340 1904 2525 1959 modo
2555 1904 2669 1959 illis
2710 1904 3071 1975 persuadere
3108 1908 3351 1961 tentavit
3405 1906 3717 1978 synodum

2054 1994 2386 2064 legitimam
2434 2000 2491 2049 et
2534 2000 2759 2050 rectam
2798 1995 2954 2050 hanc
3000 1994 3414 2051 deﬁnitionem
3448 2012 3718 2068 pronun-

2054 2085 2252 2151 tiasse,
2308 2087 2365 2138 et
2419 2082 2643 2138 multos
2703 2084 3081 2155 praemunivit
3132 2084 3487 2155 induxitque
3519 2091 3583 2141 ut
3631 2088 3717 2143 sic

2057 2169 2387 2227 crederent.
2430 2174 2574 2226 Cum
2616 2178 2819 2226 autem
2855 2170 3000 2225 illud
3042 2171 3269 2227 malum
3300 2172 3717 2237 invalesceret,

2057 2261 2136 2315 ab
2156 2261 2533 2332 imperatrice
2558 2260 2824 2315 Eudoxia
2845 2260 3177 2332 praesertim
3197 2261 3551 2319 roboratum
3578 2270 3721 2320 tunc

2060 2350 2343 2422 temporis
2373 2349 2489 2404 illic
2519 2365 2706 2420 prope
2736 2349 2870 2404 loca
2913 2356 3127 2405 sancta
3177 2350 3454 2420 degente,
3490 2368 3720 2423 praece-

2059 2441 2145 2512 pit
2174 2440 2298 2494 suis
2324 2438 2639 2495 monachis
2670 2454 2895 2510 eosque
2944 2438 3216 2494 hortatus
3270 2445 3359 2494 est
3418 2456 3491 2495 ne
3544 2442 3722 2497 malua

2060 2528 2377 2585 Theodosii
2402 2527 2689 2583 doctrinae
2713 2528 3251 2596 communicarent,
3271 2530 3638 2603 recessitque
3662 2532 3721 2587 in

2062 2619 2389 2674 desertum.
2436 2617 2615 2673 Paulo
2644 2621 2780 2689 post
2808 2623 3010 2673 autem
3049 2634 3186 2673 cum
3228 2619 3509 2674 Eudoxiaa
3540 2637 3612 2676 ex
3634 2621 3721 2676 di-

2064 2708 2205 2763 vina
2251 2706 2611 2762 revelatione
2663 2706 2852 2779 ipsius
2898 2707 3315 2776 migrationem
3349 2724 3420 2764 eo
3447 2725 3720 2781 corpore,

2065 2797 2231 2851 brevi
2253 2796 2517 2852 futuram
2548 2796 2931 2863 declarasset,
2962 2796 3184 2868 illaque
3203 2798 3434 2853 tristitia
3457 2798 3724 2855 aﬁicere-

2069 2891 2161 2940 tur
2184 2891 2427 2957 propter
2476 2886 2954 2957 propinquorum
3004 2885 3163 2941 mala
3193 2887 3297 2957 qui
3337 2890 3538 2942 Romae
3567 2887 3724 2944 bello

2067 2975 2222 3044 capti
2254 2980 2443 3041 erant,
2470 2974 2813 3045 diceretque
2844 2988 2915 3029 ea
2944 2978 3189 3045 propter
3218 2975 3348 3044 ejus
3378 2991 3517 3030 cum
3542 2975 3731 3033 haere-

2068 3066 2197 3119 ticis
2240 3063 2752 3128 communionem,
2796 3064 2915 3117 Deo
2964 3063 3361 3135 permittente.
3409 3064 3726 3133 accidisse,

2068 3153 2286 3225 illaque
2326 3169 2398 3207 ex
2434 3153 2546 3207 hac
2604 3152 2815 3207 haeresi
2872 3152 3121 3220 abstitit,
3177 3157 3235 3207 et
3266 3152 3343 3207 ad
3370 3153 3661 3223 dogmata
3690 3170 3729 3211 a

2070 3243 2305 3315 synodo
2337 3241 2694 3296 conﬁrmata
2740 3242 2931 3305 rediit,
2973 3246 3030 3296 et
3079 3242 3396 3297 Theodosii
3438 3242 3730 3313 dogmata

2068 3331 2613 3394 anathematizavit,
2667 3331 2771 3402 qui
2812 3330 3048 3385 unicam
3095 3331 3266 3386 Verbi
3310 3335 3367 3386 et
3395 3332 3593 3387 carnis
3622 3348 3730 3390 na-

2070 3407 2265 3477 turam
2291 3419 2547 3475 docebat
2590 3426 2647 3475 et
2676 3419 3227 3475 Chalcedonensem
3262 3420 3569 3492 synodum
3592 3437 3730 3493 pro-

2070 3510 2406 3577 scribebat;
2446 3515 2502 3565 et
2532 3510 2700 3565 multi
2746 3526 2819 3565 ex
2858 3510 3257 3565 schismaticis
3300 3510 3417 3581 ipsi
3463 3510 3731 3568 adhaese-

2072 3608 2230 3667 runt,
2257 3606 2315 3655 et
2342 3599 2818 3656 orthodoxorum
2844 3598 3134 3668 dogmata
3165 3597 3429 3671 amplexi
3460 3605 3620 3656 sunt.

2145 3925 2196 3978 4.
2237 3920 2501 3976 Turbata
2525 3924 2728 3975 autem
2757 3918 2933 3975 valde
2951 3918 3213 3975 Ecclesia
3233 3935 3474 3976 rursum
3503 3922 3617 3977 Leo
3639 3920 3735 3978 cui

2074 4024 2413 4079 cognomen
2461 4008 2752 4073 Macelles,
2803 4013 2939 4079 post
2996 4008 3359 4063 Marcianum
3403 4008 3734 4080 imperator

2073 4099 2318 4168 electus,
2372 4097 2618 4153 volebat
2667 4096 2913 4168 quidem
2958 4096 3086 4168 ipse
3140 4096 3446 4167 synodum
3504 4097 3579 4153 de
3643 4098 3739 4154 his

2074 4202 2429 4244 convocare.
2454 4188 2602 4242 Cum
2625 4190 2827 4241 autem
2854 4183 3161 4239 didicisset
3187 4184 3738 4244 Chalsedonensem

2073 4293 2197 4333 non
2227 4277 2419 4332 multo
2448 4280 2585 4331 ante
2627 4274 2899 4330 habitam
2948 4290 3100 4336 esse,
3146 4274 3452 4346 nolletque
3492 4291 3739 4334 rursum

2074 4367 2393 4439 episcopos
2449 4364 2749 4420 continuis
2802 4362 3114 4418 itineribus
3144 4368 3202 4419 et
3240 4364 3737 4422 translationibus

2072 4471 2312 4522 vexare,
2344 4452 2719 4524 singularum
2752 4451 3200 4524 provinciarum
3249 4453 3547 4524 episcOpis
3576 4454 3740 4512 misit

2074 4542 2388 4609 mandata,
2431 4540 2653 4613 quibus
2684 4539 3028 4613 postulabat
3059 4546 3124 4595 ut
3152 4555 3327 4595 suam
3375 4539 3452 4596 de
3500 4541 3742 4598 Chalce-

2074 4632 2329 4689 donensi
2385 4640 2624 4702 synodo
2673 4629 3031 4685 sententiam
3082 4629 3197 4685 sibi
3234 4646 3420 4703 quam
3454 4631 3740 4689 citissime

2074 4728 2349 4779 notatum
2380 4720 2662 4775 facerent.
2696 4718 2923 4784 Quibus
2962 4719 3219 4791 acceptis
3252 4720 3578 4787 mandatis,
3610 4722 3741 4793 plu-

2073 4830 2169 4869 res
2199 4828 2385 4886 quam
2417 4810 2575 4866 mille
2605 4809 2872 4881 episcopi
2921 4809 3376 4880 rescripserunt,
3410 4811 3742 4882 synodum-

2072 4919 2192 4977 que
2232 4901 2685 4957 conﬁrmarunt.
2730 4901 3054 4971 Postquam
3099 4904 3303 4954 autem
3338 4904 3614 4955 mortuus
3654 4906 3745 4958 est

2075 4995 2209 5055 Leo,
2260 4994 2537 5062 Zenoque
2589 4992 2643 5044 et
2695 4987 3050 5042 Anastasius
3098 4987 3281 5058 paulo
3312 4995 3449 5059 post
3476 5005 3737 5061 regnum

2072 5081 2274 5152 adepti
2304 5085 2461 5146 sunt,
2491 5093 2703 5134 rursus
2724 5080 2933 5132 contra
2963 5076 3271 5147 synodum
3304 5077 3631 5135 adversarii
3657 5080 3742 5137 lo-

2071 5171 2175 5245 qui
2206 5171 2335 5225 ausi
2367 5173 2506 5223 sunt
2529 5172 2587 5222 et
2612 5165 3020 5221 Jacobitarum
3059 5165 3747 5245 Theodosianorumque‘

2070 5258 2465 5317 commissata
2493 5260 2583 5311 est
2611 5253 2951 5318 multitudo,
2985 5269 3297 5327 unamque
3324 5256 3499 5312 Verbi
3522 5263 3580 5313 et
3609 5274 3737 5315 car-

2069 5352 2163 5407 nis
2184 5355 2465 5406 naturam
2488 5345 2903 5418 praedicabant
2922 5345 3352 5419 synodumque
3384 5348 3739 5407 anathema-

2068 5440 2352 5498 tizabant.
2404 5437 2593 5494 Iidem
2640 5452 2824 5509 porro
2881 5434 3263 5492 conabantur
3312 5440 3506 5494 sancti
3560 5455 3737 5513 papas

2069 5531 2322 5588 Romani
2376 5528 2587 5584 Leonis
2646 5530 2881 5582 tomum
2933 5530 3213 5581 evertere.
3265 5526 3379 5584 Sed
3444 5530 3735 5600 Eulogius

2070 5628 2302 5677 tomum
2323 5618 2485 5673 hunc
2515 5614 2853 5688 explicavit,
2894 5614 3155 5670 ostendit
3186 5631 3323 5670 eum
3374 5623 3534 5675 recta
3574 5619 3732 5677 ince-

2066 5713 2209 5770 dere
2254 5709 2524 5782 nihilque
2572 5706 2891 5779 obliquum
2954 5709 3014 5764 et
3077 5704 3159 5763 ab
3215 5706 3555 5775 orthodoxa
3608 5720 3731 5780 ﬁde
