4508 6436
842 426 908 484 ’71
2190 417 2459 484 ΝῙΟΕἸῈ
2489 419 2622 484 CHO

2450 426 2459 483 :
2489 419 2863 485 CHONIATE
4016 420 4019 425 '
4149 436 4230 498 τε

842 552 1105 610 alienum
1134 550 1235 609 illo
1264 550 1470 607 inferri
1499 549 1784 607 omnibus
1823 549 2081 608 dilucide
2111 550 2490 608 monstravit.
2531 553 2577 607 A
2606 570 2622 602 τ

2446 554 2490 608 t.
2531 553 2577 607 Α
2606 554 2691 603 τόν
2721 569 2776 604 τε
2804 555 2956 609 τόμον
2995 550 3291 625 ἐξηγήσατο
3320 554 3435 626 (ιγ,
3485 556 3575 608 καὶ
3625 555 3795 621 καλῶς
3840 559 3981 631 ἔχειν
4033 570 4225 617 τοῦτον

842 646 1119 698 Attamen
1146 647 1200 698 et
1226 642 1311 697 sic
1340 639 1563 697 diutius
1586 640 1647 695 in
1686 639 2053 697 oblivionem
2084 640 2293 697 incidit
2320 656 2499 713 syno—
2608 638 2622 691 ἀ

2444 656 2499 696 o—
2608 636 2864 706 ἀπέδειξε,
2909 646 2999 695 καὶ
3040 639 3206 715 μηδὲν
3265 643 3472 697 σκολιὸν
3520 649 3609 699 καὶ
3662 654 3755 709 τῆς
3806 646 4090 723 ὁρθοδόξου
4132 657 4224 705 πί-

842 730 977 802 dus,
1025 735 1079 787 et
1121 730 1540 803 unusquisque
1586 728 1754 801 Quod
1806 728 1919 784 sibi
1963 729 2305 801 jucundum
2343 732 2500 784 esset
2609 747 2622 780 ε

2442 732 2500 784 et
2609 746 2766 790 στεως
2799 727 3015 801 ἀπέχον,
3066 733 3232 803 τούτῳ
3280 730 3592 807 ἔμφέρεσθαι
3633 730 3975 807 διετράνωσεν
4020 741 4220 796 ἅπασι.

837 819 1203 893 principium
1255 817 1526 891 arripuit,
1584 821 1642 873 et
1683 817 1976 889 quoniam
2031 817 2252 888 singuli
2280 817 2357 873 ad
2383 816 2497 873 sibi
2607 823 2617 869 1

2442 816 2497 873 bi
2607 823 2745 875 Πλὴν
2770 823 2859 870 καὶ
2890 819 3047 880 ούτως
3089 820 3117 878 ἦ
3150 838 3204 871 τε
3254 818 3471 883 σύνοδος
3528 821 3611 875 ἐπὶ
3658 823 3785 875 πολύ
3831 824 4222 899 ἀμνημόνευτος

840 913 1148 982 acceptam
1171 908 1352 963 ﬁdem
1370 904 1818 976 confugiebant,
1836 921 2060 976 magna
2080 906 2495 962 haereticorum
2604 908 2620 957 ε

2437 922 2495 961 In
2604 908 2786 977 ἔμεινε,
2818 911 2907 959 καὶ
2927 913 3025 969 πᾶς
3054 928 3134 970 τις
3158 914 3252 967 τὴν
3284 908 3456 982 ἐκείνῳ
3485 912 3691 984 θυμήρη
3722 911 3980 966 ἐπεσπᾶτο
4012 917 4217 990 ἀρχὴν,

837 1003 895 1054 et
920 998 1445 1055 schismaticorum
1477 995 1797 1051 multitudo
1828 996 2101 1053 recrevit.
2139 995 2495 1052 Anastasius

834 1087 1035 1158 igitur,
1058 1102 1297 1157 magum
1346 1084 1672 1142 Antiochia:
1712 1085 1959 1141 antistes
1988 1100 2099 1165 pro
2130 1084 2369 1157 synodo
2406 1084 2495 1140 in-

836 1177 995 1248 stitit,
1048 1181 1105 1233 et
1149 1174 1524 1245 dogmaticos
1568 1188 1834 1230 canones
1898 1174 2117 1247 scripto
2174 1173 2489 1246 deposuit;

832 1266 1152 1340 ipsamque
1195 1264 1499 1338 synodum
1534 1264 1688 1320 bene
1735 1262 1943 1319 omnia
1973 1262 2321 1319 deﬁnivisse
2350 1278 2491 1318 con-

832 1356 1042 1422 tendit,
1094 1360 1153 1411 et
1198 1354 1377 1427 plena
1431 1368 1561 1410 esse
1607 1352 1827 1426 pietate
1874 1352 2006 1424 ejus
2059 1350 2353 1422 dogmata
2391 1351 2491 1407 de-

831 1448 1151 1501 monstrat.

832 1533 1003 1610 πλήρη
1065 1531 1349 1594 θεοσεϐείας
1402 1528 1531 1585 εἶναι
1580 1533 1646 1584 τὰ
1694 1533 1883 1592 ταύτης
1938 1534 2221 1590 συνίστησι
2262 1523 2532 1602 δόγματα.

2602 999 2692 1046 καὶ
2725 991 2759 1047 δ
2765 998 2818 1047 ιά
2846 999 2903 1047 τό
2940 1000 3008 1059 ὡς
3038 997 3196 1049 εἰπεῖν
3225 999 3443 1051 ἕκαστον
3472 1004 3603 1073 πρὸς
3632 1006 3723 1059 τὴν
3752 998 4014 1056 δοκοῦσαν
4046 1004 4219 1077 ἑαυτῷ

2602 1088 2782 1136 πίστιν
2822 1083 3153 1159 ἀποτρέχειν,
3185 1086 3385 1149 πλῆθος
3424 1090 3505 1141 ὅτι
3544 1089 3673 1142 πολύ
3701 1092 3985 1162 ἀἱρετικῶν
4018 1092 4214 1167 ἀνεφύη

2602 1177 2692 1225 καὶ
2721 1170 3086 1245 ἀποσχιστῶν.
3133 1176 3478 1239 ’Λναστάσιος
3506 1181 3595 1251 μὲν
3636 1180 3723 1231 οὖν
3773 1182 3798 1232 ό
3837 1189 3934 1243 τῆς
3978 1184 4218 1256 μεγάλης

2604 1261 2927 1335 Ἀντιοχείας
2956 1260 3214 1339 πρόεδρος
3244 1265 3369 1341 ὑπὲρ
3402 1275 3494 1328 τῆς
3531 1264 3756 1321 συνόδου
3802 1267 4090 1343 ἐνίσταται,
4121 1278 4217 1325 καὶ

2603 1346 2955 1424 δογματικοὺς
3011 1359 3223 1415 κανόνας
3285 1354 3556 1429 ἐγγράφως
3619 1357 3891 1412 ἐκτίθεται·
3954 1361 4118 1420 αύτὴν
4159 1380 4217 1415 τε

2600 1444 2694 1499 τὴν
2745 1439 2965 1495 σύνοδον
3009 1444 3173 1506 καλῶς
3229 1443 3311 1498 ἐπὶ
3362 1452 3522 1499 πᾶσιν
3554 1448 3731 1522 ὁρίσαι
3769 1455 4086 1526 παρίστησι,
4126 1468 4215 1517 καὶ

902 1681 953 1731 5.
996 1677 1274 1731 Fautores
1297 1678 1497 1731 autem
1527 1672 1669 1741 Caii,
1696 1677 1753 1728 et
1782 1672 2065 1736 Dioscori,
2096 1676 2153 1728 et
2179 1670 2384 1728 Jacobi
2416 1687 2486 1728 ac
2522 1675 2561 1729 Β
2669 1691 2682 1727 ε

2432 1687 2486 1728 lc
2522 1675 2561 1729 Β
2669 1672 2721 1731 ε’.
2764 1677 2830 1727 Οἱ
2889 1671 2947 1728 δὲ
3005 1681 3123 1749 περὶ
3180 1680 3352 1747 Γάϊον,
3407 1684 3498 1731 καὶ
3555 1685 3856 1756 Διόσκορον,
3898 1687 3986 1735 καὶ
4029 1683 4212 1738 Ἰάκω-

829 1768 1045 1838 postea
1078 1763 1293 1833 Severi,
1335 1767 1393 1820 ct
1436 1761 1683 1819 Joannis
1716 1761 2025 1835 Philoponi
2050 1761 2155 1835 qui
2186 1766 2242 1817 et
2266 1761 2487 1834 scripta

828 1853 1020 1910 multa
1066 1852 1141 1909 de
1188 1853 1304 1908 hac
1350 1852 1565 1908 haeresi
1616 1850 1804 1907 edidit
1853 1850 2253 1907 intolerabilia
2304 1866 2485 1921 regre-

827 1959 946 2016 que
989 1942 1355 2013 reffellenda,
1408 1942 1651 1999 unicam
1692 1941 1941 2014 quidem
1987 1947 2288 2006 naturam,
2331 1940 2485 1995 duas

2596 1759 2701 1827 ϐον,
2758 1768 2847 1816 καὶ
2913 1765 3127 1840 ὕστερον
3199 1770 3287 1819 τόν
3340 1767 3581 1841 Σεϐῆρον,
3630 1776 3721 1823 καὶ
3780 1774 3865 1824 τὸν
3933 1772 4209 1827 Φιλόπονον

2596 1850 2853 1924 Ἰωάννην,
2898 1856 2983 1905 τόν
3044 1859 3134 1907 καὶ
3204 1860 3595 1931 συγγράμματα
3659 1858 4001 1932 ἐξενηνοχότα
4069 1862 4211 1916 πλεῖ-

2596 1960 2697 1993 στα
2743 1947 2860 2017 περὶ
2916 1951 3007 2004 τῆς
3078 1948 3328 2007 τοιαύτης
3382 1950 3624 2021 αἱρέσεως
3684 1946 4070 2023 δυσφορώτατα
4117 1958 4207 2005 καὶ

824 2048 968 2089 vero
989 2033 1347 2105 hypostases
1376 2031 1729 2104 impiissime
1760 2031 2110 2087 docuerunt.
2142 2032 2206 2086 In
2238 2030 2486 2104 quibus-
2585 2052 2604 2099 _‘

2424 2048 2486 2086 Ls-
2585 2027 3036 2104 δυσέλεγκταΗ),
3076 2039 3200 2106 μίαν
3244 2039 3334 2107 μὲν
3394 2040 3569 2109 φύσιν,
3626 2034 3723 2090 δύο
3778 2035 3837 2092 δὲ
3889 2041 4204 2103 ὑποστάσεις

825 2121 969 2179 dam
1002 2127 1205 2178 tamen
1258 2136 1507 2178 suorum
1544 2120 1835 2177 librorum
1879 2120 2026 2175 locis
2072 2125 2129 2175 et
2170 2120 2283 2193 ipsi
2326 2120 2483 2176 duas

823 2217 1072 2268 naturas
1118 2210 1501 2276 conﬁtentur,
1551 2210 1656 2266 sed
1699 2209 2053 2265 addendum
2106 2214 2214 2277 est,
2268 2226 2343 2266 ne
2384 2209 2485 2266 tali

822 2303 1118 2357 sermonis
1146 2300 1523 2374 oppositione
1549 2299 1926 2372 decipiamur
1964 2304 2021 2355 et
2059 2315 2349 2371 erremus,
2381 2316 2484 2356 eos

820 2391 1040 2463 partim
1071 2391 1286 2447 eadem
1317 2406 1388 2446 ac
1420 2405 1533 2446 nos
1571 2389 1828 2462 opinari,
1859 2388 2025 2461 quod
2059 2388 2330 2462 plerique
2362 2405 2484 2445 non

820 2485 1098 2537 accurate
1129 2479 1699 2545 animadverterunt,
1734 2483 1789 2535 et
1835 2477 1977 2535 inde
2022 2478 2083 2534 in
2132 2493 2342 2534 eorum
2374 2477 2485 2534 im-

820 2570 1101 2641 pietatem
1148 2568 1377 2625 inducti
1426 2572 1583 2624 sunt.
1631 2567 1931 2633 Quidnam
1978 2568 2161 2637 igitur
2218 2567 2482 2624 docent?

820 2658 1077 2724 Quando
1115 2658 1176 2714 in
1224 2657 1456 2713 Christo
1484 2658 1907 2713 convenientes
1932 2661 2199 2727 naturas,
2232 2657 2482 2713 alteram

818 2747 899 2803 ab
924 2747 1107 2803 altera
1125 2752 1425 2818 separant,
1459 2747 1613 2803 duas
1644 2762 1777 2803 esse
1822 2762 1925 2801 eas
1955 2748 2302 2802 necessario
2342 2762 2481 2803 con-

817 2836 1094 2904 ﬁtentur;
1124 2836 1371 2909 quando
1398 2840 1601 2892 autem
1628 2840 1947 2909 utramque
1970 2835 2030 2891 in
2054 2835 2261 2891 Christi
2290 2835 2482 2893 incar-

815 2925 1058 2981 natione
1088 2924 1321 2997 uniunt,
1354 2929 1494 2981 tunc
1520 2940 1644 2982 non
1671 2924 1826 2981 duas
1870 2924 2217 2981 inconfusas
2266 2941 2480 2982 conve-

816 3013 1051 3071 nientes
1079 3019 1337 3087 ponunt,
1372 3013 1480 3070 sed
1512 3031 1700 3071 unam
1730 3018 2007 3070 naturam
2043 3014 2468 3088 compositam.
2520 3032 2559 3088 ο
2587 3038 2596 3089 ι

2412 3033 2468 3076 n.
2520 3032 2748 3089 εμενοι·
2809 3018 2931 3069 ὅταν
2999 3013 3059 3069 δε
3126 3015 3418 3091 ἀμφοτέρας
3482 3020 3744 3072 ἑνωσωσιν
3806 3020 3879 3083 εἰς
3943 3026 4038 3080 τὴν
4105 3031 4192 3075 τού

816 3103 996 3160 Nobis
1018 3118 1204 3159 unam
1234 3102 1616 3176 hypostasim
1666 3104 2066 3176 compositam
2110 3105 2476 3162 nominanti-
2585 3139 2596 3159 λ

2410 3106 2476 3162 ti-
2585 3110 2761 3177 Λόγου
2794 3107 3079 3180 σάρκωσιν,
3121 3110 3235 3158 τότε
3274 3106 3332 3159 ού
3382 3103 3480 3159 δύο
3525 3106 3863 3181 ἀσυγχύτους
3908 3112 4003 3172 τάς
4062 3130 4188 3164 συν-

813 3192 951 3263 bus,
982 3192 1063 3249 illi
1092 3208 1279 3249 unam
1300 3194 1705 3266 compositam
1744 3198 2022 3250 naturam
2053 3200 2390 3266 opponunt,
2422 3200 2478 3252 et

816 3281 902 3337 sic
931 3281 1185 3337 verbum
1208 3281 1469 3339 ludibrio
1495 3282 1740 3339 habent.
1776 3282 1928 3348 Quia
1951 3283 2476 3355 quemadmodum

810 3371 998 3428 homo
1037 3371 1308 3428 animam
1339 3376 1397 3428 et
1424 3388 1645 3445 corpus
1686 3371 1889 3439 habet,
1923 3378 1980 3428 et
2012 3371 2198 3429 altera
2227 3374 2473 3445 quidem

811 3461 1052 3527 animae,
1068 3460 1255 3517 altera
1275 3462 1484 3521 autem
1510 3461 1779 3535 corporis
1801 3466 2036 3533 natura,
2053 3461 2242 3534 siquis
2263 3478 2475 3520 unam-

809 3566 1118 3623 quamque
1138 3566 1246 3622 per
1275 3566 1337 3607 se
1362 3550 1684 3621 intueatur,
1714 3556 2041 3625 postquam
2067 3556 2269 3608 autem
2293 3553 2473 3609 unitae

810 3643 973 3709 sunt,
1000 3639 1311 3696 hominem
1348 3639 1613 3697 efﬁciunt
1638 3640 1883 3697 unicam
1915 3646 2198 3697 naturam
2230 3656 2473 3715 compo-

809 3730 986 3785 sitam
1017 3728 1385 3797 habentem‘;
1428 3729 1511 3786 sic
1537 3730 1717 3787 etiam
1747 3730 2043 3787 Christum
2074 3736 2288 3802 putant
2316 3730 2473 3789 dua-

806 3818 925 3875 bus
964 3819 1193 3875 naturis
1237 3824 1548 3887 constare;
1596 3824 1732 3894 post
1773 3819 2062 3876 unionem
2102 3836 2243 3877 vero
2284 3837 2471 3878 unam

806 3923 937 3964 esse
974 3911 1256 3964 naturam
1287 3910 1713 3981 compositam.

808 3994 876 4057 δὴ
910 4001 999 4050 καὶ
1029 4000 1115 4049 τόν
1148 4001 1378 4073 Χριστὸν
1418 4002 1614 4051 οἴονται
1644 3998 1701 4052 ἐκ
1732 3995 1829 4053 δύο
1868 4003 1958 4073 μὲν
1992 4003 2362 4059 συνεστηκέναι
2393 4003 2615 4074 φύσεων,
2648 4003 2779 4074 μετά
2801 3998 2860 4053 δε
2889 4002 3069 4054 ἕνωσιν
3099 4006 3223 4075 μίαν
3253 4000 3381 4055 εῖναι
3408 4004 3561 4075 φύσιν
3591 4004 3855 4061 σύνθετον.

2596 2120 2920 2174 ἀσεϐέστατα
2971 2119 3347 2197 ἐδογμάτισαν·
3398 2126 3528 2184 πλὴν
3587 2126 3801 2200 ἐνιαχοῦ
3855 2138 3953 2182 τῶν
4003 2131 4204 2184 οἰκείων

2597 2210 2833 2284 βιϐλίων,
2895 2208 2992 2265 δύο
3028 2233 3115 2266 και
3163 2215 3312 2267 αύτοὶ
3354 2218 3534 2288 φύσεις
3580 2215 4005 2290 ἀνομολογοῡσιν.
4052 2220 4205 2275 Ἀλλά

2592 2306 2901 2373 προσεκτέον
2969 2303 3103 2355 ὥστε
3159 2307 3230 2376 μὴ
3302 2303 3565 2363 κλαπῆναι
3633 2304 3734 2358 ἀπό
3800 2317 3891 2369 τῆς
3956 2312 4204 2373 τοιαύτης

2593 2388 2993 2463 ἑναντιο).ογίας,
3047 2389 3187 2464 μηδὲ
3244 2390 3602 2464 ἀπατηθῆναι,
3672 2398 3753 2448 ὅτι
3819 2395 3868 2449 ἓν
3920 2400 4062 2471 μέρει
4115 2404 4203 2451 καὶ

2593 2479 2742 2532 αὐτοὶ
2780 2482 2845 2531 τά
2907 2482 3026 2553 ἡμῖν
3076 2477 3333 2534 δοκοῦντα
3382 2478 3730 2554 δοξάζουσιν,
3783 2486 3906 2560 ὅπερ
3948 2488 4203 2541 oin-0110‘:

2591 2573 2663 2640 μὴ
2729 2567 3059 2641 ἀκριϐοῦντες
3124 2570 3374 2642 ᾠήθησάν
3443 2590 3497 2624 τε
3562 2577 3652 2625 καὶ
3708 2578 3898 2647 τρόπον
3956 2578 4075 2628 τινά
4134 2576 4203 2639 εἰς

2591 2664 2686 2716 τὴν
2762 2657 3000 2711 ἀσέϐειαν
3081 2659 3249 2711 αὐτῶν
3313 2658 3713 2733 ἀπηνέχθησαν.
3781 2667 3844 2715 Τί
3914 2664 4031 2717 ποτ’
4117 2662 4202 2718 οὖν

2592 2746 2703 2799 ἐστι
2757 2752 2813 2800 τὸ
2860 2748 2983 2821 παρ’
3040 2749 3208 2801 αὐτῶν
3269 2745 3674 2822 δοξαζόμενον;
3741 2750 3902 2804 Ὀταν
3958 2757 4048 2827 μὲν
4114 2758 4201 2815 τάς

2593 2837 2939 2902 συνελθούσας
3000 2847 3072 2908 τῷ
3141 2846 3255 2909 Θεῷ
3318 2842 3499 2912 φύσεις
3564 2840 3681 2893 καθ’
3748 2840 3931 2903 ἑαυτὰς
3974 2842 4197 2901 ἑκάστην

2591 2923 2949 2994 διαστήσωσι,
3003 2923 3101 2979 δύο
3160 2930 3351 2989 ταύτας
3433 2928 3838 3003 ἀνομολογοῡσιν
3897 2929 4194 3004 ἀναγκαζό-

2587 3194 2837 3256 ελθούσας
2876 3197 3128 3263 τιθέασιν,
3163 3193 3290 3247 ἀλλά
3336 3200 3460 3268 μίαν
3518 3200 3672 3270 φύσιν
3733 3200 3992 3252 σύνθετον·
4047 3201 4189 3273 ἡμῶν

2584 3287 2685 3359 γὰρ
2748 3290 2872 3357 μίαν
2914 3285 3207 3337 ὑπόστασιν
3276 3287 3517 3338 σύνθετον
3575 3286 3953 3359 ὀνομαζόντων,
4012 3288 4190 3342 ἐκεῖνοι

2584 3379 2709 3446 μίαν
2741 3375 2982 3426 σύνθετον
3022 3376 3176 3447 φύσιν
3222 3372 3563 3444 ἀντιτιθέασι,
3631 3380 3719 3429 καὶ
3775 3375 4191 3452 παραδειγματί-

2587 3463 2769 3524 ζουσιν
2835 3464 2969 3515 ούτω
3038 3467 3123 3515 τόν
3188 3462 3356 3535 λόγον’
3425 3466 3523 3532 ὅτι,
3602 3468 3776 3541 ὥσπερ
3839 3469 3865 3519 ό
3923 3469 4190 3543 ἄνθρωπος

2582 3553 2770 3625 ψυχὴν
2828 3555 2940 3625 ἔχει
2994 3558 3085 3605 καὶ
3143 3561 3316 3627 σῶμα,
3366 3560 3456 3607 καὶ
3502 3554 3629 3613 ἄλλη
3670 3558 3761 3629 μεν
3794 3559 3951 3630 φύσις
3987 3557 4186 3630 ψυχῆς,

2584 3642 2710 3701 άλλη
2768 3639 2827 3695 δε
2896 3647 3174 3715 σώματος,
3252 3647 3296 3697 εἷ
3368 3663 3450 3705 τις
3510 3644 3628 3697 καθ’
3707 3644 3898 3705 ἑαυτὴν
3969 3646 4189 3706 ἑκάστην

2587 3734 2820 3807 θεωροίηο
2873 3728 3084 3785 ἐπειδὰν
3143 3729 3202 3785 δε
3257 3732 3593 3802 συνεῦ.θωσιν,
3644 3735 3914 3807 ἄνθρωπον
3979 3744 4190 3789 ποιοῦσι

2584 3824 2739 3894 φύσιν
2771 3822 2963 3894 ἔχοντα
2990 3827 3113 3896 μίαν
3168 3825 3427 3875 σύνθετον·
3462 3819 3586 3876 ούδέ
3614 3825 3714 3899 γὰρ
3768 3820 3854 3877 δεῖ
3895 3824 4059 3897 λέγειν
4104 3829 4188 3878 τόν

2582 3913 2875 3986 ἄνθρωπον,
2910 3918 3061 3984 φασὶ,
3096 3908 3192 3964 δύο
3233 3915 3437 3984 φύσεις,
3467 3911 3593 3965 ἀλλά
3622 3918 3742 3986 μίαν
3774 3915 4034 3967 σύνθετον
4060 3916 4187 3969 ούτω

2651 4144 2723 4211 ς’.
2759 4147 2851 4199 Διά
2891 4152 3057 4197 ταῦτα
3103 4150 3193 4197 καὶ
3241 4147 3266 4198 ὀ
3322 4149 3479 4220 μέγας
3518 4144 3564 4199 ἐν
3616 4146 3852 4221 θεολογίᾳ
3904 4152 4185 4225 Γρηγόριος

2580 4234 2632 4299 ἐξ
2662 4232 2748 4303 ὧν,
2782 4240 2871 4287 καὶ
2902 4233 2949 4287 ἐν
2994 4235 3091 4301 οἷς,
3144 4240 3293 4308 φησὶ,
3352 4240 3443 4288 καὶ
3499 4236 3650 4311 οἷπερ,
3713 4243 3832 4313 περὶ
3885 4247 3984 4291 τῶν
4045 4240 4185 4291 θείων

878 4143 929 4197 6.
972 4140 1197 4199 idcirco
1230 4146 1285 4200 ct
1316 4159 1577 4214 magnus
1607 4143 1667 4199 in
1690 4142 1993 4215 theologia
2044 4143 2363 4216 Gregorius
2394 4159 2469 4201 ea:

805 4231 1039 4303 quibus,
1074 4238 1131 4289 et
1162 4234 1225 4290 in
1247 4234 1462 4306 quibus
1485 4234 1629 4291 dicit
1653 4238 1709 4290 et
1728 4250 1881 4306 qum,
1900 4234 1974 4291 de
1991 4234 2210 4291 divinis
2240 4234 2469 4292 naturis

806 4323 1423 4420 sermonemhabens.
1450 4324 1602 4420 Illud
1623 4325 1806 4395 enim,
1834 4341 1910 4420 ea:
1923 4325 2138 4420 quibus
2160 4325 2470 4420 pos-uit,'u_t
2504 4364 2547 4420 Β
2581 4347 2586 4372 ε

2406 4328 2470 4381 ut
2504 4364 2547 4420 Β
2581 4319 2918 4396 δογματίζων
2976 4327 3196 4396 φύσεων·
3262 4326 3319 4375 τὸ
3378 4327 3467 4394 μεν
3519 4327 3621 4401 γὰρ
3654 4323 3708 4388 ἐξ
3745 4326 3812 4377 ὧν
3852 4328 4065 4397 τέθεικε,
4109 4328 4186 4380 ἶνα

804 4427 877 4468 ex
906 4410 1210 4470 divinitate
1230 4414 1519 4472 unitatem
1542 4413 1818 4483 doceret;
1852 4414 1999 4471 illud
2031 4420 2232 4473 autem
2256 4416 2318 4473 in
2343 4416 2470 4487 qui-
2504 4410 2543 4420 ”
2578 4435 2584 4445 ε

2402 4416 2470 4470 ul
2504 4410 2543 4420 ”
2578 4419 2672 4472 τὴν
2722 4413 2777 4466 ἐκ
2845 4416 3084 4477 θεότητος
3137 4410 3437 4487 δογματίση
3494 4416 3693 4467 ἕνωσιν·
3747 4418 3805 4467 τὸ
3864 4411 3923 4470 δὲ
3988 4414 4038 4468 ἐν
4090 4418 4182 4483 οἷς,

807 4501 933 4569 bus,
967 4508 1034 4558 ut
1064 4508 1313 4559 naturas
1356 4508 1637 4571 servaret,
1672 4504 1852 4561 etiam
1884 4508 2025 4577 post
2050 4505 2338 4562 unionem
2368 4526 2381 4572 ς
2414 4510 2471 4562 et
2582 4506 2587 4554 ἰ

2414 4510 2471 4562 et
2582 4505 2665 4555 ἱνα
2711 4509 2921 4577 τηρήσῃ
2990 4506 3079 4564 τάς
3130 4506 3305 4576 φύσεις
3366 4508 3456 4556 καὶ
3508 4507 3639 4577 μετὰ
3701 4508 3806 4562 την.
3846 4505 4045 4557 ἕνωσιν·
4100 4508 4188 4558 καὶ

803 4605 880 4647 ne
910 4606 1013 4648 eas
1033 4607 1142 4663 per
1181 4608 1316 4648 eam
1348 4593 1659 4666 utriusque
1687 4594 1978 4673 unionem
2023 4594 2419 4651 confunderet
2452 4612 2465 4663 ;

803 4679 949 4736 illud
971 4684 1195 4749 autem,
1226 4697 1376 4754 quae,
1406 4698 1483 4739 ne
1508 4683 1645 4756 quis
1678 4686 1846 4764 putet
1876 4683 2059 4740 alium
2084 4683 2311 4741 factum
2339 4701 2469 4742 esse

804 4770 1108 4827 Christum
1124 4776 1260 4842 post
1272 4777 1626 4828 naturarum
1641 4773 2041 4829 unionem.Ex
2059 4774 2470 4831 examinanda

803 4863 891 4916 est
920 4858 1204 4916 doctrinas
1261 4866 1544 4919 accurata
1581 4862 1893 4935 expositio.
1947 4865 2026 4919 Ex
2068 4868 2330 4936 quatuor
2359 4864 2472 4920 ele-

803 4948 1021 5005 mentis
1043 4965 1179 5006 esse
1209 4955 1483 5008 nostrum
1509 4968 1730 5025 corpus
1768 4952 1828 5008 in
1874 4953 2171 5024 confesso,
2193 4958 2283 5010 est
2309 4954 2468 5026 igne,

803 5054 962 5111 aere,
992 5055 1175 5114 aqua,
1209 5045 1385 5113 terra,
1419 5046 1475 5099 et
1517 5042 1579 5099 in
1607 5042 1702 5099 his
1741 5042 2050 5101 elementis
2098 5044 2472 5102 constitutio-

2579 4598 2650 4666 μὴ
2684 4598 2888 4667 συγχέῃ
2941 4596 3137 4654 ταύτας
3195 4588 3289 4645 διά
3339 4596 3396 4644 τὸ
3450 4592 3698 4652 ἐνωθῆναι
3730 4592 3989 4656 ἀλλήλαις·
4032 4597 4090 4647 τό
4130 4591 4189 4648 δὲ

2580 4683 2731 4757 οἷπερ,
2787 4685 2869 4734 ἱνα
2897 4687 2968 4755 μὴ
3002 4682 3155 4755 οἰηθῇ
3203 4702 3283 4745 τις
3331 4684 3411 4735 ὅτι
3455 4682 3603 4744 illo;
3643 4686 3846 4755 γέγονεν
3893 4684 3919 4736 ό
3960 4687 4189 4760 Χριστός

2580 4775 2712 4846 μετὰ
2770 4777 2864 4830 τὴν
2913 4781 3012 4825 τῶν
3081 4775 3281 4845 φύσεων
3325 4772 3525 4827 ἕνωσιν.
3589 4778 3689 4827 Καὶ
3752 4779 4038 4833 σκοπητέον
4094 4778 4187 4833 τὴν

2579 4862 2841 4937 ἀκρίϐειαν
2893 4869 2985 4916 τού
3039 4859 3322 4936 δόγματος·
3372 4866 3427 4916 ἐκ
3480 4866 3749 4939 τεσσάρων
3806 4864 4103 4937 στοιχείων]
4128 4868 4186 4918 τό

2581 4954 2827 5027 ἡμέτερον
2896 4961 3048 5021 σῶμα
3104 4952 3520 5026 ἀνωμοὶόγηται,
3582 4956 3762 5030 πυρός,
3821 4953 3991 5029 ἀέρός,
4048 4950 4186 5007 ύδαο

2580 5062 2688 5114 τος,
2742 5051 2863 5117 γῆς,
2914 5048 3004 5096 καὶ
3053 5041 3101 5096 ἓν
3140 5046 3347 5105 τούτοις
3386 5050 3493 5105 τοῖς
3533 5048 3818 5116 στοιχείοις
3866 5048 3960 5103 τὴν
3993 5046 4187 5098 σύστα-

2582 5311 3209 5395 cedentibus)_1_‘iicetas
3235 5316 3441 5386 noster
3460 5310 3536 5395 de
3558 5315 3643 5395 to_t
3664 5312 3841 5370 sectis
3858 5311 4186 5395 Monpphx-

2582 5387 2831 5442 sitarum
2863 5384 3086 5458 scribit,
3118 5397 3191 5442 ea
3213 5384 3380 5458 saepe
3404 5384 3483 5441 ad
3508 5384 3761 5441 verbum
3791 5384 4073 5458 exscribit
4097 5384 4186 5458 Μ-

2582 5458 2880 5531 cephorus
2906 5456 3184 5531 Callistus
3212 5456 3325 5515 lib.
3347 5459 3607 5531 xviii,“
3638 5460 3695 5513 et
3712 5473 3895 5531 seqq.
3926 5457 4032 5530 qui
4053 5456 4188 5531 plus

2579 5527 2823 5587 centum
2845 5533 2983 5602 post
3011 5529 3276 5587 Nicetam
3308 5527 3830 5602 annis'historiani
3852 5527 4028 5585 Suam
4053 5527 4188 5602 alie-

2578 5603 2674 5658 nis
2705 5599 2934 5676 exuviis
2955 5601 3121 5676 auxit
3150 5606 3330 5676 atque
3352 5600 3680 5661 exornavit.
3702 5604 3908 5675 itaque
3928 5616 4041 5660 nos
4061 5599 4186 5674 ple-

2578 5690 2771 5749 raque
2800 5673 3144 5733 omisimus.

873 5311 956 5440 Si)
993 5312 1221 5384 Eulogii
1265 5312 1609 5397 fragmenta
1651 5313 1843 5397 multa
1889 5314 2108 5399 legesis
2149 5314 2315 5390 apud
2359 5332 2471 5375 nos

804 5384 949 5461 go}.
975 5386 1176 5461 Yatct.
1211 5385 1333 5461 Yll,
1380 5392 1646 5461 itemque
1674 5387 1879 5461 aliqua
1912 5388 2155 5446 Classic.
2184 5395 2299 5461 AA.
2334 5394 2375 5445 t.
2407 5392 2467 5446 Χ.

804 5402 949 5441 uou.
985 5402 1176 5469 [δίκε.
1223 5402 1333 5454 vu,
1380 5402 1646 5469 itemque
1674 5402 1879 5469 aliqua
1912 5402 2155 5446 Classic.
2184 5402 2299 5445 AA.
2334 5402 2375 5445 t.
2407 5402 2467 5446 λ.

802 5455 1032 5529 Eulogii
1080 5456 1354 5529 ejusdem
1407 5457 1722 5515 homiham
1757 5476 1819 5516 1n
1867 5461 2088 5517 Ramos
2120 5460 2470 5518 Palmarum

802 5527 1027 5606 Habuit
1054 5527 1413 5606 Holstenius,
1445 5535 1592 5606 teste
1619 5529 1755 5606 ipso
1780 5531 1843 5589 in
1869 5532 2154 5606 epistolis,
2179 5547 2239 5606 p.
2269 5537 2394 5590 209.

874 5600 949 5671 (2)
992 5603 1074 5677 De
1103 5600 1407 5677 his_Jo_an.
1442 5600 1758 5677 Philoponi
1788 5600 2096 5677 operibus,
2127 5600 2265 5677 quas
2307 5621 2460 5664 mss.

801 5670 863 5758 in
882 5670 1186 5756 manibus.
1209 5673 1553 5758 habemus,_
1586 5670 1742 5758 alibi
1773 5670 1886 5733 nos
1936 5670 2193 5758 locuturi
2233 5693 2468 5758 sumus.

799 5746 983 5804 Porro
1012 5761 1151 5819 quae
1170 5745 1233 5805 in
1258 5745 1654 5823 sequentibus
1682 5748 1970 5823 (itemque
1991 5748 2212 5824 partim
2236 5750 2298 5807 in
2318 5762 2472 5824 pra:-
