4508 6436
191 406 261 458 ’73
1576 394 1928 453 THESAURI
1969 398 1971 403 “

1784 396 1928 453 lURl
1969 397 2098 452 LIB.
2140 403 2207 451 Χ.
3494 399 3564 454 74

199 545 283 578 σιν
319 529 431 596 ἔχει
459 525 687 585 σώζεται
714 529 836 594 γοῦν
863 522 912 574 ἐν
942 531 1014 592 τῷ
1043 526 1247 592 σώματι
1278 525 1366 571 καὶ
1396 523 1476 586 τὸ,
1511 519 1562 582 ἐξ
1592 520 1680 587 ὧν,
1713 520 1802 572 καὶ
1832 521 1882 575 Α
1915 535 1979 576 ηε

1787 524 1802 572 ἱ
1832 521 1882 575 Α
1915 535 2057 576 nem
2087 519 2289 578 habet.
2319 521 2598 577 Servatur
2627 534 2770 590 ergo
2813 519 2875 576 in
2919 534 3168 593 corpore
3207 523 3266 578 et
3313 520 3462 577 illud
3490 535 3567 578 ea:

198 620 283 676 τό,
315 613 364 666 ἐν
396 616 492 678 οἷς,
518 613 575 665 ού
608 619 706 685 μὴν
733 615 811 678 τὸ,
837 612 966 684 ἅπερ
993 631 1005 644 -
1035 612 1165 681 μετὰ
1190 614 1280 666 τὴν
1302 608 1482 660 ἕνωσιν
1513 617 1612 659 τῶν
1660 628 1804 661 στοι-

198 709 364 773 χείων
393 707 451 754 τὸ
482 705 732 776 ἡμέτερον
768 708 919 771 σῶμα
948 703 1065 750 οὔτε
1093 699 1334 768 καθαρῶς
1383 695 1495 748 ἐστι
1527 706 1652 770 πύρ,
1692 700 1808 749 οὔτε

202 792 492 864 εἰλικρινῶς
524 790 646 864 ἀὴρ,
675 793 792 842 οὔτε
823 789 1090 848 ἀνόθευτος
1120 796 1212 857 γῆ,
1263 785 1367 836 ἀλλ’
1403 785 1566 860 ἕτερον
1587 805 1636 838 τι
1668 789 1812 859 παρὰ

200 883 271 932 τὰ
299 887 553 954 τέσσαρα.
591 885 690 932 Καὶ
723 876 879 938 δῆλον
911 876 1012 928 απὸ
1065 886 1155 936 τῆς
1202 876 1502 937 αἰσθήσεως
1539 898 1549 908 ·
1593 877 1810 928 ἕκαστον

200 973 308 1043 γαρ
337 978 437 1021 τῶν
465 977 631 1041 μερῶν
654 976 746 1020 τοῦ
773 970 1022 1041 ἡμετέρου
1060 971 1300 1037 σώματος
1341 964 1463 1016 (ὓλο
1493 985 1545 1016 τι
1575 967 1718 1039 παρα
1748 967 1813 1017 τὰ

205 1061 458 1130 στοιχεῖά
486 1057 627 1110 ἐστιν
656 1079 668 1091 ·
704 1056 784 1109 ἐπὶ
813 1053 871 1109 δὲ
897 1065 993 1116 τῆς
1025 1057 1162 1115 Θείας
1192 1054 1419 1115 ἐνωσεως
1462 1053 1554 1106 ούκ
1602 1053 1724 1106 άλλο
1762 1075 1815 1106 τι

1708 1142 1814 1194 ἀλλ’

205 1236 342 1288 αύτὸ
394 1239 546 1288 τοῦτο
599 1234 711 1287 ἐστι
767 1236 792 1286 6
847 1236 1100 1308 Χριστὸς,
1153 1237 1242 1284 καὶ
1290 1235 1422 1293 Θεὸς
1474 1237 1564 1283 καὶ
1621 1232 1817 1304 ἄνθρω-

204 1150 344 1219 μετά
381 1151 474 1205 τὴν
509 1143 812 1218 συνδρομὴν
859 1153 959 1196 τῶν
1007 1141 1104 1195 δύο
1156 1146 1354 1214 φύσεων
1403 1147 1606 1213 γέγονεν
1640 1164 1654 1176 ο

207 1345 333 1387 πος.

288 1465 358 1527 ζ’.
395 1465 453 1519 Ἦ
487 1463 546 1518 δὲ
593 1467 808 1522 τοιαύτη
869 1465 1072 1539 αἵρεσις
1100 1467 1272 1535 γέγονε
1321 1466 1463 1536 παρά
1521 1466 1614 1525 τὰς
1666 1461 1823 1524 ἆλλας

215 1557 396 1628 ὥσπερ
429 1554 794 1628 ἀκριϐεστέρα,
847 1551 939 1605 διὰ
986 1556 1044 1604 τὸ
1093 1560 1243 1623 σχεῖν
1292 1555 1582 1624 προστάτας
1628 1549 1826 1624 άνὸρας

219 1647 415 1716 σοφούς
451 1665 462 1677 ·
497 1646 521 1696 6
552 1647 653 1718 γάρ
681 1663 762 1695 τοι
800 1644 1040 1702 ’ῐωάννης
1071 1642 1094 1692 6
1129 1641 1405 1702 ψιλόπονος
1454 1641 1827 1713 ὀνομαζόμενος

216 1737 359 1784 κατὰ
385 1736 473 1804 μὲν
503 1737 596 1790 τὴν
633 1729 776 1784 ἰδέαν
817 1731 1090 1802 τοῦλόγου
1124 1731 1180 1781 οὐ
1214 1740 1311 1781 τῶν
1344 1733 1476 1781 πάνυ
1528 1730 1831 1801 ἐπαινουμέ-

217 1843 319 1873 νων
350 1821 482 1888 ἐστὶ,
519 1821 791 1892 φιλόσοφος
820 1817 878 1872 δὲ
910 1819 1270 1892 ἀκριϐέστερος
1300 1824 1389 1870 καὶ
1423 1825 1540 1891 περὶ
1581 1823 1675 1881 τὰς
1700 1818 1831 1870 απο-

223 1909 415 1974 δείξεις
450 1913 884 1983 Θαυμασιωτατος
919 1931 931 1943 ·
962 1909 1016 1970 ὃς
1048 1907 1114 1967 δὴ
1150 1912 1248 1961 ὑπὸ
1290 1915 1500 1981 Σεργίου
1549 1919 1639 1961 τού
1691 1929 1831 1966 τηνι-

218 2010 396 2055 καῦτα
415 2004 752 2074 πατριάρχου
774 1999 1359 2059 Κωνσταντινουπόλεως
1377 2019 1477 2073 παρ
1487 1999 1612 2070 ακλῃ
1625 2002 1722 2059 θεὶς
1739 2003 1833 2057 τὴν

220 2096 472 2148 τοιαυτήν
501 2091 550 2142 ἐν
571 2093 853 2164 γράμμασι
913 2090 1292 2147 συστήσασθαι
1325 2091 1545 2161 αἰρεσιν,
1576 2089 1833 2160 συνεγρά-

220 2182 365 2252 -ᾇατο
394 2181 546 2251 λόγον
595 2176 914 2247 δεινότατον,
959 2177 1255 2250 ἐπιγράψας
1310 2178 1448 2248 αὑτῷ
1482 2182 1762 2235 Διαιτητὴν
1804 2177 1830 2234 ;,

223 2277 355 2345 Περὶ
383 2270 632 2332 ἑνωσεως,
655 2276 744 2322 καὶ
775 2270 821 2322 ἐν
847 2267 977 2322 δέκα
1005 2269 1301 2341 κεφαλαίοις
1343 2273 1435 2325 τὴν
1466 2275 1640 2320 πᾶσαν
1671 2272 1836 2339 τομὴν

222 2370 320 2421 τῆς
345 2364 593 2434 αἱρέσεως
621 2359 921 2432 ἐξυφήνατο,
955 2366 1129 2411 πᾶσαν
1169 2364 1282 2415 κινή
1296 2378 1392 2419 σας
1422 2362 1551 2432 πρὸς
1573 2366 1726 2410 τοῦτο
1749 2379 1836 2429 φι-

222 2451 499 2522 λοσοφίαν,
530 2455 619 2502 καὶ¹
668 2457 842 2502 πᾶσαν
896 2446 1164 2512 ἀπόδειξιν
1213 2447 1720 2521 ἐξακριϐωσάμενος.
1762 2447 1837 2498 Οὐ

231 2544 415 2612 μέντοι
447 2544 534 2591 καὶ
566 2543 687 2600 τοὺς
716 2539 959 2610 ἐλέγχους
984 2534 1175 2611 διὲδρα
1199 2541 1344 2612 παρὰ
1392 2545 1488 2588 τῶν
1524 2540 1655 2610 μετὰ
1675 2544 1841 2588 ταῦτα

224 2631 421 2700 λογίων
453 2634 541 2680 καὶ
575 2638 933 2701 πνευματικῶν
965 2638 1034 2699 τῷ
1067 2633 1172 2680 ὄντι
1219 2623 1419 2700 ἀνδρῶν
1454 2649 1464 2659 ·
1525 2627 1704 2679 πολλοὶ
1751 2629 1840 2699 μὲν

225 2723 333 2794 γὰρ
362 2719 508 2771 ἄλλοι
536 2727 639 2780 τοῖς
711 2717 1147 2791 δογματισθείσιν
1204 2716 1377 2788 ἐκείνῳ
1431 2715 1709 2782 ἀντέθεντο,
1744 2719 1842 2788 μά-

223 2810 391 2870 λιστα
418 2805 476 2861 δὲ
511 2814 753 2870 Λεόντιος
783 2829 861 2870 τις
884 2812 1114 2881 μοναχός
1143 2806 1189 2859 ἐν
1215 2809 1502 2880 τριάκοντα
1544 2806 1842 2878 κεφαλαίοις

228 2897 528 2970 ἀνατρέψας
563 2903 655 2956 τὴν
701 2901 922 2971 αἰρεσιν,
973 2897 1063 2949 καί
1091 2901 1184 2954 τὴν
1237 2896 1354 2948 καθ’
1387 2897 1525 2967 ἡμας
1583 2895 1842 2948 εὐσέϐειαν

227 2989 618 3061 κρατυνάμενος
644 3009 656 3020 ·
691 2993 780 3040 καὶ
809 2989 834 3038 6
866 2989 1302 3058 θαυμασιώτατος
1334 2981 1392 3036 δὲ
1417 2990 1664 3058 Γεώργιος
1691 2985 1715 3036 ὁ
1749 2991 1843 3036 Πι-

231 3072 400 3135 σίὸης
422 3075 708 3138 ἡλικιώτης
737 3076 803 3127 ὡν
828 3084 902 3146 τῷ
928 3074 1210 3145 Φιλοπόνῳ,
1248 3077 1339 3124 καὶ
1370 3075 1543 3146 ὥσπερ
1599 3071 1766 3124 εἰώθει
1797 3070 1843 3122 ἐν

229 3168 450 3238 μέτροις
483 3164 746 3237 ὶαμϐικοῖς
795 3168 923 3237 πρὸς
951 3168 1045 3223 τὴν
1085 3165 1284 3237 αἳρεσιν
1338 3159 1569 3228 ἀντιϐὰς,
1619 3159 1727 3214 εἶτα
1773 3156 1841 3218 δὴ

231 3258 329 3305 καὶ
358 3249 584 3306 παιδιὰν
618 3251 827 3328 σπουδῇ
860 3257 1127 3330 κεραννὺς,
1161 3255 1296 3304 οὕτω
1325 3255 1431 3312 πώς
1463 3269 1593 3323 φησι

383 3535 595 3606 Ψήψιζε
622 3534 803 3586 Θάττον
831 3536 923 3591 τὴν
953 3538 1078 3606 μίαν
1103 3554 1158 3587 τε
1185 3539 1276 3588 καὶ
1304 3539 1447 3610 μίαν.

381 3625 448 3677 Εἰ
474 3627 572 3697 γὰρ
609 3628 733 3696 μίαν
763 3642 814 3676 τε
842 3627 932 3674 καὶ
961 3628 1084 3696 μίαν
1114 3623 1275 3696 λέγεις
1303 3630 1448 3698 μίαν.

382 3713 550 3776 Γέλως
578 3717 636 3765 τὸ
661 3712 845 3785 λεχθὲν
874 3718 1076 3784 γίνεται
1105 3719 1194 3766 καὶ
1219 3711 1355 3768 παιὸ
1361 3720 1474 3776 ίοις.

307 3931 376 3988 η’.
421 3929 565 3988 Αὕτη
599 3925 658 3982 δὲ
679 3930 708 3986 ἡ
745 3947 1013 4000 συγχυσις
1031 3931 1166 3988 καὶὴ
1199 3931 1388 3993 στάσις
1414 3939 1510 3993 τῆς
1533 3929 1847 3993 Ἐκκλησίας

233 4016 355 4073 οὐδ’
379 4018 512 4080 ὅλως
539 4017 784 4088 ύπέληγε,
816 4022 906 4070 καὶ
947 4020 996 4070 οἱ
1023 4018 1140 4071 λαοὶ
1168 4023 1295 4095 πρὸς
1323 4024 1419 4078 τὴν
1471 4017 1724 4092 κιγκλίδα
1753 4028 1845 4072 τοῦ

237 4113 634 4184 θυσιαστῃρίου
665 4109 930 4180 ἱστάμενοι
961 4113 1132 4160 παίειν
1165 4109 1408 4168 ἠπείλουν
1430 4114 1546 4171 τοὺς
1578 4112 1726 4185 ἱερεῖς
1756 4115 1846 4164 καὶ

237 4199 444 4272 ἀτίμως
464 4191 745 4260 ἐξωθὴσέιν
783 4204 876 4249 τοῦ
905 4195 1166 4270 βήματος,
1215 4199 1258 4250 εί
1305 4204 1479 4271 μνείαν
1532 4205 1846 4258 ποιήσαιντο

234 4299 333 4351 τῆς
369 4287 419 4340 ἐν
480 4282 780 4360 χαλκηδόνι
827 4283 1074 4356 συνόδου,
1133 4293 1223 4340 καὶ
1273 4293 1616 4364 καταγραφὴν
1654 4288 1703 4341 ἓν
1741 4296 1847 4351 τοῖς

237 4376 538 4450 διπτύχοις
566 4381 656 4429 καὶ
682 4375 970 4447 ἐκφωνησιν
1000 4386 1100 4429 τῶν
1143 4380 1419 4450 ἓκθεμένων
1466 4378 1627 4438 αὐτὴν
1675 4384 1846 4432 Πατέ-

235 4489 340 4543 ρων
375 4489 388 4503 ο
427 4472 519 4519 καὶ
548 4473 714 4520 ταῦτα
756 4465 1069 4542 ἐπεκράτουν
1113 4471 1278 4542 μέχρι
1329 4476 1424 4530 τῆς
1474 4468 1847 4527 Ἰουστινιανοῦ

236 4557 595 4633 ἀναρρήσεως.
654 4557 824 4609 Αύτοῦ
872 4553 932 4609 δὲ
962 4559 1028 4608 τα
1076 4565 1172 4619 τῆς
1203 4555 1472 4630 βασιλείας
1519 4556 1848 4631 ἀνειληφὸτος

239 4655 514 4721 σκῆπτρα,
546 4649 595 4699 οἱ
637 4655 733 4709 τῆς
774 4649 1022 4722 αἱρέσεως
1063 4650 1258 4708 ταύτης
1304 4651 1600 4721 προστάται
1630 4651 1730 4702 ὅσα
1759 4654 1849 4702 καὶ

236 4735 506 4804 κνώδαλα,
540 4737 611 4798 εἰς
658 4740 942 4812 χηραμοὺς
992 4742 1082 4790 καὶ
1139 4735 1456 4799 καταδύσεις
1511 4742 1603 4802 τὰς
1657 4739 1848 4792 ἑαυτῶν

239 4830 411 4880 ἔθεντο
441 4823 715 4902 διατριϐάς
753 4847 764 4860 ·
800 4823 1024 4889 σύνοδος
1064 4829 1165 4903 γὰρ
1212 4827 1260 4879 ἐν
1312 4829 1850 4882 Κωνσταντινουπόλει

241 4923 615 4990 συγκροτεῖται
645 4915 752 4989 ρξε’
782 4915 942 4989 ἁγίων
975 4915 1236 4993 Hart-36m,
1271 4917 1319 4970 ἐν
1364 4917 1441 4981 οἷς
1479 4915 1540 4977 ἦν
1590 4921 1851 4992 εῇτύχιος

243 5005 858 5074 Κωνσταντινουπόλεως,
897 5007 1136 5080 Βιγύλιος
1174 5007 1341 5081 Ῥώμη
1356 5030 1394 5076 ς,
1433 5008 1851 5082 Ἀπολλινάριος,

244 5093 660 5172 Ἀλεξανδρείας,
700 5100 790 5148 καὶ
834 5097 1014 5170 ἕτεροι,
1063 5101 1154 5150 καὶ
1201 5106 1454 5172 κυροῦται
1485 5100 1514 5157 ἡ
1567 5097 1615 5150 ἐν
1641 5099 1854 5157 Χαλκη-

245 5183 359 5240 δόνι
392 5182 634 5255 σύνοδος,
660 5194 758 5239 τῶν
781 5186 950 5238 αὐτῶν
1003 5184 1284 5262 δογμάτων
1319 5193 1408 5241 καὶ
1439 5191 1486 5242 ἑν
1521 5189 1650 5263 αὐτῇ
1685 5191 1853 5262 ἐκφω-

241 5279 522 5347 νηθέντών,
549 5280 642 5329 καὶ
667 5283 760 5329 τοῦ
801 5275 1066 5350 συμϐόλου
1110 5287 1208 5342 τῆς
1243 5283 1466 5340 πίστεως
1502 5280 1692 5352 ὁμοίως
1723 5281 1855 5332 ύπα-

240 5369 600 5442 γορευθέντος.
634 5365 750 5420 "En
778 5387 838 5440 γε
858 5371 963 5441 μὴν
993 5370 1114 5420 καθ’
1143 5369 1386 5444 ἑκατέραν
1410 5371 1564 5442 φύσιν
1590 5368 1855 5426 θελητικὸν

241 5475 295 5510 τε
322 5462 416 5510 καὶ
446 5455 776 5533 ἐνεργητικὸν
823 5460 908 5510 τὸν
958 5460 1145 5534 Κύριον
1189 5461 1337 5532 ἡμῶν
1388 5458 1593 5518 Ἰησοῦν
1623 5462 1855 5532 Χριστὸν

241 5553 337 5608 τῆς
372 5548 525 5619 ἡμῶν
560 5544 707 5599 ἕνεκα
747 5551 1013 5621 σωτηρίας
1051 5549 1312 5622 ὑπάρχειν
1345 5549 1635 5623 ὁρίσαντες,
1679 5546 1857 5601 ἀναθε-

243 5637 536 5710 ματίζουσι
559 5639 627 5690 τὰ
653 5635 726 5710 ιβ’
751 5633 1080 5712 Θεοδωρίτου
1102 5638 1374 5712 κεφάλαια,
1393 5643 1483 5692 καὶ
1503 5643 1597 5698 τὴν
1617 5646 1710 5692 τοῦ
1739 5637 1860 5692 Ἵϐα

244 5725 546 5795 ἐπιστολὴν,
587 5731 684 5786 τὴν
712 5731 840 5803 πρὸς
877 5730 1052 5803 Μάριν
1091 5736 1483 5806 συγγραφεῑσαν
1507 5732 1596 5784 τὸν
1627 5733 1857 5806 Πέρσην,

462 5839 713 5898 ΡΑτεοΙ..
754 5837 858 5896 Gn.
897 5839 1050 5897 CXL.

1917 611 2150 681 quibus,
2182 615 2238 666 et
2265 609 2412 666 illud
2442 612 2503 666 in
2532 611 2768 683 quibus,
2798 625 2923 667 non
2960 614 3166 666 tamen
3205 611 3355 667 illud
3413 628 3566 684 qua.

1919 703 2056 754 Post
2084 699 2516 756 elementorum
2550 701 2836 756 unionem
2868 704 3148 756 nostrum
3179 717 3400 774 corpus
3442 717 3570 758 non

1919 805 2066 862 pure
2096 795 2184 846 est
2213 791 2385 860 ignis,
2456 806 2655 864 neque
2707 807 2844 846 vere
2899 806 3020 856 aer,
3085 807 3283 864 neque
3325 808 3470 850 vera
3513 795 3574 848 et

1918 878 2185 948 legitima
2207 882 2380 950 terra,
2411 879 2518 934 sed
2550 879 2779 952 aliquid
2829 880 2994 935 aliud
3050 880 3208 936 ultra
3252 881 3570 951 elementa,

1920 968 2087 1040 quod
2119 968 2504 1025 manifestum
2559 973 2651 1025 est
2707 984 2780 1024 ex
2835 969 3133 1025 sensibus.
3184 973 3574 1043 Unaquaeque

1922 1058 2082 1113 enim
2110 1059 2301 1113 nostri
2333 1058 2602 1130 corporis
2629 1074 2768 1131 pars
2789 1058 2954 1114 aliud
2979 1064 3069 1115 est
3091 1074 3279 1131 quam
3311 1059 3574 1116 elemen-

1923 1153 1984 1204 ta
2019 1166 2032 1214 ;
2061 1148 2118 1203 in
2149 1149 2356 1205 divina
2385 1148 2606 1205 unione
2633 1149 2776 1204 nihil
2809 1149 2974 1206 aliud
3003 1149 3284 1207 eilectum
3327 1154 3416 1206 est
3442 1155 3581 1223 post

1924 1235 2186 1291 duarum
2207 1241 2560 1292 naturarum
2591 1251 2954 1293 concursum
2977 1255 2990 1306 ;
3019 1237 3122 1294 sed
3143 1239 3258 1295 hoc
3275 1238 3584 1313 ipsumlest

1927 1325 2200 1411 Christus.
2223 1329 2280 1380 et
2313 1327 2468 1380 Deus
2500 1329 2558 1381 et
2585 1325 2792 1382 homo.

2001 1472 2054 1522 7.
2112 1467 2268 1523 Talis
2313 1471 2514 1524 autem
2566 1468 2815 1524 haeresis
2871 1467 3026 1525 facta
3073 1472 3160 1524 est
3213 1468 3344 1525 aliis
3405 1470 3586 1544 quasi

1933 1557 2266 1612 accuratior
2329 1573 2397 1612 eo
2463 1558 2627 1630 quod
2695 1558 2972 1614 homines
3035 1558 3335 1631 sapientes
3402 1559 3587 1616 duces

1933 1644 2163 1700 habuit.
2231 1646 2494 1700 Joannes
2547 1645 2707 1701 enim
2785 1645 3156 1718 Philoponus
3224 1648 3588 1716 cognomine

1935 1750 2059 1788 non
2080 1733 2323 1806 quidem
2358 1735 2436 1789 ob
2468 1734 2561 1789 sui
2593 1735 2890 1790 sermonis
2942 1735 3205 1807 speciem
3255 1736 3408 1792 inter
3436 1737 3591 1792 insi—

1940 1824 2258 1894 gnissimos
2314 1831 2691 1890 numeratus,
2754 1824 2860 1880 sed
2908 1824 3293 1880 doctissimus
3320 1825 3591 1898 philoso-

1942 1914 2100 1986 phus
2134 1918 2189 1969 et
2242 1913 2301 1968 in
2333 1913 2956 1969 demonstrationibus
3003 1914 3376 1970 admirabilis
3435 1921 3593 1972 certe

1943 2005 2069 2069 est;
2102 2003 2204 2074 qui
2236 2003 2483 2075 quidem
2512 2020 2549 2060 a
2579 2003 2780 2073 Sergio
2807 2008 2950 2058 tunc
2982 2003 3266 2075 temporis
3301 2005 3594 2061 Constan-

1945 2091 2225 2162 tinopolis
2255 2092 2600 2164 patriarcha
2629 2092 2912 2148 invitatus
2939 2097 3002 2147 ut
3050 2093 3266 2166 scripto
3317 2093 3598 2150 haeresim

1946 2186 2352 2252 componeret,
2435 2181 2656 2237 librum
2739 2181 3122 2238 solertissime
3209 2183 3590 2256 conscripsit,

1946 2287 2128 2344 quem
2157 2272 2460 2328 Diaelelem
2494 2289 2599 2327 seu
2626 2273 2698 2328 de
2720 2274 2938 2328 unione
2969 2272 3292 2345 inscripsit,
3326 2280 3382 2329 et
3409 2274 3469 2329 in
3501 2274 3601 2330 de-

1948 2378 2078 2417 cem
2105 2361 2404 2433 capitibus
2434 2378 2645 2418 omnes
2674 2362 2922 2418 haeresis
2951 2364 3243 2420 sectiones
3274 2364 3598 2428 contexuit,

1948 2466 2191 2506 omnem
2223 2450 2301 2506 ad
2331 2450 2446 2506 hoc
2475 2453 2709 2522 agitans
2739 2450 3214 2524 phiIOSOphiam,
3237 2467 3604 2526 omnemque

1950 2539 2246 2595 adhibens
2270 2539 2871 2596 demonstrationem.
2904 2543 3034 2597 Non
3066 2546 3269 2598 tamen
3317 2543 3602 2614 objectio-

1950 2645 2058 2684 nes
2090 2629 2297 2684 vitavit
2325 2630 2641 2685 hominum
2681 2629 2997 2686 doctorum
3041 2636 3098 2687 et
3147 2647 3285 2687 vere
3327 2632 3607 2704 spiritua-

1950 2718 2118 2774 lium.
2152 2717 2318 2774 Multi
2349 2719 2512 2774 enim
2552 2718 2651 2774 alii
2695 2720 2826 2790 ejus
2884 2719 3274 2790 dogmatibus
3328 2721 3609 2778 adversa-

1951 2808 2191 2878 bantur,
2227 2808 2557 2879 praesertim
2619 2823 2759 2865 vero
2816 2810 3094 2864 Leontius
3149 2811 3488 2866 monachus
3546 2810 3610 2866 in

1953 2897 2194 2968 triginta
2243 2897 2540 2970 capitibus
2572 2899 2852 2954 haeresim
2903 2900 3248 2970 confutavit,
3313 2905 3610 2958 nostram-

1953 3003 2070 3059 que
2102 2986 2261 3058 piam
2292 2987 2630 3043 doctrinam
2683 2987 2987 3061 defendit;
3022 2995 3076 3045 et
3133 2994 3302 3046 tanta
3353 2989 3614 3048 admira-

1957 3076 2113 3132 tione
2141 3075 2364 3146 dignus
2397 3077 2682 3146 Georgius
2721 3077 2968 3144 Pisidas,
2999 3078 3107 3152 qui
3137 3081 3352 3135 eadem
3385 3095 3456 3135 ac
3487 3080 3615 3136 Phi-

1953 3165 2216 3238 loponus
2249 3169 2426 3222 aetate
2456 3170 2603 3238 erat,
2637 3171 2704 3223 ut
2759 3167 3008 3234 solebat,
3066 3169 3272 3224 metris
3329 3168 3614 3226 iambicis

1877 3237 1918 3293 Ο
1956 3237 2238 3312 haeresim
2267 3271 2551 3327 agressus
2599 3261 2712 3324 est,
2766 3271 2838 3313 ac
2883 3257 3102 3315 deinde
3141 3258 3351 3330 jocum
3396 3259 3617 3317 rationi

1956 3347 2331 3416 immiscens,
2367 3346 2452 3403 sic
2475 3345 2743 3419 loquitur
2774 3365 2787 3404 :

2095 3528 2326 3584 Saltem
2357 3542 2660 3599 unamque
2683 3532 2740 3584 et
2769 3541 2954 3584 unam
2983 3527 3149 3586 doce.

2098 3617 2159 3673 Si
2189 3617 2340 3672 enim
2375 3631 2679 3688 unamque
2701 3621 2756 3672 et
2783 3631 2962 3673 unam
2995 3617 3144 3673 dicis
3174 3632 3384 3683 unam,

2097 3708 2210 3763 Hae
2242 3721 2408 3763 voces
2439 3707 2627 3762 risum
2656 3707 2752 3763 vel
2772 3707 2979 3776 pueris
3004 3706 3346 3779 movebunt,
3379 3710 3490 3766 etc.

1956 3822 2023 3872 ut
2054 3815 2220 3886 apud
2255 3814 2662 3884 Nicephorum
2690 3815 2794 3872 lib.
2822 3815 3059 3884 XVIII,
3091 3819 3182 3872 48.

2028 3927 2080 3979 8.
2110 3925 2243 3979 Haec
2274 3927 2475 3979 autem
2507 3921 2782 3979 confusio
2821 3927 2878 3979 et
2926 3922 3308 3980 conturbatio
3339 3923 3614 3983 Ecclesiae

1955 4031 2078 4072 non
2146 4014 2396 4070 omnino
2462 4013 2736 4085 cessavit,
2831 4013 3163 4086 populique
3238 4013 3316 4071 ad
3406 4013 3614 4073 valvas

1957 4103 2283 4161 sanctuarii
2339 4106 2563 4158 stantes
2609 4102 2763 4158 ictus
2824 4102 3238 4159 sacerdotibus
3285 4105 3619 4164 commina-

1954 4179 2178 4252 bantur
2206 4198 2264 4250 et
2292 4209 2323 4249 e
2349 4191 2649 4249 cathedris
2680 4192 3188 4262 deturbationem,
3223 4193 3273 4250 si
3295 4194 3619 4253 Chalcedo-

1956 4300 2207 4341 nensem
2235 4281 2538 4356 synodum
2572 4287 3143 4351 commemorarent,
3199 4287 3255 4340 et
3298 4283 3350 4339 si
3398 4284 3617 4343 inscri-

1955 4376 2167 4432 berent
2222 4375 2284 4430 in
2335 4371 2640 4445 diptychis
2699 4377 2755 4429 et
2811 4374 3200 4430 nominarent
3254 4377 3456 4431 Patres
3512 4375 3621 4449 qui

1956 4466 2140 4537 hujus
2174 4463 2392 4537 synodi
2440 4463 2626 4518 ﬁdem
2659 4468 3084 4534 exposuerant.
3138 4466 3204 4519 Et
3261 4464 3388 4521 haec
3439 4465 3620 4523 inva-

1957 4555 2215 4621 luerunt,
2248 4567 2441 4625 usque
2472 4554 2552 4608 ad
2584 4552 2900 4608 Justiniani
2929 4553 3261 4610 decretum.
3295 4554 3401 4611 Ubi
3457 4555 3620 4613 enim

1958 4646 2051 4702 ille
2080 4644 2251 4714 regni
2277 4646 2582 4715 sceptrum
2605 4642 2894 4715 suscepit,
2922 4643 3108 4715 hujus
3133 4643 3379 4700 haeresis
3408 4645 3617 4715 duces,

1958 4740 2252 4808 tanquam
2301 4731 2461 4802 ferae,
2493 4732 2555 4787 in
2605 4732 2882 4788 cavernis
2933 4736 2990 4788 et
3023 4732 3288 4790 latibulis
3318 4751 3496 4792 suam
3522 4751 3622 4792 se-

1961 4825 2100 4882 dem
2132 4827 2482 4880 statuerant.
2517 4821 2799 4894 Syuodus
2830 4821 2992 4878 enim
3032 4825 3622 4899 Constantinopolim

1962 4917 2330 4972 convocatur
2394 4917 2638 4968 centum
2685 4911 2957 4985 quinque
3014 4917 3072 4970 et
3137 4915 3455 4985 sexaginta
3517 4917 3624 4972 Pa-

1963 5011 2143 5071 trum,
2174 5005 2236 5060 in
2258 5002 2480 5076 quibus
2509 5007 2637 5058 erat
2659 5001 2985 5075 Eulyehius
3046 5003 3622 5078 Constantinopolis,

1963 5095 2245 5166 Virgilius
2276 5095 2500 5160 Romae,
2529 5091 2910 5164 Apollinariis
2961 5091 3342 5150 Alexandriae
3392 5099 3450 5152 et
3500 5093 3623 5162 alii,

1967 5190 2024 5242 et
2077 5184 2472 5241 conﬁrmatur
2525 5181 3029 5238 Chalcedonensis
3088 5183 3358 5256 synodus
3407 5184 3628 5247 iisdem

1964 5273 2354 5345 dogmatibus
2380 5287 2624 5329 rursum
2657 5271 3067 5344 proclamatis,
3100 5272 3314 5330 etﬁdei
3344 5274 3627 5347 symbolo

1967 5365 2234 5422 similiter
2258 5364 2551 5437 exposito.
2582 5361 2794 5420 Adhuc
2820 5367 3026 5420 tamen
3053 5379 3166 5437 pro
3215 5369 3472 5438 utraque
3519 5381 3627 5423 na-

1965 5462 2099 5515 tura
2128 5456 2497 5513 voluntatem
2526 5458 2584 5511 et
2611 5454 3027 5528 operationem
3053 5454 3280 5513 habere
3303 5456 3630 5516 Dominum

1964 5552 2264 5604 nostrum‘
2294 5547 2495 5602 Jesum
2542 5545 2868 5616 Christum,
2927 5545 3134 5602 salutis
3182 5551 3404 5604 nostrae
3442 5563 3634 5606 causa

1967 5637 2348 5707 deﬁnierunt,
2432 5635 3216 5710 anathematizaveruntque
3302 5637 3634 5696 duodecim

1966 5725 2321 5787 Theodoreti
2376 5725 2595 5801 capita,
2636 5730 2693 5783 et
2750 5725 2866 5784 ibas
2923 5723 3249 5799 epistolam
3297 5726 3380 5787 ad
3424 5727 3634 5792 Marim

3170 5838 3200 5893 3
