4508 6436
846 394 915 445 75
2186 377 2453 432 NICETAZ
2496 374 2863 430 CHONIATE
4043 337 4048 349 ’
4141 370 4212 425 76

846 516 1091 572 Persam
1135 512 1559 584 conscriptam,
1603 513 1661 564 et
1722 501 1993 573 Origenis
2045 515 2252 572 opera,
2300 498 2501 554 adhuc
2529 497 2576 549 A
2611 516 2626 547 ι

2435 513 2501 553 uc
2529 497 2576 549 A
2611 500 2701 548 καὶ
2729 499 2797 548 τὰ
2826 496 3124 567 Ὠριγένους
3154 497 3567 569 συγγράμματα,
3602 496 3677 545 ἔτι
3708 489 3767 545 δὲ
3807 490 4078 567 Θεόδωρον
4108 500 4215 546 Μο-

844 620 987 661 vero
1012 602 1390 659 Theodorum
1415 594 1811 670 Mopsuestite,
1839 595 1897 647 et
1920 590 2005 646 sic
2035 589 2114 645 ad
2143 587 2388 660 propria
2416 602 2503 642 re-

848 694 1106 751 dierunt.

921 807 973 857 9.
1007 798 1189 855 Paulo
1218 800 1355 870 post
1378 799 1583 851 autem
1627 786 1967 861 Acephalus
2021 787 2273 842 Severus
2307 780 2503 837 Eccle-

852 890 1004 945 siam
1032 869 1275 944 turbare
1317 883 1584 947 tentavit,
1608 895 1795 936 unam
1824 892 1954 932 esse
1991 879 2271 930 naturam
2334 869 2508 926 Verbi

850 984 908 1035 et
928 977 1124 1034 carnis
1154 976 1399 1031 docens.
1434 976 1635 1043 Neque
1662 968 1805 1024 satis
1834 965 1915 1021 illi
1944 965 2072 1030 fuit,
2106 962 2212 1018 sed
2234 966 2291 1017 et
2319 960 2505 1015 libros

849 1066 1113 1140 protulit,
1146 1069 1203 1120 et
1227 1063 1478 1134 scriptas
1509 1056 2028 1130 interpretationes
2061 1049 2424 1123 composuit,
2452 1051 2509 1103 et

850 1172 1172 1230 perperam
1240 1152 1577 1223 Scripturas
1643 1144 1939 1218 exposuit.
2013 1141 2146 1196 Fuit
2202 1144 2405 1195 autem
2473 1151 2505 1192 a

850 1228 1063 1303 Menna
1084 1240 1459 1299 sanctissimo
1491 1230 2003 1303 ConstantinOpoli
2051 1228 2341 1301 episcopo
2368 1239 2509 1281 con-

852 1335 1193 1397 demnatus,
1226 1330 1477 1401 ejusque
1508 1340 1694 1397 opera
1725 1319 2014 1378 oblivioni
2044 1316 2283 1380 tradita,
2340 1312 2507 1369 auxi-

849 1422 1136 1480 liantibus
1165 1421 1434 1489 Agapeto
1491 1418 1713 1482 Romae,
1764 1414 1931 1466 Petro
1982 1405 2400 1477 Hierosolymze
2455 1407 2512 1458 et

850 1512 1137 1585 Ephraim
1162 1506 1508 1574 Antiochiae,
1542 1508 1599 1558 et
1643 1499 1824 1556 simul
1875 1496 2135 1555 Soterico
2187 1494 2507 1567 Cappado-

851 1581 981 1659 (εί-ιε.
1012 1605 1092 1656 Ac
1121 1613 1328 1655 rursus
1351 1593 1625 1666 jucunda
1678 1596 1734 1646 et
1788 1587 2106 1661 splendida
2153 1590 2209 1641 et
2256 1581 2510 1656 paciﬁca

848 1690 1099 1750 victoria
1135 1684 1569 1745 ecclesiasticas
1596 1696 1693 1737 res
1722 1677 2030 1735 recreavit.

1012 2037 2078 2066 ___________.___._—

2611 586 2900 658 ψουεστίας
2929 606 2941 618 ο
2970 589 3059 637 καὶ
3089 585 3253 647 οὕτως
3282 583 3365 637 ἐπὶ
3395 587 3461 635 τὰ
3491 584 3655 635 οἰκεῖα
3683 582 3996 654 μετέϐαινον.

2686 781 2745 837 θ’.
2777 781 2899 834 Μετ’
2930 780 2988 833 οὐ
3013 779 3144 833 πολὺ
3195 776 3254 832 δὲ
3283 779 3435 832 πάλιν
3481 780 3506 830 ό
3554 778 3804 850 ἀκέφαλος
3856 777 4075 852 Σεϐῆρος
4121 782 4216 835 τὴν

2613 870 2931 928 Ἐκκλησίαν
2961 875 3124 939 κυκᾷν
3154 867 3444 937 ἐπεϐάλετο,
3470 874 3593 940 μίαν
3626 870 3778 939 φύσιν
3806 875 3896 919 τοῦ
3921 871 4094 938 Λόγου
4126 872 4216 918 και

2612 966 2707 1021 τῆς
2740 961 2935 1031 σαρκός
2961 955 3299 1029 δογματίζων
3323 978 3335 990 α
3368 962 3456 1009 καὶ
3485 953 3615 1029 μηδ’
3649 955 3697 1007 ἐν
3724 958 3891 1027 τούτῳ
3920 958 4213 1027 ἵστάμενος,

2613 1048 2743 1100 ἀλλὰ
2772 1053 2860 1100 καὶ
2910 1046 3126 1120 βίϐλους
3158 1051 3443 1120 προφέρων,
3500 1050 3589 1098 καὶ
3648 1045 3919 1120 ἑρμηνείας
3954 1046 4215 1118 γραφικὰς

2617 1140 2896 1203 συντιθεὶς,
2928 1141 3016 1188 καὶ
3074 1135 3518 1210 παρεξηγούμενος
3565 1138 3658 1196 τὰς
3698 1136 3919 1209 Γραφάς.
3958 1134 4097 1191 Πλὴν
4127 1137 4220 1185 καὶ

2617 1226 2766 1286 οὗτος
2800 1228 2900 1277 ὑπὸ
2930 1231 3084 1282 Μηνά
3113 1232 3203 1276 τοῦ
3236 1224 3530 1295 ἄγιωτάτου
3575 1224 3910 1296 πατριάρχου
3942 1229 4217 1274 Κωνσταν-

2615 1314 2951 1375 τινουπόλεως
2980 1319 3366 1389 κατακρίνεται,
3398 1318 3487 1365 καὶ
3514 1316 3581 1365 τὰ
3606 1316 3791 1364 τούτου
3823 1308 4063 1383 δόγματα
4089 1310 4211 1382 ἀφασ

2615 1413 2787 1476 νισμῷ
2878 1400 3287 1478 παραδίδονται,
3376 1400 3833 1474 συνεπαμυνόντων
3887 1400 4219 1471 ,Ἀγαπητοὺ

2614 1492 2833 1566 Ῥώμης,
2897 1497 3093 1567 Πέτρου
3150 1491 3538 1566 Ἰεροσολύμων,
3599 1494 3685 1541 καὶ
3742 1490 3965 1563 Ἐφραὶμ
4016 1490 4219 1541 Ἀντιο-

2616 1587 2792 1656 χείας,
2834 1587 2920 1633 καὶ
2970 1586 3101 1654 πρὸς
3154 1585 3355 1641 τούτοις
3409 1584 3716 1653 Σωτηρίχου
3778 1575 4162 1638 Καππαδοκίας
4194 1581 4217 1610 ⁴ο

2616 1676 2705 1724 καὶ
2732 1672 2866 1723 οὕτω
2897 1670 3048 1723 πάλιν
3080 1670 3233 1728 λευκή
3268 1690 3348 1731 τις
3376 1675 3491 1727 νίκη
3526 1674 3615 1721 καὶ
3648 1665 3849 1743 φαιδρὰ
3877 1673 3966 1720 καὶ
3993 1667 4225 1740 εἰρηναία

2617 1762 2942 1820 κατάστασις
2974 1767 3080 1822 τοῖς
3108 1758 3565 1819 ἐκκλησιαστικοῑς
3594 1753 3930 1829 ἐπεμειδίασε
3975 1759 4220 1831 πράγμα-

2536 1850 2581 1905 Β
2621 1868 2725 1905 σιν.

1933 2249 2357 2343 NICET/E
2521 2247 3139 2337 CHONIAT/E.

1609 2495 1711 2562 EX
1759 2489 1998 2560 LIBRO
2048 2488 2157 2556 XII
2206 2483 2595 2554 THESAURI
2646 2482 3171 2551 ORTHODOXE
3221 2483 3427 2550 FIDEI

852 2902 943 2958 De
967 2899 1546 2970 Aphtartocetarum
1579 2887 1810 2946 haeresi.
1839 2885 1917 2940 Et
1944 2883 2071 2939 haec
2096 2881 2252 2937 actio
2280 2878 2508 2949 quintae

1352 2982 1578 3053 synodo
1603 2975 2012 3046 conjungitur.

929 3109 978 3159 1.
1006 3096 1375 3159 Theodatus,
1409 3087 1737 3147 Gothorum
1797 3082 1944 3149 dux,
1992 3094 2129 3135 cum
2182 3093 2219 3133 ο.
2265 3072 2509 3148 proprio

2618 2879 2741 2947 Περὶ
2771 2884 2867 2935 τῆς
2887 2879 3131 2948 αιρέσεως
3162 2882 3259 2927 τῶν
3284 2870 3807 2949 Ἀφθαρτοδοκητῶν.
3840 2879 3941 2926 Καὶ
3970 2876 3999 2932 ἡ
4034 2876 4223 2949 πρᾶξις

2902 2966 3033 3022 αὕτη
3066 2974 3128 3036 τῇ
3161 2969 3370 3036 πέμπτη
3409 2973 3671 3023 συνῆπται
3706 2960 3929 3034 συνόδῳ.

2689 3071 2758 3127 α’.
2789 3069 3055 3132 Θευδάτος
3084 3074 3109 3123 ό
3140 3080 3237 3123 τὼν
3268 3073 3467 3124 Γότθων
3499 3070 3756 3144 ἀρχηγὸς,
3782 3073 3881 3122 ὑπὸ
3916 3071 4221 3145 Βελισαρίου

851 3191 1106 3267 imperio
1137 3182 1426 3264 decedere
1451 3178 1643 3233 victus
1665 3189 1702 3229 a
1734 3169 2012 3226 Belisario
2051 3165 2506 3240 periclitaretur,
2540 3169 2580 3225 c
2617 3182 2631 3214 τ

2441 3177 2506 3228 Ir,
2540 3169 2580 3225 C
2617 3171 2707 3221 τῆς
2737 3162 2922 3223 οἰκείας
2950 3162 3125 3235 ἀρχῆς
3153 3161 3338 3214 τελειον
3364 3164 3595 3213 ἐκπεσεῖν
3652 3158 3986 3227 κινδυτεύων,
4025 3161 4221 3214 στελλει

2664 3252 2675 3263 ε
2725 3250 2751 3267 f1
2852 3251 2869 3267 ἴ
2912 3260 2929 3267 υ
2958 3252 2992 3267 ⁸-
3282 3259 3299 3267 υ
3479 3249 3507 3267 Ω
3611 3255 3619 3267 \
3689 3251 3698 3266 1
3719 3257 3729 3267 ι
3942 3253 3949 3264 υ
4054 3254 4062 3265 ι
4165 3259 4186 3267 ο.

853 3254 1386 3352 ad‘imperatorem
1410 3259 1821 3324 Iustinianum
1851 3260 2118 3329 legatum
2144 3254 2321 3310 mittit
2360 3257 2511 3319 Aga-

851 3342 1067 3450 petum
1090 3371 1433 3424 Romanum
1454 3356 1830 3429 episcopum.
1866 3347 1999 3415 Qui.
2042 3350 2368 3418 postquam
2397 3342 2508 3413 By-

851 3434 1114 3524 nantium
1148 3451 1421 3531 pervenit
1452 3445 1979 3512 Justinianumque
2027 3436 2195 3504 adiit,
2240 3434 2506 3506 primum

852 3520 939 3613 de
961 3557 1078 3608 Deo
1103 3520 1260 3604 etde
1289 3545 1452 3598 recta
1472 3538 1533 3592 in
1563 3550 1703 3590 eum
1727 3531 1847 3586 ﬁde
1878 3526 2135 3590 disserit,
2159 3530 2215 3580 et
2244 3520 2510 3578 Anthimi

851 3647 913 3702 in
943 3655 1116 3699 novae
1141 3640 1344 3693 Romae
1377 3629 1583 3685 sedem
1622 3621 1975 3678 electionem
2028 3616 2087 3671 in
2120 3630 2369 3671 causam
2400 3613 2509 3667 ad-

851 3733 1039 3799 ducit,
1097 3742 1169 3783 eo
1226 3719 1393 3796 quod
1429 3732 1554 3774 non
1582 3711 1869 3769 canonice
1913 3707 2304 3778 Trapezunte,
2371 3719 2509 3775 quae

850 3792 1095 3881 urbium
1119 3817 1180 3872 in
1213 3792 1631 3870 Pt-lemoniaco
1658 3804 1844 3857 Ponto
1874 3797 2122 3853 sitarum
2159 3792 2508 3865 metropolis

851 3918 962 3979 est,
996 3896 1577 3971 Constantinopolim
1606 3889 1933 3948 translatus
1962 3890 2139 3950 esset,
2174 3887 2230 3939 et
2273 3898 2509 3954 perver-

852 3976 1166 4061 sae-Severi
1205 3988 1493 4049 doctrinm
1546 3982 1844 4056 particeps
1897 3977 2130 4033 fuisset.
2179 3976 2508 4045 Imperator

850 4098 1051 4152 autem
1087 4086 1191 4161 qui
1241 4074 1639 4152 imperatricis
1686 4068 2012 4127 Theodorus
2065 4064 2262 4120 studio
2306 4063 2506 4118 Anthi-

847 4198 1020 4243 mum
1052 4158 1649 4239 Constantinopolica
1680 4160 1823 4216 sede
1863 4158 2116 4228 dignum
2167 4158 2502 4222 censuerat,

846 4271 1093 4349 proprio
1115 4263 1273 4323 actui
1298 4256 1553 4316 inhaesit.
1587 4255 1735 4309 Cum
1766 4254 1969 4306 autem
2006 4247 2255 4301 instaret
2302 4243 2503 4299 adhuc

845 4332 1089 4421 divinus
1119 4354 1446 4424 Agapetus,
1481 4342 1702 4416 sepius
1734 4340 1787 4394 ei
1807 4337 2072 4393 minatus
2103 4332 2413 4405 respondit
2438 4348 2500 4388 se

842 4468 1027 4530 posse
1052 4446 1220 4523 quod
1245 4441 1441 4507 vellet,
1464 4437 1661 4493 dicere
1693 4435 1751 4488 et
1787 4431 2002 4486 facere.
2044 4424 2325 4482 Irridente
2354 4440 2499 4480 vero

2617 3252 2689 3321 τῲ
2718 3250 2929 3323 βασιλεῖ
2958 3252 3308 3320 Ἰουστινιανῷ
3338 3249 3658 3323 πρεσϐευτὴν
3689 3251 3985 3320 Ἀγαπητόν
4012 3254 4098 3301 τὸν
4126 3259 4220 3313 τῆς

2614 3348 2816 3413 Ῥώμης
2842 3341 3113 3414 ἀρχιερέα.
3151 3340 3210 3393 Ὀ
3244 3337 3321 3407 δὲ,
3355 3339 3658 3391 καταλαϐὼν
3713 3343 3770 3390 τὸ
3803 3339 4104 3408 Βυζάντιον,
4129 3346 4222 3393 καὶ

2616 3441 2687 3502 τῷ
2719 3432 3071 3501 Ἰουστινιανω
3099 3429 3325 3501 ἐντυχὼν
3359 3437 3558 3502 πρῷτον
3592 3434 3708 3501 περὶ
3748 3436 3881 3481 Θεοῦ
3913 3435 4001 3481 καὶ
4030 3438 4122 3489 τῆς
4154 3431 4222 3490 εἰς

2618 3522 2773 3573 αὐτόν
2802 3520 2956 3593 ὀρθῆς
2984 3516 3278 3590 διαλέγεται
3307 3523 3553 3583 πίστεως,
3589 3522 3677 3569 καὶ
3706 3522 3799 3575 τὴν
3832 3519 3904 3579 εἰς
3932 3521 4019 3570 τὸν
4044 3521 4221 3591 θρόνον

2618 3619 2677 3669 τῇ
2693 3631 2712 3670 ς
2750 3614 2863 3671 νέας
2892 3608 3092 3681 Ῥώμης
3124 3607 3397 3680 ἀναγωγὴν
3421 3615 3511 3660 τοῦ
3536 3607 3780 3679 Ἀνθίμου
3804 3606 3887 3659 ὕπ’
3910 3608 4082 3659 αἰτίαν
4112 3607 4223 3660 ἐπε-

2618 3704 2822 3769 ποίητο,
2858 3701 2938 3751 ὅτι
2968 3718 3020 3750 τε
3044 3703 3115 3770 μὴ
3145 3706 3422 3757 κανονικώς
3444 3696 3497 3748 ἐκ
3522 3697 3929 3771 Τραπεζοῦντος,
3962 3697 3989 3755 ἢ
4019 3705 4117 3749 τῶν
4150 3698 4223 3760 εἰς

2617 3792 2703 3840 τὸν
2748 3788 3131 3861 πολεμωνιακὸν
3186 3792 3370 3841 πόντον
3425 3791 3665 3859 κειμένων
3722 3786 3914 3837 πολεων
3964 3790 4225 3858 τυγχάνει

2617 3878 2957 3952 μητρόπολις,
2993 3878 3061 3939 εἰς
3082 3882 3168 3936 την
3199 3882 3588 3930 Κωνσταντίνου
3638 3880 3990 3947 μετενήνεκτο,
4019 3882 4108 3928 καὶ
4138 3878 4222 3929 ὅτι

2616 3974 2705 4021 καὶ
2734 3977 2829 4029 τῆς
2875 3967 3100 4041 Σεϐηρου
3150 3964 3465 4029 κακοδοξίας
3513 3970 3855 4038 μετέσχηκεν.
3884 3964 3942 4017 Ὀ
3974 3962 4033 4017 δὲ
4065 3964 4223 4039 βασι-

2613 4058 2748 4121 λεὺς,
2786 4054 2994 4130 σπουδῇ
3041 4065 3137 4117 τῆς
3181 4052 3459 4128 βασιλίδοῖ
3499 4050 3774 4127 Θεοδώρας
3828 4057 3915 4106 τὸν
3968 4053 4221 4127 Ἀνθιμον

2612 4156 2708 4210 τῆς
2738 4147 2785 4199 ἐν
2835 4144 3375 4200 Κωνσταντινουπόλει
3423 4140 3685 4217 καθέδρας
3716 4143 3973 4212 ἠξιωκὼς,
4019 4152 4109 4203 τῆς
4136 4144 4220 4195 οὶ-

2611 4244 2748 4298 κείας
2778 4236 3040 4308 ἀντείχετο
3071 4234 3320 4309 πράξεως.
3355 4233 3720 4306 Ἐνισταμένου
3763 4229 3811 4285 δ’
3838 4235 3913 4284 ἔτι
3950 4240 4041 4284 τοῦ
4079 4235 4217 4285 θείου

2605 4328 2928 4401 Ἀγαπητοῡ,
2960 4325 3203 4385 πολλάκις
3226 4325 3365 4395 αὐτῷ
3393 4322 3646 4382 ἠπείλησε
3691 4326 3870 4397 κύριος
3896 4319 4025 4375 εἶναι
4053 4322 4219 4393 λέγειν

2608 4426 2697 4473 καὶ
2754 4420 2997 4494 πράττειν
3048 4417 3073 4468 ὃ
3123 4413 3475 4488 βούλοιτο’ὼς
3534 4410 3584 4466 δ’
3630 4411 3954 4484 ἐπεγελατῷ
4007 4411 4221 4485 βασιλεί

840 4500 1623 4607 ἕλὶῃδιιῖθωὶωρθτᾶἰοτθω
1646 4537 1832 4595 seque
1852 4518 1947 4575 vel
1968 4520 2223 4573 mortem
2246 4514 2502 4571 libenter
2532 4527 2577 4582 ι)
2611 4532 2620 4562 ι

2439 4530 2502 4571 er
2532 4527 2577 4582 D
2611 4509 2905 4562 ἀπειλοῦντι
2930 4512 3020 4559 καὶ
3062 4501 3234 4575 ἡδέως
3262 4503 3322 4555 διν
3373 4501 3628 4566 δέξασθαὶ
3675 4506 3765 4554 καὶ
3817 4506 4023 4574 σφαγὴν
4077 4500 4217 4556 ἅντε-

2882 4602 2889 4607 .
3080 4598 3089 4607 ,
3286 4590 3309 4606 ευ
3440 4592 3479 4607 ,ς
3700 4590 3711 4604 ς
3892 4594 3903 4607 ,
4090 4590 4118 4607 Α

841 4635 1184 4692 subiturum
1230 4604 1557 4683 dictitante,
1590 4616 1959 4682 beatumque
1990 4607 2115 4663 fore
2148 4605 2199 4660 si
2236 4604 2335 4660 tali
2378 4604 2499 4660 ﬁne

840 4726 1064 4797 dignus
1105 4717 1451 4781 haberetur,
1474 4708 1588 4765 hac
1630 4698 1813 4775 hujus
1850 4699 1963 4755 viri
2000 4698 2206 4754 divina
2227 4694 2499 4752 libertate

838 4783 1508 4885 obstupuitimperator,
1524 4800 1909 4863 mentemque
1930 4791 2174 4844 mutans
2191 4785 2265 4842 de
2288 4783 2502 4841 doctri-

836 4922 919 4963 na
950 4874 1208 4960 examen
1238 4874 1444 4951 haberi
1487 4886 1688 4959 jussit,
1719 4880 2193 4949 Anthimumque
2239 4891 2313 4930 ex
2357 4874 2498 4931 sede

834 4992 1120 5061 destituit,
1146 5002 1286 5044 cum
1315 4996 1505 5039 unum
1534 4976 1717 5033 modo
1739 4986 1969 5031 annum
1992 4985 2063 5024 ea
2086 4966 2300 5023 fruitus
2322 4969 2496 5034 esset,

833 5053 1180 5157 ejusque'in
1206 5076 1405 5131 locum
1452 5064 1756 5125 substituit
1814 5064 2068 5127 Menam,
2132 5053 2496 5111 Alexandria

831 5144 1081 5249 q'uidem
1108 5169 1171 5224 in
1200 5166 1464 5235 [Egypto
1505 5154 1852 5223 oriundum,
1900 5154 2135 5223 patrem
2193 5163 2268 5202 ex
2312 5144 2495 5216 hujus

829 5235 1001 5324 urbis
1030 5253 1453 5318 illustrissimis
1482 5248 1833 5315 habentem,
1857 5256 2095 5298 necnon
2136 5235 2494 5310 eloquentiae

828 5356 1113 5432 peritum,
1138 5347 1477 5416 divinaeque
1502 5335 1856 5413 praesertim.

900 5472 954 5522 2.
979 5465 1310 5534 Postquam
1340 5454 1519 5525 igitur
1545 5449 1630 5505 sic
1651 5447 2073 5519 episcopatum
2112 5438 2373 5496 obtinuit
2400 5436 2491 5492 di-

824 5557 1006 5617 vinus
1030 5529 1251 5619 Menas,
1273 5550 1377 5603 aut
1407 5542 1606 5616 potius
1631 5542 1961 5611 postquam
1987 5532 2157 5587 illum
2178 5529 2493 5601 episcopa-

824 5654 923 5708 tus
946 5644 1190 5704 sortitus
1219 5644 1327 5705 est,
1358 5630 1785 5709 particularem
1847 5622 2153 5699 synodum
2199 5622 2493 5699 convocat

823 5755 952 5814 una
987 5751 1131 5797 cum
1176 5707 1679 5807 papa—Agapeto,
1726 5721 1785 5777 et
1822 5711 2197 5776 anathemati
2247 5707 2491 5781 subjicit

2607 4608 2763 4672 πῆγε,
2809 4602 2899 4649 καὶ
2946 4598 3205 4671 μακάριος
3261 4590 3391 4645 εἶναι
3437 4592 3624 4664 ἔλεγεν,
3670 4590 3714 4643 εἰ
3766 4594 4005 4643 τοιούτου
4046 4590 4219 4653 τέλους

2609 4689 2874 4753 ἀξιωθείη,
2909 4683 3112 4760 ᾐδέσθη
3143 4686 3167 4735 ὁ
3217 4682 3547 4756 αὐτοκράτωρ
3597 4686 3691 4739 τὴν
3734 4688 3826 4732 τοῦ
3858 4676 4051 4754 ἀνδρὸς
4080 4683 4220 4733 κατὰ

2610 4784 2739 4835 Θεὸν
2787 4777 3109 4853 παρρησίαν,
3164 4780 3254 4826 καὶ
3311 4771 3635 4846 μεταϐαλὼν,
3692 4772 3792 4822 ὑπὸ
3866 4773 4089 4833 ζήτησιν
4157 4774 4216 4823 τὸ

2609 4870 2785 4943 δόγμα
2806 4870 3118 4933 καθίστησι,
3150 4868 3241 4916 καὶ
3281 4867 3365 4916 τὸν
3397 4862 3649 4933 Ἀνθιμον
3704 4867 3795 4913 τοῦ
3843 4861 4023 4934 θρόνου
4072 4861 4217 4932 μεθί-

2610 4980 2799 5019 στησιν
2854 4957 2901 5010 ἓν
2951 4960 3059 5017 ἔτος
3110 4953 3270 5007 αὐτοῦ
3326 4951 3717 5016 ἀπολαύσαντα,
3778 4946 4123 5021 ἀντεισηγαγε
4154 4945 4217 5002 δὲ

2606 5058 2807 5120 Μηνᾶν,
2840 5048 3113 5120 αὖχοῦντα
3141 5047 3230 5118 μεν
3257 5039 3496 5117 πατρίδα
3519 5046 3613 5099 τὴν
3644 5038 3752 5092 κατ’
3788 5042 4048 5110 Αἴγυπτον
4073 5036 4213 5092 ’Δλε-

2607 5138 2903 5215 ξάνδρειαν,
2931 5137 3155 5210 ἐκφύντα
3195 5131 3243 5187 δ’
3268 5134 3372 5194 ἐνὸς
3400 5141 3497 5185 τῶν
3530 5129 3576 5183 ἐν
3600 5133 3763 5202 ταύτῃ
3812 5128 4089 5201 ἐπιφανῶν,
4123 5133 4214 5181 καὶ

2603 5232 2764 5305 λόγων
2794 5231 2888 5283 οὐκ
2920 5227 3243 5301 ἀνομιλήτως
3269 5226 3485 5297 ἔχοντα,
3510 5220 3745 5296 μάλιστά
3776 5239 3836 5293 γε
3879 5228 3978 5271 τῶν
4026 5220 4211 5272 θειοτέ-

2602 5345 2724 5400 ρων,
3284 5331 3291 5341 “
3377 5302 3383 5309 ἲ

2677 5431 2748 5504 β’.
2785 5437 2892 5492 Τῆς
2923 5427 3325 5502 ἀρχιερωσύνης
3356 5427 3528 5476 τοίνυν
3558 5427 3743 5482 Μηνᾶς
3779 5420 3803 5472 ό
3852 5420 3986 5481 θεῖος
4006 5422 4209 5490 τυχὼν,

2601 5525 2630 5584 ἦ
2662 5522 2849 5596 μᾶλλον
2891 5520 3055 5580 αὐτῆς
3107 5516 3489 5589 εὖτυχησάσης
3547 5519 3752 5577 τοῦτον,
3807 5514 4025 5583 μερικὴν
4085 5527 4212 5580 συγ-

2600 5620 2776 5688 κροτεῖ
2829 5607 3049 5664 σύνοδον
3110 5611 3204 5660 σὺν
3262 5614 3336 5677 τῷ
3392 5605 3546 5676 πάπᾳ
3617 5610 3690 5672 τῷ
3747 5601 4050 5673 Ἀγαπητῷ,
4120 5603 4212 5651 καὶ

2600 5703 2887 5777 ἀναθέματι
2952 5695 3336 5754 καθυποϐάλλει
3394 5692 3614 5770 Σεϐῆρον
3681 5696 3772 5746 καὶ
3816 5689 4061 5762 Εὐτυχῆ,
4118 5692 4213 5742 καί
