4508 6436
322 364 395 418 77

1667 358 2011 414 THESAUBI
2051 358 2191 416 LIB.
2228 358 2342 413 ΧΠ.

1917 358 2011 413 JBl
2051 358 2191 416 LIB.
2228 358 2342 413 ΧΠ.
3628 363 3697 418 73

327 490 546 559 Πέτρον,
601 488 687 538 τὸν
742 483 1116 557 Ἀλικαρνάσία
1180 482 1477 548 Ἰουλιανόν,
1544 485 1634 533 καὶ
1686 486 1933 557 Ζώπυρον
1964 486 2007 537 Α
2052 481 2107 537 Se

1922 502 1933 531 ι
1964 486 2007 537 Α
2052 481 2336 537 Severum
2363 483 2419 535 et
2443 477 2792 551 Eutychem,
2820 485 2879 537 et
2906 484 3161 550 Petrum,
3188 482 3492 540 lulianum
3525 482 3702 555 Haly-

329 573 617 647 [Ζωόραν],
693 578 781 625 καὶ
851 572 1119 644 ⁴Ἂνθιμον,
1196 574 1265 633 ὡς
1347 570 1551 631 ἐκείνοις
1612 571 1933 644 ὁμόφρονας·

329 668 407 715 ἔτι
453 661 512 716 δε
551 662 601 715 ἐν
645 671 717 732 τῷ
769 662 1033 733 Βυζαντίῳ
1074 659 1271 733 διάγων
1312 663 1336 713 ό
1384 664 1653 735 ἱερώτατος
1708 661 1940 731 Ἀγαπη-

328 757 441 816 τὸς,
508 756 595 803 τόν
664 750 780 823 βίον
838 750 1172 823 μετήλλαξεν.
1238 751 1296 803 Ὀ
1354 755 1525 822 μέντοι
1583 756 1781 823 Μηνᾶς,
1845 747 1942 819 [ἇπὶ

334 839 469 895 δέκα
531 848 621 894 καὶ
679 842 731 904 ἓξ
778 846 1005 915 χρόνους
1059 846 1153 899 τὴν
1216 840 1526 898 Ἐκκλησίαν
1595 822 1788 909 ἰθύναξ,
1849 843 1943 897 τὴν

336 932 479 991 ζωὴν
530 930 802 996 κατέλυσε,
857 935 947 982 καὶ
1005 929 1216 1000 ἀνήχθη
1275 930 1343 990 εἰς
1407 934 1498 987 τὴν
1566 929 1945 1004 ἀρχιερατικὴν

335 1017 600 1092 καθέδραν
653 1028 749 1081 τῆς
803 1023 918 1081 νέας
960 1020 1160 1089 Ῥώμης
1211 1019 1487 1090 Εὐτυχιος,
1546 1028 1637 1070 του
1687 1022 1946 1091 μακαρίου

336 1116 494 1166 Μηνᾶ
551 1107 606 1160 ἐκ
666 1110 801 1168 θείας
866 1112 1203 1180 προειπόντος
1254 1106 1629 1178 ἀποκαλύψεως
1680 1111 1744 1167 ὼς
1791 1105 1949 1167 αὐτὸς

337 1202 416 1255 εἴη
471 1200 497 1249 ό
540 1201 728 1249 τούτου
778 1194 1071 1268 διάδοχος·
1117 1196 1190 1269 ἐφ’
1223 1197 1283 1248 οὗ
1323 1201 1410 1248 καὶ
1454 1200 1481 1254 ἠ
1534 1201 1743 1268 πέμπτη
1794 1201 1950 1253 συνη-

341 1289 559 1361 θροιστο
599 1282 820 1347 σὺνοδος
859 1294 959 1337 τῶν
1007 1285 1104 1360 ρξε’
1154 1286 1314 1357 ἀγίων
1369 1289 1631 1360 ΙΙατίρων,
1675 1288 1744 1346 ὡς
1794 1285 1950 1336 εἰπεῖν

340 1378 589 1447 ἔφθημεν,
647 1376 781 1425 κατά
834 1393 888 1425 τε
944 1380 1034 1426 τοῦ
1095 1374 1391 1445 Ὠριγένους
1448 1378 1537 1425 καὶ
1594 1382 1691 1424 τῶν
1747 1372 1953 1424 ἀλλοκό-

337 1484 444 1516 των
502 1462 695 1515 ἐκείνου
743 1460 907 1525 δοξῶν
955 1467 1045 1514 καὶ
1099 1471 1197 1514 τῶν
1250 1461 1635 1537 πρεσϐευόντων
1692 1464 1759 1513 τά
1822 1459 1951 1513 ἑκεί-

338 1573 454 1616 νου,
508 1548 741 1623 Διδύμου
774 1557 859 1602 καὶ
897 1551 1174 1624 Εὑαγρίου,
1220 1554 1405 1612 οἵτινες
1457 1559 1557 1602 τῶν
1598 1549 1789 1621 ψυχῶν
1831 1569 1953 1624 προ-

340 1640 569 1715 ὖπαρξιν
622 1636 994 1712 ἑδογμςίτιζον,
1045 1644 1134 1691 καὶ
1190 1640 1325 1700 τέλος
1391 1649 1487 1701 τῆς
1551 1638 1811 1699 κολάσεως
1858 1639 1957 1690 ἔλε-

340 1750 458 1802 γον,
506 1736 594 1781 καὶ
641 1737 740 1781 τῶν
786 1724 1047 1800 δαιμόνων
1093 1728 1160 1789 εἰς
1205 1732 1262 1779 τό
1309 1727 1534 1803 ἀρχαῖον
1581 1726 1957 1779 ἀποκατάστα-

2048 585 2433 625 carnasseum
2458 574 2515 625 et
2543 572 2841 641 Zopyrum
2872 575 2928 627 et
2945 571 3318 638 Anthimum,
3342 577 3405 629 ut
3422 589 3561 628 cum
3581 571 3701 628 illis

2049 658 2393 714 concordes.
2412 659 2671 729 Byzantii
2689 659 2887 715 adhuc
2905 676 3270 717 conversans
3284 660 3704 718 sanctissimus

2051 754 2350 820 Agapetus
2367 762 2719 819 supremum
2739 748 2898 804 diem
2922 748 3087 816 obiit,
3118 753 3316 806 Menas
3338 753 3540 806 tamen
3570 765 3708 806 sex-

2052 835 2248 891 decim
2265 852 2457 892 annos
2488 836 2637 891 rexit
2661 836 3003 903 Ecclesiam,
3037 842 3095 895 et
3114 844 3388 895 mortuus
3412 845 3520 895 est.
3547 841 3710 895 Tunc

2053 925 2116 980 in
2146 925 2555 997 episcopalem
2603 940 2775 981 novae
2816 928 3021 982 Roma
3058 928 3264 984 sedem
3295 927 3580 984 suffectus
3618 930 3712 984 est

2056 1014 2407 1085 Eutychius,
2467 1020 2529 1070 ut
2584 1014 2790 1072 divina
2840 1015 3194 1072 revelatione
3243 1017 3459 1073 beatus
3510 1018 3711 1073 Menas

2056 1102 2432 1175 praedixerat.
2464 1104 2593 1168 Quo
2624 1104 3045 1176 episcopatum
3086 1110 3349 1175 gerente,
3380 1109 3718 1164 convocata

2059 1197 2150 1248 est
2178 1193 2389 1265 quinta
2413 1192 2705 1264 synodus,
2732 1199 2797 1249 ut
2827 1194 2995 1267 prius
3026 1194 3315 1265 diximus,
3343 1200 3584 1251 centum
3616 1212 3720 1252 sex

2060 1286 2117 1337 et
2143 1282 2454 1351 sexaginta
2477 1284 2734 1347 Patrum,
2764 1288 2973 1339 contra
3000 1285 3313 1354 Origenem
3337 1289 3394 1340 et
3416 1283 3718 1340 absurdas

2063 1371 2191 1440 ejus
2222 1370 2541 1441 opiniones
2587 1376 2643 1426 et
2672 1388 2773 1427 eos
2804 1372 2911 1444 qui
2940 1372 3070 1443 ejus
3109 1372 3446 1429 doctrinam
3478 1373 3719 1441 docent,

2065 1457 2391 1529 Didymum
2437 1464 2493 1514 et
2533 1460 2871 1530 Evagrium,
2903 1461 3009 1532 qui
3051 1461 3395 1517 animarum
3437 1461 3719 1534 praeexsi-

2065 1548 2343 1603 stantiam
2375 1549 2808 1620 praedicabant,
2836 1554 2894 1605 et
2920 1567 3240 1623 poenarum
3278 1551 3486 1619 ﬁnem,
3517 1556 3575 1606 et
3598 1550 3723 1606 daa-

2065 1652 2317 1691 monum
2375 1636 2435 1692 in
2491 1637 2812 1709 pristinum
2869 1644 3092 1695 statum
3158 1639 3618 1708 restitutionem,
3669 1642 3727 1695 et

2066 1726 2258 1781 multa
2287 1727 2405 1781 alia
2436 1745 2449 1795 ;
2486 1728 2593 1782 sed
2625 1732 2680 1783 et
2710 1734 2917 1784 contra
2959 1729 3338 1784 Theodorum
3372 1732 3725 1801 Mopsuestia

346 1839 458 1885 σιν,
514 1823 605 1870 καὶ
652 1820 801 1890 ἔτερα
852 1818 1079 1869 πλείονα·
1131 1816 1258 1869 ἀλλά
1309 1823 1398 1869 καὶ
1444 1822 1530 1869 τόν
1589 1816 1960 1887 Μοψουεστίας
1990 1827 2029 1881 Β
2069 1817 2126 1870 N4

1946 1836 1960 1878 ;
1990 1827 2029 1881 Β
2069 1815 2316 1870 Nestorii
2338 1814 2673 1871 doctrinam
2698 1821 3048 1885 sectantem,
3080 1822 3372 1889 praesente
3400 1817 3463 1873 in
3490 1816 3726 1889 synodo

347 1904 625 1981 Θεόδωρον
672 1910 738 1959 τὰ
788 1912 1073 1980 Νεστορίου
1133 1914 1453 1981 φρονοῦντα·
1512 1910 1763 1981 παρόντος
1808 1905 1856 1956 ἐν
1893 1914 1955 1979 τῇ

351 1999 563 2073 συνόδῳ
625 2008 718 2053 τοῦ
786 1999 1049 2073 βασιλέως
1127 2001 1496 2053 Ἰουστινιανου
1570 2006 1660 2052 καὶ
1696 1999 1963 2054 ’συνευδο-

349 2100 567 2153 κοῦντος
619 2092 696 2151 οἷς
740 2092 789 2141 οἱ
845 2093 973 2142 θεῖοι
1030 2095 1247 2163 Πατέρες
1302 2089 1544 2161 θεοφιλῶς
1592 2087 1963 2161 ἐδογμάτιζον.

424 2180 493 2252 γ’,
557 2180 694 2233 Ἀλλ’
745 2181 889 2231 οὔπω
944 2188 1157 2250 συχνῶς
1212 2182 1564 2251 παριππευκει
1614 2183 1815 2253 καιρὸς,
1876 2182 1965 2231 καὶ

352 2273 377 2321 ὁ
445 2278 548 2321 τῶν
612 2269 857 2329 ζιζανίων
928 2272 1147 2340 σπορεὺς
1214 2264 1437 2340 δαίμων,
1508 2273 1601 2325 τὴν
1665 2268 1965 2321 εὐστάθειαν

352 2364 446 2411 καὶ
498 2360 828 2409 κατάστασιν
882 2366 973 2418 τῆς
1022 2356 1333 2418 Ἐκκλησίας
1392 2353 1656 2429 μηδαμῶς
1690 2359 1813 2429 όρᾲν
1861 2356 1968 2410 ἀνε-

350 2455 601 2522 χόμενος,
642 2456 747 2508 τοῖς
789 2449 999 2522 σαθροῖς
1043 2444 1308 2517 δόγμασιν
1337 2467 1349 2480 ·
1394 2448 1567 2521 ὥσπερ
1616 2451 1729 2498 τίσὶ
1789 2467 1968 2520 μηχα⁶

352 2547 467 2599 ναῖς
525 2535 876 2589 διασαλευσαι
938 2541 1131 2594 ταύτην
1194 2541 1280 2588 καὶ
1346 2536 1653 2589 καταϐαλεῖν
1716 2544 1970 2610 πειρωμε-

354 2648 463 2693 νος,
522 2626 851 2699 βλασφημεῖν
905 2646 1045 2687 τινας
1097 2624 1359 2678 ἀνέπεισεν
1410 2628 1479 2687 ὡς
1529 2626 1577 2678 ἐν
1618 2632 1970 2700 προσχήματι

356 2716 644 2785 εὐσεϐείας,
694 2719 774 2767 ὅτι
822 2718 850 2774 ἠ
900 2715 957 2767 ἐκ
996 2724 1090 2776 τῆς
1140 2715 1290 2787 ἁγίας
1342 2717 1602 2787 Παρθένου
1643 2724 1715 2785 τῷ
1757 2723 1971 2789 Χριστῷ

354 2806 760 2879 προσληφθεῖσα
826 2804 959 2877 σὰρξ
1006 2808 1104 2879 πρό
1155 2813 1246 2856 τοῦ
1299 2806 1500 2865 πάθους
1571 2806 1799 2881 ἄθάρτος
1869 2802 1966 2863 ἧν·

354 2902 451 2948 καὶ
503 2903 597 2946 τοῦ
649 2893 904 2966 βασιλέως
950 2902 1012 2966 τῇ
1067 2892 1280 2965 ἀσεϐείᾳ
1332 2902 1421 2945 τοῦ
1483 2890 1746 2966 δόγματος
1799 2894 1974 2965 ὑπαχ-

360 2985 553 3053 θέντος,
624 2983 949 3054 καθαιρειται
1014 3000 1105 3033 του
1167 2983 1350 3053 θρόνου
1407 2986 1496 3033 καὶ
1555 2981 1891 3033 ἀπελαύνεται
1948 2982 1973 3032 ό

357 3076 524 3145 μέγας
581 3071 864 3142 Εὗτύχιος,
922 3074 978 3122 τὸ
1038 3066 1289 3131 δυσσεϐὲς
1344 3078 1436 3121 τοῦ
1475 3070 1846 3143 προϐλήματος
1888 3069 1973 3132 ἐξ-

2070 1904 2430 1975 imperatore
2469 1904 2805 1961 Justiniano
2848 1910 2905 1961 et
2938 1905 3227 1961 doctrinis
3258 1905 3522 1975 favente,
3573 1919 3731 1978 quas

2071 1992 2254 2049 divini
2286 1993 2487 2050 Patres
2519 1994 2857 2050 secundum
2892 1997 3077 2051 Deum
3101 1995 3421 2051 docebant.

2145 2175 2197 2226 3.
2252 2170 2366 2227 Sed
2405 2171 2679 2227 nondum
2725 2172 2985 2229 multum
3024 2172 3335 2230 efﬂuxerat
3373 2177 3630 2247 tempus,
3675 2180 3734 2232 et

2075 2260 2441 2317 zizaniarum
2487 2262 2819 2317 seminator
2874 2261 3136 2328 daemon,
3176 2262 3408 2319 felicem
3460 2265 3734 2319 Ecclesiae

2078 2355 2299 2405 statum
2328 2354 2386 2405 et
2425 2349 2917 2422 tranquillitatem
2965 2366 3122 2421 aegre
3164 2351 3384 2415 ferens,
3440 2352 3736 2425 corruptis

2078 2439 2465 2509 dogmatibus
2492 2446 2788 2512 tanquam
2818 2441 3118 2497 machinis
3141 2457 3275 2498 eam
3304 2442 3657 2514 perturbare
3682 2446 3740 2499 et

2079 2533 2342 2585 evertere
2364 2535 2637 2598 conatus,
2667 2529 2973 2586 nonnullis
2996 2530 3302 2601 persuasit
3318 2536 3381 2588 ut
3397 2532 3511 2588 sub
3539 2531 3738 2604 specie

2079 2618 2314 2690 pietatis
2336 2619 3112 2692 blasphemarentdicentes
3135 2636 3272 2677 eam
3290 2637 3533 2678 carnem
3555 2638 3743 2694 quam

2081 2723 2154 2763 ex
2185 2708 2569 2764 sanctissima
2591 2709 2825 2781 Virgine
2853 2709 3118 2765 Christus
3141 2717 3579 2782 assumpserat,
3606 2717 3744 2768 ante

2081 2798 2429 2871 passionem
2471 2798 2988 2870 incorruptibilem
3027 2799 3233 2855 fuisse.
3288 2804 3353 2855 Et
3383 2801 3746 2873 imperatore

2083 2888 2357 2944 doctrina
2384 2888 2500 2943 hac
2528 2888 2715 2960 impia
2746 2889 3013 2959 seducto,
3049 2905 3085 2945 a
3112 2906 3225 2946 sua
3255 2890 3396 2947 sede
3425 2890 3749 2963 deponitur

2084 2982 2140 3032 et
2166 2976 2477 3049 expellitur
2506 2992 2767 3046 magnus
2798 2978 3147 3049 Eutychius,
3178 2979 3285 3051 qui
3313 2980 3496 3051 hujus
3524 2994 3747 3053 propo-

2087 3066 2317 3121 sitionis
2364 3065 2735 3137 impietatem
2778 3066 3275 3138 reprehendebat.
3330 3069 3643 3125 Amasiam
3685 3069 3749 3125 in

360 3162 618 3232 ελέγχων.
684 3166 777 3213 Καὶ
833 3161 858 3211 ό
916 3163 1005 3231 μὲν
1073 3160 1342 3233 ὑπερόριος
1409 3163 1609 3229 γίνεται
1675 3159 1745 3221 εἰς
1809 3158 2047 3236 Ἀρία-ο
2086 3171 2140 3212 e1

1965 3191 1973 3199 -
2005 3180 2047 3236 ο
2086 3155 2363 3212 exsilium
2394 3154 2663 3222 mittitur,
2696 3156 2801 3211 ubi
2831 3156 3153 3213 asccticam
3194 3157 3386 3214 vitam
3437 3158 3745 3229 transegit.

360 3270 532 3317 σειαν,
578 3251 701 3301 ἔνθα
728 3254 938 3309 καὶτῆς
980 3247 1215 3305 ἀσκητοῡ
1257 3246 1468 3320 ἀγωγῆς
1514 3252 1684 3319 εἴχετο
1710 3270 1721 3281 ·
1766 3247 1975 3300 ἀντεισ-

358 3343 547 3411 άγεται
599 3335 657 3390 δὲ
706 3340 1051 3411 πατριάρχης
1106 3339 1132 3389 ό
1198 3336 1299 3390 ἀπό
1361 3336 1728 3409 σχολαστικῶν
1795 3338 1977 3391 Ἰωάν-

358 3450 476 3493 νης,
504 3428 832 3499 Ἀντιοχείας
858 3428 925 3477 ῶν
964 3425 1385 3502 ἀποκρισιάριος.

434 3515 505 3571 δ’.
560 3521 782 3588 Λέγεται
839 3513 899 3568 δε
968 3516 1339 3578 Ἰουστινιανὸς
1388 3518 1533 3589 ποιρά
1578 3524 1677 3569 τῶν
1734 3517 1800 3568 τά
1860 3533 1977 3567 κατ’

357 3607 521 3659 αὐτόν
596 3611 1033 3680 συγγεγραφότων
1109 3614 1359 3658 τοσοῦτον
1430 3605 1636 3678 θεοφιλῆ
1720 3608 1833 3680 ἔρον
1910 3604 1978 3666 εἰς

356 3702 448 3750 τὸν
503 3699 732 3770 Χριστόν
778 3700 999 3768 τρέφειν,
1052 3697 1244 3757 ὁπόσος
1297 3692 1471 3748 οὐδενὶ
1518 3704 1619 3747 τῶν
1666 3699 1766 3770 πρό
1815 3694 1976 3747 αὐτοῦ

355 3807 413 3839 τε
462 3791 556 3838 καὶ
600 3785 708 3857 μετ’
749 3784 905 3837 αὐτόν
951 3783 1161 3857 βασιλεῖ
1210 3787 1341 3857 μετά
1387 3804 1446 3856 γε
1480 3788 1567 3836 τόν
1607 3783 1654 3836 ἐν
1696 3782 1978 3857 βασιλεῦσι

354 3879 739 3949 τρισμέγιστον
838 3881 1223 3927 Κωνσταντῖνον
1311 3872 1755 3949 ἐπιμαρτύρεται·
1846 3875 1978 3926 ὥστε

357 3973 453 4019 καὶ
499 3964 662 4018 πολλὰ
710 3973 809 4017 τῶν
856 3962 1048 4037 βιαίων
1098 3960 1171 4017 δι’
1218 3964 1371 4016 αὐτόν
1414 3964 1683 4037 εἰργάζετο
1710 3986 1722 3997 ·
1773 3967 1890 4025 τούς
1924 3983 1977 4016 τε

358 4058 465 4131 γὰρ
525 4059 851 4129 Σαμαρείτας
914 4061 1005 4115 τῆς
1073 4054 1262 4114 οἰκείας
1316 4055 1561 4128 αἱρέσεως
1618 4059 1689 4127 μὴ
1753 4054 1976 4127 ἀφιστα-

359 4151 549 4219 μένους
617 4149 870 4204 παντοίως
936 4142 1184 4210 ἐκάκωσε,
1249 4148 1339 4196 καὶ
1402 4148 1521 4205 τοὺς
1584 4143 1852 4219 Ἐϐραίους
1919 4144 1976 4196 ου

364 4236 654 4309 ξυνεχωρει
696 4238 754 4286 τό
798 4230 937 4287 ἴδιον
987 4236 1187 4306 Πάσχα
1229 4237 1330 4308 πρὸ
1384 4243 1481 4287 τῶν
1528 4242 1859 4309 Χριστιανῶν
1901 4235 1980 4286 ἑκ-

360 4326 545 4391 τελεῖν,
593 4330 683 4376 καὶ
722 4332 783 4397 τῇ
829 4332 927 4377 τῶν
971 4320 1477 4397 Ἀφθαρτοδοκητῶν
1518 4321 1646 4397 δόξῃ
1684 4328 1975 4398 προσέσχε,

361 4421 434 4489 μὴ
497 4412 795 4487 ἐμϐαθύνων
847 4421 920 4481 τῷ
968 4410 1219 4486 δόγματι,
1277 4422 1338 4487 τῇ
1386 4410 1445 4467 δε
1500 4418 1743 4487 σημασίᾳ
1780 4423 1870 4475 τῆς
1903 4413 1980 4466 is"

364 4506 488 4569 ξεως

360 4598 598 4648 τοιοῦτόν
656 4613 709 4644 τι
768 4597 887 4667 περὶ
944 4600 1181 4666 Χριστοῦ
1238 4591 1595 4654 ἐνωτίζεσθαι.
1656 4590 1977 4647 Δωδέκατον.

365 4682 426 4737 δε
484 4688 679 4756 χρόνον
730 4680 779 4733 ἐν
829 4690 890 4755 τῇ
942 4683 1195 4757 ὑπερορίᾳ
1234 4682 1534 4744 τελέσαντος
1570 4683 1861 4755 Εὐτυχίου,
1904 4688 1979 4755 γί-

362 4793 510 4826 νεται
565 4775 655 4844 μὲν
714 4770 767 4833 ἐξ
833 4769 1115 4844 ἀνθρώπων
1183 4772 1208 4823 ό
1265 4770 1512 4843 βασιλεὺς
1579 4773 1980 4833 Ἰουστινιανός·

363 4862 619 4915 καταλύει
660 4857 720 4913 δὲ
776 4864 863 4912 τόν
920 4860 1037 4933 βίον
1093 4866 1182 4913 καὶ
1241 4861 1482 4924 Ἰωάννης
1541 4864 1566 4914 ό
1628 4866 1982 4938 πατριάρχης.

365 4951 656 5007 Ἰουϐτίνου
727 4946 786 5003 δὲ
846 4955 937 5002 καὶ
997 4948 1238 5024 Τιϐερίου
1302 4950 1386 5004 ἐπὶ
1450 4953 1518 5004 τά
1583 4960 1829 5028 σκῆπτρα
1893 4961 1988 5016 τῆς

368 5042 651 5117 βασιλείας
716 5039 1066 5113 ἀναχθέντων,
1128 5041 1376 5115 λαμπρῶς
1426 5050 1520 5105 τῆς
1584 5040 1839 5096 ἐπανόδου
1897 5048 1987 5097 καὶ

368 5129 661 5196 δεξιώσεως
716 5133 860 5205 παρά
916 5150 971 5183 τε
1032 5138 1132 5182 τῶν
1194 5129 1453 5204 βασιλέων
1513 5131 1682 5184 αὐτῶν
1740 5138 1830 5185 καὶ
1889 5141 1988 5184 τῶν

365 5222 415 5276 ἐν
486 5221 621 5274 τελει
680 5222 883 5273 πάντων
950 5224 1132 5292 τυχὼν
1194 5220 1453 5293 Εὑτύχιος
1526 5220 1806 5295 ἀναθέματι
1865 5225 1991 5275 καθ-

366 5310 654 5366 υποϐάλλει
700 5314 823 5372 τοὺς
868 5311 1131 5383 ἄφθαρτον
1190 5314 1248 5363 τό
1305 5319 1398 5364 τοῦ
1453 5318 1649 5387 Κυρίου
1702 5320 1857 5385 σῶμα
1889 5302 1989 5386 πρὸ

365 5412 461 5465 τῆς
513 5400 853 5463 ἀναστάσεως
910 5400 1186 5473 λέγοντας·
1249 5407 1339 5455 καὶ
1408 5404 1571 5456 θανὼν
1638 5406 1885 5462 κατετέθη
1944 5402 1991 5456 ἐν

366 5503 442 5566 τῷ
510 5494 879 5565 θυσιαστηρίῳ
950 5500 1051 5544 τῶν
1114 5490 1301 5565 Ἃγίων
1362 5492 1692 5547 Ἀποστόλων
1749 5502 1850 5546 τῶν
1907 5513 1995 5567 με·

366 5582 543 5659 γάλων
590 5583 731 5635 κατά
771 5586 865 5640 τὴν
906 5579 1148 5656 κρηπῖδα
1194 5590 1291 5645 τῆς
1335 5582 1486 5657 ἁγίας
1526 5584 1812 5661 τραπέζης,
1878 5586 1998 5639 ἔνθα

368 5694 546 5750 κειτοιι
573 5671 813 5746 λείψανα.

2086 3246 2225 3315 Ejus
2257 3244 2317 3299 in
2348 3244 2478 3300 loco
2510 3244 2800 3301 sutﬁcitur
2843 3246 3186 3317 patriarcha
3214 3247 3469 3320 quidam
3497 3248 3585 3303 vir
3613 3263 3750 3304 eru-

2085 3334 2435 3403 ditissimus,
2470 3336 2751 3401 Joannes,
2780 3335 3106 3392 Antiochiae
3133 3337 3582 3409 apocrisiarius.

2156 3513 2209 3568 4.
2254 3512 2475 3569 Dicitur
2522 3516 2724 3569 autem
2762 3514 3136 3571 Justinianus
3175 3515 3254 3572 ab
3298 3515 3370 3572 iis
3413 3515 3521 3590 qui
3559 3515 3635 3573 de
3678 3532 3751 3575 eo

2086 3604 2453 3676 scripserunt
2499 3619 2773 3661 amorem
2819 3605 2883 3661 in
2928 3606 3227 3662 Christum
3268 3607 3513 3672 aluisse,
3553 3607 3751 3680 qualis

2085 3694 2233 3751 nulli
2281 3699 2417 3750 ante
2465 3709 2605 3750 eum
2644 3699 2700 3749 et
2741 3699 2879 3766 post
2916 3710 3056 3751 eum
3095 3695 3467 3768 imperatori,
3498 3700 3751 3769 excepto

2086 3788 2289 3840 tamen
2318 3783 2587 3839 maximo
2617 3783 2770 3838 inter
2799 3783 3190 3855 imperatores
3219 3785 3630 3851 Constantino,
3654 3784 3752 3842 tri-

2083 3873 2325 3942 buitur;
2375 3874 2459 3929 ita
2502 3878 2567 3928 ut
2604 3872 2794 3929 multa
2830 3874 2972 3930 inde
3012 3874 3302 3931 violenter
3332 3880 3622 3948 operatus
3653 3875 3748 3932 sit.

2087 3962 2281 4019 Multis
2307 3962 2507 4019 modis
2538 3963 2953 4020 Samaritanos
2971 3980 3007 4019 a
3029 3966 3275 4038 propria
3290 3965 3507 4022 haeresi
3525 3981 3645 4022 non
3662 3981 3752 4021 re-

2086 4052 2367 4109 cedentes
2397 4051 2552 4108 male
2579 4052 2810 4120 hahuit,
2837 4052 3217 4127 Hebraeisque
3248 4055 3433 4112 vetuit
3459 4071 3536 4111 ne
3567 4070 3753 4111 suum

2086 4136 2317 4199 Pascha
2334 4148 2473 4198 ante
2494 4142 2862 4199 Christianos
2884 4142 3283 4213 celebrarent;
3312 4149 3493 4218 atque
3522 4144 3753 4217 Aphar-

2089 4231 2501 4288 todocetarum
2533 4231 2746 4287 haeresi
2783 4232 3053 4301 adhaesit,
3096 4249 3220 4289 non
3257 4233 3487 4304 dogma
3514 4232 3753 4307 procul-

2088 4338 2254 4389 cans,
2316 4320 2423 4376 sed
2480 4321 2645 4377 vocis
2702 4321 3139 4392 signiﬁcatione
3205 4322 3495 4391 offensus,
3553 4339 3754 4397 neque

2092 4411 2396 4466 sustinens
2444 4410 2803 4481 hujusmodi
2862 4411 3092 4484 aliquid
3140 4412 3213 4468 de
3255 4412 3486 4469 Christo
3521 4413 3752 4470 audire.

595 4500 1056 4577 δριμυσσόμενος,
1147 4507 1237 4555 καὶ
1316 4499 1579 4575 μηδαμῶς
1667 4502 2052 4598 ἀνεχόμενοςῡ
2094 4500 2375 4556 Duodecii

2009 4544 2052 4598 Β
2094 4500 2528 4556 Duodecimum
2541 4500 2670 4571 jam
2685 4516 2911 4556 annum
2931 4501 3247 4558 exsulabat
3264 4502 3757 4575 Eutychius,cum

2094 4608 2166 4648 ex
2190 4590 2543 4646 hominibus
2575 4590 2858 4661 migravit
2877 4591 3207 4663 imperator
3230 4592 3619 4649 Justinianus.
3648 4591 3761 4648 Ex-

2093 4681 2269 4738 cessit
2285 4699 2313 4735 e
2334 4681 2456 4737 vita
2478 4683 2806 4737 etJoannes
2823 4682 3534 4756 patriarcha.Postquam
3555 4687 3761 4740 autem

2092 4771 2357 4828 Justinus
2405 4774 2462 4827 et
2503 4770 2773 4826 Tiberius
2809 4771 2890 4827 ad
2931 4772 3164 4842 regiam
3195 4772 3551 4843 dignitatem
3577 4772 3764 4830 evecti
3856 4782 3863 4791 '

2096 4867 2254 4924 sunt,
2293 4860 2605 4933 splendide
2646 4866 2783 4934 post
2816 4860 3075 4918 reditum
3124 4868 3409 4936 exceptus
3436 4868 3525 4919 est
3553 4862 3627 4920 ab
3654 4863 3763 4920 im-

2096 4950 2475 5025 peratoribus
2499 4951 2848 5023 Eutychius,
2878 4951 3370 5026 anathematique
3388 4952 3642 5026 subjecit
3661 4968 3766 5010 eos

2097 5042 2201 5114 qui
2255 5041 2709 5113 incorruptibile
2763 5042 3001 5097 Domini
3040 5058 3263 5115 corpus
3316 5046 3452 5100 ante
3508 5057 3770 5101 resurre-

2100 5132 2357 5188 ctionem
2404 5147 2533 5188 esse
2578 5131 2883 5200 dicebant,
2913 5137 3312 5207 mortuusque
3338 5133 3652 5208 depositus
3684 5137 3775 5196 est

2098 5222 2159 5278 in
2191 5221 2361 5278 altari
2394 5225 2742 5279 sanctorum
2782 5238 3275 5296 magnorumque
3314 5222 3774 5300 Apostolorum,

2100 5328 2289 5385 prope
2314 5313 2710 5369 sanctissimas
2741 5329 2968 5370 mensae
2998 5313 3486 5382 fundamentum,
3520 5313 3627 5373 ubi
3659 5316 3779 5370 An-

2103 5402 2264 5459 dreae
2314 5408 2370 5459 et
2411 5401 2702 5460 Timothei
2749 5410 2818 5461 et
2860 5406 3031 5461 Lucae
3084 5408 3306 5462 sanctae
3358 5404 3627 5477 reliquiae
3682 5403 3782 5478 ja-

2109 5498 2265 5549 cent.

2109 5579 2362 5658 Ἀνδρίου
2429 5589 2520 5637 καὶ
2582 5586 2838 5660 Τιμοθέου
2905 5588 2996 5640 καὶ
3062 5590 3233 5640 Δουκᾶ
3293 5588 3360 5639 τὰ
3421 5584 3551 5659 ἅγια
3615 5584 3788 5640 κατοί-
