4508 6436
840 375 910 429 79
2181 374 2449 431 meum
2487 362 2863 434 CHONIATE

4128 390 4200 445 80

910 501 963 551 5.
993 498 1173 553 Erant
1196 498 1398 553 autem
1418 496 1936 568 Aphtartodocetas
1957 498 2063 569 qui
2084 513 2120 554 a
2134 498 2493 556 JulianoHa-
2519 502 2569 555 A
2678 521 2690 553 ι

2418 502 2569 556 la-A
2678 500 2731 558 ε’.
2788 500 2957 553 Ἦσαν
3017 497 3077 553 δὲ
3133 501 3619 576 Ἀφθαρτοδοκῆται
3663 510 3713 560 οἱ
3769 508 3869 562 ἀπὸ
3919 510 4198 563 Ἰουλιανοῦ

835 584 1200 642 licaruasseo
1247 590 1305 642 et
1361 585 1586 642 Gaiano
1641 586 2046 643 Alexandrino
2094 587 2388 643 Julianitte
2436 594 2494 645 et

837 674 1121 731 Gaianitm
1151 674 1534 741 dicebantur;
1560 676 1665 748 qui
1688 676 1933 748 quidem
1964 677 2023 732 in
2051 677 2180 733 aliis
2196 676 2489 745 dogmati-

831 763 950 820 bus
973 780 1112 819 cum
1145 765 1361 820 Severo
1400 765 1767 821 conveniunt
1803 766 2067 822 dicentes
2112 767 2488 839 impossibile

832 867 961 909 esse
984 857 1262 909 naturam
1292 868 1398 925 per
1430 869 1493 909 se
1522 853 1846 911 subsistere
1877 855 2024 927 quin
2056 855 2115 911 in
2139 855 2486 911 indivisibili

829 942 1100 1015 quodam
1150 941 1421 1013 subjecto
1471 942 1901 1000 consideretur.
1955 934 2483 1010 Quomodo'enim

828 1037 987 1088 esset
1013 1030 1232 1104 lapidis
1255 1036 1311 1087 et
1330 1031 1475 1102 ligni
1504 1047 1627 1087 una
1656 1032 2020 1105 hypostasis,
2045 1033 2106 1088 id
2123 1037 2212 1089 est
2236 1033 2483 1090 unicum

824 1119 1183 1177 indivisibile
1207 1119 1547 1192 subjectum
1574 1122 1601 1177 ?
1634 1123 1720 1190 Et,
1744 1122 1790 1177 si
1822 1137 2044 1178 nomen
2061 1122 2333 1178 Christus
2356 1138 2481 1180 non

823 1211 1145 1266 essentiam
1200 1209 1447 1281 indicat,
1499 1209 1605 1265 sed
1664 1210 1887 1283 aliquid
1944 1227 2152 1267 eorum
2212 1227 2348 1284 quae
2406 1228 2479 1268 ex

820 1298 1082 1356 duarum
1109 1304 1462 1355 naturarum
1488 1301 1711 1355 unione
1736 1299 1893 1355 facta
1924 1305 2063 1356 sunt
2090 1319 2102 1369 ;
2136 1301 2250 1356 hoc
2273 1304 2475 1356 autem

817 1387 967 1443 nihil
997 1387 1159 1444 aliud
1188 1393 1281 1445 est
1320 1403 1510 1460 quam
1543 1387 1804 1444 duarum
1845 1393 2198 1446 naturarum
2231 1389 2382 1445 inter
2411 1405 2473 1445 se

816 1476 1079 1547 habitus,
1121 1477 1169 1532 si
1217 1481 1421 1534 autem
1461 1481 1518 1533 et
1559 1476 1695 1532 duae
1736 1482 1967 1534 naturas
2014 1484 2155 1551 post
2187 1479 2471 1533 unionem

815 1570 1253 1635 remanserunt,
1306 1566 1641 1622 secundum
1696 1567 1876 1637 igitur
1940 1568 2135 1625 solum
2193 1567 2469 1623 habitum

811 1654 973 1713 facta
994 1660 1082 1712 est
1109 1656 1370 1712 duarum
1399 1659 1752 1713 naturarum
1774 1657 1926 1713 inter
1948 1674 2009 1713 se
2035 1658 2199 1728 unio,
2224 1662 2291 1712 ut
2319 1656 2468 1713 dum

812 1746 1011 1817 agitur
1048 1745 1123 1802 de
1172 1746 1353 1802 choro
1393 1751 1451 1802 et
1492 1746 1676 1802 domo
1722 1751 1778 1803 et
1816 1747 1963 1804 urbe
1994 1752 2050 1804 et
2078 1747 2379 1820 lapidibus
2410 1751 2467 1802 et

2602 596 2693 641 τοῦ
2752 588 3156 664 Ἀλικαρνασέως
3227 596 3317 644 καὶ
3377 599 3597 647 Γαῑανοῦ
3662 605 3754 649 τοῦ
3824 596 4199 674 Ἀλεξανδρέως

2598 676 2860 751 λεγόμενοι
2914 678 3244 732 Ἰουλιανῐται
3290 687 3380 734 καὶ
3434 688 3722 751 Γαῖανῐται,
3781 690 3959 748 οἵτινες
4010 690 4060 740 ἐν
4108 692 4194 761 μὲν

2596 775 2706 829 τοῖς
2764 767 2935 828 ἄλλοις
2992 764 3230 840 δόγμασι
3276 778 3347 841 τῷ
3390 770 3595 846 Σεϐἠρῳ
3642 779 3989 849 συμφέρονται
4026 776 4198 847 λέγον-

2594 875 2677 918 τες
2719 853 2972 909 ἀδύνατον
3020 854 3149 909 εἶναι
3206 860 3360 930 φύσιν
3404 861 3695 920 ὑποστῆναι
3739 866 3855 916 καθ’
3914 866 4075 922 αὑτὴν
4118 871 4190 937 μὴ

2594 942 2643 995 ἐν
2698 943 2871 1018 ἀτόμω
2918 950 3019 998 τινὶ
3076 948 3424 1020 θεωρουμένην
3454 970 3466 982 ·
3528 959 3632 1012 πῶς
3678 954 3781 1027 γὰρ
3830 952 3889 1004 Ξιν
3926 957 4001 1011 εἴη
4043 954 4190 1007 λίθου

2592 1038 2680 1086 καὶ
2746 1034 2898 1098 ξύλου
2965 1039 3064 1108 μία
3128 1037 3443 1109 ὑπόστασις,
3509 1045 3778 1094 τουτέστιν
3837 1045 4030 1113 ἄτομον
4092 1044 4186 1111 ἔν;

2594 1126 2693 1175 Καὶ
2750 1124 2792 1176 εὶ
2857 1128 2915 1176 τὸ
2979 1128 3211 1198 Χριστὸς
3267 1130 3426 1200 ὄνομα
3481 1129 3574 1180 ούκ
3640 1131 3824 1193 ούσίας
3874 1129 4184 1202 δηλωτικὸν,

2588 1209 2715 1264 ἀλλὰ
2765 1220 2864 1265 τῶν
2928 1218 3045 1286 περὶ
3108 1213 3290 1266 ούσίαν
3347 1220 3485 1277 τινὸς
3540 1226 3641 1269 τῶν
3702 1218 3756 1271 ἐκ
3812 1229 3911 1281 τῆς
3964 1220 4186 1282 ἑνώσεως

2584 1309 2684 1352 τῶν
2740 1298 2837 1354 δύο
2891 1305 3091 1373 φύσεων
3147 1308 3422 1375 γενομένων
3479 1303 3767 1363 δηλωτικόν
3812 1308 3961 1361 ἐστι’
4031 1318 4184 1362 τοῦτο

2584 1386 2644 1442 δὲ
2701 1387 2851 1442 οὐδὲν
2906 1390 3028 1442 ἄλλο
3084 1391 3220 1444 ἐστὶν
3274 1394 3303 1451 ἡ
3363 1396 3392 1451 η
3425 1403 3525 1446 τῶν
3556 1399 3755 1467 φύσεων
3795 1402 3921 1471 πρὸς
3961 1396 4182 1461 ἀλλήλας

2583 1483 2809 1551 σχέσις·
2873 1479 2915 1532 εἰ
2959 1476 3018 1532 δὲ
3067 1476 3163 1533 δύο
3213 1480 3260 1533 ἐν
3309 1490 3523 1558 Χριστῷ
3565 1488 3744 1557 φύσεις
3786 1492 3875 1539 καὶ
3919 1489 4048 1559 μετά
4086 1493 4181 1545 τὴν

2579 1569 2759 1620 ἕνωσιν
2811 1574 3155 1641 μεμενήκασι,
3204 1574 3337 1623 κατὰ
3383 1578 3544 1644 μόνην
3607 1576 3710 1648 ἄρα
3776 1580 3964 1647 σχέσιν
4020 1576 4179 1647 ψιλὴν

2578 1658 2608 1715 ἡ
2655 1666 2753 1709 τῶν
2802 1661 3001 1730 φύσεων
3048 1662 3175 1732 πρὸς
3231 1658 3453 1723 ἀλλήλας
3496 1667 3697 1734 γέγονεν
3739 1668 3937 1731 ἔνωσις,
3988 1668 4055 1726 ὡς
4095 1648 4179 1717 ἐπὶ

2576 1755 2746 1821 χοροῦ
2797 1752 2886 1799 καὶ
2936 1748 3105 1811 οἰκίας
3144 1753 3232 1801 καὶ
3289 1750 3483 1813 πόλεως
3538 1756 3626 1804 καὶ
3678 1753 3827 1806 λίθων
3874 1759 3965 1805 καὶ
4014 1753 4174 1816 ξύλων

807 1833 989 1907 lignis
1024 1834 1249 1907 quibus
1285 1838 1519 1892 constat
1552 1832 1896 1904 aediﬁcium,
1940 1840 2117 1908 prout
2162 1840 2218 1893 et
2253 1838 2463 1891 Nesto-
2492 1847 2539 1903 Β
2577 1837 2587 1896 4

2396 1847 2539 1903 O-B
2577 1836 2624 1896 ἐν
2690 1839 2767 1900 οἷς
2842 1842 2899 1891 τὸ
2967 1836 3420 1912 οἰκοδομούμενον,
3488 1845 3658 1905 καθὼς
3726 1850 3817 1897 καὶ
3888 1848 4174 1919 Νεστόριος

806 1922 931 1979 rius
956 1922 1235 1981 docebat.

880 2063 931 2115 6.
978 2060 1044 2115 Et
1070 2073 1312 2114 rursum
1344 2074 1358 2112 :
1393 2057 1452 2114 Si
1479 2072 1615 2130 quas
1646 2056 1815 2114 unita
1849 2062 2005 2129 sunt,
2048 2058 2202 2114 ﬁunt
2248 2074 2460 2129 unum,

803 2164 942 2222 quas
971 2163 1095 2204 non
1126 2147 1285 2204 facta
1314 2150 1453 2203 sunt
1482 2162 1694 2213 unum,
1726 2163 1849 2203 non
1893 2147 2063 2203 unita
2110 2156 2267 2216 sunt,
2296 2148 2464 2220 quod

800 2237 1191 2295 manifestum
1218 2240 1326 2292 est.
1383 2235 1438 2293 Si
1460 2236 1642 2306 igitur
1670 2235 1807 2292 duae
1836 2242 1894 2293 et
1933 2252 2055 2293 una
2085 2242 2221 2292 sunt
2252 2238 2457 2294 Christi

800 2332 1056 2397 naturas,
1077 2326 1230 2400 dyas
1251 2329 1478 2396 autem,
1501 2341 1642 2382 cum
1672 2324 1897 2398 duplex
1918 2326 2011 2394 sit,
2043 2326 2353 2382 divisionis
2384 2327 2461 2384 sit

798 2417 1151 2486 indicativa,
1180 2432 1319 2489 quae
1347 2415 1543 2472 divisa
1574 2419 1730 2485 sunt,
1764 2431 1887 2472 non
1910 2420 2050 2472 sunt
2081 2416 2248 2473 unita
2281 2432 2293 2471 :
2335 2432 2458 2472 non

796 2506 979 2577 igitur
1026 2505 1205 2562 unita
1255 2508 1395 2561 sunt
1445 2505 1656 2561 Christi
1713 2510 1967 2561 naturae.
2020 2506 2076 2561 Si
2123 2510 2345 2568 autem,
2386 2521 2458 2563 eo

797 2596 966 2670 quod
1002 2610 1129 2652 non
1180 2599 1320 2651 sunt
1358 2593 1650 2664 confusas,
1695 2594 1948 2665 dignum
1997 2598 2085 2651 est
2130 2595 2287 2651 duas
2326 2611 2459 2651 esse

799 2685 1009 2741 Christi
1055 2688 1327 2754 naturas,
1354 2683 1461 2739 sed
1502 2688 1749 2757 propter
1787 2684 2075 2740 unionem
2106 2701 2296 2741 unam
2323 2700 2459 2741 esse

795 2779 1077 2832 naturam
1112 2774 1311 2830 dicere
1338 2778 1647 2843 cogentur.
1700 2776 1767 2829 Et
1795 2789 2036 2829 rursum
2072 2792 2084 2829 :
2117 2774 2173 2831 Si
2204 2775 2359 2846 dyas
2386 2790 2460 2830 ex

795 2864 1081 2923 monadae
1100 2864 1312 2936 prima;
1329 2862 1638 2919 divisionis
1658 2862 1985 2919 indicativa
2002 2868 2108 2930 est,
2124 2863 2339 2920 divisio
2357 2881 2459 2935 au-

797 2961 920 3014 tem
950 2954 1163 3011 unitati
1192 2954 1540 3027 opponitur,
1571 2952 1737 3009 nulla
1773 2952 1953 3024 igitur
1981 2953 2156 3026 dyas,
2182 2954 2240 3009 in
2263 2970 2457 3027 quan-

798 3050 930 3103 tum
977 3048 1067 3101 est
1118 3043 1299 3117 dyas,
1352 3042 1522 3099 unita
1578 3058 1711 3098 esse
1762 3042 1999 3098 dicitur.
2048 3048 2237 3116 Atque
2280 3044 2460 3114 igitur

798 3134 1016 3192 Christi
1035 3137 1289 3204 naturae,
1309 3132 1645 3188 secundum
1672 3148 1851 3187 suum
1877 3147 2010 3188 esse
2028 3134 2074 3188 si
2104 3132 2241 3189 duae
2262 3138 2462 3190 essent

798 3241 911 3283 nec
957 3239 1084 3281 una
1130 3227 1391 3290 tantum,
1423 3223 1762 3278 secundum
1790 3221 1853 3277 id
1888 3221 2092 3278 divisae
2124 3228 2325 3279 essent
2350 3239 2463 3279 nec
2489 3212 2529 3268 C

799 3316 984 3374 unitas
1010 3330 1024 3383 ;
1056 3330 1194 3387 quae
1220 3312 1469 3370 Nestorii
1496 3311 1774 3369 doctrina
1801 3315 1913 3368 est.

876 3519 931 3570 7.
982 3513 1049 3568 Et
1092 3512 1346 3569 Severus
1385 3507 1549 3574 talia,
1592 3510 1657 3564 ut
1686 3524 1758 3564 ex
1794 3506 1997 3564 multis
2038 3523 2235 3581 pauca
2265 3523 2465 3565 cxcer-

802 3618 970 3678 pam,
1003 3599 1369 3673 syllogistice
1398 3596 1798 3671 proponebat,
1825 3612 2011 3653 unam
2038 3596 2465 3671 scilicethypo-

806 3692 1021 3749 stasim
1051 3694 1107 3747 et
1132 3705 1319 3746 unam
1349 3688 1411 3743 in
1443 3686 1673 3745 Christo
1698 3689 1980 3743 naturam
2012 3692 2147 3758 post
2176 3688 2465 3745 unionem

803 3782 1031 3841 factam
1062 3795 1215 3838 esse.
1249 3778 1543 3835 Julianitae
1573 3792 1716 3833 vero
1742 3781 1798 3833 et
1833 3777 2110 3833 Caianitaa
2142 3777 2466 3835 distinctio-

805 3888 944 3930 nem
971 3859 1327 3928 naturarum
1353 3868 1414 3924 in
1447 3868 1676 3924 Christo
1693 3866 2131 3939 postunionem
2157 3866 2463 3939 docentes,

804 3959 1258 4034 incorruptibile
1299 3957 1511 4016 Christi
1555 3973 1775 4029 corpus
1804 3973 1875 4012 ex
1906 3956 2039 4029 ipsa
2070 3955 2467 4029 plasmatione

807 4067 941 4110 esse
961 4050 1278 4118 dicebant;
1310 4052 1367 4105 et
1391 4047 1704 4120 passiones
1727 4045 1974 4119 quidem
2006 4046 2303 4102 Christum
2332 4048 2468 4104 sub-

806 4144 915 4214 ire,
937 4142 1163 4199 famem
1182 4141 1337 4208 dico,
1371 4143 1428 4196 et
1451 4139 1609 4194 sitim
1634 4142 1690 4193 et
1713 4138 2125 4207 fatigationem
2157 4142 2212 4193 et
2233 4143 2464 4208 caetera,

807 4232 917 4289 sed
947 4247 1018 4288 ea
1045 4230 1169 4304 pati
1191 4246 1313 4286 non
1345 4228 1560 4285 eodem
1590 4226 1773 4283 modo
1799 4243 1987 4299 quam
2014 4242 2146 4283 nos.
2176 4229 2292 4283 Nos
2308 4228 2468 4284 enim

807 4338 881 4380 ex
910 4320 1263 4380 necessitate
1289 4316 1641 4375 naturaliter
1676 4316 1807 4372 haec
1856 4318 2120 4389 patimur
2149 4337 2163 4388 ;
2207 4318 2469 4375 Christus

808 4417 1013 4471 autem
1030 4408 1364 4467 voluntarie
1385 4410 1593 4464 omnia
1609 4406 1881 4477 subibat;
1910 4422 2035 4464 non
2056 4408 2216 4464 enim
2236 4410 2467 4465 naturas

803 4502 1043 4575 legibus
1066 4498 1345 4556 subditus
1371 4500 1520 4555 erat.

880 4703 932 4757 8.
966 4697 1199 4766 Quibus
1232 4694 1676 4769 respondemus
1706 4708 1905 4767 neque
1935 4710 2048 4752 nos
2075 4694 2272 4753 dicere
2300 4695 2466 4754 invo-

801 4789 1097 4848 luntarias
1123 4803 1255 4845 esse
1288 4785 1497 4844 Christi
1527 4784 1861 4858 passiones,
1890 4784 1997 4842 sed
2020 4786 2223 4858 ipsum
2253 4787 2467 4845 volun-

802 4881 951 4939 tarie
969 4878 1207 4951 legibus
1229 4882 1461 4933 naturae
1494 4881 1788 4949 tanquam
1810 4892 1922 4931 nos
1948 4876 2289 4948 subjectum
2312 4893 2465 4937 esse.

802 4973 1018 5029 Beatus
1054 4969 1217 5025 enim
1255 4965 1621 5023 Athanasius
1658 4966 2057 5039 interpretans
2096 4966 2241 5022 illud
2287 4968 2465 5025 Nunc

799 5064 1007 5120 anima
1033 5075 1163 5117 mea
1195 5057 1441 5116 turbata
1466 5063 1572 5125 est,
1604 5052 1747 5113 dicit
1766 5056 1924 5113 hanc
1950 5073 2162 5113 vocem
2192 5072 2357 5114 nunc
2387 5058 2463 5114 si-

799 5152 1116 5226 gniﬁcare:
1134 5150 1378 5223 quando
1396 5148 1656 5206 volebat.
1689 5150 1817 5204 Non
1834 5148 1995 5203 enim
2016 5148 2184 5221 quod
2208 5164 2331 5205 non
2353 5154 2459 5217 est,

799 5248 863 5301 ut
895 5258 1187 5317 praesens,
1237 5238 1618 5303 nominabat,
1668 5237 1845 5311 quasi
1902 5238 2187 5311 opinione
2228 5243 2462 5296 tantum

795 5333 957 5391 dicta
977 5332 1214 5401 tierent;
1255 5335 1469 5387 natura
1502 5329 1665 5384 enim
1695 5344 1764 5383 ac
1796 5328 2044 5384 veritate
2074 5329 2281 5386 omnia
2300 5328 2462 5386 facta

794 5428 954 5481 sunt.
1000 5422 1340 5493 Theologus
1382 5424 1587 5477 autem
1638 5419 1957 5490 Gregorius
2012 5434 2255 5476 rursum
2317 5418 2460 5478 dicit

793 5516 1091 5573 Christum
1114 5520 1345 5572 naturae
1378 5512 1615 5569 dedisse
1646 5511 2051 5581 occasionem,
2079 5511 2328 5585 quando
2354 5528 2457 5569 vo-

786 5606 972 5675 lebat,
993 5606 1239 5681 propria
1258 5603 1573 5678 operandi.
1600 5602 2008 5660 Admirandus
2032 5618 2176 5659 vero
2198 5602 2451 5676 Cyrillus

788 5699 938 5757 dixit
968 5699 1173 5772 ipsum
1212 5695 1381 5755 carni
1417 5694 1761 5769 permisisse
1798 5698 1862 5752 ut
1897 5692 2062 5765 leges
2092 5696 2323 5752 naturae
2365 5710 2453 5752 se-

2574 1924 2917 2001 ἓδογμάτιζεν
2932 1973 2944 1985 ,

2580 2070 2585 2075 ’
2646 2060 2713 2125 ς’.
2762 2065 2864 2115 Καὶ
2902 2061 3091 2113 πάλινο
3140 2061 3199 2115 Εἰ
3245 2064 3311 2114 τὰ
3356 2064 3590 2136 ἡνωμένα
3643 2064 3691 2117 ἓν
3731 2069 3949 2138 γίνεται,
3992 2067 4057 2118 τὰ
4097 2068 4168 2138 μὴ

2570 2156 2817 2223 γενόμενα
2872 2150 2920 2203 ἓν
2973 2150 3078 2223 οὐχ
3131 2153 3353 2209 ἧνωνται
3406 2152 3464 2215 ἐξ
3517 2152 3781 2225 ἀνάγκης·
3838 2154 3881 2207 εἰ
3929 2154 4015 2207 οὖν
4073 2151 4170 2207 δύο

2571 2244 2658 2292 καὶ
2701 2245 2799 2312 μία
2844 2242 3206 2311 τυγχάνουσιν
3263 2242 3318 2293 αἱ
3362 2250 3451 2294 τοῦ
3495 2251 3725 2317 χριστοῦ
3779 2247 3980 2316 φύσεις,
4030 2248 4059 2302 ἡ
4112 2240 4171 2296 δε

2572 2326 2725 2394 δυὰς,
2776 2326 2943 2401 διχάς
2973 2350 3048 2391 τις
3086 2327 3239 2397 οὖσα,
3284 2327 3585 2405 διαιρέσεως
3624 2331 3737 2385 ἐστι
3776 2330 4065 2403 δηλωτική,
4107 2336 4173 2385 τὰ

2571 2416 2866 2494 διῃρημένα
2921 2419 3025 2490 οὐχ
3092 2422 3335 2487 ἦνωνται,
3390 2421 3485 2473 οὐκ
3553 2424 3657 2496 ἄρα
3721 2425 3976 2495 ἡνωμέναι
4043 2423 4171 2476 εἰσὶν

2569 2511 2741 2562 αἰτοῦ
2771 2516 3004 2581 Χριστοῦ
3025 2511 3205 2581 φύσεις
3230 2530 3243 2543 ο
3290 2510 3335 2562 εἰ
3371 2507 3429 2564 δὲ
3471 2508 3563 2563 διὰ
3600 2515 3659 2563 τό
3697 2510 4027 2588 ἀσύγχυτον,
4075 2509 4172 2565 δύο

2567 2595 2697 2651 εἶναι
2752 2600 2845 2660 τὰς
2891 2606 2984 2651 τοῦ
3042 2607 3278 2672 Χριστοῦ
3328 2604 3503 2672 φύσεις
3554 2602 3698 2664 ἄξιόν
3743 2601 3903 2664 ἐστιν,
3953 2601 4079 2655 ἀλλά
4115 2622 4175 2674 γε

2570 2686 2664 2741 διὰ
2700 2693 2794 2747 τὴν
2852 2690 3033 2741 ἕνωσιν
3089 2693 3213 2761 μίαν
3266 2689 3427 2742 αὐτοῦ
3472 2694 3564 2749 τὴν
3613 2695 3767 2762 φύσιν
3811 2690 3974 2763 λέγειν
4017 2690 4173 2764 ἀναγ-

2566 2780 2945 2836 κασθήσονται.
3000 2782 3101 2830 Καὶ
3155 2774 3342 2838 αὖθις·
3396 2784 3552 2851 Είπερ
3602 2782 3632 2838 ἡ
3682 2776 3815 2841 δυὰς
3845 2788 3940 2842 τῆς
3980 2780 4037 2832 ἐκ
4075 2799 4175 2853 μο-

2566 2864 2721 2927 νάδος
2773 2872 2981 2941 πρώτης
3043 2863 3350 2942 διαιρέσεως
3402 2866 3512 2920 ἐστι
3552 2866 3839 2937 δηλωτικὴ,
3889 2871 3919 2927 ἡ
3973 2866 4172 2941 διαίρε-

2570 2977 2648 3017 σις
2688 2955 3048 3027 ἀντικειμένως
3096 2954 3209 3027 ἔχει
3248 2961 3372 3030 πρὸς
3429 2962 3523 3016 τὴν
3564 2960 3763 3029 ἕνωσιν,
3818 2955 4039 3031 οὐδεμία
4072 2960 4177 3032 ἄρα

2570 3043 2719 3113 δυὰς,
2768 3048 2897 3098 καθό
2954 3043 3067 3097 ἐστι
3116 3041 3265 3112 δυὰς,
3310 3049 3446 3098 κατὰ
3498 3056 3650 3099 τοῦτο
3697 3047 3885 3119 λέγοιτ’
3936 3046 3995 3099 ἆν
4035 3050 4175 3106 ἡνῶ-

2571 3138 2733 3188 σθαι·
2786 3139 2876 3187 καὶ
2928 3138 2983 3187 αἱ
3025 3143 3264 3211 Χριστοῦ
3316 3141 3483 3188 τοίνυν
3535 3140 3730 3209 φύσεις,
3782 3136 3893 3188 κατ’
3950 3137 4077 3189 αύτό
4116 3141 4175 3189 τὸ

2569 3225 2699 3279 εἶναι
2745 3222 2842 3278 δύο
2874 3226 3244 3297 τυγχάνουσαι
3282 3229 3373 3278 καὶ
3413 3226 3540 3298 ούχὶ
3578 3232 3696 3300 μία,
3729 3226 3842 3279 κατ’
3865 3227 3992 3279 αύτὸ
4022 3235 4175 3281 τοῦτο

2571 3314 2888 3391 διῃρημέναι
2936 3314 2996 3366 ἆν
3046 3312 3139 3367 εἶεν
3191 3320 3281 3369 καὶ
3330 3316 3436 3388 ούχ
3499 3318 3791 3390 ἡνωμέναιο
3843 3323 3933 3370 καὶ
3983 3324 4175 3371 Νεστο-

2568 3413 2685 3481 ρίου
2715 3409 2774 3459 τό
2806 3402 2985 3478 δόγμα
3005 3406 3227 3478 εἰσάγει.

2644 3513 2706 3575 ζ’.
2761 3518 2861 3567 Καὶ
2908 3512 3126 3588 Σεϐῆρος
3179 3517 3268 3585 μὲν
3313 3521 3534 3567 τοιαῦτα
3580 3517 3643 3576 ὡς
3686 3514 3742 3567 ἐκ
3782 3514 3977 3568 πολλῶν
4028 3516 4180 3587 ὀλίγα

3640 3609 3763 3688 μίαν

2571 3695 2643 3746 ἔτι
2703 3689 2761 3745 δὲ
2808 3698 2898 3745 καὶ
2957 3697 3079 3757 μίαν
3134 3695 3287 3765 φύσιν
3329 3692 3413 3746 ἐπὶ
3466 3702 3702 3768 Χριστοῦ
3767 3700 4030 3766 γεγονέναι
4087 3698 4179 3766 φά-

2572 3602 2729 3657 εἰπεῑν
2832 3602 3239 3674 συλλογιστικῶς
3317 3607 3554 3679 προῦερε,
3640 3609 3763 3679 μίαν
3859 3606 4175 3674 ὑπόστασιν,

2575 3803 2711 3836 σκων
2750 3786 2881 3855 μετὰ
2920 3787 3012 3841 την
3064 3783 3265 3837 ἕνωσιν.
3319 3786 3384 3835 Οἱ
3430 3779 3489 3836 δὲ
3530 3783 3860 3837 Ἰουλιανῖται
3898 3790 3987 3838 καὶ
4015 3792 4179 3838 Γαῖα-

2571 3880 2726 3937 νῖται,
2775 3868 3031 3947 διαφορὰν
3076 3875 3274 3944 φύσεων
3329 3871 3412 3925 ἐπὶ
3453 3881 3688 3949 Χριστοῦ
3727 3878 3859 3947 μετά
3910 3880 4004 3933 τὴν
4065 3876 4181 3928 ἔνω-

2576 3982 2656 4015 σιν
2704 3958 3126 4034 δογματίζοντες,
3186 3963 3446 4035 ἄφθαρτον
3499 3967 3556 4015 τό
3617 3971 3708 4015 τοῦ
3765 3968 3958 4037 Κυρίου
4029 3974 4182 4039 σῶμα

2574 4051 2625 4115 ἐξ
2670 4051 2831 4111 αὐτῆς
2890 4047 3223 4112 διαπλάσεως
3270 4050 3436 4123 ἔλεγον
3483 4057 3779 4124 γεγονέναι·
3832 4058 3922 4106 καὶ
3973 4057 4040 4107 τὰ
4089 4057 4179 4127 μὲν

2573 4143 2715 4199 πάθη
2776 4144 2862 4193 τὸν
2910 4144 3133 4214 Κριστόν
3191 4142 3487 4213 ὑπομεῖναι,
3541 4145 3716 4195 πεῖνάν
3771 4163 3905 4216 φημι
3959 4149 4049 4196 καὶ
4099 4140 4183 4196 δί-

2573 4230 2678 4302 ψαν
2726 4234 2815 4281 καὶ
2857 4232 3015 4282 κόπον
3055 4233 3144 4281 καὶ
3188 4232 3252 4281 τὰ
3300 4230 3438 4297 ἑξῆς,
3468 4230 3525 4283 ού
3566 4235 3653 4283 τὸν
3692 4232 3848 4284 αύτὸν
3893 4229 3951 4285 δὲ
3989 4237 4179 4305 τρόπον

2574 4323 2699 4393 ἡμῖν
2740 4327 2906 4372 ταῦτα
2946 4320 3289 4372 πεπονθέναι·
3345 4321 3497 4391 ἡμεῖς
3544 4323 3645 4396 γὰρ
3705 4321 3759 4384 ἐξ
3805 4320 4029 4394 ἀνάγκης
4078 4343 4180 4395 φυ-

2576 4418 2736 4471 σικῶς
2796 4417 2964 4461 ταῦτα
3026 4411 3326 4482 πάσχομεν,
3394 4411 3420 4461 ό
3491 4407 3550 4463 δὲ
3614 4414 3846 4486 Χριστὸς
3934 4412 4181 4472 ἑκουσίως

2571 4502 2744 4552 πάντα
2799 4502 3101 4572 ὑπέμεινεν
3150 4498 3207 4551 ού
3262 4502 3362 4575 γὰρ
3413 4496 3650 4554 ἐδούλευε
3705 4508 3817 4563 τοῖς
3861 4505 4040 4575 νόμοις
4086 4510 4182 4564 τῆς

2493 4566 2540 4623 D
2573 4592 2794 4663 φύσεως.

2644 4697 2710 4757 η’.
2770 4700 2905 4772 Πρὸς
2958 4696 3049 4761 ούς
3097 4716 3259 4771 φαμεν
3302 4698 3383 4751 ὅτι
3417 4694 3542 4752 ούδε
3590 4698 3738 4753 αὐτοὶ
3773 4699 3981 4774 λέγομεν
4024 4698 4182 4753 ἀκού-

2575 4808 2665 4842 σια
2708 4796 2799 4841 τοῦ
2844 4793 3080 4862 Χριστοῦ
3135 4790 3200 4841 τὰ
3241 4790 3407 4859 πάθη,
3451 4788 3559 4841 ἀλλ’
3604 4791 3683 4842 ὅτι
3730 4790 3984 4853 ἑκουσίως
4028 4787 4181 4843 ἐδού-

2570 4878 2683 4931 λευε
2711 4886 2821 4941 τοῖς
2858 4883 3032 4951 νόμοις
3071 4885 3165 4940 τῆς
3208 4880 3407 4951 φύσεως
3456 4877 3638 4940 ἐπίσης
3678 4882 3802 4952 ἡμῖν
3828 4901 3842 4914 ·
3884 4882 3911 4932 ό
3949 4884 4040 4953 μεν
4077 4883 4178 4955 γὰρ

2570 4970 2828 5042 μακάριος
2871 4967 3204 5037 Ἀθανάσιος,
3265 4966 3554 5041 ἑρμηνεύων
3610 4972 3691 5037 τὸ,
3750 4975 3859 5021 Νῦν
3925 4972 3952 5028 ἱ)
4020 4969 4175 5041 ψυχή

2570 5078 2670 5131 μου
2723 5059 3059 5131 τετάρακται,
3106 5062 3265 5132 φησὶν
3322 5059 3403 5111 ὅτι
3450 5061 3509 5111 τό
3562 5054 3670 5130 νῦν,
3717 5063 3870 5112 τοῦτό
3918 5058 4059 5112 ἐστιν
4097 5062 4181 5113 ὅτε

2569 5148 2782 5208 ἤθελεν’
2845 5151 2904 5201 ού
2946 5151 3047 5223 γὰρ
3098 5151 3157 5200 τὸ
3201 5152 3271 5221 μὴ
3322 5148 3375 5213 ὃν
3444 5152 3508 5210 ὡς
3558 5153 3723 5223 παρὸν
3793 5150 4055 5228 ὠνόμαζεν
4110 5154 4179 5215 ὡς

2570 5236 2791 5299 δοκήσει
2846 5242 3125 5312 γινομένων
3168 5239 3450 5312 λεγομένων
3481 5260 3492 5273 ·
3547 5243 3700 5313 φύσει
3750 5243 3853 5317 γὰρ
3901 5246 3991 5294 καὶ
4048 5241 4179 5301 ἀλη-

2569 5333 2681 5403 θείᾳ
2736 5332 2800 5383 τὰ
2846 5332 3017 5382 πάντα
3062 5328 3284 5401 ἐγένετω
3337 5332 3394 5382 Ὀ
3454 5326 3514 5383 δὲ
3572 5330 3827 5403 Θεολόγος
3890 5337 4179 5408 Γρηγόριος

2564 5422 2740 5493 πάλιν,
2788 5422 2869 5474 ότι
2921 5416 3105 5474 ἐδίδου
3150 5430 3213 5495 τῇ
3266 5423 3419 5495 φύσει
3467 5424 3668 5495 καιρὸν,
3711 5423 3793 5475 ὅτε
3832 5420 4067 5475 ἐϐούλετο
4107 5422 4181 5475 ἐν·

2563 5521 2725 5588 εργείν
2778 5514 2845 5565 τὰ
2902 5508 3043 5565 ἴδια.
3109 5511 3363 5587 Κύριλλος
3431 5509 3491 5565 δὲ
3552 5514 3578 5564 ό
3622 5514 3917 5586 θαυμάσιος
3973 5515 4176 5588 εἴρηκεν

2560 5606 2752 5677 έφίέναι
2810 5605 2963 5655 αὑτὸν
3016 5610 3079 5675 τῇ
3143 5607 3301 5677 σαρκὶ
3347 5599 3442 5655 διὰ
3491 5610 3592 5655 τῶν
3638 5610 3733 5666 τῆς
3791 5606 3993 5677 φύσεως
4050 5603 4179 5657 ἰέναι

2556 5700 2766 5772 νόμων·
2809 5699 2900 5749 καὶ
2955 5691 3107 5757 αὖθις
3162 5694 3374 5771 ἑτέρωθι
3437 5692 3600 5768 ἔλεγεν
3668 5698 3738 5757 ὡς
3787 5694 4050 5769 ἐπιτρέπει
4102 5703 4175 5769 τῷ
