4508 6436
298 408 364 461 81
1644 403 1993 462 THESAURI
2018 405 2078 459 LI

1904 403 1993 461 IRI
2018 405 2148 461 LIB.
2191 405 2296 459 XV.
3609 390 3684 452 82

301 536 517 603 σώματι
567 536 659 582 καὶ
705 538 768 603 τῇ
805 530 1167 604 ἀνθρωπότπτι
1214 531 1281 582 τά
1323 536 1384 602 τῇ
1442 532 1594 601 φύσει
1651 533 1916 602 προσόντα
1945 532 1990 584 Α
2022 544 2081 602 ql

1900 550 1916 582 ι
1945 532 1990 584 Α
2022 532 2341 602 queretur,
2393 530 2450 584 et
2501 542 2741 583 rursum
2781 540 2850 581 ex
2883 525 3066 581 altera
3109 525 3279 596 parte
3305 520 3680 578 concessisse

300 623 447 678 πάθη
494 620 561 680 εἰς
611 617 880 683 ἀπόδειξιν
911 628 1002 672 τοῦ
1055 619 1170 672 κατ’
1223 618 1467 677 ἀλήθειαν
1495 624 1711 694 φορέσαι
1745 621 1916 692 σάρκα
2023 632 2080 672 cc

1897 639 1916 671 ιι
2023 616 2259 689 corpori
2291 619 2348 671 et
2370 614 2732 671 humanitati
2775 613 3122 684 adjacentes
3151 615 3382 667 natum
3418 608 3677 678 dolores,

299 714 394 761 καὶ
448 710 721 784 ἄνθρωπον
774 713 988 781 γενητόν
1045 712 1177 761 κατά
1231 710 1326 770 τὰς
1365 711 1586 780 Γραφάς.
1638 708 1698 761 Εἰ
1746 713 1914 760 τοίνυν
2022 711 2079 762 ut

1901 730 1914 759 ρ
2022 711 2089 762 ut
2118 705 2458 761 ostenderet
2489 720 2550 760 se
2580 720 2783 759 veram
2821 717 3066 758 carnem
3096 700 3364 757 induisse
3396 703 3452 755 et
3476 698 3681 769 genui-

301 801 444 849 κατά
499 802 586 849 τόν
647 802 839 851 σκοπόν
887 807 984 850 τῶν
1045 801 1296 872 θεοφόρων
1343 802 1581 870 Πατέρων
1621 801 1708 849 τόν
1761 797 1913 849 αὐτόν
2023 811 2081 850 nl

1895 818 1913 847 ν
2023 811 2170 850 num
2215 794 2525 850 hominem
2559 793 2896 849 secundum
2944 792 3299 864 Scripturas.
3351 790 3408 844 Si
3447 787 3675 858 igiture

302 887 433 958 ἡμῖν
461 890 650 960 τρόπον
701 889 953 958 ἔπασχεν,
987 887 1031 940 εἰ
1061 892 1149 938 καὶ
1180 885 1427 946 ἑκουσίως
1479 891 1567 938 καὶ
1612 890 1693 938 ὅτε
1746 884 1914 954 ἤθελε,
2022 884 2082 940 di

1899 928 1914 954 ,
2022 884 2365 940 divinorum
2400 887 2637 939 Patrum
2655 889 2852 938 mente
2880 882 3094 938 eodem
3112 879 3296 936 modo
3318 894 3388 935 ac
3413 893 3524 933 nos
3540 892 3677 950 pas-

303 983 414 1036 πῶς
440 971 734 1048 ἷδυνάμεθα
771 980 828 1027 τό
881 977 1096 1047 πάσχον
1142 983 1296 1047 σῶμα
1337 976 1595 1048 ἄφθαρτον
1641 974 1795 1027 εἰπεῖν
1827 978 1915 1026 καὶ
2023 990 2083 1028 su

1898 978 1915 1026 ἱ
2023 990 2126 1028 sus
2154 979 2258 1041 est,
2291 978 2348 1029 et
2377 974 2424 1029 si
2454 972 2705 1028 libenter
2734 977 2790 1028 et
2809 971 3055 1045 quando
3081 969 3342 1037 volebat,
3364 966 3674 1040 quomodo

305 1068 380 1134 μὴ
415 1065 646 1137 φθαρτόν
678 1073 739 1138 τῇ
769 1068 921 1137 φύσει
963 1068 1135 1139 ὥσπερ
1175 1068 1259 1116 καὶ
1293 1069 1350 1116 τό
1377 1066 1622 1137 ἡμέτερον
1650 1081 1663 1130 ;
2022 1079 2085 1135 pc

2022 1079 2352 1135 possumus
2402 1062 2636 1134 patiens
2673 1077 2892 1133 corpus
2948 1056 3400 1131 incorruptibile
3453 1055 3672 1125 dicere,

2020 1168 2216 1225 neque
2248 1157 2462 1208 natura
2499 1151 2882 1224 corruptibile
2916 1151 3070 1205 sicut
3099 1153 3156 1205 et
3208 1152 3485 1204 nostrum
3541 1145 3674 1202 est?

382 1241 451 1296 6‘.
515 1242 1002 1315 Ἀνταποκρίνονται
1069 1241 1127 1296 δε
1184 1243 1337 1296 πάλιν
1413 1245 1491 1295 ὅτι
1554 1243 1648 1295 ’ον
1724 1251 1910 1317 τρόπον
2091 1247 2146 1300 9,

1892 1264 1910 1293 ν
2091 1247 2146 1300 9.
2191 1241 2573 1314 Respondent
2617 1246 2818 1296 autem
2856 1241 3069 1296 iterum
3100 1256 3112 1293 :
3146 1234 3672 1304 Quemadmodum

301 1334 437 1400 μετά
496 1336 590 1388 τήν
676 1332 962 1385 ἀνάστασιν
1035 1335 1294 1407 ἄφθαρτον
1349 1332 1580 1404 λέγοντες
1637 1335 1692 1383 τό
1760 1341 1913 1404 σῶμα
2018 1332 2077 1387 in

1889 1352 1913 1384 κ
2018 1330 2466 1404 incorruptibile
2495 1335 2634 1403 post
2661 1329 3159 1386 resurrectionem
3201 1326 3411 1381 Christi
3449 1341 3669 1398 corpus

305 1426 550 1491 Χριστοῦ
611 1423 885 1493 όμοούσιον
953 1421 1079 1473 αὐτὸ
1156 1421 1326 1492 λέγετε
1418 1422 1547 1473 εἶναι
1621 1422 1766 1492 ἡμῖν,
1825 1424 1910 1472 τὸν
2019 1422 2076 1476 di

1891 1442 1910 1471 ν
2019 1422 2281 1476 dicentes
2299 1418 2809 1476 eonsubstantiale
2829 1417 2975 1473 illud
2998 1415 3173 1472 nobis
3193 1430 3322 1470 esse
3343 1414 3558 1486 dicitis,
3586 1414 3671 1470 sic

300 1509 464 1560 αὐτόν
543 1517 733 1583 τρόπον
808 1517 896 1562 καὶ
962 1513 1131 1584 ἡμεῖς,
1233 1515 1331 1584 πρό
1407 1520 1501 1572 τῆς
1577 1509 1908 1572 ἀναστάσεως
2019 1515 2075 1566 et

1893 1531 1908 1572 ς
2019 1515 2075 1566 et
2105 1527 2217 1565 nos
2243 1509 2389 1565 illud
2419 1513 2554 1565 ante
2589 1508 3083 1564 resurrectionem
3107 1504 3557 1576 incorruptibile
3587 1502 3673 1559 di-

298 1600 572 1672 ἄφθαρτον
652 1599 897 1672 λέγοντες,
971 1603 1247 1673 όμοούσιον
1342 1600 1467 1652 αὐτό
1562 1600 1909 1672 ὁμολογοῦμεν
2019 1617 2078 1655 cc

1891 1621 1909 1650 υ
2019 1604 2218 1655 centes
2247 1597 2759 1654 eonsubstantiale
2790 1601 2991 1652 tamen
3022 1595 3400 1651 confitemur.
3434 1596 3550 1648 Nos
3566 1609 3671 1650 au-

300 1684 457 1741 εἶναι.
518 1687 696 1760 Ἡμεῖς
750 1686 809 1742 δὲ
856 1690 1064 1762 λέγομεν
1116 1692 1215 1757 ὅτι,
1267 1689 1309 1742 εἰ
1357 1694 1445 1741 καὶ
1493 1690 1754 1761 ἄφθαρτον
1785 1689 1908 1741 αὐτὸ
2018 1695 2071 1745 te

1891 1693 1908 1741 5
2018 1695 2136 1745 tem
2170 1689 2426 1747 dicimus
2464 1687 2627 1758 illud,
2679 1688 2786 1744 etsi
2826 1684 3272 1759 incorruptibile
3309 1687 3449 1757 post
3477 1699 3671 1738 resur-

299 1777 657 1850 ὁμολογοῦμεν
743 1782 876 1852 μετὰ
958 1786 1050 1836 τὴν
1115 1778 1423 1848 ἀνάστασιν,
1493 1779 1550 1830 οὐ
1762 1782 1909 1850 φύσει
2015 1797 2076 1836 rc

1895 1799 1909 1830 ι
2015 1783 2340 1836 rectionem
2372 1778 2746 1847 confitemur,
2779 1792 2901 1833 non
2929 1792 3058 1832 esse
3087 1772 3537 1847 incorruptibile
3567 1789 3672 1830 na-

295 1865 515 1939 λέγομεν
569 1872 626 1919 τό
684 1870 966 1943 ἄφθαρτον,
1000 1876 1078 1940 τῇ.
1117 1871 1308 1942 χάριτι
1370 1865 1446 1923 δέ.
1509 1868 1568 1920 Εἰ
1618 1864 1676 1920 δὲ
1725 1872 1910 1920 εῖποιεν
1949 1895 1988 1949 Β
2019 1874 2075 1925 tu

1891 1889 1910 1918 ν
1949 1895 1988 1949 Β
2019 1874 2169 1936 tura,
2203 1868 2308 1924 sed
2339 1869 2558 1938 gratia.
2601 1866 2656 1923 Si
2686 1883 2828 1923 vero
2867 1864 3131 1922 dicerent
3160 1863 3306 1920 illud
3334 1867 3390 1919 et
3422 1866 3560 1919 ante
3585 1878 3671 1918 re-

296 1959 381 2008 ὅτι
428 1963 520 2010 καὶ
573 1963 671 2032 πρὸ
726 1968 819 2021 τῆς
876 1959 1211 2022 ἀναστάσεως
1258 1962 1446 2034 χάριτι
1498 1961 1777 2033 ἄφθαρτον,
1835 1958 1910 2010 λέ‹
2020 1974 2076 2011 ει,Δ

1893 1991 1910 2000 -
2020 1957 2452 2013 surreetionem
2507 1956 2698 2028 gratia
2747 1953 3173 2027 incorruptible
3223 1968 3376 2024 esse,
3414 1951 3672 2008 dicimus

294 2067 460 2120 γομεν
537 2052 617 2101 ὅτι
682 2049 741 2102 οὗ
811 2059 1083 2125 συγχωρεῖ
1151 2059 1300 2102 τουτο
1366 2052 1431 2101 τά
1496 2055 1617 2124 περὶ·
1673 2047 1908 2122 Χριστοῦ
2018 2046 2074 2102 11(

1895 2058 1908 2101 3
2018 2046 2132 2102 hoc
2163 2063 2284 2102 non
2308 2062 2447 2102 eum
2479 2047 2563 2102 eis
2599 2062 2735 2120 quze
2771 2045 2846 2101 de
2893 2044 3122 2100 Christo
3157 2043 3436 2099 dicuntur
3460 2056 3675 2098 conve-

295 2137 572 2210 λεγόμενα,
638 2145 738 2211 πρό
792 2143 881 2212 μὲν
925 2144 1026 2213 γὰρ
1091 2149 1184 2202 τῆς
1253 2138 1582 2201 ἀναστάσεως
1635 2145 1724 2191 καὶ
1790 2160 1906 2192 πει-
2017 2137 2075 2192 ni

1895 2171 1906 2180 -
2017 2137 2163 2192 nire.
2193 2142 2340 2192 Ante
2385 2135 2883 2192 resurrectionem
2922 2135 3083 2190 enim
3108 2137 3164 2190 et
3207 2131 3430 2189 esurire
3459 2131 3675 2188 dicitur

294 2236 465 2286 νῆσαι
520 2229 720 2300 λέγεται
775 2235 862 2281 καὶ
928 2226 1163 2300 adiam
1215 2236 1303 2281 καὶ
1355 2229 1517 2281 τᾶλλα
1567 2231 1771 2292 παθεῖν,
1818 2235 1906 2281 καὶ
2015 2231 2072 2281 et

1892 2235 1906 2281 ὶ
2015 2231 2072 2281 et
2094 2226 2252 2280 sitire
2283 2229 2339 2280 et
2370 2224 2488 2280 alia
2519 2224 2660 2296 pati.
2687 2227 2749 2279 Et
2784 2221 3099 2296 quomodo
3125 2221 3291 2294 quod
3312 2219 3412 2276 illa
3433 2220 3672 2293 patitur,

293 2328 404 2378 πῶς
458 2318 516 2370 ἂν
578 2324 652 2376 ε’ίη
721 2324 780 2371 τό
838 2328 1004 2371 ταῦτα
1051 2322 1306 2381 πεπονθός
1337 2321 1637 2394 ἄφθαρτον;
1675 2322 1815 2372 Μετά
1847 2316 1906 2373 δὲ
2014 2315 2073 2370 in

1868 2316 1906 2373 i‘a
2014 2313 2466 2388 incorruptibile
2497 2315 2704 2369 esset?
2743 2313 2882 2369 Post
2924 2311 3426 2368 resurrectionem
3447 2313 3648 2366 autem

292 2414 392 2465 τὴν
428 2407 718 2460 ἀνάστασιν
751 2406 900 2462 οὐδὲν
931 2412 1124 2461 τούτων
1161 2412 1332 2464 ἔπαθε.
2014 2407 2071 2461 ni

1003 2412 1124 2461 ὒτων
1161 2412 1332 2464 ἔπαθε.
2014 2405 2160 2461 nihil
2181 2405 2399 2460 horum
2431 2420 2656 2478 passus
2678 2408 2783 2460 est.

370 2497 422 2553 ι’.
480 2499 584 2552 Καὶ
633 2494 791 2556 δῆλον
839 2499 919 2549 ὁτι
956 2503 1056 2572 πρό
1097 2502 1188 2571 μεν
1235 2507 1330 2560 τῆς
1378 2497 1713 2559 ἀναστάσεως
1743 2501 1905 2571 φθαρ-
2094 2500 2150 2552 10

1903 2530 1905 2538 ι
2094 2498 2246 2552 10.Εῐ
2267 2500 2429 2568 patet
2459 2501 2594 2552 ante
2621 2494 3122 2552 resurrectionem
3149 2492 3400 2567 quidem
3432 2507 3683 2565 corrup-

287 2587 380 2635 τόν
444 2581 504 2641 ἦν
553 2588 611 2636 τό
665 2594 838 2656 σῶμα,
871 2589 1001 2658 μετά
1041 2582 1100 2637 δε
1143 2592 1236 2643 τὴν
1293 2584 1580 2637 ἀνάστασιν
1621 2589 1902 2658 ἄφθαρτον·
2017 2587 2067 2641 ti.

1901 2610 1902 2616 η
2017 2585 2180 2641 tibile
2199 2585 2383 2641 fuisse
2406 2589 2787 2658 corpus,post
2806 2583 3308 2640 resurrectionem
3328 2599 3472 2640 vero
3490 2582 3681 2639 incor-

296 2672 342 2724 εἰ
397 2675 503 2748 γὰρ
573 2679 659 2725 καὶ
722 2673 924 2745 λέγεται
984 2683 1160 2747 φαγεῖν
1229 2678 1359 2748 μετά
1438 2680 1530 2733 τὴν
1599 2674 1907 2744 ἀνάστασιν,
2019 2691 2076 2731 ru

1901 2718 1907 2740 ,
2019 2673 2318 2746 ruptibile.
2350 2675 2406 2731 Si
2428 2675 2588 2730 enim
2625 2678 2683 2730 et
2746 2675 2965 2730 dicitur
2995 2677 3134 2747 post
3179 2673 3681 2730 resurrectionem

293 2771 457 2814 τοῦτο
508 2760 584 2815 δι’
631 2763 928 2836 οἰκονομίαν
960 2764 1219 2822 ἐποίησενο
1264 2766 1368 2838 οὐχ
1421 2769 1487 2827 ὡς
1534 2775 1604 2837 τῷ
1638 2771 1744 2818 ἄντι
1792 2787 1911 2818 πει-
2019 2781 2073 2819 Vt

1901 2797 1911 2806 -
2019 2781 2163 2820 vero
2189 2763 2668 2836 incorruptibile.
2710 2764 2766 2820 Si
2796 2763 2954 2819 enim
2988 2767 3045 2818 et
3075 2762 3300 2818 dicitur
3320 2765 3458 2835 post
3485 2777 3681 2819 resur-

294 2861 418 2920 νῶν,
455 2851 563 2904 ἀλλ’
597 2855 676 2904 ἶνα
733 2850 878 2926 δείξῃ
932 2862 1037 2914 τοῖς
1078 2856 1341 2926 μαθηταῖς
1392 2855 1553 2907 αὐτοῦ
1620 2858 1699 2908 ὅτι
1758 2856 1914 2918 αὐτός
2022 2870 2074 2909 re

1901 2877 1914 2918 ;
2022 2854 2349 2909 rectionem
2409 2853 2764 2920 comedisse,
2802 2853 2864 2908 id
2907 2868 3016 2926 per
3052 2851 3497 2925 providentiam
3539 2852 3681 2922 egit,

297 2941 448 2994 ἐστιν
508 2944 534 2994 ό
613 2941 843 3006 ἀναστὰς
905 2943 959 2995 ἐκ
1026 2953 1214 3017 νεκρῶν
1249 2966 1260 2977 ·
1341 2945 1393 2996 ὃν
1433 2950 1622 3019 τρόπον
1662 2950 1914 3006 καὶτοὺς
2022 2959 2077 2999 nt

1900 2966 1914 3006 ;
2022 2958 2146 2999 non
2169 2949 2459 3014 tanquam
2489 2943 2689 3014 reipsa
2721 2941 3070 3004 comedens,
3105 2941 3213 2997 sed
3257 2946 3322 2997 ut
3367 2940 3680 3013 discipulis

296 3035 504 3093 τύπους
566 3031 768 3104 λέγεται
835 3029 1095 3096 ἐπιδεῖξαι
1149 3034 1346 3095 αὐτοῖς’
1399 3039 1572 3087 καίτοι
1629 3037 1774 3108 ἡμεῖς
1831 3036 1914 3088 οὐ-
2024 3048 2076 3088 οε

1899 3067 1914 3076 -
2024 3032 2369 3090 ostenderet
2391 3032 2596 3105 ipsum
2623 3047 2754 3088 esse
2784 3031 2889 3104 qui
2930 3047 3000 3087 ex
3033 3030 3288 3086 mortuis
3320 3033 3679 3095 surrexerat,

300 3117 391 3172 δεν
444 3129 546 3172 τῶν
592 3125 692 3195 πρὸ
771 3131 866 3184 τῆς
942 3121 1278 3185 ἀναστάσεως
1347 3126 1524 3176 παθών
1593 3123 1916 3198 ἀνιστάμεοα
2023 3138 2080 3195 qt

1904 3146 1916 3177 ι
2023 3122 2548 3195 quemadmodum
2605 3122 2823 3178 dicitur
2878 3122 2948 3177 iis
2995 3127 3367 3177 monstrasse
3414 3119 3684 3193 corporis

300 3213 554 3281 ἔχοντες·
598 3213 817 3284 ἀπαρχὴ
881 3209 940 3264 δὲ
1003 3221 1097 3275 τῆς
1143 3212 1198 3265 ἐκ
1256 3223 1444 3287 νεκρῶν
1492 3217 1635 3286 ἡμῶν
1695 3214 1916 3267 ἀναστά-
1956 3257 1995 3312 C
2025 3212 2080 3268 f0

1904 3247 1916 3256 -
1956 3257 1995 3312 Ο
2025 3212 2271 3268 formas.
2299 3215 2360 3268 Et
2387 3229 2498 3268 nos
2542 3227 2928 3282 resurgemus
2952 3211 3099 3268 nihil
3131 3228 3342 3268 eorum
3389 3212 3684 3284 patientes

301 3319 434 3361 σεως
478 3301 502 3351 ό
562 3307 812 3373 Χριστός·
878 3307 964 3353 καὶ
1005 3303 1144 3373 ὅμως
1183 3302 1335 3364 αὐτὸς
1384 3303 1564 3378 εὑρέθη
1619 3307 1777 3376 ἔχων.
1828 3304 1916 3366 Ὠς
1961 3301 1995 3312 ν
2025 3319 2081 3375 ql

1903 3325 1916 3366 ;
1961 3301 1995 3312 ν
2025 3319 2159 3375 quae
2191 3307 2326 3359 ante
2356 3303 2884 3358 resurrectionem.
2926 3302 3202 3358 Primitiae
3229 3305 3431 3358 autem
3460 3305 3683 3358 nostra:

301 3385 469 3446 δῆλον
510 3390 591 3441 ὅτι
640 3386 711 3441 δι’
772 3390 1062 3464 οἰκονομίαν
1113 3400 1266 3444 τοῦτο
1309 3397 1534 3463 γέγονεν·
1582 3393 1754 3466 ἀμέλει
1792 3391 1916 3446 οὐδὲ
2025 3406 2081 3450 ei

1905 3413 1916 3446 ι
2025 3406 2095 3450 ex
2135 3393 2389 3449 mortuis
2436 3393 2896 3449 resurrectionis
2947 3392 3252 3460 Christus;
3311 3397 3370 3448 et
3416 3391 3685 3448 similiter

297 3479 439 3549 λέγει
487 3480 515 3536 ἡ
559 3485 734 3552 Γραρὴ
799 3482 879 3532 ὅτι
923 3479 1208 3549 ἐπείνπσεν,
1267 3480 1376 3532 ἀλλ”
1436 3488 1514 3535 ὅτι
1554 3486 1728 3555 ἔγαγε.
1798 3489 1914 3536 Δέον
2024 3484 2077 3556 ip

1903 3506 1914 3533 ρ
2024 3484 2152 3556 ipse
2183 3483 2461 3538 inventus
2483 3488 2591 3539 est.
2625 3483 2711 3538 lta
2735 3487 2798 3538 ut
2825 3481 3209 3538 manifestum
3234 3481 3307 3538 sit
3330 3481 3392 3537 id
3415 3497 3524 3554 per
3543 3497 3683 3555 pro-

302 3565 365 3620 δὲ
426 3567 720 3626 ἐπιστῆσαι
771 3572 851 3622 ὅτι
903 3576 1264 3644 παραφέρουσι
1322 3578 1544 3645 χρήσεις
1601 3577 1739 3634 τινας
1815 3574 1914 3626 ἀπὸ
2024 3573 2076 3628 vi

1905 3579 1914 3626 β
2024 3573 2348 3628 videntiam
2368 3573 2592 3629 factum
2627 3589 2778 3628 esse.
2810 3575 3035 3645 Nempe
3066 3587 3188 3628 non
3219 3571 3362 3628 dicit
3382 3571 3685 3644 Scriptura

298 3667 402 3710 των
469 3663 729 3731 Ματέρων,
762 3661 1024 3732 ἄφθαρτον
1088 3665 1144 3712 τό
1206 3670 1359 3733 σῶμα
1409 3671 1498 3713 τον
1553 3671 1784 3736 Χριστοῦ
1837 3664 1916 3716 λε·
2025 3663 2078 3735 ip

1903 3695 1916 3703 -
2025 3663 2225 3735 ipsum
2277 3662 2619 3731 esurivisse,
2667 3662 2775 3717 sed
2809 3661 3165 3718 comedisse.
3218 3663 3683 3734 Oportetautem

299 3751 507 3818 γούσας
541 3769 553 3779 ε
625 3750 798 3821 ὥσπερ
857 3755 946 3801 καὶ
1005 3749 1106 3801 ἀπὸ
1171 3760 1262 3802 τοῦ
1330 3758 1591 3825 μακαρίου
1665 3753 1915 3827 Κυρίλλου
2026 3769 2079 3808 at

1906 3777 1915 3804 ι
2026 3751 2505 3808 animadvertere
2537 3767 2640 3807 eos
2682 3751 2969 3824 quaedam
3015 3753 3254 3806 Patrum
3285 3751 3531 3813 oracula
3578 3752 3686 3809 cir-

301 3837 544 3897 εἰπόντος
608 3839 688 3888 ὅτι
747 3837 852 3910 οὐχ
917 3835 1202 3901 ὑπεδέξατο
1271 3843 1464 3916 φθορὰν
1513 3844 1540 3899 ἡ
1600 3850 1691 3894 τον
1745 3848 1916 3914 Λόγου
2027 3859 2081 3897 Cl

1899 3866 1916 3894 ν
2027 3841 2320 3897 cumferre
2345 3859 2480 3914 quae
2501 3857 2720 3914 corpus
2745 3841 2956 3896 Christi
2974 3838 3423 3914 incorruptibile
3445 3841 3679 3910 dicunt;

305 3925 468 3998 σάρξ.
507 3925 668 3978 Ὀταν
715 3923 774 3979 δὲ
827 3931 916 3988 τας
1000 3932 1247 3990 τοιαύτας
1327 3934 1609 4005 παράγωσι
1669 3938 1914 4006 χρήσεις,
2027 3937 2085 3988 ut

1904 3977 1914 4002 ,
2027 3937 2090 3988 ut
2111 3931 2269 3987 beati
2301 3931 2497 4004 Cyrilli
2523 3931 2774 3987 dicentis
2795 3947 2918 3987 non
2941 3929 3391 4002 corrUptionem
3428 3931 3684 3988 subiisse

303 4020 418 4089 χρὴ
482 4024 750 4074 σκοπῆσαι
809 4021 867 4068 τό
916 4025 1004 4078 τῆς
1042 4017 1216 4080 λέξεως
1263 4028 1675 4092 σημαινόμενον·
1710 4026 1767 4072 τό
1820 4026 1918 4097 γὰρ
2029 4039 2083 4078 οε

1902 4043 1918 4074 ο
2029 4038 2272 4078 carnem
2305 4021 2533 4077 Christi.
2561 4021 2815 4088 Quando
2836 4037 2978 4077 vero
3002 4019 3147 4078 tales
3175 4036 3353 4077 voces
3378 4021 3682 4094 exhibent,

302 4113 404 4166 τῆς
450 4107 643 4180 φθοράς
684 4106 846 4186 ὄνομα
905 4104 1002 4160 δύο
1055 4114 1326 4180 σημαίνειν
1365 4106 1495 4182 οἶδε,
1551 4114 1686 4164 κατά
1739 4109 1796 4166 δὲ
1846 4133 1921 4165 τι·
2029 4129 2082 4169 θ]

1902 4145 1921 4154 -
2029 4112 2506 4169 examinandum
2539 4111 2800 4183 estquid
2839 4127 2947 4184 per
2987 4111 3098 4167 has
3137 4109 3541 4180 signiﬁcatum
3569 4111 3681 4181 sit;

303 4215 394 4256 νας
427 4201 518 4248 καὶ
545 4201 685 4270 τρία.
2034 4220 2083 4259 ε(

2034 4204 2185 4259 solet
2238 4203 2401 4258 enim
2445 4202 2845 4274 corruptionis
2899 4218 3015 4258 vox
3068 4203 3191 4258 duo
3233 4201 3590 4275 signiﬁcare,
3629 4207 3687 4262 et

2025 4294 2198 4365 juxta
2229 4292 2554 4349 nonnullos
2585 4293 2767 4349 etiam
2789 4292 2921 4348 tria.

1365 4623 1871 4718 NICET/E
1939 4597 2628 4720 CHONIAT/E

1076 4841 1474 4918 EXLIBRO
1507 4843 1626 4906 XV
1656 4843 2090 4906 THESAURI
2122 4841 2671 4906 ORTHODOXZE
2701 4841 2924 4904 FIDEI

780 5082 906 5153 Περὶ
933 5087 1022 5140 τῆς
1047 5079 1197 5142 ἕκτης
1222 5075 1468 5133 συνόδου.
1950 5083 1992 5136 ι)

1358 5075 1468 5133 i‘ou.
1950 5083 1992 5136 D
2577 5077 2666 5133 De
2692 5082 2865 5134 sexta
2890 5075 3138 5147 synodo.

380 5165 452 5222 α’,
512 5165 654 5222 Αὕτη
726 5172 950 5227 συνέστη
1038 5167 1120 5221 ἐπὶ
1207 5176 1592 5222 Κωνσταντινου
1661 5167 1920 5241 βασιλέως
2109 5173 2158 5226 1.

1911 5190 1920 5232 ;
2109 5173 2158 5226 1.
2190 5170 2323 5225 Haec
2365 5167 2638 5241 synodus
2695 5165 3094 5224 Constantino
3141 5165 3453 5236 Pogonato
3499 5166 3691 5241 impe-

304 5263 401 5308 τοῦ
466 5253 790 5325 Ιιὶιιγωνοίτου
841 5252 936 5308 (ἲιά
981 5261 1074 5314 τὴν
1133 5257 1332 5328 αἰρεσιν
1381 5265 1480 5308 τῶν
1530 5255 1920 5326 Μονοθελππτων,
2033 5273 2084 5314 re

1912 5301 1920 5324 ,
2033 5264 2202 5314 rante
2244 5258 2452 5316 habita
2490 5261 2600 5326 est,
2649 5261 2896 5331 propter
2939 5255 3460 5314 Monothelitarum
3507 5258 3692 5316 haere4

306 5345 610 5418 ἀρχθεῖσαν
667 5345 768 5396 ἀπό
841 5345 1142 5419 Ἡρακλείου
1212 5345 1488 5418 βασιλέως,
1555 5351 1643 5399 καὶ
1711 5341 1924 5421 διαρκέ-
2036 5349 2082 5404 si

1914 5378 1924 5387 -
2036 5349 2171 5418 sim,
2194 5365 2331 5422 quae
2361 5348 2475 5404 sub
2501 5349 2864 5418 imperatore
2895 5346 3168 5404 Heraclio
3189 5351 3388 5420 coepta
3416 5352 3564 5418 erat,
3585 5348 3694 5404 du-

311 5453 486 5487 σασαν
535 5437 706 5506 μέχρι
734 5439 823 5486 καὶ
867 5435 1028 5487 αὐτοῦ
1084 5443 1176 5486 τοῦ
1219 5433 1473 5507 βασιλέως
1531 5441 1922 5488 Κωνσταντίνου
2035 5454 2091 5494 ra

1913 5458 1922 5486 ι
2035 5439 2308 5511 ravitque
2339 5438 2416 5495 ad
2448 5455 2643 5512 usque
2665 5438 3090 5512 imperatorem
3113 5436 3570 5495 Constantinum
3586 5441 3693 5496 Po-

309 5532 405 5576 τοῡ
442 5525 767 5594 [Ῐωγωνάτου
817 5521 1128 5597 δισεγγόνου
1176 5529 1319 5588 όντος
1370 5534 1439 5596 τῷ
1497 5524 1708 5598 βασιλεῖ
1761 5525 1924 5600 Ἦρα·
2038 5544 2089 5598 gt

1915 5557 1924 5566 -
2038 5535 2351 5599 gonatum,
2383 5528 2764 5602 imperatoris
2812 5526 3060 5584 [Ieraclii
3089 5533 3506 5601 pronepotem.
3546 5532 3695 5587 Cum

311 5614 490 5685 κλείω,
555 5615 722 5684 τούτῳ
782 5617 880 5688 γαρ
933 5624 1004 5686 τῷ
1064 5613 1277 5688 βασιλεῖ
1332 5619 1396 5667 τα
1455 5615 1718 5689 Ῥωμαίων
1789 5626 1926 5677 σκῆ-
2038 5636 2091 5675 ει

1918 5649 1926 5658 -
2038 5619 2198 5675 enim
2227 5619 2322 5676 ille
2353 5621 2694 5676 Romanum
2728 5617 3052 5692 imperium
3090 5621 3340 5690 regeret,
3372 5618 3698 5675 illustrissi-

311 5725 459 5778 πτρα
512 5700 747 5756 διέποντι
798 5710 888 5758 καὶ
935 5708 1027 5768 τὰς
1100 5707 1236 5759 κατά
1294 5713 1504 5783 Περσῶν
1556 5706 1928 5782 λαμπροτάτας
2038 5727 2091 5766 m

1918 5730 1928 5772 ;
2038 5725 2293 5784 masque
2323 5709 2398 5767 de
2425 5709 2613 5766 Persis
2645 5709 2917 5767 victorias
2939 5711 3272 5782 perageret,
3305 5725 3444 5782 quae
3469 5713 3698 5784 septem
