4508 6436
820 404 892 485 es
2176 400 2449 457 NICET/E
2490 401 2860 459 cuoxmm
4013 375 4017 380 ’
4121 409 4189 461 84

825 538 1018 581 annos
1040 523 1400 580 continuatae
1432 528 1589 594 sunt,
1614 523 2025 580 Jacobitarum
2061 524 2390 580 catholicus
2425 524 2487 579 in
2519 528 2565 579 Α
2595 546 2605 575 ~.

2425 524 2741 587 ἱΠΑνίκας
2781 525 3005 594 ἀνὺοντι,
3076 525 3148 598 ἐφ’
3214 528 3293 590 αἷς
3358 532 3447 579 καὶ
3517 530 3705 600 χρόνος
3743 526 3989 589 ἑπταετης
4050 528 4192 601 ἐκμε-

831 628 1043 669 eorum
1065 613 1372 683 regionem
1398 613 1670 686 pergenti
1692 612 1743 667 ei
1761 613 2037 668 occurrit.
2066 614 2253 678 Quem
2274 613 2487 668 videns

824 700 1155 773 imperator
1175 701 1559 772 reprehendit
1575 700 1740 773 quod
1764 699 2228 757 Chalcedonensi
2252 701 2487 773 synodo

825 805 949 846 non
986 790 1319 846 adhaereret
1345 806 1358 856 ;
1390 790 1787 861 hortatusque
1817 806 1955 845 eum
1987 794 2075 845 est
2108 794 2171 845 ut
2221 806 2258 845 a
2287 793 2485 846 Mono-

825 878 1203 951 physitarum
1222 878 1505 951 opinione
1538 878 1861 949 recederet,
1876 879 2395 951 proclamaretque
2414 878 2489 934 de

828 966 1075 1031 Christo,
1108 968 1634 1041 quemadmodum
1662 967 1981 1024 orthodoxi
2010 969 2296 1035 sentiunt,
2329 967 2487 1023 duas

826 1060 1075 1112 naturas
1107 1056 1420 1112 inconfuse
1453 1057 1605 1112 inter
1637 1072 1699 1112 se
1732 1056 1957 1123 unitas,
1987 1056 2184 1129 ideSI,
2218 1056 2490 1113 divinita-

826 1148 948 1202 tem
992 1150 1049 1202 et
1092 1145 1553 1212 humanitatem,
1588 1146 1637 1201 si
1666 1145 1839 1201 vellet
1882 1146 1959 1201 ab
1992 1146 2127 1218 ipso
2165 1145 2488 1201 Antiochiae

827 1235 1199 1306 partriarcha
1224 1235 1551 1304 designari.
1586 1234 1926 1290 Catholicus
1953 1240 2154 1291 autem
2187 1235 2342 1290 sedis
2368 1251 2489 1291 ma-

829 1324 1139 1395 gnitudine
1156 1328 1369 1396 captus
1393 1340 1453 1379 se
1471 1340 1542 1379 ex
1562 1323 1773 1379 haeresi
1795 1340 2171 1380 recessurum
2190 1324 2487 1395 pollicitus

830 1416 919 1469 est
947 1413 1221 1485 duasque
1251 1412 1313 1468 in
1359 1412 1588 1468 Christo
1636 1416 1883 1469 naturas
1916 1413 2281 1480 crediturum
2328 1412 2485 1468 afﬁr-

829 1501 1035 1566 mavit,
1066 1501 1140 1557 de
1171 1500 1583 1557 voluntatibus
1610 1505 1813 1557 autem
1860 1501 2100 1558 dicebat
2150 1517 2211 1557 se
2255 1502 2487 1558 nescire

828 1604 979 1645 num
1001 1605 1101 1644 eas
1123 1605 1367 1662 quoque
1397 1588 1554 1644 duas
1586 1588 1822 1661 opinari
1870 1594 2191 1662 oporteret,
2220 1595 2276 1645 et
2314 1606 2384 1645 ea
2413 1590 2487 1646 de

827 1694 892 1734 re
914 1694 951 1734 a
992 1677 1194 1748 Sergio
1227 1677 1773 1751 Constantinopolis
1803 1680 2145 1750 patriarcha
2174 1678 2488 1735 consilium

828 1768 1014 1841 petiit.
1061 1767 1297 1825 Sciebat
1344 1768 1503 1823 enim
1550 1783 1689 1824 eum
1742 1767 1959 1824 docere
1998 1769 2058 1823 in
2100 1769 2331 1824 Christo
2360 1769 2487 1823 uni-

828 1874 965 1914 cam
993 1873 1122 1914 esse
1156 1857 1530 1913 voluntatem
1562 1860 1619 1913 et
1656 1858 2087 1930 operationem.
2130 1857 2341 1913 Scribit
2370 1860 2484 1913 im-

825 1949 1069 2020 perator
1091 1946 1169 2004 ad
1194 1946 1468 2016 Sergium
1509 1946 1583 2002 de
1613 1946 1727 2003 hac
1757 1947 2109 2018 quaestione.
2144 1947 2245 2003 Hic
2284 1951 2486 2003 autem

827 2037 932 2111 qui
949 2036 1151 2111 palam
1170 2036 1688 2093 Monothelitarum
1708 2037 2044 2093 doctrinam
2067 2037 2482 2110 profitebatur,

824 2126 1174 2199 imperatori
1202 2125 1531 2199 respondet
1550 2125 1814 2199 dicitque
1837 2131 2113 2199 oportere
2141 2144 2327 2183 unam
2350 2144 2487 2203 Ope-

824 2217 1122 2272 rationem
1144 2220 1200 2272 et
1229 2231 1417 2272 unam
1448 2215 1819 2271 voluntatem
1842 2216 2078 2273 docere.
2106 2220 2315 2275 Postea
2344 2235 2486 2276 vero

824 2305 1147 2373 Heraclius,
1181 2321 1319 2361 cum
1344 2305 1406 2360 in
1432 2304 1643 2361 urbem
1666 2305 1945 2375 venisset,
1974 2310 2315 2380 Cyrumque
2338 2310 2485 2366 Pha-

822 2395 969 2451 sidis
1003 2395 1105 2469 qui
1166 2410 1303 2450 eum
1336 2394 1585 2461 adierat,
1633 2393 1707 2450 de
1754 2394 1872 2450 hac
1919 2395 2195 2452 doctrina
2233 2397 2484 2455 interro—

824 2490 1026 2557 gasset
1054 2485 1496 2557 reperissetque
1527 2500 1663 2539 eum
1699 2500 1837 2540 cum
1864 2486 2066 2555 Sergio
2098 2489 2482 2560 concordem,

821 2564 1021 2631 lutosa
1074 2574 1256 2645 hujus
1300 2574 1604 2647 opinionis
1653 2577 2046 2647 persuasione
2095 2577 2172 2632 ab
2203 2578 2300 2632 hic
2332 2595 2483 2634 mer-

820 2665 1095 2732 cenariis,
1142 2664 1389 2720 minime
1439 2668 1639 2720 autem
1680 2665 2027 2737 pastoribus
2084 2666 2392 2737 imbuitur,
2426 2672 2483 2725 et

818 2752 1337 2811 Monothelitarum
1366 2753 1579 2809 haeresi
1609 2753 1895 2810 adhaeret.

886 3027 938 3078 2.
1001 3022 1130 3088 Quo
1187 3021 1415 3090 audito,
1466 3020 1841 3092 Sophronius
1904 3023 2358 3096 Hierosolyma,
2415 3025 2475 3081 in

2596 619 2868 685 μέτρηται,
2938 616 2962 664 ό
3047 622 3145 665 τῶν
3208 612 3518 667 Ἰακωϐιτῶν
3585 620 3832 689 πρόσεισι
3919 616 4193 679 καθολικός

2596 706 2713 775 περί
2756 722 2854 754 που
2908 707 3001 761 τὴν
3064 701 3264 756 ἐκείνων
3319 709 3499 776 χὼεραν
3556 701 3866 775 ἀφικομένῳ·
3910 704 3963 755 ὃν
4006 701 4191 757 ἱδὼνό

2599 788 2844 863 βασιλεὺς
2901 792 3176 863 ᾐτιάσατο,
3235 795 3307 864 μὴ
3373 796 3467 848 την
3528 790 3575 843 ἐν
3624 788 3929 849 Χαλκηδόνι
3984 798 4195 867 προσιέ-

2597 899 2743 945 μενον
2793 877 3051 933 σύνοδονο
3107 886 3196 934 καὶ
3243 886 3463 954 παρῄνει
3516 889 3610 943 τῆς
3657 890 3756 933 τῶν
3822 889 4192 955 Μονοφυσιτῶν

2599 967 2879 1041 ἀφιστάναι
2928 967 3103 1036 δόξης,
3167 974 3257 1022 καὶ
3313 972 3585 1045 κηρύττειν
3634 969 3717 1022 ἐπὶ
3783 978 4021 1045 Χριστοῦ
4080 970 4193 1024 ἐπί-

2602 1076 2694 1117 σης
2736 1067 2807 1129 τῷ
2857 1055 3148 1133 ὁρθοδόξων
3206 1064 3509 1131 συστήματι
3574 1056 3670 1111 δύο
3720 1062 3895 1131 φύσεις
3947 1059 4193 1132 ἀσυγχύ-

2599 1167 2699 1208 τως
2760 1149 3018 1220 ἡνωμένας
3075 1146 3337 1209 ἀλλήλαις,
3406 1152 3646 1201 τουτέστι
3692 1150 3911 1207 θεότητα
3960 1154 4050 1201 καὶ
4107 1148 4195 1200 ἀν-

2601 1238 2926 1311 θρωπότητα,
2986 1239 3091 1308 εἴγε
3158 1234 3399 1308 βούλοιτο
3468 1239 3807 1310 πατριάρχης
3875 1238 4197 1309 Ἀντιοχείας

2598 1325 2873 1378 ὑπἀὐτοῦ
2932 1323 3310 1399 προϐληθῆνσι.
3368 1325 3425 1376 Ὀ
3486 1321 3546 1377 δε
3592 1324 3867 1385 καθολικός
3927 1333 3999 1395 τῷ
4040 1345 4195 1398 μεγα-

2596 1414 2713 1486 λείῳ
2744 1422 2833 1467 τοῦ
2868 1416 3047 1487 θρόνου
3096 1411 3388 1474 ἐνηδυνθεὶς
3436 1418 3530 1472 την
3563 1414 3749 1487 ψυχήν
3790 1412 3842 1477 ἐξ
3890 1413 4054 1475 αὐτῆς
4104 1419 4197 1473 τὴν

2597 1503 2884 1577 μεταϐολὴν
2941 1511 3036 1564 τῆς
3084 1505 3324 1575 αἱρέσεως
3379 1501 3736 1574 ἐπηγγεῦατο,
3796 1508 3884 1555 καὶ
3965 1500 4062 1555 δύο
4114 1502 4198 1555 ἐπὶ

2596 1600 2831 1665 Χριστοῦ
2907 1588 3146 1655 δοξάζειν
3217 1595 3397 1664 φύσεις
3450 1594 3734 1645 κατέθετο·
3802 1597 3922 1665 περὶ
3987 1589 4045 1645 δὲ
4094 1601 4193 1645 τῶν

2600 1682 2795 1754 θελημά
2826 1701 2923 1733 των
2957 1679 3153 1752 ἀγνοεῖν
3200 1680 3382 1752 ᾖεγεν,
3417 1681 3459 1733 εἷ
3517 1685 3690 1756 χρεὼν
3728 1686 3818 1733 καὶ
3874 1688 4040 1733 ταῦτα
4098 1678 4196 1733 δο-

2598 1770 2769 1833 ξάζειν
2820 1767 2996 1835 διττὰ,
3028 1775 3117 1821 καὶ
3166 1775 3259 1828 τὴν
3319 1769 3371 1822 ἐκ
3437 1775 3649 1844 Σεργίου
3706 1777 3798 1821 τοῦ
3856 1772 4193 1843 πατριάρχου

2600 1859 3186 1921 Κωνσταντινουπὸλεως
3258 1856 3499 1931 διδαχὴν
3578 1858 3838 1932 ἐξῃτεῖτο·
3906 1856 4027 1932 ᾔδει
4090 1862 4192 1934 γὰρ

2594 1957 2774 2001 τοῦτον
2834 1946 3123 2012 δοξάζοντα
3172 1952 3277 2002 τὸν.
3312 1950 3544 2021 Χριστὸν
3605 1947 3941 2020 μονοθέλητόν
3988 1966 4042 2000 τε
4103 1952 4193 2001 καὶ

2584 2043 2978 2112 ’μονενέργητον.
3026 2041 3214 2114 Γράφει
3269 2042 3440 2090 τοίνυν
3489 2038 3514 2088 ὁ
3569 2035 3816 2108 βασιλεὺς
3860 2045 3931 2108 τῷ
3999 2041 4191 2111 Σεργίῳ

2594 2133 2711 2201 περὶ
2764 2124 2920 2179 τοῦδε
2958 2135 3050 2179 τοῦ
3093 2129 3342 2202 ῥήματος·
3389 2128 3414 2177 ὁ
3455 2122 3514 2179 δε
3571 2128 3637 2178 τὰ
3688 2134 3786 2178 τῶν
3824 2125 4191 2183 Μονοθελητών

2594 2216 2754 2269 πάλαι
2846 2216 3164 2291 πρεσϐεύων,
3234 2214 3609 2268 ἀντεπιστέλλει
3663 2223 3736 2287 τῷ
3808 2214 4038 2288 βασιλεῖ,
4103 2220 4192 2267 καὶ

2593 2313 2793 2378 χρῆναι
2849 2304 2981 2377 λέγει
3029 2310 3152 2378 μίαν
3204 2291 3456 2379 ἐνέργειαν
3525 2309 3615 2356 καὶ
3672 2308 3794 2377 μίαν
3845 2303 4052 2361 θελησιν
4109 2303 4192 2357 ἐπὶ

2594 2402 2828 2470 Χριστοῦ
2894 2391 3252 2466 δογματίζειν.
3330 2394 3410 2455 Ἐς
3471 2394 3685 2466 ὕστερον
3749 2389 3808 2445 δὲ
3871 2392 4190 2467 Ἡράκλειος,

2593 2490 2685 2543 τὴν
2738 2485 2884 2537 πόλιν
2939 2483 3265 2554 καταλαϐὼν,
3317 2489 3405 2536 καὶ
3466 2491 3632 2556 Κῦρον
3704 2486 3789 2535 τόν
3823 2480 4081 2560 ,Φάσιδος
4123 2484 4195 2544 εἰς

2593 2573 2711 2645 ὄψιν
2753 2574 2891 2644 αὐτῷ
2937 2574 3150 2625 ἐλθόντα
3196 2578 3313 2646 περὶ
3371 2576 3557 2624 τούτου
3610 2579 3701 2624 τοῦ
3752 2569 4017 2644 δόγματός
4074 2571 4194 2645 ἐρω-

2590 2668 2771 2729 τήσας,
2832 2667 2921 2714 καὶ
2968 2671 3040 2733 τῷ
3090 2666 3280 2734 Σεργίῳ
3339 2661 3497 2737 εὑρὼν
3551 2663 3906 2733 ὁμογνώμονα,
3959 2667 4053 2719 τὴν
4114 2664 4195 2714 θο-

2590 2752 2736 2825 λεράν
2789 2760 2880 2812 τῆς
2939 2748 3099 2813 δόξης
3154 2754 3350 2811 ταύτης
3430 2755 3721 2825 ἀνατροπὴν
3777 2752 4049 2811 ποτίζεται
4100 2756 4190 2804 καὶ

2590 2841 2746 2902 αὐτὸς
2810 2843 2955 2915 παρὰ
3018 2848 3118 2892 τῶν
3176 2842 3453 2913 μισθωτῶν
3521 2839 3720 2891 ἐκείνων
3785 2845 3874 2892 καὶ
3940 2845 4011 2912 μὴ
4078 2860 4191 2893 ποι-

2587 2934 2768 3002 μένων,
2797 2935 2887 2981 καὶ
2944 2938 3005 3002 τῇ
3049 2928 3566 2987 τῶνΜονοθελητῶν
3621 2931 3817 3001 αἱρέσει
3868 2932 4185 2984 συντίθεται.

2659 3018 2728 3092 β’.
2762 3026 2925 3071 Τοῦτο
2981 3015 3030 3070 δ’
3086 3017 3152 3079 εἰς
3210 3016 3317 3069 ὦτα
3384 3015 3655 3090 δεξάμενος
3712 3019 3737 3069 ὁ
3820 3016 4187 3091 Ἰεροσολύμων

813 3110 1207 3181 magnificam
1239 3109 1614 3166 Constantini
1663 3108 1879 3166 urbem
1920 3112 2178 3183 advenit,
2215 3129 2474 3186 cumque
2515 3123 2553 3178 c
2585 3116 2593 3160 1

2405 3129 2474 3168 ue
2515 3113 2859 3181 οΣωφόνιος,
2914 3107 2981 3167 εἰς
3046 3113 3139 3165 τὴν
3202 3112 3591 3160 Κωνσταντίνου
3650 3106 3949 3159 καλλίπολιν
4014 3127 4183 3173 παρα-

814 3200 1086 3270 Sergium
1119 3199 1383 3274 adiisset,
1437 3215 1575 3254 eum
1624 3200 1919 3269 corrigere
1970 3203 2232 3265 tentavit,
2268 3205 2475 3259 dicens

811 3291 873 3347 in
927 3290 1089 3346 idem
1150 3289 1411 3345 recidere
1472 3288 1717 3344 unicam
1769 3289 1831 3344 in
1896 3291 2126 3347 Christo
2193 3298 2474 3349 naturam

812 3381 1028 3437 docere
1052 3385 1106 3437 et
1129 3379 1372 3435 unicam
1397 3377 1761 3434 voluntatem
1779 3380 2315 3455 operationemque
2340 3400 2474 3456 pro-

811 3471 984 3541 ﬁteri,
1020 3475 1199 3543 atque
1243 3470 1327 3525 ita
1369 3467 1648 3525 renovari
1688 3470 2241 3543 Monophysitarum
2284 3473 2475 3529 haere-

813 3562 949 3630 sim,
977 3577 1164 3634 quam
1189 3558 1699 3615 Chalcedonensis
1743 3559 2048 3631 synodum
2088 3563 2475 3632 rejiciendam

812 3650 1096 3707 decrevit.
1148 3652 1553 3721 Hortatusque
1598 3652 1684 3704 est
1740 3649 2009 3720 Sergium
2060 3657 2123 3706 ut
2154 3652 2477 3709 Ecclcsiam

812 3756 938 3798 non
966 3756 1176 3796 rursus
1205 3740 1264 3794 in
1290 3738 1620 3794 certamina
1642 3737 1929 3807 injiceret.
1967 3741 2111 3796 Cum
2142 3748 2342 3797 autem
2376 3745 2476 3799 So-

813 3830 1107 3905 phronius
1128 3826 1651 3899 Constantinopoli
1680 3828 2039 3895 recessisset,
2080 3831 2380 3887 Heraclius
2424 3838 2479 3888 et

818 3922 1061 3991 Sergius
1093 3919 1203 3975 sibi
1236 3918 1708 3975 consentientem
1741 3918 2034 3974 Joannem
2059 3919 2351 3976 habentes
2375 3922 2481 3994 qui

815 4016 958 4068 tunc
985 4008 1270 4082 temporis
1302 4007 1563 4080 antiquae
1591 4009 1793 4062 Romre
1820 4007 2202 4079 praesidebat,
2236 4012 2479 4067 unicam

817 4117 947 4159 esse
976 4100 1148 4157 Verbi
1176 4103 1233 4155 et
1258 4097 1458 4154 carnis
1502 4095 1871 4152 voluntatem
1922 4097 2199 4165 docuere,
2232 4099 2479 4157 litteras-

818 4207 937 4266 que
955 4190 1029 4246 de
1066 4189 1180 4245 hac
1212 4205 1274 4245 re
1305 4202 1673 4261 quocunque
1705 4191 1999 4243 terrarum
2055 4189 2351 4245 mittentes
2383 4192 2483 4245 Ec-

820 4280 1031 4337 clesias
1063 4278 1377 4335 discidere.

894 4374 947 4425 3.
991 4372 1312 4442 Postquam
1341 4371 1540 4422 autem
1561 4365 1863 4423 Heraclius
1884 4381 1915 4421 e
1951 4366 2070 4422 vita
2096 4366 2371 4437 migravit
2390 4370 2483 4424 tri-

2583 3203 2804 3268 γίνεται,
2849 3202 2939 3249 καὶ
3000 3202 3191 3272 Σεργίῳ
3254 3201 3643 3268 συγγενόμενος,
3709 3202 3952 3271 πειρᾶται
4007 3203 4185 3249 τοῦτον

2586 3286 2917 3361 ἐπανορθοῦν,
2972 3286 3129 3339 λέθων
3172 3282 3339 3358 μηδὲν
3400 3306 3450 3337 τι
3508 3282 3873 3357 διενηνοχέναι
3931 3294 4023 3338 τοῦ
4063 3291 4184 3358 μίαν

2587 3380 2740 3450 φύσιν
2773 3377 2934 3449 λέγειν
2975 3375 3059 3428 ἐπὶ
3106 3384 3338 3449 Χριστοῦ
3387 3380 3445 3427 τὸ
3501 3372 3837 3448 δογματίζειν
3886 3376 3933 3428 ἓν
3990 3376 4188 3448 θέλημα

2586 3473 2674 3519 καὶ
2705 3472 2827 3539 μίαν
2866 3465 3141 3539 ἐνέργειαν,
3192 3471 3282 3518 καὶ
3336 3468 3400 3526 ὡς
3454 3466 3588 3517 οὕτω
3638 3465 3790 3517 πάλίν
3840 3467 3868 3522 ἡ
3924 3474 4024 3517 τῶν
4072 3473 4187 3518 Μο-

2585 3564 2873 3629 νοφυσιτὼν
2947 3557 3142 3630 αἵρεσις
3190 3554 3540 3627 ἐπεισάγεται,
3594 3556 3653 3613 ἦν
3698 3556 3726 3612 ἡ
3779 3553 3825 3605 ἐν
3883 3551 4188 3612 Χαλκηδόνι

2589 3643 2810 3707 σύνοδος
2851 3644 3136 3702 ἀπόϐλητον
3194 3647 3375 3718 ἔκρινε.
3424 3649 3522 3697 Καὶ
3594 3644 3871 3719 παρεκάλει
3928 3648 4014 3696 τόν
4065 3649 4187 3719 Σέρ-

2585 3756 2717 3808 γιον,
2763 3740 2833 3808 μὴ
2898 3741 2989 3787 καὶ
3030 3732 3181 3795 αὖθις
3231 3739 3323 3792 τὴν
3361 3733 3673 3792 Ἐκκλησίαν
3724 3734 3795 3794 εἰς
3844 3732 4049 3805 ἀγῶνας
4105 3733 4188 3806 ἐμ-

2589 3825 2777 3879 ϐαλεῖν.
2826 3830 3113 3898 Σωφρονίου
3176 3820 3233 3876 δε
3272 3832 3368 3885 τῆς
3425 3828 3815 3876 Κωνσταντίνου
3872 3821 4186 3899 ἀπάραντος,

3154 3918 3358 3986 Σέργιος
3459 3912 3741 3985 σύμψηφον

2915 4005 2991 4075 (1)
3065 4007 3152 4055 τὸν
3218 4010 3309 4063 τῆς
3376 4001 3692 4077 παλαιτέρας

3844 3915 4052 3984 ἔχοντες
4101 3918 4191 3965 καὶ

3773 4000 3970 4074 Ῥώμης
4046 4022 4189 4060 τηνι-

2589 4103 2759 4146 καῦτα
2800 4090 3073 4168 προεδρον,
3126 4092 3173 4145 ἓν
3216 4091 3412 4164 θέλημα
3460 4100 3551 4143 τοῦ
3602 4095 3777 4163 Λόγου
3808 4096 3898 4143 καὶ
3927 4100 4019 4152 τῆς
4068 4111 4192 4166 σαρ-

2590 4190 2676 4245 κός
2725 4181 3100 4257 ἐδογμάτισαν,
3161 4190 3250 4235 και
3313 4184 3601 4257 γράμματα
3651 4186 3769 4254 περὶ
3820 4184 4007 4234 τούτου
4067 4202 4193 4235 πανο

2586 3914 2882 3987 Ἡράκλειος
2971 3920 3059 3966 καὶ

2585 4007 2823 4062 Ἰωάννην

2592 4282 2765 4346 ταχοῦ
2846 4271 3275 4346 διεκπέμψαντες,
3334 4275 3429 4334 τὰς
3491 4271 3803 4333 Ἐκκλησίας
3871 4268 4188 4323 διέσπασαν.

2665 4363 2729 4435 γ’.
2761 4363 3062 4437 Ἡρακλείου
3123 4359 3181 4414 δὲ
3231 4365 3315 4413 τὸν
3366 4360 3425 4433 βι
3537 4360 3875 4422 ἀπολιπόντος
3928 4363 4064 4413 κατά
4107 4364 4194 4412 τόν

825 4461 1050 4519 ccsimo
1084 4459 1269 4516 ferme
1292 4458 1527 4532 imperii
1554 4457 1645 4514 sui
1663 4473 1846 4521 anno,
1872 4461 1927 4512 et
1951 4458 2188 4527 Sergius
2215 4466 2483 4514 mortuus
2518 4432 2560 4484 ι)
2596 4476 2605 4503 τ

2417 4432 2560 4513 USD
2596 4457 2905 4530 τριακοστόν
2984 4461 3185 4525 πρῶτον
3242 4456 3431 4526 χρόνον
3510 4459 3600 4511 τῆς
3660 4450 3934 4523 βασιλείας
4010 4450 4195 4518 αὐτοῦ,

826 4552 955 4620 fuit,
981 4550 1188 4607 sedem
1226 4548 1391 4605 illam
1440 4563 1752 4605 successor
1799 4547 2031 4620 accepit
2061 4548 2345 4619 Pyrrhus,
2379 4551 2487 4622 qui

903 4732 1108 4804 (l)‘Dic
1134 4730 1494 4800 Honorium,
1524 4727 1941 4804 cujus_causze
1981 4726 2323 4804 tractandae
2360 4742 2485 4804 non

832 4797 925 4864 est
952 4797 1049 4859 hic
1076 4803 1243 4859 locus
1269 4821 1281 4866 ;
1310 4797 1672 4873 quanquam
1699 4798 2017 4873 Sophronii
2047 4797 2105 4852 in
2130 4798 2485 4873 longissima

833 4875 1129 4951 synodica
1180 4868 1427 4951 epistola
1459 4868 1793 4951 silentium
1829 4868 1919 4951 de.
1954 4869 2369 4951 Honoriotubi
2404 4872 2487 4925 to't

831 4940 1147 5007 haereticos
1183 4940 1365 5001 etiam
1412 4944 1682 5000 viventes
1724 4940 2009 5013 appellat,
2040 4941 2281 4996 Honorii
2310 4942 2483 4997 inno-

833 5020 1093 5079 centiam
1120 5018 1407 5093 denotare
1427 5016 1700 5093 vi_det_ur._
1731 5014 1909 5093 Certe
1931 5014 2220 5068 Joannem
2259 5028 2485 5093 papam

832 5092 1168 5167 (quartum)
1200 5105 1337 5145 cum
1383 5085 1737 5167 orthodoxis
1786 5085 1988 5167 potius
2033 5086 2487 5167 connumeravit

829 5156 1222 5235 laudavitque
1274 5166 1479 5235 noster
1508 5156 1926 5235 Sophronius,
1948 5158 2205 5235 _tes_te_S_.
2239 5156 2484 5235 Maximi

826 5227 1168 5307 biographb
1189 5234 1249 5290 in
1275 5227 1629 5307 codiceVat'.
1660 5233 1784 5294 353,
1816 5245 1873 5301 p.
1911 5231 2009 5283 139
2032 5228 2092 5294 b,
2113 5227 2212 5307 his
2243 5228 2481 5307 verbis:

826 5249 1168 5361 biograpno
1189 5250 1249 5290 in
1275 5249 1481 5289 coaice
1514 5249 1629 5286 vat.
1660 5249 1784 5294 ded,
1816 5249 1873 5301 p.
1911 5249 2009 5283 ιον
2032 5249 2092 5294 υ,
2119 5249 2212 5282 uis
2244 5249 2438 5284 vernis
2469 5249 2481 5283 :

824 5310 971 5364 Ἐπεὶ
1076 5310 1098 5360 ὲ
1162 5310 1220 5359 τό
1310 5304 1425 5357 κατ’
1483 5303 1640 5356 ἐκεῖνο
1706 5308 1914 5375 καιροῦ-
1951 5304 2231 5375 Σωφρόνιος
2293 5304 2379 5375 τόν
2416 5301 2484 5375 ,ἐν

824 5380 1202 5456 Ἱεροσολύμοις
1267 5380 1444 5451 θρόνον
1493 5371 1843 5447 ἐνεχειρίσθη,
1893 5371 2023 5456 ἀνὴρ
2067 5371 2308 5445 εὐσεϐείᾳ
2357 5372 2486 5456 λάμ-

826 5447 936 5509 πων
997 5447 1093 5506 καῖ
1161 5447 1339 5526 ἀρετῇ,
1412 5450 1857 5526 συναθροίζοντας
1896 5449 2031 5526 ,περὶ
2110 5452 2290 5497 τοῦτον
2366 5447 2485 5497 ὅσον

824 5512 1204 5611 ἀργιερατικόνΙ
1237 5512 1336 5575 καί
1379 5512 1679 5595 ὁρθόδοξον,
1732 5512 2008 5571 διαϐάλλον
2065 5519 2155 5588 μὲν
2210 5520 2303 5569 σὺν
2348 5518 2487 5588 αὐτῷ

900 5588 937 5611 ,³
1076 5602 1125 5611 Α.
1423 5593 1538 5611 ουκλ
1716 5595 1725 5607 1
1872 5595 1925 5611 ἠν
1999 5588 2069 5611 _’_‘
2134 5596 2213 5611 7-5
2250 5598 2483 5611 u_,_,_"

825 5583 937 5653 καῖ’
970 5583 1257 5668 ἀναθέματι
1299 5583 1605 5668 περίϐάλλον
1644 5595 1765 5668 τοὺς
1821 5595 1944 5660 μίαν
1994 5583 2076 5668 ἐπξ
2099 5596 2215 5668 *τοῦ
2250 5583 2485 5668 Χριστον

826 5677 1053 5747 φυσικὴν
1120 5654 1392 5746 ένέργειαν,
1449 5672 1539 5718 καὶ
1587 5666 1636 5718 ἓν
1678 5660 1995 5747 δοξάζοντας
2052 5654 2483 5747 θε7.ημα,ἐύφηο

820 5737 951 5819 μοῦν
993 5741 1052 5797 δὲ
1095 5737 1204 5798 καῖ
1237 5737 1596 5817 ’ἀνακηρύττον
1645 5742 1767 5799 τοὺς
1809 5738 1936 5809 πρὸς
1996 5740 2109 5794 ταῖς
2163 5737 2261 5787 δύο
2292 5737 2481 5806 φύσεσι

2596 4550 2684 4597 καὶ
2738 4548 2948 4617 Σεργίου
2996 4546 3052 4595 τό
3108 4543 3203 4614 ζῇν
3256 4540 3735 4613 καταστρέψαντος,
3790 4542 3815 4593 ὁ
3864 4542 3953 4613 μὲν
3994 4541 4193 4615 Πύρρος

2596 4731 2685 4779 καὶ
2745 4729 2835 4786 τάς
2892 4721 3070 4784 διττὰς
3124 4723 3370 4797 ἐνεργείας
3400 4725 3530 4795 μετὰ
3576 4730 3680 4797 τῶν
3713 4725 3842 4774 ἴσων
3893 4720 4193 4797 θελημάτων

2597 4798 2973 4869 ὁμολογοῦντας
3025 4801 3114 4848 καὶ
3152 4790 3508 4869 περιέποντας.
3570 4794 3876 4865 Βουλόμενος
3916 4790 3981 4869 ’δ’
4014 4790 4039 4846 ὂ
4068 4796 4196 4866 ἱερὸς

2597 4863 2915 4941 οὗτοςάνηρ
2962 4874 3051 4919 καὶ
3099 4863 3348 4939 μειζόνως
3401 4863 3762 4940 διατρανώσαι
3801 4869 3864 4917 τὰ
3905 4863 4190 4931 ἐκτεθέντα,

2599 4940 2753 4999 δηλοῖ
2943 4938 3107 5013 μέρος
3134 4944 3249 5013 περὶ
3280 4939 3447 4990 αὐτῶν
3478 4938 3567 4990 καὶ
3610 4939 3815 5009 Ἰωάννῃ
3866 4945 3937 5006 τῷ
3973 4938 4193 5008 Ῥώμης,

2554 5050 2561 5059 ι
2597 5015 2731 5066 οὖτὼ
2775 5015 2875 5087 γὰρ
2922 5011 3150 5063 ἐκαλεῖτο
3194 5011 3400 5081 ἐκεῖνος,
3434 5014 3524 5061 καὶ
3570 5014 3759 5084 Σεργίῳ
3808 5016 3879 5087 τῷ
3928 5014 4197 5087 Κωνσταν-

2595 5077 2949 5153 τινουπόλέως,
2995 5082 3135 5134 ἀλλά·
3170 5089 3275 5156 μὴν
3330 5077 3415 5133 καὶ
3460 5077 3637 5156 -ῐςύρῴ
3788 5077 4193 5156 ξΑλεξανδρεΔίας,

2597 5162 2713 5217 τοὺς
2788 5160 2877 5229 μεν
2937 5149 3178 5229 ’κακίζων
3246 5159 3361 5206 καὶη
3392 5149 3559 5206 πολλα
3599 5149 3883 5225 ’φαυλίζων
3924 5149 4042 5204 τοῦ’
4071 5149 4193 5223 δόγ-

2598 5224 2796 5303 ματος,’
2836 5249 2922 5280 τον
2982 5224 3031 5279 δ’
3064 5230 3131 5288 ὡς
3198 5226 3333 5288 εἰκὸς
3397 5224 3747 5278 ἑπαινώνντόν
3806 5226 4046 5282 Ἰωάννην
4094 5228 4196 5303 ’καὶ

2598 5296 2801 5375 μυρίοις
2830 5304 3164 5375 καταστέφων
3190 5307 3307 5375 τοῖς
3341 5298 3630 5371 ἐγκωμίοις.
3668 5300 3786 5375 Hoc
3824 5311 3936 5365 ego
3983 5296 4197 5375 perho-

2596 5360 2913 5429 noriﬁcum
2946 5360 3078 5426 non'
3098 5371 3173 5425 de
3203 5360 3430 5426 Joanne
3460 5360 3622 5441 papa
3651 5360 4001 5441 solumfsed
4016 5368 4196 5424 etiam

2598 5446 2672 5501 de
2705 5445 3063 5517 Sophronio,
3097 5432 3783 5517 testimoniuml'ibenter
3810 5440 3906 5496 hic
3933 5441 4193 5517 recitavi.

2597 5511 2899 5573 Adde-sis
2955 5516 3385 5586 Theophanem
3450 5514 3547 5586 ed.
3615 5511 3796 5581 Paris,
3824 5512 4099 5586 _p._274,
4141 5516 4199 5567 et

2595 5590 2723 5712 vage
2751 5582 3132 5712 qq§6spribit
3150 5588 3389 5659 copiose
3427 5585 3626 5641 Biuius
3659 5582 3881 5647 Concil,
3930 5582 4118 5639 Labb.
4152 5588 4192 5639 t.

2646 5706 2657 5712 -
2685 5678 2741 5712 ι).
2860 5667 2869 5679 ’
2915 5692 2933 5700 -
2978 5702 2991 5712 .

2595 5665 2657 5730 v,
2685 5678 2741 5733 p.
2777 5665 2991 5717 1756-7.
