4508 6436
333 337 405 389 85
1700 332 2047 388 THESAURI
2087 330 2222 389 LIB.
2268 332 2373 389 XV.
3647 330 3718 387 88

329 461 421 509 τὸν
460 465 557 518 τῆς
618 459 899 530 ἱερωσύνης
959 454 1277 530 διαδέχεται
1319 460 1517 532 θρόνον,
1579 452 1831 528 ὁμόδοξος
1881 457 1948 506 ὡν
1983 462 2028 511 A
2060 470 2109 510 ea

1935 477 1948 505 ρ
1983 462 2028 511 A
2060 455 2274 511 eadem
2288 471 2357 511 ac
2379 453 2618 523 Sergius
2632 450 3373 525 proﬁtebatur,imperium
3387 467 3529 510 vero
3548 454 3715 511 sorti-

327 555 404 617 τῷ
456 552 671 620 Σεργίῳ,
733 552 823 605 την
885 543 945 599 δὲ
1003 546 1277 620 βασιλείαν
1321 552 1705 606 Κωνσταντῖνος
1763 546 1788 596 ό
1827 552 1947 604 παῖς
2060 548 2107 598 ll

1931 564 1947 604 ;
2060 548 2155 598 tus
2180 543 2658 599 estConstantius
2675 541 2919 597 Heraclii
2945 540 3176 605 ﬁlius.Q
3189 556 3263 596 uo
3285 556 3391 613 per
3409 557 3711 599 venenum

319 636 635 709 Ἡρακλείου
706 636 1017 711 κληροῦται,
1106 640 1305 689 Τούτου
1385 634 1442 688 δε
1518 636 1775 709 φαρμάκῳ
1852 638 1945 691 τὴν
2058 649 2097 705 p

1930 655 1945 684 ν
2058 638 2193 705 post
2214 650 2401 688 unum
2428 631 2661 704 imperii
2687 645 2916 687 annum
2945 629 3373 701 absumpto,ad
3399 631 3710 687 Martinam

326 725 465 784 ζωὴν
506 725 898 787 καταλύσαντος
957 728 1086 797 μετὰ
1119 731 1310 799 χρόνον
1358 728 1444 778 ἕνα
1480 733 1568 783 τῆς
1626 726 1942 795 μοναρχίας,
2055 727 2106 778 et

1930 767 1942 789 ,
2055 727 2112 778 et
2152 723 2595 790 lleraeleonem,
2629 736 2811 793 quem
2875 735 2942 775 ex
2985 734 3056 775 ea
3088 723 3378 789 genuerat
3408 720 3709 777 Heraclius

316 814 397 895 fi;
468 822 739 887 Μαρτίναν
806 820 898 867 καὶ
967 819 1053 867 τὸν
1115 814 1465 890 Ἠρακλεωνᾱιν
1518 817 1604 865 τόν
1663 811 1715 874 ἐξ
1785 812 1943 869 αὐτῆς
2053 813 2096 867 ir

1924 814 1943 853 ς
2053 813 2373 884 imperium
2413 812 2674 867 devenit.
2708 812 2852 866 Cum
2885 814 3085 865 autem
3121 809 3406 865 omnibus
3446 809 3525 865 ob
3556 812 3704 866 Con-

336 903 611 975 Ηρακλείῳ
689 902 1047 975 ἀποτεχθέντα
1121 907 1149 963 ἡ
1233 904 1482 977 βασιλεία
1570 908 1872 974 μεταχωρεῖ
1926 917 1937 930 ·
2054 905 2116 957 st:

1927 917 1937 930 '
2054 902 2297 957 stantini
2330 907 2583 957 mortem
2633 899 2773 955 odio
2817 903 3039 966 essent,
3080 914 3116 953 a
3149 914 3392 954 summa
3421 898 3707 956 decidunt

314 995 632 1062 μισηθέντες
677 990 736 1045 δε
776 996 875 1045 ὑπό
930 996 1157 1063 πάντων,
1213 991 1305 1046 διὰ
1362 998 1447 1046 τόν
1502 1000 1594 1045 τοῦ
1656 999 1937 1044 Κωνσταν-
2050 1007 2094 1062 ρ

1922 1021 1937 1031 -
2050 996 2359 1062 potestate.
2404 990 2726 1063 Expellitur
2750 994 2807 1045 et
2845 988 3106 1061 Pyrrhus
3140 988 3217 1044 ab
3258 988 3533 1055 ecclesia,
3557 992 3613 1045 et
3641 989 3702 1045 in

315 1086 463 1132 τίνου
527 1085 768 1150 θάνατον,
808 1091 904 1145 τῆς
963 1084 1255 1156 αῦταρχίας
1303 1082 1663 1135 ἐκπίπτουσιν.
1712 1078 1935 1131 Ἐκϐάλ-
2047 1095 2095 1134 οι

1921 1110 1935 1119 -
2047 1080 2447 1136 occidentales
2464 1080 2736 1153 partesin
2751 1078 3024 1133 exsilium
3039 1078 3121 1132 ire
3134 1081 3155 1148 j
3168 1077 3701 1151 ubetur,tanquam

312 1168 461 1221 λεται
504 1167 563 1223 δὲ
621 1177 711 1223 καὶ
762 1172 966 1246 Πυρρος
1016 1181 1113 1234 τῆς
1161 1172 1497 1240 Ἐκκλησίας,
1552 1175 1640 1222 καὶ
1681 1173 1849 1241 φυγὴν
1887 1168 1936 1230 ἐς
2047 1184 2092 1239 ρ

1924 1190 1936 1230 :
2047 1168 2289 1239 perﬁda
2315 1168 2686 1224 Constantini
2721 1167 2902 1222 cadis
2932 1182 3069 1221 cum
3096 1165 3454 1222 Heracleone
3483 1172 3540 1223 et
3561 1170 3704 1224 Mar-

310 1263 447 1332 μέρη
526 1262 595 1311 τα
669 1260 883 1332 ἑσπέρια
956 1267 1341 1335 κατακρίνεται,
1442 1265 1510 1321 ως
1597 1262 1935 1330 συμμέτοχος
2044 1258 2081 1311 ti

1919 1278 1935 1319 ;
2044 1258 2168 1313 tina
2220 1260 2543 1330 particeps,
2595 1262 2650 1313 et
2695 1258 2753 1312 in
2805 1256 3035 1325 regiam
3090 1255 3296 1311 sedem
3328 1256 3699 1312 Constantini

306 1346 646 1419 Ἠρακλεωνᾲ
703 1357 792 1403 καὶ
861 1356 1096 1425 Μαρτίνη
1161 1360 1258 1412 τῆς
1317 1358 1410 1403 τοῦ
1464 1348 1724 1422 βασιλέως
1783 1354 1933 1399 Κων-
2041 1345 2080 1399 ﬁ

1917 1375 1933 1389 -
2041 1345 2199 1401 ﬁlius
2229 1346 2521 1403 Constans
2552 1346 2871 1410 invehitur,
2904 1344 2965 1400 in
2997 1344 3327 1416 episcopali
3357 1360 3500 1400 vero
3531 1345 3697 1402 insti-

309 1443 592 1489 σταντίνου
656 1436 1047 1511 δολοφονήσεως
1078 1457 1091 1469 “
1134 1444 1223 1491 καὶ
1277 1440 1348 1501 εἰς
1407 1444 1496 1512 μεν
1526 1441 1612 1489 τὸν
1661 1434 1930 1507 βασίλειον
2040 1438 2089 1488 tu

1840 1446 1930 1486 ῑιον
2040 1435 2221 1490 tuitur
2248 1436 2468 1491 Paulus
2502 1436 2685 1505 Sergii
2721 1438 2777 1491 'et
2806 1433 3014 1506 Pyrrhi
3052 1434 3368 1505 opiniones
3390 1433 3620 1492 fovens.

307 1526 548 1596 θρόνονό
602 1536 692 1580 τοῦ
727 1534 1117 1581 Κωνσταντίνου
1156 1531 1263 1588 υίὸς
1324 1535 1566 1587 Κώνστας
1600 1524 1865 1596 ἀνάγεται,
1921 1521 1989 1583 εἰς
2036 1520 2095 1576 δε
2145 1529 2230 1576 τόν
2284 1525 2656 1599 ἀρχιερατικὸν
2705 1524 2903 1584 Παῦλος
2955 1525 3324 1595 ὁμογνωμονῶν
3377 1528 3567 1597 Σεργίῳ
3607 1526 3692 1576 καὶ

306 1620 349 1664 Π
358 1614 500 1687 oga?)
509 1658 520 1669 .

378 1700 447 1757 δ’.
512 1706 626 1757 Ἐπὶ
693 1709 881 1757 τούτου
939 1705 1197 1779 βασιλέως
1253 1708 1279 1757 ὁ
1334 1705 1607 1777 (Pam-“7°;
1658 1703 1919 1779 Μάξιμοῆ
1963 1753 2001 1779 ι)
2104 1702 2156 1754 4’

1910 1756 1919 1779 ν
1963 1753 2001 1779 D
2104 1702 2156 1754 4.
2179 1702 2304 1766 Quo
2336 1702 2991 1774 imperante,Maximus
3013 1700 3413 1773 philosophus
3438 1702 3542 1773 qui
3562 1703 3690 1759 erat

302 1791 603 1867 ἀσηκρῆτις
658 1795 725 1844 ὠν
779 1800 867 1846 καὶ
929 1799 1091 1867 παρὰ.
1136 1794 1417 1867 βασιλεῦσι
1474 1798 1803 1866 τετιμημένος
1859 1792 1923 1841 τὰ
1963 1790 2069 1843 ντὶ

1907 1793 1923 1840 ‘z
1963 1790 2002 1807 ν
2033 1803 2069 1843 a
2110 1790 2350 1845 secretis
2391 1797 2447 1847 et
2502 1792 2770 1847 maximo
2818 1791 3047 1846 honore
3102 1790 3180 1846 ab
3219 1790 3687 1862 imperatoribus

296 1887 555 1953 μέγιστα,
589 1887 760 1935 πάντα
798 1891 1005 1958 παρεὶς,
1053 1890 1111 1936 τὸ
1171 1885 1219 1937 ἐν
1275 1894 1336 1956 τῇ
1377 1884 1702 1957 Χρυσοπόλει
1754 1900 1921 1932 κατα·
2030 1894 2076 1933 οι

1906 1911 1921 1919 -
2030 1879 2359 1949 colebatur,
2392 1884 2621 1937 cunctis
2658 1880 2839 1937 rebus
2888 1880 3211 1947 abdicatis,
3266 1880 3686 1953 Chrysopolim

295 1971 554 2043 λαμϐάνει
624 1980 999 2047 μοναστήριον,
1079 1980 1168 2027 καὶ
1233 1979 1325 2032 τὴν
1399 1978 1690 2045 κοσμικὴν
1736 1971 1921 2023 ἀποτί-
2029 1967 2075 2023 ir

1904 2001 1921 2011 -
2029 1967 2090 2023 in
2123 1971 2555 2027 monasterium
2603 1971 2916 2043 quoddam
2949 1986 3010 2025 se
3037 1969 3307 2035 contulit,
3352 1970 3684 2042 capitisque

302 2063 451 2113 θεται
492 2067 678 2136 τρίχα,
734 2068 804 2135 μὴ
870 2068 1030 2137 ιρέρων
1074 2069 1168 2121 τὴν
1226 2072 1325 2115 τῶν
1381 2062 1746 2119 Μονοθελητών
1786 2062 1922 2133 αἶρε·
2031 2074 2082 2113 01

1905 2090 1922 2099 -
2031 2064 2457 2115 ornamentum
2484 2076 2726 2116 comam
2756 2059 3058 2132 deposuit,
3094 2074 3217 2115 non
3246 2060 3551 2115 sustinens
3571 2062 3685 2117 Mog

304 2171 391 2202 σιν
451 2152 949 2226 παρρησιαζομένην
1006 2156 1150 2223 όρᾲν,
1215 2150 1347 2225 μηδ’
1406 2152 1715 2224 ἀνεχόμενος
1794 2170 1920 2202 συν·
2033 2164 2084 2203 [ιι

1903 2181 1920 2190 -
2033 2148 2456 2205 nothelitarum
2487 2151 2763 2207 haresim
2794 2155 2961 2207 tanta
2999 2149 3256 2206 audacia
3274 2148 3486 2206 fretam
3520 2148 3683 2207 vide-

298 2237 527 2311 διάγειν,
564 2248 654 2293 καὶ
693 2250 950 2294 κοινωνεῖν
984 2243 1189 2315 ὁμιλίας
1224 2242 1433 2315 βασιλεί
1490 2248 1579 2293 καὶ
1610 2243 1917 2314 πατριάρχη
2030 2255 2078 2293 Γ(

1904 2260 1917 2297 7
2030 2255 2113 2305 re,
2139 2255 2333 2313 neque
2361 2241 2568 2296 valens
2590 2240 2938 2297 conversari
2964 2245 3023 2297 et
3042 2239 3303 2312 colloqui
3320 2255 3461 2295 cum
3488 2240 3684 2312 impe-

296 2333 555 2403 ἔκθεσμον
622 2336 870 2391 τοιαύτην
938 2332 1369 2405 ἐπικρατύνουσιν
1432 2335 1631 2406 αἰρεσιν
1667 2353 1678 2364 ·
1750 2333 1923 2382 ἔπειτα
2031 2344 2076 2384 rt

1905 2350 1923 2381 ιι
2031 2334 2226 2385 ratore
2252 2347 2321 2386 ac
2346 2331 2691 2403 patriarcha
2718 2332 2876 2387 hanc
2896 2345 3240 2404 perversam
3270 2329 3551 2386 haresim
3585 2329 3685 2387 de-

293 2428 390 2473 καὶ
444 2421 518 2483 εἰς
563 2422 764 2494 Ῥώμην
822 2429 914 2481 τὴν
968 2424 1334 2496 μεγαλώνυμον
1385 2426 1613 2489 ἄπεισιν,
1656 2424 1775 2474 ἔνθα
1832 2409 1921 2473 καἱ
2031 2418 2073 2473 fe

1903 2409 1921 2459 ἱ
2031 2418 2441 2476 tendentibus.
2502 2421 2723 2476 Deinde
2754 2420 2814 2476 in
2844 2420 3146 2493 insignem
3188 2418 3403 2475 urbem
3426 2422 3681 2476 Romam

291 2519 369 2562 τῶ
427 2511 613 2585 Πύρρῳ
661 2512 733 2573 εἰς
799 2509 1028 2575 διάλεξιν
1089 2514 1238 2571 ἦλθεν
1304 2512 1467 2564 ἐκεῖσε
1520 2514 1917 2585 παραγενομένῳ
2029 2524 2067 2580 p

1901 2534 1917 2561 ο
2029 2509 2444 2580 proficiscitur,
2460 2516 2674 2567 etcum
2701 2511 2926 2583 Pyrrho
2947 2511 3049 2582 qui
3071 2508 3211 2564 illuc
3232 2513 3366 2582 post
3386 2524 3561 2564 suam
3582 2509 3681 2567 de-

292 2602 429 2670 μετα
490 2605 582 2657 τὴν
649 2604 979 2675 καθαίρεσιν,
1050 2608 1141 2654 καὶ
1217 2604 1387 2654 πείθει
1464 2605 1549 2653 τόν
1626 2600 1916 2672 ἁγιώτατον
2027 2614 2066 2669 p

1898 2605 1916 2634 ν
2027 2599 2390 2669 positionem
2422 2600 2839 2669 descenderat,
2862 2600 2921 2655 in
2950 2598 3317 2671 colloquium
3344 2599 3522 2666 venit,
3548 2614 3678 2671 per-

293 2695 412 2740 τότε
489 2692 668 2741 πάπαν
742 2698 1002 2765 Μαρτίνον
1069 2696 1290 2749 τοπικὴν
1356 2691 1604 2764 ἀθροῖσαι
1671 2686 1913 2757 σύνοδον,
2026 2704 2073 2741 SI

1901 2732 1913 2757 ,
2026 2690 2335 2760 suasitque
2376 2689 2762 2745 sanctissimo
2803 2691 2977 2761 Papa
3036 2688 3284 2743 Martino
3322 2691 3388 2742 ut
3423 2686 3681 2744 localem

292 2783 387 2829 καί
460 2776 645 2830 δοῦναι
698 2789 768 2850 τῷ
834 2780 1121 2853 ἀναθεματι
1178 2785 1296 2841 τοὺς
1350 2780 1435 2833 ἐπὶ
1502 2788 1733 2852 Χριστοῦ
1790 2784 1913 2851 μίαν
2025 2795 2072 2850 83

1900 2802 1913 2830 ρ
2025 2778 2329 2850 synodum
2355 2783 2710 2834 convocaret
2729 2777 3217 2849 anathematique
3236 2776 3555 2848 subjiceret
3573 2793 3680 2835 eos

294 2863 717 2939 δογματίζοντας
774 2870 981 2927 θέλησιν
1014 2888 1027 2902 ’
1085 2871 1110 2922 ὃ
1168 2876 1255 2922 καὶ
1315 2875 1514 2942 γέγονε,
1573 2869 1912 2922 συνελθόντων
2022 2885 2074 2940 qi

1896 2892 1912 2921 ν
2022 2869 2126 2940 qui
2153 2868 2394 2925 unicam
2425 2870 2487 2924 in
2519 2868 2750 2924 Christo
2770 2868 3144 2924 voluntatem
3176 2883 3312 2923 esse
3355 2866 3676 2924 docebant.

294 2956 603 3009 ἐπισκόπων
668 2960 846 3011 ἑκατόν
908 2964 1001 3011 σὺν
1062 2965 1204 3013 πέντε
1265 2966 1354 3012 καὶ
1422 2964 1635 3012 εἰκόσιν.
1690 2961 1779 3012 Ἐκ
1856 2956 1915 3013 δε
2025 2960 2068 3023 Q

1900 2968 1915 3013 ε
2025 2960 2166 3023 Qua
2195 2962 2527 3014 convocata
2555 2962 2662 3023 est,
2695 2962 3227 3029 conveneruntque
3256 2956 3525 3029 episcopi
3545 2972 3680 3013 cen-

294 3055 396 3107 τῆς
480 3047 675 3119 Ῥώμης
752 3048 1038 3100 ἐπανελθὼν
1112 3050 1350 3121 Μάξιμος
1424 3052 1572 3119 μετὰ⁸
1634 3056 1733 3099 τῶν
1818 3045 1914 3099 δύο
1953 3112 1984 3121 Α
2026 3054 2074 3101 tu

1899 3068 1914 3099 ν
1953 3112 1984 3121 Α
2026 3054 2153 3102 tum
2184 3048 2453 3120 quinque
2483 3051 2538 3103 et
2574 3047 2802 3118 viginti.
2837 3047 3164 3119 Postquam
3188 3061 3329 3102 vero
3358 3048 3550 3103 Roma
3586 3060 3679 3102 re-

297 3138 669 3188 Ἀναστασίων
724 3146 824 3188 τῶν
882 3138 1042 3190 αὑτοῦ
1095 3140 1365 3210 μαθητῶν,
1406 3140 1505 3190 ὑπὸ
1550 3146 1642 3197 τῆς
1684 3137 1910 3208 συγκλή.
1946 3112 1985 3166 C
2024 3136 2077 3192 dj

1900 3169 1910 3178 -
1946 3112 1985 3166 C
2024 3136 2133 3193 diit
2182 3112 2474 3194 ﬂeximus
2503 3112 2915 3194 cum'duobus
2965 3112 3306 3192 Athanasiis
3344 3136 3475 3208 ejus
3506 3136 3680 3192 disci-

293 3246 388 3278 του
435 3226 720 3291 εὐθύνεται,
772 3232 862 3279 καὶ
917 3230 1053 3279 κατὰ
1102 3233 1195 3285 τὴν
1228 3232 1442 3302 Θράκην
1491 3234 1691 3301 φρουρᾷ
1743 3247 1917 3300 παρα-
2024 3243 2065 3299 p

1906 3259 1917 3268 -
2024 3227 2201 3299 pulis,
2245 3243 2282 3283 a
2330 3232 2541 3283 senatu
2568 3225 3049 3300 reprehenditur,
3089 3226 3226 3281 etin
3255 3226 3570 3281 Thraciam
3598 3242 3686 3282 re-

296 3311 545 3377 δίδοται,
590 3312 700 3367 εἶτα
748 3321 838 3367 καὶ
879 3322 972 3373 τὴν
1017 3324 1175 3389 χεῖρα
1231 3322 1319 3368 καὶ
1371 3322 1458 3374 ¹ἔην
1510 3316 1742 3388 γλῶτταν
1781 3314 1915 3367 ἐκτέ-
2026 3317 2076 3372 le

1906 3348 1915 3356 -
2026 3317 2261 3387 legatus
2289 3316 2722 3373 custodiendus
2753 3316 3025 3385 traditur,
3050 3314 3269 3371 deinde
3300 3318 3356 3371 et
3382 3331 3605 3371 manus
3629 3320 3686 3372 et

293 3424 482 3475 μνεται
546 3408 676 3477 μετά
736 3411 824 3458 καὶ
891 3415 990 3457 τῶν
1055 3406 1215 3458 αὑτοῦ
1274 3408 1521 3479 μαθητῶν
1560 3423 1576 3437 ⁸
1640 3406 1765 3457 αλλὰ
1830 3411 1919 3457 καὶ
2026 3407 2073 3462 li‘

1903 3411 1919 3457 ἱ
2026 3407 2234 3476 lingua
2265 3406 2457 3480 ipsius
2499 3412 2555 3463 et
2594 3407 2724 3477 ejus
2771 3404 3208 3477 discipulorum
3267 3409 3683 3477 amputantur.

294 3502 567 3569 Μαρτίνος
631 3497 657 3546 ό
727 3496 1015 3566 ἁγιώτατος
1090 3493 1496 3569 ἐκσρενδονᾱται
1567 3504 1658 3547 τοῦ
1738 3498 1917 3569 θρόνου
2029 3500 2074 3553 St

1904 3520 1917 3547 ι
2029 3495 2144 3553 Sed
2169 3500 2227 3551 et
2254 3496 2668 3551 sanctissimus
2696 3495 2978 3553 Martinus
3022 3510 3059 3550 a
3104 3509 3215 3549 sua
3267 3493 3408 3549 sede
3436 3493 3684 3567 deponi-

294 3592 392 3635 καὶ
439 3586 692 3657 ὑπερορίᾳ
742 3582 1179 3651 καταδικάζεται,
1226 3585 1335 3658 ἐνῇ
1386 3592 1475 3637 καὶ
1504 3590 1591 3638 τόν
1634 3584 1748 3658 βίον
1799 3589 1919 3638 άπέ-
2027 3591 2074 3641 tt

1904 3617 1919 3627 -
2027 3591 2143 3649 tur,
2176 3590 2234 3641 et
2263 3586 2342 3641 ad
2363 3586 2638 3642 exsilium
2670 3584 3015 3652 damnatur,
3040 3584 3100 3641 in
3130 3599 3254 3657 quo
3277 3588 3334 3641 et
3363 3599 3395 3639 e
3424 3584 3548 3642 vita
3576 3584 3684 3642 mi-

296 3672 441 3726 λίπε.
2029 3676 2240 3746 gravit.

372 3763 426 3816 ε’.
494 3769 596 3815 Τοῦ
668 3760 726 3815 δε
782 3770 1118 3827 Κώνσταντος
1179 3765 1581 3827 τελευτησαντος
1648 3766 1673 3818 ὁ
1730 3767 1916 3817 τούτου
2101 3771 2150 3821 5,

1903 3787 1916 3815 ι
2101 3771 2150 3821 5.
2209 3768 2527 3823 Constante
2579 3769 2841 3831 mortuo,
2883 3765 3012 3836 ejus
3041 3763 3201 3821 ﬁlius
3256 3764 3683 3822 Constantinus

296 3860 426 3913 παῖς
492 3859 903 3918 Κωνσταντίνος,
961 3855 1010 3914 ὃς
1075 3856 1381 3913 ἐπεκέκλητο
1433 3857 1767 3926 ῐῐωγωνάτος,
1827 3859 1918 3912 τὴν
2027 3872 2076 3929 q‘

1904 3877 1918 3904 ι
2027 3857 2127 3929 qui
2148 3860 2488 3927 Pogonatus
2506 3854 3311 3926 cognominabatur,regiam
3328 3854 3684 3924 dignitatem

298 3941 581 4014 βασιλείαν
648 3944 980 4018 παρείληφε*
1052 3951 1142 3997 καὶ
1202 3945 1349 4005 οὗτος
1408 3942 1689 4019 όρθόδοξος
1754 3947 1819 3996 ὢν
1871 3944 1918 3997 ἐν
2027 3963 2078 4000 ἃ(

1906 3967 1918 3995 ι
2027 3948 2275 4018 accepit.
2312 3947 2592 4012 Quicum
2639 3944 3015 4001 orthodoxus
3061 3947 3239 4010 esset,
3272 3943 3686 4001 Constantino-

299 4033 847 4085 Κωνσταντινουπολει
940 4032 1161 4087 σύνοδον
1245 4040 1640 4108 συνεκρότησεν,
1730 4035 1918 4087 ἐνῶσαι
2025 4053 2079 4108 ρι

1902 4053 1918 4084 ι
2025 4036 2212 4108 polim
2244 4035 2548 4108 synodum
2574 4033 3080 4105 coegit,ecclesias
3100 4033 3373 4090 adunare
3404 4033 3679 4106 cupiens,

296 4126 396 4183 τὰς
456 4118 766 4184 Ἐκκλησίας
819 4123 1153 4196 γλιχόμενος,
1210 4127 1273 4186 ἧς
1335 4128 1557 4196 ἡγοῦντο
1622 4144 1914 4199 τοποτηρη-
2024 4144 2076 4181 ct

1901 4156 1914 4165 -
2024 4128 2121 4181 cui
2187 4131 2481 4199 praeerant
2538 4126 2791 4182 Romani
2842 4140 3019 4198 papa
3080 4124 3409 4194 Agathonis
3451 4124 3681 4196 vicarii,

295 4220 388 4264 ται
460 4221 552 4263 τοῦ
620 4215 772 4265 πάπα
817 4213 1018 4286 Ῥώμης
1075 4215 1387 4286 Ἀγάθωνος,
1449 4222 1699 4289 Γεώργιος
1769 4222 1912 4268 Κων-
2024 4218 2075 4272 Gl

1899 4247 1912 4256 -
2024 4216 2310 4287 Georgius
2337 4213 3307 4287 Constantinopolis,'l‘heophanes
3333 4212 3679 4270 Antiochia.

300 4302 799 4371 σταντινονπόλεως,
871 4308 1135 4377 Θεοφάνης
1218 4306 1540 4377 Ἀντιοχείας
1592 4327 1603 4338 ·
1682 4304 1913 4368 Ἀλεξαν-
2023 4306 2080 4361 Α]

1902 4339 1913 4346 -
2023 4306 2380 4361 Alexandria
2411 4320 2551 4360 vero
2580 4320 2704 4361 non
2730 4302 2995 4360 habebat
3032 4301 3444 4375 patriarcham
3484 4317 3682 4375 neque

299 4389 484 4465 δρείας
546 4389 602 4445 δε
652 4394 746 4446 οῦκ
796 4391 859 4451 ἦν
910 4398 1274 4469 πατριάρχης,
1315 4398 1431 4449 οὗτε
1474 4401 1576 4468 μὴν
1628 4396 1911 4469 Ἰεροσολύ-
2021 4397 2079 4451 HJ

1903 4427 1911 4436 -
2021 4395 2441 4467 Hierosolyma
2474 4414 2486 4462 ;
2524 4410 2560 4449 a
2591 4392 2935 4450 Sarracenis
2976 4391 3128 4449 enim
3158 4391 3252 4447 ha
3282 4390 3463 4447 urbes
3506 4406 3683 4448 occu-

298 4503 409 4552 μων
449 4502 461 4513 ·
538 4484 637 4533 ὑπό
711 4486 811 4554 γὰρ
889 4493 989 4535 τῶν
1065 4485 1405 4559 Σαρρακηνων
1471 4488 1525 4537 αἱ
1584 4485 1752 4546 πόλεις
1817 4471 2078 4556 αὗ-Πρξ

1903 4471 1986 4525 -Π
2021 4490 2175 4556 pata
2241 4489 2452 4550 erant;
2514 4481 2975 4554 decerniturquc
3037 4480 3192 4536 duas
3238 4479 3577 4536 voluntates
3625 4484 3683 4537 et

294 4591 383 4623 ται
431 4577 740 4644 κατείχοντο
774 4595 785 4605 ·
842 4580 927 4625 καὶ
984 4584 1236 4647 κυροῦται
1285 4580 1342 4627 τό
1403 4572 1499 4628 δύο
1553 4576 1786 4635 θελησεις
1822 4582 1910 4629 καὶ
2019 4576 2074 4630 d1

1900 4584 1910 4629 ι
2019 4576 2173 4631 duas
2194 4574 2572 4646 operationes
2599 4572 2659 4628 in
2684 4571 2913 4627 Christo
2944 4587 3079 4627 esse
3112 4569 3437 4626 dicendum
3476 4575 3534 4627 et
3558 4585 3680 4627 cre-

299 4659 400 4714 δύο
479 4661 725 4733 ἐνεργείας
810 4670 894 4716 επὶ
958 4674 1050 4716 τοῦ
1132 4666 1238 4728 ἑνός
1300 4675 1535 4740 Χριστοῦ
1601 4672 1691 4718 καὶ
1765 4666 1909 4737 λέγε-
2019 4666 2079 4721 de

1898 4698 1909 4707 -
2019 4654 2582 4733 dendum.Subjecti
2612 4668 2815 4719 autem
2839 4666 2981 4717 sunt
2996 4660 3678 4717 anathematiMonothe-

300 4755 432 4805 σθαι
502 4758 592 4804 καὶ
656 4756 1021 4807 πιστεύεσθαι.
1104 4755 1580 4814 Καθυπεϐληθησαν
1656 4753 1715 4808 δε
1789 4755 1910 4808 ἀνα·
2016 4756 2080 4812 lii

1901 4788 1910 4797 -
2016 4756 2259 4812 litarum
2290 4752 2533 4810 haresis
2586 4751 2907 4825 principes,
2953 4750 3062 4807 etsi
3100 4751 3231 4821 jam
3254 4750 3455 4806 vivere
3493 4749 3681 4806 desie-

300 4844 490 4913 θέματι
548 4844 597 4893 οἱ
671 4846 964 4916 προστάται
1039 4854 1131 4907 τῆς
1194 4850 1306 4896 ’τῶν
1382 4845 1747 4904 Μονοθελητῶν
1825 4848 1906 4898 αἱ·
2018 4865 2080 4905 ra

1898 4877 1906 4889 -
2018 4854 2175 4915 rant,
2201 4846 2495 4902 Honorius
2524 4846 2750 4907 Roma,
2778 4844 2964 4915 Cyrus
3008 4841 3405 4910 Alexandria,
3439 4841 3678 4913 Sergius

292 4937 507 5004 ρέσεως,
587 4932 629 4984 εἰ
703 4938 792 4984 καὶ
867 4938 926 4985 τὸ
1004 4934 1100 5007 ζῇν
1174 4935 1589 5011 προκατελυσαν,
1664 4936 1910 5009 Ὀνώριος
2020 4944 2072 4995 et

1896 4957 1910 4997 ;
2020 4944 2075 4995 et
2102 4938 2383 5011 Pyrrhus,
2414 4934 2754 5007 Paulusque
2780 4941 2837 4990 et
2861 4936 3065 4990 Petrus
3106 4931 3676 5005 Constantinopolis,

289 5020 515 5095 Ῥώμης,
586 5028 749 5097 Κῦρος
816 5021 1229 5099 Ἀλεξανδρείας,
1315 5031 1523 5101 Σέργιος
1600 5032 1690 5078 καὶ
1774 5025 1909 5100 Πῦρ·
2020 5032 2068 5086 Μ

1900 5053 1909 5067 ·
2020 5029 2307 5086 Macarius
2333 5024 2680 5095 Antiochia,
2716 5029 2772 5080 et
2803 5023 3303 5096 Stephanus,ejus
3321 5021 3680 5095 discipulus,

288 5112 401 5185 ῥος,
482 5110 686 5173 Παῦλος
758 5132 810 5164 τε
876 5119 965 5165 καὶ
1034 5119 1226 5187 Πέτρος
1295 5115 1907 5177 Κωνσταντινουπόλεως,
2020 5123 2068 5175 et

1900 5155 1907 5177 ν
2020 5123 2075 5176 et
2100 5119 2347 5174 insanus
2371 5115 2823 5187 Polychronius.
2846 5116 3194 5184 Pugnavere
3216 5113 3275 5169 in
3297 5112 3412 5169 hac
3442 5112 3680 5185 synodo

290 5204 571 5278 Μακάρίος
649 5205 1016 5275 Ἀντιοχείας,
1111 5212 1199 5258 καὶ
1288 5209 1313 5259 ό
1397 5212 1583 5260 τούτου
1660 5213 1912 5280 φοιτητης
2019 5225 2070 5282 p1

1899 5231 1912 5271 ;
2019 5224 2131 5282 pro
2156 5209 2257 5280 pio
2286 5207 2572 5277 dogmate
2596 5204 2893 5277 imprimis
2915 5204 3256 5277 Stephanus
3291 5201 3589 5259 Ileraclea
3617 5203 3679 5259 in

290 5298 568 5366 Στέφανος,
638 5300 727 5345 καὶ
794 5296 819 5345 ό
883 5300 1181 5369 νηπιόιρρων
1243 5297 1596 5371 Πολυχρόνιος
1630 5319 1641 5331 ·
1713 5300 1910 5370 ἡγωνί-
2023 5304 2070 5355 Pl

1900 5331 1910 5340 -
2023 5304 2206 5355 Ponto
2227 5298 2568 5371 episcopus,
2600 5296 2693 5352 vir
2716 5295 2975 5351 disertus
3007 5298 3065 5350 et
3092 5292 3214 5349 fere
3249 5308 3495 5352 omnem
3526 5292 3680 5349 divi-

290 5403 455 5438 σοτιτο
486 5380 547 5435 δὲ
577 5387 710 5435 κατὰ
737 5387 932 5443 ταύτην
990 5391 1084 5444 την
1136 5384 1354 5439 σύνοδον
1392 5387 1623 5459 μάλιστα
1653 5390 1780 5461 ὑπὲρ
1820 5397 1911 5441 τοῦ
2021 5406 2070 5446 Π.

1901 5397 1911 5439 i
2021 5405 2166 5446 nam
2199 5388 2568 5461 Scripturam
2599 5385 2661 5442 in
2686 5384 2865 5441 labiis
2893 5384 3184 5450 ferens,et
3210 5384 3473 5440 Joannes
3504 5382 3681 5440 Athe-

288 5469 537 5534 εὐσεϐοῦς
627 5472 906 5547 δόγματος,
999 5481 1245 5549 Στέφανος
1332 5478 1637 5553 Ἡρακλείας
1711 5484 1909 5533 Πόντου
2021 5496 2261 5536 narum.

290 5567 604 5630 ἐπίσκοπος,
649 5563 775 5640 ἀνὴρ
833 5565 999 5638 λόγιος
1038 5573 1125 5619 καὶ
1182 5577 1373 5641 μικροῦ
1426 5576 1599 5621 πᾶσαν
1637 5574 1729 5627 τὴν
1772 5572 1910 5623 θείαν

292 5661 504 5732 Γραγὴν
539 5654 624 5708 ἐπὶ
654 5660 909 5729 στόματος
939 5661 1121 5731 φέρων,
1154 5664 1243 5711 καὶ
1280 5660 1522 5721 Ἰωάννης
1555 5660 1824 5718 Ἀθηνῶν.
