4508 6436
375 404 444 457 89
1694 405 2037 464 THESAURI

376 544 508 577 πτον
537 525 794 586 παντελῶς
805 531 894 579 καὶ
924 525 1177 580 ἀνάλωτον
1204 535 1274 599 τῷ
1299 528 1501 600 Θανάτῳ
1524 532 1704 601 φύσιν,
1735 534 1976 583 τουτέστι
2004 534 2051 588 Α

374 618 474 671 τὴν
508 617 728 672 θεότητα
752 623 844 667 τοῦ
876 622 1189 687 Μονογενοῦς
1220 618 1318 669 ύπὸ
1366 620 1539 689 χθόνα
1584 628 1772 691 μυχῶν
1800 618 1975 672 ἀνακε-

376 706 637 774 κομίσθαι
660 709 889 777 φήσομεν
917 726 930 738 ·
965 705 1023 756 ού
1053 708 1154 777 γὰρ
1185 705 1245 757 ἂν
1268 706 1463 769 ἠξιώθη
1488 711 1545 759 τὸ
1566 715 1758 781 χρῆμα
1780 710 1979 781 θαύμα-

376 811 484 851 τος,
517 792 559 844 εἰ
588 799 866 865 μεμένηκεν
892 793 963 855 εἰς
993 798 1078 846 τόν
1104 791 1242 865 ᾅδην
1272 796 1297 846 ὁ
1326 794 1381 846 ἐκ
1408 804 1542 849 Θεοῦ
1575 801 1758 868 Λόγος,
1791 806 1853 870 τῇ
1889 808 1979 861 τῆς

382 881 624 941 θεότητος
655 882 879 957 ἐνεργείᾳ
907 902 961 935 τε
991 889 1081 935 καὶ
1112 887 1263 956 φύσει
1296 882 1607 958 παραδόξως
1637 906 1688 938 τε
1718 891 1808 939 καὶ
1852 889 1977 963 ὑπερ

377 968 536 1040 λόγον
582 970 793 1045 πληρῶν
822 974 890 1024 τὰ
935 974 1106 1025 πάντα
1152 974 1243 1025 καί
1288 980 1398 1035 τοῖς
1435 982 1594 1027 πᾶσιν
1625 972 1917 1049 ἐπιδημῶν.
1950 1000 1979 1027 ››

383 1054 513 1111 Εἶτα
536 1066 734 1133 προῖὼν
761 1070 831 1132 τῷ
851 1060 986 1133 λόγῳ
1025 1070 1193 1114 ταῦτα
1215 1062 1369 1115 πάλιν
1400 1068 1556 1136 φησίν
1591 1086 1603 1098 ·
1635 1087 1664 1114 ‹‹
1693 1064 1980 1140 ’Λνθρὼπι-

377 1166 465 1197 νον
496 1151 587 1219 μὲν
613 1152 671 1200 τὸ
698 1151 940 1201 τεθνάναι
968 1152 1153 1218 πάθος,
1188 1150 1445 1225 ἆνέργημα
1477 1149 1535 1205 δὲ
1568 1154 1734 1205 θεῐκόν
1776 1158 1833 1206 τὸ
1863 1153 1982 1207 ἁνα-

380 1236 569 1288 ϐιῶναι
602 1258 615 1271 ·
652 1261 679 1288 ›ι
716 1235 918 1300 δεικνύς
946 1239 980 1290 ἃ
1010 1237 1084 1291 δι’
1116 1239 1302 1312 ἀμφοῖν
1346 1245 1656 1316 γνωρίζεται
1698 1243 1813 1295 καθ’
1842 1247 1980 1316 ἡμᾶς

377 1344 434 1376 τε
465 1326 579 1397 οἶμα
609 1346 698 1379 και
729 1328 855 1402 ύπὶρ
888 1330 1028 1399 ἡμᾶς
1049 1330 1114 1389 ὡς
1137 1333 1287 1391 Θεὸς.
1314 1336 1466 1403 Ὁρᾷς
1493 1332 1670 1391 ὄπωςό
1696 1331 1983 1406 σεϐάσμιος

378 1414 536 1476 οὗτος
567 1421 749 1489 Πατὴρ
783 1420 873 1477 τὰς
900 1426 1001 1469 τῶν
1062 1414 1158 1470 δύο
1209 1423 1407 1490 φύσεων
1459 1419 1712 1494 ἐνεργείας
1759 1420 1842 1474 ἐπὶ
1890 1432 1981 1483 τῆς

376 1509 504 1574 μιᾶς
538 1505 874 1567 ύποστάσεως
902 1510 1021 1564 ἦτοι
1048 1515 1138 1559 τοῦ
1160 1508 1266 1569 ἐνὸς
1296 1515 1579 1581 προσώπου
1611 1518 1846 1584 Χριστοῦ
1889 1518 1979 1564 τοῦ

378 1600 517 1644 Θεοῦ
550 1596 695 1665 ἡμῶν
724 1592 1111 1667 παραδίδωσι;
1162 1602 1260 1649 Καὶ
1318 1597 1426 1668 μετ’
1478 1598 1629 1670 ὀλίγα
1661 1620 1673 1633 ·
1722 1598 1849 1652 Εἶτα
1907 1598 1979 1653 δι’

376 1682 519 1753 ἡμᾶς
544 1684 810 1757 ἄνθρωπος
853 1690 1139 1757 γενόμενος,
1192 1688 1379 1758 ὁρατὸς
1417 1692 1505 1739 καὶ
1548 1688 1853 1758 ψηλαφητός
1899 1695 1981 1761 γέ-

377 1790 500 1840 γονε
535 1793 546 1804 ·
580 1777 669 1823 καὶ
701 1769 793 1824 διὰ
813 1782 912 1825 τῶν
948 1776 1094 1825 θείων
1124 1795 1177 1827 τε
1207 1780 1296 1827 καὶ
1345 1774 1677 1851 ἀνθρωπίνων
1724 1776 1981 1851 ἐνεργειῶν

380 1862 705 1933 φανηρωθεὶς
734 1863 993 1935 ὑπάρχειν
1021 1862 1067 1915 ἐν
1102 1866 1307 1922 θεότητι
1353 1870 1442 1917 καὶ
1482 1864 1864 1938 ἀνθρωπότητι,
1899 1864 1982 1920 δέ·
2013 1901 2051 1954 Β

382 1946 550 2001 ὃωκεν
583 1952 707 2022 ἡμῖν
735 1958 1008 2021 γινώσκειν
1041 1954 1121 2004 ὅτι
1151 1954 1200 2005 ἐν
1232 1956 1308 2014 οἷς
1331 1952 1585 2025 ἐγνώσθη,
1616 1956 1670 2018 ἐξ
1701 1956 1867 2007 αὐτῶν
1894 1976 1980 2008 συ-

377 2044 627 2091 νίσταται
658 2061 671 2072 ·
702 2042 835 2092 ούτω
864 2045 962 2115 γὰρ
994 2048 1082 2094 καὶ
1105 2046 1153 2094 οἱ
1173 2043 1311 2114 ἅγιοι
1333 2047 1555 2116 Πατέρες
1583 2038 1869 2120 ἀμφοτέρας
1888 2049 1982 2109 τὰς

379 2130 550 2198 φωνὰς
580 2126 963 2199 όμολολοῦντες,
994 2137 1237 2183 τουτέστι
1270 2136 1360 2183 καὶ
1408 2137 1499 2190 τὴν
1532 2131 1583 2183 ἐκ
1626 2136 1862 2194 θεότητος
1893 2140 1978 2187 xui

378 2216 782 2289 ἰινθρωπότητος
808 2215 882 2271 δι’
912 2219 1157 2294 ἑκατέρας
1187 2221 1353 2273 αὐτῶν
1385 2226 1443 2274 τὸ
1475 2220 1782 2294 ἀσύγχυτόν
1808 2243 1863 2275 τε
1892 2230 1981 2276 καὶ

376 2305 685 2383 ἀδιαίρετον
711 2318 806 2371 τῆς
835 2310 1133 2384 οἰκονομίας
1162 2320 1253 2364 τοῦ
1280 2312 1507 2385 μεγάλου
1540 2321 1672 2367 Θεοῦ
1695 2320 1783 2367 καὶ
1814 2322 1983 2374 Σωτῆ-

370 2418 468 2470 ρος
500 2400 647 2470 ἡμῶν
680 2399 858 2458 Ἰησοῦ
896 2409 1129 2476 Χριστοῦ
1160 2399 1575 2477 παραδιδόασιν.

1480 2748 1549 2837 Ν
1559 2749 1898 2837 lCET/E

2086 409 2211 465 LIB.
2253 409 2414 467 XVII.
3668 410 3737 464 90

2090 532 2451 590 habitaverit
2475 533 2550 589 de
2582 536 2701 590 Deo
2733 534 3013 603 Verbum,
3047 550 3185 590 cum
3235 532 3470 589 deitatis
3526 532 3737 587 virtute

2088 637 2159 676 ac
2190 626 2425 689 natura,
2457 622 2808 679 mirabiliter
2836 639 2907 679 ac
2938 638 3125 694 supra
3160 622 3220 678 id
3246 622 3413 695 quod
3467 621 3584 676 dici
3630 635 3737 692 po-

2087 714 2223 779 test,
2269 712 2474 768 omnia
2539 712 2805 784 impleat,
2858 717 3037 785 atque
3098 713 3159 768 in
3212 712 3389 768 nobis
3450 710 3736 767 omnibus

2086 799 2397 857 inhabitet.
2460 802 2681 858 Deinde
2734 817 3013 875 pergens,
3063 803 3194 859 haec
3246 802 3461 857 iterum
3520 800 3663 855 dicit
3722 816 3734 853 :

2094 910 2115 938 ι
2160 892 2433 947 Humana
2464 891 2784 947 inﬁrmitas
2812 895 2905 948 est
2933 908 3120 958 mors,
3152 891 3335 947 virtus
3367 905 3508 945 vero
3534 889 3740 945 divina

2087 982 2498 1047 resurrectio;
2559 1001 2588 1031 »
2655 981 2981 1037 ostendens
3045 981 3212 1054 quod
3276 980 3369 1036 his
3435 979 3739 1035 ambabus

2092 1069 2456 1138 agnoscitur,
2481 1070 2703 1125 scilicet
2728 1070 2879 1125 inter
2904 1085 3017 1125 nos
3046 1085 3179 1125 esse
3225 1068 3404 1125 simul
3460 1073 3517 1124 et
3555 1082 3741 1139 supra

2091 1173 2202 1213 nos
2232 1163 2297 1213 ut
2328 1161 2534 1214 Deum.
2590 1158 2843 1214 Videsne
2886 1160 3198 1231 quomodo
3240 1158 3338 1214 hic
3378 1155 3740 1213 venerabilis

2093 1250 2261 1302 Pater
2289 1250 2550 1303 duarum
2571 1253 2925 1304 naturarum
2957 1248 3204 1303 virtutes
3228 1248 3289 1303 in
3318 1262 3440 1302 una
3456 1247 3741 1317 hyposta-

2091 1336 2140 1391 si
2170 1352 2275 1391 seu
2306 1351 2430 1392 una
2459 1352 2718 1408 persona
2747 1336 2959 1393 Christi
2985 1338 3084 1392 Dei
3112 1336 3300 1392 nostri
3322 1334 3739 1392 demonstrat?

2090 1425 2169 1479 El
2194 1426 2383 1494 paulo
2404 1434 2537 1495 post.
2566 1442 2578 1480 :
2615 1425 2859 1489 Deinde,
2891 1430 3137 1497 propter
3166 1439 3276 1480 nos
3311 1424 3494 1478 homo
3526 1422 3737 1487 factus,

2098 1512 2348 1568 visibilis
2374 1514 2825 1587 tractabilisque
2854 1514 3047 1569 factus
3076 1518 3186 1569 est.
3229 1515 3496 1585 Cumque
3526 1510 3739 1566 divinis

2093 1605 2274 1674 atque
2303 1602 2588 1659 humanis
2616 1603 2931 1659 virtutibus
2963 1604 3025 1658 in
3052 1602 3361 1658 divinitate
3398 1617 3469 1657 ac
3521 1600 3743 1656 huma-

2090 1693 2275 1748 nitate
2308 1709 2438 1749 esse
2468 1694 2870 1767 apparuisset,
2901 1692 3076 1750 nobis
3110 1691 3601 1764 cognoscendum
3631 1690 3741 1746 de-

2091 1781 2178 1837 dit
2206 1798 2266 1836 se
2298 1798 2370 1838 ex
2402 1783 2550 1855 ipsis
2605 1782 2929 1838 subsistere
2976 1782 3201 1855 quibus
3245 1780 3578 1853 patefactus
3629 1783 3738 1835 est.

2096 1870 2186 1925 Sic
2208 1886 2351 1940 ergo
2378 1873 2569 1929 sancti
2590 1875 2790 1928 Patres
2814 1872 2925 1927 has
2942 1871 3155 1927 ambas
3170 1886 3348 1926 voces
3365 1870 3741 1936 confitentes,

2092 1975 2276 2015 unam
2314 1961 2535 2017 scilicet
2562 1961 2635 2015 de
2657 1961 2873 2017 deitate
2905 1967 3085 2032 atque
3113 1959 3363 2015 alteram
3403 1959 3477 2013 de
3530 1958 3742 2013 huma-

2090 2047 2298 2117 nitate,
2330 2066 2403 2105 ex
2428 2056 2682 2122 utraque
2712 2049 3121 2105 incoucretam
3154 2054 3333 2120 atque
3364 2046 3741 2101 individuam

2092 2139 2496 2194 ceconomiam
2552 2138 2761 2209 magni
2810 2139 2910 2195 Dei
2969 2138 3155 2194 nostri
3229 2136 3548 2193 Salvatoris
3603 2128 3743 2191 Iesu

2092 2226 2300 2284 Christi
2334 2229 2594 2285 tradunt.

2064 2750 2645 2838 CHONIAT/E

936 2912 1059 2979 EX
1106 2868 1376 2981 LIBRO
1424 2912 1617 2982 XVII
1662 2912 2116 2983 THESAURI
2165 2913 2752 2984 ORTHODOXzE
2800 2915 3038 2985 FlDEI
3086 2915 3180 3005 (α)

2016 3184 2055 3241 C

708 3183 837 3252 Περὶ
868 3180 1113 3253 αἱρέσεων
1142 3188 1240 3233 τῶν
1270 3180 1660 3255 Ἀρμενίων

451 3301 517 3357 α’.
547 3305 650 3361 Τὴν
675 3308 798 3375 μίαν
825 3302 910 3357 ἐπὶ
952 3312 1188 3377 Χριστοῦ
1220 3310 1375 3380 φύσιν
1423 3312 1513 3364 καὶ
1561 3312 1683 3379 μίαν
1732 3306 1983 3381 ἑνέργείαν

373 3392 517 3444 οὕτω
544 3401 823 3467 πειρῶνται
852 3393 1112 3468 Ἀρμένιοι
1136 3399 1407 3471 κρατύνειν
1433 3418 1445 3430 ·
1480 3398 1523 3449 εἰ
1551 3394 1647 3449 δύο
1670 3402 1827 3471 φασὶν
1850 3400 1983 3471 ἐνερ-

370 3487 527 3552 γείας
557 3480 642 3533 ἐπὶ
668 3490 905 3555 Χριστοῦ
934 3481 1171 3557 δοίημεν,
1199 3486 1509 3557 συνέψονται
1539 3490 1745 3547 πάντως
1769 3490 1983 3549 ταύταις

371 3576 467 3623 καὶ
500 3568 600 3623 δύο
631 3571 895 3645 θελήματα
928 3595 940 3606 ·
970 3574 1013 3626 εἰ
1043 3571 1102 3627 δὲ
1131 3582 1305 3645 τοῦτο,
1334 3575 1387 3639 ἐξ
1417 3576 1647 3648 ἀνάγκης
1666 3582 1754 3631 καὶ
1770 3574 1867 3629 δυό
1893 3598 1984 3630 συ-

370 3663 639 3732 νεισαχθή
651 3681 830 3715 σονται
858 3668 1135 3739 πρόσωπα,

452 3755 593 3823 Πρὸς
624 3747 871 3805 δὲταῦτα
896 3754 1056 3816 οὕτως
1089 3754 1262 3816 αὐτοῖς
1289 3755 1565 3809 ἀντέπεσον
1597 3758 1646 3809 οἱ
1676 3759 1912 3832 θεοφόροι

972 3848 1195 3917 Πατέρες
1233 3847 1398 3917 ἡμῶν.

450 3970 521 4019 Τὸ
565 3971 783 4039 φυσικὸν
830 3967 1029 4041 θέλημα
1077 3966 1228 4022 οὐδὲν
1287 3969 1410 4023 ἀλλο
1472 3971 1613 4023 ἐστὶν
1664 3972 1693 4029 ἦ
1759 3968 1983 4046 δύναμις

374 4063 472 4107 τοῦ
516 4060 653 4109 κατά
701 4061 856 4129 φύσιν
886 4062 1029 4121 ὄντος
1074 4057 1340 4133 ὁρεκτικὴ,
1396 4065 1485 4113 καὶ
1529 4069 1627 4113 τῶν
1680 4057 1981 4134 ἰδιωμάτων

378 4152 661 4206 συνεκτικὴ
710 4152 827 4200 τῶν’
856 4156 920 4220 τῇ
970 4152 1117 4221 φύσει
1172 4154 1472 4223 προσόντων
1525 4148 1818 4220 ούσιωδώς,
1863 4153 1981 4205 καθ’

374 4235 439 4293 ἣν
518 4234 596 4288 ἀεὶ
650 4246 723 4308 τῷ
795 4240 947 4309 φύσει
1021 4238 1271 4309 θελητικῷ
1341 4243 1399 4291 τὸ
1467 4244 1745 4311 πεφυκέναι
1823 4242 1979 4293 θέλειν

374 4324 665 4397 ἐμπέφυκεν
700 4347 713 4360 ·
769 4327 829 4378 ού
888 4325 1177 4397 ταυτὸν-δε
1238 4332 1296 4380 τό
1358 4334 1634 4402 πεφυκέναι
1691 4330 1847 4382 θέλειν
1892 4336 1982 4383 καὶ

376 4415 537 4468 θέλειν
583 4414 723 4468 ἐστίν
758 4437 770 4449 ·
826 4419 1001 4491 ὥσπερ
1053 4414 1177 4470 οῦδὲ
1223 4422 1280 4469 τό
1336 4424 1617 4490 πεφυκέναι
1674 4418 1839 4472 λαλεῖν
1891 4425 1981 4473 καὶ

371 4505 545 4557 λαλεῖν
597 4527 609 4539 ·
663 4510 857 4577 πέφυκε
914 4510 1003 4578 μὲν
1059 4510 1160 4581 γὰρ
1216 4506 1294 4560 ἀεὶ
1347 4511 1403 4560 τὸ
1460 4507 1737 4567 λαλητικὸν
1789 4508 1978 4578 λαλεῖν,
2013 4544 2058 4598 D

369 4595 519 4647 λαλεῖ
548 4592 607 4648 δὲ
658 4596 753 4647 οὐκ
803 4595 881 4647 ἀεί
919 4618 931 4629 ·
984 4593 1165 4655 ἐπειδὴ
1217 4602 1275 4649 τὸ
1325 4600 1415 4669 μὲν
1453 4598 1637 4660 οὐσίας
1686 4596 1801 4651 ἐστὶ
1842 4598 1981 4672 λόγῳ

371 4688 583 4758 φύσεως
644 4690 1010 4759 συνεχόμενον,
1075 4689 1134 4738 τὸ
1204 4683 1264 4739 δὲ
1333 4686 1551 4760 βουλῆς,
1604 4696 1666 4759 τῇ
1735 4696 1829 4741 τοῦ
1884 4689 1979 4742 λα-

368 4775 580 4836 λοῦντος
632 4781 814 4849 γνώμῃ
874 4778 1196 4849 τυπούμενον
1240 4799 1251 4810 ·
1312 4780 1443 4830 ὥστε
1494 4781 1696 4851 φύσεως
1756 4782 1847 4850 μὲν
1901 4779 1980 4833 ἀεὶ

448 4955 528 5026 (1)
576 4955 796 5009 Contra
820 4955 1023 5011 varias
1068 4955 1329 5012 haereses
1382 4956 1804 5012 Armeniorum
1852 4972 1977 5013 non

371 5042 577 5101 pauca
607 5026 725 5082 alia
752 5026 1102 5101 praecedunt
1125 5027 1184 5083 in
1208 5027 1438 5101 codice,
1461 5045 1598 5101 qua:
1624 5028 1846 5101 idcirco
1868 5046 1980 5085 nos

370 5098 697 5172 omisimus
756 5098 903 5172 quia
918 5114 994 5172 ea
1020 5114 1172 5172 pene
1198 5099 1277 5155 ad
1315 5098 1570 5172 litteram
1599 5099 1761 5156 edita
1814 5116 1978 5172 repe-

367 5170 585 5243 rimus_
652 5170 818 5243 apud
862 5170 1265 5243 Nicephorum
1298 5171 1641 5243 Callistum
1688 5172 1827 5228 hist.
1873 5170 1976 5228 lib.

368 5258 539 5311 χχιιι,
574 5238 661 5297 53.
694 5238 813 5298 Sed
843 5238 1022 5369 quia'
1045 5243 1198 5299 inter
1256 5242 1407 5298 alios
1456 5244 1978 5300 schismaticorum

368 5313 799 5369 Armeniorum
824 5313 865 5369 il
891 5314 1206 5369 audabiles
1232 5316 1383 5369 ritus
1416 5331 1588 5369 sacra
1608 5332 1853 5369 auoaue
1882 5318 1978 5369 c'a-

368 5313 799 5388 Armeniorum
824 5313 1206 5388 illaudabiles
1232 5316 1383 5388 ritus
1416 5331 1588 5371 sacra
1608 5332 1853 5388 quoque
1882 5318 1981 5372 ca-

366 5386 671 5442 daverum
699 5401 806 5457 per
822 5386 1036 5460 _olenm
1094 5387 1296 5460 unctio
1329 5386 1691 5457 recensetu‘r,
1722 5386 1847 5460 q'ua
1878 5404 1978 5443 su-

367 5474 483 5530 per
511 5473 574 5513 re
613 5458 948 5530 quemdam
994 5459 1230 5515 Macarii
1276 5460 1560 5515 Hierosol.
1599 5458 1892 5515 incertum
1924 5465 1982 5516 et

367 5531 630 5587 fortasse
658 5531 935 5603 spurium
972 5546 1272 5588 canonem
1320 5532 1507 5587 citant
1559 5530 1800 5603 (videsis
1850 5532 1979 5588 Col-

2449 3185 2535 3241 De
2574 3185 2896 3243 han-esibus
2937 3186 3385 3243 Armeniorum.

2170 3314 2217 3365 l.
2245 3311 2435 3365 Unam
2465 3311 2526 3366 in
2557 3310 2786 3367 Christo
2818 3316 3099 3367 naturam
3126 3314 3182 3366 et
3208 3325 3393 3366 unam
3451 3306 3741 3381 operandi

2094 3386 2442 3455 facultatem
2473 3401 2715 3456 Armeni
2734 3401 2851 3458 hoc
2883 3401 3067 3457 modo
3080 3400 3439 3456 confirmare
3461 3398 3703 3455 student
3728 3417 3740 3454 :

2095 3488 2153 3544 Si
2183 3489 2338 3544 duas
2372 3490 2603 3546 Christo
2629 3489 2924 3561 operandi
2979 3489 3291 3546 facultates
3342 3488 3741 3559 attribuimus,

2094 3577 2227 3633 dum
2254 3580 2595 3635 necessario
2620 3579 2959 3635 voluntates
2982 3579 3352 3635 stabiliendae
3375 3583 3518 3633 sunt
3543 3594 3555 3642 ;
3579 3578 3745 3650 quod

2095 3669 2147 3722 si
2176 3668 2541 3739 conceditur,
2567 3669 2702 3725 duae
2734 3684 3007 3741 persona:
3037 3673 3322 3725 emanent
3349 3683 3591 3724 necesse
3614 3667 3742 3722 erit.

2197 3758 2297 3813 Ad
2328 3758 2438 3815 hoc
2468 3764 2665 3816 autem
2697 3760 2783 3815 sic
2820 3760 2943 3815 illis
2977 3759 3173 3814 divini
3200 3759 3415 3816 Patres
3445 3758 3640 3813 nostri

2688 3849 3146 3919 responderunt.

2164 3972 2460 4029 Naturalis
2489 3971 2767 4029 voluntas
2796 3972 2943 4030 nihil
2974 3973 3138 4029 aliud
3163 3977 3252 4030 est
3278 3990 3463 4046 quam
3513 3974 3605 4029 vis
3636 3973 3745 4029 hu-

2088 4062 2188 4134 jus
2212 4062 2380 4136 quod
2406 4062 2740 4118 secundum
2768 4069 3051 4119 naturam
3110 4068 3196 4120 est
3244 4064 3582 4137 appetitum
3622 4079 3748 4120 mo-

2092 4169 2235 4208 vens
2295 4153 2813 4226 proprietatesque
2870 4154 3275 4227 complectens
3323 4171 3461 4227 quae
3518 4158 3748 4211 natura

2093 4241 2481 4298 essentialiter
2502 4242 2724 4311 insunt,
2748 4258 2820 4298 ex
2841 4259 2965 4315 qua
2987 4258 3228 4315 semper
3251 4244 3623 4300 voluntatem
3644 4243 3748 4299 ha-

2092 4330 2255 4386 benti
2287 4346 2464 4402 posse
2485 4330 2632 4386 velle
2661 4332 2833 4387 inest.
2868 4334 2997 4388 Non
3023 4337 3225 4388 autem
3255 4332 3417 4388 idem
3443 4337 3532 4389 est
3568 4348 3749 4405 posse

2092 4420 2245 4476 velle
2277 4425 2334 4475 et
2362 4419 2533 4487 velle,
2563 4421 3088 4493 quemadmodum
3114 4438 3225 4478 nec
3255 4422 3419 4478 idem
3449 4428 3538 4478 est
3563 4438 3750 4494 posse

2090 4508 2277 4581 loqui,
2306 4512 2363 4564 et
2393 4508 2579 4581 loqui.
2633 4508 2807 4574 Quod
2852 4509 3013 4565 enim
3065 4508 3413 4566 facultatem
3459 4509 3751 4582 loquendi

2090 4598 2295 4667 habet,
2326 4602 2524 4670 potest
2555 4613 2794 4671 semper
2816 4597 3004 4672 loqui,
3022 4615 3148 4655 non
3169 4604 3371 4655 autem
3398 4615 3638 4671 semper
3662 4599 3749 4655 lo-

2090 4689 2329 4761 quitur;
2364 4692 2427 4743 ut
2452 4688 2611 4744 enim
2640 4687 2854 4763 possit,
2886 4689 2948 4743 in
2970 4689 3198 4746 ratione
3222 4695 3452 4746 naturae
3480 4704 3753 4761 compre-

2090 4778 2374 4835 henditur
2398 4793 2412 4844 ;
2439 4782 2504 4834 ut
2524 4782 2728 4835 autem
2749 4777 2910 4849 velit,
2936 4777 3242 4851 loquentis
3259 4784 3459 4835 mente
3481 4778 3753 4836 determi-

2090 4955 2224 5030 lect.
2257 4958 2406 5030 Vat,
2441 4960 2479 5012 t.
2515 4958 2577 5023 X,
2602 4955 2827 5030 ﬁn.,p.
2857 4961 2953 5030 27_l
2984 4960 3040 5012 et
3060 4972 3150 5030 pr.
3174 4972 3236 5030 pe.
3292 4957 3451 5030 xxii),
3507 4956 3602 5013 aio
3642 4972 3751 5030 eme

2090 5028 2307 5085 vidisse
2338 5028 2626 5084 idoneam
2655 5028 2831 5099 hujus
2853 5028 2939 5084 rei
2968 5028 3084 5086 msl
3133 5028 3557 5085 refutationem
3588 5029 3752 5085 hice-

2091 5100 2268 5172 phori
2297 5100 2655 5173 patriarchae
2688 5100 3332 5173 Constantinopolitani
3392 5099 3511 5156 hoc
3532 5100 3703 5173 titulo
3736 5121 3747 5153 :

2094 5177 2219 5246 Περὶ
2244 5180 2343 5223 τῶν
2368 5172 2618 5247 λεγόντων
2652 5174 2732 5247 ότι
2761 5176 2872 5247 χρὴ
2923 5177 3013 5247 x_u_i.
3056 5172 3187 5245 μετὰ
3215 5175 3303 5225 τὸν
3337 5174 3554 5247 θάνατον
3597 5172 3751 5247 εύχέέ

2090 5240 2234 5296 λαιόν
2261 5240 2446 5298 ποιείνζ
2483 5244 2694 5316 Incipit
2723 5265 2736 5300 :
2761 5240 2885 5296 ’ὀύκ
2915 5240 3066 5296 οἶδά
3087 5248 3241 5296 ποίαν
3286 5249 3377 5297 καὶ
3427 5240 3753 5305 ἀτασθαλίας

2092 5321 2289 5389 μεστήν
2319 5338 2333 5389 ξ
2363 5316 2577 5372 Nescio
2600 5331 2780 5388 quam
2811 5318 3087 5389 amentia:
3105 5318 3375 5386 plenam.
3418 5316 3649 5389 Videsis
3670 5322 3752 5372 ta-

2091 5387 2233 5443 men
2263 5387 2679 5464 etiam_Grteca
2708 5387 2879 5464 apud
2908 5388 3203 5459 Cangium
3227 5388 3528 5445 contraria
3555 5404 3753 5444 excer-

2091 5464 2196 5533 pta
2222 5475 2354 5516 voc.
2380 5459 2595 5515 Ἐλαιον
2623 5459 2794 5532 ἅγιονξ

447 5656 533 5727 (a)
565 5654 1529 5733 Hoclibi-ocontinebaturetiam
1548 5657 1830 5733 secunda
1878 5656 2213 5731 Disputatio
2266 5656 2583 5733 Theoriani
2636 5673 2776 5714 cum
2817 5659 3077 5721 Nersete,
3133 5671 3322 5729 quam
3364 5654 3520 5715 inter
3567 5672 3754 5730 opera

367 5727 694 5785 Theoriani
719 5727 1041 5799 edidimus,
1074 5733 1221 5786 tom.
1249 5731 1518 5801 CXXXIII,
1546 5730 1700 5786 Enrr.
1733 5732 1911 5790 Pun.
