4508 6436
795 382 856 435 91
2146 378 2411 434 ΝΙΕΕΤᾹΞ
2452 378 2575 435 CHC

2387 380 2411 434 Ξ
2452 377 2824 435 CHONIATZE
4098 389 4167 443 92

796 502 1061 558 minatur
1090 500 1174 557 ita
1196 504 1259 556 ut
1288 505 1513 557 naturae
1550 502 1798 574 quidem
1854 502 1928 557 sit
1974 517 2158 575 posse
2206 518 2446 575 semper
2478 503 2525 556 Α
2573 526 2576 534 τ

2385 518 2446 558 er
2478 503 2525 556 Α
2573 505 2631 554 τὸ
2651 506 2928 575 πεφυκέναι
2957 500 3145 572 λαλεῖν,
3177 504 3352 577 ὠσπερ
3393 507 3483 556 καὶ
3532 507 3591 557 τὸ
3634 510 3913 578 πεφυκέναι
3961 508 4117 561 θέλειν
4151 529 4165 544 ο

793 591 980 663 loqui,
1016 597 1078 646 ut
1103 595 1160 645 et
1190 605 1369 661 posse
1397 591 1564 645 velle.
1601 591 1656 645 Si
1703 596 1903 646 autem
1952 608 2131 664 posse
2181 592 2332 648 velle
2391 594 2448 646 et

795 679 1349 752 quomodocunque
1382 679 1529 735 velle
1554 696 1677 735 non
1702 685 1841 735 sunt
1878 680 2058 751 idem,
2102 680 2208 736 sei
2251 684 2445 753 poste—

794 768 919 822 rius
951 783 1023 822 ex
1075 766 1324 823 volentis
1367 767 1795 824 deliberatione
1846 769 2135 841 procedit,
2180 768 2447 823 habebat

793 857 974 927 igitur
994 872 1171 928 posse
1201 856 1350 912 velle
1377 857 1758 913 incarnatum
1790 857 2069 923 Verbum,
2126 862 2192 913 ut
2237 857 2443 921 homo,

797 962 910 1002 sua
940 947 1145 1003 divina
1176 946 1483 1002 voluntate
1518 952 1751 1002 motum
1779 952 1836 1002 et
1867 946 2271 1003 etl'ormatum.
2306 947 2445 1017 Ejus

796 1037 956 1091 enim
986 1035 1287 1104 voluntas,
1323 1036 1469 1091 nihil
1503 1040 1619 1092 Deo
1651 1036 1953 1109 Opposita,
1986 1038 2236 1092 omnino
2276 1035 2444 1092 deiti-

795 1130 929 1181 cata
955 1131 1100 1181 erat.
1137 1125 1193 1181 Si
1220 1129 1421 1181 autem
1448 1125 1863 1194 deiﬁcabatur,
1893 1131 2055 1198 patet
2097 1142 2233 1181 eam
2280 1125 2447 1181 deiﬁ-

796 1215 984 1270 cantis
1015 1214 1370 1270 cohterentia
1397 1214 1736 1270 deiﬁcatam
1772 1231 1923 1270 esse.
1976 1214 2263 1270 Deiﬁcum
2301 1230 2445 1270 vero

797 1309 853 1359 et
880 1303 1224 1358 deiﬁcatum
1255 1303 1377 1359 duo
1409 1309 1563 1359 certe
1616 1308 1787 1371 sunt;
1822 1303 1930 1359 sed
1987 1319 2110 1359 non
2168 1319 2356 1358 unum
2388 1306 2447 1358 et

796 1393 954 1448 idem
982 1399 1227 1461 natura;
1265 1393 1312 1447 si
1339 1393 1584 1465 quidem
1614 1409 1843 1461 eorum,
1876 1410 2012 1466 quae
2047 1398 2186 1449 sunt
2215 1393 2293 1449 ad
2337 1394 2444 1448 ali-

796 1481 963 1554 quid,
992 1480 1280 1537 deiﬁcans
1311 1486 1367 1536 et
1396 1481 1745 1537 deiﬁcatum
1778 1488 1937 1550 sunt,
1987 1498 2060 1537 ea
2110 1498 2251 1538 vero
2309 1498 2443 1553 quae

798 1574 937 1625 sunt
965 1569 1041 1624 ad
1073 1569 1299 1641 aliquid
1330 1570 1757 1641 possuntinter
1784 1586 1844 1625 se
1874 1571 2045 1637 uniri,
2071 1571 2445 1642 alterumque

796 1674 903 1731 per
930 1659 1183 1714 alterum
1205 1659 1460 1731 concipi.
1483 1660 1753 1715 Habebat
1776 1660 1954 1731 igitur
1974 1660 2310 1716 naturalem
2339 1674 2446 1713 vo-

795 1748 1107 1820 luntatem,
1142 1754 1201 1804 ut
1231 1750 1436 1818 homo,
1470 1750 1741 1807 Salvator
1772 1766 1880 1805 sua
1911 1750 2115 1805 divina
2142 1750 2444 1806 voluntate

2565 594 2610 645 εἱ
2639 591 2697 646 δὲ
2724 597 2783 645 τὸ
2811 597 3091 664 πεφυκέναι
3124 592 3280 644 θέλειν
3318 600 3408 646 καὶ
3460 597 3518 646 τὸ
3567 603 3674 656 πῶς
3720 596 3879 649 θέλειν
3930 598 4023 649 οὐκ
4055 602 4168 651 ἔστι

2558 685 2766 753 ταυτὸν,
2818 685 2876 733 τὸ
2933 678 2990 733 δὲ
3042 689 3133 741 τῆς
3197 689 3288 733 τοῦ
3347 682 3572 744 θέλοντος
3638 684 3871 757 ὑπάρχει
3938 685 4150 758 βουλῆς,

2560 770 2696 842 εἶχεν
2742 772 2845 845 οἰρα
2896 773 2953 822 τὸ
3002 775 3279 841 πεφυκέναι
3330 771 3486 823 eam
3537 772 3562 823 ὁ
3618 776 3903 847 σαρκωθεὶς
3959 780 4150 847 Λόγος,

2558 862 2626 921 ὡς
2655 861 2942 933 ἄνθρωπος,
2993 866 3065 929 τῷ
3103 859 3263 911 αὐτοῦ
3309 861 3461 931 θεῐκῷ
3513 859 3813 934 βουλήματι
3862 867 4153 935 κινούμενον

3126 952 3184 1001 τὸ
3232 952 3330 1022 γὰρ
3370 948 3563 1002 ἐκείνου
3620 951 3777 1003 θελειν
3827 949 3976 1005 οὐδὲν
4024 956 4153 1005 ὑπε-

2555 1043 2753 1091 ναντίον
2802 1047 2936 1109 Θεῷ,
2988 1040 3167 1090 θεωθὲν
3222 1037 3336 1091 ὅλον
3370 1060 3382 1072 ·

2556 955 2646 1002 καί
2698 952 3015 1021 τυπούμενον
3058 969 3071 982 ·

3436 1039 3480 1091 εἰ
3529 1037 3589 1092 δε
3644 1043 3880 1103 τεθέωτο,
3941 1049 4003 1114 τῇ
4061 1049 4152 1094 τοῦ

2560 1131 2791 1190 θεοῦντος
2848 1124 3090 1185 δηλονότι
3122 1131 3360 1200 συμφυίᾳ
3406 1130 3643 1181 τεθέωτο.
3680 1132 3749 1181 Τὸ
3782 1126 3842 1182 δὲ
3887 1132 4030 1182 θεοϋν
4060 1136 4151 1183 καὶ

2560 1220 2824 1290 θεούμενον
2856 1214 2953 1269 δύο
2997 1219 3224 1283 πάντως,
3276 1216 3385 1268 ἀλλ’
3418 1218 3522 1289 οὐχ
3550 1217 3598 1269 ἓν
3625 1223 3713 1270 καὶ
3744 1221 3897 1290 φύσει
3940 1224 4150 1286 ταυτὸν,

2557 1309 2695 1381 εἴπερ
2728 1314 2823 1358 τῶν
2855 1325 2980 1381 προς
3010 1324 3060 1356 τι
3112 1309 3169 1356 τὸ
3228 1307 3372 1357 θεοῦν
3416 1310 3505 1358 καὶ
3553 1310 3611 1358 τὸ
3668 1309 3958 1379 θεούμενον,
3989 1310 4056 1360 τὰ
4095 1305 4153 1360 δὲ

2556 1400 2685 1467 πρός
2730 1415 2782 1447 τι
2830 1398 3030 1453 πάντως
3078 1392 3315 1455 ἀλλήλοις
3348 1396 3751 1465 συνεισάγεσθαι
3797 1400 4008 1467 πέφυκε,
4063 1401 4153 1449 καὶ

2559 1487 2754 1556 θατέρῳ
2822 1484 3238 1535 συνεπινοείσθαι
3307 1485 3535 1557 θάτερον.
3578 1481 3737 1555 Εἶχεν
3804 1484 3927 1536 οὗκ²
3956 1484 4154 1557 θέλημα

2558 1575 2778 1644 φυσικὸν
2840 1573 2910 1632 ὣς
2962 1573 3233 1645 ἄνθρωπος
3297 1573 3322 1622 ὁ
3388 1576 3565 1643 Σωτὴρ
3632 1579 3705 1642 τῷ
3771 1572 3931 1624 αὑτοῦ
4000 1575 4153 1644 θεῑκῷ

2559 1661 2809 1733 θελήματι
2839 1663 3253 1732 συντυπούμενον
3292 1665 3382 1712 καὶ
3414 1660 3675 1732 ἑνούμενον
3723 1666 3812 1713 καὶ
3860 1662 3954 1713 οὐκ
4016 1660 4154 1713 ἐναν-

2555 1753 2818 1822 τιούμενον
2854 1771 2866 1782 '
2903 1753 2959 1801 τὸ
2988 1753 3089 1823 γὰρ
3122 1749 3240 1800 κατ’
3294 1752 3464 1821 ἔφεσιν
3496 1750 3771 1821 ὀρεκτικῆς
3818 1749 4153 1825 ἐστερημένον

795 1838 1174 1894 etformatam
1229 1846 1283 1894 et
1340 1839 1690 1895 uniﬁcatam
1759 1844 1815 1895 et
1876 1855 1998 1895 non
2058 1839 2441 1895 contrariam.
2478 1851 2519 1906 Β
2557 1860 2575 1890 γ

2371 1855 2441 1893 m.
2478 1851 2519 1906 Β
2557 1845 2804 1899 κινήσεως
2856 1844 2945 1892 καὶ
2982 1846 3161 1899 πάσης
3207 1842 3430 1900 ζωτικῆς
3464 1835 3732 1910 δυνάμεως
3779 1840 3995 1913 ἄμοιρον
4031 1860 4044 1873 ο
4094 1844 4151 1892 τὸ

796 1927 964 1993 Quod
986 1928 1143 1984 enim
1172 1928 1498 2000 appetitivo
1526 1928 1585 1983 in
1614 1929 1878 2001 potentia
1899 1934 2068 1985 motu
2089 1932 2268 1997 caret,
2287 1932 2448 1983 caret

796 2018 974 2073 simul
999 2018 1167 2074 omni
1198 2018 1360 2074 vitali
1392 2022 1720 2090 potestate;
1752 2019 2147 2091 quodautem
2174 2034 2244 2073 ex
2275 2023 2448 2073 natu-

794 2124 864 2165 ra
891 2124 1014 2166 non
1042 2108 1226 2165 habet
1256 2108 1493 2165 vitalem
1536 2113 1913 2181 potestatem,
1954 2109 2205 2165 omnino
2248 2122 2445 2180 neque

793 2198 1063 2255 animam
1089 2199 1289 2255 habet.

793 2306 892 2361 Ad
920 2322 1014 2362 eos
1046 2309 1146 2378 qui
1174 2307 1381 2362 dicunt
1403 2321 1463 2361 se
1485 2308 1710 2363 nescire
1735 2307 1989 2362 alteram
2008 2312 2064 2362 et
2095 2306 2348 2362 alteram
2379 2306 2442 2360 in

868 2394 1112 2453 Christo
1138 2397 1533 2461 voluntatem,
1552 2396 1656 2452 sed
1676 2411 1858 2452 unam
1885 2401 1938 2451 et
1963 2396 2121 2451 hanc
2150 2394 2440 2461 divinam,

865 2500 929 2540 eo
950 2484 1110 2556 quod
1137 2485 1416 2554 deiﬁcata
1444 2487 1632 2554 fuerit
1658 2500 1800 2541 caro

864 2596 918 2647 2.
948 2591 1065 2646 Nisi
1088 2591 1276 2648 altera
1304 2597 1360 2649 et
1381 2592 1569 2648 altera
1596 2592 1673 2649 sit
1695 2592 2030 2647 secundum
2053 2594 2332 2647 naturam
2360 2590 2444 2645 di-

792 2682 936 2738 vina
987 2686 1042 2737 et
1071 2681 1343 2737 humana
1374 2682 1673 2749 voluntas,
1724 2681 2113 2737 manifestum
2167 2686 2258 2735 est
2307 2695 2444 2735 eam

793 2786 924 2826 esse
955 2786 1137 2825 unam
1169 2776 1226 2826 et
1251 2770 1531 2826 eamdem
1570 2776 1807 2826 natura.
1852 2769 1909 2825 Si
1961 2770 2044 2826 ita
2072 2774 2180 2835 est,
2230 2773 2447 2824 natura

793 2859 929 2930 ipsa
958 2859 1299 2915 necessaria
1323 2875 1444 2914 una
1474 2865 1531 2916 et
1562 2859 1777 2916 eadem
1803 2859 1930 2915 erit.
1961 2859 2068 2914 Ubi
2106 2858 2265 2913 enim
2323 2873 2446 2912 non

794 2954 881 3003 est
896 2947 1211 3004 diversitas
1228 2949 1517 3004 naturalis
1544 2948 1938 3017 voluntatum,
1954 2964 2148 3019 neque
2171 2946 2448 3003 substan-

794 3037 887 3092 tiae
919 3042 976 3092 et
1003 3042 1235 3093 natura;
1260 3038 1379 3093 illic
1409 3037 1599 3094 aderit
1624 3037 1977 3094 varietas.Si
2003 3042 2204 3092 autem
2235 3040 2450 3091 natura

794 3126 978 3183 altera
1007 3132 1065 3183 et
1096 3126 1284 3183 altera
1329 3128 1665 3183 voluntates
1712 3128 1851 3197 sint,
1911 3126 2162 3184 omnino
2206 3127 2355 3181 inter
2386 3140 2448 3180 se

2560 1927 2618 2001 δὲ
2652 1933 2867 1992 ζωτικὴν
2899 1928 2993 1980 οὐκ
3031 1931 3154 1999 ἔχον
3195 1928 3476 1999 ἑκφυσεως
3508 1924 3730 2000 δύναμιν
3775 1930 3976 1989 πάντως
4028 1926 4153 1982 οὐδὲ

2555 2018 2757 2090 ψυχήν.

2556 2308 2693 2380 Πρὸς
2724 2308 2841 2365 τοὺς
2887 2303 3132 2374 λέγοντας
3175 2308 3246 2375 μὴ
3300 2302 3423 2355 ἄλλο
3471 2306 3562 2355 καὶ
3610 2301 3733 2354 οἱλλο
3787 2302 3870 2355 ἐπὶ
3916 2310 4155 2376 Χριστοῦ

2628 2390 2820 2447 εἰδέναι
2848 2392 3065 2464 θελημα,
3100 2390 3205 2443 ἀλλ’
3236 2391 3283 2444 ἓν
3310 2396 3398 2443 καὶ
3428 2398 3581 2443 τοῦτο
3614 2393 3803 2460 θεῑκόν,
3841 2387 3935 2443 διὰ
3960 2396 4018 2444 τὸ
4060 2397 4153 2450 τὴν

2628 2486 2801 2557 σάρκα
2835 2485 3107 2541 θεωθῆναι.

2628 2590 2699 2663 β’.
2732 2590 2790 2643 Εἰ
2820 2590 2940 2642 ἄλλο
2978 2594 3066 2641 καὶ
3097 2588 3219 2641 οὒ.λο
3251 2590 3387 2641 κατὰ
3416 2591 3571 2661 φύσιν
3621 2588 3715 2640 ουκ
3753 2590 3866 2641 ἔστι
3913 2591 3971 2640 τὸ
4020 2589 4151 2641 θεῖον

2555 2686 2645 2732 καὶ
2669 2683 2728 2732 τὸ
2783 2678 3100 2753 ἀνθρώπινον
3158 2678 3377 2750 θέλημα,
3432 2674 3590 2735 δῆλον
3643 2680 3712 2738 ὡς
3762 2676 3810 2730 ἓν
3866 2680 4019 2749 φύσει
4067 2682 4156 2729 καὶ

2556 2774 2744 2822 ταυτὸν
2778 2792 2790 2803 ·
2825 2776 2914 2821 καὶ
2962 2769 3004 2821 εἰ
3033 2777 3205 2833 τοῦτο,
3257 2774 3346 2819 καὶ
3384 2770 3414 2825 ἡ
3479 2772 3630 2840 φύσις
3684 2767 3734 2829 ἐξ
3788 2765 4013 2839 ἀνάγκης
4062 2771 4157 2839 μία

2557 2863 2640 2911 xui
2694 2858 3089 2934 ἀπαράλλακτος
3138 2860 3289 2910 ἔσται
3323 2879 3333 2890 ι
3393 2857 3453 2909 οὔ
3502 2860 3604 2931 γὰρ
3664 2856 3900 2929 ἑτερότης
3957 2861 4151 2928 φυσικὴ

2562 2950 2861 3021 θελημάτων
2908 2948 3000 3000 οὐκ
3059 2951 3221 3013 ἔστιν,
3281 2943 3405 2999 οὐδὲ
3462 2947 3646 3009 οὐσίας
3700 2950 3790 2998 καὶ
3852 2949 4051 3018 φύσεως
4102 2948 4158 2997 τὸ

2558 3041 2804 3111 παράπαν
2866 3036 3031 3089 ἐκεῖσε
3077 3036 3408 3109 παραλλαγή.
3467 3036 3526 3088 Εἰ
3578 3033 3638 3088 δὲ
3697 3034 3819 3087 ἄλλο
3877 3038 4031 3107 φύσει
4072 3039 4162 3086 καὶ

2560 3128 2704 3189 ἄλλο,
2765 3124 2994 3199 διάφορα
3047 3128 3251 3187 πάντως
3305 3147 3316 3158 ·
3375 3130 3466 3177 καὶ
3520 3124 3563 3178 εἰ
3611 3122 3860 3197 διάφορα,
3912 3132 4022 3185 πῶς
4072 3127 4158 3175 τὸν

793 3216 1102 3273 diﬂ‘erunt.
1144 3220 1323 3272 Porro
1343 3206 1396 3272 ‘si
1427 3215 1732 3285 differunt,
1755 3216 2068 3288 quomodo
2095 3232 2304 3272 earum
2334 3231 2448 3271 nu-
2477 3206 2522 3262 ο
2561 3217 2573 3269 ἐ

2379 3206 2522 3271 u-C
2561 3217 2608 3269 ἐν
2665 3224 2814 3287 ποσῷ
2866 3220 3060 3268 τούτων
3122 3215 3343 3288 ἀριθμὸν
3406 3215 3510 3285 οὐχ
3560 3214 3886 3287 ὁμολογῆσαι
3938 3218 4158 3287 χρεών;

793 3319 1028 3359 merum
1060 3305 1329 3361 conﬁteri
1360 3322 1484 3361 non
1516 3322 1761 3361 necesse
1798 3312 1886 3361 est
1916 3312 1972 3362 et
2017 3311 2165 3378 quot
2214 3306 2330 3360 sint
2362 3305 2449 3359 in-

794 3393 1028 3464 quirere
1050 3394 1077 3449 ?
1105 3393 1423 3459 Quomodo
1450 3394 1613 3450 enim
1644 3394 1931 3467 possibile
1961 3400 2052 3451 est
2080 3410 2211 3449 esse
2242 3393 2450 3449 volun-

794 3487 944 3539 tates
965 3498 1190 3557 easque
1220 3500 1339 3540 non
1369 3486 1677 3540 numerari
1702 3486 1729 3540 ?
1751 3486 1927 3551 Quod
1959 3487 2117 3540 enim
2173 3484 2451 3540 deiﬁcata

795 3577 882 3627 est
933 3588 1044 3629 sua
1073 3589 1211 3628 cum
1244 3576 1364 3629 Deo
1394 3575 1619 3630 unione
1676 3590 1838 3641 caro,
1890 3591 2010 3630 non
2048 3574 2184 3629 ideo
2231 3574 2293 3628 in
2340 3588 2451 3629 sua

795 3660 1095 3717 essentiali
1126 3663 1393 3729 entitate,
1420 3668 1722 3735 quatenus
1764 3669 1980 3719 natura
2010 3662 2362 3736 rationalem
2394 3667 2452 3717 et

795 3754 997 3805 mente
1061 3752 1378 3822 praeditam
1431 3753 1699 3808 animam
1759 3752 1959 3817 habet,
2023 3751 2446 3822 corrumpitur.

795 3839 1321 3904 Quemadmodum
1339 3857 1534 3913 neque
1555 3841 1778 3897 ferrum
1795 3840 2193 3912 corrumpitin
2207 3840 2452 3912 propria

794 3934 1012 3986 natura
1042 3946 1286 3985 summa
1314 3936 1372 3986 et
1402 3930 1665 4002 perfecta
1700 3948 1839 3985 cum
1870 3932 2007 4000 igne
2035 3929 2373 3984 commistio
2396 3933 2453 3985 et

798 4018 978 4087 unio;
1014 4018 1121 4074 sed
1151 4020 1544 4091 proprietates
1570 4019 1724 4089 ignis
1756 4020 2074 4087 contrahit,
2112 4020 2158 4073 si
2202 4018 2451 4090 quidem

792 4108 949 4179 ignis
976 4125 1082 4181 per
1113 4110 1401 4165 unionem
1433 4109 1661 4166 factum
1685 4115 1809 4177 est;
1847 4109 2246 4165 simulantem
2270 4124 2451 4179 grave

794 4204 883 4255 est
913 4206 1131 4255 natura
1162 4205 1219 4256 et
1250 4206 1434 4269 secat,
1467 4201 1612 4272 quia
1639 4216 1761 4254 non
1794 4200 2051 4271 propriae
2082 4204 2314 4254 naturae
2362 4199 2451 4269 ja-

794 4293 1027 4343 cturam
1053 4304 1307 4360 passum
1333 4294 1439 4354 est,
1454 4304 1652 4361 neque
1683 4287 2019 4344 naturalem
2048 4288 2167 4343 vim
2200 4288 2451 4343 omnino

794 4378 1013 4444 amisit,
1044 4378 1152 4435 etsi
1178 4395 1318 4434 cum
1342 4378 1480 4448 igne
1510 4380 1757 4434 exsistat
1797 4378 2133 4435 secundum
2167 4394 2352 4433 unam
2396 4381 2455 4433 et

794 4468 1074 4523 eamdem
1101 4469 1689 4540 hypostasim,atque
1721 4468 1897 4523 simul
1923 4473 2201 4539 operetur
2221 4483 2293 4524 ea
2317 4482 2451 4539 qua

794 4557 1131 4614 secundum
1154 4558 1464 4630 propriam
1485 4564 1768 4615 naturam
1811 4563 1972 4621 sunt,
1998 4560 2327 4614 sectionem
2370 4557 2450 4613 di-
2482 4568 2527 4621 Β
2564 4579 2648 4622 σις
2690 4577 2702 4589 -

792 4662 887 4717 co,
909 4663 1240 4721 rursusque
1270 4664 1341 4704 ea
1367 4664 1502 4720 quae
1527 4664 1599 4703 ex
1622 4649 1842 4703 unione
1860 4647 2213 4719 procedunt,
2230 4662 2448 4719 nempe

789 4736 1206 4804 adustionem;
1242 4738 1435 4810 ipsius
1465 4743 1669 4793 autem
1697 4743 1804 4804 est,
1836 4737 2363 4809 quemadmodum
2394 4740 2449 4791 et

789 4826 966 4897 ignis,
993 4827 1238 4883 secandi
1271 4826 1425 4883 actio
1448 4832 1694 4898 propter
1717 4842 2020 4882 summam
2050 4831 2448 4898 mutuamque

792 4915 1423 4973 circumincessionem
1454 4921 1511 4972 et
1535 4916 2054 4984 communionem.

1240 5042 1319 5097 Et
1347 5057 1562 5098 rursus
1603 5042 1769 5097 circa
1802 5041 1983 5097 idem.

863 5158 915 5211 3.
953 5153 1010 5211 Si
1040 5153 1247 5209 omnia
1276 5167 1415 5225 quae
1447 5156 1674 5207 naturae
1709 5156 1850 5207 sunt
1877 5150 2199 5206 nobiscum
2238 5151 2451 5207 habuit

793 5243 1055 5300 Christus
1077 5241 1654 5311 communia,Patris
1679 5240 2097 5297 benevolentia
2122 5246 2179 5296 et
2204 5241 2450 5313 Spiritus

792 5332 986 5391 sancti
1042 5332 1469 5405 000peratione
1523 5335 1770 5403 propter
1829 5336 2101 5387 nostram
2171 5331 2449 5401 salutem,

790 5422 1105 5497 quomodo
1136 5423 1316 5478 etiam
1365 5421 1705 5477 naturalem
1755 5436 1879 5476 non
1920 5421 2323 5493 participabat
2350 5437 2451 5477 vo-

790 5514 1086 5571 luntatem
1107 5514 1134 5570 ?
1165 5515 1486 5569 Peccatum
1517 5513 1677 5568 enim
1706 5510 1902 5567 solum
1927 5528 2049 5568 non
2076 5512 2455 5585 participavit

791 5605 1051 5662 Verbum
1084 5604 1488 5670 incarnatum,
1522 5605 1670 5677 quia
1723 5619 1918 5675 neque
1972 5603 2033 5660 id
2081 5608 2309 5660 naturae
2341 5610 2448 5675 est,

790 5694 897 5755 sed
923 5693 1180 5752 deﬂexio
1228 5698 1285 5751 et
1328 5693 1538 5768 lapsus
1588 5692 1810 5751 mentis
1872 5692 2025 5751 ultra
2076 5698 2309 5751 natura:
2360 5711 2454 5752 ra-

2561 3314 2674 3366 Πώς
2702 3308 2802 3379 ’γὰρ
2846 3302 3068 3357 δυνατὸν
3120 3302 3250 3357 εἶναι
3297 3307 3363 3356 τὰ
3419 3304 3705 3377 θελήματα,
3753 3308 3843 3355 καὶ
3892 3307 3964 3374 μὴ
4016 3300 4160 3376 ἀριθ-

2559 3398 2810 3469 μεῖσθαι;
2858 3398 2927 3447 Τὸ
2988 3396 3086 3466 γὰρ
3144 3395 3398 3452 θεωθῆναι
3444 3401 3505 3466 τῇ
3556 3396 3684 3469 πρὸς
3720 3395 3808 3445 τὸν
3860 3396 3987 3445 Θεὸν
4034 3391 4159 3443 ἐνώ-

2562 3505 2662 3554 σει,
2718 3486 2857 3537 καθὰ
2894 3489 2984 3535 καὶ
3039 3489 3132 3541 την
3180 3486 3335 3555 φύσιν
3394 3483 3556 3541 αὐτὴν
3614 3490 3711 3543 τῆς
3738 3482 3956 3553 λογικῶς
3985 3500 4039 3533 τε
4070 3480 4161 3532 καί

2558 3583 2745 3648 νοερὼς
2794 3574 3141 3646 ἐψυχωμένης
3197 3576 3407 3645 σαρκὸς⁷
3468 3580 3564 3633 τῆς
3611 3570 3967 3623 κατόοὐσίαν
4021 3569 4160 3622 ὀντό-

2556 3684 2707 3725 τητος
2761 3664 2855 3716 οὐκ
2903 3663 3193 3725 ἐξίστησιν,
3245 3664 3417 3736 ὥσπερ
3476 3657 3600 3713 οὐδὲ
3659 3669 3751 3721 τῆς
3810 3660 4005 3722 οἰκείας
4074 3663 4158 3711 τόν

2562 3750 2783 3828 σίδηρον
2832 3756 3034 3825 φύσεως
3086 3753 3115 3809 ἡ
3176 3752 3315 3824 ἄκρα
3377 3756 3468 3803 xui
3522 3747 3700 3803 διόλου
3752 3753 3882 3825 πρὸς
3946 3752 4006 3800 τὸ
4056 3756 4157 3822 πῦρ

2561 3842 2852 3917 ἀνάκρασίς
2908 3861 2961 3893 τε
3029 3846 3121 3893 καὶ
3186 3842 3367 3902 ἕνωσις
3428 3861 3441 3873 ο
3513 3838 3641 3891 ἀλλὰ
3703 3840 3908 3909 πάσχει
3952 3842 4042 3911 μὲν
4097 3839 4162 3889 τὰ

2558 3936 2738 4007 πυρὸς,
2791 3928 2970 3989 ἐπειδὴ
3029 3938 3133 4003 πῦρ
3183 3937 3244 4002 τῆ
3306 3929 3484 3982 ἐνωσει
3530 3933 3801 4001 γεγένηται
3830 3949 3841 3961 ·
3888 3926 4062 4001 βρίθει
4103 3922 4162 3979 δε

2560 4022 2713 4075 πάλιν
2765 4024 2901 4072 κατά
2962 4023 3117 4091 φύσιν
3175 4024 3265 4070 καὶ
3314 4023 3505 4091 τέμνει,
3559 4020 3639 4069 ὅτι
3691 4023 3763 4090 μὴ
3814 4026 3909 4079 τῆς
3969 4016 4163 4076 οἰκείας

2563 4114 2762 4181 φύσεως
2837 4108 3007 4167 λώϐην
3065 4110 3333 4173 πέπονθεν,
3390 4109 3418 4167 ἡ
3478 4116 3575 4169 τῆς
3637 4115 3861 4180 φυσικῆς
3915 4104 4165 4180 ἐνεργεῐας

2562 4200 2739 4263 ἐξέστη
2786 4204 2844 4252 τὸ
2911 4198 3147 4265 σύνολον,
3232 4203 3406 4250 καίτοι
3482 4200 3613 4269 μετὰ
3684 4202 3847 4270 πυρὸς
3906 4198 4163 4269 ὑπάρχων

2561 4294 2697 4342 κατὰ
2748 4294 2841 4349 τὴν
2899 4290 3063 4347 αὐτὴν
3110 4294 3200 4341 καὶ
3253 4293 3376 4359 μίαν
3408 4289 3721 4357 ὑπόστασιν,
3748 4292 3837 4338 καὶ
3896 4282 4161 4338 ἀδιαστά-

2561 4400 2657 4441 τως
2707 4376 2845 4453 ὃρὼν
2896 4382 2961 4431 τὰ
3009 4398 3062 4431 τε
3111 4381 3243 4430 κατά
3296 4380 3449 4449 φύσιν
3528 4374 3689 4448 ἰδίαν,
3750 4376 3883 4449 λέγω
3957 4373 4024 4434 δὴ
4070 4380 4161 4433 τὴν

2562 4475 2747 4542 τομὴν,
2814 4474 2904 4521 καὶ
2951 4472 3015 4520 τὰ
3061 4467 3179 4520 καθ’
3211 4468 3391 4519 ἕνωσιν
3422 4463 3568 4527 αὖθις
3618 4467 3739 4540 ὅπερ
3790 4468 3932 4517 ἐστὶν
3964 4467 3992 4523 ἠ
4027 4472 4160 4516 καυ-

2761 4558 2920 4610 αὐτοῡ
2970 4577 3070 4632 γαρ
3124 4556 3256 4624 ἐστι,
3312 4558 3543 4628 καθάπερ
3603 4560 3694 4607 καὶ
3749 4563 3839 4607 του
3900 4574 4064 4626 πυρος
4127 4555 4155 4610 ἡ

2558 4654 2715 4721 τομὴ,
2762 4646 2853 4702 διὰ
2912 4652 3006 4705 τὴν
3064 4648 3228 4720 ἄκραν
3282 4646 3355 4707 εἰς
3402 4645 3600 4703 ἀλληλα
3660 4650 4023 4719 περιχωρησιν
4071 4647 4161 4694 καὶ

2558 4736 2830 4792 ἀντίδοσιν
2846 4782 2857 4795 ,

2982 5048 3083 5097 Καὶ
3110 5039 3262 5103 αὖθις
3289 5046 3408 5117 περὶ
3443 5048 3535 5095 τοῦ
3566 5040 3747 5096 αὐτοῦ.

2631 5151 2698 5225 γ’.
2770 5152 2829 5205 Εἰ
2892 5153 3097 5204 πάντων
3161 5158 3259 5202 τῶν
3322 5158 3412 5212 τῆς
3480 5153 3677 5223 φύσεως
3738 5147 3929 5211 ἐπίσης
3997 5168 4167 5201 κεκοι-

2561 5249 2782 5300 νώνηκεν
2836 5244 2962 5315 ἡμῖν
3020 5242 3045 5293 ὁ
3104 5244 3329 5320 Χριστὸς
3389 5237 3606 5313 εὐδοκία
3659 5242 3859 5315 Πατρός
3904 5243 3995 5290 καὶ
4047 5258 4169 5291 συν-

2564 5337 2736 5409 εργείᾳ
2790 5334 3088 5405 Πνεύματος
3138 5331 3288 5403 ἁγίου
3348 5325 3441 5383 διὰ
3512 5335 3604 5391 τὴν
3687 5333 3949 5403 σωτηρίαν
3998 5329 4167 5401 ἡμῶν,

2564 5426 2703 5485 ὅπως
2758 5421 2886 5493 οὐχὶ
2957 5427 3046 5474 xui
3119 5430 3213 5484 τῆς
3290 5429 3520 5493 φυσικῆς
3579 5426 3791 5492 μετεῖχε
3864 5417 4165 5485 θελήσεως;

2561 5514 2847 5587 Ἀμαρτίας
2888 5514 2989 5587 γὰρ
3042 5516 3202 5584 μόνης
3275 5510 3404 5582 οὐχὶ
3474 5514 3730 5583 μετέσχεν
3776 5510 3801 5559 ὀ
3877 5508 4169 5583 σαρκωθεὶς

2565 5610 2754 5675 Λόγος,
2812 5604 2888 5655 ὅτι
2942 5598 3081 5675 μηδὲ
3120 5609 3214 5663 τῆς
3255 5602 3456 5673 φύσεως
3509 5599 3640 5657 αῦτη
3675 5597 3834 5665 ἐστὶν,
3866 5596 3995 5649 ἄλλα
4036 5617 4170 5673 παρ-

2566 5698 2784 5769 εκτροπὴ
2852 5698 2943 5745 καὶ
3009 5694 3275 5765 ο).ίσθημα
3338 5696 3550 5764 γνώμης
3616 5692 3955 5763 κεκινημένης
4021 5692 4166 5763 παρὰ
