4508 6436
364 373 430 426 93
1706 370 2056 427 THESAURI
2095 371 2225 427 LIB.
2267 372 2423 428 XVII.

3672 371 3741 427 94

359 498 449 545 τὸν
475 496 627 567 λόγον
656 506 745 559 τῆς
798 499 1018 570 φύσεως·
1076 494 1436 550 διαστέλλεται
1486 497 1585 568 γὰρ
1634 498 1693 547 τὸ
1742 514 1963 568 φυσικον
1995 500 2040 551 Α
2079 496 2139 551 εἰ(

1957 517 1963 541 ι
1995 500 2040 551 Α
2079 496 2302 553 tionem
2318 500 2653 563 commota;
2677 496 3128 567 distinguuntur
3156 494 3737 553 enimnaturalisvo-

361 582 562 654 θεἾ-ημα
625 591 715 637 καὶ
784 590 841 637 τὸ
905 591 1185 658 γνωμικὸν·
1226 589 1283 636 τὸ
1324 588 1413 656 μὲν
1472 587 1574 657 γὰρ
1619 588 1838 655 φυσικὸν
1871 580 1961 635 δύο

355 691 515 742 ναμις
567 675 801 747 ὑπάρχει
866 683 958 727 τοῦ
1005 678 1137 727 κατά
1191 677 1346 746 φύσιν
1398 678 1537 733 ὄντος
1585 672 1848 747 ὀρεκτικίν
1903 676 1961 724 τὸ

359 756 419 811 δε
458 766 721 833 γνωμικὸν
768 765 1068 838 αὐθαίρετος
1099 766 1232 838 ὁρμὴ
1266 768 1356 815 καὶ
1416 764 1644 824 ζήτησις
1699 766 1816 835 περὶ
1869 768 1961 813 τοῦ

360 846 729 922 ἀγνοουμένου,
758 858 842 904 καὶ
889 855 1066 915 κθίσις
1090 857 1179 904 καὶ
1227 848 1473 911 διάθεσις
1504 856 1621 924 περὶ
1676 854 1733 901 τὸ
1763 852 1957 923 κριθέψ

358 943 446 989 καὶ
492 938 549 990 οὐ
589 944 791 1011 φύσεως
852 944 1355 1015 γαρακτηριστικὸν,
1426 940 1554 991 ἀλλὰ
1600 946 1690 991 τοῦ
1752 944 1959 1011 προσώ-

358 1047 461 1079 που
520 1035 710 1101 κυρίως
766 1031 825 1082 οὗ
878 1030 991 1083 ἐστι
1042 1036 1132 1084 καὶ
1196 1040 1292 1091 τῆς
1366 1031 1720 1097 ὐποστάσεως,
1785 1028 1959 1101 ὥσπερ

358 1121 451 1167 καὶ
498 1121 555 1169 τὸ
595 1128 701 1179 πῶς
750 1120 906 1172 θέλειν
936 1126 1025 1173 καὶ
1072 1124 1130 1172 τὸ
1160 1129 1270 1181 πῶς
1308 1120 1432 1193 ὁρᾲν
1480 1122 1537 1171 οὐ
1595 1126 1690 1180 τῆς
1738 1120 1956 1189 φύσεως,

359 1203 493 1257 ἀλλὰ
552 1216 641 1268 τῆς
700 1211 948 1281 ἡμετέρας
991 1216 1216 1281 γνώμης·
1268 1209 1384 1260 καθ’
1445 1210 1497 1260 ὃν
1562 1207 1713 1278 λόγον
1774 1212 1863 1257 καὶ
1932 1208 1957 1257 6

357 1292 796 1370 ἁνθρωπολάτρης
861 1302 1143 1371 Νεστόριος
1216 1305 1429 1370 γνωμῶν
1488 1296 1668 1349 ἕνωσιν
1762 1294 1959 1355 ἀσεϐῶς

353 1378 728 1455 ἐδογμάτισεν,
784 1386 1097 1461 ἶν’ἐκατέραν
1154 1382 1473 1460 δι’ἐκατερας
1554 1389 1767 1457 κυρὼση
1827 1385 1957 1435 ὑπὸ·

352 1490 568 1536 στασιν,
622 1480 710 1527 καὶ
749 1477 774 1527 6
813 1475 966 1545 ψιλος
996 1475 1266 1549 ἄνθρωπος
1314 1475 1464 1544 αὐτῴ
1509 1476 1712 1548 τηρηθῆ
1773 1480 1951 1545 γνωμῃ

350 1566 457 1613 τινὶ
517 1567 607 1614 καὶ
650 1564 941 1639 αὐθαιρέτῳ
994 1570 1200 1623 κινήσει
1257 1568 1389 1639 πρὸς
1439 1568 1526 1617 τὸν
1580 1567 1708 1617 Θεὸν
1764 1569 1952 1633 Λόγον,

348 1656 441 1702 καὶ
477 1653 648 1715 αότός,
691 1659 843 1725 φησὶ,
884 1660 978 1713 τήν
1003 1655 1183 1707 ἕνωσιν
1204 1656 1588 1727 ’ποιησάμενος.
1639 1654 1727 1714 Ὠς
1756 1652 1815 1704 ἂν
1847 1657 1956 1704 τοί-

349 1761 441 1791 νυν
499 1745 556 1793 τὸ
612 1742 797 1804 ἐντελὲς
847 1742 1113 1817 ἁκριϐωθῇ
1180 1753 1274 1805 τῆς
1327 1747 1529 1817 φύσεως
1564 1741 1645 1795 ἐπὶ
1702 1749 1794 1794 τοῦ
1832 1761 1958 1816 σαρ-

348 1832 606 1893 κωθέντος
653 1837 801 1899 Θεοῦ,
862 1838 951 1885 καὶ
1006 1837 1064 1885 1'6
1112 1832 1457 1905 ἀντικείμενον
1537 1828 1815 1906 διαρῥιφῇ·

349 1922 444 1990 μεν
514 1924 734 1991 φυσικὸν
794 1923 993 1995 θέλημα
1050 1918 1251 1997 ὡρίσθη
1327 1922 1410 1974 ἐπὶ
1461 1929 1717 1994 Χριστοῦ,
1791 1924 1849 1972 τὸ
1897 1916 1955 1973 δε

345 2013 615 2080 γνωμικὸν
670 2010 729 2063 οὐ
787 2016 974 2085 κυρίως
1015 2010 1213 2086 ἐρρέθη,
1269 2014 1337 2074 ὡς
1378 2016 1511 2083 μήτε
1562 2019 1624 2083 τῇ
1654 2065 1662 2070 _
1697 2007 1953 2083 διαιρέσει

349 2104 511 2172 χώρα
541 2095 672 2172 δοθῇ
698 2108 769 2170 τῷ
802 2102 1107 2162 στασιάζειν
1148 2099 1195 2153 ἕν
1244 2103 1429 2172 τούτῳ,
1483 2106 1612 2173 μήτε
1652 2108 1712 2173 τῇ
1758 2119 1951 2172 φαντα-

348 2192 444 2259 σία
465 2185 822 2263 παρείσδυσις
860 2197 932 2261 τῷ
952 2194 1023 2263 μή
1053 2192 1310 2265 ὑπάρχειν
1341 2188 1521 2244 ἐκεῖνο.

629 2350 835 2427 Ἕτερον
893 2351 1175 2426 πρόϐλημα
1213 2360 1313 2404 τῶν
1366 2353 1662 2427 Ἀρμενίων.

410 2507 485 2566 δ’.
510 2511 569 2565 Εἰ
596 2510 685 2564 ἐπὸ
715 2520 806 2564 τοῦ
848 2512 947 2575 ἑνὶς
993 2520 1230 2587 Χριστοῦ
1262 2511 1360 2566 δύο
1426 2513 1688 2587 θελήματα
1721 2520 1810 2568 καὶ
1851 2512 1949 2569 δύο

334 2602 595 2676 ἐνεργείας
652 2600 844 2677 δῶμεν,
902 2606 1109 2666 πάντως
1176 2603 1417 2667 ἀλλήλοις
1464 2604 1670 2659 ἐναντία
1746 2610 1949 2660 ἔσονται

334 2700 439 2745 ταῦ
468 2695 608 2745 θείου
642 2689 1044 2767 διαμαχομένου
1077 2702 1150 2766 τῷ
1208 2693 1533 2768 ἀνθρωπίνῳ,
1578 2700 1667 2749 καὶ
1714 2698 1739 2748 6
1793 2698 1950 2758 αὐτὸς

336 2787 432 2851 καὶ
496 2783 570 2842 εἷς
623 2787 875 2857 Χριστὸς,
911 2787 941 2841 ἤ
989 2780 1392 2846 διαστασιάζων
1436 2784 1601 2855 ἐαυτῷ
1664 2786 1943 2858 εὑρεθήσε-

338 2892 452 2937 ται,
518 2876 548 2929 ἦ
598 2874 651 2924 αἰ
678 2874 855 2943 φύσεις
896 2868 1325 2945 διαιρεθήσονται
1377 2879 1467 2926 καὶ
1528 2871 1946 2943 ἰδιοῦπόστατοι,

338 2966 428 3013 καὶ
450 2965 511 3013 τό
536 2968 626 3014 τοῦ
648 2966 936 3036 Νεστορίου
961 2958 1138 3035 δόγμα
1166 2962 1612 3038 παῤῥησιάσεται,

635 3159 925 3221 Ἀντίθεσις
948 3162 1078 3234 πρὸς
1108 3166 1256 3213 τοῦτο
1286 3168 1385 3213 τῶν
1417 3160 1657 3214 εὐσεϐῶν.

414 3356 472 3394 ε.
518 3337 579 3390 Εἰ
618 3341 707 3410 μεν
746 3340 813 3389 τὰ
881 3335 979 3391 δύο
1035 3339 1317 3411 θελήματα,
1359 3346 1435 3393 τό.
1455 3361 1507 3394 τε
1560 3344 1692 3396 θεῖον
1758 3348 1845 3395 καὶ
1892 3347 1949 3397 τὸ

339 3425 688 3498 ἀνθρώπινον,
751 3428 865 3479 κατ’
943 3428 1126 3481 οὐσίαν
1196 3432 1320 3482 άατε
1370 3427 1619 3505 διάφορα,
1672 3432 1944 3487 εὐσεϐεῖτε·

338 3516 384 3568 εἰ
437 3513 499 3567 δι
556 3515 903 3589 ἀντικείμενα,
955 3514 1160 3589 ψευδὴς
1216 3520 1241 3570 6
1293 3518 1462 3591 λόγος’
1516 3520 1639 3573 ἄλλο
1690 3525 1791 3597 γὰρ
1836 3526 1947 3577 θεό-

335 3624 496 3666 τητος
572 3611 659 3658 καὶ
707 3606 830 3659 Eclio
900 3606 1297 3681 ὼθρωπότητος
1346 3610 1563 3684 θέλημα·
1627 3610 1950 3687 ἀντικείμενα

339 3692 400 3747 δε
489 3692 751 3769 οὐδαμῶς,
834 3700 904 3759 ὡς
966 3705 1059 3749 τοῦ
1127 3697 1449 3774 ἀνθρωπίνου
1528 3701 1811 3774 θελήματος
1875 3712 1948 3775 τῷ

341 3786 501 3855 θείκῷ
560 3786 827 3859 ἑπομένου,
896 3808 987 3839 και
1037 3794 1476 3863 συντυπουμεῆοουο
1545 3790 1662 3844 οὔτε
1739 3796 1837 3868 γὰρ
1906 3796 1947 3847 εἶ

338 3894 392 3927 τι
463 3871 735 3949 διάφορον,
792 3879 995 3941 πάντως
1043 3886 1194 3931 τοῦτο
1247 3883 1334 3931 καὶ
1384 3879 1750 3954 ἀντικείμενον·
1825 3879 1947 3935 δια-

340 3967 481 4037 φορὰ
516 3968 615 4039 γὰρ
650 3963 941 4029 οὐσιώδης’
997 3970 1260 4031 σῦστασίς
1299 3968 1411 4022 ἔστι
1476 3979 1575 4023 τῶν
1625 3970 1673 4023 ἔν
1721 3980 1782 4045 τῇ
1845 3976 1945 4045 φύ-

340 4074 423 4107 σει
454 4058 793 4130 πραγμάτων,
843 4058 903 4108 οὐ
942 4061 1047 4129 μὴν
1092 4056 1393 4120 ἐναντίωσις
1438 4064 1566 4134 πρὸς
1608 4066 1702 4119 τήν
1750 4065 1945 4115 τούτων

339 4142 611 4200 διάλυσιν.
674 4146 1067 4220 Ἀπαραίτητσν
1127 4144 1185 4201 δε
1229 4152 1316 4200 τὸν
1384 4152 1717 4222 σαρκωθέντα
1775 4158 1944 4224 Λόγον

336 4242 571 4304 φυσικῶς
637 4234 779 4307 ἔχειν
836 4241 927 4289 καὶ⁵
975 4240 1033 4289 τὸ
1086 4235 1404 4312 ἀνθρώπινον
1460 4240 1657 4313 θέλημα
1693 4246 1824 4318 πρὸς
1861 4248 1945 4296 πί-

338 4343 534 4376 στωσιν
580 4334 675 4387 τῆς
724 4332 901 4398 νοερᾶς
958 4326 1117 4379 αὐτοῦ
1183 4332 1274 4380 καὶ
1336 4327 1552 4401 λογικῶς
1596 4330 1944 4405 ἕψυχωμένης

338 4420 533 4488 σαρκός
565 4436 577 4447 ·
635 4420 777 4488 εἴπερ
859 4416 1043 4477 rcitato;
1112 4416 1378 4492 ἅνθρωπος
1459 4424 1637 4493 γέγονε
1720 4419 1943 4495 μηδενὸς

2070 585 2272 642 luntas
2305 591 2361 642 et
2390 585 2669 641 mentalis
2698 604 2710 653 ;
2744 586 3033 642 naturalis
3065 586 3313 658 quidem
3360 589 3448 640 est
3497 585 3587 639 vis
3620 600 3728 656 ap-

2070 674 2321 744 petitum
2351 689 2601 729 movens
2624 675 2805 745 hujus
2855 674 3021 746 quod
3072 674 3405 729 secundum
3445 678 3727 728 naturam

2070 768 2191 829 est;
2234 762 2509 818 mentalis
2541 778 2682 817 vero
2703 762 2853 818 liber
2875 765 3135 835 impetus
3161 768 3215 819 et
3240 760 3545 833 inquisitio
3568 762 3726 817 circa

2068 849 2294 922 aliquid
2325 850 2533 919 ignoti,
2566 856 2621 907 et
2647 851 2804 907 circa
2858 852 2919 906 id
2964 851 3129 924 quod
3159 851 3465 906 decretum
3509 853 3597 905 est
3628 850 3721 920 ju-

2067 938 2292 996 dicium
2323 946 2377 995 et
2399 940 2738 1012 dispositio;
2774 957 2970 1013 neque
3001 946 3231 997 natura
3271 944 3359 995 est
3387 939 3717 1008 character,

2067 1028 2171 1083 sed
2186 1030 2423 1101 proprie
2438 1045 2708 1101 persona
2722 1030 2818 1085 cui
2832 1030 2983 1085 inest
2998 1033 3055 1085 et
3066 1029 3483 1101 hypostaseos,
3507 1043 3716 1100 quem-

2066 1116 2401 1172 admodum
2424 1116 2628 1189 aliquo
2670 1117 2854 1173 modo
2885 1118 3030 1173 velle
3072 1124 3128 1172 et
3170 1118 3375 1189 aliquo
3402 1116 3584 1171 modo
3634 1116 3715 1170 vi-

2066 1205 2207 1260 dere
2236 1221 2355 1261 non
2401 1207 2477 1261 ad
2519 1211 2800 1262 naturam
2832 1209 3103 1279 pertinet,
3172 1206 3279 1261 sed
3332 1205 3409 1261 ad
3453 1210 3718 1260 mentem

2066 1300 2369 1362 nostram;
2405 1295 2563 1350 unde
2596 1302 2651 1351 et
2700 1295 3155 1367 anthropolatra
3198 1296 3502 1351 Nestorius
3555 1310 3719 1349 men-

2065 1384 2213 1438 tium
2238 1384 2525 1439 unionem
2557 1384 2740 1456 impie
2770 1384 2995 1455 docuit,
3035 1390 3100 1440 ut
3125 1384 3376 1441 alteram
3424 1398 3532 1455 per
3581 1382 3722 1438 alte-

2065 1487 2197 1526 ram
2230 1472 2615 1529 conﬁrmaret
2640 1473 3044 1544 hypostasim,
3069 1476 3127 1529 et
3150 1478 3488 1526 servaretur
3520 1486 3720 1526 merus

2065 1559 2250 1615 homo
2291 1560 2495 1633 aliqua
2534 1569 2733 1617 mente
2783 1568 2840 1617 et
2886 1562 3075 1617 libero
3110 1562 3190 1617 ad
3232 1564 3421 1617 Deum
3460 1559 3720 1615 Verbum

2065 1654 2255 1717 motu,
2286 1655 2341 1705 et
2372 1651 2517 1721 ipse,
2548 1651 2762 1724 inquit,
2790 1651 2975 1707 homo
3022 1652 3181 1707 hanc
3220 1652 3511 1707 unionem
3536 1648 3719 1721 perti-

2067 1737 2249 1792 ciens.
2278 1741 2343 1793 Ut
2366 1738 2542 1808 igitur
2569 1745 2796 1795 natura
2820 1756 3063 1795 summa
3118 1740 3179 1795 in
3224 1740 3538 1794 incarnato
3597 1739 3716 1792 Deo

1897 1835 1953 1883 τὸ
1990 1844 2033 1897 Β
2066 1826 2490 1895 assignaretur,
2520 1829 2990 1900 oppositumque
3015 1828 3376 1899 rejiceretur,
3427 1824 3718 1881 naturalis

2063 1914 2310 1985 quidem
2342 1915 2622 1971 voluntas
2640 1916 2886 1971 deﬁnita
2918 1921 3003 1972 est
3034 1916 3108 1971 de
3140 1916 3392 1980 Christo,
3444 1913 3717 1970 mentalis

2063 2018 2200 2058 vero
2231 2019 2352 2059 non
2386 2005 2626 2077 proprie
2648 2005 2805 2061 dicta
2830 2011 2936 2075 est,
2970 2010 3031 2061 ut
3059 2021 3257 2077 neque
3295 2004 3579 2061 divisioni
3633 2002 3715 2059 lo-

2061 2107 2167 2147 cus
2216 2094 2481 2164 daretur,
2523 2095 2918 2151 dissensionis
2969 2097 3030 2151 in
3080 2096 3195 2151 hoc
3249 2094 3480 2165 gratia;
3518 2108 3715 2166 neque

2060 2181 2397 2254 phantasia
2426 2184 2728 2250 introitus,
2763 2191 3055 2257 tanquam
3088 2199 3211 2240 non
3243 2184 3316 2239 sit
3337 2182 3462 2240 illa.

2355 2361 2571 2418 Altera
2599 2362 3021 2419 Armeniorum
3048 2362 3399 2431 propositio.

2130 2524 2182 2575 4.
2220 2521 2275 2577 Si
2308 2521 2367 2577 in
2392 2522 2624 2579 Christo
2641 2523 2796 2579 duas
2830 2539 2959 2579 esse
2986 2512 3326 2580 voluntates
3347 2526 3403 2578 et
3418 2522 3717 2594 operatio-

2059 2625 2169 2665 nes
2202 2610 2633 2681 concedamus,
2650 2612 2901 2668 omnino
2926 2611 3078 2668 inter
3099 2627 3164 2667 se
3186 2611 3497 2667 contraria
3519 2612 3712 2676 erunt,

2059 2697 2264 2754 divina
2292 2699 2597 2755 voluntate
2618 2700 2911 2756 adversus
2943 2701 3277 2756 humanam
3306 2701 3715 2771 repugnante;

2059 2802 2130 2843 ac
2158 2787 2321 2843 idem
2352 2794 2408 2844 et
2428 2792 2601 2855 tunus
2630 2790 2999 2861 Christusﬁvel
3029 2806 3065 2845 a
3093 2791 3295 2861 seipso
3332 2787 3713 2855 dissentiens,

2058 2876 2418 2948 invenietur,
2451 2877 2544 2933 vel
2581 2884 2814 2935 natura
2835 2879 3179 2935 dividentur
3219 2884 3275 2935 et
3298 2876 3548 2947 singula
3576 2891 3717 2948 pro-

2057 2966 2255 3038 priam
2284 2966 2598 3023 habebunt
2616 2968 3034 3041 hypostaSIm;
3068 2973 3125 3025 et
3143 2967 3397 3025 Nestorii
3442 2966 3717 3023 doctrina

2062 3055 2378 3112 manifeste
2418 3056 2862 3129 pradicabitur.

2306 3202 2405 3259 Ad
2442 3202 2564 3259 hac
2611 3205 2916 3273 responsio
2961 3203 3459 3261 orthodoxorum.

2104 3366 2181 3422 .5.
2205 3362 2257 3418 Si
2285 3362 2531 3435 quidem
2560 3364 2716 3420 duas
2740 3363 3101 3429 voluntates,
3127 3364 3397 3420 divinam
3429 3362 3712 3419 ethuma-

2056 3465 2224 3519 nam,
2255 3452 2590 3508 secundum
2621 3454 2947 3509 essentiam
2978 3453 3216 3509 differre
3245 3453 3460 3520 dicitis,
3484 3452 3581 3524 pie
3627 3451 3715 3507 di-

2056 3540 2223 3607 citis;
2272 3541 2318 3596 si
2368 3547 2569 3597 autem
2616 3542 2928 3614 oppositas
2982 3559 3136 3611 esse,
3182 3543 3508 3599 mendaces
3547 3542 3710 3597 estis.

2057 3627 2252 3685 Altera
2290 3630 2450 3685 enim
2490 3636 2577 3687 est
2627 3631 2955 3687 divinitatis
3006 3636 3064 3687 et
3104 3630 3291 3688 altera
3325 3629 3715 3686 humanitatis

2056 3718 2356 3787 voluntas;
2371 3720 2522 3775 inter
2536 3736 2597 3776 se
2619 3725 2821 3777 tamen
2838 3722 3088 3778 minime
3109 3721 3424 3794 opposita,
3446 3736 3585 3775 cum
3606 3719 3715 3775 hu-

2056 3824 2244 3864 mana
2271 3808 2554 3865 voluntas
2577 3810 2844 3866 divinam
2865 3812 3237 3867 voluntatem
3259 3814 3544 3883 sequatur
3560 3812 3617 3866 et
3634 3807 3713 3865 ab

2054 3896 2152 3953 illa
2182 3896 2863 3955 etformetur.Nonenim
2895 3900 3109 3973 siquid
3138 3899 3507 3967 diﬂ'ert,ideo
3523 3913 3713 3971 oppo-

2055 3986 2249 4054 nitur;
2287 3986 2623 4044 differentia
2646 3988 2808 4045 enim
2847 3994 2939 4046 est
2964 3990 3236 4046 essentia
3267 4008 3279 4045 :
3311 4005 3522 4045 eorum
3571 4003 3709 4060 qua

2054 4076 2115 4130 in
2155 4080 2375 4132 natura
2403 4082 2543 4133 sunt
2598 4077 2835 4135 collatio
2892 4084 2983 4135 est
3046 4094 3259 4136 eorum
3314 4076 3712 4150 sejunctionis

2050 4164 2206 4230 loco,
2240 4180 2363 4221 non
2405 4181 2553 4223 sane
2583 4167 3272 4239 oppositio.lnevitabile
3298 4173 3500 4226 autem
3520 4168 3713 4223 incar-

2051 4260 2263 4310 natum
2292 4254 2549 4312 Verbum
2580 4258 2929 4314 naturaliter
2958 4259 3294 4315 humanam
3337 4256 3710 4314 voluntatem

2050 4343 2297 4414 habere,
2316 4348 2379 4401 ut
2399 4346 2448 4416 ej
2461 4362 2529 4401 us
2550 4345 2852 4416 intelligen
2862 4347 2899 4403 ti
2915 4352 2972 4403 et
2982 4348 3257 4405 rationali
3280 4348 3478 4404 carnis
3490 4347 3709 4404 anima

2050 4434 2203 4489 ﬁdes
2218 4434 2311 4499 sit,
2333 4434 2382 4490 si
2408 4435 2658 4507 quidem
2682 4435 2981 4507 perfectus
3003 4437 3185 4494 homo
3198 4438 3391 4494 factus
3411 4442 3521 4504 est,
3559 4436 3711 4494 nihil

334 4512 435 4555 τῶν
482 4505 741 4578 ἡμετέρων
798 4505 1109 4578 λειπόμενος,
1169 4507 1331 4566 πολήν
1370 4514 1534 4581 μόνης
1595 4519 1685 4573 τῆς
1764 4512 1939 4589 ἁμαρ·
1971 4562 2013 4617 D
2049 4540 2114 4596 (μ

1928 4545 1939 4554 -
1971 4562 2013 4617 D
2049 4524 2214 4596 quod
2242 4505 2513 4588 nostrum
2534 4526 2606 4581 sit
2628 4505 2750 4582 non
2780 4526 2893 4582 sibi
2915 4528 3271 4599 suscipiens,
3296 4533 3546 4600 excepto
3569 4542 3708 4599 pec-

331 4598 473 4655 τίας·
560 4598 733 4647 πάντα
809 4596 1100 4668 γὰρ-ἔχων
1172 4598 1276 4650 ὅσα
1332 4600 1484 4671 ἡμεῖς
1539 4599 1941 4676 ἁπαραλείπτως

332 4687 395 4736 τὰ
450 4686 584 4736 κατὰ
636 4688 792 4757 φύσιν
861 4690 1156 4740 συστατικά
1225 4697 1320 4751 τῆς
1406 4691 1657 4765 ἡμετέρας
1732 4694 1938 4763 οὐσίας,

333 4773 485 4831 ἤθελε
536 4780 627 4827 καὶ
665 4773 870 4848 ἐνήργει
926 4775 974 4829 ἐν
1027 4776 1242 4853 ἑκατέρᾳ
1287 4788 1458 4854 μορφῇ
1518 4786 1646 4854 μετὰ
1716 4792 1813 4847 τῆς
1853 4786 1943 4838 θα-

331 4869 485 4937 τέρου
530 4871 822 4926 κοινωνίαςο
892 4867 960 4918 ὧν
1002 4870 1092 4939 μεν
1139 4871 1254 4942 γὰρ.
1305 4872 1335 4928 ἠ
1405 4870 1558 4939 αὐτὴ,
1614 4876 1804 4925 τούτων
1852 4881 1942 4929 καὶ

330 4957 360 5012 ἡ
400 4954 610 5015 θέλησις
648 4960 737 5007 καὶ
790 4958 820 5015 ἡ
892 4956 1119 5029 ἐνέργεια
1166 4960 1195 5017 ἡ
1239 4959 1401 5018 αὐτή·
1450 4962 1518 5012 ὧν
1572 4958 1631 5014 δὲ
1696 4959 1942 5036 διάφορος

329 5048 359 5102 ἡ
396 5045 581 5111 οὐσία,
636 5048 831 5097 τούτων
882 5043 1130 5121 διάφορος
1160 5053 1249 5101 καὶ
1279 5051 1309 5107 ἡ
1366 5050 1570 5111 θέλησις
1594 5057 1684 5104 καὶ
1742 5056 1770 5112 ἠ
1805 5052 1941 5128 ἐνέρ-

325 5156 469 5208 γεια.
519 5140 620 5189 Καὶ
648 5140 704 5187 τὸ
764 5134 1037 5208 ἀνάπαλιν,
1072 5138 1139 5188 ὧν
1198 5141 1226 5197 ἡ
1261 5139 1472 5201 θελησις
1512 5146 1601 5194 καὶ
1652 5144 1680 5200 ἠ
1716 5141 1943 5218 ἐνέργεια

325 5230 354 5286 ἡ
386 5226 768 5292 αὐτὴντοὺνων
798 5232 887 5279 καὶ
927 5229 957 5285 ἡ
1014 5228 1172 5279 οὐσία
1210 5230 1239 5288 ἡ
1279 5230 1432 5288 αὐτή.
1494 5231 1562 5283 ὧν
1604 5228 1662 5285 δε
1694 5229 1942 5308 διάφορος

323 5320 354 5375 ἡ
402 5316 618 5377 θέλησις
636 5320 724 5367 καὶ
753 5316 1000 5390 ἐνέργεια,
1026 5323 1220 5372 τουτων
1251 5325 1342 5372 καὶ
1381 5322 1411 5379 ἡ
1436 5321 1596 5373 οὐσία
1638 5319 1900 5397 διάφορος
1924 5347 1936 5359 ·

324 5405 412 5460 διὸ
448 5406 533 5459 ἐπὶ
601 5410 691 5479 μὶν
732 5412 939 5481 Πατρός
1000 5414 1090 5461 καὶ
1130 5412 1256 5464 Υἱοῦ
1316 5415 1407 5463 καὶ
1450 5412 1608 5483 ἁγίου
1640 5418 1939 5487 Πνεῦματος

321 5498 376 5551 ἐκ
437 5505 537 5559 τῆς
586 5502 905 5559 ταυτὸτητος
956 5508 1053 5562 τῆς
1128 5499 1381 5577 ἐνεργείας
1434 5509 1524 5555 καὶ
1580 5511 1671 5555 τοῦ
1714 5505 1937 5579 θελήμα-

318 5611 405 5652 τος
475 5594 567 5642 καὶ
641 5596 737 5651 τὴν
802 5600 1101 5654 ταυτότητα
1182 5602 1272 5655 τῆς
1325 5598 1526 5667 φύσεως
1588 5616 1934 5669 γινωσκομενο

320 5681 409 5733 ἐπὶ
448 5678 508 5734 δε
540 5691 637 5745 τῆς
697 5684 831 5746 θείας
882 5686 1197 5760 οἰκονομίας,
1274 5682 1329 5738 ἔκ
1381 5696 1471 5748 τῆς
1539 5682 1798 5763 διαφορᾶς
1834 5696 1934 5741 τῶν

320 5772 586 5845 ἐνεργειῶν
643 5779 736 5827 καὶ
783 5784 881 5829 τῶν
932 5777 1231 5853 θελημάτων
1283 5782 1373 5832 καὶ
1425 5783 1520 5839 τὴν
1572 5788 1670 5843 τῆς
1736 5782 1935 5852 γύσεως

2050 4620 2202 4670 cato.
2246 4614 2463 4672 Omnia
2491 4615 2654 4671 enim
2678 4632 2817 4689 qua
2849 4621 2906 4672 et
2935 4632 3048 4673 nos
3086 4617 3342 4687 habens,
3389 4616 3539 4674 nihil
3584 4631 3711 4673 non

2049 4703 2383 4776 suscipiens
2404 4719 2616 4761 eorum
2642 4721 2778 4778 qua
2802 4706 3140 4762 secundum
3167 4712 3451 4763 naturam
3484 4710 3710 4762 nostra

2050 4791 2326 4848 essentia
2357 4794 2682 4850 constituta
2712 4798 2871 4861 sunt,
2904 4795 2964 4851 in
3006 4799 3263 4868 utraque
3308 4795 3501 4853 forma
3552 4794 3709 4851 vole-

2048 4881 2157 4938 bat
2211 4883 2701 4957 operaliaturque
2763 4900 2898 4941 cum
2958 4884 3203 4942 alterius
3255 4885 3707 4943 communione.

2052 4972 2321 5035 Quorum
2344 4977 2549 5028 autem
2575 4972 2861 5030 differens
2890 4980 2980 5031 est
3006 4974 3286 5044 essentia,
3318 4991 3529 5032 eorum
3560 4991 3713 5048 quo-

2048 5077 2170 5135 que
2195 5061 2478 5118 differens
2506 5068 2597 5119 est
2618 5068 2674 5119 et
2702 5063 2984 5120 voluntas
3024 5070 3083 5120 et
3107 5066 3403 5141 operatio;
3448 5081 3707 5138 quorum

2049 5168 2190 5208 vero
2208 5151 2489 5208 differens
2504 5157 2593 5209 est
2618 5152 2903 5211 voluntas
2916 5158 2974 5211 et
3010 5155 3302 5227 operatio,
3330 5171 3543 5213 eorum
3562 5171 3713 5229 quo-

2049 5256 2168 5314 que
2214 5240 2498 5299 differens
2546 5247 2636 5299 est
2692 5243 2973 5301 essentia.
3037 5244 3179 5301 Ideo
3230 5249 3287 5302 et
3333 5245 3396 5301 in
3427 5247 3596 5302 Patre
3653 5249 3721 5303 et-

2049 5330 2197 5387 Filio
2238 5337 2295 5387 et
2319 5332 2540 5403 Spiritu
2570 5339 2781 5390 sancto
2812 5350 2884 5390 ex
2916 5333 3236 5394 voluntatis
3258 5340 3315 5392 et.
3342 5335 3709 5408 operationis

2046 5421 2376 5487 identitate,
2405 5426 2461 5477 et
2488 5427 2720 5479 natura
2752 5423 3129 5491 identitatem
3187 5427 3601 5495 agnoscimus.
3638 5425 3708 5483 In

2046 5509 2253 5567 divina
2283 5516 2489 5567 autem
2530 5512 2961 5569 incarnationis
2997 5513 3342 5570 aconomia
3371 5530 3445 5570 ex
3491 5530 3708 5588 opera-

2048 5602 2279 5657 tionum
2307 5605 2365 5656 et
2391 5600 2773 5658 voluntatum
2812 5601 3170 5669 diﬂ‘erentia,
3213 5608 3271 5659 et
3311 5608 3542 5660 natura
3597 5604 3707 5661 dif-

2044 5689 2357 5747 ferentiam
2384 5690 2763 5761 conﬁtemur.
2795 5694 2953 5749 Duas
2981 5708 3162 5766 porro
3218 5693 3560 5751 voluntates
3598 5711 3707 5752 na-

2045 5784 2319 5838 turarum
2344 5796 2474 5838 esse
2494 5781 2777 5851 dicimus,
2812 5799 2935 5840 non
2965 5782 3351 5857 personales;
3396 5800 3593 5859 neque
3616 5800 3704 5843 se-
