4508 6436
836 364 903 417 95
2137 367 2411 426 NICE'UE
2452 365 2883 426 CHRONIATzE
4024 362 4029 369 '
4120 375 4188 429 96

832 486 1214 556 parationem
1242 490 1587 549 inducimus
1608 496 1981 562 naturarum,
2026 494 2132 548 sed
2178 493 2481 560 eamdem,
2513 500 2557 547 A
2593 488 2612 543 ὁ

1583 496 1981 562 :naturarum,
2026 494 2132 548 sed
2178 493 2481 560 eamdem,
2513 500 2557 547 A
2593 488 2848 562 διαφορὰν
2900 491 3363 566 συνομολογοῦμεν·

834 577 892 628 et
919 574 980 629 in
1001 575 1114 631 hac
1146 580 1368 637 unione
1426 586 1780 638 naturarum
1830 582 2208 638 ostendimus
2250 597 2484 639 conser-

834 663 1159 735 vationem,

910 846 961 897 6.
994 844 1117 901 Hoc
1142 847 1321 905 etiam
1356 848 1564 907 dicunt
1603 851 1769 924 quod
1813 851 1939 907 solo
1989 851 2286 922 passionis
2340 852 2482 905 tem-

833 944 1001 1001 pore,
1041 936 1288 1006 quando
1314 939 1477 1010 quod
1510 940 1694 995 nostri
1723 946 1809 995 est
1830 939 2088 1013 perfecte
2140 940 2200 994 in
2249 954 2309 993 se
2338 937 2483 993 refc-

834 1018 1003 1076 rebat
1029 1023 1298 1081 Christus
1321 1032 1376 1083 et
1406 1030 1558 1084 mori
1601 1030 1920 1085 recusabat
1966 1034 2029 1085 ut
2062 1029 2277 1098 homo,
2328 1027 2481 1082 duas

833 1108 1168 1168 voluntates
1216 1116 1439 1173 habere
1479 1118 1641 1173 visus
1687 1123 1792 1175 est.
1843 1118 2016 1184 Quod
2068 1123 2159 1174 est
2206 1117 2480 1173 inconse-

832 1212 1026 1267 quens
1056 1218 1068 1255 :
1103 1202 1149 1257 si
1180 1205 1338 1261 enim
1368 1212 1505 1263 tunc
1530 1208 1818 1277 habebat,
1847 1214 1901 1263 et
1921 1206 1999 1262 ab
2031 1207 2195 1262 initio
2217 1206 2483 1262 habebat

831 1301 903 1340 ex
920 1304 1041 1359 quo
1071 1290 1260 1348 factus
1282 1300 1369 1351 est
1397 1297 1603 1361 homo,
1633 1314 1828 1370 neque
1856 1297 1917 1352 id
1948 1314 2018 1351 ex
2074 1302 2340 1367 tempore
2381 1295 2482 1350 ha-

829 1374 976 1432 buit.
1000 1380 1053 1434 Si
1081 1387 1279 1438 autem
1299 1385 1377 1439 ab
1409 1386 1576 1442 initio
1610 1403 1731 1443 non
1768 1387 2055 1457 habebat,
2089 1401 2287 1458 neque
2339 1390 2481 1439 tem-

832 1479 971 1535 pore
992 1470 1296 1539 passionis
1323 1475 1552 1541 habuit,
1586 1476 1689 1531 sed
1712 1478 2025 1531 horrorem
2047 1481 2276 1531 tantum
2300 1475 2483 1528 simu-

828 1551 992 1623 lavit,
1025 1562 1080 1612 et
1100 1562 1319 1629 pariter
1367 1564 1534 1635 juxta
1580 1565 1712 1620 illos
1761 1571 1974 1621 caetera
2018 1580 2123 1637 per
2163 1580 2299 1635 quae
2355 1562 2478 1617 sal-

834 1644 951 1697 vati
968 1650 1511 1723 sumus,lacrymas
1530 1670 1764 1727 nempe,
1787 1655 2108 1718 orationes,
2137 1668 2476 1715 maerorem,

832 1734 1136 1804 agoniam,
1157 1755 1416 1808 crucem,
1438 1750 1690 1798 mortem
1722 1750 1778 1799 et
1803 1744 2193 1815 sepulturam.
2234 1742 2478 1811 Figura-

828 1818 935 1875 bat
963 1824 1123 1879 enim
1161 1826 1222 1882 in
1258 1831 1457 1903 seipso
1488 1832 1747 1903 perfecte
1792 1832 1960 1904 quod
2005 1831 2192 1886 nostri
2245 1836 2331 1884 est
2376 1845 2480 1901 per
2513 1842 2552 1894 Β

827 1912 1161 1970 naturalem
1183 1919 1521 1975 secundum
1542 1937 1651 1975 nos
1670 1921 1973 1993 agoniam,
1992 1925 2054 1975 ut
2077 1925 2132 1974 et
2152 1917 2340 1974 abilla
2368 1933 2480 1972 nos

826 1997 1123 2072 liberaret,
1147 2012 1203 2061 et
1228 2010 1483 2079 propriae
1512 2011 1706 2065 carnis
1728 2016 1957 2065 naturae
2011 2008 2194 2063 ﬁdem
2237 2007 2476 2073 faceret,

825 2095 879 2144 et
900 2096 1300 2151 oeconomiam
1324 2099 1402 2152 ab
1433 2099 1598 2153 omni
1626 2098 2238 2171 phantasiaalienam
2288 2096 2481 2151 effice-

824 2182 940 2245 ret;
965 2184 1487 2251 quemadmodum
1518 2171 1657 2243 sure.
1681 2188 1959 2243 humanae
1987 2187 2305 2243 voluntatis
2340 2202 2479 2241 cum

822 2271 1070 2340 propria
1116 2275 1209 2329 sui
1242 2276 1431 2348 ipsius
1468 2278 1778 2350 Patrisque
1829 2278 2135 2333 voluntate
2180 2277 2479 2332 cohaeren-

826 2358 974 2415 tiam
1002 2366 1057 2416 et
1087 2364 1395 2433 unionem,
1422 2366 1483 2421 id
1528 2372 1795 2423 statuens
1824 2373 1879 2423 et
1904 2367 2109 2423 dicens
2135 2385 2145 2421 :
2192 2370 2317 2422 Non
2344 2381 2478 2420 mea

822 2448 1124 2523 voluntas,
1159 2454 1264 2509 sed
1292 2460 1396 2510 tua
1419 2456 1523 2512 ﬁat
1549 2459 1589 2511 δ.
1625 2478 1652 2505 ››

1172 2618 1317 2675 Alia
1344 2621 1764 2677 Armeniorum
1789 2621 2131 2691 propositio.

893 2744 945 2793 7.
990 2740 1046 2796 Si
1085 2741 1468 2801 indivisibilis
1536 2751 1628 2802 est
1678 2746 1963 2811 Christus,
2026 2744 2475 2801 indivisibilium

819 2842 964 2883 vero
996 2846 1117 2887 una
1145 2837 1523 2907 estoperatio
1573 2843 1630 2893 et
1659 2836 1965 2904 voluntas,
1998 2835 2310 2909 quomodo
2354 2850 2477 2891 non

820 2917 971 2973 etde
1015 2920 1246 2980 Christo
1295 2941 1482 2982 unam
1531 2927 1947 2999 operationem
1990 2926 2053 2981 in
2104 2924 2478 2981 voluntatem

817 3006 1088 3066 dicemus
1104 3013 1132 3068 ?

1458 3126 1802 3195 Responsio.

889 3243 1042 3300 Nihil
1072 3236 1463 3311 naturalium.
1513 3251 1574 3306 in
1615 3255 1916 3324 quantum
1975 3254 2069 3305 est
2107 3245 2477 3304 indivisibile

820 3338 996 3400 certe,
1018 3336 1122 3391 sed
1145 3354 1254 3409 pro
1275 3339 1453 3413 hujus
1472 3340 1850 3396 indivisibilis
1875 3345 2090 3395 natura
2126 3344 2183 3393 et
2216 3337 2478 3392 essentia

819 3421 1221 3481 differentiam
1267 3428 1469 3485 habet.
1524 3430 1759 3485 Naturis
1802 3430 1964 3485 enim
2016 3444 2137 3483 non
2194 3428 2478 3482 exsisten-

819 3512 1002 3577 tibus,
1055 3520 1358 3575 evanescit
1404 3536 1650 3592 quoque
1706 3520 1955 3575 omnino
2031 3517 2198 3589 quod
2246 3515 2476 3571 naturis

820 3608 1079 3670 constat,
1115 3610 1515 3679 compositam
1556 3610 1933 3681 hypostasim
1980 3608 2137 3662 dico.
2184 3606 2239 3661 Si
2271 3611 2476 3660 autem

819 3695 1220 3765 compositam
1272 3699 1485 3754 Christi
1551 3699 1935 3772 hypostasim
1987 3696 2346 3752 conﬁtemur
2397 3694 2475 3749 ad

817 3799 1005 3856 quam
1035 3786 1339 3855 attollitur,
1381 3794 1435 3844 et
1464 3791 1900 3845 contrariorum
1956 3793 2011 3843 et
2056 3786 2473 3859 oppositorum

816 3889 1013 3946 capax
1032 3876 1170 3931 erit:
1196 3878 1467 3934 mortalis
1499 3880 1658 3935 enim
1695 3886 1751 3934 et
1789 3877 2169 3943 immortalis,
2219 3874 2473 3931 visnbilis

816 3966 871 4017 et
919 3962 1253 4035 invisibilis,
1306 3966 1475 4025 ﬁnita
1523 3975 1579 4024 et
1628 3969 1880 4033 inﬁnita,
1933 3967 2098 4022 initio
2148 3980 2359 4020 carens
2416 3969 2471 4019 et

814 4048 1050 4107 initium
1075 4053 1329 4112 habens.
1364 4058 1588 4130 Duplex
1611 4074 1851 4130 quoque
1893 4072 2121 4125 eorum,
2178 4058 2243 4109 ut
2276 4054 2465 4118 decet,

813 4140 923 4196 erit
951 4145 1251 4214 operatio;
1285 4151 1342 4203 et
1367 4146 1534 4203 aliter
1564 4152 1696 4202 utra
1725 4152 1943 4202 natura
1976 4145 2212 4216 absque
2254 4158 2464 4214 Opera-

812 4229 972 4287 tione
998 4239 1173 4301 esset,
1230 4236 1325 4291 vel
1367 4241 1528 4292 extra
1576 4236 1915 4292 naturalem
1967 4251 2141 4290 suam
2172 4233 2466 4305 operatio-

812 4335 951 4376 nem
975 4324 1003 4378 ?
1034 4324 1354 4389 Quomodo
1393 4332 1595 4383 autem
1618 4325 1907 4399 possibile
1930 4330 2018 4380 est
2062 4328 2126 4379 ut
2176 4322 2467 4379 naturalis

810 4411 1148 4469 secundum
1186 4431 1430 4472 carnem
1454 4416 1687 4472 virtutis
1716 4432 1929 4488 expers
1981 4413 2239 4470 Verbum
2276 4413 2469 4468 incar-

810 4503 1024 4555 natum
1041 4501 1352 4560 hominem
1369 4504 1696 4577 perfectum
1715 4522 1784 4559 ac
1802 4503 2147 4576 simpliciter
2158 4501 2467 4557 hominem

813 4591 1085 4664 seipsum
1115 4595 1438 4651 nominet?
1460 4599 1589 4651 Non
1612 4596 1769 4651 enim
1803 4599 1893 4651 est
1939 4594 2169 4665 absque
2210 4589 2465 4647 naturali

812 4683 1161 4753 operatione
1187 4684 1396 4742 homo.
1424 4684 1512 4740 Ad
1530 4682 1665 4751 hoc,
1695 4700 1893 4756 neque
1920 4681 2301 4738 indivisibilis
2330 4697 2470 4754 pro-

811 4772 938 4843 prie
968 4772 1184 4829 dicitur
1212 4773 1273 4829 in
1305 4774 1534 4830 Christo
1562 4774 1906 4846 composita
1927 4788 2209 4845 persona.
2234 4771 2470 4827 Nullam

811 4861 975 4918 enim
998 4862 1353 4919 relationem
1381 4864 1564 4921 habet
1582 4865 1660 4921 ad
1687 4880 1823 4920 eam
1857 4862 2219 4919 divisionem
2233 4877 2370 4933 quae
2398 4877 2471 4917 ex

809 4952 1217 5009 remotissimo
1240 4970 1457 5025 genere
1479 4970 1588 5027 per
1614 4970 1836 5025 genera
1883 4953 2038 5009 inter
2088 4968 2150 5006 se
2198 4951 2471 5022 subjecta

811 5042 890 5097 ad
942 5044 1529 5117 propinquissimam
1574 5045 1839 5118 speciem
1891 5042 2158 5115 pervenit
2186 5041 2246 5097 in
2276 5056 2469 5113 eaque

810 5134 1125 5205 proprium
1155 5149 1547 5206 progressum
1574 5134 2009 5191 circumscribit

881 5224 934 5278 8.
961 5223 1103 5281 Ideo
1128 5224 1304 5296 juxta
1333 5225 1851 5298 sapientissimum
1903 5221 2191 5295 Cyrillum
2244 5237 2470 5277 nomen

813 5312 1091 5370 Christus
1130 5331 1253 5371 non
1285 5316 1406 5371 vim
1450 5315 1811 5371 deﬁnitionis
1857 5313 2057 5369 habet.
2133 5315 2260 5367 Non
2306 5312 2468 5366 enim

813 5408 903 5460 est
931 5405 1161 5477 species
1190 5406 1265 5461 de
1305 5405 1507 5461 multis
1535 5420 1790 5461 numero
1828 5402 2079 5459 diversis
2122 5402 2468 5474 praedicata,

812 5510 1012 5567 neque
1047 5496 1314 5569 aliquam
1365 5496 1621 5567 alicujus
1652 5494 1977 5551 essentiam
2028 5490 2322 5549 ostendit:
2348 5506 2471 5546 non

814 5589 977 5644 enim
1004 5587 1233 5660 aliquid
1260 5585 1631 5643 indivisibile
1648 5590 1737 5643 est
1759 5584 1837 5642 ad
1866 5583 2131 5657 speciem
2155 5586 2261 5639 aut
2282 5596 2474 5652 genus

887 5761 909 5796 ⁸
941 5761 1079 5816 Luc.
1122 5762 1361 5827 “11,42.

3448 496 3515 545 τὰ
3562 498 3736 567 μέντοι
3794 493 3891 549 δύο
3926 495 4192 569 θελήματα

3156 582 3261 655 οὐχ
3327 586 3676 637 ὑποστατικά·
3774 582 3899 639 οὐδὲ
3926 583 4188 658 διαίρεσιν

2593 668 2866 740 εἰσάγομεν
2931 678 3031 720 τῶν
3088 673 3306 742 φύσεων,
3366 672 3495 724 ἀλλὰ
3565 678 3658 731 τὴν
3736 674 3916 746 αὐτὴν,
3972 676 4068 726 κοῖν
4124 682 4186 747 τῇ

2594 756 2766 809 ἐνωσει
2800 754 3055 831 δηλοῦμεν
3088 765 3314 831 φυσικὴν
3345 766 3687 836 συντήρησιν.

2593 581 2791 653 φυσικά
2880 601 3059 653 φαμεν,

2596 894 2599 899 .
2664 867 2729 909 ς’.
2780 845 2895 899 Ἐτι
2945 852 3097 899 τοῦτό
3151 853 3326 920 φασίν,
3383 853 3451 911 ως
3483 849 3529 901 ἐν
3588 858 3659 920 τῷ
3691 858 3857 925 καιρῷ
3909 856 4048 923 μόνῳ
4097 858 4186 903 τοῦ

2590 937 2805 1001 πάθους,
2865 938 3021 993 ἡνίκα
3073 941 3132 989 τό
3174 940 3418 1013 ἡμέτερον
3467 939 3655 992 ἐτύπου
3710 948 4091 1013 πραγματικῶς
4138 940 4186 992 ἐν

2591 1024 2755 1094 ἑαυτῷ
2814 1026 2838 1075 ὁ
2894 1030 3124 1098 Χριστός
3179 1033 3269 1080 καὶ
3320 1036 3603 1101 παρῃτεῖτο
3655 1032 3741 1081 τόν
3820 1032 4044 1103 ,θάνατον
4117 1032 4187 1091 ὡς

2590 1112 2875 1186 ἅνθρωπος,
2939 1111 3036 1166 δύο
3082 1115 3342 1189 θελήματα
3393 1120 3529 1189 ἔχων
3570 1115 3851 1173 ἐδείκνυτο.
3921 1126 4084 1171 Τοῦτο
4129 1115 4189 1170 δὲ

2588 1204 2795 1254 ἄτοπον·
2853 1203 2896 1255 εἰ
2940 1206 3029 1275 μὲν
3072 1208 3171 1280 γὰρ
3228 1202 3341 1277 εἶχε
3398 1212 3532 1273 τότε,
3579 1214 3668 1260 καὶ
3723 1206 3809 1259 ἀπ’
3844 1207 4015 1282 ἀρχῆς
4049 1204 4188 1279 εἶχεν

2588 1292 2641 1354 ἐξ
2670 1288 2728 1344 οὗ
2758 1296 2959 1364 γέγονεν
2990 1296 3279 1367 ἅνθρωπος,
3314 1295 3538 1369 ἀλλὀὐχ
3591 1297 3805 1370 ὓστερον
3853 1294 4187 1369 ἐσχεδίασεν.

2589 1380 2631 1433 εἰ
2679 1378 2737 1433 δὲ
2791 1380 2877 1433 ἀπ’
2928 1381 3104 1455 ἀρχῆς
3160 1384 3255 1435 οὐκ
3312 1392 3474 1456 εἶχεν,
3526 1383 3651 1438 οὐδὲ
3698 1390 3832 1439 κατὰ
3880 1406 3967 1438 τον
4004 1388 4187 1460 καιρόν

2587 1469 2699 1541 εἶχε
2755 1480 2846 1523 του
2890 1474 3111 1539 πάθους,
3160 1472 3288 1525 ἀλλὰ
3341 1480 3495 1546 μόνον
3549 1475 3803 1547 ἐφάντασε
3853 1481 3947 1533 τὴν
3999 1479 4191 1549 παραί-

2586 1579 2760 1616 τησιν·
2808 1560 2921 1612 κατ’
2982 1562 3167 1622 αὐτοὺς
3228 1560 3286 1615 δὲ
3333 1570 3421 1616 καὶ
3478 1566 3545 1615 τὰ
3579 1564 3737 1617 λοιπὰ
3794 1562 3867 1617 δι’
3921 1566 3987 1615 ὧν
4021 1570 4188 1616 σεσω-

2590 1651 2775 1720 σμεοα,
2834 1652 2938 1701 οἷον
2998 1653 3055 1701 τό
3090 1647 3341 1724 δάκρυον,
3396 1657 3488 1710 τὴν
3538 1653 3725 1725 εὐχὴν,
3757 1659 3850 1711 τὴν
3876 1653 4063 1722 λύπην,
4095 1657 4189 1711 τὴν

2590 1736 2833 1809 ἀγωνίαν,
2892 1743 2979 1791 τὸν
3014 1744 3262 1813 σταυρὸν,
3300 1745 3383 1793 τόν
3427 1744 3664 1809 θάνατον,
3719 1748 3809 1795 καὶ
3855 1748 3947 1801 τὴν
3994 1748 4186 1815 ταφήν

2588 1826 2775 1879 ἐτυπου
2850 1831 2950 1902 γὰρ
3028 1830 3078 1881 ἐν
3146 1830 3311 1900 ἐαυτῷ
3363 1841 3737 1906 πραγματικῶς
3812 1837 3870 1884 τό
3942 1834 4187 1906 ἡμέτερον

2590 1912 2684 1967 διὰ
2755 1924 2850 1976 τῆς
2939 1926 3163 1989 φυσικῆς
3250 1922 3377 1992 πρὸς
3438 1922 3576 1991 ἡμᾶς
3642 1919 3887 1992 ἀγωνίας,
3951 1922 4034 1972 ἱνα
4097 1924 4188 1971 καὶ

2582 2007 2777 2065 ταύτης
2829 2008 2966 2077 ἡμᾶς
3016 2005 3353 2082 ἐλευθερώσῃ,
3418 2014 3507 2061 καὶ
3556 2018 3651 2071 τῆς
3725 2009 3919 2069 οἰκείας
3995 2012 4190 2084 σαρκὸς

2588 2100 2680 2152 τήν
2727 2098 2881 2166 φύσιν
2922 2102 3278 2164 πιστώσηται,
3310 2102 3400 2149 καὶ
3456 2103 3549 2157 τὴν
3602 2099 3897 2171 οἰκονομίαν
3954 2101 4188 2172 καθαράν

2588 2186 2765 2245 πάσης
2833 2191 3121 2256 φαντασίας
3188 2186 3500 2261 ἐργάσηται·
3597 2190 3769 2263 ὥσπερ
3855 2193 3947 2246 τὴν
4026 2188 4189 2260 ἄκραν

2587 2282 2679 2325 του
2727 2274 2841 2324 κατ’
2889 2275 3045 2327 αὐτόν
3091 2274 3419 2350 ἀνθρωπικοῦ
3461 2281 3592 2350 πρὸς
3658 2282 3716 2330 τό
3784 2278 3970 2329 οἰκεῖον
4028 2278 4188 2328 αὐτοῦ

2589 2368 2678 2414 καὶ
2763 2368 3015 2436 πατρικὸν
3109 2364 3307 2436 θέλημα
3393 2368 3656 2437 συμφυΐαν
3718 2372 3807 2419 καὶ
3847 2367 4046 2436 ἕνωσιν,
4115 2374 4187 2435 τῷ

2588 2450 2868 2525 ἐπικρίνειν
2908 2462 3060 2505 τουτο
3115 2460 3205 2505 καὶ
3284 2458 3517 2527 φάσκειν·
3595 2460 3679 2514 Μὴ
3741 2460 3799 2508 τό
3876 2455 4017 2529 ἐμόν,
4064 2454 4191 2507 ἀλλὰ

2586 2544 2643 2592 τό
2678 2546 2767 2593 σόν
2788 2546 3011 2614 γενέσθω
3044 2544 3259 2617 θέλημα.
3818 2536 3823 2543 ί

2897 2632 3100 2706 Ἐτερον
3144 2633 3421 2707 πρόϐλημα
3450 2643 3550 2687 τῶν
3583 2636 3884 2709 Ἀρμενίων.

2659 2718 2721 2780 ξ.
2773 2720 2834 2773 Εἰ
2903 2724 3094 2795 οῖτομος
3147 2725 3172 2774 ό
3228 2726 3477 2798 Χριστός,
3554 2732 3651 2776 τῶν
3708 2721 3766 2777 δὲ
3842 2724 4045 2797 ἀτόμων
4094 2729 4192 2796 μία

2586 2808 2811 2884 ἐνέργεια
2868 2832 2953 2863 και
3008 2811 3236 2883 Θέλησις,
3290 2822 3397 2875 πῶς
3452 2813 3579 2885 οὐχὶ
3637 2820 3727 2867 καὶ
3796 2814 3881 2867 ἐπὶ
3956 2821 4190 2889 Χριστοῦ

2586 2905 2709 2972 μίαν
2742 2899 2994 2973 ἐνέργειαν
3016 2907 3105 2954 καὶ
3139 2902 3346 2961 θέλησιν
3378 2906 3596 2975 εἴπωμεν
3622 2921 3635 2972 ;

3227 3118 3517 3181 Ἀντίθεσις
3530 3161 3543 3174 .

2661 3239 2829 3294 Οὐδὲν
2885 3250 2984 3294 τῶν
3016 3252 3249 3315 φυσικῶν
3298 3244 3368 3305 εἰς
3420 3248 3478 3297 τὸ
3534 3244 3725 3317 ἆτομον
3766 3248 4186 3317 προηγουμένως,

2589 3330 2696 3383 ἀλλ’
2763 3332 2827 3391 εἰς
2872 3337 2965 3389 τὴν
3021 3336 3206 3384 τούτου
3250 3336 3405 3405 φύσιν
3480 3339 3570 3386 καὶ
3651 3333 3833 3386 οὐσίαν
3912 3332 4025 3405 ἔχει
4096 3338 4189 3391 τὴν

2589 3417 2865 3495 διαφορανο
2909 3425 3107 3494 φύσεων
3154 3425 3256 3496 γὰρ
3316 3423 3409 3474 οὐκ
3455 3424 3643 3489 οὐσῶν,
3690 3426 3867 3475 καὶτὸ
3919 3422 3971 3485 ἐξ
4022 3423 4191 3474 αὐτῶν

2588 3508 2892 3581 ἀφανίζεται
2971 3513 3191 3579 παντως,
3243 3514 3272 3569 ἡ
3324 3514 3582 3578 σύνθετος,
3668 3512 3817 3583 λέγω,
3870 3513 4189 3573 ὑπόστασις.

2587 3600 2645 3651 Εἰ
2673 3596 2730 3651 δε
2764 3601 3005 3659 σύνθετος
3049 3602 3078 3657 ἡ
3109 3599 3400 3661 ὑπόστασις
3434 3601 3767 3674 ὡμολόγηται
3814 3608 3906 3652 τοῦ
3954 3607 4191 3673 Χριστοῦ

2585 3692 2711 3760 πρὸς
2778 3687 2837 3745 ἣν
2896 3686 3222 3762 ἀναφέρεται,
3283 3694 3373 3741 καὶ
3408 3687 3622 3748 δεκτικὴ
3676 3698 3774 3741 τῶν
3807 3688 4045 3741 ἐναντίων
4100 3695 4190 3741 καὶ

2586 3775 3154 3850 ἀντικειμένων⁶θνητὴ
3214 3781 3312 3852 γὰρ
3367 3784 3456 3831 καὶ
3506 3778 3782 3846 ἀθάνατος,
3860 3781 4019 3852 ὁρατὴ
4098 3784 4189 3831 καὶ

2581 3866 2821 3938 ἀόρατος,
2891 3872 3217 3940 περιγραπτὴ
3300 3874 3389 3921 καὶ
3456 3866 3862 3943 ἀπερίγραπτος,
3952 3867 4187 3940 ἄναρχος

2580 3960 2669 4007 καὶ
2718 3955 2802 4008 ὑπ’
2856 3955 3046 4031 ἀρχὴν·
3102 3954 3261 4015 διπλῆ
3333 3961 3527 4010 τούτων
3593 3960 3729 4010 κατὰ
3793 3961 3852 4009 τὸ
3916 3957 4047 4017 εἰκός
4093 3963 4183 4010 καὶ

2579 4047 2608 4103 ἡ
2665 4048 2888 4118 ἐνέργεια
2942 4049 3109 4098 ἔσται’
3184 4052 3273 4099 καὶ
3330 4047 3494 4109 ἄλλως
3543 4044 3602 4100 δὲ
3644 4052 3722 4108 τίς
3776 4050 3931 4120 φύσις
3981 4045 4182 4122 ἀνενέρ-

2576 4154 2759 4205 γητος.
2832 4136 2861 4194 ἦ
2929 4144 3157 4208 φυσικῆς
3218 4135 3471 4212 ἐνεργείας
3551 4136 3731 4203 ἐκτός;
3787 4144 3899 4197 Πῶς
3968 4133 4027 4189 δὲ
4090 4142 4181 4190 καὶ

2578 4220 2799 4286 δυνατός
2854 4223 3173 4297 ἀμοιροῦντα
3223 4235 3448 4298 φυσικῆς
3500 4222 3770 4299 δυνάμεως
3829 4229 3965 4278 κατά
4010 4228 4183 4300 σάρκα

2575 4316 2659 4364 τόν
2691 4313 3158 4389 ἐνανθρωπήσαντα
3196 4320 3362 4387 Λόγον
3411 4318 3679 4391 ἄνθρωπον
3744 4316 3930 4369 τέλειον
3972 4316 4001 4375 ᾖ
4055 4316 4182 4378 ὅλως

2575 4404 2845 4475 ἄνθρωπον
2923 4410 3305 4481 χρηματίρειν;
3385 4404 3525 4459 Οὐδὲ
3598 4409 3699 4481 γὰρ
3751 4403 3890 4479 δίχα
3954 4414 4182 4479 φυσικῆς

2578 4492 2831 4568 ἐνεργείας
2863 4496 2888 4547 ό
2916 4494 3205 4570 ἄνθρωπος’
3256 4500 3388 4571 πρὸς
3419 4493 3478 4549 δὲ
3532 4487 3779 4566 τούτοις,’
3813 4494 3936 4550 οὐδὲ
3990 4496 4181 4570 ἄτομον

2580 4589 2769 4659 κυρίως
2820 4584 3018 4657 λέγεται
3085 4588 3142 4637 τὸ
3199 4606 3336 4638 κατα
3402 4590 3634 4662 Χριστόν
3718 4588 3956 4638 σύνθετον
4018 4592 4185 4661 πρόσ-

2583 4690 2738 4726 ωπον*
2798 4674 2856 4725 οὗ
2913 4677 3013 4749 γὰρ
3067 4679 3257 4747 σχέσιν
3308 4678 3573 4752 ἕχειπρός
3612 4681 3707 4735 τὴν
3739 4676 3796 4728 ἐκ
3844 4684 3936 4727 τοῦ
3975 4696 4184 4747 γενικω-

2582 4765 2741 4816 τάτου
2785 4768 2964 4835 γένους
3006 4762 3100 4817 διὰ
3146 4774 3245 4816 τῶν
3304 4766 3390 4818 ὑπ’
3432 4765 3627 4823 ἄλληλα
3686 4767 3998 4838 καθιεμένων
4030 4774 4181 4837 γενῶν

2582 4858 2713 4926 πρὸς
2740 4857 2797 4906 τό
2825 4851 3163 4908 εἰδικώτατον
3201 4851 3336 4915 εἶδος
3368 4852 3629 4929 διαίρεσιν
3660 4861 3750 4908 καὶ
3812 4854 3860 4907 ἐν
3909 4854 4048 4927 αὐτῷ
4087 4860 4181 4913 τὴν

2582 4945 2777 4997 οἰκείαν
2798 4942 3025 5019 πρόοδον
3052 4948 3500 5021 περιγράφουσαν.

2655 5216 2719 5275 η’.
2790 5220 2885 5269 Διὰ
2942 5224 3118 5285 τοῦτο,
3181 5219 3316 5269 κατὰ
3381 5220 3468 5270 τὸν
3538 5222 3835 5289 σοφώτατον
3912 5216 4180 5291 Κύριλλον,

2582 5311 2640 5359 τό
2682 5311 2911 5380 Χριστός
2958 5311 3119 5380 ὄνομα
3152 5306 3280 5359 οὔτε
3322 5312 3443 5381 όρου
3500 5304 3722 5379 δύναμιν
3772 5306 3906 5379 ἔχει’
3975 5307 4033 5359 οὐ
4082 5310 4182 5383 γὰρ

2584 5395 2725 5459 εἶδός
2774 5397 2886 5450 ἐστι
2931 5398 3126 5451 πολλῶν
3191 5396 3396 5471 ἀριθμῷ
3466 5395 3815 5471 διαφερόντων
3849 5401 4183 5471 κατηγορου-

2584 5510 2752 5563 μενον,
2798 5490 2913 5542 οὒτε
2993 5496 3095 5563 μὴν
3144 5497 3236 5548 την
3296 5509 3434 5551 τινος
3522 5490 3706 5541 οὐσίαν
3752 5487 3923 5547 δηλοῖ·
3972 5488 4031 5540 οὐ
4086 5492 4186 5563 γὰρ

2584 5580 2777 5653 ἆτομον
2815 5584 2945 5653 πρὸς
2981 5577 3121 5642 εἶδος
3177 5580 3205 5638 ἡ
3266 5584 3405 5651 γένος
3445 5577 3692 5652 ἀγόμενον
3753 5579 3781 5638 ἡ
3825 5578 3937 5630 κατ’
4003 5577 4187 5629 οὐσίαν
