4508 6436
311 411 381 463 97
1637 405 1983 460 THESAURI
2024 407 2150 459 LIB.
2191 406 2344 460 XVII.
3612 418 3682 470 93

311 535 415 583 ὑπὸ
474 533 668 583 τούτων
735 534 1170 604 περιγραφόμενον
1202 573 1215 599 ,
1276 528 1384 581 ἀλλ’
1442 531 1729 588 ὑπόστασις
1794 532 1915 580 σύν-
1950 528 1994 581 Α
2025 543 2087 583 re

1896 559 1915 569 -
1950 528 1994 581 A
2025 527 2340 583 reductum
2371 533 2474 583 aut
2511 529 2845 585 secundum
2906 534 3225 589 essentiam
3275 535 3388 590 sub
3426 536 3538 591 illis
3572 537 3676 590 cir-

314 622 459 679 θετος
489 625 582 676 τὴν
623 624 851 691 φυσικήν
920 627 1019 670 τῶν
1084 620 1257 693 ἄκρων
1330 615 1588 689 διαίρεσιν
1645 617 1691 669 ἐν
1760 617 1913 688 ἑαυτῇ
2028 632 2094 670 cu

1900 624 1913 675 5
2028 616 2481 687 cumscriptum,
2501 616 2605 671 sed
2631 616 2970 688 bypostasis
2994 623 3329 693 composita
3346 624 3680 679 naturalem

310 712 580 781 κατάκρας
638 712 983 771 ταυτίζουσα,
1043 713 1132 759 καὶ
1172 708 1243 769 εἰς
1311 709 1359 759 ἓν
1426 710 1632 777 οἰγονσα
1820 715 1917 757 τῶν
2030 718 2090 757 ex

1903 727 1917 755 ι
2030 710 2433 758 extremorum
2515 704 2871 760 divisionem
2938 710 2995 762 in
3061 725 3121 764 se
3175 712 3574 766 commiscens
3627 714 3683 765 et

313 796 517 849 οἰκείων
587 797 763 849 ἑνώσει
853 806 1018 871 μερῶν
1070 814 1081 826 ·
1141 796 1251 849 ἐπεὶ
1317 793 1439 847 οὐδὲ
1531 795 1767 869 ἑτέρωθεν
1834 798 1918 845 τόν
2029 791 2086 846 id

1898 814 1918 844 ν
2029 791 2430 853 identificans,
2464 797 2517 847 et
2556 793 2614 847 in
2660 810 2847 849 unum
2909 812 3094 864 agens
3126 800 3507 871 propriarum
3548 815 3678 872 par-

314 884 475 936 αύτόν
530 887 680 956 φύσει
710 887 830 937 Θεὸν
889 888 1009 937 ὄντα
1040 890 1127 935 καὶ
1157 886 1431 957 ἄνθρωπον
1481 879 1916 954 διαγινώσκομεν,
2030 881 2094 935 lit

1902 925 1916 951 ,
2030 881 2174 935 tium
2227 881 2611 947 adunatione,
2643 884 2932 954 quoniam
2980 900 3087 940 nec
3128 886 3367 943 aliunde
3397 888 3679 943 eumdem

313 976 345 1029 ἦ
382 971 440 1023 ἐκ
478 981 579 1024 τῶν
656 974 831 1033 θεῐκῶς
888 972 999 1045 ἅμα
1052 978 1141 1025 καὶ
1197 974 1531 1045 ἀνθρωπικῶς
1594 989 1923 1044 χαρακτηρι-
2030 985 2093 1025 na

1902 999 1923 1009 -
2030 974 2245 1025 natura
2278 972 2460 1025 Deum
2485 975 2540 1025 et
2570 971 2879 1027 hominem
2897 975 3286 1043 agnoscimus
3312 993 3496 1049 quam
3518 994 3587 1032 ex
3607 977 3677 1032 iis

317 1062 515 1121 ζόντων
581 1062 736 1113 αὐτόν
802 1061 1037 1134 ἐμφύτων
1114 1059 1412 1134 ἰδιωμάτων
1485 1069 1580 1121 τῆς
1654 1080 1707 1112 τε
1782 1062 1921 1119 θείας
2032 1075 2097 1131 qt

1902 1078 1921 1119 ς
2032 1074 2167 1131 qua
2192 1058 2389 1114 divine
2416 1064 2470 1114 et
2508 1059 2772 1116 humane
2824 1062 3003 1117 simul
3034 1080 3173 1119 eum
3218 1066 3477 1136 signant,
3508 1067 3680 1122 inna-

320 1150 582 1212 θελήσεως
633 1157 723 1204 καὶ
790 1150 1089 1224 ἐνεργείας,
1157 1156 1247 1203 καὶ
1309 1158 1404 1211 τῆς
1457 1150 1783 1223 ἀνθρωπικῆς
1830 1155 1921 1199 τοῦ
2034 1144 2100 1198 tis

1899 1155 1921 1198 ῡ
2034 1144 2104 1198 tis
2142 1144 2606 1216 proprietatibus
2661 1145 2877 1201 divina:
2924 1147 3246 1204 voluntatis
3292 1151 3679 1222 operationis-

319 1238 484 1290 αὑτοῦ
546 1238 793 1299 θελήσεως
827 1256 839 1269 ’
880 1236 964 1300 αἷς
1016 1244 1105 1291 καὶ
1156 1236 1232 1291 δι’
1270 1240 1337 1290 ὧν
1368 1242 1393 1291 ὅ
1438 1236 1499 1297 ἦν
1528 1244 1617 1291 καὶ
1648 1240 1673 1291 ὅ
1698 1243 1919 1309 γέγονεν,
2031 1248 2099 1304 qi

1905 1280 1919 1302 ,
2031 1248 2150 1304 que
2202 1236 2259 1288 et
2304 1232 2588 1288 humanae
2634 1234 2763 1305 ejus
2812 1235 3152 1293 voluntatis.
3186 1238 3414 1303 Quibus
3480 1242 3536 1295 et
3578 1254 3684 1311 per

318 1326 676 1400 ἒπεσφράγιζε
731 1344 743 1357 ·
816 1330 1226 1401 θαυματουργων
1300 1331 1390 1401 μεν
1456 1329 1581 1403 ὑπὲρ
1648 1330 1788 1400 ἡμᾶς
1862 1330 1924 1385 ὡς
2032 1337 2098 1392 ql

1906 1345 1924 1385 ;
2032 1337 2188 1392 quas
2218 1322 2382 1394 quod
2410 1326 2535 1377 erat
2554 1327 2609 1377 et
2635 1323 2799 1395 quod
2833 1324 3026 1380 factus
3054 1331 3145 1381 est
3185 1326 3476 1399 signavit;
3511 1328 3685 1383 mira-

318 1420 455 1478 Θεὸς
489 1460 503 1486 ,
562 1420 787 1488 πάσχων
843 1414 902 1469 δε
964 1414 1038 1468 δι’
1088 1419 1224 1489 ἡμᾶς
1266 1418 1292 1469 6
1345 1419 1502 1477 αὐτὸς
1568 1420 1818 1478 ἑκουσίως
1858 1418 1926 1475 ὡς
2034 1426 2098 1464 cu

1906 1436 1926 1475 ς
2034 1410 2169 1465 cula
2206 1410 2453 1482 quidem
2486 1427 2670 1483 supra
2689 1428 2800 1467 nos
2830 1428 3092 1485 operans
3133 1420 3197 1471 ut
3236 1420 3409 1483 Deus,
3452 1417 3684 1489 patiens

318 1506 593 1580 ἄνθρωπος
661 1520 677 1535 ⁶
745 1511 835 1558 καὶ
899 1514 986 1557 νῦν
1062 1510 1151 1578 μὲν
1219 1509 1563 1579 φθεγγόμενος
1636 1509 1767 1581 πρὸς
1839 1508 1924 1557 τόν
2036 1515 2098 1555 at

1906 1526 1924 1555 ν
2036 1507 2235 1555 autem
2279 1504 2529 1572 propter
2561 1516 2673 1556 nos
2706 1502 3033 1559 voluntarie
3074 1508 3138 1560 ut
3175 1506 3379 1561 homo.
3416 1509 3482 1562 Et
3524 1522 3686 1561 nunc

318 1592 576 1647 Φίλιππον
618 1612 634 1627 ⁸
693 1595 768 1648 Ού
835 1599 1097 1657 πιστεύεις
1162 1595 1242 1647 ὁτι
1310 1594 1405 1667 ἐγὼ
1463 1594 1511 1646 ἐν
1586 1603 1657 1666 τῷ
1735 1599 1924 1667 Πατρὶ,
2034 1604 2098 1660 q1

1911 1639 1924 1663 ,
2034 1588 2280 1660 quidem
2311 1589 2580 1661 Philippo
2614 1589 2856 1646 dicens:
2884 1614 2911 1639 «
2936 1595 3063 1648 Non
3100 1594 3292 1649 credis
3323 1596 3466 1667 quia
3492 1611 3603 1665 ego
3624 1596 3686 1651 in

317 1687 411 1735 xui
488 1685 513 1735 6
588 1689 770 1758 Πατὴρ
845 1683 893 1736 ἐν
969 1683 1128 1757 ἐμοί;
1188 1689 1277 1736 καὶ
1313 1727 1326 1752 ,
1391 1685 1450 1737 Ὀ
1527 1685 1765 1759 ἑωρακὼς
1841 1682 1927 1756 ἐμὲ
2036 1679 2097 1732 PE

1910 1688 1927 1736 ὲ
2036 1679 2203 1732 Patre
2244 1682 2300 1733 et
2322 1679 2489 1733 Pater
2513 1679 2571 1733 in
2604 1696 2699 1733 me
2721 1680 2787 1734 7?
2816 1702 2842 1728 n
2876 1683 2941 1735 Et
2972 1698 2984 1735 :
3013 1706 3037 1732 ‹‹
3067 1683 3173 1748 Qui
3201 1683 3357 1739 videt
3388 1700 3505 1755 me,
3530 1684 3690 1739 videt

318 1772 521 1845 ἑώρακε
586 1776 673 1825 τόν
740 1779 986 1847 11ατέρα’
1047 1778 1174 1845 καὶ,
1236 1774 1367 1845 Ἐγὼ
1425 1776 1582 1827 καὶὸ
1642 1779 1822 1847 Πατήρ
1877 1774 1926 1825 ἐν
2036 1768 2098 1822 Ρε

1906 1795 1926 1823 ν
2036 1768 2271 1822 Patrem
2300 1768 2320 1801 ⁸
2348 1786 2359 1835 ;
2389 1762 2462 1833 et,
2494 1790 2519 1816 ‹‹
2556 1770 2676 1839 Ego
2738 1774 2794 1823 et
2855 1772 3021 1826 Pater
3086 1787 3276 1827 unum
3334 1790 3545 1828 sumus
3568 1775 3589 1808 9
3616 1792 3628 1828 :
3658 1791 3686 1826 ›

318 1862 479 1935 ἐσμεν
511 1904 525 1919 .
575 1869 683 1915 Νῦν
723 1859 781 1915 δέ
818 1868 870 1915 τί
929 1864 1133 1923 ξητείτέ
1171 1882 1235 1936 με
1289 1862 1610 1929 ἀποκτεῖναι,
1659 1865 1927 1938 ἄνθρωπον
1966 1859 2005 1913 Β
2036 1871 2098 1910 nl

1912 1885 1927 1913 ν
1966 1859 2005 1913 Β
2036 1871 2199 1911 nunc
2256 1871 2430 1911 vero:
2466 1879 2494 1905 «
2535 1857 2686 1923 Quid
2728 1859 2993 1929 quaeritis
3047 1877 3141 1916 me
3209 1861 3561 1931 interficere,
3588 1862 3692 1918 ho-

318 1954 373 2013 ὃς
402 1956 500 2010 τήν
531 1951 777 2010 ἀλήθειαν
805 1952 1061 2010 λελάληκα
1086 1955 1207 2025 ὑμῖν
1234 1971 1247 2021 ;
2036 1961 2098 2001 m

2036 1945 2263 2002 minem
2301 1946 2404 2019 qui
2443 1946 2752 2003 veritatem
2789 1947 3023 2004 locutus
3054 1966 3188 2005 sum
3220 1950 3391 2006 vobis
3422 1952 3467 1986 ¹ο
3487 1952 3515 2007 ?
3546 1974 3573 2001 ››

715 2059 900 2132 Ἑτέρα
938 2058 1195 2121 ἀντίθεσις
1234 2060 1533 2133 Ἀρμενίων.
1622 2080 1628 2085 ·
1686 2067 1691 2074 ’
2414 2055 2495 2110 Al

1526 2103 1533 2115 .
1622 2080 1628 2085 ·
1686 2067 1691 2074 ’
2414 2055 2558 2111 Alia
2589 2056 3004 2112 Armeniorum
3037 2057 3306 2127 objectio.

398 2166 461 2221 θ’.
505 2173 612 2219 Πᾶν
679 2167 1028 2242 ἑτεροκίνητον
1088 2167 1458 2239 ἀνενέργητον·
1501 2171 1529 2226 ἡ
1591 2176 1683 2220 τοῦ
1735 2174 1928 2242 Κυρίου
2112 2166 2163 2217 9-

1914 2193 1928 2222 ,
2112 2166 2163 2217 9.
2208 2163 2379 2227 Quod
2432 2162 2511 2219 ab
2560 2163 2677 2219 alio
2726 2168 3018 2235 movetur,
3053 2165 3284 2238 absque
3348 2150 3694 2240 operatione

318 2261 500 2308 τοίνυν
530 2254 662 2329 σάρξ
699 2258 800 2309 ὑπὸ
830 2265 921 2310 τοῦ
962 2256 1224 2318 ἐνωθέντος
1271 2256 1400 2329 αὐτῇ
1450 2262 1623 2330 Λόγου
1655 2266 1926 2333 κινουμένη
2041 2267 2098 2307 es

1916 2281 1926 2318 κ
2041 2256 2166 2307 est:
2198 2252 2432 2307 Domini
2480 2252 2659 2321 igitur
2698 2268 2837 2308 caro
2882 2269 3018 2326 quae
3058 2270 3094 2310 a
3131 2254 3320 2311 Verbo
3370 2256 3481 2312 sibi
3528 2256 3696 2313 unito

320 2344 664 2419 ἆνενέργητος
694 2342 776 2404 ἦν.
2042 2357 2100 2397 m

2042 2345 2337 2408 movetur,
2372 2341 2603 2413 absque
2631 2342 2980 2414 operatione
3018 2349 3124 2399 est.

617 2454 905 2517 Ἀντίθεσις
936 2459 1025 2507 καὶ
1052 2453 1309 2527 ἀπολογία
1328 2458 1454 2531 πρὸς
1470 2465 1645 2515 τοῦτο,
2184 2452 2397 2520 Ηεερον

2184 2451 2506 2520 Responsio
2536 2454 2590 2506 et
2621 2450 2801 2521 hujus
2831 2451 3177 2521 objectz'om's
3204 2453 3555 2524 confatalia.

402 2565 505 2614 Καὶ
561 2560 743 2614 λοιπὸν
796 2561 856 2613 ού
913 2558 1113 2635 διέφερε
1167 2571 1266 2614 τῶν
1326 2563 1489 2616 ἀλλων
1542 2564 1705 2636 ἀγίων
1756 2567 1787 2623 ἡ
1842 2574 1933 2619 τοῦ
2117 2561 2182 2614 C8

1921 2574 1933 2618 i
2117 2561 2407 2614 Caeterum
2438 2574 2561 2614 non
2600 2558 2678 2614 ab
2700 2558 2956 2615 aliorum
2996 2564 3345 2616 sanctorum
3384 2577 3563 2617 carne
3592 2560 3701 2617 dif-

323 2655 525 2725 Κυρίου
585 2650 754 2722 σάρξ·
793 2653 1010 2723 νεύματι
1045 2658 1180 2704 Θεοῦ
1238 2653 1497 2705 ἐκινοῦντο
1561 2674 1650 2706 και
1708 2662 1935 2716 Μωυσῆς
2046 2647 2100 2704 fe

1927 2676 1935 2716 ;
2046 2647 2275 2704 ferebat
2324 2647 2536 2703 Christi
2592 2663 2752 2703 caro.
2796 2648 3014 2720 Spiritu
3073 2649 3171 2703 Dei
3225 2650 3626 2706 movebantur
3650 2652 3707 2706 et

323 2744 418 2791 xui
471 2736 638 2791 Δαϐὶδ
673 2784 688 2808 ,
727 2744 817 2792 καὶ
867 2740 979 2792 ὁσοι
1030 2740 1176 2792 ἄλλοι
1213 2750 1308 2801 τῆς
1370 2744 1510 2803 θείας
1553 2743 1803 2818 ἐνεργείας
1826 2766 1937 2816 χω-
2047 2742 2103 2795 Μ‹

1926 2775 1937 2786 -
2047 2742 2276 2810 Moyses
2306 2742 2362 2792 et
2395 2736 2583 2792 David
2634 2742 2690 2792 et
2744 2737 3091 2810 quicunque
3124 2737 3221 2793 alii
3252 2738 3468 2795 divinae
3494 2754 3706 2810 opera-

324 2833 541 2901 ρητικοί
592 2845 604 2858 ’
654 2836 805 2880 τοῦτο
860 2825 919 2881 δὲ
971 2831 1162 2882 ἄτοπον
1197 2872 1212 2887 .
1241 2830 1376 2883 Ἀλλ’
1422 2831 1532 2884 ἐπεὶ
1584 2834 1609 2883 6
1658 2841 1757 2884 τῶν
1810 2834 1937 2885 ὅλων
2047 2828 2104 2883 tit

1926 2854 1937 2883 θ
2047 2828 2225 2884 tionis
2270 2843 2526 2899 capaces
2574 2825 2756 2881 fuere.
2788 2826 2960 2892 Quod
3001 2827 3080 2882 ad
3127 2843 3231 2883 eos
3283 2833 3529 2899 spectat,
3560 2828 3706 2884 ridi-

327 2922 465 2978 Θεὸς
532 2916 794 2990 ἀτρέπτως
853 2923 1057 2989 γέγονεν
1123 2920 1435 2991 ἄνθρωπος,
1515 2927 1604 2973 καὶ
1661 2924 1726 2983 ως
1809 2927 1937 2985 Θεὸς
2050 2934 2107 2973 et

1924 2945 1937 2985 ;
2050 2917 2184 2973 cula
2212 2916 2641 2987 essetobjectio
2675 2933 2687 2970 :
2722 2916 2827 2971 sed
2866 2921 3192 2989 postquam
3239 2918 3515 2973 omnium
3548 2920 3704 2974 Deus

325 3006 659 3067 καταλλήλως
688 3016 750 3080 τῇ
820 3008 981 3059 αὑτοῦ
1035 3010 1242 3067 θεότητι
1298 3009 1445 3068 ἤθελέ
1491 3030 1545 3062 τε
1598 3016 1687 3063 καὶ
1717 3011 1938 3085 ἐνήργει,
2051 3008 2105 3064 al

1926 3057 1938 3082 ,
2051 3008 2280 3079 absque
2301 3007 2633 3063 mutatione
2671 3005 2862 3062 factus
2892 3010 2981 3062 est
3004 3007 3212 3074 homo,
3246 3012 3303 3063 et
3330 3013 3391 3064 ut
3420 3012 3571 3064 Deus
3595 3024 3706 3080 pro

328 3102 423 3149 xui
451 3098 521 3157 ὡς
550 3098 818 3171 οῐνθρωπος
876 3096 1207 3160 καταλλήλως
1237 3107 1299 3171 τῇ
1352 3099 1511 3151 αὐτοῦ
1558 3099 1937 3175 ἀνθρωπότητι,
2053 3114 2108 3153 SL‘

1929 3145 1937 3169 ,
2053 3114 2162 3153 sua
2186 3096 2405 3153 deitate
2430 3096 2673 3152 volebat
2711 3100 2767 3152 et
2796 3096 3249 3169 operabatur,et
3276 3102 3342 3153 ut
3368 3097 3556 3153 homo
3600 3113 3709 3169 pro

330 3193 427 3238 τοῦ
490 3184 811 3259 ἀνθρωπείου
870 3185 1157 3258 θελήματος
1210 3188 1295 3239 οἶα
1341 3193 1431 3240 xui
1499 3192 1770 3251 θεωθέντος
1802 3234 1817 3259 ,
1870 3201 1943 3263 τῷ
1975 3218 2014 3274 C
2053 3204 2110 3244 St

1929 3201 1943 3243 δ
1975 3218 2014 3274 C
2053 3204 2166 3244 sua
2192 3187 2867 3254 humanitate,humana
2886 3185 3190 3242 voluntate
3219 3186 3395 3259 quasi
3410 3186 3709 3253 deificata,

336 3276 495 3344 θεῐκῷ
562 3273 863 3347 βουλήματι
926 3280 1229 3345 κινουμένου
1297 3283 1387 3329 καὶ
1454 3285 1776 3353 τυπουμένου
1811 3320 1823 3332 .
1856 3286 1947 3334 καὶ
1990 3273 2000 3274 7
2054 3284 2111 3335 et

1929 3286 1947 3334 ὶ
1990 3273 2000 3274 ί
2054 3284 2111 3335 et
2153 3293 2261 3351 per
2308 3276 2579 3332 divinam
2633 3275 3008 3331 voluntatem
3063 3280 3231 3332 mota
3259 3281 3316 3332 et
3366 3275 3706 3333 efformata.

333 3372 672 3439 μαρτυροῦσι
722 3373 872 3418 τοῦτο
928 3369 992 3418 τὰ
1036 3366 1347 3439 εὐαγγελικά
1402 3370 1633 3443 -ῥήματα
1695 3371 1730 3423 οἱ
1791 3392 1946 3444 φασιν
2053 3372 2113 3433 Α1

1937 3393 1946 3421 ν
2053 3372 2245 3440 Atque
2282 3366 2344 3422 id
2384 3369 2676 3421 testantur
2734 3364 3083 3436 evangelica
3131 3364 3315 3421 verba
3355 3382 3492 3439 quae
3540 3365 3625 3421 sic
3654 3381 3717 3421 se

333 3455 575 3506 οὑτωσί·
612 3460 745 3527 «Τῇ
818 3453 1061 3527 ἐπαύριον
1138 3456 1386 3515 ήθελησεν
1442 3460 1467 3510 6
1510 3458 1712 3521 Ἰησοῦς
1786 3462 1948 3514 εἰσελ-
2054 3459 2113 3516 hi

1939 3492 1948 3503 -
2054 3458 2322 3525 habent;
2366 3477 2395 3505 ‹‹
2435 3454 2705 3511 Crastina
2761 3454 2858 3510 die
2924 3454 3113 3510 voluit
3164 3456 3337 3511 Jesus
3374 3455 3595 3511 intrare
3656 3454 3719 3511 in

335 3545 443 3595 θεῖν
513 3543 582 3603 εἰς
640 3548 732 3601 τήν
805 3544 1081 3597 Γαλιλαίαν
1108 3566 1121 3579 ο
1152 3567 1180 3596 ››
1211 3552 1301 3599 καὶ
1356 3547 1510 3600 πάλιν
1546 3567 1557 3579 ·
1595 3572 1624 3600 ‹‹
1657 3550 1800 3604 Θέλω
1866 3551 1951 3604 ἱνα
2059 3551 2115 3606 GI

1937 3573 1951 3604 ι
2059 3548 2363 3606 Galilaeam
2397 3548 2437 3582 ¹¹
2472 3564 2485 3613 ;
2528 3568 2557 3595 ››
2590 3549 2647 3601 et
2682 3560 2893 3600 rursus
2929 3563 2941 3600 :
2980 3566 3007 3595 ‹‹
3041 3544 3181 3600 Volo
3212 3549 3275 3599 ut
3302 3544 3387 3600 ibi
3417 3561 3550 3600 sum
3583 3559 3717 3616 ego,

333 3632 469 3684 ὃπου
503 3633 609 3705 εἰμὶ
641 3631 741 3705 ἐγὼ
770 3676 783 3701 ,
815 3639 905 3686 καὶ
964 3634 1113 3687 αὐτοὶ
1158 3655 1258 3688 ωσι
1288 3650 1303 3667 ⁸
1337 3658 1367 3686 ››
1399 3642 1488 3690 xui
1518 3636 1583 3691 αὖ
1608 3657 1620 3668 ·
1656 3662 1684 3690 α
1723 3641 1799 3694 Οῦ
1846 3644 1948 3717 γὰρ
2059 3644 2113 3697 et

1940 3662 1948 3692 ι
2059 3638 2227 3697 etilli
2280 3636 2396 3692 sint
2427 3637 2507 3702 ¹²;
2536 3639 2594 3690 et
2639 3649 2896 3690 rursus:
2933 3655 2962 3684 ‹‹
3003 3636 3134 3690 Non
3180 3633 3341 3689 enim
3386 3633 3630 3691 volebat
3656 3634 3720 3690 in

333 3722 515 3780 ἤθελεν
578 3721 627 3774 ἐν
690 3732 751 3795 τῇ
847 3720 1084 3797 Ἰουδαίᾳ
1156 3735 1456 3801 περιπατεῖν
1497 3773 1511 3799 ,
1573 3729 1653 3782 ὁτι
1732 3730 1950 3792 ἐζήτουν
2059 3729 2113 3785 Jl

1939 3752 1950 3781 ι
2059 3728 2273 3785 Judaaa
2339 3724 2675 3794 ambulare,
2731 3725 2836 3796 qui
2905 3724 3263 3796 quaerebant
3324 3738 3465 3780 eum
3527 3724 3719 3782 Judaei

335 3812 499 3864 αὐτόν
525 3814 574 3864 οἱ
606 3809 858 3865 Ἰουδαῖοι
900 3814 1203 3867 ἀποκτεῖναι
1240 3859 1253 3873 .
1296 3834 1326 3869 ›
1372 3824 1460 3871 καὶ
1500 3819 1709 3894 ἑτέρωθι
1739 3839 1750 3850 ·
1784 3843 1811 3871 ι(
1846 3821 1951 3875 Κάο
2050 3820 2115 3875 in

1940 3851 1951 3863 -
2050 3817 2392 3875 interﬁcere
2422 3816 2486 3870 13.
2530 3836 2559 3865 »
2589 3818 2655 3871 Et
2706 3813 2893 3870 alibi:
2928 3836 2948 3864 ι
3008 3816 3074 3870 Et
3115 3813 3257 3869 inde
3314 3814 3544 3884 egressi
3579 3830 3720 3888 per-

333 3904 506 3954 κεῑθεν
588 3901 871 3965 ἐξελθόντες
951 3902 1253 3978 ἐπορεύοντο
1322 3902 1415 3959 διὰ
1478 3916 1569 3970 τῆς
1636 3910 1950 3972 Γαλιλαίας-
2063 3925 2113 3966 al

1940 3932 1950 3945 -
2063 3906 2463 3966 ambulabant
2516 3904 2856 3973 Galilaeam;
2889 3898 2955 3960 et
2997 3903 3242 3960 nolebat
3278 3908 3343 3960 ut
3384 3903 3521 3977 quis
3577 3920 3720 3960 eum

334 3996 430 4043 xui
481 3990 575 4043 οὐκ
631 3992 805 4049 ἤθελεν
849 3994 933 4045 ῖνα
982 4013 1064 4056 τις
1101 4002 1205 4065 γνῷ
1241 4011 1252 4023 ·
1280 4017 1307 4046 η
1341 4002 1430 4050 xui
1484 3997 1717 4071 ἀλλαχου
1743 4018 1755 4030 ·
1790 4022 1819 4051 ‹‹
1855 4006 1957 4054 Καὶ
2065 4016 2114 4069 8|

1941 4006 1957 4053 ἱ
2065 4001 2422 4071 agnosceret
2444 3997 2526 4065 “;
2561 4016 2589 4046 »
2621 3999 2677 4051 et
2706 3995 2847 4051 alibi
2879 4013 2892 4051 :
2926 4018 2953 4045 «
2986 3996 3053 4051 Et
3080 3999 3458 4051 accesserunt
3480 3993 3562 4050 ad
3580 4010 3721 4051 eum

337 4080 644 4153 προσ-ἦλθον
679 4082 819 4152 αύτῷ
882 4085 930 4134 οἱ
982 4086 1218 4155 μαθηταὶ
1256 4085 1418 4138 αὐτοῦ
1469 4087 1698 4159 λέγοντες
1766 4090 1905 4161 αύτῷ
1941 4108 1953 4121 ·
2066 4089 2117 4145 di

1944 4108 1953 4121 -
2066 4086 2344 4159 discipuli
2405 4086 2536 4157 ejus
2594 4084 2901 4141 dicentes.
2948 4084 3057 4140 Ubi
3124 4084 3213 4139 vis
3284 4098 3571 4156 paremus
3616 4083 3724 4140 tibi

340 4177 456 4223 Ποῦ
526 4170 680 4231 θελεις
739 4169 1038 4234 ἀπελθόντες
1104 4173 1460 4248 ἑτοιμάσωμέν
1530 4195 1614 4229 σοί
1672 4186 1851 4250 φαγεῖν
1899 4183 1959 4232 τὸ
2067 4196 2120 4234 m

1943 4183 1959 4232 5
2067 4177 2437 4234 manducare
2458 4175 2686 4232 Pascha
2711 4176 2753 4210 ¹⁶
2772 4175 2798 4230 ?
2814 4196 2841 4225 ››
2860 4176 2994 4229 Haec
3023 4172 3184 4229 enim
3200 4172 3499 4239 omnia,ut
3516 4172 3723 4245 homo,

344 4262 586 4332 Πάσχα;
630 4282 657 4310 »
685 4266 863 4313 Ταῦτα
908 4265 1009 4335 γὰρ
1050 4264 1222 4315 πάντα
1272 4266 1401 4317 καθὸ
1447 4267 1692 4340 όΚύριος
1758 4270 1959 4344 ἄνθρω-
2070 4273 2124 4326 ῦς

1950 4300 1959 4311 -
2070 4270 2360 4326 Dominus
2422 4267 2805 4339 loquebatur,
2864 4280 2988 4321 non
3044 4269 3247 4320 autem
3303 4267 3368 4319 ut
3424 4262 3601 4318 Deus.
3663 4262 3730 4317 Et

344 4370 443 4411 πος
480 4348 754 4422 ἐφθέγγετο
783 4395 799 4420 ,
830 4356 920 4403 xui
978 4352 1036 4403 ού
1089 4354 1221 4405 καθὸ
1254 4358 1384 4417 Θεὸς
1410 4395 1422 4407 .
1469 4361 1569 4408 Καὶ
1621 4357 1782 4419 ἄλλως
1822 4356 1881 4411 δὲ
1901 4362 1960 4411 τὸ
2070 4359 2124 4417 al

1950 4364 1960 4411 ὸ
2070 4359 2312 4417 aliunde
2350 4358 2516 4429 quod
2564 4372 2688 4413 non
2744 4355 2927 4413 habet
2964 4353 3380 4427 operationem
3410 4357 3468 4409 et
3497 4355 3730 4408 motum

345 4444 418 4512 μὴ
475 4442 600 4510 ἔχον
665 4438 919 4514 ἐνέργειαν
961 4442 1061 4494 καί
1104 4438 1310 4501 κίνηοῦ
1368 4449 1594 4516 φυσικήν
1646 4451 1822 4520 νεκρὸν
1872 4453 1962 4501 καὶ
2070 4465 2125 4506 ω

1956 4470 1962 4501 ι
2070 4448 2458 4517 naturalem,
2509 4450 2819 4503 mortuum
2884 4448 2974 4502 est
3045 4447 3104 4501 et
3174 4442 3463 4499 inanime.
3496 4440 3736 4499 Domini

347 4529 568 4601 ἄψυχον
595 4546 609 4559 “
640 4530 671 4588 ἡ
712 4526 771 4583 δὲ
819 4538 911 4583 τοῦ
944 4536 1138 4604 Κυρίου
1196 4533 1330 4607 σὰρξ
1368 4537 1538 4598 ἔννους
1576 4542 1666 4590 καὶ
1694 4538 1962 4612 ἔμψυχος.
1994 4576 2039 4633 D
2074 4555 2127 4597 at

1694 4538 1962 4612 ἔμψυχος.
1994 4576 2039 4633 D
2074 4542 2276 4597 autem
2308 4552 2447 4595 caro
2477 4540 2677 4593 mente
2701 4540 2758 4591 et
2786 4535 2993 4592 anima
3016 4532 3270 4607 praedita
3300 4536 3446 4591 erat.

728 4647 933 4722 Ἐτερον
961 4648 1242 4724 πρόϐλημα
1277 4651 1575 4727 Ἀρμενίων.
2412 4655 2508 4711 Alt

2412 4655 2560 4712 Alia
2584 4655 3011 4711 Armeniorum
3044 4651 3396 4723 propositio.
3644 4728 3646 4731 i

426 4763 477 4819 ι’.
519 4764 721 4839 Ὠσπερ
749 4763 833 4818 ἐπὶ
891 4774 1125 4841 Χριστοῦ
1172 4772 1263 4827 τήν
1316 4777 1416 4821 τῶν
1463 4767 1561 4824 δύο
1616 4774 1815 4846 φύσεων
1845 4794 1967 4827 συν-
2149 4775 2206 4830 1C

1957 4806 1967 4816 -
2149 4775 2235 4830 10.
2279 4771 2812 4839 Quemadmodum
2836 4770 2911 4827 de
2934 4769 3165 4827 Christo
3195 4769 3457 4825 duarum
3485 4769 3737 4825 natura-

354 4851 563 4929 δρομὴν
607 4856 848 4907 σύνθετόν
916 4876 1042 4929 φατε
1089 4859 1384 4940 ὑπόστασιν
1416 4903 1430 4930 ,
1465 4862 1600 4915 οὕτω
1664 4868 1835 4941 χρεὼν
1877 4870 1968 4918 καὶ
2073 4880 2134 4922 ru

1959 4887 1968 4918 ι
2073 4880 2213 4922 rum
2229 4878 2594 4921 concursum
2610 4861 3013 4934 compositam
3028 4859 3413 4933 hypostasim
3429 4856 3739 4927 dicitis,sic

353 4950 482 5017 μίαν
517 4946 762 4997 σύνθετον
783 4944 948 5018 λέγειν
978 4945 1250 5021 ἐνέργειαν.
2077 4955 2133 5011 di

2077 4955 2403 5013 dicendum
2417 4958 2507 5010 est
2521 4969 2711 5010 unam
2726 4951 3127 5025 compositam
3147 4948 3563 5024 operationem
3585 4961 3737 5004 esse.

1010 5078 1321 5142 Ἀντίθεσις.
2739 5082 2790 5137 Β

2739 5081 3078 5151 Responsio.
3209 5071 3212 5074 ⁴

2155 5213 2211 5269 Si
2233 5209 2529 5268 Christum
2545 5209 2608 5266 in
2628 5207 2870 5266 duabus
2889 5206 3120 5265 naturis
3137 5204 3588 5262 consideratum
3605 5218 3745 5272 con-

2081 5300 2339 5358 cedamu
2349 5318 2376 5356 s
2387 5299 2634 5356 unicam
2644 5298 2870 5356 habere
2885 5294 3464 5371 operationem,talis
3477 5294 3747 5368 operatio

2083 5392 2179 5449 vel
2208 5392 2339 5465 ejus
2354 5390 2615 5465 partium
2648 5390 2777 5461 erit,
2803 5388 2901 5446 vel
2932 5388 3128 5461 ipsius
3145 5390 3235 5445 est
3253 5384 3592 5460 compositi.
3619 5384 3751 5441 Etsi

2084 5484 2333 5558 quidem
2376 5483 2507 5556 ejus
2554 5482 2821 5555 partium
2885 5481 2979 5551 sit,
3034 5478 3333 5536 dividetur
3382 5478 3464 5535 ad
3515 5479 3750 5534 utrum-

430 5237 496 5291 Ei
540 5239 631 5298 τὸν
675 5241 905 5309 Χριστὸν
954 5238 1003 5291 ἒν
1044 5237 1140 5293 δύο
1205 5244 1397 5313 φύσεσι
1457 5244 1801 5318 θεωρούμενον
1847 5252 1971 5321 μίαν

359 5325 535 5402 δῶμεν
592 5329 831 5381 σύνθενον
884 5332 1024 5402 ἔχειν
1065 5330 1320 5407 ἐνέργειαν
1352 5376 1366 5402 ,
1408 5336 1437 5393 ἡ
1497 5338 1714 5395 τοιαύτη
1769 5338 1974 5402 πάντως

359 5418 592 5493 ἐνέργεια
647 5419 677 5478 ἦ
737 5428 837 5471 τῶν
897 5420 1059 5473 αὐτοῦ
1117 5430 1283 5498 μερῶν
1350 5423 1567 5497 ἐσεῖται,
1608 5426 1638 5487 ἦ
1683 5427 1844 5482 αὐτοῦ
1905 5432 1976 5491 ὡς

432 5653 670 5739 V'Joan.
714 5668 848 5739 ,xnv,
878 5657 970 5739 19.
1001 5656 1275 5739 _‘°_ibid_._
1305 5662 1367 5739 ᾖ
1416 5661 1471 5739 ,ξ
1498 5663 1669 5719 Joan.
1721 5678 1774 5739 x_,
1803 5665 1907 5739 r30.
1987 5663 2035 5703 1°
2070 5664 2212 5725 Joar

1987 5663 2035 5703 ¹⁶
2070 5664 2249 5725 Joan.
2309 5662 2411 5736 mi,
2439 5666 2529 5721 20.
2611 5662 2653 5698 ¹ι
2693 5663 2865 5719 Joan.
2918 5677 2960 5732 1,
2991 5663 3083 5720 43.
3164 5660 3208 5696 ¹²
3247 5660 3424 5718 Joan.
3470 5671 3607 5727 xvn,
3646 5657 3742 5714 24.

362 5726 412 5761 ¹³
451 5725 627 5783 Joan.
656 5743 759 5796 vn,
786 5732 835 5784 1.
916 5729 963 5768 ιι
1001 5728 1149 5789 Ibid.
1231 5733 1278 5768 ¹⁵
1318 5733 1516 5793 Matth.
1548 5749 1708 5809 xm,
1740 5725 1832 5798 17.

786 5732 835 5784 1.
916 5729 963 5768 ιι
1001 5728 1149 5789 ibid.
1231 5733 1278 5768 ιε
1318 5733 1516 5793 Matth.
1548 5749 1708 5809 xm,
1740 5725 1832 5798 1'7.
2391 5725 2406 5736 ’
2549 5761 2554 5767 ·
