4508 6436
865 402 896 453 9
913 402 944 454 9
2227 401 2496 457 NICETAS
2541 405 2645 459 CH4

2461 405 2496 457 ις
2541 405 2910 462 CHONIATE
4047 375 4052 385 ’
4140 418 4241 471 lOO

862 539 982 595 que
1011 522 1201 577 scissa
1222 527 1278 578 et
1305 521 1590 589 solvetur,
1622 525 1678 577 et
1701 521 1879 577 simul
1923 537 1994 578 ea
2023 537 2158 594 quin
2200 538 2304 594 per
2328 524 2524 596 ipsam
2555 533 2603 585 A
2636 534 2642 578 ί

2463 542 2524 581 m
2555 533 2603 585 Α
2636 527 2754 580 ὅλου
2787 545 2799 558 °
2833 533 2921 582 xui
2990 528 3034 582 εἰ
3098 532 3187 602 μεν
3248 538 3348 583 τῶν
3414 531 3575 584 αὑτοῦ
3632 541 3819 607 μερῶν,
3861 537 4241 608 μερισθήσεται

857 613 1150 668 uniuntur
1195 612 1404 667 solvet.
1455 612 1510 668 Si
1566 629 1707 668 vero
1755 613 2095 684 compositi,
2129 613 2263 685 ipsa
2306 616 2414 670 erit
2456 621 2521 672 ut
2631 639 2637 667 τ

2306 616 2414 670 erit
2456 621 2521 672 ut
2631 620 2758 689 πρὸς
2847 615 3111 693 ἀμφότερα
3184 624 3461 692 τεμνομένη
3554 627 3643 674 καὶ
3719 621 4004 681 λυθήσεται
4059 668 4071 693 ,

855 703 1294 758 contrariorum
1327 717 1520 772 capax
1553 701 1820 756 mortalis
1847 707 1903 756 et
1931 703 2519 766 immortalis,creata
2633 735 2635 748 ε

2451 711 2519 761 .ta
2633 703 2974 758 συνδιαλὺσει
3012 710 3079 758 τὰ
3103 709 3218 759 κατ’
3267 708 3429 766 αὑτήν
3469 711 3702 782 ἡνωμένα
3731 729 3743 740 ·
3771 712 3813 763 εἰ
3847 709 3905 764 δὲ
3971 721 4062 765 τοῦ
4093 713 4231 775 ὅλου,

855 795 911 846 et
938 791 1222 856 increata,
1247 790 1416 844 ﬁnita
1469 794 1525 844 et
1577 789 1832 846 inﬁnita.
1864 791 1920 845 Si
1949 791 2084 862 quis
2124 791 2238 847 hoc
2269 808 2515 849 conces-

858 880 1014 949 serit,
1046 879 1152 934 erit
1182 877 1447 933 Christus
1478 878 1784 949 propriam
1813 878 2047 933 habens
2077 881 2512 951 operationem,

858 972 1242 1023 exsistentem
1273 971 1329 1021 et
1357 981 1480 1022 non
1500 967 2247 1035 exsistentem,secundum
2277 985 2513 1041 posses-

856 1058 1088 1112 sionem
1118 1061 1174 1111 ct
1215 1055 1551 1111 secundum
1581 1056 2004 1126 privationem.
2036 1056 2200 1112 Idem
2233 1064 2434 1114 autem
2457 1064 2514 1115 et

851 1146 926 1201 dc
957 1145 1262 1200 voluntate
1284 1143 1607 1198 dicendum
1635 1149 1740 1199 est.
1770 1144 1981 1199 Dicunt
2003 1146 2514 1218 Armenii,quem-

854 1233 1188 1290 admodum
1238 1232 1448 1302 organi
1501 1237 1557 1287 et
1603 1232 1750 1287 illud
1805 1233 2106 1288 moventis
2155 1234 2370 1290 eadem
2425 1242 2513 1292 est

849 1322 1139 1394 Operatio,
1173 1322 1256 1376 sic
1306 1328 1358 1376 et
1408 1321 1736 1376 divinitatis
1788 1326 1845 1375 et
1883 1321 2276 1378 humanitatis
2323 1340 2511 1381 unam

846 1429 974 1467 esse
1003 1411 1436 1482 operationem.
1472 1410 1528 1466 Si
1558 1410 1734 1478 igitur
1777 1410 2072 1466 inducunt
2099 1427 2398 1481 organum
2421 1429 2511 1485 vel

846 1501 1202 1568 coexistens,
1237 1507 1299 1554 ut
1321 1503 1458 1554 sunt
1482 1515 1702 1570 corpus
1733 1504 1788 1554 et
1809 1499 2034 1567 anima,
2064 1501 2313 1557 omnino
2339 1503 2512 1573 juxta

843 1590 977 1646 illos
1007 1589 1334 1644 dicendum
1369 1589 1475 1643 erit
1507 1595 1846 1643 creaturam
1879 1605 2007 1643 esse
2043 1589 2315 1645 divinam
2339 1597 2510 1648 natu-

843 1696 975 1736 ram
1001 1677 1091 1734 vel
1118 1693 1339 1750 corpus
1371 1678 1730 1734 increatum.
1752 1678 1808 1732 Si
1843 1693 1982 1732 vero
2013 1678 2157 1733 artis
2185 1680 2504 1750 cujusdam
2615 1686 2708 1739 τὴν
2759 1685 2896 1734 θείαν
2936 1688 3088 1750 φύσιν
3135 1685 3294 1750 λέγειν
3343 1691 3370 1744 ἣ
3419 1691 3476 1738 τὸ
3529 1697 3682 1750 σῶμα
3733 1690 3981 1740 οἴκτιστον
4023 1705 4037 1719 ο
4074 1689 4116 1740 εἰ
4165 1686 4224 1740 δὲ

843 1783 1142 1837 organum
1172 1765 1399 1831 dicunt,
1431 1765 1576 1820 illud
1610 1765 1816 1821 anima
1857 1765 2104 1834 carebit,
2129 1782 2239 1821 nec
2268 1783 2509 1840 semper
2615 1789 2623 1800 ε

2444 1783 2509 1824 er
2615 1775 2856 1842 τεχνικὸν
2887 1778 2945 1825 τὸ
2977 1777 3190 1848 ὄργανον
3237 1775 3475 1846 λέγουσιν
3511 1818 3524 1841 ,
3574 1777 3788 1848 ἄψυχον
3827 1785 3978 1829 τοῦτο
4009 1782 4098 1829 xui
4128 1778 4221 1830 οὑκ

841 1855 1200 1925 movebitur,
1234 1854 1342 1909 sed
1390 1853 1640 1926 quando
1671 1854 1944 1925 operanti
1971 1854 2288 1912 videbitur.
2332 1858 2505 1913 Ceste-
2537 1876 2580 1929 Β
2616 1884 2621 1910 l

2441 1874 2505 1913 .e-
2537 1876 2580 1929 Β
2616 1859 2690 1912 ἀεὶ
2749 1865 3043 1934 κινούμενον
3072 1905 3087 1931 ,
3137 1864 3245 1915 ἀλλ’
3287 1865 3367 1917 ὅτε
3418 1873 3489 1935 τῷ
3529 1864 3856 1940 ἐργαζομένῳ
3909 1864 4051 1929 δόξει
4089 1882 4103 1896 ⁸
4133 1872 4221 1919 καὶ

840 1962 978 2002 rum
1037 1943 1404 2016 Apollinario
1467 1948 1523 1998 et
1571 1943 1709 1998 Ario
1776 1944 2177 2015 consentiunt,
2239 1961 2504 2017 quorum
2613 1948 2620 2000 ἰ

2437 1962 2504 2002 ,ω
2613 1948 2791 2002 λοιπὸν
2862 1961 3247 2025 συμφρονουσιν
3299 1954 3695 2030 ΔἈπολλιναρίῳ
3751 1975 3806 2007 τε
3870 1961 3960 2008 xui
4017 1957 4217 2029 Ἀρείῳ,

838 2036 1004 2107 prior
1049 2034 1281 2105 absque
1323 2031 1546 2102 anima,
1576 2031 1981 2103 Apollinarius
2031 2038 2232 2088 autem
2271 2035 2504 2108 absque

837 2131 1038 2181 mente
1062 2139 1191 2180 esse
1217 2137 1462 2178 carnem
1500 2122 1713 2177 Christi
1742 2121 2001 2177 dicebat.

4148 631 4238 678 xui

2629 791 2778 846 ἔσται
2834 797 2863 853 ἡ
2921 795 3050 854 αὑτή
3121 800 3187 858 ὡς
3251 793 3464 855 δεκτικὴ
3517 807 3615 850 τῶν
3669 798 3904 852 ἐναντίων
3956 804 4114 860 θνητή
4145 807 4235 854 καὶ

2628 880 2914 951 ἀθάνατος,
2979 889 3168 943 κτιστή
3232 890 3322 938 xui
3380 887 3665 954 ἄκτιστος,
3742 896 4068 964 περιγραπτὴ
4143 895 4234 943 καὶ

2626 970 3014 1045 ἀπερίγραπτος
3062 989 3076 1003 ⁶
3147 979 3234 1026 καὶ
3292 975 3334 1027 εἰ
3399 984 3550 1028 τοῦτο
3618 974 3781 1029 δώσει
3810 997 3931 1045 τις,
3991 982 4140 1032 ἔσται
4204 983 4230 1032 6

2623 1066 2852 1133 Χριστὸς
2889 1067 2981 1120 τὴν
3040 1063 3231 1116 οἰκείαν
3283 1067 3420 1136 ἔχων
3477 1064 3730 1138 ἐνέργειαν
3764 1110 3778 1136 ,
3807 1067 3968 1119 οὖσαν
4006 1073 4096 1120 καί
4153 1074 4226 1140 μή

2624 1146 2782 1201 οὖσαν
2805 1193 2822 1215 ,
2865 1154 3000 1203 κατὰ
3038 1151 3140 1214 ἒξιν
3187 1159 3276 1204 καὶ
3319 1158 3563 1227 στέρησιν
3596 1197 3608 1208 .
3649 1159 3718 1206 Τὸ
3746 1155 3872 1206 αὑτὸ
3905 1152 3963 1207 δὲ
3992 1162 4082 1208 καὶ
4111 1161 4228 1230 περὶ

2625 1237 2908 1310 θελήματος
2965 1243 3103 1293 ἔστιν
3163 1241 3316 1294 εἰπεῖν
3349 1284 3361 1296 .
3405 1247 3662 1313 Λέγουσιν
3702 1246 3750 1295 οἱ
3800 1244 4058 1317 Ἀρμένιοι
4124 1247 4225 1311 ὅτι,

2621 1329 2793 1402 ὧσπερ
2831 1329 3049 1403 ὀργάνου
3091 1351 3179 1382 και
3230 1339 3323 1382 τοῦ
3381 1339 3639 1394 κινοῦντος
3673 1332 3798 1384 αὑτὸ
3851 1337 3948 1405 μία
3977 1333 4223 1408 ἐνέργεια,

2620 1413 2754 1466 οὑτω
2816 1421 2904 1467 καὶ
2963 1419 3205 1480 θεότητος
3251 1424 3341 1471 καὶ
3381 1418 3778 1492 ἁνθρωπότητος
3823 1425 3920 1493 μία
3973 1421 4223 1493 ἐνέργεια.

2620 1504 2680 1556 Εἰ
2710 1510 2879 1557 τοίνυν
2920 1507 3194 1578 εἰσάγουσι
3225 1512 3282 1560 τὸ
3323 1509 3538 1582 ὄργανον
3588 1517 3677 1562 καὶ
3727 1513 4020 1585 σὺγχρονον
4049 1513 4221 1584 ὥσπερ

2621 1601 2774 1665 σῶμα
2802 1595 3069 1667 καὶψυχὴ
3099 1641 3113 1665 ,
3146 1600 3350 1658 πάντως
3396 1601 3545 1650 ἔσται
3582 1601 3701 1650 κατ’
3742 1599 3928 1659 αὑτοὺς
3958 1604 3987 1657 ἦ
4021 1605 4225 1672 κτίσμα

2615 1686 2708 1739 τὴν
2759 1685 2896 1734 θείαν
2936 1688 3088 1756 φύσιν
3135 1685 3294 1757 λέγειν
3343 1691 3370 1744 ἦ
3419 1691 3476 1738 τὸ
3529 1697 3682 1759 σῶμα
3733 1690 3981 1740 οἴκτιστον

2609 2041 2680 2090 ’ὧν
2712 2043 2736 2092 ό
2768 2044 2857 2113 μὲν
2915 2041 3130 2114 ἄψυχον
3157 2087 3171 2112 ,
3203 2043 3599 2116 ’Λπολλινάριος
3626 2041 3684 2097 δὲ
3717 2045 3869 2097 οἷνουν
3913 2049 4005 2104 τὴν
4047 2048 4220 2118 σάρκα

2610 2137 2699 2182 τοῦ
2715 2138 2949 2204 Χριστοῦ
2967 2131 3150 2203 ἔλεγεν.

909 2244 995 2297 Η.
1034 2240 1089 2297 Si
1122 2240 1324 2296 dicant
1351 2238 1612 2294 Armenii
1663 2239 1961 2293 Christum
1983 2241 2199 2311 etpost
2226 2240 2501 2296 incarna—

833 2333 1060 2389 tionem
1122 2345 1312 2384 unum
1380 2343 1511 2383 esse
1571 2327 1782 2383 Filium
1832 2334 1888 2382 et
1919 2333 2143 2384 sanctae
2201 2329 2498 2386 Trinitatis

831 2438 1024 2477 unum
1060 2438 1072 2487 ;
1116 2424 1391 2475 sanctam
1422 2421 1622 2472 autem
1655 2417 1993 2473 Trinitatem
2024 2418 2267 2473 unicam
2295 2419 2500 2475 volun-

831 2517 1016 2568 tatem
1049 2515 1106 2566 et
1131 2510 1373 2565 unicam
1418 2507 1831 2579 operationem
1865 2507 2110 2578 habere,
2144 2513 2325 2580 atque
2355 2509 2495 2565 inde

833 2601 1129 2656 Christum
1159 2599 1401 2654 unicam
1422 2596 1707 2652 habuisse
1734 2597 2148 2668 operationem
2173 2603 2229 2653 et
2251 2599 2494 2655 unicam

829 2691 1223 2755 voluntatem,
1276 2688 1360 2743 sic
1414 2686 1911 2759 respondendum
1959 2688 2114 2743 erit:
2150 2688 2323 2744 Pater
2367 2705 2492 2745 non

831 2786 896 2836 ut
936 2784 1103 2836 Pater
1153 2777 1412 2847 vult,sed
1455 2782 1518 2831 ut
1570 2779 1760 2842 Deus;
1796 2783 1852 2831 et
1879 2778 2172 2848 quoniam
2217 2781 2371 2833 Deus
2402 2786 2491 2836 est

826 2871 1022 2941 Filius,
1057 2875 1114 2925 et
1147 2872 1298 2924 Deus
1339 2871 1427 2922 est
1457 2866 1706 2938 Spiritus
1753 2868 2023 2937 Sanctus,
2061 2868 2397 2922 secundum
2423 2870 2486 2924 id

820 2960 1024 3016 divina
1062 2958 1314 3014 Trinitas
1365 2971 1550 3011 unam
1599 2955 1965 3010 voluntatem
1995 2956 2180 3011 habet
2208 2961 2265 3012 et
2297 2973 2482 3013 unam

2683 2245 2769 2304 ια’.
2811 2251 2967 2322 Εἴπερ
3026 2254 3287 2320 φήσουσιν
3346 2249 3394 2300 οἱ
3456 2248 3715 2322 Ἀρμένιοι
3780 2251 3847 2310 ὡς
3907 2251 3932 2301 6
3987 2253 4215 2324 Χριστὸς

2607 2341 2697 2388 καὶ
2765 2341 2894 2409 μετὰ
2951 2342 3039 2395 τήν
3110 2340 3376 2410 σάρκωσὶν
3419 2340 3489 2400 εἷς
3530 2335 3588 2396 ἦν
3656 2341 3778 2400 Υἱὸς
3841 2344 3931 2390 xui
3998 2336 4063 2400 εἷς
4124 2349 4216 2400 τῆς

2607 2426 2762 2498 ἁγίας
2814 2423 3062 2502 Τριάὸος,
3107 2429 3135 2485 ἡ
3186 2424 3244 2480 δὲ
3289 2427 3417 2499 ἁγία
3475 2430 3634 2502 Τριὰς
3687 2433 3811 2500 μίαν
3872 2428 4078 2486 θελησιν
4125 2434 4214 2481 xui

2604 2521 2727 2587 μίαν
2765 2515 3017 2591 ἐνέργειαν
3067 2519 3178 2588 ἔχει
3209 2557 3222 2582 ,
3277 2522 3367 2569 xui
3424 2520 3556 2568 κατὰ
3594 2525 3746 2569 τοῦτο
3799 2522 3888 2569 xui
3920 2520 3945 2569 6
3985 2522 4215 2591 Χριστὸς

2601 2611 2725 2676 μίαν
2789 2603 2928 2677 εἶχεν
2997 2605 3248 2678 ἐνέργειαν
3317 2611 3406 2658 καὶ
3468 2611 3590 2678 μίαν
3634 2606 3863 2670 θέλησιν,
3891 2608 4072 2681 ῥητέον
4131 2608 4214 2666 οὑ,

2599 2715 2697 2756 τως
2727 2711 2741 2724 ⁸
2777 2697 2842 2756 ὡς
2883 2697 2908 2746 6
2969 2701 3149 2770 Πατήρ
3199 2696 3256 2748 οὑ
3302 2698 3432 2748 καθὸ
3473 2701 3652 2770 Πατήρ
3696 2696 3845 2763 θέλει,
3909 2696 4039 2748 ἀλλὰ
4083 2700 4212 2750 καθὸ

2599 2789 2729 2845 Θεὸς
2763 2802 2776 2814 ’
2811 2790 2901 2837 xui
2933 2784 3042 2837 ἐπεὶ
3092 2789 3220 2847 Θεὸς
3253 2787 3277 2836 ό
3319 2789 3440 2846 Υίὸς
3469 2830 3482 2854 ,
3536 2789 3666 2846 Θεὸς
3710 2789 3882 2838 καὶτὸ
3915 2794 4125 2858 Πνεῦμα
4156 2790 4211 2838 τὸ

2594 2873 2740 2944 ἅγιον
2772 2916 2784 2940 ,
2827 2875 2964 2925 κατὰ
2992 2881 3146 2924 τοῦτο
3173 2875 3203 2930 ἡ
3239 2877 3328 2945 μὲν
3384 2878 3805 2945 τρισυπόστατος
3860 2880 4054 2934 Θεότης
4085 2880 4209 2947 μίαν

2594 2962 2802 3020 θέλησιν
2857 2965 2970 3033 ἔχει
3014 2968 3104 3014 καὶ
3157 2967 3281 3034 μίαν
3348 2964 3600 3036 ἐνέργειαν
3638 2981 3650 2993 ο
3703 2965 3727 3013 6
3781 2959 3838 3014 δε
3896 2965 4060 3030 Υἱὸς,
4104 2961 4210 3014 ἐπι-

815 3049 1252 3121 operationem,
1290 3045 1467 3100 Filius
1525 3059 1709 3109 vero,
1758 3043 2076 3099 nobiscum
2122 3045 2474 3102 hominibus

806 3137 1265 3195 communicans
1297 3134 1495 3189 carnis
1529 3135 1969 3204 assumptione,
1992 3134 2295 3206 duplicem
2325 3151 2476 3208 quo-

804 3246 922 3302 que
975 3228 1449 3284 voluntatemet
1501 3225 1914 3296 operationem
1963 3225 2221 3294 habuit;
2281 3242 2473 3282 unam
2517 3215 2558 3270 C

1127 3229 1449 3282 ntatemet
1501 3225 1914 3296 operationem
1963 3225 2221 3294 habuit;
2281 3242 2473 3282 unam
2517 3215 2558 3270 C
2587 3229 2841 3303 ἐνέργειαν
2897 3268 2907 3279 .

801 3319 1052 3391 quidem
1087 3322 1149 3372 ut
1181 3319 1298 3371 Deo
1330 3319 1387 3371 et
1438 3314 1590 3369 Patri
1634 3314 2188 3383 consubstantialis,
2224 3315 2474 3371 alteram

798 3415 999 3465 autem
1052 3413 1116 3462 ut
1167 3406 1344 3462 nobis
1402 3403 1969 3460 consubstantialis.
2021 3410 2299 3461 Attamen
2347 3421 2472 3461 non

801 3502 1110 3569 separatas
1161 3496 1422 3551 dicimus
1484 3493 1905 3565 operationes,
1956 3509 2154 3566 neque
2219 3500 2471 3551 naturas

801 3588 1128 3659 separatim
1203 3584 1479 3657 cperari;
1549 3583 1655 3638 sed
1721 3589 2042 3655 utramque
2129 3601 2251 3640 una
2334 3602 2474 3641 cum

803 3678 1047 3734 alterius
1105 3675 1537 3732 communione
1579 3673 1819 3744 operari
1847 3673 1908 3727 id
1939 3673 2104 3745 quod
2156 3675 2474 3746 proprium

802 3767 1035 3824 habuit.
1070 3769 1271 3836 Neque
1328 3764 1491 3818 enim
1547 3763 1817 3818 humana
1871 3762 2138 3819 humane
2189 3770 2473 3836 operatus

805 3862 898 3913 est
924 3876 936 3925 ;
978 3871 1102 3912 non
1132 3857 1289 3910 enim
1327 3852 1582 3925 simplex
1613 3851 1797 3907 homo
1824 3857 1952 3907 erat
1981 3871 1993 3921 ;
2038 3868 2235 3926 neque
2266 3854 2472 3911 divina

805 3947 1144 4003 secundum
1186 3947 1372 4000 Deum
1424 3947 1693 4009 tantum;
1727 3958 1850 3997 non
1883 3944 2043 3998 enim
2083 3944 2470 4001 solummodo

804 4043 930 4094 erat
959 4038 1135 4091 Deus.
1169 4033 1284 4090 Sed
1315 4033 1452 4088 duae
1476 4037 1707 4087 natura:
1739 4037 1877 4087 sunt
1907 4048 2064 4087 unus
2097 4034 2389 4102 Christus,
2413 4041 2469 4091 et

801 4143 961 4183 unus
1020 4125 1285 4181 Christus
1351 4127 1440 4178 est
1496 4122 1633 4177 dure
1696 4127 1950 4178 naturie.
1996 4125 2060 4177 Et
2125 4123 2294 4180 aliter
2339 4141 2351 4180 :
2408 4126 2465 4182 Si

798 4233 986 4273 unam
1053 4215 1426 4270 voluntatem
1479 4211 1806 4267 dixerimus
1863 4213 1938 4267 de
1988 4212 2216 4269 Christo
2274 4219 2340 4270 ut
2386 4214 2462 4271 de

795 4311 1006 4362 sancta
1071 4304 1395 4371 Trinitate,
1462 4303 1569 4357 erit
1634 4302 1883 4357 omnino
1949 4316 2072 4357 una
2128 4308 2184 4358 et
2243 4303 2458 4359 eadem

791 4395 1074 4451 voluntas
1134 4393 1318 4448 Patris
1367 4396 1425 4447 et
1479 4389 1650 4446 Verbi
1679 4397 1732 4445 et
1763 4391 1983 4447 carnis.
2005 4391 2095 4446 Ad
2152 4393 2280 4448 haec
2319 4409 2456 4465 quae

790 4487 1094 4553 diximus,
1135 4483 1197 4538 id
1259 4481 1408 4537 forte
1484 4480 1769 4551 adjicient
1833 4481 1939 4553 qui
1999 4482 2311 4538 ratiocinio
2371 4484 2454 4539 uti

2587 3060 2839 3103 κοινωνῶν
2889 3057 2979 3103 xui
3048 3059 3159 3113 τοῖς
3228 3051 3519 3124 ἀνθρώποις
3578 3054 3702 3124 ἡμῖν
3748 3059 3809 3123 τῇ
3863 3060 3956 3113 τῆς
4014 3057 4210 3126 σαρκος

2585 3139 2891 3213 πμοσλήψει
2924 3184 2938 3210 ,
2993 3137 3184 3198 διπλῆν
3237 3146 3326 3192 xui
3383 3145 3478 3198 τήν
3542 3140 3750 3198 θέλησιν
3813 3143 3927 3212 εἶχε
3985 3147 4075 3192 xui
4114 3146 4207 3198 τήν

2967 3234 3059 3288 τὴν
3127 3233 3216 3302 μεν
3297 3233 3364 3290 ὡς
3459 3232 3740 3302 ὁμοοὺσιος
3806 3235 3873 3280 ὧν
3950 3239 4022 3300 τῷ
4090 3237 4204 3299 Θεῷ

2586 3325 2676 3371 xui
2719 3323 2884 3394 Πατρὶ
2911 3363 2924 3388 ,
2955 3323 3046 3377 τήν
3099 3315 3157 3371 δε
3199 3321 3264 3379 ὡς
3307 3320 3589 3390 ὸμοοὺσιος
3614 3324 3680 3369 ὧν
3734 3321 3859 3390 ἡμῖν
3891 3360 3904 3372 .
3946 3318 4085 3376 Πλὴν
4143 3319 4200 3370 οὑ

2589 3405 2913 3482 διῃρημένας
2977 3411 3138 3480 φαμὲν
3200 3411 3294 3469 τὰς
3353 3406 3645 3480 ἐνεργείας,
3708 3404 3830 3460 οὑδὲ
3893 3410 3986 3468 τὰς
4025 3410 4202 3480 φὺσεις

2587 3497 2949 3571 ἐνεργουμένας
3026 3500 3458 3570 κεχωρισμένως,
3527 3495 3634 3548 ἀλλ’
3725 3499 3993 3568 ἡνωμένως
4087 3496 4202 3548 ἐκά-

2589 3605 2714 3643 στην
2767 3588 2899 3658 μετὰ
2954 3595 3048 3647 τῆς
3107 3589 3324 3661 θατέρου
3374 3592 3638 3647 κοινωνίας
3697 3585 4002 3661 ἐνεργοῦσαν
4056 3587 4198 3638 τοῦθ’

2585 3676 2706 3750 ὅπερ
2760 3672 2894 3728 ἴδιον
2962 3678 3190 3746 ἔσχηκεν
3234 3693 3244 3703 ·
3306 3676 3424 3728 οὒτε
3488 3678 3586 3750 γὰρ
3644 3678 3710 3727 τὰ
3763 3675 4061 3749 ἀνθρώπινα
4114 3674 4198 3726 ἀν·

2586 3767 2855 3838 θρωπίνως
2907 3764 3188 3838 ἐνήργηκεν
3236 3810 3251 3835 ,
3304 3765 3362 3816 οὑ
3410 3769 3510 3840 γὰρ
3564 3764 3716 3835 ψιλὸς
3774 3761 3834 3822 ἦν
3892 3767 4185 3837 ἄνθρωπος’

2583 3856 2700 3905 οὔτε
2738 3857 2803 3905 τὰ
2871 3857 2985 3906 θεῖα
3044 3857 3179 3906 κατὰ
3235 3858 3364 3907 Θεὸν
3430 3860 3626 3926 μόνον,
3660 3854 3717 3905 οὑ
3772 3856 3870 3924 γὰρ
3941 3851 4000 3911 ἧν
4039 3858 4192 3925 μόνον

2583 3948 2712 4004 Θεὸς
2745 3960 2758 3972 ⁵
2798 3942 2903 3995 ἀλλ’
2939 3946 2993 3995 ui
3034 3941 3130 3996 δύο
3163 3947 3342 4016 φὺσεις
3374 3940 3446 4004 εἷς
3499 3942 3611 3994 ἐστι
3676 3947 3920 4018 Χριστὸς,
3954 3948 4043 3994 καὶ
4073 3944 4098 3994 6
4125 3943 4191 4003 εἷς

2579 4037 2812 4106 Χριστὸς
2859 4031 2956 4086 δύο
3004 4037 3185 4106 φὺσεις
3243 4033 3373 4085 ἐστί.
3431 4038 3533 4085 Καὶ
3598 4031 3763 4094 ἄλλως
3794 4047 3806 4061 ”
3841 4035 3901 4085 Εἰ
3939 4038 4058 4104 μίαν
4111 4034 4190 4084 θέ-

2577 4120 2729 4180 λησιν
2807 4125 3026 4194 εἴπωμεν
3076 4123 3159 4175 ἐπὶ
3211 4131 3303 4174 τοῦ
3367 4129 3603 4195 Χριστοῦ
3647 4126 3711 4183 ὥς
3761 4121 3843 4174 ἐπὶ
3900 4130 3995 4182 τῆς
4033 4122 4190 4193 ἁγίας

2571 4208 2838 4285 Τριάδος,
2871 4211 3018 4264 ἔσται
3069 4215 3276 4274 πάντως
3323 4217 3421 4284 μία
3467 4217 3556 4264 καὶ
3603 4211 3796 4270 ὸαὺτὴ
3843 4211 4046 4272 θέλησις
4094 4218 4185 4262 τοῦ

2572 4307 2773 4376 Πατρὸς
2841 4308 2932 4355 καὶ
3001 4311 3092 4354 τοῦ
3169 4307 3344 4373 Λόγου
3405 4308 3496 4354 καὶ
3555 4311 3644 4363 τῆς
3691 4307 3904 4375 σαρκὸς.
3949 4305 4081 4375 Πρὸς
4113 4303 4184 4362 οἷς

2569 4395 2846 4469 εἰρήκαμεν
2915 4396 2990 4446 ἔτι
3051 4397 3139 4444 καὶ
3197 4400 3350 4444 τοῦτο
3416 4396 3543 4452 ἴσως
3607 4395 3980 4457 προσθήσουσι
4057 4389 4181 4444 δια-

2567 4485 2900 4545 σκευάζοντες
2972 4483 3388 4554 συλλογιστικῶς
3421 4500 3433 4512 ’
3469 4483 3580 4534 Οὑκ
3621 4486 3734 4534 ἔστι
3785 4485 3936 4554 φὺσις
3993 4481 4183 4535 ἀνυπό-

788 4576 992 4632 volent
1041 4593 1054 4629 :
1111 4577 1240 4629 Non
1288 4576 1377 4627 est
1422 4575 1639 4627 natura
1685 4571 1917 4643 absque
1972 4571 2290 4643 hypostasi
2347 4590 2452 4629 seu
2487 4577 2568 4630 Di

2400 4590 2452 4629 :u
2487 4577 2529 4630 D
2566 4595 2755 4636 στατὸς
2807 4579 2921 4632 ἤτοι
2981 4571 3297 4646 διπρόσωπος
3329 4587 3343 4601 ⁸
3381 4573 3424 4624 εἰ
3472 4569 3559 4624 οὖν
3611 4569 3748 4638 δύο,
3783 4577 3912 4644 φασὶ
3937 4617 3951 4643 ,
4006 4575 4180 4645 φὺσεις

788 4681 1048 4739 persona
1092 4683 1104 4732 ;
1178 4663 1228 4717 si
1261 4662 1481 4732 igitur,
1531 4661 1816 4732 inquiunt
1871 4661 2025 4716 duas
2090 4667 2337 4717 naturas
2390 4664 2451 4718 in

790 4739 1016 4812 Christo
1055 4752 1403 4816 dixerimus,
1437 4751 1591 4805 duas
1621 4765 1867 4823 quoque
1898 4751 2258 4822 hypostases
2279 4752 2452 4808 indu-

787 4862 1036 4912 cemus;
1090 4848 1270 4915 atque
1323 4843 1405 4897 ita
1458 4857 1596 4896 cum
1650 4839 1920 4896 Nestorio
1974 4842 2302 4897 sentiemus
2349 4844 2454 4916 qui

787 4936 942 4993 duas
973 4936 1334 5007 hypostases
1366 4931 1427 4986 in
1453 4931 1685 4986 Christo
1717 4945 1847 4986 esse
1877 4929 2099 4987 docuit.

1198 5050 1297 5106 Ad
1325 5049 1389 5105 id
1418 5047 1899 5118 respondendum
1932 5053 2037 5104 est.

859 5179 940 5230 12.
986 5173 1089 5229 Ρὶδ,
1111 5169 1392 5238 Ecclesia,
1411 5167 1938 5240 quemadmodum
1981 5167 2221 5224 Sabellii
2257 5184 2450 5242 synae-

777 5266 961 5323 resim
1000 5262 1330 5336 repudians
1373 5264 1488 5315 tres
1519 5275 1815 5331 personas
1842 5263 1899 5315 et
1929 5275 2114 5315 unam
2163 5264 2447 5316 naturam

777 5354 1178 5412 sanctissimas
1235 5350 1533 5407 Trinitatis
1585 5349 1923 5416 conﬁtetur,
1957 5353 2014 5405 et
2060 5349 2180 5404 Arii
2236 5349 2298 5404 in
2330 5354 2446 5405 tres

777 5444 1102 5502 dissimiles
1128 5443 1487 5514 hypostases
1500 5439 1859 5494 divisionem
1881 5439 2444 5511 respuens,unicam

773 5543 1057 5593 naturam
1100 5533 1320 5589 divinae
1365 5529 1662 5585 Trinitatis
1711 5529 1906 5598 docet,
1931 5531 2014 5584 sic
2037 5535 2092 5585 et
2114 5529 2442 5602 Mon0phy-

774 5627 919 5683 sitas
943 5625 1266 5698 impugnat
1296 5619 1636 5677 dictitantes
1685 5634 1873 5675 unam
1905 5634 2035 5675 esse
2065 5623 2349 5676 naturam
2379 5619 2444 5676 in

775 5717 1004 5803 Christo
1034 5719 1091 5773 et
1121 5729 1309 5772 unam
1348 5727 1478 5770 esse
1533 5710 1936 5785 hypostasim.
1971 5709 2142 5777 Quod
2189 5714 2440 5784 praeten-

2564 4665 2646 4717 ἐπί
2701 4671 2938 4738 Χριστοῦ
2989 4667 3208 4736 εἵπωμεν
3239 4706 3252 4730 ,
3299 4658 3396 4714 δύο
3456 4667 3546 4714 καί
3594 4664 3916 4724 ὑποστάσεις
3977 4682 4179 4715 συνεισ-

2564 4759 2844 4826 ενέγκωμεν
2870 4771 2882 4784 ·
2917 4758 3007 4805 καί
3037 4755 3172 4804 οὑτω
3219 4760 3630 4825 συμφρονοῦντες
3657 4752 3882 4824 ἐσόμεθα
3908 4757 4176 4826 Νεστορίῳ

2565 4843 2660 4898 δύο
2692 4846 3010 4904 ὑποστάσεις
3050 4842 3132 4895 ἐπί
3154 4850 3391 4918 Χριστοῦ
3415 4839 3812 4914 δογματίζοντι.

3039 5049 3237 5108 Ῥητέον
3271 5047 3330 5103 δὲ
3358 5053 3485 5126 πρὸς
3514 5057 3689 5102 τοῦτο.

2634 5167 2713 5224 ιϐ.
2755 5167 2838 5229 Ὠς
2886 5169 2914 5226 ἡ
2960 5167 3174 5229 εὐσεϐής
3215 5166 3521 5234 Ἐκκλησία,
3550 5169 3722 5240 ὥσπερ
3765 5168 3852 5222 τὴν
3898 5162 4168 5216 Σαϐελλίου

2561 5264 2859 5333 συναίρεσιν
2935 5257 3340 5330 ἀποπεμπομένη
3397 5299 3409 5324 ,
3488 5264 3620 5328 τρεῖς
3686 5257 4006 5316 ὑποστάσεις
4078 5259 4169 5306 καί

2556 5353 2678 5421 μίαν
2733 5351 2889 5420 φύσιν
2946 5347 3028 5400 ἐπί
3085 5356 3174 5408 τῆς
3217 5346 3385 5417 ’ἁγίας
3442 5343 3673 5420 Τριάδος
3729 5345 4016 5417 ὁμολογεῖ,
4078 5348 4168 5396 καί

2555 5443 2648 5496 τήν
2708 5439 2908 5511 Ἀρείου
2977 5437 3048 5499 εἰς
3101 5437 3405 5511 ἑτερογενεῖς
3457 5431 3594 5511 τρεῖς
3655 5437 3973 5494 ὑποστάσεις
4037 5431 4164 5485 ἀπο-

2557 5527 2958 5591 σκυϐαλίζουσα
3003 5524 3294 5601 διαίρεσιν,
3346 5531 3468 5598 μίαν
3515 5528 3670 5597 φύσιν
3734 5525 4163 5600 τρισυποστάτου

2554 5625 2811 5681 Θεότητος
2862 5615 3114 5688 δοξάζει,
3155 5617 3290 5670 οὑτω
3335 5622 3425 5669 καί
3462 5623 3572 5676 τοῖς
3612 5620 3997 5688 Μονοφυσίταις
4038 5611 4162 5666 ἁπο-

2551 5713 2806 5784 μάχεταί,
2877 5712 3143 5784 φάσκουσι
3184 5713 3308 5782 μίαν
3349 5710 3502 5782 φύσιν
3542 5706 3625 5760 ἐπί
3681 5713 3912 5782 Χριστοῦ
3971 5700 4066 5758 διὰ
4103 5707 4160 5757 τὸ
