  <div class='ocr_page' id='page_1' title='image "/cluster/home/n/w/nwhite01/storage/ocr_20150623/140/nnc1.0046979905/060.png"; bbox 0 0 4508 6436; ppageno 0'>
   <div class='ocr_carea' id='block_1_1' title="bbox 334 377 437 429">
    <p class='ocr_par' dir='ltr' id='par_1_1' title="bbox 334 377 437 429">
     <span class='ocr_line' id='line_1_1' title="bbox 334 377 437 429; baseline 0 -1"><span class='ocrx_word' id='word_1_1' title='bbox 334 377 437 429; x_wconf 71' lang='grc'>101</span> 
     </span>
    </p>
   </div>
   <div class='ocr_carea' id='block_1_2' title="bbox 331 494 1367 565">
    <p class='ocr_par' dir='ltr' id='par_1_2' title="bbox 331 494 1367 565">
     <span class='ocr_line' id='line_1_2' title="bbox 331 494 1367 565; baseline -0.002 -16"><span class='ocrx_word' id='word_1_2' title='bbox 331 504 429 550; x_wconf 83' lang='grc' dir='ltr'>καὶ</span> <span class='ocrx_word' id='word_1_3' title='bbox 505 503 602 557; x_wconf 75' lang='grc' dir='ltr'>τήν</span> <span class='ocrx_word' id='word_1_4' title='bbox 678 500 970 551; x_wconf 71' lang='grc' dir='ltr'>ὑπόστασιν</span> <span class='ocrx_word' id='word_1_5' title='bbox 1036 494 1166 550; x_wconf 81' lang='grc' dir='ltr'>εἶναι</span> <span class='ocrx_word' id='word_1_6' title='bbox 1224 498 1367 565; x_wconf 86' lang='grc' dir='ltr'>μίαν.</span> 
     </span>
    </p>
   </div>
   <div class='ocr_carea' id='block_1_3' title="bbox 331 579 1946 658">
    <p class='ocr_par' dir='ltr' id='par_1_3' title="bbox 331 579 1946 658">
     <span class='ocr_line' id='line_1_3' title="bbox 331 579 1946 658; baseline -0.004 -21"><span class='ocrx_word' id='word_1_7' title='bbox 331 586 495 645; x_wconf 81' lang='grc' dir='ltr'>ζουσι</span> <span class='ocrx_word' id='word_1_8' title='bbox 542 595 697 639; x_wconf 86' lang='grc' dir='ltr'>τοῦτο</span> <span class='ocrx_word' id='word_1_9' title='bbox 728 586 783 638; x_wconf 78' lang='grc' dir='ltr'>ἐκ</span> <span class='ocrx_word' id='word_1_10' title='bbox 813 596 906 639; x_wconf 88' lang='grc' dir='ltr'>τοῦ</span> <span class='ocrx_word' id='word_1_11' title='bbox 944 588 1106 658; x_wconf 82' lang='grc' dir='ltr'>λέγειν</span> <span class='ocrx_word' id='word_1_12' title='bbox 1163 589 1233 656; x_wconf 77' lang='grc' dir='ltr'>μὴ</span> <span class='ocrx_word' id='word_1_13' title='bbox 1282 580 1410 633; x_wconf 83' lang='grc' dir='ltr'>εἶναι</span> <span class='ocrx_word' id='word_1_14' title='bbox 1450 584 1604 652; x_wconf 79' lang='grc' dir='ltr'>φύσιν</span> <span class='ocrx_word' id='word_1_15' title='bbox 1646 579 1946 633; x_wconf 82' lang='grc' dir='ltr'>ἀνυπόστα-</span> 
     </span>
    </p>
   </div>
   <div class='ocr_carea' id='block_1_4' title="bbox 329 668 1945 750">
    <p class='ocr_par' dir='ltr' id='par_1_4' title="bbox 329 668 1945 750">
     <span class='ocr_line' id='line_1_4' title="bbox 329 668 1945 750; baseline 0.008 -26"><span class='ocrx_word' id='word_1_16' title='bbox 329 694 421 725; x_wconf 89' lang='grc' dir='ltr'>τον</span> <span class='ocrx_word' id='word_1_17' title='bbox 466 679 587 732; x_wconf 80' lang='grc' dir='ltr'>ἦτοι</span> <span class='ocrx_word' id='word_1_18' title='bbox 627 680 939 750; x_wconf 87' lang='grc' dir='ltr'>απρόσωπον</span> <span class='ocrx_word' id='word_1_19' title='bbox 966 697 977 708; x_wconf 94' lang='grc'><strong>·</strong></span> <span class='ocrx_word' id='word_1_20' title='bbox 1029 670 1152 727; x_wconf 75' lang='grc' dir='ltr'>ούὸε</span> <span class='ocrx_word' id='word_1_21' title='bbox 1180 676 1278 746; x_wconf 81' lang='grc' dir='ltr'>γὰρ</span> <span class='ocrx_word' id='word_1_22' title='bbox 1311 675 1340 730; x_wconf 77' lang='grc' dir='ltr'>ἡ</span> <span class='ocrx_word' id='word_1_23' title='bbox 1392 669 1440 721; x_wconf 73' lang='grc' dir='ltr'>έν</span> <span class='ocrx_word' id='word_1_24' title='bbox 1490 677 1702 743; x_wconf 78' lang='grc' dir='ltr'>Χριστῷ</span> <span class='ocrx_word' id='word_1_25' title='bbox 1750 668 1945 740; x_wconf 79' lang='grc' dir='ltr'>ἀνθρω-</span> 
     </span>
    </p>
   </div>
   <div class='ocr_carea' id='block_1_5' title="bbox 333 758 1947 835">
    <p class='ocr_par' dir='ltr' id='par_1_5' title="bbox 333 758 1947 835">
     <span class='ocr_line' id='line_1_5' title="bbox 333 758 1947 835; baseline -0.001 -23"><span class='ocrx_word' id='word_1_26' title='bbox 333 768 460 821; x_wconf 66' lang='grc' dir='ltr'>πίνη</span> <span class='ocrx_word' id='word_1_27' title='bbox 518 768 673 835; x_wconf 74' lang='grc' dir='ltr'>φύσις</span> <span class='ocrx_word' id='word_1_28' title='bbox 733 763 1085 823; x_wconf 81' lang='grc' dir='ltr'>ἀνυπόστατος</span> <span class='ocrx_word' id='word_1_29' title='bbox 1139 764 1225 814; x_wconf 88' lang='grc' dir='ltr'>οἶα</span> <span class='ocrx_word' id='word_1_30' title='bbox 1275 770 1347 830; x_wconf 84' lang='grc' dir='ltr'>τῷ</span> <span class='ocrx_word' id='word_1_31' title='bbox 1408 764 1560 829; x_wconf 86' lang='grc' dir='ltr'>Λόγῳ</span> <span class='ocrx_word' id='word_1_32' title='bbox 1600 758 1947 811; x_wconf 78' lang='grc' dir='ltr'>ἑνυποστᾱισα.</span> 
     </span>
    </p>
   </div>
   <div class='ocr_carea' id='block_1_6' title="bbox 345 848 1949 927">
    <p class='ocr_par' dir='ltr' id='par_1_6' title="bbox 345 848 1949 927">
     <span class='ocr_line' id='line_1_6' title="bbox 345 848 1949 927; baseline -0.003 -23"><span class='ocrx_word' id='word_1_33' title='bbox 345 858 713 927; x_wconf 85' lang='grc' dir='ltr'>Προσεπάγειν</span> <span class='ocrx_word' id='word_1_34' title='bbox 769 851 828 906; x_wconf 78' lang='grc' dir='ltr'>δε</span> <span class='ocrx_word' id='word_1_35' title='bbox 866 859 957 906; x_wconf 82' lang='grc' dir='ltr'>καὶ</span> <span class='ocrx_word' id='word_1_36' title='bbox 1005 862 1173 905; x_wconf 87' lang='grc' dir='ltr'>ταῦτα</span> <span class='ocrx_word' id='word_1_37' title='bbox 1202 856 1373 925; x_wconf 81' lang='grc' dir='ltr'>χρεὼν</span> <span class='ocrx_word' id='word_1_38' title='bbox 1413 854 1538 924; x_wconf 86' lang='grc' dir='ltr'>πρὸς</span> <span class='ocrx_word' id='word_1_39' title='bbox 1582 852 1649 901; x_wconf 79' lang='grc' dir='ltr'>τὰ</span> <span class='ocrx_word' id='word_1_40' title='bbox 1675 848 1796 923; x_wconf 85' lang='grc' dir='ltr'>παρ’</span> <span class='ocrx_word' id='word_1_41' title='bbox 1840 854 1949 921; x_wconf 88' lang='grc' dir='ltr'>Λρ-</span> 
     </span>
    </p>
   </div>
   <div class='ocr_carea' id='block_1_7' title="bbox 344 933 1953 1014">
    <p class='ocr_par' dir='ltr' id='par_1_7' title="bbox 344 933 1953 1014">
     <span class='ocr_line' id='line_1_7' title="bbox 344 933 1953 1014; baseline -0.003 -22"><span class='ocrx_word' id='word_1_42' title='bbox 344 946 531 1013; x_wconf 82' lang='grc' dir='ltr'>μενίων</span> <span class='ocrx_word' id='word_1_43' title='bbox 590 942 1003 1014; x_wconf 75' lang='grc' dir='ltr'>συλλογιστικῶς</span> <span class='ocrx_word' id='word_1_44' title='bbox 1060 947 1454 1014; x_wconf 68' lang='grc' dir='ltr'>προπινόμενα.</span> <span class='ocrx_word' id='word_1_45' title='bbox 1502 938 1701 1009; x_wconf 76' lang='grc' dir='ltr'>Ὠσπερ</span> <span class='ocrx_word' id='word_1_46' title='bbox 1761 939 1816 988; x_wconf 78' lang='grc' dir='ltr'>αἱ</span> <span class='ocrx_word' id='word_1_47' title='bbox 1855 933 1953 988; x_wconf 79' lang='grc' dir='ltr'>δύο</span> 
     </span>
    </p>
   </div>
   <div class='ocr_carea' id='block_1_8' title="bbox 340 1025 1954 1105">
    <p class='ocr_par' dir='ltr' id='par_1_8' title="bbox 340 1025 1954 1105">
     <span class='ocr_line' id='line_1_8' title="bbox 340 1025 1954 1105; baseline -0.004 -23"><span class='ocrx_word' id='word_1_48' title='bbox 340 1036 616 1101; x_wconf 74' lang='grc' dir='ltr'>γεννήσεις</span> <span class='ocrx_word' id='word_1_49' title='bbox 688 1040 947 1105; x_wconf 82' lang='grc' dir='ltr'>Χριστοῦ,</span> <span class='ocrx_word' id='word_1_50' title='bbox 1015 1034 1283 1083; x_wconf 78' lang='grc' dir='ltr'>τουτέστιν</span> <span class='ocrx_word' id='word_1_51' title='bbox 1358 1031 1387 1086; x_wconf 79' lang='grc' dir='ltr'>ἡ</span> <span class='ocrx_word' id='word_1_52' title='bbox 1450 1032 1550 1102; x_wconf 84' lang='grc' dir='ltr'>πρὸ</span> <span class='ocrx_word' id='word_1_53' title='bbox 1628 1028 1823 1079; x_wconf 78' lang='grc' dir='ltr'>αἰώνων</span> <span class='ocrx_word' id='word_1_54' title='bbox 1897 1025 1954 1078; x_wconf 76' lang='grc' dir='ltr'>ἐκ</span> 
     </span>
    </p>
   </div>
   <div class='ocr_carea' id='block_1_9' title="bbox 340 1117 1956 1193">
    <p class='ocr_par' dir='ltr' id='par_1_9' title="bbox 340 1117 1956 1193">
     <span class='ocr_line' id='line_1_9' title="bbox 340 1117 1956 1193; baseline -0.002 -21"><span class='ocrx_word' id='word_1_55' title='bbox 340 1125 554 1193; x_wconf 80' lang='grc' dir='ltr'>Πατρός</span> <span class='ocrx_word' id='word_1_56' title='bbox 602 1126 739 1173; x_wconf 85' lang='grc' dir='ltr'>κατά</span> <span class='ocrx_word' id='word_1_57' title='bbox 788 1127 877 1180; x_wconf 79' lang='grc' dir='ltr'>τὴν</span> <span class='ocrx_word' id='word_1_58' title='bbox 936 1124 1175 1188; x_wconf 84' lang='grc' dir='ltr'>θεότητα,</span> <span class='ocrx_word' id='word_1_59' title='bbox 1210 1125 1300 1172; x_wconf 81' lang='grc' dir='ltr'>καὶ</span> <span class='ocrx_word' id='word_1_60' title='bbox 1347 1121 1373 1177; x_wconf 72' lang='grc' dir='ltr'><em>ἡ</em></span> <span class='ocrx_word' id='word_1_61' title='bbox 1439 1118 1515 1171; x_wconf 76' lang='grc' dir='ltr'>ἐπ’</span> <span class='ocrx_word' id='word_1_62' title='bbox 1557 1117 1799 1189; x_wconf 76' lang='grc' dir='ltr'>ἐσχάτων</span> <span class='ocrx_word' id='word_1_63' title='bbox 1856 1124 1956 1169; x_wconf 84' lang='grc' dir='ltr'>τῶν</span> 
     </span>
    </p>
   </div>
   <div class='ocr_carea' id='block_1_10' title="bbox 339 1204 1952 1285">
    <p class='ocr_par' dir='ltr' id='par_1_10' title="bbox 339 1204 1952 1285">
     <span class='ocr_line' id='line_1_10' title="bbox 339 1204 1952 1285; baseline -0.003 -24"><span class='ocrx_word' id='word_1_64' title='bbox 339 1214 557 1283; x_wconf 79' lang='grc' dir='ltr'>χρόνων</span> <span class='ocrx_word' id='word_1_65' title='bbox 588 1211 645 1262; x_wconf 80' lang='grc' dir='ltr'>ἐκ</span> <span class='ocrx_word' id='word_1_66' title='bbox 692 1214 957 1285; x_wconf 85' lang='grc' dir='ltr'>Παρθένου</span> <span class='ocrx_word' id='word_1_67' title='bbox 1009 1214 1145 1262; x_wconf 83' lang='grc' dir='ltr'>κατὰ</span> <span class='ocrx_word' id='word_1_68' title='bbox 1202 1215 1294 1266; x_wconf 67' lang='grc' dir='ltr'>τὴν</span> <span class='ocrx_word' id='word_1_69' title='bbox 1335 1208 1738 1282; x_wconf 80' lang='grc' dir='ltr'>ἀνθρωπὸτητα,</span> <span class='ocrx_word' id='word_1_70' title='bbox 1788 1205 1835 1257; x_wconf 83' lang='grc' dir='ltr'>ἐν</span> <span class='ocrx_word' id='word_1_71' title='bbox 1889 1204 1952 1266; x_wconf 68' lang='grc' dir='ltr'>τῇ</span> 
     </span>
    </p>
   </div>
   <div class='ocr_carea' id='block_1_11' title="bbox 345 1295 1955 1371">
    <p class='ocr_par' dir='ltr' id='par_1_11' title="bbox 345 1295 1955 1371">
     <span class='ocr_line' id='line_1_11' title="bbox 345 1295 1955 1371; baseline -0.003 -20"><span class='ocrx_word' id='word_1_72' title='bbox 345 1305 449 1371; x_wconf 73' lang='grc' dir='ltr'>μνᾷ</span> <span class='ocrx_word' id='word_1_73' title='bbox 477 1307 572 1351; x_wconf 88' lang='grc' dir='ltr'>τοῦ</span> <span class='ocrx_word' id='word_1_74' title='bbox 615 1308 750 1353; x_wconf 89' lang='grc' dir='ltr'>Θεοῦ</span> <span class='ocrx_word' id='word_1_75' title='bbox 799 1306 976 1371; x_wconf 88' lang='grc' dir='ltr'>Λόγου</span> <span class='ocrx_word' id='word_1_76' title='bbox 1017 1302 1308 1352; x_wconf 76' lang='grc' dir='ltr'>ὑποστάσει</span> <span class='ocrx_word' id='word_1_77' title='bbox 1346 1302 1635 1369; x_wconf 76' lang='grc' dir='ltr'>γενόμεναι,</span> <span class='ocrx_word' id='word_1_78' title='bbox 1676 1296 1770 1347; x_wconf 87' lang='grc' dir='ltr'>ούκ</span> <span class='ocrx_word' id='word_1_79' title='bbox 1818 1295 1955 1347; x_wconf 79' lang='grc' dir='ltr'>ἐποί-</span> 
     </span>
    </p>
   </div>
   <div class='ocr_carea' id='block_1_12' title="bbox 347 1382 1954 1461">
    <p class='ocr_par' dir='ltr' id='par_1_12' title="bbox 347 1382 1954 1461">
     <span class='ocr_line' id='line_1_12' title="bbox 347 1382 1954 1461; baseline -0.005 -18"><span class='ocrx_word' id='word_1_80' title='bbox 347 1407 487 1443; x_wconf 71' lang='grc' dir='ltr'>ησαν</span> <span class='ocrx_word' id='word_1_81' title='bbox 552 1392 862 1461; x_wconf 73' lang='grc' dir='ltr'>προσθήκην</span> <span class='ocrx_word' id='word_1_82' title='bbox 928 1391 1264 1447; x_wconf 80' lang='grc' dir='ltr'>ὑποστάσεως</span> <span class='ocrx_word' id='word_1_83' title='bbox 1294 1402 1305 1416; x_wconf 92' lang='grc'><strong>·</strong></span> <span class='ocrx_word' id='word_1_84' title='bbox 1377 1386 1537 1446; x_wconf 72' lang='grc' dir='ltr'>οὕτως</span> <span class='ocrx_word' id='word_1_85' title='bbox 1588 1382 1701 1437; x_wconf 69' lang='grc' dir='ltr'>οὐδ’</span> <span class='ocrx_word' id='word_1_86' title='bbox 1752 1384 1805 1436; x_wconf 82' lang='grc' dir='ltr'>ἐκ</span> <span class='ocrx_word' id='word_1_87' title='bbox 1855 1394 1954 1436; x_wconf 84' lang='grc' dir='ltr'>τῶν</span> 
     </span>
    </p>
   </div>
   <div class='ocr_carea' id='block_1_13' title="bbox 344 1473 1949 1549">
    <p class='ocr_par' dir='ltr' id='par_1_13' title="bbox 344 1473 1949 1549">
     <span class='ocr_line' id='line_1_13' title="bbox 344 1473 1949 1549; baseline -0.002 -22"><span class='ocrx_word' id='word_1_88' title='bbox 344 1473 445 1528; x_wconf 79' lang='grc' dir='ltr'>δύο</span> <span class='ocrx_word' id='word_1_89' title='bbox 516 1478 634 1529; x_wconf 85' lang='grc' dir='ltr'>καθ’</span> <span class='ocrx_word' id='word_1_90' title='bbox 702 1479 999 1530; x_wconf 76' lang='grc' dir='ltr'>ὑπόστασιν</span> <span class='ocrx_word' id='word_1_91' title='bbox 1065 1480 1333 1549; x_wconf 78' lang='grc' dir='ltr'>ἡνωμένων</span> <span class='ocrx_word' id='word_1_92' title='bbox 1410 1478 1608 1547; x_wconf 77' lang='grc' dir='ltr'>φύσεων</span> <span class='ocrx_word' id='word_1_93' title='bbox 1673 1476 1949 1549; x_wconf 72' lang='grc' dir='ltr'>προσθήκη</span> 
     </span>
    </p>
   </div>
   <div class='ocr_carea' id='block_1_14' title="bbox 343 1565 1949 1639">
    <p class='ocr_par' dir='ltr' id='par_1_14' title="bbox 343 1565 1949 1639">
     <span class='ocr_line' id='line_1_14' title="bbox 343 1565 1949 1639; baseline -0.001 -22"><span class='ocrx_word' id='word_1_94' title='bbox 343 1573 638 1639; x_wconf 81' lang='grc' dir='ltr'>προσώπου</span> <span class='ocrx_word' id='word_1_95' title='bbox 693 1566 911 1638; x_wconf 80' lang='grc' dir='ltr'>ἐγένετο.</span> <span class='ocrx_word' id='word_1_96' title='bbox 988 1571 1125 1639; x_wconf 85' lang='grc' dir='ltr'>Πρὸς</span> <span class='ocrx_word' id='word_1_97' title='bbox 1199 1574 1325 1637; x_wconf 89' lang='grc' dir='ltr'>γοῦν</span> <span class='ocrx_word' id='word_1_98' title='bbox 1391 1568 1513 1627; x_wconf 89' lang='grc' dir='ltr'>τούς</span> <span class='ocrx_word' id='word_1_99' title='bbox 1576 1565 1818 1635; x_wconf 75' lang='grc' dir='ltr'>λέγοντας</span> <span class='ocrx_word' id='word_1_100' title='bbox 1879 1569 1949 1635; x_wconf 72' lang='grc' dir='ltr'>μὴ</span> 
     </span>
    </p>
   </div>
   <div class='ocr_carea' id='block_1_15' title="bbox 341 1652 1953 1729">
    <p class='ocr_par' dir='ltr' id='par_1_15' title="bbox 341 1652 1953 1729">
     <span class='ocr_line' id='line_1_15' title="bbox 341 1652 1953 1729; baseline -0.002 -22"><span class='ocrx_word' id='word_1_101' title='bbox 341 1652 476 1707; x_wconf 84' lang='grc' dir='ltr'>εἶναι</span> <span class='ocrx_word' id='word_1_102' title='bbox 554 1659 709 1727; x_wconf 77' lang='grc' dir='ltr'>φύσιν</span> <span class='ocrx_word' id='word_1_103' title='bbox 786 1655 1165 1723; x_wconf 79' lang='grc' dir='ltr'>ἀνυπόστατον,</span> <span class='ocrx_word' id='word_1_104' title='bbox 1241 1656 1423 1729; x_wconf 79' lang='grc' dir='ltr'>ρητεον</span> <span class='ocrx_word' id='word_1_105' title='bbox 1490 1656 1556 1716; x_wconf 78' lang='grc' dir='ltr'>ὡς</span> <span class='ocrx_word' id='word_1_106' title='bbox 1624 1652 1748 1706; x_wconf 68' lang='grc' dir='ltr'>οῦδὲ</span> <span class='ocrx_word' id='word_1_107' title='bbox 1805 1659 1953 1713; x_wconf 80' lang='grc' dir='ltr'>τόκος</span> 
     </span>
    </p>
   </div>
   <div class='ocr_carea' id='block_1_16' title="bbox 343 1741 1954 1820">
    <p class='ocr_par' dir='ltr' id='par_1_16' title="bbox 343 1741 1954 1820">
     <span class='ocr_line' id='line_1_16' title="bbox 343 1741 1954 1820; baseline -0.001 -25"><span class='ocrx_word' id='word_1_108' title='bbox 343 1744 489 1796; x_wconf 82' lang='grc' dir='ltr'>ἐστὶν</span> <span class='ocrx_word' id='word_1_109' title='bbox 517 1743 855 1820; x_wconf 72' lang='grc' dir='ltr'>διπρόσωπος.</span> <span class='ocrx_word' id='word_1_110' title='bbox 899 1747 1090 1798; x_wconf 81' lang='grc' dir='ltr'>Ἰστέον</span> <span class='ocrx_word' id='word_1_111' title='bbox 1119 1741 1178 1797; x_wconf 73' lang='grc' dir='ltr'>δὲ</span> <span class='ocrx_word' id='word_1_112' title='bbox 1223 1747 1290 1806; x_wconf 80' lang='grc' dir='ltr'>ὡς</span> <span class='ocrx_word' id='word_1_113' title='bbox 1335 1747 1384 1796; x_wconf 80' lang='grc' dir='ltr'>οἱ</span> <span class='ocrx_word' id='word_1_114' title='bbox 1423 1749 1546 1816; x_wconf 77' lang='grc' dir='ltr'>μίαν</span> <span class='ocrx_word' id='word_1_115' title='bbox 1586 1743 1672 1795; x_wconf 81' lang='grc' dir='ltr'>ἐπὶ</span> <span class='ocrx_word' id='word_1_116' title='bbox 1720 1749 1954 1816; x_wconf 82' lang='grc' dir='ltr'>Χριστοῦ</span> 
     </span>
    </p>
   </div>
   <div class='ocr_carea' id='block_1_17' title="bbox 1661 367 2389 423">
    <p class='ocr_par' dir='ltr' id='par_1_17' title="bbox 1661 367 2389 423">
     <span class='ocr_line' id='line_1_17' title="bbox 1661 367 2389 423; baseline -0.001 -1"><span class='ocrx_word' id='word_1_117' title='bbox 1661 367 2009 423; x_wconf 79' lang='lat' dir='ltr'>THESAURI</span> <span class='ocrx_word' id='word_1_118' title='bbox 2049 367 2182 422; x_wconf 76' lang='lat' dir='ltr'>LIB.</span> <span class='ocrx_word' id='word_1_119' title='bbox 2233 368 2389 423; x_wconf 85' lang='lat' dir='ltr'>XVII.</span> 
     </span>
    </p>
   </div>
   <div class='ocr_carea' id='block_1_18' title="bbox 1450 489 3230 569">
    <p class='ocr_par' dir='ltr' id='par_1_18' title="bbox 1450 489 3230 549">
     <span class='ocr_line' id='line_1_18' title="bbox 1450 489 3230 549; baseline 0.003 -5"><span class='ocrx_word' id='word_1_120' title='bbox 1450 496 1549 544; x_wconf 82' lang='grc' dir='ltr'>Καὶ</span> <span class='ocrx_word' id='word_1_121' title='bbox 1623 492 1949 543; x_wconf 78' lang='grc' dir='ltr'>κατασκιυά-</span> <span class='ocrx_word' id='word_1_122' title='bbox 1984 492 2029 545; x_wconf 79' lang='grc' dir='ltr'><strong>Α</strong></span> <span class='ocrx_word' id='word_1_123' title='bbox 2061 489 2213 545; x_wconf 90' lang='lat' dir='ltr'>dunt</span> <span class='ocrx_word' id='word_1_124' title='bbox 2242 490 2501 546; x_wconf 92' lang='lat' dir='ltr'>dicendo</span> <span class='ocrx_word' id='word_1_125' title='bbox 2532 506 2654 547; x_wconf 92' lang='lat' dir='ltr'>non</span> <span class='ocrx_word' id='word_1_126' title='bbox 2685 508 2815 547; x_wconf 90' lang='lat' dir='ltr'>esse</span> <span class='ocrx_word' id='word_1_127' title='bbox 2868 498 3147 549; x_wconf 87' lang='lat' dir='ltr'>naturam</span> <span class='ocrx_word' id='word_1_128' title='bbox 3207 512 3230 548; x_wconf 96' lang='lat' dir='ltr'>s</span> 
     </span>
    </p>
   </div>
   <div class='ocr_carea' id='block_1_19' title="bbox 1931 489 3711 569">
    <p class='ocr_par' dir='ltr' id='par_1_19' title="bbox 1931 489 3711 569">
     <span class='ocr_line' id='line_1_19' title="bbox 1931 489 3711 569; baseline 0.007 -26"><span class='ocrx_word' id='word_1_129' title='bbox 1931 522 1949 529; x_wconf 99' lang='lat'><em>-</em></span> <span class='ocrx_word' id='word_1_130' title='bbox 1984 492 2029 545; x_wconf 79' lang='grc' dir='ltr'><strong>Α</strong></span> <span class='ocrx_word' id='word_1_131' title='bbox 2061 489 2213 545; x_wconf 90' lang='lat' dir='ltr'>dunt</span> <span class='ocrx_word' id='word_1_132' title='bbox 2242 490 2501 546; x_wconf 91' lang='lat' dir='ltr'>dicendo</span> <span class='ocrx_word' id='word_1_133' title='bbox 2532 506 2654 547; x_wconf 93' lang='lat' dir='ltr'>non</span> <span class='ocrx_word' id='word_1_134' title='bbox 2685 508 2815 547; x_wconf 90' lang='lat' dir='ltr'>esse</span> <span class='ocrx_word' id='word_1_135' title='bbox 2868 498 3147 549; x_wconf 87' lang='lat' dir='ltr'>naturam</span> <span class='ocrx_word' id='word_1_136' title='bbox 3207 495 3335 550; x_wconf 89' lang='lat' dir='ltr'>sine</span> <span class='ocrx_word' id='word_1_137' title='bbox 3390 497 3711 569; x_wconf 83' lang='lat' dir='ltr'>hypostasi</span> 
     </span>
    </p>
   </div>
   <div class='ocr_carea' id='block_1_20' title="bbox 3612 380 3711 432">
    <p class='ocr_par' dir='ltr' id='par_1_20' title="bbox 3612 380 3711 432">
     <span class='ocr_line' id='line_1_20' title="bbox 3612 380 3711 432; baseline 0 -1"><span class='ocrx_word' id='word_1_138' title='bbox 3612 380 3711 432; x_wconf 75' lang='grc'>102</span> 
     </span>
    </p>
   </div>
   <div class='ocr_carea' id='block_1_21' title="bbox 2063 581 3714 653">
    <p class='ocr_par' dir='ltr' id='par_1_21' title="bbox 2063 581 3714 653">
     <span class='ocr_line' id='line_1_21' title="bbox 2063 581 3714 653; baseline 0.008 -22"><span class='ocrx_word' id='word_1_139' title='bbox 2063 594 2170 632; x_wconf 88' lang='lat' dir='ltr'>seu</span> <span class='ocrx_word' id='word_1_140' title='bbox 2238 594 2514 649; x_wconf 86' lang='lat' dir='ltr'>persona.</span> <span class='ocrx_word' id='word_1_141' title='bbox 2590 582 2716 635; x_wconf 86' lang='lat' dir='ltr'>Non</span> <span class='ocrx_word' id='word_1_142' title='bbox 2785 581 2944 635; x_wconf 87' lang='lat' dir='ltr'>enim</span> <span class='ocrx_word' id='word_1_143' title='bbox 3016 598 3153 653; x_wconf 65' lang='lat' dir='ltr'>quae</span> <span class='ocrx_word' id='word_1_144' title='bbox 3214 583 3273 637; x_wconf 94' lang='lat' dir='ltr'>in</span> <span class='ocrx_word' id='word_1_145' title='bbox 3334 585 3559 642; x_wconf 80' lang='lat' dir='ltr'>Christo</span> <span class='ocrx_word' id='word_1_146' title='bbox 3626 592 3714 644; x_wconf 82' lang='lat' dir='ltr'>est</span> 
     </span>
    </p>
   </div>
   <div class='ocr_carea' id='block_1_22' title="bbox 2060 666 3713 741">
    <p class='ocr_par' dir='ltr' id='par_1_22' title="bbox 2060 666 3713 741">
     <span class='ocr_line' id='line_1_22' title="bbox 2060 666 3713 741; baseline 0.008 -21"><span class='ocrx_word' id='word_1_147' title='bbox 2060 666 2330 722; x_wconf 86' lang='lat' dir='ltr'>humana</span> <span class='ocrx_word' id='word_1_148' title='bbox 2362 673 2599 733; x_wconf 86' lang='lat' dir='ltr'>natura,</span> <span class='ocrx_word' id='word_1_149' title='bbox 2644 670 2771 723; x_wconf 87' lang='lat' dir='ltr'>sine</span> <span class='ocrx_word' id='word_1_150' title='bbox 2802 669 3116 741; x_wconf 88' lang='lat' dir='ltr'>hypostasi</span> <span class='ocrx_word' id='word_1_151' title='bbox 3166 677 3273 737; x_wconf 89' lang='lat' dir='ltr'>est,</span> <span class='ocrx_word' id='word_1_152' title='bbox 3334 690 3472 729; x_wconf 90' lang='lat' dir='ltr'>cum</span> <span class='ocrx_word' id='word_1_153' title='bbox 3523 679 3713 733; x_wconf 86' lang='lat' dir='ltr'>Verbo</span> 
     </span>
    </p>
   </div>
   <div class='ocr_carea' id='block_1_23' title="bbox 2062 759 3710 837">
    <p class='ocr_par' dir='ltr' id='par_1_23' title="bbox 2062 759 3710 837">
     <span class='ocr_line' id='line_1_23' title="bbox 2062 759 3710 837; baseline 0.008 -29"><span class='ocrx_word' id='word_1_154' title='bbox 2062 762 2462 827; x_wconf 80' lang='lat' dir='ltr'>supponatur.</span> <span class='ocrx_word' id='word_1_155' title='bbox 2521 759 2652 811; x_wconf 68' lang='lat' dir='ltr'>Haec</span> <span class='ocrx_word' id='word_1_156' title='bbox 2709 764 2764 813; x_wconf 89' lang='lat' dir='ltr'>et</span> <span class='ocrx_word' id='word_1_157' title='bbox 2814 760 3041 829; x_wconf 86' lang='lat' dir='ltr'>opponi</span> <span class='ocrx_word' id='word_1_158' title='bbox 3073 766 3304 831; x_wconf 83' lang='lat' dir='ltr'>oportet</span> <span class='ocrx_word' id='word_1_159' title='bbox 3349 762 3425 818; x_wconf 90' lang='lat' dir='ltr'>ad</span> <span class='ocrx_word' id='word_1_160' title='bbox 3457 779 3528 820; x_wconf 90' lang='lat' dir='ltr'>ea</span> <span class='ocrx_word' id='word_1_161' title='bbox 3573 782 3710 837; x_wconf 62' lang='lat' dir='ltr'>quae</span> 
     </span>
    </p>
   </div>
   <div class='ocr_carea' id='block_1_24' title="bbox 2063 842 3712 914">
    <p class='ocr_par' dir='ltr' id='par_1_24' title="bbox 2063 842 3712 914">
     <span class='ocr_line' id='line_1_24' title="bbox 2063 842 3712 914; baseline 0.01 -19"><span class='ocrx_word' id='word_1_162' title='bbox 2063 842 2429 914; x_wconf 86' lang='lat' dir='ltr'>syllogistice</span> <span class='ocrx_word' id='word_1_163' title='bbox 2449 844 2658 900; x_wconf 90' lang='lat' dir='ltr'>dicunt</span> <span class='ocrx_word' id='word_1_164' title='bbox 2681 848 2942 901; x_wconf 80' lang='lat' dir='ltr'>Armenii</span> <span class='ocrx_word' id='word_1_165' title='bbox 2977 864 2988 899; x_wconf 91' lang='lat'><strong>:</strong></span> <span class='ocrx_word' id='word_1_166' title='bbox 3015 849 3543 913; x_wconf 84' lang='lat' dir='ltr'>Quemadmodum</span> <span class='ocrx_word' id='word_1_167' title='bbox 3576 854 3712 911; x_wconf 69' lang='lat' dir='ltr'>dum</span> 
     </span>
    </p>
   </div>
   <div class='ocr_carea' id='block_1_25' title="bbox 2064 932 3713 1004">
    <p class='ocr_par' dir='ltr' id='par_1_25' title="bbox 2064 932 3713 1004">
     <span class='ocr_line' id='line_1_25' title="bbox 2064 932 3713 1004; baseline 0.007 -16"><span class='ocrx_word' id='word_1_168' title='bbox 2064 932 2275 988; x_wconf 89' lang='lat' dir='ltr'>Christi</span> <span class='ocrx_word' id='word_1_169' title='bbox 2352 934 2792 1004; x_wconf 80' lang='lat' dir='ltr'>generationes,</span> <span class='ocrx_word' id='word_1_170' title='bbox 2850 935 2910 991; x_wconf 93' lang='lat' dir='ltr'>id</span> <span class='ocrx_word' id='word_1_171' title='bbox 2967 942 3073 1001; x_wconf 88' lang='lat' dir='ltr'>est,</span> <span class='ocrx_word' id='word_1_172' title='bbox 3144 944 3366 995; x_wconf 58' lang='lat' dir='ltr'>aeterna</span> <span class='ocrx_word' id='word_1_173' title='bbox 3418 958 3490 997; x_wconf 83' lang='lat' dir='ltr'>ex</span> <span class='ocrx_word' id='word_1_174' title='bbox 3550 946 3713 1000; x_wconf 84' lang='lat' dir='ltr'>Patre</span> 
     </span>
    </p>
   </div>
   <div class='ocr_carea' id='block_1_26' title="bbox 2067 1023 3715 1105">
    <p class='ocr_par' dir='ltr' id='par_1_26' title="bbox 2067 1023 3715 1105">
     <span class='ocr_line' id='line_1_26' title="bbox 2067 1023 3715 1105; baseline 0.009 -31"><span class='ocrx_word' id='word_1_175' title='bbox 2067 1023 2372 1089; x_wconf 79' lang='lat' dir='ltr'>generatio</span> <span class='ocrx_word' id='word_1_176' title='bbox 2402 1023 2736 1079; x_wconf 88' lang='lat' dir='ltr'>secundum</span> <span class='ocrx_word' id='word_1_177' title='bbox 2768 1024 3233 1097; x_wconf 85' lang='lat' dir='ltr'>divinitatem,et</span> <span class='ocrx_word' id='word_1_178' title='bbox 3253 1029 3311 1083; x_wconf 92' lang='lat' dir='ltr'>in</span> <span class='ocrx_word' id='word_1_179' title='bbox 3344 1029 3461 1085; x_wconf 88' lang='lat' dir='ltr'>ﬁne</span> <span class='ocrx_word' id='word_1_180' title='bbox 3488 1038 3715 1105; x_wconf 91' lang='lat' dir='ltr'>tempo-</span> 
     </span>
    </p>
   </div>
   <div class='ocr_carea' id='block_1_27' title="bbox 2066 1112 3714 1183">
    <p class='ocr_par' dir='ltr' id='par_1_27' title="bbox 2066 1112 3714 1183">
     <span class='ocr_line' id='line_1_27' title="bbox 2066 1112 3714 1183; baseline 0.008 -20"><span class='ocrx_word' id='word_1_181' title='bbox 2066 1125 2201 1164; x_wconf 89' lang='lat' dir='ltr'>rum</span> <span class='ocrx_word' id='word_1_182' title='bbox 2233 1126 2305 1165; x_wconf 80' lang='lat' dir='ltr'>ex</span> <span class='ocrx_word' id='word_1_183' title='bbox 2323 1112 2555 1180; x_wconf 83' lang='lat' dir='ltr'>Virgine</span> <span class='ocrx_word' id='word_1_184' title='bbox 2582 1113 2887 1183; x_wconf 84' lang='lat' dir='ltr'>generatio</span> <span class='ocrx_word' id='word_1_185' title='bbox 2919 1116 3252 1171; x_wconf 91' lang='lat' dir='ltr'>secundum</span> <span class='ocrx_word' id='word_1_186' title='bbox 3274 1116 3714 1177; x_wconf 83' lang='lat' dir='ltr'>humanitatem</span> 
     </span>
    </p>
   </div>
   <div class='ocr_carea' id='block_1_28' title="bbox 2067 1199 3717 1280">
    <p class='ocr_par' dir='ltr' id='par_1_28' title="bbox 2067 1199 3717 1280">
     <span class='ocr_line' id='line_1_28' title="bbox 2067 1199 3717 1280; baseline 0.007 -26"><span class='ocrx_word' id='word_1_187' title='bbox 2067 1199 2127 1254; x_wconf 92' lang='lat' dir='ltr'>in</span> <span class='ocrx_word' id='word_1_188' title='bbox 2156 1215 2277 1255; x_wconf 89' lang='lat' dir='ltr'>una</span> <span class='ocrx_word' id='word_1_189' title='bbox 2308 1199 2410 1254; x_wconf 90' lang='lat' dir='ltr'>Dei</span> <span class='ocrx_word' id='word_1_190' title='bbox 2434 1200 2599 1255; x_wconf 86' lang='lat' dir='ltr'>Verbi</span> <span class='ocrx_word' id='word_1_191' title='bbox 2626 1200 2940 1273; x_wconf 86' lang='lat' dir='ltr'>hypostasi</span> <span class='ocrx_word' id='word_1_192' title='bbox 2977 1204 3197 1259; x_wconf 74' lang='lat' dir='ltr'>habita:</span> <span class='ocrx_word' id='word_1_193' title='bbox 3226 1221 3343 1261; x_wconf 90' lang='lat' dir='ltr'>non</span> <span class='ocrx_word' id='word_1_194' title='bbox 3375 1208 3717 1280; x_wconf 83' lang='lat' dir='ltr'>hypostasis</span> 
     </span>
    </p>
   </div>
   <div class='ocr_carea' id='block_1_29' title="bbox 2068 1287 3718 1371">
    <p class='ocr_par' dir='ltr' id='par_1_29' title="bbox 2068 1287 3718 1371">
     <span class='ocr_line' id='line_1_29' title="bbox 2068 1287 3718 1371; baseline 0.008 -29"><span class='ocrx_word' id='word_1_195' title='bbox 2068 1287 2439 1344; x_wconf 89' lang='lat' dir='ltr'>additionem</span> <span class='ocrx_word' id='word_1_196' title='bbox 2494 1289 2780 1359; x_wconf 73' lang='lat' dir='ltr'>effecere;</span> <span class='ocrx_word' id='word_1_197' title='bbox 2837 1292 2920 1348; x_wconf 90' lang='lat' dir='ltr'>ita</span> <span class='ocrx_word' id='word_1_198' title='bbox 2962 1308 3159 1365; x_wconf 88' lang='lat' dir='ltr'>neque</span> <span class='ocrx_word' id='word_1_199' title='bbox 3201 1312 3274 1351; x_wconf 81' lang='lat' dir='ltr'>ex</span> <span class='ocrx_word' id='word_1_200' title='bbox 3321 1297 3562 1354; x_wconf 87' lang='lat' dir='ltr'>duabus</span> <span class='ocrx_word' id='word_1_201' title='bbox 3611 1316 3718 1371; x_wconf 89' lang='lat' dir='ltr'>per</span> 
     </span>
    </p>
   </div>
   <div class='ocr_carea' id='block_1_30' title="bbox 2064 1376 3717 1453">
    <p class='ocr_par' dir='ltr' id='par_1_30' title="bbox 2064 1376 3717 1453">
     <span class='ocr_line' id='line_1_30' title="bbox 2064 1376 3717 1453; baseline 0.008 -21"><span class='ocrx_word' id='word_1_202' title='bbox 2064 1376 2443 1448; x_wconf 81' lang='lat' dir='ltr'>hypostasim</span> <span class='ocrx_word' id='word_1_203' title='bbox 2495 1379 2675 1434; x_wconf 88' lang='lat' dir='ltr'>unitis</span> <span class='ocrx_word' id='word_1_204' title='bbox 2721 1382 2950 1437; x_wconf 90' lang='lat' dir='ltr'>naturis</span> <span class='ocrx_word' id='word_1_205' title='bbox 3007 1398 3279 1453; x_wconf 66' lang='lat' dir='ltr'>personae</span> <span class='ocrx_word' id='word_1_206' title='bbox 3311 1385 3469 1443; x_wconf 86' lang='lat' dir='ltr'>facta</span> <span class='ocrx_word' id='word_1_207' title='bbox 3495 1394 3585 1445; x_wconf 91' lang='lat' dir='ltr'>est</span> <span class='ocrx_word' id='word_1_208' title='bbox 3616 1390 3717 1446; x_wconf 89' lang='lat' dir='ltr'>ad-</span> 
     </span>
    </p>
   </div>
   <div class='ocr_carea' id='block_1_31' title="bbox 2066 1466 3718 1542">
    <p class='ocr_par' dir='ltr' id='par_1_31' title="bbox 2066 1466 3718 1542">
     <span class='ocr_line' id='line_1_31' title="bbox 2066 1466 3718 1542; baseline 0.009 -22"><span class='ocrx_word' id='word_1_209' title='bbox 2066 1466 2237 1521; x_wconf 88' lang='lat' dir='ltr'>ditio.</span> <span class='ocrx_word' id='word_1_210' title='bbox 2286 1467 2375 1521; x_wconf 83' lang='lat' dir='ltr'>Ad</span> <span class='ocrx_word' id='word_1_211' title='bbox 2406 1482 2510 1523; x_wconf 91' lang='lat' dir='ltr'>eos</span> <span class='ocrx_word' id='word_1_212' title='bbox 2570 1468 2750 1537; x_wconf 89' lang='lat' dir='ltr'>igitur</span> <span class='ocrx_word' id='word_1_213' title='bbox 2800 1471 2905 1542; x_wconf 87' lang='lat' dir='ltr'>qui</span> <span class='ocrx_word' id='word_1_214' title='bbox 2952 1471 3156 1528; x_wconf 91' lang='lat' dir='ltr'>dicunt</span> <span class='ocrx_word' id='word_1_215' title='bbox 3216 1490 3338 1529; x_wconf 92' lang='lat' dir='ltr'>non</span> <span class='ocrx_word' id='word_1_216' title='bbox 3369 1491 3500 1532; x_wconf 89' lang='lat' dir='ltr'>esse</span> <span class='ocrx_word' id='word_1_217' title='bbox 3543 1483 3718 1535; x_wconf 87' lang='lat' dir='ltr'>natu-</span> 
     </span>
    </p>
   </div>
   <div class='ocr_carea' id='block_1_32' title="bbox 2064 1554 3720 1639">
    <p class='ocr_par' dir='ltr' id='par_1_32' title="bbox 2064 1554 3720 1639">
     <span class='ocr_line' id='line_1_32' title="bbox 2064 1554 3720 1639; baseline 0.01 -31"><span class='ocrx_word' id='word_1_218' title='bbox 2064 1570 2196 1609; x_wconf 87' lang='lat' dir='ltr'>ram</span> <span class='ocrx_word' id='word_1_219' title='bbox 2263 1554 2495 1627; x_wconf 83' lang='lat' dir='ltr'>absque</span> <span class='ocrx_word' id='word_1_220' title='bbox 2561 1557 2896 1628; x_wconf 82' lang='lat' dir='ltr'>hypostasi,</span> <span class='ocrx_word' id='word_1_221' title='bbox 2956 1559 3280 1617; x_wconf 90' lang='lat' dir='ltr'>dicendum</span> <span class='ocrx_word' id='word_1_222' title='bbox 3342 1570 3454 1633; x_wconf 89' lang='lat' dir='ltr'>est,</span> <span class='ocrx_word' id='word_1_223' title='bbox 3522 1582 3720 1639; x_wconf 89' lang='lat' dir='ltr'>neque</span> 
     </span>
    </p>
   </div>
   <div class='ocr_carea' id='block_1_33' title="bbox 2068 1643 3723 1720">
    <p class='ocr_par' dir='ltr' id='par_1_33' title="bbox 2068 1643 3723 1720">
     <span class='ocr_line' id='line_1_33' title="bbox 2068 1643 3723 1720; baseline 0.009 -22"><span class='ocrx_word' id='word_1_224' title='bbox 2068 1643 2278 1699; x_wconf 89' lang='lat' dir='ltr'>Christi</span> <span class='ocrx_word' id='word_1_225' title='bbox 2310 1645 2758 1713; x_wconf 86' lang='lat' dir='ltr'>generationem</span> <span class='ocrx_word' id='word_1_226' title='bbox 2789 1646 3019 1720; x_wconf 88' lang='lat' dir='ltr'>absque</span> <span class='ocrx_word' id='word_1_227' title='bbox 3047 1665 3306 1720; x_wconf 85' lang='lat' dir='ltr'>persona</span> <span class='ocrx_word' id='word_1_228' title='bbox 3344 1669 3493 1710; x_wconf 90' lang='lat' dir='ltr'>esse.</span> <span class='ocrx_word' id='word_1_229' title='bbox 3526 1656 3723 1712; x_wconf 90' lang='lat' dir='ltr'>Scien-</span> 
     </span>
    </p>
   </div>
   <div class='ocr_carea' id='block_1_34' title="bbox 2068 1732 3721 1807">
    <p class='ocr_par' dir='ltr' id='par_1_34' title="bbox 2068 1732 3721 1807">
     <span class='ocr_line' id='line_1_34' title="bbox 2068 1732 3721 1807; baseline 0.009 -19"><span class='ocrx_word' id='word_1_230' title='bbox 2068 1732 2215 1789; x_wconf 90' lang='lat' dir='ltr'>dum</span> <span class='ocrx_word' id='word_1_231' title='bbox 2244 1750 2384 1790; x_wconf 90' lang='lat' dir='ltr'>vero</span> <span class='ocrx_word' id='word_1_232' title='bbox 2410 1751 2513 1790; x_wconf 91' lang='lat' dir='ltr'>eos</span> <span class='ocrx_word' id='word_1_233' title='bbox 2538 1736 2639 1807; x_wconf 90' lang='lat' dir='ltr'>qui</span> <span class='ocrx_word' id='word_1_234' title='bbox 2671 1736 2913 1792; x_wconf 89' lang='lat' dir='ltr'>unicam</span> <span class='ocrx_word' id='word_1_235' title='bbox 2946 1754 3076 1793; x_wconf 92' lang='lat' dir='ltr'>esse</span> <span class='ocrx_word' id='word_1_236' title='bbox 3098 1739 3158 1794; x_wconf 92' lang='lat' dir='ltr'>in</span> <span class='ocrx_word' id='word_1_237' title='bbox 3189 1739 3421 1799; x_wconf 87' lang='lat' dir='ltr'>Christo</span> <span class='ocrx_word' id='word_1_238' title='bbox 3442 1749 3721 1802; x_wconf 91' lang='lat' dir='ltr'>naturam</span> 
     </span>
    </p>
   </div>
   <div class='ocr_carea' id='block_1_35' title="bbox 344 1822 2124 1906">
    <p class='ocr_par' dir='ltr' id='par_1_35' title="bbox 344 1830 2124 1906">
     <span class='ocr_line' id='line_1_35' title="bbox 344 1830 2124 1906; baseline -0.002 -21"><span class='ocrx_word' id='word_1_239' title='bbox 344 1837 504 1905; x_wconf 73' lang='grc' dir='ltr'>φύσιν</span> <span class='ocrx_word' id='word_1_240' title='bbox 554 1830 861 1897; x_wconf 74' lang='grc' dir='ltr'>δοξάζοντες</span> <span class='ocrx_word' id='word_1_241' title='bbox 900 1836 928 1893; x_wconf 76' lang='grc' dir='ltr'><strong>ᾖ</strong></span> <span class='ocrx_word' id='word_1_242' title='bbox 971 1839 1064 1891; x_wconf 80' lang='grc' dir='ltr'>τὴν</span> <span class='ocrx_word' id='word_1_243' title='bbox 1101 1836 1349 1902; x_wconf 42' lang='grc' dir='ltr'>,θεότητα</span> <span class='ocrx_word' id='word_1_244' title='bbox 1372 1841 1634 1906; x_wconf 83' lang='grc' dir='ltr'>τραπῆναι</span> <span class='ocrx_word' id='word_1_245' title='bbox 1673 1841 1745 1893; x_wconf 85' lang='grc' dir='ltr'>εἰς</span> <span class='ocrx_word' id='word_1_246' title='bbox 1787 1834 1959 1904; x_wconf 83' lang='grc' dir='ltr'>σάρκα</span> <span class='ocrx_word' id='word_1_247' title='bbox 1993 1838 2029 1892; x_wconf 87' lang='grc' dir='ltr'>Β</span> <span class='ocrx_word' id='word_1_248' title='bbox 2068 1838 2124 1894; x_wconf 85' lang='lat'>0]</span> 
     </span>
    </p>
   </div>
   <div class='ocr_carea' id='block_1_36' title="bbox 1941 1822 3721 1906">
    <p class='ocr_par' dir='ltr' id='par_1_36' title="bbox 1941 1822 3721 1898">
     <span class='ocr_line' id='line_1_36' title="bbox 1941 1822 3721 1898; baseline 0.009 -22"><span class='ocrx_word' id='word_1_249' title='bbox 1941 1852 1959 1883; x_wconf 73' lang='grc' dir='ltr'>ι</span> <span class='ocrx_word' id='word_1_250' title='bbox 1993 1838 2029 1892; x_wconf 79' lang='grc' dir='ltr'>Β</span> <span class='ocrx_word' id='word_1_251' title='bbox 2068 1822 2412 1894; x_wconf 90' lang='lat' dir='ltr'>opinantur,</span> <span class='ocrx_word' id='word_1_252' title='bbox 2472 1830 2575 1880; x_wconf 89' lang='lat' dir='ltr'>aut</span> <span class='ocrx_word' id='word_1_253' title='bbox 2640 1826 2877 1898; x_wconf 84' lang='lat' dir='ltr'>opinari</span> <span class='ocrx_word' id='word_1_254' title='bbox 2933 1826 3304 1886; x_wconf 83' lang='lat' dir='ltr'>divinitatem</span> <span class='ocrx_word' id='word_1_255' title='bbox 3359 1833 3420 1887; x_wconf 91' lang='lat' dir='ltr'>in</span> <span class='ocrx_word' id='word_1_256' title='bbox 3477 1851 3721 1891; x_wconf 90' lang='lat' dir='ltr'>carnem</span> 
     </span>
    </p>
   </div>
   <div class='ocr_carea' id='block_1_37' title="bbox 348 1920 1959 1996">
    <p class='ocr_par' dir='ltr' id='par_1_37' title="bbox 348 1920 1959 1996">
     <span class='ocr_line' id='line_1_37' title="bbox 348 1920 1959 1996; baseline -0.001 -21"><span class='ocrx_word' id='word_1_257' title='bbox 348 1920 695 1989; x_wconf 76' lang='grc' dir='ltr'>δοξάζουσιν,</span> <span class='ocrx_word' id='word_1_258' title='bbox 744 1926 773 1981; x_wconf 81' lang='grc' dir='ltr'>ἡ</span> <span class='ocrx_word' id='word_1_259' title='bbox 831 1928 927 1981; x_wconf 83' lang='grc' dir='ltr'>τὴν</span> <span class='ocrx_word' id='word_1_260' title='bbox 969 1926 1141 1996; x_wconf 85' lang='grc' dir='ltr'>σάρκα</span> <span class='ocrx_word' id='word_1_261' title='bbox 1189 1924 1466 1994; x_wconf 79' lang='grc' dir='ltr'>ὁμοούσιον</span> <span class='ocrx_word' id='word_1_262' title='bbox 1523 1930 1585 1994; x_wconf 77' lang='grc' dir='ltr'>τῇ</span> <span class='ocrx_word' id='word_1_263' title='bbox 1646 1923 1850 1979; x_wconf 86' lang='grc' dir='ltr'>θεότητι</span> <span class='ocrx_word' id='word_1_264' title='bbox 1879 1940 1959 1992; x_wconf 85' lang='grc' dir='ltr'>γι-</span> 
     </span>
    </p>
   </div>
   <div class='ocr_carea' id='block_1_38' title="bbox 350 2008 1956 2088">
    <p class='ocr_par' dir='ltr' id='par_1_38' title="bbox 350 2008 1956 2088">
     <span class='ocr_line' id='line_1_38' title="bbox 350 2008 1956 2088; baseline -0.001 -25"><span class='ocrx_word' id='word_1_265' title='bbox 350 2014 561 2079; x_wconf 80' lang='grc' dir='ltr'>νέσθαι,</span> <span class='ocrx_word' id='word_1_266' title='bbox 611 2013 741 2088; x_wconf 81' lang='grc' dir='ltr'>ἅπερ</span> <span class='ocrx_word' id='word_1_267' title='bbox 790 2021 891 2066; x_wconf 84' lang='grc' dir='ltr'>τῶν</span> <span class='ocrx_word' id='word_1_268' title='bbox 937 2011 1225 2085; x_wconf 81' lang='grc' dir='ltr'>ἀμηχάνων</span> <span class='ocrx_word' id='word_1_269' title='bbox 1290 2016 1381 2064; x_wconf 87' lang='grc' dir='ltr'>καὶ</span> <span class='ocrx_word' id='word_1_270' title='bbox 1441 2008 1713 2063; x_wconf 75' lang='grc' dir='ltr'>ἀδυνάτων</span> <span class='ocrx_word' id='word_1_271' title='bbox 1770 2009 1909 2063; x_wconf 74' lang='grc' dir='ltr'>ἐστίν</span> <span class='ocrx_word' id='word_1_272' title='bbox 1944 2027 1956 2041; x_wconf 90' lang='grc'>·</span> 
     </span>
    </p>
   </div>
   <div class='ocr_carea' id='block_1_39' title="bbox 350 2097 1963 2176">
    <p class='ocr_par' dir='ltr' id='par_1_39' title="bbox 350 2097 1963 2176">
     <span class='ocr_line' id='line_1_39' title="bbox 350 2097 1963 2176; baseline 0 -24"><span class='ocrx_word' id='word_1_273' title='bbox 350 2101 394 2152; x_wconf 79' lang='grc' dir='ltr'>εἰ</span> <span class='ocrx_word' id='word_1_274' title='bbox 424 2097 483 2153; x_wconf 72' lang='grc' dir='ltr'>δε</span> <span class='ocrx_word' id='word_1_275' title='bbox 503 2098 790 2176; x_wconf 77' lang='grc' dir='ltr'>μηδέτερον</span> <span class='ocrx_word' id='word_1_276' title='bbox 829 2105 1046 2169; x_wconf 87' lang='grc' dir='ltr'>τούτων,</span> <span class='ocrx_word' id='word_1_277' title='bbox 1080 2102 1228 2174; x_wconf 80' lang='grc' dir='ltr'>ἑτέρα</span> <span class='ocrx_word' id='word_1_278' title='bbox 1258 2103 1459 2162; x_wconf 88' lang='grc' dir='ltr'>πάντως</span> <span class='ocrx_word' id='word_1_279' title='bbox 1497 2106 1587 2153; x_wconf 80' lang='grc' dir='ltr'>καὶ</span> <span class='ocrx_word' id='word_1_280' title='bbox 1622 2101 1769 2173; x_wconf 83' lang='grc' dir='ltr'>ἑτέρα</span> <span class='ocrx_word' id='word_1_281' title='bbox 1807 2103 1963 2173; x_wconf 77' lang='grc' dir='ltr'>φύσις</span> 
     </span>
    </p>
   </div>
   <div class='ocr_carea' id='block_1_40' title="bbox 350 2189 674 2263">
    <p class='ocr_par' dir='ltr' id='par_1_40' title="bbox 350 2189 674 2263">
     <span class='ocr_line' id='line_1_40' title="bbox 350 2189 674 2263; baseline 0.015 -23"><span class='ocrx_word' id='word_1_282' title='bbox 350 2189 403 2241; x_wconf 85' lang='grc' dir='ltr'>ἐν</span> <span class='ocrx_word' id='word_1_283' title='bbox 436 2198 674 2263; x_wconf 74' lang='grc' dir='ltr'>Χριστῷ.</span> 
     </span>
    </p>
   </div>
   <div class='ocr_carea' id='block_1_41' title="bbox 427 2329 1960 2407">
    <p class='ocr_par' dir='ltr' id='par_1_41' title="bbox 427 2329 1960 2407">
     <span class='ocr_line' id='line_1_41' title="bbox 427 2329 1960 2407; baseline -0.001 -22"><span class='ocrx_word' id='word_1_284' title='bbox 427 2333 513 2405; x_wconf 85' lang='grc' dir='ltr'>ιγ’.</span> <span class='ocrx_word' id='word_1_285' title='bbox 550 2332 665 2386; x_wconf 87' lang='grc' dir='ltr'>Ἐτι</span> <span class='ocrx_word' id='word_1_286' title='bbox 724 2333 767 2386; x_wconf 81' lang='grc' dir='ltr'>εὶ</span> <span class='ocrx_word' id='word_1_287' title='bbox 823 2336 958 2386; x_wconf 83' lang='grc' dir='ltr'>κατὰ</span> <span class='ocrx_word' id='word_1_288' title='bbox 1002 2332 1222 2407; x_wconf 80' lang='grc' dir='ltr'>ἀριθμὸν</span> <span class='ocrx_word' id='word_1_289' title='bbox 1267 2342 1366 2386; x_wconf 86' lang='grc' dir='ltr'>τῶν</span> <span class='ocrx_word' id='word_1_290' title='bbox 1407 2336 1606 2406; x_wconf 80' lang='grc' dir='ltr'>φύσεων</span> <span class='ocrx_word' id='word_1_291' title='bbox 1661 2329 1960 2386; x_wconf 76' lang='grc' dir='ltr'>διδάσκου-</span> 
     </span>
    </p>
   </div>
   <div class='ocr_carea' id='block_1_42' title="bbox 352 2418 1960 2496">
    <p class='ocr_par' dir='ltr' id='par_1_42' title="bbox 352 2418 1960 2496">
     <span class='ocr_line' id='line_1_42' title="bbox 352 2418 1960 2496; baseline -0.001 -21"><span class='ocrx_word' id='word_1_292' title='bbox 352 2443 437 2475; x_wconf 87' lang='grc' dir='ltr'>σιν</span> <span class='ocrx_word' id='word_1_293' title='bbox 488 2419 617 2474; x_wconf 83' lang='grc' dir='ltr'>εἷναι</span> <span class='ocrx_word' id='word_1_294' title='bbox 665 2428 754 2474; x_wconf 80' lang='grc' dir='ltr'>καὶ</span> <span class='ocrx_word' id='word_1_295' title='bbox 802 2425 865 2474; x_wconf 81' lang='grc' dir='ltr'>τὰ</span> <span class='ocrx_word' id='word_1_296' title='bbox 894 2426 1154 2496; x_wconf 84' lang='grc' dir='ltr'>πρόσωπα</span> <span class='ocrx_word' id='word_1_297' title='bbox 1191 2428 1280 2475; x_wconf 82' lang='grc' dir='ltr'>καὶ</span> <span class='ocrx_word' id='word_1_298' title='bbox 1320 2426 1376 2475; x_wconf 87' lang='grc' dir='ltr'>τὸ</span> <span class='ocrx_word' id='word_1_299' title='bbox 1418 2422 1655 2495; x_wconf 76' lang='grc' dir='ltr'>ἔμπαλιν,</span> <span class='ocrx_word' id='word_1_300' title='bbox 1688 2427 1777 2474; x_wconf 83' lang='grc' dir='ltr'>καὶ</span> <span class='ocrx_word' id='word_1_301' title='bbox 1825 2418 1960 2496; x_wconf 85' lang='grc' dir='ltr'>τρεῖς</span> 
     </span>
    </p>
   </div>
   <div class='ocr_carea' id='block_1_43' title="bbox 350 2508 1961 2584">
    <p class='ocr_par' dir='ltr' id='par_1_43' title="bbox 350 2508 1961 2584">
     <span class='ocr_line' id='line_1_43' title="bbox 350 2508 1961 2584; baseline -0.001 -20"><span class='ocrx_word' id='word_1_302' title='bbox 350 2514 459 2583; x_wconf 82' lang='grc' dir='ltr'>ἄρα</span> <span class='ocrx_word' id='word_1_303' title='bbox 498 2515 679 2583; x_wconf 75' lang='grc' dir='ltr'>φύσεις</span> <span class='ocrx_word' id='word_1_304' title='bbox 718 2510 801 2563; x_wconf 82' lang='grc' dir='ltr'>ἐπὶ</span> <span class='ocrx_word' id='word_1_305' title='bbox 854 2520 945 2572; x_wconf 74' lang='grc' dir='ltr'>τῆς</span> <span class='ocrx_word' id='word_1_306' title='bbox 985 2512 1140 2582; x_wconf 81' lang='grc' dir='ltr'>ἁγίας</span> <span class='ocrx_word' id='word_1_307' title='bbox 1170 2508 1398 2584; x_wconf 76' lang='grc' dir='ltr'>Τριάὸος</span> <span class='ocrx_word' id='word_1_308' title='bbox 1432 2512 1764 2583; x_wconf 85' lang='grc' dir='ltr'>εἰσενέγκωσι</span> <span class='ocrx_word' id='word_1_309' title='bbox 1815 2531 1961 2584; x_wconf 88' lang='grc' dir='ltr'>τρισ-</span> 
     </span>
    </p>
   </div>
   <div class='ocr_carea' id='block_1_44' title="bbox 348 2600 1961 2674">
    <p class='ocr_par' dir='ltr' id='par_1_44' title="bbox 348 2600 1961 2674">
     <span class='ocr_line' id='line_1_44' title="bbox 348 2600 1961 2674; baseline -0.001 -21"><span class='ocrx_word' id='word_1_310' title='bbox 348 2604 657 2653; x_wconf 88' lang='grc' dir='ltr'>υποστάτου</span> <span class='ocrx_word' id='word_1_311' title='bbox 708 2604 870 2661; x_wconf 72' lang='grc' dir='ltr'>οὔσης</span> <span class='ocrx_word' id='word_1_312' title='bbox 914 2622 925 2634; x_wconf 89' lang='grc'><strong>·</strong></span> <span class='ocrx_word' id='word_1_313' title='bbox 996 2601 1024 2660; x_wconf 78' lang='grc' dir='ltr'>ᾖ</span> <span class='ocrx_word' id='word_1_314' title='bbox 1091 2605 1148 2653; x_wconf 90' lang='grc' dir='ltr'>τό</span> <span class='ocrx_word' id='word_1_315' title='bbox 1190 2600 1439 2654; x_wconf 84' lang='grc' dir='ltr'>ἀνάπαλιν</span> <span class='ocrx_word' id='word_1_316' title='bbox 1495 2605 1620 2674; x_wconf 86' lang='grc' dir='ltr'>μίαν</span> <span class='ocrx_word' id='word_1_317' title='bbox 1670 2604 1961 2653; x_wconf 73' lang='grc' dir='ltr'>ὑπόστασιν</span> 
     </span>
    </p>
   </div>
   <div class='ocr_carea' id='block_1_45' title="bbox 351 2687 1963 2763">
    <p class='ocr_par' dir='ltr' id='par_1_45' title="bbox 351 2687 1963 2763">
     <span class='ocr_line' id='line_1_45' title="bbox 351 2687 1963 2763; baseline 0.001 -21"><span class='ocrx_word' id='word_1_318' title='bbox 351 2695 544 2742; x_wconf 81' lang='grc' dir='ltr'>εἴπωσι</span> <span class='ocrx_word' id='word_1_319' title='bbox 579 2687 674 2742; x_wconf 76' lang='grc' dir='ltr'>διὰ</span> <span class='ocrx_word' id='word_1_320' title='bbox 720 2694 779 2742; x_wconf 87' lang='grc' dir='ltr'>τό</span> <span class='ocrx_word' id='word_1_321' title='bbox 822 2687 1060 2743; x_wconf 79' lang='grc' dir='ltr'>ἑναὸικόν</span> <span class='ocrx_word' id='word_1_322' title='bbox 1104 2699 1194 2751; x_wconf 79' lang='grc' dir='ltr'>τῆς</span> <span class='ocrx_word' id='word_1_323' title='bbox 1226 2694 1448 2763; x_wconf 75' lang='grc' dir='ltr'>φύσεως.</span> <span class='ocrx_word' id='word_1_324' title='bbox 1493 2698 1575 2743; x_wconf 88' lang='grc' dir='ltr'>Δεῖ</span> <span class='ocrx_word' id='word_1_325' title='bbox 1612 2688 1670 2743; x_wconf 77' lang='grc' dir='ltr'>δὲ</span> <span class='ocrx_word' id='word_1_326' title='bbox 1697 2696 1963 2743; x_wconf 81' lang='grc' dir='ltr'>καὶτοῦτο</span> 
     </span>
    </p>
   </div>
   <div class='ocr_carea' id='block_1_46' title="bbox 353 2776 1963 2853">
    <p class='ocr_par' dir='ltr' id='par_1_46' title="bbox 353 2776 1963 2853">
     <span class='ocr_line' id='line_1_46' title="bbox 353 2776 1963 2853; baseline 0 -22"><span class='ocrx_word' id='word_1_327' title='bbox 353 2776 555 2836; x_wconf 68' lang='grc' dir='ltr'>εἰδέναι</span> <span class='ocrx_word' id='word_1_328' title='bbox 611 2781 680 2840; x_wconf 82' lang='grc' dir='ltr'>ὡς</span> <span class='ocrx_word' id='word_1_329' title='bbox 728 2781 778 2830; x_wconf 81' lang='grc' dir='ltr'>οἱ</span> <span class='ocrx_word' id='word_1_330' title='bbox 825 2778 1123 2831; x_wconf 79' lang='grc' dir='ltr'>Ἰακωϐῖται</span> <span class='ocrx_word' id='word_1_331' title='bbox 1172 2784 1261 2831; x_wconf 81' lang='grc' dir='ltr'>καὶ</span> <span class='ocrx_word' id='word_1_332' title='bbox 1309 2782 1358 2831; x_wconf 83' lang='grc' dir='ltr'>οὶ</span> <span class='ocrx_word' id='word_1_333' title='bbox 1421 2780 1683 2853; x_wconf 74' lang='grc' dir='ltr'>Ἀρμένιοι</span> <span class='ocrx_word' id='word_1_334' title='bbox 1737 2782 1835 2851; x_wconf 83' lang='grc' dir='ltr'>πρὸ</span> <span class='ocrx_word' id='word_1_335' title='bbox 1875 2782 1963 2851; x_wconf 76' lang='grc' dir='ltr'>μὲν</span> 
     </span>
    </p>
   </div>
   <div class='ocr_carea' id='block_1_47' title="bbox 351 2865 1961 2941">
    <p class='ocr_par' dir='ltr' id='par_1_47' title="bbox 351 2865 1961 2941">
     <span class='ocr_line' id='line_1_47' title="bbox 351 2865 1961 2941; baseline -0.001 -20"><span class='ocrx_word' id='word_1_336' title='bbox 351 2877 452 2931; x_wconf 78' lang='grc' dir='ltr'>τῆς</span> <span class='ocrx_word' id='word_1_337' title='bbox 514 2868 743 2928; x_wconf 78' lang='grc' dir='ltr'>ἐνωσεως</span> <span class='ocrx_word' id='word_1_338' title='bbox 800 2865 896 2920; x_wconf 77' lang='grc' dir='ltr'>δύο</span> <span class='ocrx_word' id='word_1_339' title='bbox 937 2871 1119 2940; x_wconf 74' lang='grc' dir='ltr'>φύσεις</span> <span class='ocrx_word' id='word_1_340' title='bbox 1172 2867 1255 2920; x_wconf 84' lang='grc' dir='ltr'>ἐπὶ</span> <span class='ocrx_word' id='word_1_341' title='bbox 1314 2876 1546 2941; x_wconf 82' lang='grc' dir='ltr'>Χριστοῦ</span> <span class='ocrx_word' id='word_1_342' title='bbox 1592 2870 1908 2941; x_wconf 72' lang='grc' dir='ltr'>ὁμολογοῦσι</span> <span class='ocrx_word' id='word_1_343' title='bbox 1950 2886 1961 2896; x_wconf 94' lang='grc'><strong>·</strong></span> 
     </span>
    </p>
   </div>
   <div class='ocr_carea' id='block_1_48' title="bbox 355 2953 1966 3030">
    <p class='ocr_par' dir='ltr' id='par_1_48' title="bbox 355 2953 1966 3030">
     <span class='ocr_line' id='line_1_48' title="bbox 355 2953 1966 3030; baseline 0 -21"><span class='ocrx_word' id='word_1_344' title='bbox 355 2961 490 3030; x_wconf 79' lang='grc' dir='ltr'>μετα</span> <span class='ocrx_word' id='word_1_345' title='bbox 539 2953 597 3009; x_wconf 71' lang='grc' dir='ltr'>δὲ</span> <span class='ocrx_word' id='word_1_346' title='bbox 650 2962 743 3015; x_wconf 70' lang='grc' dir='ltr'>τὴν</span> <span class='ocrx_word' id='word_1_347' title='bbox 810 2958 990 3009; x_wconf 80' lang='grc' dir='ltr'>ἕνωσιν</span> <span class='ocrx_word' id='word_1_348' title='bbox 1031 2963 1149 3029; x_wconf 83' lang='grc' dir='ltr'>μίαν</span> <span class='ocrx_word' id='word_1_349' title='bbox 1200 2960 1441 3009; x_wconf 85' lang='grc' dir='ltr'>σύνθετον</span> <span class='ocrx_word' id='word_1_350' title='bbox 1507 2962 1821 3030; x_wconf 81' lang='grc' dir='ltr'>συγχέοντες</span> <span class='ocrx_word' id='word_1_351' title='bbox 1868 2957 1966 3030; x_wconf 74' lang='grc' dir='ltr'>ἀμ-</span> 
     </span>
    </p>
   </div>
   <div class='ocr_carea' id='block_1_49' title="bbox 358 3044 1971 3121">
    <p class='ocr_par' dir='ltr' id='par_1_49' title="bbox 358 3044 1971 3121">
     <span class='ocr_line' id='line_1_49' title="bbox 358 3044 1971 3121; baseline 0 -23"><span class='ocrx_word' id='word_1_352' title='bbox 358 3052 577 3121; x_wconf 64' lang='grc' dir='ltr'>φοτέρας</span> <span class='ocrx_word' id='word_1_353' title='bbox 632 3051 724 3105; x_wconf 78' lang='grc' dir='ltr'>τήν</span> <span class='ocrx_word' id='word_1_354' title='bbox 766 3066 820 3098; x_wconf 86' lang='grc' dir='ltr'>τε</span> <span class='ocrx_word' id='word_1_355' title='bbox 879 3049 1016 3098; x_wconf 83' lang='grc' dir='ltr'>θείαν</span> <span class='ocrx_word' id='word_1_356' title='bbox 1070 3052 1160 3099; x_wconf 87' lang='grc' dir='ltr'>καὶ</span> <span class='ocrx_word' id='word_1_357' title='bbox 1199 3051 1293 3104; x_wconf 77' lang='grc' dir='ltr'>τὴν</span> <span class='ocrx_word' id='word_1_358' title='bbox 1346 3046 1693 3120; x_wconf 73' lang='grc' dir='ltr'>ἀνθρωπίνην,</span> <span class='ocrx_word' id='word_1_359' title='bbox 1747 3053 1837 3099; x_wconf 85' lang='grc' dir='ltr'>καὶ</span> <span class='ocrx_word' id='word_1_360' title='bbox 1877 3044 1971 3099; x_wconf 72' lang='grc' dir='ltr'>διὰ</span> 
     </span>
    </p>
   </div>
   <div class='ocr_carea' id='block_1_50' title="bbox 356 3133 1970 3209">
    <p class='ocr_par' dir='ltr' id='par_1_50' title="bbox 356 3133 1970 3209">
     <span class='ocr_line' id='line_1_50' title="bbox 356 3133 1970 3209; baseline 0 -22"><span class='ocrx_word' id='word_1_361' title='bbox 356 3143 518 3188; x_wconf 85' lang='grc' dir='ltr'>τοῦτο</span> <span class='ocrx_word' id='word_1_362' title='bbox 564 3142 653 3187; x_wconf 76' lang='grc' dir='ltr'>καὶ</span> <span class='ocrx_word' id='word_1_363' title='bbox 689 3141 813 3207; x_wconf 82' lang='grc' dir='ltr'>μίαν</span> <span class='ocrx_word' id='word_1_364' title='bbox 855 3139 1008 3207; x_wconf 73' lang='grc' dir='ltr'>φύσιν</span> <span class='ocrx_word' id='word_1_365' title='bbox 1036 3136 1384 3209; x_wconf 68' lang='grc' dir='ltr'>ὀνομάζουσιν</span> <span class='ocrx_word' id='word_1_366' title='bbox 1418 3158 1430 3168; x_wconf 79' lang='grc'><strong>’</strong></span> <span class='ocrx_word' id='word_1_367' title='bbox 1475 3138 1585 3188; x_wconf 81' lang='grc' dir='ltr'>ὅθεν</span> <span class='ocrx_word' id='word_1_368' title='bbox 1642 3143 1729 3189; x_wconf 85' lang='grc' dir='ltr'>καὶ</span> <span class='ocrx_word' id='word_1_369' title='bbox 1768 3133 1970 3188; x_wconf 76' lang='grc' dir='ltr'>δικαιο-</span> 
     </span>
    </p>
   </div>
   <div class='ocr_carea' id='block_1_51' title="bbox 357 3223 1976 3299">
    <p class='ocr_par' dir='ltr' id='par_1_51' title="bbox 357 3223 1976 3299">
     <span class='ocr_line' id='line_1_51' title="bbox 357 3223 1976 3299; baseline 0 -23"><span class='ocrx_word' id='word_1_370' title='bbox 357 3225 667 3297; x_wconf 80' lang='grc' dir='ltr'>λογούμενοι</span> <span class='ocrx_word' id='word_1_371' title='bbox 717 3229 846 3299; x_wconf 87' lang='grc' dir='ltr'>πρός</span> <span class='ocrx_word' id='word_1_372' title='bbox 899 3229 1019 3287; x_wconf 79' lang='grc' dir='ltr'>τούς</span> <span class='ocrx_word' id='word_1_373' title='bbox 1070 3224 1313 3297; x_wconf 81' lang='grc' dir='ltr'>λέγοντας</span> <span class='ocrx_word' id='word_1_374' title='bbox 1369 3225 1592 3287; x_wconf 73' lang='grc' dir='ltr'>εύσεϐῶς</span> <span class='ocrx_word' id='word_1_375' title='bbox 1638 3223 1733 3278; x_wconf 70' lang='grc' dir='ltr'>δύο</span> <span class='ocrx_word' id='word_1_376' title='bbox 1802 3229 1976 3298; x_wconf 66' lang='grc' dir='ltr'>φύσεις</span> 
     </span>
    </p>
   </div>
   <div class='ocr_carea' id='block_1_52' title="bbox 361 3312 1976 3388">
    <p class='ocr_par' dir='ltr' id='par_1_52' title="bbox 361 3312 1976 3388">
     <span class='ocr_line' id='line_1_52' title="bbox 361 3312 1976 3388; baseline 0.001 -22"><span class='ocrx_word' id='word_1_377' title='bbox 361 3314 450 3366; x_wconf 81' lang='grc' dir='ltr'>ἐπὶ</span> <span class='ocrx_word' id='word_1_378' title='bbox 520 3321 778 3387; x_wconf 77' lang='grc' dir='ltr'>Χριστοῦ,</span> <span class='ocrx_word' id='word_1_379' title='bbox 817 3314 1029 3387; x_wconf 84' lang='grc' dir='ltr'>λέγουσι</span> <span class='ocrx_word' id='word_1_380' title='bbox 1086 3320 1155 3388; x_wconf 82' lang='grc' dir='ltr'><em>μὴ</em></span> <span class='ocrx_word' id='word_1_381' title='bbox 1219 3312 1348 3367; x_wconf 82' lang='grc' dir='ltr'>εἶναι</span> <span class='ocrx_word' id='word_1_382' title='bbox 1407 3318 1561 3388; x_wconf 76' lang='grc' dir='ltr'>φύσιν</span> <span class='ocrx_word' id='word_1_383' title='bbox 1622 3314 1976 3369; x_wconf 79' lang='grc' dir='ltr'>ἀνυπόστατον</span> 
     </span>
    </p>
   </div>
   <div class='ocr_carea' id='block_1_53' title="bbox 363 3402 1979 3478">
    <p class='ocr_par' dir='ltr' id='par_1_53' title="bbox 363 3402 1979 3478">
     <span class='ocr_line' id='line_1_53' title="bbox 363 3402 1979 3478; baseline 0.002 -23"><span class='ocrx_word' id='word_1_384' title='bbox 363 3409 481 3461; x_wconf 76' lang='grc' dir='ltr'>ἦτοι</span> <span class='ocrx_word' id='word_1_385' title='bbox 532 3403 848 3478; x_wconf 78' lang='grc' dir='ltr'>ἁπρόσωπον</span> <span class='ocrx_word' id='word_1_386' title='bbox 893 3426 905 3437; x_wconf 86' lang='grc'><strong>·</strong></span> <span class='ocrx_word' id='word_1_387' title='bbox 975 3410 1064 3456; x_wconf 86' lang='grc' dir='ltr'>καὶ</span> <span class='ocrx_word' id='word_1_388' title='bbox 1116 3408 1183 3466; x_wconf 83' lang='grc' dir='ltr'>ὡς</span> <span class='ocrx_word' id='word_1_389' title='bbox 1228 3411 1276 3457; x_wconf 82' lang='lat' dir='ltr'><strong>0i</strong></span> <span class='ocrx_word' id='word_1_390' title='bbox 1317 3408 1597 3477; x_wconf 72' lang='grc' dir='ltr'>φάσκοντες</span> <span class='ocrx_word' id='word_1_391' title='bbox 1653 3402 1747 3458; x_wconf 75' lang='grc' dir='ltr'>δύο</span> <span class='ocrx_word' id='word_1_392' title='bbox 1798 3409 1979 3478; x_wconf 74' lang='grc' dir='ltr'>φύσεις</span> 
     </span>
    </p>
   </div>
   <div class='ocr_carea' id='block_1_54' title="bbox 362 3490 1976 3568">
    <p class='ocr_par' dir='ltr' id='par_1_54' title="bbox 362 3490 1976 3568">
     <span class='ocr_line' id='line_1_54' title="bbox 362 3490 1976 3568; baseline 0.002 -24"><span class='ocrx_word' id='word_1_393' title='bbox 362 3492 451 3545; x_wconf 80' lang='grc' dir='ltr'>ἐπὶ</span> <span class='ocrx_word' id='word_1_394' title='bbox 492 3501 731 3568; x_wconf 79' lang='grc' dir='ltr'>Χριστοῦ</span> <span class='ocrx_word' id='word_1_395' title='bbox 774 3499 865 3546; x_wconf 80' lang='grc' dir='ltr'>καὶ</span> <span class='ocrx_word' id='word_1_396' title='bbox 910 3490 1007 3545; x_wconf 75' lang='grc' dir='ltr'>δύο</span> <span class='ocrx_word' id='word_1_397' title='bbox 1055 3496 1374 3556; x_wconf 73' lang='grc' dir='ltr'>ὑποστάσεις</span> <span class='ocrx_word' id='word_1_398' title='bbox 1406 3496 1683 3567; x_wconf 87' lang='grc' dir='ltr'>εἰσάγουσι</span> <span class='ocrx_word' id='word_1_399' title='bbox 1722 3499 1857 3547; x_wconf 83' lang='grc' dir='ltr'>κατὰ</span> <span class='ocrx_word' id='word_1_400' title='bbox 1890 3500 1976 3547; x_wconf 89' lang='grc' dir='ltr'>τὸν</span> 
     </span>
    </p>
   </div>
   <div class='ocr_carea' id='block_1_55' title="bbox 358 3583 1978 3659">
    <p class='ocr_par' dir='ltr' id='par_1_55' title="bbox 358 3583 1978 3659">
     <span class='ocr_line' id='line_1_55' title="bbox 358 3583 1978 3659; baseline 0.001 -24"><span class='ocrx_word' id='word_1_401' title='bbox 358 3588 669 3656; x_wconf 77' lang='grc' dir='ltr'>Νεστόριον,</span> <span class='ocrx_word' id='word_1_402' title='bbox 701 3588 789 3635; x_wconf 83' lang='grc' dir='ltr'>καὶ</span> <span class='ocrx_word' id='word_1_403' title='bbox 829 3583 1003 3635; x_wconf 74' lang='grc' dir='ltr'>ούκέτι</span> <span class='ocrx_word' id='word_1_404' title='bbox 1057 3588 1177 3656; x_wconf 88' lang='grc' dir='ltr'>τρία</span> <span class='ocrx_word' id='word_1_405' title='bbox 1216 3588 1471 3659; x_wconf 83' lang='grc' dir='ltr'>πρόσωπα</span> <span class='ocrx_word' id='word_1_406' title='bbox 1525 3589 1639 3643; x_wconf 77' lang='grc' dir='ltr'>ἤτοι</span> <span class='ocrx_word' id='word_1_407' title='bbox 1677 3593 1813 3659; x_wconf 87' lang='grc' dir='ltr'>τρεῖς</span> <span class='ocrx_word' id='word_1_408' title='bbox 1845 3587 1978 3637; x_wconf 85' lang='grc' dir='ltr'>ύπο-</span> 
     </span>
    </p>
   </div>
   <div class='ocr_carea' id='block_1_56' title="bbox 363 3672 1980 3750">
    <p class='ocr_par' dir='ltr' id='par_1_56' title="bbox 363 3672 1980 3750">
     <span class='ocr_line' id='line_1_56' title="bbox 363 3672 1980 3750; baseline 0.002 -26"><span class='ocrx_word' id='word_1_409' title='bbox 363 3674 581 3732; x_wconf 83' lang='grc' dir='ltr'>στάσεις</span> <span class='ocrx_word' id='word_1_410' title='bbox 648 3674 980 3746; x_wconf 68' lang='grc' dir='ltr'>εὑρίσκονται</span> <span class='ocrx_word' id='word_1_411' title='bbox 1041 3673 1269 3745; x_wconf 80' lang='grc' dir='ltr'>λέγοντες</span> <span class='ocrx_word' id='word_1_412' title='bbox 1325 3672 1408 3725; x_wconf 84' lang='grc' dir='ltr'>ἐπὶ</span> <span class='ocrx_word' id='word_1_413' title='bbox 1456 3682 1551 3736; x_wconf 77' lang='grc' dir='ltr'>τῆς</span> <span class='ocrx_word' id='word_1_414' title='bbox 1618 3674 1772 3747; x_wconf 81' lang='grc' dir='ltr'>ἁγίας</span> <span class='ocrx_word' id='word_1_415' title='bbox 1824 3677 1980 3750; x_wconf 84' lang='grc' dir='ltr'>Τριά-</span> 
     </span>
    </p>
   </div>
   <div class='ocr_carea' id='block_1_57' title="bbox 362 3758 1971 3837">
    <p class='ocr_par' dir='ltr' id='par_1_57' title="bbox 362 3758 1971 3837">
     <span class='ocr_line' id='line_1_57' title="bbox 362 3758 1971 3837; baseline 0.001 -23"><span class='ocrx_word' id='word_1_416' title='bbox 362 3758 479 3831; x_wconf 79' lang='grc' dir='ltr'>δος,</span> <span class='ocrx_word' id='word_1_417' title='bbox 524 3760 653 3813; x_wconf 73' lang='grc' dir='ltr'>ἀλλὰ</span> <span class='ocrx_word' id='word_1_418' title='bbox 693 3767 782 3814; x_wconf 86' lang='grc' dir='ltr'>καὶ</span> <span class='ocrx_word' id='word_1_419' title='bbox 812 3766 1094 3837; x_wconf 84' lang='grc' dir='ltr'>τέσσαρας.</span> <span class='ocrx_word' id='word_1_420' title='bbox 1131 3769 1231 3816; x_wconf 83' lang='grc' dir='ltr'>Καὶ</span> <span class='ocrx_word' id='word_1_421' title='bbox 1261 3766 1396 3815; x_wconf 82' lang='grc' dir='ltr'>κατά</span> <span class='ocrx_word' id='word_1_422' title='bbox 1432 3772 1586 3816; x_wconf 83' lang='grc' dir='ltr'>τοῦτο</span> <span class='ocrx_word' id='word_1_423' title='bbox 1627 3769 1714 3823; x_wconf 73' lang='grc' dir='ltr'>τὴν</span> <span class='ocrx_word' id='word_1_424' title='bbox 1755 3763 1803 3816; x_wconf 83' lang='grc' dir='ltr'>ἐν</span> <span class='ocrx_word' id='word_1_425' title='bbox 1843 3765 1971 3817; x_wconf 74' lang='grc' dir='ltr'>Χαλ-</span> 
     </span>
    </p>
   </div>
   <div class='ocr_carea' id='block_1_58' title="bbox 358 3846 1979 3925">
    <p class='ocr_par' dir='ltr' id='par_1_58' title="bbox 358 3846 1979 3925">
     <span class='ocr_line' id='line_1_58' title="bbox 358 3846 1979 3925; baseline 0.002 -23"><span class='ocrx_word' id='word_1_426' title='bbox 358 3846 558 3906; x_wconf 75' lang='grc' dir='ltr'>κηδόνι</span> <span class='ocrx_word' id='word_1_427' title='bbox 590 3848 812 3903; x_wconf 73' lang='grc' dir='ltr'>σύνοδον</span> <span class='ocrx_word' id='word_1_428' title='bbox 863 3850 1360 3925; x_wconf 75' lang='grc' dir='ltr'>ἁναθεματίζουσιν,</span> <span class='ocrx_word' id='word_1_429' title='bbox 1396 3856 1461 3915; x_wconf 82' lang='grc' dir='ltr'>ὡς</span> <span class='ocrx_word' id='word_1_430' title='bbox 1513 3850 1669 3913; x_wconf 74' lang='grc' dir='ltr'>δῆθεν</span> <span class='ocrx_word' id='word_1_431' title='bbox 1720 3850 1817 3906; x_wconf 78' lang='grc' dir='ltr'>δύο</span> <span class='ocrx_word' id='word_1_432' title='bbox 1857 3856 1979 3907; x_wconf 82' lang='grc' dir='ltr'>ύπο-</span> 
     </span>
    </p>
   </div>
   <div class='ocr_carea' id='block_1_59' title="bbox 363 3939 1979 4019">
    <p class='ocr_par' dir='ltr' id='par_1_59' title="bbox 363 3939 1979 4019">
     <span class='ocr_line' id='line_1_59' title="bbox 363 3939 1979 4019; baseline 0.002 -26"><span class='ocrx_word' id='word_1_433' title='bbox 363 3943 586 4002; x_wconf 83' lang='grc' dir='ltr'>στάσεις</span> <span class='ocrx_word' id='word_1_434' title='bbox 633 3939 716 3993; x_wconf 81' lang='grc' dir='ltr'>ἐπὶ</span> <span class='ocrx_word' id='word_1_435' title='bbox 780 3949 1018 4013; x_wconf 80' lang='grc' dir='ltr'>Χριστοῦ</span> <span class='ocrx_word' id='word_1_436' title='bbox 1075 3948 1392 4018; x_wconf 85' lang='grc' dir='ltr'>κυρώσασαν</span> <span class='ocrx_word' id='word_1_437' title='bbox 1425 3958 1439 3973; x_wconf 85' lang='grc'><strong><em>⁸</em></strong></span> <span class='ocrx_word' id='word_1_438' title='bbox 1501 3945 1637 3995; x_wconf 84' lang='grc' dir='ltr'>οὖτω</span> <span class='ocrx_word' id='word_1_439' title='bbox 1684 3947 1785 4019; x_wconf 77' lang='grc' dir='ltr'>γὰρ</span> <span class='ocrx_word' id='word_1_440' title='bbox 1844 3946 1979 3996; x_wconf 83' lang='grc' dir='ltr'>κατὰ</span> 
     </span>
    </p>
   </div>
   <div class='ocr_carea' id='block_1_60' title="bbox 356 4027 1979 4108">
    <p class='ocr_par' dir='ltr' id='par_1_60' title="bbox 356 4027 1979 4108">
     <span class='ocr_line' id='line_1_60' title="bbox 356 4027 1979 4108; baseline 0.002 -27"><span class='ocrx_word' id='word_1_441' title='bbox 356 4037 457 4089; x_wconf 66' lang='grc' dir='ltr'>τὴν</span> <span class='ocrx_word' id='word_1_442' title='bbox 499 4030 669 4082; x_wconf 68' lang='grc' dir='ltr'>αὐτῶν</span> <span class='ocrx_word' id='word_1_443' title='bbox 710 4027 868 4092; x_wconf 79' lang='grc' dir='ltr'>δόξαν</span> <span class='ocrx_word' id='word_1_444' title='bbox 895 4035 988 4091; x_wconf 79' lang='grc' dir='ltr'>τὰς</span> <span class='ocrx_word' id='word_1_445' title='bbox 1028 4035 1205 4103; x_wconf 81' lang='grc' dir='ltr'>φύσεις</span> <span class='ocrx_word' id='word_1_446' title='bbox 1247 4038 1395 4104; x_wconf 78' lang='grc' dir='ltr'>φασί.</span> <span class='ocrx_word' id='word_1_447' title='bbox 1426 4040 1509 4104; x_wconf 83' lang='grc' dir='ltr'>Τῷ</span> <span class='ocrx_word' id='word_1_448' title='bbox 1539 4030 1597 4085; x_wconf 65' lang='grc' dir='ltr'>δὲ</span> <span class='ocrx_word' id='word_1_449' title='bbox 1627 4033 1756 4104; x_wconf 81' lang='grc' dir='ltr'>ἁγίῳ</span> <span class='ocrx_word' id='word_1_450' title='bbox 1796 4034 1979 4108; x_wconf 80' lang='grc' dir='ltr'>Κυρίλ-</span> 
     </span>
    </p>
   </div>
   <div class='ocr_carea' id='block_1_61' title="bbox 361 4120 1980 4197">
    <p class='ocr_par' dir='ltr' id='par_1_61' title="bbox 361 4120 1980 4197">
     <span class='ocr_line' id='line_1_61' title="bbox 361 4120 1980 4197; baseline 0.002 -26"><span class='ocrx_word' id='word_1_451' title='bbox 361 4120 439 4192; x_wconf 83' lang='grc' dir='ltr'>λῳ</span> <span class='ocrx_word' id='word_1_452' title='bbox 469 4129 702 4193; x_wconf 83' lang='grc' dir='ltr'>συνεργῷ</span> <span class='ocrx_word' id='word_1_453' title='bbox 741 4128 836 4182; x_wconf 70' lang='grc' dir='ltr'>τῆς</span> <span class='ocrx_word' id='word_1_454' title='bbox 877 4120 1043 4173; x_wconf 65' lang='grc' dir='ltr'>αὐτῶν</span> <span class='ocrx_word' id='word_1_455' title='bbox 1072 4124 1313 4196; x_wconf 83' lang='grc' dir='ltr'>αἱρέσεως</span> <span class='ocrx_word' id='word_1_456' title='bbox 1359 4131 1597 4197; x_wconf 83' lang='grc' dir='ltr'>χρῶνται</span> <span class='ocrx_word' id='word_1_457' title='bbox 1636 4121 1683 4174; x_wconf 88' lang='grc' dir='ltr'>ἐν</span> <span class='ocrx_word' id='word_1_458' title='bbox 1735 4123 1811 4183; x_wconf 84' lang='grc' dir='ltr'>οἷς</span> <span class='ocrx_word' id='word_1_459' title='bbox 1851 4142 1980 4195; x_wconf 71' lang='grc' dir='ltr'>φησι</span> 
     </span>
    </p>
   </div>
   <div class='ocr_carea' id='block_1_62' title="bbox 364 4214 1981 4286">
    <p class='ocr_par' dir='ltr' id='par_1_62' title="bbox 364 4214 1981 4286">
     <span class='ocr_line' id='line_1_62' title="bbox 364 4214 1981 4286; baseline 0.002 -25"><span class='ocrx_word' id='word_1_460' title='bbox 364 4216 494 4283; x_wconf 80' lang='grc' dir='ltr'>μίαν</span> <span class='ocrx_word' id='word_1_461' title='bbox 553 4214 709 4282; x_wconf 72' lang='grc' dir='ltr'>φύσιν</span> <span class='ocrx_word' id='word_1_462' title='bbox 747 4218 840 4262; x_wconf 85' lang='grc' dir='ltr'>τοῦ</span> <span class='ocrx_word' id='word_1_463' title='bbox 889 4216 1061 4282; x_wconf 76' lang='grc' dir='ltr'>Λόγου</span> <span class='ocrx_word' id='word_1_464' title='bbox 1124 4216 1543 4286; x_wconf 75' lang='grc' dir='ltr'>σεσαρκωμένην,</span> <span class='ocrx_word' id='word_1_465' title='bbox 1591 4218 1684 4270; x_wconf 77' lang='grc' dir='ltr'>τὴν</span> <span class='ocrx_word' id='word_1_466' title='bbox 1736 4216 1981 4271; x_wconf 76' lang='grc' dir='ltr'>τοιαύτην</span> 
     </span>
    </p>
   </div>
   <div class='ocr_carea' id='block_1_63' title="bbox 363 4299 1984 4374">
    <p class='ocr_par' dir='ltr' id='par_1_63' title="bbox 363 4299 1984 4374">
     <span class='ocr_line' id='line_1_63' title="bbox 363 4299 1984 4374; baseline 0.002 -23"><span class='ocrx_word' id='word_1_467' title='bbox 363 4300 526 4374; x_wconf 78' lang='grc' dir='ltr'>ῥῆσιν</span> <span class='ocrx_word' id='word_1_468' title='bbox 567 4300 673 4371; x_wconf 72' lang='grc' dir='ltr'>οὐχ</span> <span class='ocrx_word' id='word_1_469' title='bbox 728 4302 796 4362; x_wconf 82' lang='grc' dir='ltr'>ὡς</span> <span class='ocrx_word' id='word_1_470' title='bbox 845 4299 1028 4361; x_wconf 68' lang='grc' dir='ltr'>ἐκεῖνος</span> <span class='ocrx_word' id='word_1_471' title='bbox 1068 4303 1254 4372; x_wconf 69' lang='grc' dir='ltr'>ἔφησεν</span> <span class='ocrx_word' id='word_1_472' title='bbox 1294 4300 1712 4374; x_wconf 75' lang='grc' dir='ltr'>ἐκλαμϐάνοντες,</span> <span class='ocrx_word' id='word_1_473' title='bbox 1766 4301 1871 4353; x_wconf 80' lang='grc' dir='ltr'>ἀλλ’</span> <span class='ocrx_word' id='word_1_474' title='bbox 1914 4303 1984 4365; x_wconf 84' lang='grc' dir='ltr'>εἰς</span> 
     </span>
    </p>
   </div>
   <div class='ocr_carea' id='block_1_64' title="bbox 366 4387 1985 4464">
    <p class='ocr_par' dir='ltr' id='par_1_64' title="bbox 366 4387 1985 4464">
     <span class='ocr_line' id='line_1_64' title="bbox 366 4387 1985 4464; baseline 0.004 -26"><span class='ocrx_word' id='word_1_475' title='bbox 366 4390 431 4447; x_wconf 76' lang='grc' dir='ltr'>ἣν</span> <span class='ocrx_word' id='word_1_476' title='bbox 466 4388 616 4440; x_wconf 69' lang='grc' dir='ltr'>αύτοί</span> <span class='ocrx_word' id='word_1_477' title='bbox 645 4408 775 4460; x_wconf 65' lang='grc' dir='ltr'>φασι</span> <span class='ocrx_word' id='word_1_478' title='bbox 819 4392 975 4461; x_wconf 79' lang='grc' dir='ltr'>φύσιν</span> <span class='ocrx_word' id='word_1_479' title='bbox 1022 4387 1105 4441; x_wconf 83' lang='grc' dir='ltr'>ἐπὶ</span> <span class='ocrx_word' id='word_1_480' title='bbox 1136 4397 1372 4463; x_wconf 83' lang='grc' dir='ltr'>Χριστοῦ</span> <span class='ocrx_word' id='word_1_481' title='bbox 1416 4394 1815 4463; x_wconf 78' lang='grc' dir='ltr'>συγκεχυμένην</span> <span class='ocrx_word' id='word_1_482' title='bbox 1854 4393 1985 4464; x_wconf 79' lang='grc' dir='ltr'>μετὰ</span> 
     </span>
    </p>
   </div>
   <div class='ocr_carea' id='block_1_65' title="bbox 369 4477 1836 4553">
    <p class='ocr_par' dir='ltr' id='par_1_65' title="bbox 369 4477 1836 4553">
     <span class='ocr_line' id='line_1_65' title="bbox 369 4477 1836 4553; baseline 0.002 -23"><span class='ocrx_word' id='word_1_483' title='bbox 369 4483 465 4536; x_wconf 67' lang='grc' dir='ltr'>τὴν</span> <span class='ocrx_word' id='word_1_484' title='bbox 505 4478 710 4548; x_wconf 83' lang='grc' dir='ltr'>ἕνωσιν,</span> <span class='ocrx_word' id='word_1_485' title='bbox 738 4478 768 4538; x_wconf 79' lang='grc' dir='ltr'><strong>ἣ</strong></span> <span class='ocrx_word' id='word_1_486' title='bbox 812 4477 1004 4551; x_wconf 77' lang='grc' dir='ltr'>μᾶλλον</span> <span class='ocrx_word' id='word_1_487' title='bbox 1035 4478 1450 4553; x_wconf 71' lang='grc' dir='ltr'>μεταϐληθεῖσαν</span> <span class='ocrx_word' id='word_1_488' title='bbox 1490 4480 1560 4542; x_wconf 85' lang='grc' dir='ltr'>εἰς</span> <span class='ocrx_word' id='word_1_489' title='bbox 1603 4482 1836 4539; x_wconf 87' lang='grc' dir='ltr'>θεότητα.</span> 
     </span>
    </p>
   </div>
   <div class='ocr_carea' id='block_1_66' title="bbox 444 4726 1986 4795">
    <p class='ocr_par' dir='ltr' id='par_1_66' title="bbox 444 4726 1986 4795">
     <span class='ocr_line' id='line_1_66' title="bbox 444 4726 1986 4795; baseline 0.003 -13"><span class='ocrx_word' id='word_1_490' title='bbox 444 4726 535 4783; x_wconf 74' lang='grc' dir='ltr'>ιϐ’.</span> <span class='ocrx_word' id='word_1_491' title='bbox 608 4729 770 4782; x_wconf 65' lang='grc' dir='ltr'>Πάλιν</span> <span class='ocrx_word' id='word_1_492' title='bbox 832 4730 880 4783; x_wconf 75' lang='grc' dir='ltr'>οἱ</span> <span class='ocrx_word' id='word_1_493' title='bbox 948 4730 1098 4785; x_wconf 70' lang='grc' dir='ltr'>αὐτοὶ</span> <span class='ocrx_word' id='word_1_494' title='bbox 1155 4731 1380 4794; x_wconf 68' lang='grc' dir='ltr'>εὐσεϐῶς</span> <span class='ocrx_word' id='word_1_495' title='bbox 1444 4741 1675 4795; x_wconf 87' lang='grc' dir='ltr'>νοοῦντες</span> <span class='ocrx_word' id='word_1_496' title='bbox 1732 4738 1826 4793; x_wconf 72' lang='grc' dir='ltr'>τὴν</span> <span class='ocrx_word' id='word_1_497' title='bbox 1892 4741 1986 4788; x_wconf 78' lang='grc' dir='ltr'>τοῦ</span> 
     </span>
    </p>
   </div>
   <div class='ocr_carea' id='block_1_67' title="bbox 367 4819 1988 4892">
    <p class='ocr_par' dir='ltr' id='par_1_67' title="bbox 367 4819 1988 4892">
     <span class='ocr_line' id='line_1_67' title="bbox 367 4819 1988 4892; baseline 0.003 -19"><span class='ocrx_word' id='word_1_498' title='bbox 367 4819 743 4892; x_wconf 73' lang='grc' dir='ltr'>εὐαγγελιστοῦ</span> <span class='ocrx_word' id='word_1_499' title='bbox 825 4820 1062 4874; x_wconf 85' lang='grc' dir='ltr'>Ἰωάννου</span> <span class='ocrx_word' id='word_1_500' title='bbox 1139 4827 1347 4892; x_wconf 58' lang='grc' dir='ltr'>φωνὴν,</span> <span class='ocrx_word' id='word_1_501' title='bbox 1429 4825 1539 4884; x_wconf 71' lang='grc' dir='ltr'>ἣτις</span> <span class='ocrx_word' id='word_1_502' title='bbox 1615 4828 1805 4892; x_wconf 81' lang='grc' dir='ltr'>φησὶ·</span> <span class='ocrx_word' id='word_1_503' title='bbox 1886 4830 1988 4879; x_wconf 82' lang='grc' dir='ltr'>Καὶ</span> 
     </span>
    </p>
   </div>
   <div class='ocr_carea' id='block_1_68' title="bbox 366 4909 1987 4989">
    <p class='ocr_par' dir='ltr' id='par_1_68' title="bbox 366 4909 1987 4989">
     <span class='ocr_line' id='line_1_68' title="bbox 366 4909 1987 4989; baseline 0.003 -27"><span class='ocrx_word' id='word_1_504' title='bbox 366 4912 393 4962; x_wconf 91' lang='grc' dir='ltr'>ό</span> <span class='ocrx_word' id='word_1_505' title='bbox 473 4914 647 4981; x_wconf 84' lang='grc' dir='ltr'>Λόγος</span> <span class='ocrx_word' id='word_1_506' title='bbox 707 4910 842 4983; x_wconf 78' lang='grc' dir='ltr'>σὰρξ</span> <span class='ocrx_word' id='word_1_507' title='bbox 897 4916 1118 4983; x_wconf 80' lang='grc' dir='ltr'>ἐγένετο,</span> <span class='ocrx_word' id='word_1_508' title='bbox 1175 4914 1496 4986; x_wconf 82' lang='grc' dir='ltr'>παράγοντες</span> <span class='ocrx_word' id='word_1_509' title='bbox 1550 4909 1610 4966; x_wconf 66' lang='grc' dir='ltr'>δὲ</span> <span class='ocrx_word' id='word_1_510' title='bbox 1675 4918 1766 4966; x_wconf 81' lang='grc' dir='ltr'>καὶ</span> <span class='ocrx_word' id='word_1_511' title='bbox 1828 4915 1987 4989; x_wconf 80' lang='grc' dir='ltr'>ῥῆσιν</span> 
     </span>
    </p>
   </div>
   <div class='ocr_carea' id='block_1_69' title="bbox 364 4999 1986 5076">
    <p class='ocr_par' dir='ltr' id='par_1_69' title="bbox 364 4999 1986 5076">
     <span class='ocr_line' id='line_1_69' title="bbox 364 4999 1986 5076; baseline 0.003 -23"><span class='ocrx_word' id='word_1_512' title='bbox 364 5008 457 5053; x_wconf 87' lang='grc' dir='ltr'>τοῦ</span> <span class='ocrx_word' id='word_1_513' title='bbox 509 4999 665 5071; x_wconf 83' lang='grc' dir='ltr'>ἁγίου</span> <span class='ocrx_word' id='word_1_514' title='bbox 722 5000 1042 5053; x_wconf 80' lang='grc' dir='ltr'>Ἀθανασίου</span> <span class='ocrx_word' id='word_1_515' title='bbox 1102 5002 1234 5055; x_wconf 76' lang='grc' dir='ltr'>οὕτω</span> <span class='ocrx_word' id='word_1_516' title='bbox 1291 5002 1547 5074; x_wconf 84' lang='grc' dir='ltr'>λέγουσαν</span> <span class='ocrx_word' id='word_1_517' title='bbox 1578 5019 1591 5033; x_wconf 73' lang='grc'><strong><em>⁸</em></strong></span> <span class='ocrx_word' id='word_1_518' title='bbox 1636 5025 1664 5053; x_wconf 90' lang='grc'>‹‹</span> <span class='ocrx_word' id='word_1_519' title='bbox 1705 5010 1764 5056; x_wconf 88' lang='lat'>&#39;0</span> <span class='ocrx_word' id='word_1_520' title='bbox 1816 5008 1986 5076; x_wconf 87' lang='grc' dir='ltr'>Λόγος</span> 
     </span>
    </p>
   </div>
   <div class='ocr_carea' id='block_1_70' title="bbox 369 5088 1984 5167">
    <p class='ocr_par' dir='ltr' id='par_1_70' title="bbox 369 5088 1984 5167">
     <span class='ocr_line' id='line_1_70' title="bbox 369 5088 1984 5167; baseline 0.001 -24"><span class='ocrx_word' id='word_1_521' title='bbox 369 5090 507 5163; x_wconf 79' lang='grc' dir='ltr'>σὰρξ</span> <span class='ocrx_word' id='word_1_522' title='bbox 547 5088 764 5161; x_wconf 81' lang='grc' dir='ltr'>ἐγένετο,</span> <span class='ocrx_word' id='word_1_523' title='bbox 836 5091 920 5143; x_wconf 81' lang='grc' dir='ltr'>ἶνα</span> <span class='ocrx_word' id='word_1_524' title='bbox 975 5096 1065 5144; x_wconf 83' lang='grc' dir='ltr'>καὶ</span> <span class='ocrx_word' id='word_1_525' title='bbox 1132 5094 1161 5151; x_wconf 80' lang='grc' dir='ltr'><strong>ἡ</strong></span> <span class='ocrx_word' id='word_1_526' title='bbox 1235 5092 1369 5165; x_wconf 81' lang='grc' dir='ltr'>σὰρξ</span> <span class='ocrx_word' id='word_1_527' title='bbox 1424 5096 1635 5165; x_wconf 84' lang='grc' dir='ltr'>γένηται</span> <span class='ocrx_word' id='word_1_528' title='bbox 1696 5098 1912 5167; x_wconf 83' lang='grc' dir='ltr'>Λόγος’</span> <span class='ocrx_word' id='word_1_529' title='bbox 1955 5116 1984 5146; x_wconf 80' lang='grc'><strong>››</strong></span> 
     </span>
    </p>
   </div>
   <div class='ocr_carea' id='block_1_71' title="bbox 372 5179 1987 5257">
    <p class='ocr_par' dir='ltr' id='par_1_71' title="bbox 372 5179 1987 5257">
     <span class='ocr_line' id='line_1_71' title="bbox 372 5179 1987 5257; baseline 0.002 -24"><span class='ocrx_word' id='word_1_530' title='bbox 372 5179 503 5233; x_wconf 72' lang='grc' dir='ltr'>ἀλλὰ</span> <span class='ocrx_word' id='word_1_531' title='bbox 568 5185 666 5256; x_wconf 34' lang='grc' dir='ltr'>’καὶ</span> <span class='ocrx_word' id='word_1_532' title='bbox 723 5185 1012 5257; x_wconf 86' lang='grc' dir='ltr'>Γρηγόριον</span> <span class='ocrx_word' id='word_1_533' title='bbox 1085 5186 1171 5234; x_wconf 88' lang='grc' dir='ltr'>τόν</span> <span class='ocrx_word' id='word_1_534' title='bbox 1241 5187 1496 5255; x_wconf 85' lang='grc' dir='ltr'>Θεο).όγον</span> <span class='ocrx_word' id='word_1_535' title='bbox 1537 5186 1822 5256; x_wconf 74' lang='grc' dir='ltr'>φάσκοντα.</span> <span class='ocrx_word' id='word_1_536' title='bbox 1886 5190 1987 5239; x_wconf 84' lang='grc' dir='ltr'>Καὶ</span> 
     </span>
    </p>
   </div>
   <div class='ocr_carea' id='block_1_72' title="bbox 370 5268 1983 5350">
    <p class='ocr_par' dir='ltr' id='par_1_72' title="bbox 370 5268 1983 5350">
     <span class='ocr_line' id='line_1_72' title="bbox 370 5268 1983 5350; baseline 0.002 -28"><span class='ocrx_word' id='word_1_537' title='bbox 370 5270 548 5344; x_wconf 77' lang='grc' dir='ltr'>θαρῥῶ</span> <span class='ocrx_word' id='word_1_538' title='bbox 587 5268 748 5341; x_wconf 73' lang='grc' dir='ltr'>λέγειν</span> <span class='ocrx_word' id='word_1_539' title='bbox 807 5272 1043 5343; x_wconf 75' lang='grc' dir='ltr'>ὁμόθεον,</span> <span class='ocrx_word' id='word_1_540' title='bbox 1084 5275 1174 5325; x_wconf 85' lang='grc' dir='ltr'>καὶ</span> <span class='ocrx_word' id='word_1_541' title='bbox 1212 5276 1425 5344; x_wconf 88' lang='grc' dir='ltr'>γεγονός</span> <span class='ocrx_word' id='word_1_542' title='bbox 1478 5275 1599 5349; x_wconf 87' lang='grc' dir='ltr'>ὅπερ</span> <span class='ocrx_word' id='word_1_543' title='bbox 1640 5277 1698 5326; x_wconf 87' lang='grc' dir='ltr'>τὸ</span> <span class='ocrx_word' id='word_1_544' title='bbox 1734 5278 1935 5350; x_wconf 88' lang='grc' dir='ltr'>χρίσαν</span> <span class='ocrx_word' id='word_1_545' title='bbox 1967 5288 1983 5306; x_wconf 73' lang='grc' dir='ltr'><strong><em>ο</em></strong></span> 
     </span>
    </p>
   </div>
   <div class='ocr_carea' id='block_1_73' title="bbox 368 5356 1988 5439">
    <p class='ocr_par' dir='ltr' id='par_1_73' title="bbox 368 5356 1988 5439">
     <span class='ocr_line' id='line_1_73' title="bbox 368 5356 1988 5439; baseline 0.004 -27"><span class='ocrx_word' id='word_1_546' title='bbox 368 5362 443 5412; x_wconf 80' lang='grc' dir='ltr'>ἔτι</span> <span class='ocrx_word' id='word_1_547' title='bbox 507 5356 569 5412; x_wconf 72' lang='grc' dir='ltr'>δὲ</span> <span class='ocrx_word' id='word_1_548' title='bbox 629 5366 719 5413; x_wconf 83' lang='grc' dir='ltr'>καὶ</span> <span class='ocrx_word' id='word_1_549' title='bbox 781 5364 869 5413; x_wconf 91' lang='grc' dir='ltr'>τὸν</span> <span class='ocrx_word' id='word_1_550' title='bbox 922 5366 1210 5415; x_wconf 85' lang='grc' dir='ltr'>Νυσσαέων</span> <span class='ocrx_word' id='word_1_551' title='bbox 1269 5367 1554 5439; x_wconf 85' lang='grc' dir='ltr'>Γρηγόριον</span> <span class='ocrx_word' id='word_1_552' title='bbox 1612 5366 1807 5417; x_wconf 73' lang='grc' dir='ltr'>οὑτωσὶ</span> <span class='ocrx_word' id='word_1_553' title='bbox 1846 5361 1988 5429; x_wconf 75' lang='grc' dir='ltr'>διεξ-</span> 
     </span>
    </p>
   </div>
   <div class='ocr_carea' id='block_1_74' title="bbox 379 5452 1988 5527">
    <p class='ocr_par' dir='ltr' id='par_1_74' title="bbox 379 5452 1988 5527">
     <span class='ocr_line' id='line_1_74' title="bbox 379 5452 1988 5527; baseline 0.004 -25"><span class='ocrx_word' id='word_1_554' title='bbox 379 5455 591 5522; x_wconf 30' lang='grc' dir='ltr'>ιόνταιου</span> <span class='ocrx_word' id='word_1_555' title='bbox 664 5452 899 5504; x_wconf 80' lang='grc' dir='ltr'>Καθάπει</span> <span class='ocrx_word' id='word_1_556' title='bbox 977 5457 1186 5525; x_wconf 77' lang='grc' dir='ltr'>σταγὼν</span> <span class='ocrx_word' id='word_1_557' title='bbox 1246 5453 1395 5516; x_wconf 80' lang='grc' dir='ltr'>ὄξους</span> <span class='ocrx_word' id='word_1_558' title='bbox 1457 5452 1720 5527; x_wconf 78' lang='grc' dir='ltr'>βληθεῖσα</span> <span class='ocrx_word' id='word_1_559' title='bbox 1793 5453 1840 5507; x_wconf 85' lang='grc' dir='ltr'>ἐν</span> <span class='ocrx_word' id='word_1_560' title='bbox 1915 5462 1988 5527; x_wconf 84' lang='grc' dir='ltr'>τῷ</span> 
     </span>
    </p>
   </div>
   <div class='ocr_carea' id='block_1_75' title="bbox 367 5539 1989 5612">
    <p class='ocr_par' dir='ltr' id='par_1_75' title="bbox 367 5539 1989 5612">
     <span class='ocr_line' id='line_1_75' title="bbox 367 5539 1989 5612; baseline 0.003 -19"><span class='ocrx_word' id='word_1_561' title='bbox 367 5539 584 5612; x_wconf 87' lang='grc' dir='ltr'>πελάγει</span> <span class='ocrx_word' id='word_1_562' title='bbox 656 5548 753 5601; x_wconf 77' lang='grc' dir='ltr'>τῆς</span> <span class='ocrx_word' id='word_1_563' title='bbox 830 5541 1107 5604; x_wconf 83' lang='grc' dir='ltr'>θαλάσσης</span> <span class='ocrx_word' id='word_1_564' title='bbox 1191 5542 1285 5595; x_wconf 75' lang='grc' dir='ltr'>οὐκ</span> <span class='ocrx_word' id='word_1_565' title='bbox 1379 5546 1456 5597; x_wconf 83' lang='grc' dir='ltr'>ἔτι</span> <span class='ocrx_word' id='word_1_566' title='bbox 1528 5543 1669 5597; x_wconf 83' lang='grc' dir='ltr'>ἐστὶν</span> <span class='ocrx_word' id='word_1_567' title='bbox 1755 5544 1803 5597; x_wconf 73' lang='grc' dir='ltr'>ἓν</span> <span class='ocrx_word' id='word_1_568' title='bbox 1878 5552 1989 5608; x_wconf 83' lang='grc' dir='ltr'>τοῖς</span> 
     </span>
    </p>
   </div>
   <div class='ocr_carea' id='block_1_76' title="bbox 373 5626 1987 5707">
    <p class='ocr_par' dir='ltr' id='par_1_76' title="bbox 373 5626 1987 5707">
     <span class='ocr_line' id='line_1_76' title="bbox 373 5626 1987 5707; baseline 0.004 -26"><span class='ocrx_word' id='word_1_569' title='bbox 373 5626 533 5691; x_wconf 77' lang='grc' dir='ltr'>ἰδίοις</span> <span class='ocrx_word' id='word_1_570' title='bbox 626 5638 743 5682; x_wconf 88' lang='grc' dir='ltr'>τοῦ.</span> <span class='ocrx_word' id='word_1_571' title='bbox 808 5629 959 5695; x_wconf 83' lang='grc' dir='ltr'>ὄξους</span> <span class='ocrx_word' id='word_1_572' title='bbox 1046 5628 1362 5705; x_wconf 78' lang='grc' dir='ltr'>ἐδιὼμασιν,</span> <span class='ocrx_word' id='word_1_573' title='bbox 1442 5631 1571 5687; x_wconf 78' lang='grc' dir='ltr'>ἀλλὰ</span> <span class='ocrx_word' id='word_1_574' title='bbox 1669 5637 1987 5707; x_wconf 77' lang='grc' dir='ltr'>μετεποιήθη</span> 
     </span>
    </p>
   </div>
   <div class='ocr_carea' id='block_1_77' title="bbox 370 5718 1988 5797">
    <p class='ocr_par' dir='ltr' id='par_1_77' title="bbox 370 5718 1988 5797">
     <span class='ocr_line' id='line_1_77' title="bbox 370 5718 1988 5797; baseline 0.006 -27"><span class='ocrx_word' id='word_1_575' title='bbox 370 5723 453 5772; x_wconf 83' lang='grc' dir='ltr'>κοὶ</span> <span class='ocrx_word' id='word_1_576' title='bbox 526 5721 819 5794; x_wconf 82' lang='grc' dir='ltr'>συνεκράθη</span> <span class='ocrx_word' id='word_1_577' title='bbox 881 5718 934 5783; x_wconf 77' lang='grc' dir='ltr'>ἐς</span> <span class='ocrx_word' id='word_1_578' title='bbox 997 5723 1055 5774; x_wconf 87' lang='grc' dir='ltr'><strong>τό</strong></span> <span class='ocrx_word' id='word_1_579' title='bbox 1121 5730 1215 5776; x_wconf 88' lang='grc' dir='ltr'>τοῦ</span> <span class='ocrx_word' id='word_1_580' title='bbox 1272 5722 1529 5797; x_wconf 86' lang='grc' dir='ltr'>πελάγους</span> <span class='ocrx_word' id='word_1_581' title='bbox 1602 5734 1704 5779; x_wconf 84' lang='grc' dir='ltr'>τῶν</span> <span class='ocrx_word' id='word_1_582' title='bbox 1779 5722 1988 5781; x_wconf 72' lang='grc' dir='ltr'>ὑδάτων</span> 
     </span>
    </p>
   </div>
   <div class='ocr_carea' id='block_1_78' title="bbox 825 4820 1805 4897">
    <p class='ocr_par' dir='ltr' id='par_1_78' title="bbox 825 4820 1805 4897">
     <span class='ocr_line' id='line_1_78' title="bbox 825 4820 1805 4897; baseline 0.004 -25"><span class='ocrx_word' id='word_1_583' title='bbox 825 4820 1062 4874; x_wconf 85' lang='grc' dir='ltr'>Ἰωάννου</span> <span class='ocrx_word' id='word_1_584' title='bbox 1139 4827 1347 4897; x_wconf 62' lang='grc' dir='ltr'>φωνῂν,</span> <span class='ocrx_word' id='word_1_585' title='bbox 1429 4825 1539 4884; x_wconf 72' lang='grc' dir='ltr'>ἣτις</span> <span class='ocrx_word' id='word_1_586' title='bbox 1615 4828 1747 4896; x_wconf 76' lang='grc' dir='ltr'>φησὶ</span> <span class='ocrx_word' id='word_1_587' title='bbox 1792 4841 1805 4855; x_wconf 80' lang='grc'><strong>⁸</strong></span> 
     </span>
    </p>
   </div>
   <div class='ocr_carea' id='block_1_79' title="bbox 2068 1916 3724 1980">
    <p class='ocr_par' dir='ltr' id='par_1_79' title="bbox 2068 1916 3724 1980">
     <span class='ocr_line' id='line_1_79' title="bbox 2068 1916 3724 1980; baseline 0.009 -14"><span class='ocrx_word' id='word_1_588' title='bbox 2068 1927 2204 1967; x_wconf 91' lang='lat' dir='ltr'>esse</span> <span class='ocrx_word' id='word_1_589' title='bbox 2234 1919 2722 1980; x_wconf 89' lang='lat' dir='ltr'>conversam,aut</span> <span class='ocrx_word' id='word_1_590' title='bbox 2739 1930 2983 1971; x_wconf 89' lang='lat' dir='ltr'>carnem</span> <span class='ocrx_word' id='word_1_591' title='bbox 3008 1916 3303 1975; x_wconf 87' lang='lat' dir='ltr'>divinitati</span> <span class='ocrx_word' id='word_1_592' title='bbox 3329 1925 3724 1980; x_wconf 88' lang='lat' dir='ltr'>consubstan-</span> 
     </span>
    </p>
   </div>
   <div class='ocr_carea' id='block_1_80' title="bbox 2070 2000 3724 2083">
    <p class='ocr_par' dir='ltr' id='par_1_80' title="bbox 2070 2000 3724 2083">
     <span class='ocr_line' id='line_1_80' title="bbox 2070 2000 3724 2083; baseline 0.008 -27"><span class='ocrx_word' id='word_1_593' title='bbox 2070 2000 2270 2056; x_wconf 91' lang='lat' dir='ltr'>tialem</span> <span class='ocrx_word' id='word_1_594' title='bbox 2304 2000 2523 2058; x_wconf 83' lang='lat' dir='ltr'>factam</span> <span class='ocrx_word' id='word_1_595' title='bbox 2554 2018 2704 2068; x_wconf 91' lang='lat' dir='ltr'>esse,</span> <span class='ocrx_word' id='word_1_596' title='bbox 2732 2020 2868 2076; x_wconf 63' lang='lat' dir='ltr'>qua:</span> <span class='ocrx_word' id='word_1_597' title='bbox 2898 2004 3169 2062; x_wconf 84' lang='lat' dir='ltr'>absurda</span> <span class='ocrx_word' id='word_1_598' title='bbox 3218 2013 3273 2064; x_wconf 91' lang='lat' dir='ltr'>et</span> <span class='ocrx_word' id='word_1_599' title='bbox 3321 2009 3724 2083; x_wconf 87' lang='lat' dir='ltr'>impossibilia</span> 
     </span>
    </p>
   </div>
   <div class='ocr_carea' id='block_1_81' title="bbox 2072 2091 3724 2164">
    <p class='ocr_par' dir='ltr' id='par_1_81' title="bbox 2072 2091 3724 2164">
     <span class='ocr_line' id='line_1_81' title="bbox 2072 2091 3724 2164; baseline 0.009 -20"><span class='ocrx_word' id='word_1_600' title='bbox 2072 2094 2245 2155; x_wconf 90' lang='lat' dir='ltr'>sunt;</span> <span class='ocrx_word' id='word_1_601' title='bbox 2289 2091 2338 2145; x_wconf 92' lang='lat' dir='ltr'>si</span> <span class='ocrx_word' id='word_1_602' title='bbox 2363 2106 2543 2161; x_wconf 92' lang='lat' dir='ltr'>porro</span> <span class='ocrx_word' id='word_1_603' title='bbox 2571 2096 2854 2148; x_wconf 89' lang='lat' dir='ltr'>neutrum</span> <span class='ocrx_word' id='word_1_604' title='bbox 2885 2109 2958 2149; x_wconf 82' lang='lat' dir='ltr'>ex</span> <span class='ocrx_word' id='word_1_605' title='bbox 2986 2094 3100 2164; x_wconf 90' lang='lat' dir='ltr'>his,</span> <span class='ocrx_word' id='word_1_606' title='bbox 3145 2095 3333 2155; x_wconf 88' lang='lat' dir='ltr'>altera</span> <span class='ocrx_word' id='word_1_607' title='bbox 3384 2101 3634 2158; x_wconf 90' lang='lat' dir='ltr'>omnino</span> <span class='ocrx_word' id='word_1_608' title='bbox 3666 2104 3724 2158; x_wconf 88' lang='lat' dir='ltr'>et</span> 
     </span>
    </p>
   </div>
   <div class='ocr_carea' id='block_1_82' title="bbox 2070 2178 2871 2239">
    <p class='ocr_par' dir='ltr' id='par_1_82' title="bbox 2070 2178 2871 2239">
     <span class='ocr_line' id='line_1_82' title="bbox 2070 2178 2871 2239; baseline 0.006 -5"><span class='ocrx_word' id='word_1_609' title='bbox 2070 2178 2256 2235; x_wconf 82' lang='lat' dir='ltr'>altera</span> <span class='ocrx_word' id='word_1_610' title='bbox 2279 2179 2342 2235; x_wconf 91' lang='lat' dir='ltr'>in</span> <span class='ocrx_word' id='word_1_611' title='bbox 2367 2180 2599 2237; x_wconf 87' lang='lat' dir='ltr'>Christo</span> <span class='ocrx_word' id='word_1_612' title='bbox 2633 2186 2871 2239; x_wconf 87' lang='lat' dir='ltr'>natura.</span> 
     </span>
    </p>
   </div>
   <div class='ocr_carea' id='block_1_83' title="bbox 2147 2325 3729 2392">
    <p class='ocr_par' dir='ltr' id='par_1_83' title="bbox 2147 2325 3729 2392">
     <span class='ocr_line' id='line_1_83' title="bbox 2147 2325 3729 2392; baseline 0.008 -13"><span class='ocrx_word' id='word_1_613' title='bbox 2147 2328 2233 2380; x_wconf 82' lang='lat' dir='ltr'>t3.</span> <span class='ocrx_word' id='word_1_614' title='bbox 2274 2325 2566 2381; x_wconf 65' lang='lat' dir='ltr'>Praeterea</span> <span class='ocrx_word' id='word_1_615' title='bbox 2596 2325 2644 2380; x_wconf 89' lang='lat' dir='ltr'>si</span> <span class='ocrx_word' id='word_1_616' title='bbox 2699 2342 2771 2382; x_wconf 84' lang='lat' dir='ltr'>ex</span> <span class='ocrx_word' id='word_1_617' title='bbox 2801 2331 3156 2383; x_wconf 87' lang='lat' dir='ltr'>naturarum</span> <span class='ocrx_word' id='word_1_618' title='bbox 3208 2344 3464 2388; x_wconf 88' lang='lat' dir='ltr'>numero</span> <span class='ocrx_word' id='word_1_619' title='bbox 3504 2332 3729 2392; x_wconf 86' lang='lat' dir='ltr'>docent</span> 
     </span>
    </p>
   </div>
   <div class='ocr_carea' id='block_1_84' title="bbox 2072 2416 3729 2492">
    <p class='ocr_par' dir='ltr' id='par_1_84' title="bbox 2072 2416 3729 2492">
     <span class='ocr_line' id='line_1_84' title="bbox 2072 2416 3729 2492; baseline 0.007 -22"><span class='ocrx_word' id='word_1_620' title='bbox 2072 2430 2201 2470; x_wconf 89' lang='lat' dir='ltr'>esse</span> <span class='ocrx_word' id='word_1_621' title='bbox 2238 2420 2295 2469; x_wconf 91' lang='lat' dir='ltr'>et</span> <span class='ocrx_word' id='word_1_622' title='bbox 2323 2430 2617 2486; x_wconf 86' lang='lat' dir='ltr'>personas</span> <span class='ocrx_word' id='word_1_623' title='bbox 2650 2432 2720 2472; x_wconf 89' lang='lat' dir='ltr'>ac</span> <span class='ocrx_word' id='word_1_624' title='bbox 2759 2416 2888 2472; x_wconf 86' lang='lat' dir='ltr'>vice</span> <span class='ocrx_word' id='word_1_625' title='bbox 2919 2434 3116 2486; x_wconf 89' lang='lat' dir='ltr'>versa,</span> <span class='ocrx_word' id='word_1_626' title='bbox 3163 2424 3220 2475; x_wconf 92' lang='lat' dir='ltr'>et</span> <span class='ocrx_word' id='word_1_627' title='bbox 3246 2424 3364 2477; x_wconf 91' lang='lat' dir='ltr'>tres</span> <span class='ocrx_word' id='word_1_628' title='bbox 3393 2422 3571 2492; x_wconf 85' lang='lat' dir='ltr'>igitur</span> <span class='ocrx_word' id='word_1_629' title='bbox 3620 2441 3729 2483; x_wconf 89' lang='lat' dir='ltr'>na-</span> 
     </span>
    </p>
   </div>
   <div class='ocr_carea' id='block_1_85' title="bbox 2073 2504 3730 2571">
    <p class='ocr_par' dir='ltr' id='par_1_85' title="bbox 2073 2504 3730 2571">
     <span class='ocr_line' id='line_1_85' title="bbox 2073 2504 3730 2571; baseline 0.006 -11"><span class='ocrx_word' id='word_1_630' title='bbox 2073 2508 2239 2560; x_wconf 90' lang='lat' dir='ltr'>turas</span> <span class='ocrx_word' id='word_1_631' title='bbox 2272 2511 2497 2559; x_wconf 73' lang='lat' dir='ltr'>sanctae</span> <span class='ocrx_word' id='word_1_632' title='bbox 2528 2504 2825 2560; x_wconf 88' lang='lat' dir='ltr'>Trinitatis</span> <span class='ocrx_word' id='word_1_633' title='bbox 2858 2506 3168 2571; x_wconf 87' lang='lat' dir='ltr'>inducant,</span> <span class='ocrx_word' id='word_1_634' title='bbox 3228 2525 3366 2565; x_wconf 90' lang='lat' dir='ltr'>cum</span> <span class='ocrx_word' id='word_1_635' title='bbox 3416 2512 3492 2567; x_wconf 90' lang='lat' dir='ltr'>sit</span> <span class='ocrx_word' id='word_1_636' title='bbox 3542 2513 3730 2570; x_wconf 92' lang='lat' dir='ltr'>tribus</span> 
     </span>
    </p>
   </div>
   <div class='ocr_carea' id='block_1_86' title="bbox 2072 2594 3732 2674">
    <p class='ocr_par' dir='ltr' id='par_1_86' title="bbox 2072 2594 3732 2674">
     <span class='ocr_line' id='line_1_86' title="bbox 2072 2594 3732 2674; baseline 0.008 -27"><span class='ocrx_word' id='word_1_637' title='bbox 2072 2594 2349 2665; x_wconf 88' lang='lat' dir='ltr'>personis</span> <span class='ocrx_word' id='word_1_638' title='bbox 2395 2599 2719 2664; x_wconf 88' lang='lat' dir='ltr'>constans;</span> <span class='ocrx_word' id='word_1_639' title='bbox 2753 2594 2847 2651; x_wconf 85' lang='lat' dir='ltr'>vel</span> <span class='ocrx_word' id='word_1_640' title='bbox 2878 2611 3119 2652; x_wconf 89' lang='lat' dir='ltr'>rursum</span> <span class='ocrx_word' id='word_1_641' title='bbox 3146 2598 3389 2655; x_wconf 89' lang='lat' dir='ltr'>unicam</span> <span class='ocrx_word' id='word_1_642' title='bbox 3443 2600 3732 2674; x_wconf 85' lang='lat' dir='ltr'>hyposta-</span> 
     </span>
    </p>
   </div>
   <div class='ocr_carea' id='block_1_87' title="bbox 2076 2682 3733 2755">
    <p class='ocr_par' dir='ltr' id='par_1_87' title="bbox 2076 2682 3733 2755">
     <span class='ocr_line' id='line_1_87' title="bbox 2076 2682 3733 2755; baseline 0.007 -18"><span class='ocrx_word' id='word_1_643' title='bbox 2076 2683 2191 2738; x_wconf 91' lang='lat' dir='ltr'>sim</span> <span class='ocrx_word' id='word_1_644' title='bbox 2223 2682 2444 2751; x_wconf 88' lang='lat' dir='ltr'>dicant,</span> <span class='ocrx_word' id='word_1_645' title='bbox 2480 2699 2618 2738; x_wconf 91' lang='lat' dir='ltr'>cum</span> <span class='ocrx_word' id='word_1_646' title='bbox 2654 2683 2832 2739; x_wconf 86' lang='lat' dir='ltr'>unica</span> <span class='ocrx_word' id='word_1_647' title='bbox 2860 2685 2935 2739; x_wconf 87' lang='lat' dir='ltr'>sit</span> <span class='ocrx_word' id='word_1_648' title='bbox 2963 2684 3145 2755; x_wconf 88' lang='lat' dir='ltr'>hujus</span> <span class='ocrx_word' id='word_1_649' title='bbox 3172 2692 3407 2744; x_wconf 88' lang='lat' dir='ltr'>natura.</span> <span class='ocrx_word' id='word_1_650' title='bbox 3440 2690 3503 2746; x_wconf 90' lang='lat' dir='ltr'>ld</span> <span class='ocrx_word' id='word_1_651' title='bbox 3530 2695 3733 2747; x_wconf 89' lang='lat' dir='ltr'>autem</span> 
     </span>
    </p>
   </div>
   <div class='ocr_carea' id='block_1_88' title="bbox 2075 2772 3735 2846">
    <p class='ocr_par' dir='ltr' id='par_1_88' title="bbox 2075 2772 3735 2846">
     <span class='ocr_line' id='line_1_88' title="bbox 2075 2772 3735 2846; baseline 0.005 -19"><span class='ocrx_word' id='word_1_652' title='bbox 2075 2772 2387 2828; x_wconf 89' lang='lat' dir='ltr'>sciendum</span> <span class='ocrx_word' id='word_1_653' title='bbox 2428 2777 2517 2827; x_wconf 90' lang='lat' dir='ltr'>est</span> <span class='ocrx_word' id='word_1_654' title='bbox 2541 2772 2840 2829; x_wconf 85' lang='lat' dir='ltr'>Jacobitas</span> <span class='ocrx_word' id='word_1_655' title='bbox 2888 2789 3132 2846; x_wconf 91' lang='lat' dir='ltr'>quoque</span> <span class='ocrx_word' id='word_1_656' title='bbox 3163 2779 3219 2831; x_wconf 91' lang='lat' dir='ltr'>et</span> <span class='ocrx_word' id='word_1_657' title='bbox 3256 2779 3568 2835; x_wconf 83' lang='lat' dir='ltr'>Armenios</span> <span class='ocrx_word' id='word_1_658' title='bbox 3597 2784 3735 2837; x_wconf 90' lang='lat' dir='ltr'>ante</span> 
     </span>
    </p>
   </div>
   <div class='ocr_carea' id='block_1_89' title="bbox 2078 2861 3731 2939">
    <p class='ocr_par' dir='ltr' id='par_1_89' title="bbox 2078 2861 3731 2939">
     <span class='ocr_line' id='line_1_89' title="bbox 2078 2861 3731 2939; baseline 0.006 -23"><span class='ocrx_word' id='word_1_659' title='bbox 2078 2861 2359 2917; x_wconf 90' lang='lat' dir='ltr'>unionem</span> <span class='ocrx_word' id='word_1_660' title='bbox 2385 2862 2633 2934; x_wconf 89' lang='lat' dir='ltr'>quidem</span> <span class='ocrx_word' id='word_1_661' title='bbox 2660 2862 2811 2917; x_wconf 89' lang='lat' dir='ltr'>duas</span> <span class='ocrx_word' id='word_1_662' title='bbox 2840 2868 3089 2919; x_wconf 86' lang='lat' dir='ltr'>naturas</span> <span class='ocrx_word' id='word_1_663' title='bbox 3111 2863 3172 2919; x_wconf 91' lang='lat' dir='ltr'>in</span> <span class='ocrx_word' id='word_1_664' title='bbox 3196 2865 3423 2923; x_wconf 85' lang='lat' dir='ltr'>Christo</span> <span class='ocrx_word' id='word_1_665' title='bbox 3440 2869 3731 2939; x_wconf 87' lang='lat' dir='ltr'>conﬁteri;</span> 
     </span>
    </p>
   </div>
   <div class='ocr_carea' id='block_1_90' title="bbox 2077 2951 3738 3024">
    <p class='ocr_par' dir='ltr' id='par_1_90' title="bbox 2077 2951 3738 3024">
     <span class='ocr_line' id='line_1_90' title="bbox 2077 2951 3738 3024; baseline 0.006 -19"><span class='ocrx_word' id='word_1_666' title='bbox 2077 2955 2214 3023; x_wconf 90' lang='lat' dir='ltr'>post</span> <span class='ocrx_word' id='word_1_667' title='bbox 2240 2951 2527 3006; x_wconf 90' lang='lat' dir='ltr'>unionem</span> <span class='ocrx_word' id='word_1_668' title='bbox 2554 2967 2697 3007; x_wconf 87' lang='lat' dir='ltr'>vero</span> <span class='ocrx_word' id='word_1_669' title='bbox 2719 2967 2906 3007; x_wconf 85' lang='lat' dir='ltr'>unam</span> <span class='ocrx_word' id='word_1_670' title='bbox 2932 2954 3577 3024; x_wconf 87' lang='lat' dir='ltr'>compositam,ambas</span> <span class='ocrx_word' id='word_1_671' title='bbox 3598 2974 3738 3015; x_wconf 90' lang='lat' dir='ltr'>con-</span> 
     </span>
    </p>
   </div>
   <div class='ocr_carea' id='block_1_91' title="bbox 2079 3039 3735 3110">
    <p class='ocr_par' dir='ltr' id='par_1_91' title="bbox 2079 3039 3735 3110">
     <span class='ocr_line' id='line_1_91' title="bbox 2079 3039 3735 3110; baseline 0.007 -16"><span class='ocrx_word' id='word_1_672' title='bbox 2079 3039 2419 3107; x_wconf 90' lang='lat' dir='ltr'>fundentes,</span> <span class='ocrx_word' id='word_1_673' title='bbox 2450 3040 2720 3096; x_wconf 86' lang='lat' dir='ltr'>divinam</span> <span class='ocrx_word' id='word_1_674' title='bbox 2770 3046 2824 3097; x_wconf 90' lang='lat' dir='ltr'>et</span> <span class='ocrx_word' id='word_1_675' title='bbox 2862 3041 3218 3110; x_wconf 82' lang='lat' dir='ltr'>humanam,</span> <span class='ocrx_word' id='word_1_676' title='bbox 3272 3049 3328 3099; x_wconf 90' lang='lat' dir='ltr'>et</span> <span class='ocrx_word' id='word_1_677' title='bbox 3355 3045 3492 3103; x_wconf 90' lang='lat' dir='ltr'>ideo</span> <span class='ocrx_word' id='word_1_678' title='bbox 3547 3064 3735 3105; x_wconf 91' lang='lat' dir='ltr'>unam</span> 
     </span>
    </p>
   </div>
   <div class='ocr_carea' id='block_1_92' title="bbox 2082 3128 3738 3201">
    <p class='ocr_par' dir='ltr' id='par_1_92' title="bbox 2082 3128 3738 3201">
     <span class='ocr_line' id='line_1_92' title="bbox 2082 3128 3738 3201; baseline 0.005 -16"><span class='ocrx_word' id='word_1_679' title='bbox 2082 3133 2361 3185; x_wconf 88' lang='lat' dir='ltr'>naturam</span> <span class='ocrx_word' id='word_1_680' title='bbox 2394 3128 2726 3201; x_wconf 88' lang='lat' dir='ltr'>appellare.</span> <span class='ocrx_word' id='word_1_681' title='bbox 2767 3130 2931 3185; x_wconf 92' lang='lat' dir='ltr'>Unde</span> <span class='ocrx_word' id='word_1_682' title='bbox 2955 3132 3045 3186; x_wconf 90' lang='lat' dir='ltr'>sui</span> <span class='ocrx_word' id='word_1_683' title='bbox 3071 3130 3431 3190; x_wconf 90' lang='lat' dir='ltr'>defendendi</span> <span class='ocrx_word' id='word_1_684' title='bbox 3459 3153 3644 3193; x_wconf 88' lang='lat' dir='ltr'>causa</span> <span class='ocrx_word' id='word_1_685' title='bbox 3664 3138 3738 3193; x_wconf 90' lang='lat' dir='ltr'>iis</span> 
     </span>
    </p>
   </div>
   <div class='ocr_carea' id='block_1_93' title="bbox 2083 3218 3738 3293">
    <p class='ocr_par' dir='ltr' id='par_1_93' title="bbox 2083 3218 3738 3293">
     <span class='ocr_line' id='line_1_93' title="bbox 2083 3218 3738 3293; baseline 0.005 -19"><span class='ocrx_word' id='word_1_686' title='bbox 2083 3220 2189 3293; x_wconf 88' lang='lat' dir='ltr'>qui</span> <span class='ocrx_word' id='word_1_687' title='bbox 2235 3220 2332 3291; x_wconf 93' lang='lat' dir='ltr'>pie</span> <span class='ocrx_word' id='word_1_688' title='bbox 2389 3218 2597 3275; x_wconf 89' lang='lat' dir='ltr'>dicunt</span> <span class='ocrx_word' id='word_1_689' title='bbox 2636 3221 2792 3275; x_wconf 86' lang='lat' dir='ltr'>duas</span> <span class='ocrx_word' id='word_1_690' title='bbox 2834 3235 2966 3275; x_wconf 92' lang='lat' dir='ltr'>esse</span> <span class='ocrx_word' id='word_1_691' title='bbox 3005 3221 3066 3276; x_wconf 91' lang='lat' dir='ltr'>in</span> <span class='ocrx_word' id='word_1_692' title='bbox 3114 3222 3344 3279; x_wconf 87' lang='lat' dir='ltr'>Christo</span> <span class='ocrx_word' id='word_1_693' title='bbox 3370 3230 3618 3282; x_wconf 89' lang='lat' dir='ltr'>naturas</span> <span class='ocrx_word' id='word_1_694' title='bbox 3649 3243 3738 3283; x_wconf 87' lang='lat' dir='ltr'>re-</span> 
     </span>
    </p>
   </div>
   <div class='ocr_carea' id='block_1_94' title="bbox 2086 3308 3741 3389">
    <p class='ocr_par' dir='ltr' id='par_1_94' title="bbox 2086 3308 3741 3389">
     <span class='ocr_line' id='line_1_94' title="bbox 2086 3308 3741 3389; baseline 0.007 -27"><span class='ocrx_word' id='word_1_695' title='bbox 2086 3308 2387 3389; x_wconf 79' lang='lat' dir='ltr'>spondent</span> <span class='ocrx_word' id='word_1_696' title='bbox 2418 3323 2541 3363; x_wconf 93' lang='lat' dir='ltr'>non</span> <span class='ocrx_word' id='word_1_697' title='bbox 2567 3323 2697 3363; x_wconf 90' lang='lat' dir='ltr'>esse</span> <span class='ocrx_word' id='word_1_698' title='bbox 2727 3311 3007 3364; x_wconf 90' lang='lat' dir='ltr'>naturam</span> <span class='ocrx_word' id='word_1_699' title='bbox 3030 3310 3260 3383; x_wconf 89' lang='lat' dir='ltr'>absque</span> <span class='ocrx_word' id='word_1_700' title='bbox 3285 3312 3605 3385; x_wconf 88' lang='lat' dir='ltr'>hypostasi</span> <span class='ocrx_word' id='word_1_701' title='bbox 3633 3332 3741 3373; x_wconf 91' lang='lat' dir='ltr'>seu</span> 
     </span>
    </p>
   </div>
   <div class='ocr_carea' id='block_1_95' title="bbox 2084 3397 3742 3471">
    <p class='ocr_par' dir='ltr' id='par_1_95' title="bbox 2084 3397 3742 3471">
     <span class='ocr_line' id='line_1_95' title="bbox 2084 3397 3742 3471; baseline 0.005 -17"><span class='ocrx_word' id='word_1_702' title='bbox 2084 3413 2375 3471; x_wconf 85' lang='lat' dir='ltr'>persona.</span> <span class='ocrx_word' id='word_1_703' title='bbox 2416 3399 2483 3453; x_wconf 90' lang='lat' dir='ltr'>Et</span> <span class='ocrx_word' id='word_1_704' title='bbox 2511 3412 2613 3453; x_wconf 93' lang='lat' dir='ltr'>eos</span> <span class='ocrx_word' id='word_1_705' title='bbox 2642 3397 2747 3469; x_wconf 88' lang='lat' dir='ltr'>qui</span> <span class='ocrx_word' id='word_1_706' title='bbox 2792 3398 2946 3453; x_wconf 87' lang='lat' dir='ltr'>duas</span> <span class='ocrx_word' id='word_1_707' title='bbox 2976 3415 3104 3454; x_wconf 89' lang='lat' dir='ltr'>esse</span> <span class='ocrx_word' id='word_1_708' title='bbox 3133 3400 3196 3455; x_wconf 89' lang='lat' dir='ltr'>in</span> <span class='ocrx_word' id='word_1_709' title='bbox 3227 3401 3451 3459; x_wconf 88' lang='lat' dir='ltr'>Christo</span> <span class='ocrx_word' id='word_1_710' title='bbox 3491 3409 3742 3462; x_wconf 90' lang='lat' dir='ltr'>naturas</span> 
     </span>
    </p>
   </div>
   <div class='ocr_carea' id='block_1_96' title="bbox 2087 3485 3744 3562">
    <p class='ocr_par' dir='ltr' id='par_1_96' title="bbox 2087 3485 3744 3562">
     <span class='ocr_line' id='line_1_96' title="bbox 2087 3485 3744 3562; baseline 0.004 -19"><span class='ocrx_word' id='word_1_711' title='bbox 2087 3488 2412 3560; x_wconf 88' lang='lat' dir='ltr'>opinantur</span> <span class='ocrx_word' id='word_1_712' title='bbox 2452 3492 2508 3542; x_wconf 89' lang='lat' dir='ltr'>et</span> <span class='ocrx_word' id='word_1_713' title='bbox 2549 3485 2702 3543; x_wconf 90' lang='lat' dir='ltr'>duas</span> <span class='ocrx_word' id='word_1_714' title='bbox 2745 3487 3132 3559; x_wconf 83' lang='lat' dir='ltr'>hypostases,</span> <span class='ocrx_word' id='word_1_715' title='bbox 3160 3493 3226 3545; x_wconf 90' lang='lat' dir='ltr'>ut</span> <span class='ocrx_word' id='word_1_716' title='bbox 3254 3493 3609 3562; x_wconf 84' lang='lat' dir='ltr'>Nestorium,</span> <span class='ocrx_word' id='word_1_717' title='bbox 3656 3495 3744 3551; x_wconf 92' lang='lat' dir='ltr'>in-</span> 
     </span>
    </p>
   </div>
   <div class='ocr_carea' id='block_1_97' title="bbox 2088 3578 3743 3655">
    <p class='ocr_par' dir='ltr' id='par_1_97' title="bbox 2088 3578 3743 3655">
     <span class='ocr_line' id='line_1_97' title="bbox 2088 3578 3743 3655; baseline 0.004 -21"><span class='ocrx_word' id='word_1_718' title='bbox 2088 3578 2327 3647; x_wconf 89' lang='lat' dir='ltr'>ducere,</span> <span class='ocrx_word' id='word_1_719' title='bbox 2347 3582 2402 3633; x_wconf 92' lang='lat' dir='ltr'>et</span> <span class='ocrx_word' id='word_1_720' title='bbox 2424 3592 2546 3633; x_wconf 88' lang='lat' dir='ltr'>non</span> <span class='ocrx_word' id='word_1_721' title='bbox 2574 3581 2691 3633; x_wconf 88' lang='lat' dir='ltr'>tres</span> <span class='ocrx_word' id='word_1_722' title='bbox 2714 3594 3005 3650; x_wconf 89' lang='lat' dir='ltr'>personas</span> <span class='ocrx_word' id='word_1_723' title='bbox 3024 3595 3128 3635; x_wconf 89' lang='lat' dir='ltr'>seu</span> <span class='ocrx_word' id='word_1_724' title='bbox 3151 3584 3265 3636; x_wconf 88' lang='lat' dir='ltr'>tres</span> <span class='ocrx_word' id='word_1_725' title='bbox 3294 3580 3657 3655; x_wconf 86' lang='lat' dir='ltr'>hypostases</span> <span class='ocrx_word' id='word_1_726' title='bbox 3682 3586 3743 3641; x_wconf 90' lang='lat' dir='ltr'>in</span> 
     </span>
    </p>
   </div>
   <div class='ocr_carea' id='block_1_98' title="bbox 2090 3666 3741 3744">
    <p class='ocr_par' dir='ltr' id='par_1_98' title="bbox 2090 3666 3741 3744">
     <span class='ocr_line' id='line_1_98' title="bbox 2090 3666 3741 3744; baseline 0.005 -22"><span class='ocrx_word' id='word_1_727' title='bbox 2090 3674 2303 3724; x_wconf 91' lang='lat' dir='ltr'>sancta</span> <span class='ocrx_word' id='word_1_728' title='bbox 2332 3666 2609 3723; x_wconf 86' lang='lat' dir='ltr'>Trinitate</span> <span class='ocrx_word' id='word_1_729' title='bbox 2640 3666 2907 3723; x_wconf 90' lang='lat' dir='ltr'>dicentes</span> <span class='ocrx_word' id='word_1_730' title='bbox 2937 3669 3204 3739; x_wconf 88' lang='lat' dir='ltr'>reperiri,</span> <span class='ocrx_word' id='word_1_731' title='bbox 3233 3670 3340 3726; x_wconf 91' lang='lat' dir='ltr'>sed</span> <span class='ocrx_word' id='word_1_732' title='bbox 3374 3676 3431 3727; x_wconf 89' lang='lat' dir='ltr'>et</span> <span class='ocrx_word' id='word_1_733' title='bbox 3458 3678 3741 3744; x_wconf 89' lang='lat' dir='ltr'>quatuor.</span> 
     </span>
    </p>
   </div>
   <div class='ocr_carea' id='block_1_99' title="bbox 2090 3756 3743 3831">
    <p class='ocr_par' dir='ltr' id='par_1_99' title="bbox 2090 3756 3743 3831">
     <span class='ocr_line' id='line_1_99' title="bbox 2090 3756 3743 3831; baseline 0.004 -18"><span class='ocrx_word' id='word_1_734' title='bbox 2090 3757 2306 3813; x_wconf 86' lang='lat' dir='ltr'>Etinde</span> <span class='ocrx_word' id='word_1_735' title='bbox 2329 3756 2877 3812; x_wconf 91' lang='lat' dir='ltr'>Chalcedonensem</span> <span class='ocrx_word' id='word_1_736' title='bbox 2898 3757 3200 3830; x_wconf 87' lang='lat' dir='ltr'>synodum</span> <span class='ocrx_word' id='word_1_737' title='bbox 3216 3762 3743 3831; x_wconf 84' lang='lat' dir='ltr'>anathematizant,</span> 
     </span>
    </p>
   </div>
   <div class='ocr_carea' id='block_1_100' title="bbox 2090 3846 3745 3923">
    <p class='ocr_par' dir='ltr' id='par_1_100' title="bbox 2090 3846 3745 3923">
     <span class='ocr_line' id='line_1_100' title="bbox 2090 3846 3745 3923; baseline 0.004 -20"><span class='ocrx_word' id='word_1_738' title='bbox 2090 3852 2293 3919; x_wconf 90' lang='lat' dir='ltr'>utpote</span> <span class='ocrx_word' id='word_1_739' title='bbox 2350 3863 2487 3919; x_wconf 68' lang='lat' dir='ltr'>quas</span> <span class='ocrx_word' id='word_1_740' title='bbox 2519 3846 2675 3902; x_wconf 90' lang='lat' dir='ltr'>duas</span> <span class='ocrx_word' id='word_1_741' title='bbox 2728 3848 2789 3902; x_wconf 91' lang='lat' dir='ltr'>in</span> <span class='ocrx_word' id='word_1_742' title='bbox 2838 3847 3068 3904; x_wconf 88' lang='lat' dir='ltr'>Christo</span> <span class='ocrx_word' id='word_1_743' title='bbox 3096 3848 3456 3923; x_wconf 86' lang='lat' dir='ltr'>hypostases</span> <span class='ocrx_word' id='word_1_744' title='bbox 3486 3868 3614 3908; x_wconf 92' lang='lat' dir='ltr'>esse</span> <span class='ocrx_word' id='word_1_745' title='bbox 3644 3853 3745 3908; x_wconf 92' lang='lat' dir='ltr'>de-</span> 
     </span>
    </p>
   </div>
   <div class='ocr_carea' id='block_1_101' title="bbox 2089 3937 3751 4016">
    <p class='ocr_par' dir='ltr' id='par_1_101' title="bbox 2089 3937 3751 4016">
     <span class='ocr_line' id='line_1_101' title="bbox 2089 3937 3751 4016; baseline 0.004 -22"><span class='ocrx_word' id='word_1_746' title='bbox 2089 3937 2339 3994; x_wconf 89' lang='lat' dir='ltr'>creverit</span> <span class='ocrx_word' id='word_1_747' title='bbox 2369 3955 2380 3991; x_wconf 90' lang='lat'><strong>:</strong></span> <span class='ocrx_word' id='word_1_748' title='bbox 2412 3937 2493 3994; x_wconf 88' lang='lat' dir='ltr'>ita</span> <span class='ocrx_word' id='word_1_749' title='bbox 2523 3938 2681 3992; x_wconf 90' lang='lat' dir='ltr'>enim</span> <span class='ocrx_word' id='word_1_750' title='bbox 2705 3937 3037 3993; x_wconf 85' lang='lat' dir='ltr'>secundum</span> <span class='ocrx_word' id='word_1_751' title='bbox 3073 3955 3250 3995; x_wconf 89' lang='lat' dir='ltr'>suam</span> <span class='ocrx_word' id='word_1_752' title='bbox 3283 3940 3619 3999; x_wconf 89' lang='lat' dir='ltr'>doctrinam</span> <span class='ocrx_word' id='word_1_753' title='bbox 3645 3958 3751 4016; x_wconf 86' lang='lat' dir='ltr'>ap-</span> 
     </span>
    </p>
   </div>
   <div class='ocr_carea' id='block_1_102' title="bbox 2078 4028 3747 4107">
    <p class='ocr_par' dir='ltr' id='par_1_102' title="bbox 2078 4028 3747 4107">
     <span class='ocr_line' id='line_1_102' title="bbox 2078 4028 3747 4107; baseline 0.004 -25"><span class='ocrx_word' id='word_1_754' title='bbox 2078 4028 2315 4107; x_wconf 78' lang='lat' dir='ltr'>pellant</span> <span class='ocrx_word' id='word_1_755' title='bbox 2368 4032 2637 4082; x_wconf 91' lang='lat' dir='ltr'>naturas.</span> <span class='ocrx_word' id='word_1_756' title='bbox 2696 4028 2913 4083; x_wconf 92' lang='lat' dir='ltr'>Sancto</span> <span class='ocrx_word' id='word_1_757' title='bbox 2970 4034 3174 4085; x_wconf 88' lang='lat' dir='ltr'>autem</span> <span class='ocrx_word' id='word_1_758' title='bbox 3227 4030 3443 4103; x_wconf 89' lang='lat' dir='ltr'>Cyrillo</span> <span class='ocrx_word' id='word_1_759' title='bbox 3503 4037 3569 4088; x_wconf 93' lang='lat' dir='ltr'>ut</span> <span class='ocrx_word' id='word_1_760' title='bbox 3622 4048 3747 4088; x_wconf 71' lang='lat' dir='ltr'>suae</span> 
     </span>
    </p>
   </div>
   <div class='ocr_carea' id='block_1_103' title="bbox 2077 4115 3749 4191">
    <p class='ocr_par' dir='ltr' id='par_1_103' title="bbox 2077 4115 3749 4191">
     <span class='ocr_line' id='line_1_103' title="bbox 2077 4115 3749 4191; baseline 0.003 -19"><span class='ocrx_word' id='word_1_761' title='bbox 2077 4117 2384 4172; x_wconf 66' lang='lat' dir='ltr'>haereseos</span> <span class='ocrx_word' id='word_1_762' title='bbox 2412 4115 2703 4187; x_wconf 89' lang='lat' dir='ltr'>complice</span> <span class='ocrx_word' id='word_1_763' title='bbox 2744 4121 3014 4187; x_wconf 87' lang='lat' dir='ltr'>utuntur,</span> <span class='ocrx_word' id='word_1_764' title='bbox 3043 4134 3114 4174; x_wconf 92' lang='lat' dir='ltr'>eo</span> <span class='ocrx_word' id='word_1_765' title='bbox 3157 4119 3327 4191; x_wconf 90' lang='lat' dir='ltr'>quod</span> <span class='ocrx_word' id='word_1_766' title='bbox 3374 4120 3589 4177; x_wconf 84' lang='lat' dir='ltr'>dixerit</span> <span class='ocrx_word' id='word_1_767' title='bbox 3615 4123 3749 4177; x_wconf 90' lang='lat' dir='ltr'>uni-</span> 
     </span>
    </p>
   </div>
   <div class='ocr_carea' id='block_1_104' title="bbox 2093 4206 3750 4275">
    <p class='ocr_par' dir='ltr' id='par_1_104' title="bbox 2093 4206 3750 4275">
     <span class='ocr_line' id='line_1_104' title="bbox 2093 4206 3750 4275; baseline 0.003 -13"><span class='ocrx_word' id='word_1_768' title='bbox 2093 4223 2227 4262; x_wconf 91' lang='lat' dir='ltr'>cam</span> <span class='ocrx_word' id='word_1_769' title='bbox 2260 4221 2389 4262; x_wconf 91' lang='lat' dir='ltr'>esse</span> <span class='ocrx_word' id='word_1_770' title='bbox 2414 4209 2697 4261; x_wconf 89' lang='lat' dir='ltr'>naturam</span> <span class='ocrx_word' id='word_1_771' title='bbox 2726 4206 2898 4261; x_wconf 84' lang='lat' dir='ltr'>Verbi</span> <span class='ocrx_word' id='word_1_772' title='bbox 2924 4206 3323 4275; x_wconf 88' lang='lat' dir='ltr'>incarnatam,</span> <span class='ocrx_word' id='word_1_773' title='bbox 3358 4209 3516 4265; x_wconf 89' lang='lat' dir='ltr'>hanc</span> <span class='ocrx_word' id='word_1_774' title='bbox 3537 4226 3750 4267; x_wconf 92' lang='lat' dir='ltr'>vocem</span> 
     </span>
    </p>
   </div>
   <div class='ocr_carea' id='block_1_105' title="bbox 2093 4294 3753 4371">
    <p class='ocr_par' dir='ltr' id='par_1_105' title="bbox 2093 4294 3753 4371">
     <span class='ocr_line' id='line_1_105' title="bbox 2093 4294 3753 4371; baseline 0.002 -18"><span class='ocrx_word' id='word_1_775' title='bbox 2093 4312 2213 4353; x_wconf 89' lang='lat' dir='ltr'>non</span> <span class='ocrx_word' id='word_1_776' title='bbox 2262 4295 2323 4351; x_wconf 92' lang='lat' dir='ltr'>in</span> <span class='ocrx_word' id='word_1_777' title='bbox 2364 4294 2579 4351; x_wconf 92' lang='lat' dir='ltr'>eodem</span> <span class='ocrx_word' id='word_1_778' title='bbox 2628 4310 2808 4351; x_wconf 89' lang='lat' dir='ltr'>sensu</span> <span class='ocrx_word' id='word_1_779' title='bbox 2858 4311 3044 4367; x_wconf 89' lang='lat' dir='ltr'>quam</span> <span class='ocrx_word' id='word_1_780' title='bbox 3092 4296 3189 4352; x_wconf 91' lang='lat' dir='ltr'>ille</span> <span class='ocrx_word' id='word_1_781' title='bbox 3220 4305 3605 4371; x_wconf 89' lang='lat' dir='ltr'>usurpantes,</span> <span class='ocrx_word' id='word_1_782' title='bbox 3645 4300 3753 4356; x_wconf 93' lang='lat' dir='ltr'>sed</span> 
     </span>
    </p>
   </div>
   <div class='ocr_carea' id='block_1_106' title="bbox 2092 4386 3755 4463">
    <p class='ocr_par' dir='ltr' id='par_1_106' title="bbox 2092 4386 3755 4463">
     <span class='ocr_line' id='line_1_106' title="bbox 2092 4386 3755 4463; baseline 0.003 -21"><span class='ocrx_word' id='word_1_783' title='bbox 2092 4387 2253 4443; x_wconf 90' lang='lat' dir='ltr'>hanc</span> <span class='ocrx_word' id='word_1_784' title='bbox 2283 4390 2563 4441; x_wconf 90' lang='lat' dir='ltr'>naturam</span> <span class='ocrx_word' id='word_1_785' title='bbox 2614 4401 2744 4441; x_wconf 90' lang='lat' dir='ltr'>esse</span> <span class='ocrx_word' id='word_1_786' title='bbox 2792 4386 3168 4442; x_wconf 89' lang='lat' dir='ltr'>contendunt</span> <span class='ocrx_word' id='word_1_787' title='bbox 3206 4403 3342 4444; x_wconf 88' lang='lat' dir='ltr'>eam</span> <span class='ocrx_word' id='word_1_788' title='bbox 3371 4405 3561 4462; x_wconf 90' lang='lat' dir='ltr'>quam</span> <span class='ocrx_word' id='word_1_789' title='bbox 3612 4393 3755 4463; x_wconf 89' lang='lat' dir='ltr'>post</span> 
     </span>
    </p>
   </div>
   <div class='ocr_carea' id='block_1_107' title="bbox 2096 4475 3756 4549">
    <p class='ocr_par' dir='ltr' id='par_1_107' title="bbox 2096 4475 3756 4549">
     <span class='ocr_line' id='line_1_107' title="bbox 2096 4475 3756 4549; baseline 0.003 -18"><span class='ocrx_word' id='word_1_790' title='bbox 2096 4477 2363 4532; x_wconf 90' lang='lat' dir='ltr'>unionen</span> <span class='ocrx_word' id='word_1_791' title='bbox 2407 4475 2724 4532; x_wconf 84' lang='lat' dir='ltr'>confusam</span> <span class='ocrx_word' id='word_1_792' title='bbox 2773 4490 2909 4531; x_wconf 91' lang='lat' dir='ltr'>esse</span> <span class='ocrx_word' id='word_1_793' title='bbox 2963 4475 3191 4549; x_wconf 89' lang='lat' dir='ltr'>dicunt,</span> <span class='ocrx_word' id='word_1_794' title='bbox 3223 4477 3348 4535; x_wconf 90' lang='lat' dir='ltr'>imo</span> <span class='ocrx_word' id='word_1_795' title='bbox 3389 4478 3451 4534; x_wconf 89' lang='lat' dir='ltr'>in</span> <span class='ocrx_word' id='word_1_796' title='bbox 3481 4479 3756 4537; x_wconf 89' lang='lat' dir='ltr'>divinita-</span> 
     </span>
    </p>
   </div>
   <div class='ocr_carea' id='block_1_108' title="bbox 2014 4553 2625 4624">
    <p class='ocr_par' dir='ltr' id='par_1_108' title="bbox 2014 4553 2625 4624">
     <span class='ocr_line' id='line_1_108' title="bbox 2014 4553 2625 4624; baseline -0.005 0"><span class='ocrx_word' id='word_1_797' title='bbox 2014 4553 2059 4608; x_wconf 81' lang='grc' dir='ltr'>Ῑ)</span> <span class='ocrx_word' id='word_1_798' title='bbox 2098 4572 2217 4624; x_wconf 90' lang='lat' dir='ltr'>tem</span> <span class='ocrx_word' id='word_1_799' title='bbox 2246 4581 2625 4623; x_wconf 87' lang='lat' dir='ltr'>conversam.</span> 
     </span>
    </p>
   </div>
   <div class='ocr_carea' id='block_1_109' title="bbox 2173 4727 3753 4802">
    <p class='ocr_par' dir='ltr' id='par_1_109' title="bbox 2173 4727 3753 4802">
     <span class='ocr_line' id='line_1_109' title="bbox 2173 4727 3753 4802; baseline 0.003 -15"><span class='ocrx_word' id='word_1_800' title='bbox 2173 4731 2255 4787; x_wconf 75' lang='grc'>14.</span> <span class='ocrx_word' id='word_1_801' title='bbox 2334 4732 2559 4786; x_wconf 84' lang='lat' dir='ltr'>Rursus</span> <span class='ocrx_word' id='word_1_802' title='bbox 2634 4727 2818 4784; x_wconf 90' lang='lat' dir='ltr'>iidem</span> <span class='ocrx_word' id='word_1_803' title='bbox 2888 4728 3073 4801; x_wconf 90' lang='lat' dir='ltr'>impie</span> <span class='ocrx_word' id='word_1_804' title='bbox 3145 4729 3303 4787; x_wconf 90' lang='lat' dir='ltr'>hanc</span> <span class='ocrx_word' id='word_1_805' title='bbox 3369 4732 3753 4802; x_wconf 63' lang='lat' dir='ltr'>evangelista:</span> 
     </span>
    </p>
   </div>
   <div class='ocr_carea' id='block_1_110' title="bbox 2094 4817 3754 4881">
    <p class='ocr_par' dir='ltr' id='par_1_110' title="bbox 2094 4817 3754 4881">
     <span class='ocr_line' id='line_1_110' title="bbox 2094 4817 3754 4881; baseline 0.001 -3"><span class='ocrx_word' id='word_1_806' title='bbox 2094 4819 2340 4878; x_wconf 86' lang='lat' dir='ltr'>Joannis</span> <span class='ocrx_word' id='word_1_807' title='bbox 2398 4833 2610 4874; x_wconf 90' lang='lat' dir='ltr'>vocem</span> <span class='ocrx_word' id='word_1_808' title='bbox 2674 4817 3090 4875; x_wconf 89' lang='lat' dir='ltr'>adhibentes:</span> <span class='ocrx_word' id='word_1_809' title='bbox 3150 4820 3231 4876; x_wconf 84' lang='lat' dir='ltr'>Et</span> <span class='ocrx_word' id='word_1_810' title='bbox 3300 4822 3553 4880; x_wconf 82' lang='lat' dir='ltr'>Verbum</span> <span class='ocrx_word' id='word_1_811' title='bbox 3610 4839 3754 4881; x_wconf 81' lang='lat' dir='ltr'>caro</span> 
     </span>
    </p>
   </div>
   <div class='ocr_carea' id='block_1_111' title="bbox 2093 4908 3756 4983">
    <p class='ocr_par' dir='ltr' id='par_1_111' title="bbox 2093 4908 3756 4983">
     <span class='ocr_line' id='line_1_111' title="bbox 2093 4908 3756 4983; baseline 0.002 -16"><span class='ocrx_word' id='word_1_812' title='bbox 2093 4913 2321 4983; x_wconf 80' lang='lat' dir='ltr'>factum</span> <span class='ocrx_word' id='word_1_813' title='bbox 2365 4914 2496 4973; x_wconf 83' lang='lat' dir='ltr'>est;</span> <span class='ocrx_word' id='word_1_814' title='bbox 2551 4908 3021 4981; x_wconf 91' lang='lat' dir='ltr'>invocantesque</span> <span class='ocrx_word' id='word_1_815' title='bbox 3072 4909 3185 4966; x_wconf 88' lang='lat' dir='ltr'>has</span> <span class='ocrx_word' id='word_1_816' title='bbox 3241 4910 3404 4968; x_wconf 89' lang='lat' dir='ltr'>beati</span> <span class='ocrx_word' id='word_1_817' title='bbox 3441 4912 3756 4970; x_wconf 85' lang='lat' dir='ltr'>Athanasii</span> 
     </span>
    </p>
   </div>
   <div class='ocr_carea' id='block_1_112' title="bbox 2094 4997 3757 5068">
    <p class='ocr_par' dir='ltr' id='par_1_112' title="bbox 2094 4997 3757 5068">
     <span class='ocr_line' id='line_1_112' title="bbox 2094 4997 3757 5068; baseline 0.002 -10"><span class='ocrx_word' id='word_1_818' title='bbox 2094 5017 2311 5058; x_wconf 89' lang='lat' dir='ltr'>voces:</span> <span class='ocrx_word' id='word_1_819' title='bbox 2344 5021 2372 5052; x_wconf 79' lang='grc' dir='ltr'>(ι</span> <span class='ocrx_word' id='word_1_820' title='bbox 2406 4998 2668 5055; x_wconf 87' lang='lat' dir='ltr'>Verbum</span> <span class='ocrx_word' id='word_1_821' title='bbox 2697 5013 2838 5055; x_wconf 87' lang='lat' dir='ltr'>caro</span> <span class='ocrx_word' id='word_1_822' title='bbox 2864 4997 3092 5055; x_wconf 89' lang='lat' dir='ltr'>factum</span> <span class='ocrx_word' id='word_1_823' title='bbox 3136 5004 3245 5068; x_wconf 79' lang='lat' dir='ltr'>est,</span> <span class='ocrx_word' id='word_1_824' title='bbox 3294 5006 3362 5057; x_wconf 88' lang='lat' dir='ltr'>ut</span> <span class='ocrx_word' id='word_1_825' title='bbox 3388 5006 3445 5059; x_wconf 89' lang='lat' dir='ltr'>et</span> <span class='ocrx_word' id='word_1_826' title='bbox 3474 5018 3615 5060; x_wconf 89' lang='lat' dir='ltr'>caro</span> <span class='ocrx_word' id='word_1_827' title='bbox 3648 5004 3757 5062; x_wconf 85' lang='lat' dir='ltr'>ﬁat</span> 
     </span>
    </p>
   </div>
   <div class='ocr_carea' id='block_1_113' title="bbox 2096 5088 3755 5163">
    <p class='ocr_par' dir='ltr' id='par_1_113' title="bbox 2096 5088 3755 5163">
     <span class='ocr_line' id='line_1_113' title="bbox 2096 5088 3755 5163; baseline 0.002 -16"><span class='ocrx_word' id='word_1_828' title='bbox 2096 5091 2395 5156; x_wconf 87' lang='lat' dir='ltr'>Verbum;</span> <span class='ocrx_word' id='word_1_829' title='bbox 2432 5110 2461 5140; x_wconf 89' lang='lat'>»</span> <span class='ocrx_word' id='word_1_830' title='bbox 2490 5088 2597 5146; x_wconf 89' lang='lat' dir='ltr'>sed</span> <span class='ocrx_word' id='word_1_831' title='bbox 2627 5093 2685 5145; x_wconf 90' lang='lat' dir='ltr'>et</span> <span class='ocrx_word' id='word_1_832' title='bbox 2733 5088 3085 5159; x_wconf 80' lang='lat' dir='ltr'>Gregorium</span> <span class='ocrx_word' id='word_1_833' title='bbox 3131 5089 3505 5163; x_wconf 90' lang='lat' dir='ltr'>Theologum</span> <span class='ocrx_word' id='word_1_834' title='bbox 3548 5091 3755 5152; x_wconf 87' lang='lat' dir='ltr'>dicen-</span> 
     </span>
    </p>
   </div>
   <div class='ocr_carea' id='block_1_114' title="bbox 2096 5179 3758 5255">
    <p class='ocr_par' dir='ltr' id='par_1_114' title="bbox 2096 5179 3758 5255">
     <span class='ocr_line' id='line_1_114' title="bbox 2096 5179 3758 5255; baseline 0 -15"><span class='ocrx_word' id='word_1_835' title='bbox 2096 5187 2215 5240; x_wconf 90' lang='lat' dir='ltr'>tem</span> <span class='ocrx_word' id='word_1_836' title='bbox 2241 5199 2254 5237; x_wconf 91' lang='lat'><strong>:</strong></span> <span class='ocrx_word' id='word_1_837' title='bbox 2290 5204 2318 5231; x_wconf 90' lang='grc'>‹‹</span> <span class='ocrx_word' id='word_1_838' title='bbox 2345 5179 2553 5237; x_wconf 91' lang='lat' dir='ltr'>Audeo</span> <span class='ocrx_word' id='word_1_839' title='bbox 2583 5179 2780 5236; x_wconf 91' lang='lat' dir='ltr'>dicere</span> <span class='ocrx_word' id='word_1_840' title='bbox 2811 5180 2931 5237; x_wconf 90' lang='lat' dir='ltr'>Deo</span> <span class='ocrx_word' id='word_1_841' title='bbox 2954 5180 3212 5237; x_wconf 90' lang='lat' dir='ltr'>similem</span> <span class='ocrx_word' id='word_1_842' title='bbox 3242 5185 3300 5238; x_wconf 92' lang='lat' dir='ltr'>et</span> <span class='ocrx_word' id='word_1_843' title='bbox 3326 5181 3554 5238; x_wconf 88' lang='lat' dir='ltr'>factum</span> <span class='ocrx_word' id='word_1_844' title='bbox 3588 5183 3758 5255; x_wconf 89' lang='lat' dir='ltr'>quod</span> 
     </span>
    </p>
   </div>
   <div class='ocr_carea' id='block_1_115' title="bbox 2097 5271 3756 5344">
    <p class='ocr_par' dir='ltr' id='par_1_115' title="bbox 2097 5271 3756 5344">
     <span class='ocr_line' id='line_1_115' title="bbox 2097 5271 3756 5344; baseline 0.001 -14"><span class='ocrx_word' id='word_1_845' title='bbox 2097 5280 2186 5330; x_wconf 93' lang='lat' dir='ltr'>est</span> <span class='ocrx_word' id='word_1_846' title='bbox 2236 5272 2493 5329; x_wconf 91' lang='lat' dir='ltr'>Verbum</span> <span class='ocrx_word' id='word_1_847' title='bbox 2550 5272 2890 5342; x_wconf 89' lang='lat' dir='ltr'>inungens;</span> <span class='ocrx_word' id='word_1_848' title='bbox 2948 5293 2976 5323; x_wconf 82' lang='grc'>››</span> <span class='ocrx_word' id='word_1_849' title='bbox 3017 5276 3076 5328; x_wconf 89' lang='lat' dir='ltr'>et</span> <span class='ocrx_word' id='word_1_850' title='bbox 3120 5271 3200 5328; x_wconf 91' lang='lat' dir='ltr'>ad</span> <span class='ocrx_word' id='word_1_851' title='bbox 3229 5272 3360 5329; x_wconf 61' lang='lat' dir='ltr'>haec</span> <span class='ocrx_word' id='word_1_852' title='bbox 3404 5274 3756 5344; x_wconf 89' lang='lat' dir='ltr'>Gregorium</span> 
     </span>
    </p>
   </div>
   <div class='ocr_carea' id='block_1_116' title="bbox 2098 5361 3758 5437">
    <p class='ocr_par' dir='ltr' id='par_1_116' title="bbox 2098 5361 3758 5437">
     <span class='ocr_line' id='line_1_116' title="bbox 2098 5361 3758 5437; baseline 0.002 -17"><span class='ocrx_word' id='word_1_853' title='bbox 2098 5367 2414 5437; x_wconf 78' lang='lat' dir='ltr'>Nyssaaum</span> <span class='ocrx_word' id='word_1_854' title='bbox 2446 5362 2527 5418; x_wconf 91' lang='lat' dir='ltr'>sic</span> <span class='ocrx_word' id='word_1_855' title='bbox 2558 5361 2970 5434; x_wconf 89' lang='lat' dir='ltr'>eloquentem:</span> <span class='ocrx_word' id='word_1_856' title='bbox 2998 5384 3026 5412; x_wconf 76' lang='grc' dir='ltr'>α</span> <span class='ocrx_word' id='word_1_857' title='bbox 3055 5362 3589 5429; x_wconf 83' lang='lat' dir='ltr'>Quemadmodum</span> <span class='ocrx_word' id='word_1_858' title='bbox 3605 5366 3758 5423; x_wconf 89' lang='lat' dir='ltr'>aceti</span> 
     </span>
    </p>
   </div>
   <div class='ocr_carea' id='block_1_117' title="bbox 2098 5442 3760 5526">
    <p class='ocr_par' dir='ltr' id='par_1_117' title="bbox 2098 5442 3760 5526">
     <span class='ocr_line' id='line_1_117' title="bbox 2098 5442 3760 5526; baseline 0.002 -16"><span class='ocrx_word' id='word_1_859' title='bbox 2098 5459 2267 5526; x_wconf 86' lang='lat' dir='ltr'>gutta</span> <span class='ocrx_word' id='word_1_860' title='bbox 2317 5453 2380 5508; x_wconf 90' lang='lat' dir='ltr'>in</span> <span class='ocrx_word' id='word_1_861' title='bbox 2434 5452 2619 5509; x_wconf 86' lang='lat' dir='ltr'>maris</span> <span class='ocrx_word' id='word_1_862' title='bbox 2678 5442 2895 5523; x_wconf 79' lang='lat' dir='ltr'>pelago</span> <span class='ocrx_word' id='word_1_863' title='bbox 2944 5450 3238 5526; x_wconf 82' lang='lat' dir='ltr'>immersa</span> <span class='ocrx_word' id='word_1_864' title='bbox 3282 5468 3410 5509; x_wconf 89' lang='lat' dir='ltr'>non</span> <span class='ocrx_word' id='word_1_865' title='bbox 3444 5454 3575 5526; x_wconf 90' lang='lat' dir='ltr'>jam</span> <span class='ocrx_word' id='word_1_866' title='bbox 3605 5456 3760 5513; x_wconf 87' lang='lat' dir='ltr'>aceti</span> 
     </span>
    </p>
   </div>
   <div class='ocr_carea' id='block_1_118' title="bbox 2097 5524 3761 5618">
    <p class='ocr_par' dir='ltr' id='par_1_118' title="bbox 2097 5524 3761 5618">
     <span class='ocr_line' id='line_1_118' title="bbox 2097 5524 3761 5618; baseline 0.001 -17"><span class='ocrx_word' id='word_1_867' title='bbox 2097 5524 2492 5618; x_wconf 83' lang='lat' dir='ltr'>proprietates</span> <span class='ocrx_word' id='word_1_868' title='bbox 2542 5542 2774 5611; x_wconf 91' lang='lat' dir='ltr'>retinet,</span> <span class='ocrx_word' id='word_1_869' title='bbox 2833 5540 2941 5598; x_wconf 92' lang='lat' dir='ltr'>sed</span> <span class='ocrx_word' id='word_1_870' title='bbox 2981 5524 3276 5599; x_wconf 76' lang='lat' dir='ltr'>conversa</span> <span class='ocrx_word' id='word_1_871' title='bbox 3326 5547 3384 5600; x_wconf 91' lang='lat' dir='ltr'>et</span> <span class='ocrx_word' id='word_1_872' title='bbox 3437 5524 3761 5603; x_wconf 84' lang='lat' dir='ltr'>commista</span> 
     </span>
    </p>
   </div>
   <div class='ocr_carea' id='block_1_119' title="bbox 2100 5631 3762 5705">
    <p class='ocr_par' dir='ltr' id='par_1_119' title="bbox 2100 5631 3762 5705">
     <span class='ocr_line' id='line_1_119' title="bbox 2100 5631 3762 5705; baseline 0.001 -14"><span class='ocrx_word' id='word_1_873' title='bbox 2100 5638 2190 5691; x_wconf 88' lang='lat' dir='ltr'>est</span> <span class='ocrx_word' id='word_1_874' title='bbox 2242 5634 2304 5689; x_wconf 89' lang='lat' dir='ltr'>in</span> <span class='ocrx_word' id='word_1_875' title='bbox 2351 5632 2537 5689; x_wconf 88' lang='lat' dir='ltr'>maris</span> <span class='ocrx_word' id='word_1_876' title='bbox 2584 5646 2883 5705; x_wconf 88' lang='lat' dir='ltr'>aquarum</span> <span class='ocrx_word' id='word_1_877' title='bbox 2922 5631 3357 5705; x_wconf 87' lang='lat' dir='ltr'>proprietates;</span> <span class='ocrx_word' id='word_1_878' title='bbox 3412 5634 3496 5690; x_wconf 90' lang='lat' dir='ltr'>ita</span> <span class='ocrx_word' id='word_1_879' title='bbox 3529 5650 3673 5692; x_wconf 90' lang='lat' dir='ltr'>sane</span> <span class='ocrx_word' id='word_1_880' title='bbox 3704 5638 3762 5692; x_wconf 89' lang='lat' dir='ltr'>et</span> 
     </span>
    </p>
   </div>
   <div class='ocr_carea' id='block_1_120' title="bbox 2101 5716 3764 5793">
    <p class='ocr_par' dir='ltr' id='par_1_120' title="bbox 2101 5716 3764 5793">
     <span class='ocr_line' id='line_1_120' title="bbox 2101 5716 3764 5793; baseline 0.001 -11"><span class='ocrx_word' id='word_1_881' title='bbox 2101 5724 2552 5783; x_wconf 89' lang='lat' dir='ltr'>sanctissimum</span> <span class='ocrx_word' id='word_1_882' title='bbox 2575 5716 2741 5780; x_wconf 77' lang='lat' dir='ltr'>illud</span> <span class='ocrx_word' id='word_1_883' title='bbox 2779 5734 3001 5793; x_wconf 86' lang='lat' dir='ltr'>corpus</span> <span class='ocrx_word' id='word_1_884' title='bbox 3039 5722 3434 5781; x_wconf 82' lang='lat' dir='ltr'>commistum</span> <span class='ocrx_word' id='word_1_885' title='bbox 3462 5723 3764 5785; x_wconf 86' lang='lat' dir='ltr'>divinitati</span> 
     </span>
    </p>
   </div>
  </div>
