4508 6436
792 403 890 455 103

785 615 1219 671 ratiocinantur
1252 625 1264 662 :
1300 631 1327 659 ι
1362 608 1508 661 Cum
1543 617 1683 657 caro
1724 598 1982 653 Verbum
2028 597 2251 652 factum
2287 597 2359 651 sit
2390 602 2445 654 et

790 704 909 757 Deo
959 693 1512 759 consubstantialis,
1547 695 1603 746 et
1632 687 1824 743 Verbo
1856 685 2174 741 commista
2202 685 2275 740 sit
2298 690 2353 741 et
2381 686 2442 741 in

785 792 933 847 illud
961 803 1277 851 conversa,
1312 779 1624 856 quomodo
1656 781 1908 850 possunt
1934 775 2051 829 dici
2092 774 2228 829 duae
2274 779 2443 830 natu-

787 898 888 946 rae,
918 896 1043 936 non
1073 883 1275 935 autem
1304 874 1503 940 unica,
1525 885 1661 942 quae
1688 871 1775 923 est
1799 864 2119 921 divinitatis
2139 864 2167 918 ‘I
2200 885 2228 914 »

862 1153 948 1204 15.
990 1151 1062 1202 At
1088 1160 1224 1218 qum
1256 1145 1345 1198 est
1382 1136 1910 1211 respondendum:
1946 1134 2156 1187 Creata
2183 1133 2239 1186 et
2274 1129 2445 1185 ﬁnita

789 1245 1008 1297 natura
1026 1250 1270 1292 rursum
1297 1237 1355 1288 et
1379 1235 1518 1304 post
1538 1227 1826 1283 unionem
1850 1224 1909 1278 in
1932 1222 2054 1277 suis
2070 1220 2445 1276 naturalibus

789 1326 1256 1404 proprietatibus
1277 1319 1629 1395 permansit,
1650 1331 1770 1371 non
1799 1313 2047 1371 omnino
2075 1326 2366 1367 conversa
2386 1309 2448 1364 in

789 1400 1126 1476 increatum
1153 1419 1210 1469 et
1238 1410 1538 1468 inﬁnitum
1571 1412 1629 1463 et
1656 1406 1715 1461 in
1748 1403 1900 1459 Patri
1921 1405 2307 1457 coaeternum.
2341 1400 2451 1454 Per

788 1514 1069 1565 naturam
1144 1506 1346 1559 autem
1412 1498 1669 1554 invicem
1737 1491 2146 1549 accessionem
2207 1503 2452 1543 carnem

789 1599 1134 1655 deiﬁcatam
1176 1606 1329 1655 esse,
1384 1591 1571 1643 Deum
1612 1583 1922 1639 hominem
1952 1579 2177 1634 factum
2208 1568 2454 1633 essedi-

788 1692 1000 1748 cirnus.
1025 1683 1143 1741 Nisi
1175 1680 1337 1737 enim
1366 1677 1428 1732 id
1460 1673 1895 1737 concedamus,
1924 1670 2096 1739 juxta
2119 1668 2250 1722 illos
2276 1655 2456 1724 Verbi

788 1781 1020 1834 naturae
1050 1769 1178 1833 erit,
1220 1780 1343 1820 non
1382 1766 1583 1818 autem
1638 1760 1926 1814 humanae
1962 1754 2024 1809 in
2076 1753 2306 1809 Christo
2351 1757 2458 1810 na'

2100 382 2379 439 NICETE
2416 382 2809 440 ΟΗΟΝΙΑΤᾸΞ.

786 540 909 581 non
936 524 1064 595 jam
1096 518 1291 576 carnis
1346 513 1739 589 proprietates
1794 508 2022 564 retinet.
2066 528 2094 557 »
2125 510 2318 579 Atque
2359 507 2444 563 sic
2476 508 2525 563 Α
2558 504 2755 579 ἰδίωμα
2795 523 2807 537 ·

3979 350 3984 359 ’
4046 384 4147 439 104

2873 506 3007 559 οὕτω
3074 503 3142 565 δὴ
3206 511 3295 559 xui
3355 510 3413 559 τὸ
3474 507 3728 577 παντὶ-χιον
3781 504 3938 558 ἐκεῖνο
3998 513 4151 578 σῶμα

2556 597 2938 668 συνανακραθὲν
3015 603 3077 667 τῇ
3171 598 3396 663 θεότητι,
3460 596 3633 647 οὐκέτι
3706 594 3847 647 ἐστὶν
3920 593 3968 646 ἐν
4043 602 4155 655 τοῖς

2552 693 2646 745 τῆς
2710 689 2906 755 σαρκὸς
2962 680 3237 754 ὶδιὼμασι.
3310 689 3409 736 Καὶ
3472 683 3868 754 συλλογίζονται
3933 683 4092 743 οὕτως
4134 704 4147 716 ο

2552 775 2622 834 ὡς
2650 774 2792 825 Ἐπεὶ
2848 778 2876 830 ἡ
2937 772 3070 846 σάρξ
3115 777 3291 844 γέγονε
3330 777 3497 842 Λόγος
3536 778 3626 824 καὶ
3680 774 3912 842 ὀιιὸθεος,
3948 791 4152 824 συνανε-

2550 864 2719 936 κράοη
2766 869 2837 931 τῷ
2887 866 3043 932 Λόγῳ
3098 866 3188 913 καὶ
3227 863 3564 933 μετεποιὴθη,
3629 869 3739 922 πῶς
3793 858 4013 913 δυνατὸν
4056 858 4152 913 δύο

2552 952 2715 1023 λέγειν
2756 954 2935 1022 φύσεις
2997 954 3086 1002 καὶ
3144 950 3272 1023 οὐχὶ
3319 956 3443 1023 μίαν
3496 954 3586 1003 καὶ
3636 953 3832 1008 ταύτην
3898 958 3994 1013 τῆς
4049 952 4155 1002 θεό-

2551 1056 2741 1107 τητος;

2627 1148 2700 1185 ιε.
2742 1132 2877 1201 Πρὸς
2903 1127 3032 1203 ἅπερ
3082 1127 3462 1203 ἀποκρίνασθαι
3494 1124 3578 1180 δεῖ
3630 1130 3699 1190 ὡς
3751 1130 3780 1186 ἡ
3841 1131 4029 1185 κτιστὴ
4070 1130 4157 1178 καὶ

2554 1222 2883 1293 περιγραπτὴ
2927 1220 3084 1289 φύσις
3138 1216 3291 1270 πάλιν
3343 1221 3432 1269 καὶ
3488 1220 3617 1289 μετὰ
3670 1222 3763 1275 τὴν
3830 1218 4010 1269 ἕνωσιν
4073 1214 4158 1268 ἐπὶ

2556 1316 2655 1360 τῶν
2711 1304 2859 1359 ἰδίων
2916 1311 3167 1379 μεμένηκε
3224 1314 3455 1379 φυσικῶν
3505 1302 3826 1379 ἰδιωμάτων,
3882 1303 3996 1357 οὐδ’
4038 1304 4161 1364 ὅλως

2562 1395 2947 1469 μεταϐληθεῖσα
2975 1396 3047 1458 εἰς
3097 1399 3155 1447 τὸ
3186 1397 3454 1462 οἴκτιστον,
3486 1399 3576 1447 καὶ
3620 1394 4030 1467 ἀσχημάτιστον
4072 1397 4162 1444 καὶ

2566 1483 2837 1538 συναῖδιον
2875 1494 2948 1556 τῷ
3006 1489 3172 1560 Πατρί
3203 1502 3214 1515 ·
3283 1481 3377 1537 διὰ
3423 1481 3482 1537 δὲ
3546 1488 3641 1543 τὴν
3693 1492 3793 1536 τῶν
3847 1486 4046 1556 φύσεων
4092 1482 4161 1543 εἰς

2565 1574 2762 1633 ἄλληλα
2817 1580 3203 1647 περιχώρησιν,
3256 1578 3351 1631 τὴν
3420 1575 3593 1649 σάρκα
3634 1574 3888 1631 θεωθῆναι
3921 1588 3933 1601 ⁸
3976 1574 4063 1623 τὸν
4105 1566 4165 1622 δε

2568 1668 2696 1718 Θεὸν
2751 1664 3148 1737 ἐνανθρωπῆσαί
3188 1682 3348 1735 φαμεν
3382 1683 3395 1695 ·
3439 1662 3485 1714 εἰ
3521 1664 3623 1735 γὰρ
3681 1666 3752 1734 μὴ
3802 1668 3953 1713 τοῦτο
4023 1656 4167 1715 δοίη-

2566 1773 2677 1826 μεν,
2734 1756 2883 1804 ἔσται
2938 1751 2997 1803 ἂν
3034 1761 3124 1812 τῆς
3169 1759 3261 1803 τοῦ
3327 1755 3501 1822 Λόγου
3555 1754 3757 1823 φύσεως
3804 1750 3920 1801 κατ’
3960 1748 4164 1811 αὐτοὺς,

789 1872 959 1931 turae,
1016 1858 1477 1918 incrementum,
1508 1847 1771 1915 Iactatio,
1803 1848 2015 1913 tactus,
2049 1841 2268 1908 fames,
2301 1842 2451 1907 sitis,
2493 1852 2536 1907 Β
2566 1864 2569 1891 ς

2386 1842 2451 1907 is,
2493 1852 2536 1907 Β
2566 1846 2657 1894 καὶ
2695 1842 2824 1914 οὐχὶ
2864 1849 2958 1902 τῆς
2988 1839 3036 1891 ὲν
3088 1847 3303 1914 Χριστῷ
3339 1838 3661 1913 ἀνθρωπίνης
3701 1841 3923 1911 φύσεως,
3980 1839 4010 1895 ἡ
4077 1839 4166 1887 αῦ-

788 1928 1080 2021 fatigatio,
1138 1941 1378 2013 agonia,
1422 1944 1689 2009 sputum,
1752 1930 2080 1999 cruciﬁxio,
2118 1928 2451 2000 sepultura,

788 2017 975 2100 mors.
1000 2036 1064 2093 Id
1094 2036 1177 2090 ita
1208 2028 1484 2087 Patribus
1509 2023 1718 2089 videri,
1753 2036 2015 2093 quorum
2044 2017 2290 2074 oracula
2319 2035 2455 2091 pro—

787 2133 1007 2196 ferunt,
1034 2126 1326 2183 testantur
1356 2121 1573 2184 caetera
1605 2127 1815 2168 eorum
1843 2108 2086 2181 scripta,
2112 2114 2362 2165 naturas
2392 2109 2453 2164 in

790 2220 1019 2279 Christo
1050 2228 1172 2270 non
1208 2205 1499 2266 confundi
1531 2201 1811 2258 docentia
1852 2213 2049 2269 neque
2097 2213 2452 2253 conversam

788 2326 917 2368 esse
948 2319 1191 2365 carnem
1223 2301 1282 2356 in
1314 2296 1694 2352 divinitatem
1722 2308 1734 2356 ;
1792 2288 1898 2344 sed
1939 2292 1995 2343 et
2030 2287 2218 2343 verba
2247 2287 2455 2343 Christi

788 2397 1098 2473 discipulis
1154 2393 1229 2448 de
1289 2393 1508 2445 Lazaro
1559 2381 1814 2473 dicentis
1872 2397 1884 2434 :
1930 2381 2457 2473 Mortuus-estet

790 2466 1028 2565 gaudeo
1059 2486 1304 2559 propter
1332 2493 1460 2542 vos,
1481 2472 1777 2547 quoniam
1808 2484 1932 2525 non
1955 2483 2120 2523 eram
2147 2466 2456 2523 ibi.Utrius

789 2557 1130 2655 reputanda
1150 2576 1239 2629 est
1259 2571 1388 2626 haec
1414 2581 1567 2621 vox:
1595 2586 1623 2614 α
1650 2565 1778 2618 Non
1805 2575 1972 2615 eram
1996 2558 2210 2613 ibi‘5?»
2239 2557 2459 2613 Divini-

790 2646 985 2731 taiis?
1017 2670 1083 2724 Et
1122 2657 1433 2736 quomodo
1482 2653 1618 2710 loco
1672 2647 2157 2718 circumscriptus
2214 2651 2305 2702 est
2352 2646 2458 2720 qui

792 2762 1019 2833 ubique
1060 2754 1231 2811 adest
1272 2753 1328 2805 et
1358 2759 1538 2817 super
1569 2740 1778 2798 omnia
1816 2737 1951 2794 est?
1985 2736 2043 2793 Si
2074 2752 2212 2792 vero
2235 2736 2455 2805 carnis,

789 2826 940 2927 quo-
963 2846 1147 2905 modo
1174 2856 1297 2898 non
1331 2840 1473 2892 sunt
1520 2833 1655 2927 duae
1694 2831 1756 2927 in
1788 2828 2021 2885 Christo
2074 2831 2305 2926 naturae
2328 2826 2368 2924 ‘2.
2390 2828 2459 2909 Et

788 2914 1075 3012 lacrymaa
1140 2929 1339 2988 Lazari
1400 2923 1595 2995 gratia
1659 2918 1892 2986 effusae,
1954 2915 2150 2971 carnis
2206 2914 2456 2970 omnino

791 3003 979 3097 erant,
1012 3038 1209 3097 neque
1240 3014 1568 3075 divinitatis
1597 3030 1610 3080 ;
1668 3005 2196 3082 quemadmodum
2225 3003 2457 3061 homini

791 3116 1073 3179 convenit
1096 3110 1281 3170 illud:
1313 3130 1340 3157 ‹‹
1373 3103 1483 3162 Ubi
1516 3098 1798 3175 posuistis
1826 3112 1965 3153 eum
1986 3098 2013 3152 ?
2048 3118 2070 3146 ι

863 3392 952 3445 16.
996 3380 1167 3452 Quod
1201 3377 1246 3433 si
1275 3375 1336 3431 id
1368 3367 1728 3438 addiderint,
1760 3380 1893 3431 nos,
1940 3363 1987 3418 si
2020 3362 2177 3418 duas
2208 3364 2459 3452 naturas

789 3447 1104 3540 distinctas
1146 3462 1427 3527 habuerit
1455 3459 1744 3527 Christus,
1776 3456 2115 3511 humanam
2148 3466 2370 3523 nempe
2408 3447 2464 3508 et

788 3571 1084 3633 divinam,
1143 3560 1483 3615 creaturam
1548 3547 1825 3613 adorare,
1888 3542 2116 3615 quippe
2170 3540 2276 3613 qui
2326 3545 2465 3596 ante

787 3630 1363 3718 creatam'naturam
1394 3637 1786 3713 procidamus
1812 3650 1825 3699 ;
1854 3631 1950 3688 vel
1982 3631 2032 3685 si
2058 3630 2440 3698 minius,esse

782 3751 948 3809 idem
978 3748 1036 3800 et
1083 3753 1243 3796 unus
1275 3733 1540 3789 Christus
1573 3726 1870 3782 adoratus
1910 3724 1967 3777 et
1990 3735 2114 3776 non
2155 3719 2461 3778 adoratus.

789 3840 881 3898 Sic
941 3821 1463 3904 respondendum.
1528 3815 1740 3904 Filium
1799 3810 1901 3867 Dei
1959 3825 2098 3882 cum
2164 3809 2339 3904 Patre
2405 3815 2463 3865 et

787 3929 996 3987 sancto
1020 3898 1242 3994 Spiritu
1273 3911 1625 3974 adoramus,
1654 3903 1784 3959 sine
1816 3914 2067 3972 corpore
2098 3902 2235 3994 ante
2268 3898 2462 3994 incar.

784 3985 1096 4078 nationem
1126 4004 1524 4063 existentem;
1574 4008 1737 4050 nunc
1784 3993 1989 4046 autem
2030 3985 2315 4044 eumdem
2370 3986 2459 4042 in-

786 4076 1107 4166 carnatum
1175 4099 1233 4150 et
1288 4091 1435 4148 citra
1492 4083 1777 4141 deitatem
1835 4079 2063 4135 factum
2122 4076 2460 4166 hominem.

893 4195 1050 4252 sicut
1096 4187 1330 4257 lignum
1366 4183 1543 4235 tenue
1591 4170 1773 4229 tactui
1827 4182 1950 4224 non
2003 4170 2091 4223 est
2141 4164 2465 4221 inaccessi-

782 4254 924 4350 bile,
979 4254 1203 4344 tamen,
1262 4272 1402 4343 igne
1457 4264 1686 4331 addito,
1738 4254 2153 4316 inaccessibile
2205 4255 2290 4326 ﬁt,
2340 4270 2465 4311 non

784 4346 1033 4452 quidem
1064 4383 1171 4443 per
1202 4379 1285 4433 se,
1320 4357 1427 4416 sed
1476 4354 1621 4429 quia
1652 4350 1811 4423 ignis
1845 4348 2117 4452 accessit;
2148 4349 2276 4445 Non
2303 4346 2465 4452 enim

784 4435 935 4539 ligni
989 4435 1208 4519 natura
1254 4444 1687 4511 inaccessibilis
1718 4445 1827 4511 est,
1860 4438 1967 4495 sed
1997 4437 2202 4539 carbo,
2235 4435 2273 4493 i.
2315 4451 2369 4492 e.
2399 4436 2468 4493 1i-

2493 3209 2535 3267 c
2567 3203 2721 3244 τητος
2752 3196 2767 3213 ⁸

2567 1932 2738 2001 ξησις,
2786 1932 2816 1989 ἠ
2877 1931 3270 2002 σπαργάνωσις,
3331 1931 3361 1987 ἡ
3429 1928 3757 2000 ψηλάφησις,
3816 1929 3847 1985 ἡ
3917 1933 4084 1993 πεῖνα,
4134 1926 4163 1983 ἡ

2566 2018 2723 2091 δίψα,
2756 2021 2781 2071 6
2820 2024 2999 2089 κόπος,
3042 2020 3071 2076 ἠ
3117 2016 3334 2090 ἀγωνία,
3374 2021 3432 2070 τὸ
3472 2021 3711 2090 πτύσμα,
3750 2017 3781 2074 ἡ
3812 2015 3898 2068 ἐπὶ
3937 2022 4169 2090 σταυροῦ

2562 2110 2740 2177 πῆξις,
2798 2112 2826 2167 ἡ
2888 2112 3047 2180 ταφὴ,
3111 2113 3199 2160 καὶ
3256 2109 3281 2159 6
3337 2108 3569 2168 θάνατος.
3610 2106 3731 2159 Ὀτι
3798 2102 3858 2157 δί
3917 2110 4009 2158 καὶ
4061 2111 4169 2165 τοῖς

2566 2201 2834 2273 Πατράσιν
2889 2199 3024 2250 οὕτω
3082 2193 3244 2263 δοκεῖ,
3297 2199 3363 2248 ὠν
3419 2199 3513 2259 τὰς
3566 2201 3794 2271 χρήσεις
3844 2197 4169 2267 παράγουσι,

2565 2296 2892 2365 μαρτυροῦσι
2965 2290 3032 2339 τὰ
3095 2287 3253 2339 λοιπὰ
3316 2291 3533 2338 τουτωνὶ
3604 2287 4015 2360 συγγράμματα,
4096 2288 4167 2356 μὴ

2570 2380 2938 2451 συγκεχύσθαι
2980 2379 3074 2437 τὰς
3105 2375 3153 2428 ἐν
3202 2383 3417 2451 Χριστῷ
3450 2380 3628 2448 φύσεις
3660 2371 4006 2439 διδάσκοντα,
4040 2379 4172 2445 μήτε

2569 2473 2671 2542 μὴν
2694 2468 3110 2541 μεταποιηθῆναι
3134 2469 3227 2524 τὴν
3252 2470 3423 2540 σάρκα
3446 2466 3515 2527 εἰς
3544 2463 3946 2537 θεότητα.’ᾼλλὰ
3976 2468 4065 2515 xui
4080 2470 4171 2514 τοῦ

2573 2565 2805 2632 Χριστοῦ
2832 2576 2963 2631 προς
2998 2560 3115 2615 τοὺς
3152 2557 3407 2628 μαθητὰς
3430 2560 3548 2629 περὶ
3594 2562 3682 2607 τοῦ
3716 2554 3963 2626 Λαζάρου
4001 2552 4170 2624 λέγον-

2569 2667 2656 2701 τος
2696 2648 2776 2700 ὅτι
2815 2668 2843 2696 ‹‹
2874 2647 3142 2707 Ἀπέθανε,
3175 2650 3265 2697 καὶ
3304 2648 3481 2717 χαίρω
3514 2641 3588 2696 δι’
3627 2645 3758 2716 ὑμᾶς
3796 2645 3876 2695 ὅτι
3907 2642 4003 2694 οῦκ
4032 2646 4170 2715 ἥμην

2569 2735 2690 2789 ἐκεῖ.
2744 2758 2772 2785 ‹‹
2810 2739 2958 2798 Τίνος
3009 2738 3215 2793 νοητέον
3253 2736 3311 2785 τὸ
3350 2734 3497 2808 ῥῆμα
3547 2737 3605 2785 τὸ
3648 2754 3676 2783 ι(
3718 2732 3810 2784 οῦκ
3832 2736 3973 2805 ἥμην
4028 2730 4169 2797 ἐκεί;

2567 2833 2674 2887 Τῆς
2703 2828 2946 2887 θεότητος
2970 2842 2983 2891 ;
3027 2829 3128 2877 Καὶ
3159 2832 3270 2884 πῶς
3294 2829 3435 2895 τόπῳ
3460 2825 3809 2896 περιγραπτὸς
3849 2824 3874 2873 6
3896 2828 4171 2892 πανταχοῦ

2567 2920 2744 2991 παρὼν
2791 2920 2882 2968 καὶ
2912 2916 3037 2986 ὑπὲρ
3069 2916 3127 2965 τὸ
3156 2920 3257 2965 πᾶν
3301 2917 3401 2979 ὧν;
3460 2912 3521 2964 Εἰ
3563 2908 3621 2965 δὲ
3658 2920 3751 2973 τῆς
3801 2914 4016 2985 σαρκὸς,
4064 2917 4174 2970 πῶς

2568 3006 2696 3078 οὐχὶ
2754 3002 2851 3057 δὺο
2893 3008 3073 3076 φῦσεις
3122 3001 3205 3054 ἐπὶ
3234 3009 3513 3076 Χριστοῦ;
3573 3000 3673 3053 Καὶ
3707 3004 3765 3053 τὸ
3797 2998 3883 3052 ἐπὶ
3922 3001 4173 3072 Λαζάρου

2570 3094 2629 3148 δὲ
2671 3091 2899 3167 δάκρυον
2926 3102 3019 3155 τῆς
3054 3095 3250 3165 σαρκὸς
3286 3094 3489 3155 πάντως
3530 3086 3610 3161 ἧν,
3654 3094 3743 3142 καὶ
3781 3090 3911 3161 οῦχί
3947 3098 4038 3150 τῆς
4069 3092 4175 3141 θεό-

2812 3184 2984 3256 ὦσπερ
3028 3179 3458 3256 ἀνθρωποπρεπξς
3511 3184 3601 3231 καὶ
3639 3182 3697 3231 τὸ
3739 3176 3931 3252 ἐρωτᾷν
3990 3200 4018 3227 α
4066 3184 4174 3230 Ποῦ

2570 3274 2832 3325 τεθείκατε
2872 3269 3027 3322 αὐτόν
3054 3287 3067 3337 ;

2646 3361 2740 3426 ις’.
2782 3361 2897 3414 Ἐὰν
2939 3357 2999 3413 δὲ
3050 3362 3140 3411 καὶ
3199 3365 3351 3412 τοῦτο
3411 3360 3813 3433 προσθήσουσιν
3869 3359 3952 3423 ὡς,
3995 3356 4038 3409 εἲ
4078 3353 4174 3410 δὺο

2574 3455 2751 3525 φῦσεις
2789 3446 2927 3522 εἶχεν
2968 3451 2993 3501 6
3023 3450 3259 3523 Χριστὸς
3301 3446 3667 3519 ἀσυγχύτους,
3715 3444 4039 3519 ἀνθρωπίνην
4086 3449 4175 3498 καὶ

2576 3544 2771 3611 θεῖκην,
2812 3541 2917 3615 ἄρα
2944 3546 3005 3612 τῇ
3057 3542 3231 3591 κτίσει
3267 3536 3597 3610 λατρέῦομεν,
3638 3539 3708 3599 ὡς
3757 3544 3947 3608 κτιστῇ
4008 3554 4174 3610 προσ-

2573 3637 2847 3691 κανοῦντες
2899 3632 3051 3701 φύσει
3082 3648 3097 3661 ο
3157 3628 3187 3686 ἦ
3248 3626 3291 3679 εἰ
3346 3631 3418 3696 μὴ
3460 3633 3633 3693 τοῦτο,
3676 3622 3778 3683 εἴη’
3814 3624 3873 3677 ἂν
3928 3627 3953 3676 6
4021 3624 4177 3687 αὐτὸς

2573 3725 2663 3774 καὶ
2694 3722 2765 3782 εἷς
2816 3721 3051 3789 Χριστὸς
3101 3720 3464 3792 προπυνητός
3508 3735 3561 3768 τε
3589 3719 3677 3768 καὶ
3731 3713 4125 3788 ἀπροιηύνητος
4159 3735 4171 3747 ·

2573 3812 2770 3864 οὑτωσὶ
2797 3808 2994 3861 λεκτέον
3025 3828 3037 3841 ο
3098 3810 3196 3860 Τὸν
3239 3808 3358 3860 Υἰὸν
3404 3813 3496 3858 τοῦ
3558 3812 3691 3859 Θεοῦ
3752 3808 3844 3857 σὺν
3888 3813 3960 3876 τῷ
4009 3808 4175 3879 Πατρὶ

2570 3904 2660 3953 xui
2707 3907 2779 3971 τῷ
2827 3898 2961 3970 ἁγίῳ
3014 3899 3278 3969 Πνεῦματι
3316 3902 3729 3968 προσκυνοῦμεν,
3772 3892 4049 3966 ἀσώματον
4086 3896 4176 3966 μὲν

2570 3992 2670 4066 πρὸ
2714 3996 2809 4050 τῆς
2853 3985 3309 4060 ἐνανθρωπὴσεως,
3356 3991 3444 4035 νῦν
3494 3980 3553 4037 δὲ
3581 3987 3668 4035 τὸν
3707 3982 3864 4035 αὐτὸν
3897 4002 4176 4057 σεσαρκω-

2571 4084 2717 4154 μένον
2751 4081 2839 4129 καὶ
2891 4080 3157 4149 γενόμενον
3185 4076 3453 4150 ἄνθρωπον
3502 4076 3633 4147 μετὰ
3670 4081 3761 4125 τοῦ
3812 4071 3943 4125 εἶναι
3997 4077 4125 4126 Θεὸν
4158 4093 4174 4109 ο

2570 4174 2662 4222 καὶ
2692 4170 2865 4241 ὥσπερ
2917 4166 3062 4229 ξύλον
3091 4164 3244 4236 ψιλὸν
3283 4164 3377 4216 οῦκ
3416 4167 3556 4216 ἕστίν
3598 4162 3881 4237 ἀπρόσιτον
3931 4170 3992 4237 τῇ
4045 4162 4173 4235 ἁφῇ,

2571 4263 2701 4334 πυρὶ
2767 4254 2825 4310 δε
2889 4254 3308 4332 προσομιλῆσαν,
3369 4253 3654 4329 ἀπρόσίτον
3714 4258 3912 4326 γίνεται
3982 4252 4041 4305 οῦ
4101 4249 4175 4305 δι’

2573 4349 2747 4417 ἑαυτὸ,
2800 4345 2927 4399 ἀλλὰ
2958 4342 2991 4398 ὃ
2999 4347 3053 4397 ιὰ
3096 4347 3155 4397 τὸ
3194 4347 3516 4416 συνημμένον
3567 4343 3708 4414 αὐτῷ
3748 4350 3850 4416 πῦρ
3885 4359 3897 4373 ’
3942 4346 4030 4394 καὶ
4071 4348 4175 4414 οῦχ

2573 4443 2604 4499 ἡ
2665 4446 2757 4492 τοῦ
2799 4436 2952 4501 ξῦλου
3009 4439 3164 4508 φὺσις
3194 4435 3428 4510 ὑπάρχει
3486 4432 3950 4509 ἀπρόσιτος,.ἀλλ’
4001 4434 4027 4484 6
4083 4434 4175 4484 ἄν·

786 4521 979 4631 Etim
1019 4551 1344 4612 adustum;
1380 4540 1463 4597 sic
1507 4552 1648 4594 caro
1673 4546 1921 4607 quoque
1956 4544 2067 4603 pro
2096 4531 2316 4583 natura
2355 4543 2465 4631 s‘ua
2498 4561 2545 4615 Β

2398 4543 2465 4584 L18.
2498 4561 2545 4615 D
2576 4528 2724 4605 θραξ,
2757 4530 2877 4585 ἤτοι
2904 4528 2960 4578 τὸ
2992 4527 3349 4599 φεπυρωμένον
3398 4522 3544 4586 ξῦλον
3576 4537 3591 4553 ’
3648 4523 3813 4583 οὕτως
3850 4524 3941 4574 καὶ
3980 4522 4010 4579 ἡ
4044 4521 4178 4596 σὰρξ

784 4616 910 4706 non
931 4648 1020 4702 est
1050 4634 1390 4701 adoranda,
1420 4630 1483 4687 in
1512 4626 1704 4683 Verbo
1731 4628 1940 4680 tamen
1970 4619 2287 4674 incarnato
2318 4616 2464 4673 ado-

784 4742 954 4797 ratur
977 4751 1015 4801 ;-
1042 4746 1153 4787 nec
1198 4725 1457 4782 dicimus
1496 4734 1608 4775 nos
1640 4716 1886 4772 carnem
1917 4708 2148 4766 nudam
2181 4706 2458 4779 adorare,

787 4828 897 4887 sed
951 4797 1198 4882 carnem
1230 4815 1353 4884 Dei,
1383 4813 1421 4869 i.
1453 4828 1507 4869 e.
1540 4808 1731 4865 Deum
1760 4804 2165 4861 incarnatum.
2202 4797 2319 4855 Sed
2340 4797 2458 4855 hoc

785 4917 1037 4993 quidem
1074 4913 1138 4968 in
1184 4907 1474 4982 promptu
1502 4904 1560 4956 et
1587 4912 1695 4993 per
1722 4890 2177 4993 compendium.
2205 4887 2307 4944 Vir
2346 4902 2455 4993 au-

785 4979 907 5069 tem
944 5006 1068 5065 otio
1095 4979 1297 5059 fruens
1323 4994 1515 5053 multa
1540 5008 1571 5049 e
1596 4985 1934 5061 Scripturis
1961 4981 2148 5039 sacris
2170 4979 2455 5052 exempla

784 5095 1208 5157 Armeniorum
1249 5088 1511 5146 haereses
1543 5084 1648 5137 aut
1692 5072 2064 5135 destruentia
2114 5073 2217 5128 aut
2246 5083 2451 5142 repro-

783 5189 995 5249 bantia
1013 5186 1078 5245 in
1105 5180 1379 5242 medium
1401 5172 1667 5251 proferre
1702 5165 1984 5244 potuerit.

860 5516 908 5557 ¹⁶
928 5520 1097 5577 Joan.
1127 5527 1209 5586 xx,
1246 5513 1331 5567 i5.

2571 4621 2708 4671 κατὰ
2741 4620 2829 4691 μὲν
2878 4618 2972 4674 τὴν
3031 4613 3219 4676 ἑαυτῆς
3276 4616 3430 4686 φυσιν
3488 4612 3581 4665 οὐκ
3628 4615 3744 4665 ἔστι
3780 4615 4119 4685 προσκυνητὴ
4159 4627 4172 4642 ⁶

2568 4712 2942 4783 προσκυνεῖται
2994 4701 3054 4757 δὲ
3106 4702 3153 4755 ἐν
3204 4712 3274 4775 τῷ
3329 4706 3705 4778 σεσαρκωμένῳ
3735 4706 3891 4774 Λόγῳ
3923 4719 3936 4733 ·
3992 4706 4082 4753 καὶ
4116 4701 4175 4753 οῦ

2569 4801 2731 4872 φαμὲν
2787 4798 2865 4849 ὅτι
2925 4796 3098 4870 σάρκα
3148 4800 3537 4869 προσκυνοῦμεν
3598 4790 3777 4863 ψιλὴν,
3822 4790 3950 4843 ἀλλὰ
4003 4793 4177 4864 σάρκα

2569 4894 2725 4958 Θεοῦ,
2765 4890 2883 4947 ἤτοι
2952 4886 3342 4958 σεσαρκωμένον
3401 4886 3549 4938 Θεὸν.
3591 4889 3770 4934 Ταῦτα
3829 4882 3893 4941 ὡς
3960 4878 4015 4932 ἐκ
4050 4900 4176 4954 προ-

2563 4982 2752 5055 χείρου
2799 4979 2891 5028 καὶ
2952 4973 3002 5027 ἐν
3043 4972 3270 5046 ἐπιτὸμῳ
3302 4990 3317 5003 ⁸
3361 4971 3599 5045 εὐκαιρία
3656 4967 3717 5023 δέ
3768 4990 3843 5031 τις
3880 4975 4172 5043 χρώμενος,

2562 5073 2653 5121 καὶ
2710 5069 2859 5142 ἕτερα
2911 5064 2972 5117 ἂν
3026 5063 3183 5117 πλείω
3237 5062 3291 5115 ἐκ
3339 5071 3439 5115 τῶν
3492 5064 3636 5137 ἱερῶν
3698 5059 3915 5113 Βιϐλίων
3954 5058 4173 5112 ἐπισυν-

2564 5160 2761 5233 αγάγῃ,
2829 5158 2924 5221 τὰς
2976 5163 3075 5209 τῶν
3130 5154 3409 5229 Ἀρμενίων
3457 5155 3684 5228 αἱρέσεις
3727 5155 4170 5227 καταστρέφοντα,

2560 5253 2651 5303 καὶ
2688 5250 2781 5313 τὰς
2808 5246 3092 5308 ἁντιθέσεες
3120 5245 3289 5299 αὐτῶν
3321 5240 3683 5321 ιελέγχοντα.
