4508 6436
281 409 384 463 105

1639 393 1989 456 THESAURI
2021 393 2152 455 LIB.
2185 400 2289 456 XX.

3544 408 3644 463 106

279 525 3642 552 m

1003 678 1756 819 NICETfE
1902 677 2936 818 CHONIATXE

1670 908 1790 975 EX
1830 905 2100 976 LIBRO
2138 909 2265 976 XX

862 1120 1596 1230 THESAURI
1683 1121 2613 1232 ORTHODOX/E
2696 1125 3078 1234 FIDEI

1520 1352 1672 1425 (Mai,
1716 1352 1988 1410 Biblioth.

425 1646 577 1696 ΠΕΡΙ
618 1647 744 1694 ΤΗΣ
788 1644 1159 1694 ΘΡΗΣΚΕΙΑΣ
1197 1645 1333 1694 ΤΩΝ
1373 1645 1754 1696 ΛΓΑΡῘΙΝΩΝ.
1918 1643 1966 1696 Α

360 1765 428 1822 α’.
462 1766 617 1818 Ἐστι
647 1762 706 1818 δε
737 1770 828 1818 καὶ
859 1766 888 1823 ἠ
923 1770 1086 1837 μέχρι
1116 1773 1208 1818 τοῦ
1238 1773 1325 1816 νῦν
1357 1773 1629 1837 κρατοῦσα
1661 1763 1890 1816 λαοπλά-

285 1875 369 1916 νος
403 1857 661 1930 θρησκεία
688 1865 788 1907 τῶν
818 1855 1161 1928 Ἰσμαηλιτῶν
1191 1852 1493 1928 πρόδρομος
1523 1875 1599 1916 τις
1633 1862 1724 1907 τοῦ
1757 1853 1896 1906 αντι-

286 1952 547 2020 χρίστου.
583 1947 912 2017 Κατάγονται
944 1941 1002 1998 δε
1028 1945 1130 1998 ἀπὸ
1161 1953 1252 1998 τοῦ
1292 1946 1510 2017 Ἰσμαὴ).
1558 1954 1653 1997 τοῦ
1703 1948 1755 1997 ἐκ
1805 1953 1896 2005 τῆς

287 2035 465 2107 ’Ἅγαρ
495 2038 770 2106 τεχθέντος
802 2043 875 2106 τῷ
900 2034 1135 2108 ’Λϐραοίμ
1171 2056 1185 2070 ο
1236 2032 1418 2107 διόπερ
1476 2035 1758 2108 Ἀγαρηνοὶ
1805 2039 1896 2086 καὶ

290 2123 629 2195 Ἰσμαηὶῐται
659 2127 1156 2198 προσαγορεύονται.
1185 2123 1548 2198 Σαρρακπνοῦς
1605 2120 1663 2176 δε
1710 2123 1896 2183 αὐτοὺς

288 2213 544 2265 καλοῦσιν
574 2215 642 2273 ὡς
669 2211 724 2264 ἐκ
752 2221 848 2274 τῆς
877 2212 1072 2287 Σάρρας
1102 2217 1273 2273 κενοὺς
1305 2215 1399 2284 (1),
1436 2209 1527 2264 διὰ
1555 2216 1613 2264 τὸ
1653 2212 1896 2284 εἰρῆσθαι

289 2303 394 2354 ὑπὸ
425 2311 522 2362 τῆς
550 2301 718 2375 ⁵Ἀγαρ
749 2310 822 2372 τῷ
854 2300 1075 2374 ἀγγέλῳ,
1112 2303 1191 2354 ὅτι
1218 2302 1274 2355 Ἠ
1313 2300 1485 2376 Σὰρρα
1513 2306 1660 2359 κενήν
1685 2320 1746 2373 με
1777 2300 1898 2353 ἀπέ-

288 2391 469 2448 λυσεν.
505 2393 665 2444 Οὗτοι
695 2395 785 2464 μεν
811 2389 918 2454 οὖν,
953 2388 1298 2467 εἰδωλολατρή
1312 2411 1492 2453 σαντες
1536 2397 1625 2444 καὶ
1660 2410 1895 2462 προσκυο

291 2488 542 2542 νήσαντες
565 2490 637 2552 τῷ
688 2482 934 2556 ἐωσφόρῳ
964 2483 1142 2555 οἴστρῳ
1267 2477 1575 2556 Ἀφροδίτῃ,
1609 2480 1668 2538 ἣν
1707 2477 1773 2538 δὴ
1807 2485 1896 2532 καὶ

294 2574 488 2644 Χαμαρ
648 2577 710 2642 τῇ
766 2571 958 2622 ἑαυτῶν
991 2571 1330 2642 ἐπωνόμασαν
1371 2569 1610 2642 γλώσσῃ,
1644 2572 1765 2641 ὅπερ
1801 2589 1896 2626 ση-

292 2665 470 2733 μαίνει
499 2659 749 2732 μεγάλην,
784 2661 875 2721 ἓως
915 2662 1003 2731 μεν
1039 2668 1136 2711 τῶν
1164 2659 1466 2732 Ἡρακλείου
1511 2664 1715 2732 χρόνων
1763 2679 1897 2734 προ-

294 2759 462 2822 φανῶς
512 2746 955 2824 εἰδωλολατρουν·
992 2748 1092 2801 ἀπὸ
1145 2746 1204 2802 δε
1244 2748 1546 2822 Ἡρακλείου
1604 2754 1694 2800 καὶ
1745 2745 1899 2822 δεῦρο

291 2835 738 2912 ψευδοπροφήτης
782 2838 955 2898 αῦτοίς
987 2836 1176 2909 ἁνεφῦη
1219 2834 1453 2909 Μωοίμεδ
1503 2838 1897 2910 ὀνομαζόμενος,

295 2929 352 2989 ὃς
374 2933 673 3001 περιτυχὼν
693 2926 953 3002 Ἑϐραίοις
974 2933 1064 2979 καὶ
1083 2934 1417 3002 Χριστιανοῖς
1441 2923 1598 2984 δῆθεν
1618 2926 1900 3001 Ἀρειανοίς

295 3023 390 3068 καὶ
420 3023 807 3088 Νεστοριανοίς,
824 3015 1189 3088 ἀπαηπαχὸθεν
1211 3014 1538 3088 ἀρυσάμενος
1561 3014 1612 3078 ἐξ
1629 3011 1899 3068 Ἰουδαίων
1929 3049 1978 3106 Β

293 3110 386 3178 μεν
413 3111 732 3177 μοναρχίαν,
759 3104 811 3168 ἐξ
834 3103 1105 3180 Ἀρειανὼν
1134 3101 1191 3156 δὲ
1221 3109 1388 3176 Λόγον
1419 3109 1508 3158 καὶ
1543 3111 1752 3176 Πνεῦμα
1781 3125 1899 3156 κτι-

300 3198 424 3262 στὰ,
453 3194 556 3247 ἀπὸ
589 3192 647 3247 δὲ
678 3201 1040 3268 Νεστοριανών
1067 3193 1572 3268 ἀνθρωπολατρείαν,
1596 3199 1688 3252 τήν
1711 3213 1764 3246 τε
1793 3201 1898 3246 Πα-

291 3284 448 3337 λαιὰν
478 3291 568 3336 καὶ
597 3290 790 3342 Καινὴν
821 3285 1085 3341 Διαθὴκην
1118 3282 1358 3347 ἐπελθὼν,
1389 3289 1480 3335 καὶ
1529 3303 1630 3336 τινι
1659 3282 1902 3356 Ἀρειανῷ

293 3373 695 3449 προσομιλήσας
717 3373 1015 3446 μονάζοντι,
1040 3368 1180 3424 ἰδίαν
1207 3377 1524 3430 συνέστησεν
1547 3375 1746 3444 αἵρεσιν
1778 3395 1789 3406 ·
1815 3378 1904 3425 καὶ

293 3467 559 3540 προφάσει
592 3460 747 3521 δῆθεν
781 3465 1067 3525 θεοσεϐείας
1102 3466 1160 3514 τὸ
1187 3465 1328 3524 ἔθνος
1357 3464 1711 3527 ὑποποιήσας,
1745 3462 1796 3525 ἐξ
1823 3462 1904 3514 οὐ·

295 3563 466 3628 ρανῶν
496 3559 702 3628 γραφήν
733 3555 833 3605 ὑπὸ
864 3561 956 3604 τοῦ
999 3559 1132 3605 Θεοῦ
1175 3555 1555 3624 κατενεχθῆναι
1597 3552 1716 3627 παρ’
1749 3552 1905 3604 αὑτὸν

298 3640 648 3716 διεθρῦλλησε
684 3663 697 3676 ο
729 3645 847 3694 τινὰ
878 3638 936 3695 δε
965 3643 1358 3715 συγγράμματα
1384 3641 1430 3693 ἐν
1475 3649 1546 3711 τῷ
1577 3646 1790 3712 τοιούτῳ
1825 3641 1907 3714 βι-

297 3730 428 3804 ϐλίῳ
460 3728 800 3808 διαχαραξας
837 3729 1061 3804 γεῆιωτος
1101 3731 1245 3799 ἄξια,
1296 3736 1354 3783 τὸ
1389 3730 1544 3793 σέϐας
1589 3731 1768 3792 αὐτοῖς
1810 3750 1906 3783 πα-

293 3818 517 3896 ρέδωκε.

374 3963 446 4037 β’.
478 3968 632 4036 Λέγει
661 3965 748 4017 ἕνα
778 3967 906 4018 Θεὸν
935 3967 1160 4022 ποιητὴν
1190 3973 1286 4016 των
1310 3963 1436 4016 ὅλων
1470 3961 1596 4017 εἶναι
1627 3969 1693 4035 μή
1708 3983 1757 4016 τε
1796 3983 1905 4035 γεν-

295 4057 522 4114 νηθέντα
550 4060 678 4128 μήτε
697 4061 1044 4128 γεγεννηκότα
1077 4077 1088 4088 ·
1119 4055 1256 4126 λέγει
1288 4060 1374 4108 τόν
1430 4060 1661 4130 Χριστόν
1695 4059 1810 4108 Υίὸν
1844 4053 1908 4108 εἰ·

294 4166 384 4197 ναι
408 4152 501 4196 τοῦ
529 4152 684 4209 Θεοῦ,
708 4151 799 4206 καὶ
821 4153 1024 4218 πνεῦμα
1045 4145 1225 4216 αὑτοῦ,
1246 4148 1460 4198 κτιστόν
1488 4142 1546 4197 ὃε
1574 4151 1660 4196 καὶ
1685 4142 1868 4198 δοῦλον
1890 4166 1902 4178 ο

295 4239 391 4287 καί
412 4238 492 4286 ὅτι
522 4232 578 4285 ἐκ
609 4239 815 4309 Μαρίας
865 4242 958 4296 τῆς
997 4230 1228 4306 ἀδελφῆς
1273 4239 1531 4294 Μωυσέως
1575 4239 1663 4285 καὶ
1707 4234 1904 4308 ’Λαρων

297 4326 421 4376 ἄνευ
455 4329 652 4398 σπορᾶς
673 4322 887 4396 ἐτέχθη.
919 4323 977 4375 Ὀ
1005 4327 1106 4396 γὰρ
1132 4329 1321 4394 Λόγος,
1353 4329 1503 4396 φησι,
1530 4331 1619 4375 του
1651 4332 1784 4376 Θεοῦ
1817 4329 1905 4375 καὶ

295 4419 357 4467 τὸ
387 4421 600 4487 Πνεῦμα
629 4413 862 4471 εἰσῆλθεν
894 4415 962 4474 εἰς
1001 4419 1093 4472 τὴν
1143 4419 1348 4487 Μαρίαν
1381 4413 1482 4485 (3),
1533 4419 1622 4465 καί
1670 4412 1906 4483 ἐγέννησε
1939 4415 1978 4470 C

298 4508 389 4556 τὸν
449 4504 679 4571 Ἰησοῦν,
728 4510 997 4579 προφήτην
1055 4508 1177 4556 ὄντα
1229 4509 1318 4555 καὶ
1375 4499 1559 4556 δον).ον
1605 4513 1695 4556 τοῦ
1743 4511 1897 4558 Οεον.

296 4589 556 4647 Ἰουδαῖοι
603 4589 662 4645 δε
714 4598 1173 4668 παρανομήσαντες
1224 4591 1485 4650 ἠθέλησαν
1544 4593 1699 4644 αὐτόν
1751 4611 1909 4644 σταυ-

299 4691 497 4756 ρῶσαι,
529 4687 620 4734 καὶ
644 4688 1000 4753 κρατήσαντες
1033 4681 1367 4756 ἐσταύρωσαν
1397 4682 1557 4734 αὑτοῦ
1598 4687 1690 4740 τὴν
1734 4684 1907 4737 σκιάν.

302 4771 474 4833 Αὐτὸς
506 4768 565 4825 δὲ
595 4773 621 4823 ὁ
650 4775 883 4846 Χριστὸς
909 4772 1004 4825 οῦκ
1029 4770 1357 4845 ἐσταυρώθη,
1395 4777 1574 4843 φησιν,
1607 4768 1730 4824 οὐδὲ
1781 4770 1910 4824 ἀπέ-

303 4865 452 4916 Θανεν
486 4883 501 4895 ο
534 4862 561 4914 6
584 4864 687 4935 γὰρ
711 4865 840 4924 Θεὸς
870 4861 1043 4914 ἔλαϐεν
1073 4863 1229 4936 αὑτὸν
1259 4862 1332 4923 εἰς
1353 4865 1438 4913 τὸν
1472 4861 1688 4934 οὐρανὸν
1731 4857 1824 4913 ὃιόι
1854 4865 1911 4914 τὸ

303 4952 468 5024 φιλεῖν
499 4950 676 5009 αὐτόν.
710 4956 811 5005 Καὶ
835 4960 988 5004 τοῦτο
1021 4948 1079 5005 δὲ
1097 4952 1254 5024 λέγει,
1288 4954 1385 5022 ὅτι,
1411 4960 1503 5004 τον
1535 4959 1770 5024 Χριστοῦ
1805 4950 1912 5003 ανεο

302 5041 517 5104 λθόντος
544 5040 613 5102 εἰς
640 5045 763 5104 τοὺς
789 5041 1061 5116 οὐρανοὺς,
1093 5041 1416 5116 ἐπερωτησεν
1447 5042 1602 5094 αὑτὸν
1634 5043 1659 5094 6
1684 5045 1812 5104 Θεὸς
1838 5041 1913 5094 λέ-

302 5154 413 5205 γων
435 5153 452 5167 ο
484 5131 556 5186 Ὦ
584 5132 788 5201 Ἰησοῦ,
824 5136 891 5186 σὺ
921 5129 1066 5194 εἶπας
1097 5136 1181 5185 τὸν
1229 5132 1381 5204 λόγον
1425 5141 1627 5203 τοῦτον,
1670 5134 1752 5185 ὅτι
1795 5135 1915 5194 Υἱός

303 5223 415 5298 εἰμι
443 5229 539 5290 τοῦ
565 5227 694 5278 Θεοῦ
722 5227 813 5276 καὶ
838 5227 957 5284 Θεός
982 5240 994 5291 ;
1027 5223 1333 5298 Ἀπεκρίθη,
1366 5227 1548 5296 φησὶν,
1590 5224 1615 5274 6
1664 5221 1866 5284 Ἰησους
1899 5242 1911 5256 ο

378 5438 458 5512 (ρ)
491 5437 890 5512 scribendum
914 5439 1115 5512 itaque
1135 5439 1336 5512 potius
1365 5435 1914 5512 essetzaﬁpaxtvoﬁc-

309 5510 624 5584 Sedeuim
655 5519 857 5584 inepta
887 5510 1283 5568 vide—ttinme
1314 5510 1701 5584 etymologia.

381 5582 462 5654 (-2)
490 5585 573 5640 [ta
602 5581 815 5640 corlek.
848 5586 1140 5640 Caeterum
1170 5581 1459 5640 mendum
1491 5593 1584 5639 est
1621 5599 1676 5638 m
1724 5596 1836 5655 pro
1864 5581 1915 5652 ὁ,

308 5669 459 5728 nam
492 5655 746 5728 Arabice
778 5656 936 5713 varie
962 5657 1226 5721 etl‘ertur,
1259 5656 1506 5728 cleabar,
1549 5655 1758 5724 cabar,
1785 5655 1921 5712 cho-

313 5726 448 5800 bar,
477 5727 683 5786 cubar.

566 5819 817 5896 ΡΑτιιοιέ
857 5819 957 5881 Gn.
998 5821 1149 5879 CXL.

2026 1369 2201 1422 nov.,
2233 1359 2272 1411 t.
2315 1357 2428 1418 ιν.)

2229 1641 2318 1696 DE
2357 1641 2898 1700 SUPERSTITIONE
2935 1644 3420 1704 AGARENORUM

2081 1767 2130 1820 t.
2164 1767 2502 1822 Perseverat
2541 1783 2729 1838 usque
2764 1767 2842 1823 ad
2875 1767 3230 1825 hodiernam
3261 1771 3420 1828 diem
3457 1788 3652 1846 popu-

2004 1852 2198 1909 lorum
2222 1853 2530 1926 deceptrix
2555 1857 2762 1926 religio
2792 1858 3266 1915 Ismahelitarum
3293 1864 3469 1934 quasi
3495 1865 3654 1919 Anti-

2005 1941 2480 2014 christiquidam
2522 1960 2878 2016 praecursor.
2938 1947 3007 2001 Hi
3065 1964 3255 2016 genus
3316 1951 3546 2007 ducunt
3575 1952 3654 2008 ab

2007 2031 2321 2099 lsmahcle,
2361 2049 2548 2104 quam
2577 2039 2737 2103 Agar
2759 2034 3107 2092 Abrahamo
3135 2039 3394 2110 peperit:
3445 2045 3655 2098 Sarra-

2006 2135 2187 2176 cenos
2217 2127 2417 2176 autem
2450 2122 2696 2178 eosdem
2725 2124 3054 2196 appellant,
3080 2127 3256 2198 quasi
3290 2145 3325 2182 a
3357 2131 3534 2186 Sarra
3554 2147 3657 2188 va-'

2005 2225 2171 2275 cuos,
2204 2216 2525 2282 propterea
2573 2212 2740 2284 quod
2797 2219 2958 2282 Agar
3007 2215 3223 2270 dixerit
3264 2219 3500 2289 angelo,
3526 2238 3590 2276 se
3621 2237 3659 2278 a

2004 2299 2200 2355 Sarra
2230 2314 2482 2356 vacuam
2514 2301 2840 2357 dimissam.
2876 2303 2939 2358 Hi
2991 2318 3134 2372 ergo
3177 2305 3360 2361 cultui
3410 2309 3661 2367 idolola-

2006 2387 2153 2443 trico
2185 2387 2433 2453 addicti,
2463 2396 2519 2444 et
2541 2389 2857 2446 luciferum
2889 2396 3118 2448 astrum
3143 2396 3383 2451 Veneris
3405 2398 3660 2456 adoran-

2009 2481 2118 2544 tes,
2150 2493 2338 2548 quam
2371 2478 2629 2534 Chamar
2660 2496 2772 2535 sua
2802 2481 3011 2550 lingua
3033 2484 3370 2553 nominant,
3402 2489 3568 2559 quod
3590 2490 3662 2544 si-

2009 2565 2252 2634 gniticat
2281 2581 2592 2635 magnam,
2618 2584 2808 2640 usque
2839 2569 2917 2625 ad
2950 2571 3198 2627 Heraclii
3230 2577 3502 2647 tempora
3533 2578 3661 2634 sine

2009 2653 2197 2711 dubio
2227 2656 2444 2710 ethnici
2477 2656 2731 2712 fuerant.
2760 2659 3025 2716 Heraclio
3053 2667 3256 2718 autem
3285 2673 3576 2734 regnante
3606 2674 3666 2724 et

2010 2743 2318 2816 deinceps,
2355 2746 2887 2818 pseudopropheta
2915 2752 3157 2804 exortus
3183 2757 3272 2807 est
3294 2752 3440 2823 ipsis
3469 2756 3664 2812 Moha-

2012 2833 2217 2890 medes
2245 2835 2510 2902 nomine,
2543 2837 2642 2906 qui
2672 2853 3041 2894 conversans
3098 2855 3235 2896 cum
3295 2843 3580 2916 Hebrmis,
3609 2852 3667 2902 et

2010 2939 2154 2978 mox
2184 2939 2324 2978 cum
2357 2924 2701 2981 Christianis
2731 2927 2966 2982 Arianis
3017 2943 3087 2983 ac
3141 2933 3523 3004 Nestorianis,
3559 2951 3666 2990 un-

2011 3011 2194 3084 dique
2219 3011 2523 3079 hauriens,
2556 3030 2592 3068 a
2627 3013 2850 3070 iudicis
2909 3015 3153 3087 quidem
3213 3019 3310 3074 Dei
3353 3023 3664 3096 unitatem,

2013 3101 2092 3156 ab
2122 3101 2354 3156 Arianis
2389 3102 2644 3158 Verbum
2673 3109 2729 3158 et
2761 3104 3039 3176 Spiritum
3067 3113 3373 3165 creaturas
3405 3113 3666 3185 discens,

2013 3206 2048 3245 a
2079 3190 2440 3247 Nestoriauis
2470 3191 3026 3264 anthropolatriam,
3051 3200 3107 3251 et
3127 3202 3295 3252 vetus
3321 3214 3667 3274 novumque

2016 3283 2438 3336 testamentum
2471 3297 2850 3353 percurrens,
2883 3287 2938 3338 et
2965 3284 3245 3342 familiari
3281 3304 3426 3345 usus
3458 3294 3669 3349 Ariano

2015 3369 2338 3436 monacho,
2366 3372 2673 3442 propriam
2734 3371 3016 3429 conﬂavit
3067 3375 3367 3434 haeresim.
3418 3383 3670 3454 Moxque

2015 3458 2322 3526 religionis
2352 3466 2659 3532 praetextu,
2693 3461 3091 3520 subordinato
3119 3468 3371 3538 pOpiilo,
3401 3469 3474 3524 de
3507 3473 3672 3527 ccetis

2016 3549 2093 3604 ad
2126 3565 2188 3604 se
2219 3549 2534 3606 dimissam
2565 3567 2603 3607 a
2652 3553 2770 3607 Deo
2822 3552 3181 3624 scripturam
3235 3557 3566 3616 dictitavit:
3617 3565 3673 3618 et

2017 3639 2292 3710 capitulis
2319 3639 2547 3711 aliquot
2575 3640 2636 3695 in
2696 3657 2766 3696 eo
2798 3641 2952 3698 libro
3013 3646 3268 3700 exaratis
3296 3648 3419 3704 risu
3449 3649 3670 3720 dignis,

2016 3728 2359 3799 religiosum
2391 3729 2619 3785 cultum
2651 3731 2896 3787 asseclis
2925 3732 3186 3790 tradidit.

2090 3968 2140 4017 :2.
2175 3962 2322 4019 Dicit
2351 3979 2544 4020 unum
2575 3980 2775 4022 rerum
2807 3967 3083 4024 omnium
3112 3969 3420 4040 factorem,
3476 3990 3673 4050 neque

2017 4053 2285 4122 genitum
2315 4070 2511 4128 neque
2539 4056 2906 4127 gignentcm.
2941 4059 3087 4114 Dicit
3121 4061 3422 4120 Christum
3478 4065 3672 4123 tilium

2018 4158 2147 4197 esse
2177 4144 2297 4210 Dei,
2328 4145 2729 4218 spiritumque
2761 4147 2908 4219 ejus,
2955 4148 3060 4204 scd
3099 4156 3370 4208 creatum
3429 4171 3498 4211 ac
3549 4173 3671 4213 scr-

2017 4248 2193 4300 vum;
2231 4237 2386 4289 ctcx
2444 4235 2624 4290 Maria
2678 4237 2892 4307 Moysis
2949 4241 3129 4310 atque
3180 4243 3434 4298 Aaronis
3467 4261 3672 4303 sorore

2019 4321 2249 4394 absque
2277 4324 2503 4378 semine
2534 4328 2766 4380 natum.
2798 4329 2945 4382 Nam
2988 4327 3268 4397 Verbum,
3324 4331 3536 4405 inquit,
3572 4337 3674 4392 Dei

2017 4428 2086 4468 ac
2118 4411 2357 4482 spiritus
2379 4412 2600 4468 introiit
2619 4413 2676 4468 in
2698 4415 2962 4485 Mariam,
2986 4419 3322 4491 pereritque
3344 4421 3444 4478 illa
3467 4427 3672 4481 Jesum

2017 4501 2374 4574 prophetam
2407 4519 2768 4576 servumque
2800 4505 2920 4562 Dei.
2957 4509 3030 4562 At
3085 4509 3270 4565 Judzei
3329 4518 3538 4571 contra
3584 4515 3674 4573 fas

2017 4591 2336 4648 voluerunt
2365 4592 2532 4648 illum
2565 4594 2934 4664 cruciﬁgere,
2971 4611 3164 4669 eoque
3214 4601 3382 4672 potiti
3435 4607 3675 4662 nonnisi

2019 4681 2302 4738 umbram
2328 4683 2459 4753 ejus
2501 4683 2924 4740 cruciﬁxerunt
2959 4705 2970 4751 ;
3028 4703 3172 4742 nam
3233 4693 3386 4748 Deus
3415 4694 3584 4751 illum
3615 4698 3675 4753 in

2020 4774 2241 4827 emtum
2275 4773 2530 4842 sustulit,
2559 4773 2660 4846 qui
2697 4791 2835 4830 eum
2869 4775 3174 4846 diligebat.
3211 4781 3330 4836 Hoc
3377 4784 3554 4840 etiam
3585 4787 3674 4842 di-

2020 4863 2114 4932 cit,
2150 4863 2316 4934 quod
2351 4863 2646 4919 Christum
2690 4865 2748 4920 in
2809 4865 2994 4922 caelos
3037 4867 3302 4926 delatum
3351 4873 3677 4948 interroga-

2020 4953 2170 5007 verit
2209 4955 2364 5008 Deus
2412 4952 2671 5009 dicens:
2709 4955 2750 5010 Ο
2802 4955 2963 5022 Jesu,
3018 4961 3156 5012 tune
3207 4960 3425 5034 dixisti,
3485 4965 3677 5023 ﬁlium

2025 5043 2125 5097 Dei
2155 5046 2209 5098 te
2237 5058 2368 5098 esse
2399 5059 2470 5100 ac
2523 5047 2708 5100 Deum
2742 5046 2768 5100 *Ρ
2823 5046 2932 5111 Qui
2993 5052 3325 5121 respondit.
3382 5057 3680 5129 Propitius

2023 5135 2151 5188 esto
2183 5133 2351 5201 mihi,
2379 5133 2648 5205 Domine,
2681 5138 2743 5190 tu
2775 5136 2892 5190 scis
2947 5153 3046 5193 me
3093 5139 3206 5195 hoc
3257 5157 3378 5198 non
3436 5145 3678 5219 dixisse,

2024 5235 2222 5293 neque
2245 5221 2506 5294 superbe
2532 5222 2592 5278 id
2622 5222 2770 5278 mihi
2795 5223 3112 5295 adrogare,
3142 5230 3246 5300 qui
3303 5249 3510 5292 servus
3542 5241 3690 5294 tuus

2103 5437 2192 5517 (3).
2215 5435 2364 5491 Dicit
2390 5435 2506 5492 hoc
2536 5435 2752 5517 diserte
2779 5437 3156 5498 Mohamedes
3187 5460 3309 5502 sur.
3334 5449 3466 5517 XXI,
3501 5455 3585 5509 9|.
3615 5455 3682 5510 In

2029 5506 2292 5564 Mariam
2326 5523 2457 5579 qua’
2486 5513 2776 5565 munitam
2819 5517 3078 5568 servavit
3113 5519 3352 5574 vulvam
3395 5506 3687 5582 su'ani'i—iil

2030 5583 2412 5662 sufﬂa-vimus
2445 5583 2761 5666 ((-c‘spirilu
2786 5591 2987 5666 nostra
3011 5588 3231 5666 (inquit
3265 5593 3456 5666 Deus).
3484 5598 3562 5650 Et
3587 5614 3688 5666 po-

2029 5655 2257 5726 sitimus
2284 5668 2413 5726 eain
2439 5659 2491 5708 et
2517 5656 2709 5722 filium
2744 5657 2871 5725 ejus
2930 5659 2991 5712 in
3024 5655 3387 5721 "uinculum
3418 5655 3689 5726 omnibus

2033 5725 2285 5781 srvculis.
2321 5724 2488 5782 Idem
2518 5724 2802 5798 repetitur
2835 5743 2956 5784 sur.
2991 5730 3170 5801 LXVI,
3207 5739 3296 5791 t3.

3100 5823 3137 5882 4,
