4508 6436
813 372 911 424 ιογ
1792 416 1795 419 ,
2142 353 2415 418 NICEM:
2458 358 2593 416 CHO

2379 363 2415 414 Ε
2458 358 2825 422 ΟΗΟΝΙΛΤΑΞ
4062 382 4159 435 ,οε

806 507 961 548 sum.
994 494 1063 547 At
1086 489 1244 544 enim
1274 488 1553 544 homines
1569 490 2040 557 transgressores
2059 486 2340 541 dixerunt
2359 497 2455 538 me
2483 484 2531 537 Α
2568 483 2586 497 ³

2378 497 2455 537 ne
2483 484 2531 537 Α
2568 483 2739 550 Ἵλεώς
2765 509 2877 560 μοι,
2912 494 3070 565 Κύριε
3097 511 3110 524 ·
3138 495 3205 543 σὺ
3230 488 3384 552 οἶδας
3402 494 3483 543 ὃτι
3508 494 3601 544 οὐκ
3634 491 3794 559 εἶπον,
3816 496 3941 550 οὐδε
3966 499 4158 573 ὑπερη-

806 581 889 636 ita
912 578 1203 642 locutum,
1235 581 1293 633 et
1315 592 1413 631 me
1441 575 1789 631 calumniati
1817 580 1976 640 sunt,
2021 574 2202 646 hique
2254 572 2318 626 in
2368 586 2453 627 er-

804 683 940 725 rore
967 669 1303 723 versantur.
1359 663 1827 736 Responditque,
1880 663 2095 735 inquit,
2144 661 2226 717 illi
2252 661 2406 715 Deus
2438 676 2451 714 :

809 756 942 812 Scio
972 760 1027 812 te
1047 756 1209 810 hunc
1230 768 1573 809 sermonem
1604 768 1726 808 non
1775 768 1905 807 esse
1952 751 2239 807 locutum.
2297 748 2454 804 Alia-

806 861 926 919 que
953 843 1145 900 multa
1174 846 1585 899 monstrorum
1614 840 1851 905 similia,
1885 841 2132 911 risuque
2176 838 2363 908 digna
2391 837 2453 892 in

806 949 878 989 eo
907 932 1061 989 libro
1090 930 1377 997 scribens,
1404 929 1535 984 haec
1566 945 1603 987 a
1628 932 1747 985 Deo
1789 929 1869 984 ad
1922 944 1987 983 se
2030 927 2298 984 demissa
2327 925 2452 995 glo-

805 1022 1012 1079 riatur.

878 1224 929 1275 3.
963 1218 1146 1274 Nobis
1174 1231 1318 1272 vero
1343 1214 1721 1285 rogantibus,
1738 1212 2057 1280 Quodnam
2080 1214 2171 1269 est
2190 1214 2453 1267 testimo-

806 1308 972 1363 nium
1004 1306 1160 1363 datae
1187 1305 1303 1377 ipsi
1334 1320 1371 1360 a
1402 1306 1521 1360 Deo
1552 1302 1860 1374 scripturae
1881 1304 1909 1358 ?
1936 1299 2026 1357 vel
2044 1298 2180 1374 quis
2202 1301 2451 1371 prophe-

806 1400 867 1451 ta
893 1395 1057 1450 hunc
1075 1396 1482 1448 surrecturum
1511 1390 1868 1462 prophetam
1920 1387 2195 1461 pradixit
2216 1388 2245 1442 ‘I
2293 1388 2454 1442 insu-

804 1498 1033 1556 perque
1062 1480 1419 1542 dicentibus.
1450 1480 1711 1549 Moysem
1745 1478 1806 1532 in
1865 1477 2007 1534 Sina
2047 1480 2271 1541 monte,
2318 1478 2455 1531 uni-

808 1587 979 1629 verso
1005 1572 1310 1643 spectante
1334 1567 1582 1640 populo,
1630 1566 1694 1623 in
1747 1566 1932 1633 nube,
1983 1565 2146 1635 igne,
2197 1565 2455 1620 tenebris

806 1658 1187 1733 procellaque
1217 1659 1546 1729 apparente
1576 1657 1715 1721 Deo,
1742 1655 1937 1724 legem
1956 1651 2251 1724 recepisse
2277 1670 2289 1717 ;
2323 1669 2456 1724 pro-

803 1748 1137 1822 phetasque
1162 1760 1376 1801 omnes
1406 1760 1443 1800 a
1472 1746 1669 1816 Moyse
1698 1748 1756 1799 et
1795 1742 2082 1813 deinceps
2113 1741 2190 1797 de
2242 1742 2453 1798 Christi

2567 585 2705 644 φανῶ
2731 576 2859 630 εἶναι
2890 576 3076 641 δοῦλός
3104 599 3201 631 σου
3226 600 3239 613 ο
3272 579 3379 631 ἀλλ’
3406 583 3455 632 οἱ
3484 582 3748 655 ἄνθρωποι
3779 588 3828 637 οἱ
3857 587 4160 659 παραϐάται

2562 662 2796 734 ἔγραψαν
2826 668 2903 719 ὃτι
2932 665 3071 720 εἷπον
3094 671 3180 719 τὸν
3212 668 3360 739 λόγον
3389 676 3699 735 τοῦτον,καὶ
3728 671 4015 743 ἐψεύσαντο
4043 677 4157 728 κατ’

2563 747 2707 820 έμοῦ,
2738 758 2830 805 καί
2856 755 2961 807 εἰσι
2986 754 3383 827 πεπλανημένοι.
3403 762 3503 810 Καὶ
3520 756 3796 831 ἀπεκρίθη,
3813 768 3992 832 φησὶν,
4018 765 4159 835 αῦτῳ

2563 840 2589 889 6
2616 844 2745 901 Θεὸς
2774 864 2785 874 ·
2820 840 2961 895 Οἶδα
2986 846 3066 895 ὃτι
3098 845 3163 896 σύ
3195 844 3288 895 οὐκ
3318 846 3395 914 (4)
3427 845 3593 917 ἔλεγες
3639 850 3727 898 τὸν
3768 849 3915 920 λογον
3955 860 4156 908 τοῦτον.

2567 933 2667 981 Καὶ
2699 930 2828 983 οἴλλα
2849 932 3015 985 πολλὰ
3044 932 3392 1006 τερατολογῶν
3424 934 3472 986 έν
3501 944 3563 1007 τῇ
3612 941 3827 1010 τοιαύτη
3882 949 4154 1015 συγγραφῇ

2561 1015 2785 1086 γέλωτος
2811 1020 2953 1090 ἄξια,
2987 1029 3155 1072 ταῦτα
3183 1025 3326 1094 παρὰ
3369 1030 3461 1073 τοῦ
3501 1030 3636 1076 Θεοῦ
3667 1024 3743 1076 ἐπ’
3776 1027 3930 1078 αὑτὸν
3960 1048 4159 1081 κατενε-

2562 1106 2764 1175 χθῆναι
2785 1111 3116 1180 φρυάττεται.

2632 1212 2699 1282 γ’.
2729 1214 2899 1285 Ἠμῶν
2932 1212 2990 1267 δε
3031 1216 3297 1287 λεγόντων,
3354 1224 3454 1270 Καὶ
3498 1224 3572 1278 τίς
3619 1219 3759 1271 ἐστιν
3807 1222 3834 1272 6
3884 1233 4160 1297 μαρτυρῶν

2563 1305 2643 1354 611
2696 1304 2837 1375 αὐτῷ
2883 1310 3089 1379 γραφὴν
3148 1302 3374 1358 δέδωκεν
3428 1308 3454 1357 6
3485 1312 3652 1374 816;;
3703 1310 3732 1367 ἦ
3766 1316 3842 1370 τίς
3893 1320 3995 1363 τῶν
4036 1332 4159 1384 προ-

2564 1401 2735 1463 φητῶν
2760 1400 2999 1466 προεῖπεν
3028 1396 3105 1445 ὅτι
3151 1402 3386 1457 τοιοῦτος
3427 1395 3699 1448 ἀνίσταται
3725 1406 3997 1473 προφήτης
4025 1417 4039 1467 ;
4072 1408 4161 1454 καὶ

2563 1482 2766 1542 τούτοις
2822 1478 2973 1542 αὖθις
3029 1481 3367 1557 ἐπιφερόντων
3417 1486 3497 1536 ὅτι
3548 1487 3575 1536 6
3628 1492 3861 1549 Μωυσῆς
3908 1493 4046 1541 κατὰ
4102 1494 4160 1542 τὸ

2565 1575 2686 1621 Σινᾶ
2741 1574 2855 1641 ὄρος
2903 1570 2980 1621 ἐπ’
3032 1570 3148 1641 ὄψει
3195 1576 3386 1633 παντὸς
3438 1580 3530 1624 τοῦ
3582 1573 3708 1625 λαοῦ
3758 1574 3809 1626 ἐν
3866 1578 4041 1649 νεφέλη
4073 1584 4161 1630 καὶ

2564 1662 2691 1731 πυρὶ
2734 1664 2824 1710 καὶ
2860 1664 3032 1730 γνόφῳ
3074 1665 3163 1711 καὶ
3208 1660 3387 1733 θυέλλῃ
3432 1666 3671 1733 φανέντος
3716 1671 3808 1715 τοῦ
3857 1672 3995 1718 Θεοῦ
4040 1664 4159 1719 ἐδέ-

2565 1745 2687 1806 ξατο
2744 1750 2831 1798 τὸν
2879 1752 3051 1819 νόμον,
3102 1752 3191 1800 καὶ
3251 1749 3332 1800 ὅτι
3388 1751 3575 1811 πάντες
3628 1753 3678 1803 οἱ
3732 1762 3999 1825 προφῆται
4056 1753 4160 1806 ἀπὸ

804 1838 1065 1894 adventu
1094 1835 1473 1899 vaticinatos,
1497 1834 1622 1889 fore
1648 1831 1870 1888 scilicet
1908 1836 1973 1887 ut
2029 1832 2183 1886 Deus
2231 1831 2453 1903 Deique
2484 1825 2528 1877 Β
2565 1840 2584 1885 1

2380 1845 2453 1885 ue
2484 1825 2528 1877 Β
2565 1839 2822 1894 Μωυσέως
2868 1840 2957 1888 καὶ
2995 1837 3218 1899 καθεξῆς
3260 1836 3536 1911 ἀρξάμενοι
3587 1845 3706 1912 μερὶ
3752 1849 3846 1902 τῆς
3886 1849 3979 1893 τοῦ
4031 1850 4160 1915 Χρι-

803 1927 981 1982 Filius
1010 1925 1357 1981 incarnatus
1386 1922 1709 1985 adveniret,
1747 1920 2209 1989 cruciﬁgeretur,
2258 1935 2452 1976 more—

802 2021 965 2072 retur
1000 2018 1181 2086 atque
1204 2015 1560 2081 resurgeret,
1582 2024 1843 2081 eumque
1890 2008 2157 2079 judicem
2212 2024 2344 2063 esse
2376 2008 2453 2063 vi-

800 2120 1020 2160 vorum
1049 2118 1120 2159 ac
1159 2105 1575 2162 mortuorum;
1609 2115 1752 2155 mox
1777 2097 1978 2153 adhuc
2034 2096 2209 2152 nobis
2256 2097 2454 2153 dicere

805 2192 1228 2267 pergentibus:
1262 2192 1377 2248 Cur
1404 2204 1529 2244 non
1549 2189 1635 2244 ita
1652 2188 1946 2259 propheta
1968 2192 2162 2241 vester
2186 2187 2449 2253 advenit,

801 2286 868 2341 ut
890 2284 1085 2339 cateri
1137 2280 1213 2335 de
1264 2295 1335 2335 eo
1366 2278 1561 2333 testati
1604 2281 1784 2334 antea
1832 2276 2137 2331 fuissent?
2179 2276 2285 2330 sed
2340 2292 2451 2331 nec

801 2371 1088 2429 omnibus
1147 2369 1321 2426 vobis
1390 2366 1795 2429 cernentibus,
1854 2372 1918 2421 ut
1972 2366 2172 2436 Moysi,
2223 2366 2451 2437 populo

799 2466 1019 2518 cuncto
1048 2462 1380 2532 spectante,
1411 2460 1469 2512 et
1496 2456 1766 2512 fumante
1814 2460 2017 2510 monte
2068 2455 2263 2521 legem
2292 2455 2449 2510 Deus

794 2550 981 2616 dedit,
1011 2546 1345 2606 Mohamedi
1364 2560 1608 2617 quoque
1631 2548 1892 2599 vestram
1915 2544 2074 2598 hanc
2094 2544 2450 2614 scripturam

794 2638 1223 2706 contraditam,
1271 2640 1331 2691 ut
1371 2651 1483 2691 vos
1527 2649 1772 2706 quoque
1806 2632 2202 2689 fundamento
2244 2632 2449 2705 aliquo

792 2727 1131 2788 niteremini
1149 2728 1177 2783 ?
1206 2724 1412 2793 Nobis,
1434 2724 1706 2797 inquam,
1736 2723 1819 2778 ita
1839 2722 2177 2778 dicentibus
2195 2722 2449 2791 Agareni

790 2817 1183 2891 respondent,
1212 2828 1617 2887 quaecumque
1658 2811 1806 2877 vult,
1856 2812 2044 2866 Deum
2082 2810 2298 2866 facere.
2344 2813 2446 2867 Re-

792 2904 1160 2981 plicantibus
1223 2902 1445 2959 nobis:
1489 2901 1779 2974 Equidem
1831 2900 1893 2955 id
1953 2899 2142 2972 probe
2200 2900 2443 2964 scimus,

790 2997 1123 3071 quaerimus
1148 2997 1355 3050 tamen
1378 2990 1693 3065 quomodo
1726 2990 2020 3062 scriptura
2056 2990 2133 3045 ad
2186 2990 2445 3062 prophe-

791 3091 917 3144 tam
940 3089 1212 3141 vestrum
1236 3081 1509 3138 venerit?
1556 3079 1943 3152 respondent,
1993 3094 2064 3135 eo
2111 3078 2444 3135 dormiente

2566 1930 2693 1973 στοῦ
2747 1929 3042 1998 παρουσίας
3092 1930 3486 1999 προηγόρευσαν
3533 1929 3599 1987 ὡς
3629 1932 3761 1990 Θεὸς
3788 1930 3856 1980 ὧν
3890 1934 3980 1982 καὶ
4023 1938 4158 1984 Θεοῦ

2566 2013 2682 2071 Υιὸς
2734 2015 3084 2087 σαρκούμενος
3141 2014 3273 2083 ἣξει,
3330 2019 3422 2067 καὶ
3468 2020 3905 2091 παυρωθήσεται
3932 2025 4022 2072 καὶ
4068 2022 4159 2071 θα-

2561 2103 2922 2159 νατωθήσεται
2968 2109 3057 2155 καὶ
3106 2102 3486 2173 ἀναστήσεται,
3516 2110 3608 2157 καὶ
3655 2108 3735 2158 ὅτι
3781 2112 3963 2180 κριτὴς
4011 2104 4157 2170 οὗτος

2562 2192 2766 2249 ζώντων
2814 2197 2903 2243 καὶ
2960 2200 3148 2265 νεκρῶν
3214 2192 3356 2245 έστιν
3399 2215 3412 2227 ·
3468 2193 3578 2247 εἶτα
3638 2199 4021 2270 προστιθέντων
4080 2200 4158 2250 ὅτι

2565 2286 2678 2341 Πῶς
2716 2280 2820 2350 οὐχ
2865 2282 3028 2342 οὕτως
3068 2278 3216 2338 ἦλθεν
3247 2284 3272 2333 6
3310 2288 3578 2357 προφήτης
3623 2286 3787 2357 ὑμῶν,
3832 2285 3997 2337 ἄλλων
4024 2306 4155 2360 μαρ-

2560 2371 2849 2441 τυρούντων
2874 2374 2993 2441 περὶ
3023 2370 3218 2437 αὐτοῦς
3252 2369 3358 2422 ἀλλ’
3390 2368 3514 2424 οὐδε
3558 2375 3765 2425 πάντων
3809 2376 3952 2447 ὑμῶν
4000 2377 4156 2449 ὁρών-

2559 2477 2658 2509 των
2706 2459 2733 2509 6
2790 2463 2941 2526 Θεὸς,
2996 2463 3065 2521 ὡς
3116 2468 3188 2530 τῷ
3238 2467 3451 2513 Μωυσεῖ
3499 2461 3778 2534 βλέποντος
3816 2468 4009 2526 παντὸς
4064 2472 4155 2517 τοῦ

2558 2547 2684 2599 λαοῦ
2738 2554 2826 2601 καὶ
2874 2549 3251 2620 καπνιζομνου
3304 2558 3397 2602 τοῦ
3436 2552 3586 2624 ὄρους
3632 2549 3835 2609 δέδωκε
3861 2558 3947 2606 τὸν
3972 2559 4151 2626 νόμον,

2558 2638 2777 2707 κάκείνῳ
2824 2642 2917 2695 τὴν
2980 2644 3180 2711 γραφὴν
3250 2641 3310 2697 ἣν
3384 2660 3509 2711 φατε
3565 2644 3850 2715 παρέσχεν,
3913 2645 3996 2695 ἶνα
4067 2650 4153 2696 καὶ

2555 2727 2698 2798 ὑμεῖς
2761 2730 2821 2778 τὸ
2886 2725 3100 2798 βέϐαιον
3139 2730 3297 2799 ἔχητε
3340 2746 3354 2795 ;
3410 2727 3777 2801 ἀποκρίνονται
3828 2733 3908 2783 ὅτι
3956 2733 3983 2783 6
4023 2737 4151 2794 Θεὸς

2556 2817 2657 2867 ὅσα
2694 2815 2824 2867 θέλει
2880 2822 3035 2870 ποιεῖ.
3080 2822 3346 2887 Λεγὸντων
3393 2814 3453 2869 δε
3503 2820 3648 2889 ἡμῶν
3703 2821 3783 2871 ὅτι
3839 2827 4005 2873 Τοῦτο
4061 2826 4150 2873 καὶ

2554 2907 2705 2977 ἡμεῖς
2758 2901 2993 2974 οἴδαμεν,
3051 2904 3419 2979 ἀποκρίνονται
3474 2909 3557 2959 ὅτι
3607 2908 3655 2959 έν
3723 2910 3831 2979 ὅσῳ
3884 2909 4149 2983 ἐκοιμᾶτο,

2552 2992 2745 3051 κατέϐη
2794 2995 2825 3052 ἡ
2882 2998 3059 3067 γραφὴ
3110 2993 3278 3047 έπάνω
3335 2996 3496 3048 αὐτοῦ
3530 3018 3542 3029 ·

2552 3082 2762 3154 λέγομεν
2805 3086 2957 3155 ἡμεῖς
3011 3087 3143 3158 πρὸς
3194 3084 3400 3149 αὐτοὺς,
3462 3087 3563 3151 ὅτι,
3614 3083 3796 3144 ἐπειδὴ
3838 3093 4151 3161 κοιμώμενος

3601 3004 3689 3049 καὶ
3732 3003 3801 3050 T6
3854 2996 4099 3069 γελοιῶδε
4108 3022 4148 3069 ς,

789 3176 1150 3248 scripturam
1180 3172 1440 3243 desuper
1463 3170 1518 3225 ei
1542 3169 1845 3226 traditam.
1877 3167 2054 3241 Atqui
2079 3168 2193 3223 hoc
2220 3168 2441 3223 ridicu-
2473 3167 2514 3222 C
2552 3171 2569 3224 ἐ

2366 3184 2441 3223 :u-
2473 3167 2514 3222 C
2552 3168 2766 3235 έδέξατο
2804 3176 2899 3231 τὴν
2942 3177 3170 3246 γραφὴν,
3210 3179 3301 3225 καὶ
3339 3174 3432 3225 οὐκ
3485 3176 3675 3246 ᾔσθετο
3730 3183 3820 3235 τῆς
3876 3175 4146 3248 ἐνεργείας,

787 3265 917 3322 lum
936 3266 1045 3333 est,
1075 3259 1517 3335 respondemus
1551 3276 1564 3324 ;
1601 3263 1659 3314 et
1681 3257 1827 3329 quia
1855 3256 2162 3314 dormiens
2187 3256 2440 3328 scriptu-

787 3369 921 3410 ram
940 3352 1182 3424 recepit,
1195 3364 1393 3422 neque
1409 3348 1539 3416 eius
1563 3346 1648 3403 rei
1671 3362 1921 3402 sensum
1942 3342 2172 3413 habuit,
2187 3345 2441 3417 popula-

785 3444 922 3501 rein
937 3458 1009 3499 eo
1021 3439 1413 3514 proverbium
1426 3435 1794 3509 completum
1813 3435 1941 3491 fuit.
1956 3435 2225 3507 Cumque
2236 3435 2439 3491 denuo

787 3532 867 3589 ab
886 3532 960 3588 iis
982 3529 1375 3596 sciscitamur,
1408 3526 1525 3582 Cur
1544 3524 1893 3583 Mohamede
1916 3522 2083 3583 vobs
2111 3525 2439 3580 mandante

726 3607 730 3611 ’
787 3622 847 3677 in
858 3621 973 3677 hac
993 3623 1194 3675 vestra
1210 3618 1524 3690 scriptura,
1549 3613 1775 3686 nequid
1791 3602 2147 3675 facile”
2163 3612 2439 3669 admitta-

783 3711 859 3767 tis
879 3709 1113 3781 absque
1134 3706 1408 3774 testibus,
1423 3721 1549 3771 cur,
1568 3703 1981 3775 inquammon
2000 3702 2059 3761 ei
2074 3695 2310 3760 dixistis
2331 3720 2343 3756 :
2372 3708 2440 3757 At

786 3804 851 3855 tu
869 3799 1036 3871 prior
1064 3796 1319 3852 testibus
1341 3793 1621 3866 approba
1640 3798 1697 3848 te
1717 3806 1853 3846 esse
1887 3784 2267 3864 prophetica,
2318 3798 2373 3847 et
2402 3808 2439 3847 a

786 3891 904 3944 Deo
936 3886 1137 3942 venire
1160 3887 1187 3940 ?
1213 3889 1270 3940 et
1298 3897 1582 3956 quaenam
1610 3880 1905 3952 scriptura
1929 3879 2007 3936 de
2032 3883 2091 3937 te
2143 3881 2393 3938 testatur
2411 3882 2438 3935 ‘.’

782 3982 926 4033 tunc
954 3974 1187 4048 pudore
1217 3971 1427 4028 suﬂusi
1452 3969 1651 4027 silent.
1667 3972 1784 4026 Nos
1807 3973 2011 4026 autem
2029 3968 2165 4041 jure
2196 3969 2437 4026 merito-

781 4083 901 4140 que
925 4066 1043 4123 illis
1068 4063 1329 4122 dicimus
1358 4080 1372 4119 :
1411 4060 1710 4127 Quoniam
1748 4074 1994 4117 uxorem
2023 4058 2243 4117 ducere
2272 4060 2440 4116 haud

780 4158 917 4215 licet
935 4157 1169 4229 absque
1197 4154 1476 4220 testibus,
1526 4167 1724 4223 neque
1752 4151 2025 4214 mercari,
2057 4163 2253 4221 neque
2280 4165 2437 4205 eme-

779 4263 866 4317 re,
885 4250 945 4304 et
972 4261 1049 4301 ne
1076 4245 1317 4302 asinum
1337 4242 1586 4315 quidem
1603 4244 1705 4297 aut
1721 4239 2017 4312 praedium
2040 4240 2168 4295 sine
2189 4239 2439 4295 testibus

780 4336 1133 4411 adquiritis;
1168 4334 1274 4391 sed
1302 4347 1541 4396 uxores,
1568 4334 1627 4386 et
1650 4328 1897 4402 praedia,
1930 4333 1986 4385 et
2014 4328 2236 4395 asinos,
2265 4337 2322 4384 et
2348 4344 2440 4383 re-

779 4428 965 4502 liqua,
994 4422 1397 4498 praesentibus
1422 4419 1675 4477 testibus
1706 4418 1968 4490 mancipi
1994 4417 2248 4485 habetis,
2282 4417 2440 4473 male

2551 3261 2624 3321 εὶς
2675 3261 2831 3313 αὐτὸν
2881 3259 3154 3333 ἐπληρώθη
3211 3266 3269 3314 τὸ
3335 3272 3426 3322 τῆς
3496 3259 3783 3334 δημώδους
3843 3270 4144 3338 παροιμίας,

2553 3349 2712 3403 Πάλιν
2772 3351 2919 3421 ὑμῶν
2989 3349 3311 3425 ἐρωτώντων,
3378 3358 3494 3412 Πῶς
3567 3352 3728 3404 αὑτοῦ
3800 3352 4147 3425 ἐντειλαμένου

2549 3440 2670 3510 ὑμῖν
2700 3439 2750 3491 ἐν
2789 3447 2852 3511 τῇ
2884 3447 3057 3511 γραφῇ
3088 3441 3229 3511 ὑμῶν
3278 3437 3445 3511 μηδὲν
3471 3449 3634 3493 ποιεῖν
3675 3442 3704 3499 ἦ
3738 3438 3997 3513 δέχεσθαι
4026 3444 4145 3495 ἄνευ

2547 3531 2841 3603 μαρτύρων,
2894 3528 2988 3581 οὐκ
3032 3532 3207 3581 εῐπατε
3259 3530 3400 3599 αὐτῷ
3438 3532 3521 3581 ὃτι
3570 3537 3777 3602 Πρώτος
3828 3531 3980 3591 αὐτὸς
4019 3531 4143 3584 ἀπὸ·

2549 3615 2717 3680 δειξον
2757 3614 2851 3669 διὰ
2888 3620 3165 3691 μαρτύρων
3204 3620 3269 3677 ὡς
3306 3623 3574 3690 προφήτης
3624 3616 3686 3687 εἷ,
3738 3624 3827 3671 καὶ
3868 3619 3969 3671 ἀπὸ
4010 3628 4144 3673 Θεοῦ

2548 3706 2771 3769 έξῆλθες,
2812 3713 2901 3758 καὶ
2940 3711 3065 3759 ποία
3106 3712 3291 3781 ,γραφὴ
3352 3716 3608 3782 μαρτυρεῖ
3658 3714 3777 3783 περὶ
3836 3719 3930 3761 σοῦ
3965 3729 3978 3775 ;
4024 3729 4143 3761 σιω-

2549 3806 2714 3848 πῶσιν
2755 3792 3078 3867 αἰδούμενοι.
3123 3800 3259 3867 Πρὸς
3298 3796 3385 3858 οῦς
3426 3796 3647 3868 εὐλόγως
3686 3802 3867 3869 φαμὲν,
3926 3796 4139 3855 Ἐπειδὴ

2548 3893 2771 3955 γυναῖκα
2824 3893 2995 3957 γῆμαι
3048 3885 3142 3936 οὐκ
3212 3885 3408 3947 ἔξεστιν
3478 3886 3596 3937 ἄνευ
3663 3889 3957 3960 μαρτύρων,
4021 3884 4144 3939 οὐδε

2550 3974 2844 4047 ἀγοράζειν,
2886 3970 3008 4026 οὐδὲ
3062 3976 3312 4048 χρᾶσθαι,
3353 3978 3470 4027 οὔτε
3509 3971 3569 4026 δὲ
3607 3977 3750 4046 ὑμεῖς
3804 3976 3951 4027 αὐτοὶ
3989 3996 4144 4027 κατα-

2551 4060 2777 4135 δέχεσθε
2825 4068 2935 4115 ὄνον
2994 4064 3022 4121 ἦ
3079 4071 3257 4135 κτῇμα
3314 4062 3608 4137 ἀμάρτυρον
3664 4068 3806 4132 ὄντα,
3874 4063 4002 4116 ἀλλὰ
4058 4072 4145 4118 καὶ

2548 4161 2795 4222 γυναῖκας
2850 4158 2941 4204 καὶ
2981 4158 3225 4223 κτήματα
3278 4158 3365 4204 καὶ
3405 4156 3546 4213 ὅνους
3603 4158 3692 4204 καί
3750 4156 3817 4205 τὰ
3870 4156 4024 4205 λοιπὰ
4054 4150 4147 4207 διὰ

2548 4245 2825 4314 μαρτύρων
2864 4243 3079 4311 κτᾶσθε,
3123 4250 3291 4301 κακῶς
3333 4243 3438 4313 ἄρα
3475 4248 3635 4314 μόνην
3693 4247 3785 4300 τὴν
3844 4247 4019 4294 πίστιν
4058 4249 4145 4295 καὶ

2549 4337 2643 4389 τὴν
2681 4336 2887 4405 γραφὴν
2938 4330 3236 4404 ἀμάρτυρον
3289 4333 3437 4402 ἔχετε
3470 4351 3483 4363 ·

2547 4417 2821 4493 παραδοὺς
2872 4416 3162 4491 οὐδαμόθεν
3201 4422 3315 4490 ἔχει
3352 4423 3411 4471 τὸ
3449 4418 3660 4491 βέϐαιον
3694 4440 3706 4453 ·
3749 4416 3875 4473 οῦδέ
3902 4440 3981 4482 τις
4013 4440 4143 4494 προ-

3538 4332 3565 4382 6
3612 4334 3714 4403 γὰρ
3772 4334 3967 4388 ταύτην
4026 4334 4144 4403 ὑμῖν

778 4516 1047 4590 profecto
1071 4513 1266 4569 solam
1294 4510 1477 4565 ﬁdem
1500 4512 1681 4580 atque
1704 4507 2067 4580 scripturam
2092 4506 2437 4563 intestatam
2469 4518 2515 4571 ι)
2546 4530 2558 4581 ι

2351 4523 2437 4563 1m
2469 4518 2515 4571 D
2546 4512 2747 4582 μάρτυς
2779 4509 2940 4561 αὐτοῦ
2995 4513 3326 4583 γνωρίζεται,
3371 4507 3499 4561 ἀλλὰ
3549 4514 3865 4582 κοιμώμενος
3922 4506 4131 4573 ἐδέξατο

778 4605 1026 4664 tenetis:
1061 4618 1207 4659 nam
1260 4600 1367 4673 qui
1394 4599 1556 4655 hanc
1584 4596 1760 4653 vobis
1820 4596 2083 4666 tradidit,
2128 4612 2436 4669 nusquam

777 4695 961 4753 habet
988 4691 1384 4749 ﬁrmitatem:
1440 4702 1639 4760 neque
1684 4685 1839 4741 ullus
1893 4686 2057 4741 testis
2108 4685 2435 4758 praecessit,

778 4785 885 4842 sed
908 4783 1132 4841 librum
1158 4778 1467 4836 dormiens
1499 4776 1883 4832 Mohamedes
1914 4776 2155 4848 recepit.

845 4878 903 4930 4.
934 4869 1254 4945 Appellant
1282 4883 1422 4924 vero
1452 4881 1565 4923 nos
1596 4865 1987 4931 associantes,
2019 4864 2164 4937 quia
2195 4867 2333 4929 Deo,
2371 4869 2435 4921 ut

777 4965 965 5034 aiunt,
1001 4960 1236 5017 socium
1277 4956 1692 5029 adjungimus,
1742 4954 1891 5009 dum
1940 4954 2240 5010 Christum
2285 4954 2432 5010 dici-

774 5069 915 5111 mus
932 5051 1037 5107 Dei
1068 5050 1279 5107 Filium
1301 5063 1373 5104 ac
1394 5048 1603 5102 Deum.
1629 5042 1859 5110 Quibus
1880 5043 2345 5115 respondemus,
2369 5044 2433 5100 ld

774 5142 997 5200 scilicet
1024 5156 1064 5197 a
1089 5139 1394 5211 Scriptura
1419 5150 1593 5191 sacra
1640 5132 2067 5206 prophetisque
2095 5132 2380 5189 traditum
2414 5150 2427 5188 :

774 5246 1011 5305 vosque
1058 5228 1197 5301 ipsi,
1249 5230 1317 5283 ut
1379 5228 1538 5281 certe
1603 5221 1937 5284 aﬂirmatis,
1976 5221 2433 5297 prophetarum

776 5321 1195 5380 auctoritatem
1259 5314 1594 5373 admittitis.
1636 5312 1694 5369 Si
1737 5328 1881 5383 ergo
1929 5320 2113 5384 prave
2168 5312 2429 5368 dicimus

776 5412 1078 5469 Christum
1107 5407 1211 5464 Dei
1242 5406 1472 5470 Filium,
1504 5417 1692 5477 prave
1720 5402 1929 5475 utique
1957 5400 2042 5460 ili
2096 5400 2433 5459 docuerunt

2546 4602 2760 4657 ταύτην.

2616 4860 2681 4917 δ’.
2720 4862 2951 4917 Καλοῦσι
2982 4860 3041 4916 δὲ
3080 4864 3207 4937 ἐμᾶς
3236 4863 3591 4936 έταιριαστὰς,
3626 4866 3727 4933 ὃτι,
3775 4870 3953 4937 φασὶν,
4004 4866 4145 4918 ἑταῖ-

2542 4973 2629 5028 ρον
2678 4962 2751 5024 τῲ
2806 4961 2920 5025 Θεῷ
2974 4956 3377 5028 παρεισάγομεν,
3438 4952 3670 5025 λέγοντες
3717 4950 3847 5007 εἶναι
3900 4958 3987 5007 τὸν
4017 4962 4146 5030 Χρι-

2545 5047 2667 5095 στὸν
2712 5046 2830 5096 Υίὸν
2880 5050 2971 5096 τοῦ
3020 5050 3155 5097 Θεοῦ
3207 5048 3297 5095 καὶ
3329 5047 3477 5098 Θεὸν.
3511 5046 3647 5117 Πρὸς
3698 5044 3784 5105 οὖς
3828 5064 4011 5117 φαμεν,
4062 5048 4145 5097 ὅτι

2541 5137 2706 5184 Τοῦτο
2745 5134 2775 5189 ἡ
2844 5136 2981 5206 ραφὴ
3042 5136 3133 5184 καὶ
3192 5132 3241 5183 οἱ
3301 5139 3567 5206 προφῆται
3636 5128 4083 5205 παραδεδώκασιν
4128 5154 4142 5166 ·

2543 5223 2691 5295 ὑμεῖς
2731 5217 2810 5288 δε,
2849 5224 2918 5283 ὡς
2957 5217 3397 5293 διισχυρίζεσθε,
3430 5224 3552 5281 τοὺς
3588 5226 3856 5296 προφήτας
3896 5218 4139 5293 δέχεσθε.

2541 5312 2602 5364 Εἰ
2639 5307 2727 5363 οὖν
2767 5318 2941 5372 κακῶς
2976 5308 3188 5382 λέγομεν
3227 5312 3313 5361 τὸν
3352 5313 3585 5382 Χριστὸν
3623 5313 3743 5362 Υίὸν
3782 5316 3937 5380 Θεοῦ,
3969 5312 4143 5374 κακῶς

2542 5403 2647 5475 ἄρα
2676 5400 2860 5453 ἐκεῖνοι
2907 5396 3160 5462 ἐδίδαξαν
3218 5403 3308 5452 καὶ
3346 5395 3660 5472 παρέδωκαν
3688 5401 3834 5473 ἡμῖν.
3868 5405 3970 5454 Καί
4006 5404 4143 5465 τινες

844 5612 926 5683 (4)
956 5614 1042 5668 lta
1063 5608 1365 5683 Choniatre
1378 5602 1578 5683 codex
1598 5600 1801 5661 denuo
1825 5619 1864 5661 a
1886 5612 1981 5661 ne
2003 5602 2334 5673 inspectus.
2358 5603 2433 5659 At
2458 5597 2737 5671 inSpicil.
2767 5601 2824 5656 et
2843 5601 3000 5655 retro
3030 5612 3092 5670 p.
3120 5598 3245 5666 349,
3269 5610 3329 5652 n.
3352 5598 3407 5665 4,
3426 5594 3719 5654 mendose
3738 5595 3933 5655 fuerat
3951 5598 4135 5655 omis-

777 5676 1165 5756 sa'p'articula
1189 5678 1473 5752 negativa
1493 5676 1613 5733 οὐκ.
