4508 6436
330 353 439 408 109

326 482 425 550 μὲν
465 475 633 527 αὐτῶν
668 490 845 544 φασιν,
890 472 969 523 ὅτι
1016 476 1165 542 Υμείς
1206 470 1256 521 οἱ
1295 472 1603 541 Χριστιανοὶ
1643 472 1763 529 τοὺς
1806 484 1931 541 προσ
1964 470 2012 522 Α

330 570 504 637 φὴτας
577 561 1030 634 ἀλληγορησαντες
1107 561 1172 610 τὰ
1244 566 1462 609 τοιαῦτα
1532 559 1933 631 προτεθείκατε·

333 653 480 705 illo:
515 648 593 715 δὲ,
636 652 717 702 ὅτι
761 652 827 701 Οἱ
854 646 1090 718 Ἑϐραῖοι
1128 655 1399 718 μισοῦντες
1446 648 1579 717 ὑμᾶς
1620 644 1935 710 ἰπλάνησαν,

333 745 405 803 ὡς
475 739 577 791 ἀπὸ
630 747 729 790 τῶν
794 745 1072 809 προφητῶν
1130 734 1442 809 γράψαντες,
1503 736 1585 784 ἱνα
1649 738 1738 785 καὶ
1791 734 1940 802 ἡμεῖς

334 830 672 899 πλανώμεθα.
733 825 891 878 Πάλιν
953 822 1011 876 δε
1070 843 1230 895 φαμεν
1282 827 1411 897 πρὸς
1468 822 1689 882 αύτούς·
1748 821 1939 892 Ὑμεῖς,

334 918 572 988 λέγοντες
620 918 697 967 ὅτι
741 916 767 966 6
820 916 1047 987 Χριστὸς
1110 917 1280 981 Λόγος
1336 911 1447 963 ἐστὶ
1509 918 1601 962 τοῦ
1665 914 1792 962 Θεοῦ
1854 913 1942 959 καὶ

336 1014 546 1078 πνεῦμα
584 1005 765 1070 αὐτοῦ,
812 1011 920 1063 πῶς
964 997 1247 1075 λοιδορεῐτε
1285 1003 1423 1073 ἡμᾶς
1467 1001 1536 1060 ὡς
1566 999 1940 1073 ἐταιριαστάς;

335 1095 396 1147 Ὀ
446 1097 551 1168 γὰρ
597 1098 757 1163 Λόγος
806 1095 896 1142 καὶ
934 1093 993 1142 τὸ
1040 1098 1240 1160 πνεῦμα
1279 1088 1562 1160 ἀχώριστά
1607 1086 1720 1139 ἐστι
1765 1094 1856 1137 τοῦ
1896 1084 1944 1137 ἐν

339 1182 381 1254 ᾧ
417 1188 639 1254 πέφυκεν
663 1203 676 1214 ·
727 1181 771 1233 εἰ
818 1177 906 1232 οὖν
945 1178 1028 1230 ἐπὶ
1076 1187 1148 1248 τῷ
1188 1186 1302 1247 Θεῷ
1343 1178 1482 1230 ἐστιν
1513 1179 1538 1229 6
1573 1182 1731 1247 Δὸγος
1761 1176 1940 1243 αύτοῦ,

338 1270 590 1330 δηλονότι
624 1277 714 1323 καὶ
762 1274 890 1330 Θεὸς
935 1267 1074 1319 ἔστιν
1104 1289 1115 1301 ·
1161 1268 1203 1320 εἰ
1244 1264 1301 1320 δε
1332 1266 1475 1329 ἐκτὸς
1502 1275 1593 1319 τοῦ
1624 1274 1756 1319 Θεοῦ
1788 1267 1812 1317 6
1848 1270 1943 1318 Λό-

336 1381 437 1431 γος
482 1360 601 1413 καθ’
641 1362 793 1431 ὑμᾶς,
842 1361 866 1409 6
908 1361 1039 1418 Θεὸς
1085 1362 1174 1408 καί
1213 1358 1403 1416 ἄπνους
1428 1378 1440 1388 ·
1482 1356 1666 1407 οὐκοῦν
1727 1357 1945 1426 φεύγον-

338 1469 423 1511 τες
470 1450 785 1521 ἐταιριάζειν
835 1450 920 1499 τόν
978 1450 1127 1512 Θεὸν,
1178 1444 1398 1514 ὶκοψατε
1455 1444 1626 1498 αὐτόν.
1694 1450 1946 1515 Κρεῖσσον

342 1540 403 1589 δί
442 1534 502 1595 ἦν
543 1539 675 1608 ὑμᾶς
720 1535 882 1606 λέγειν
926 1535 1005 1585 ὅτι
1044 1532 1243 1605 ἑταῖρον
1288 1535 1421 1603 ἔχει,
1457 1533 1483 1589 ἦ
1526 1538 1733 1584 κόπτειν
1772 1531 1945 1597 αὐτὸν,

339 1631 437 1677 καὶ
470 1628 539 1687 ὡς
568 1625 707 1677 λίθον
749 1624 777 1682 ἦ
822 1622 971 1685 ξύλον
1007 1626 1035 1679 ἧ
1082 1641 1133 1673 τι
1180 1629 1279 1672 τῶν
1322 1620 1647 1677 ἀναισθήτων
1686 1621 1948 1694 παρεισά-

340 1734 476 1784 γειν.
539 1712 701 1765 Ὠστε
764 1714 911 1784 ὑμεῖς
969 1715 1060 1782 μεν
1126 1712 1265 1782 ἡμᾶς
1317 1706 1763 1784 ψευδηγοροῦντες
1816 1708 1950 1760 ἐται-

341 1806 576 1877 ριαστὰς
626 1802 861 1853 καλεῖτε·
919 1802 1067 1872 ἡμεῖς
1115 1797 1175 1852 δε
1219 1799 1532 1871 ἀληθεύομεν
1579 1805 1772 1858 κοπτας
1816 1800 1951 1869 ὑμᾶς
1986 1814 2023 1867 Β

344 1894 820 1966 προσαγορεύοντες
856 1898 947 1942 τοῦ
978 1887 1134 1943 Θεοῦ.

422 2158 475 2212 ε’.
534 2156 908 2210 Διαϐάλλουσιν
960 2157 1097 2228 ἡμᾶς
1163 2151 1537 2229 εἰδωλολάτρας
1602 2162 1954 2228 προσκυνοῦν-

342 2268 443 2309 τας
485 2250 573 2298 τὸν
614 2250 840 2319 σταυρὸν
873 2250 959 2296 καὶ
1002 2250 1097 2302 τὴν
1139 2245 1310 2296 εἰκόνα
1347 2251 1435 2297 τοῦ
1477 2252 1709 2315 Χριστοῦ
1740 2249 1828 2294 καὶ
1855 2251 1953 2293 τῶν

344 2338 541 2409 ἁγιων,
581 2336 615 2387 ἁ
662 2334 843 2387 ἐκεῖνοι
892 2331 1302 2407 βδελύττονταισ
1338 2338 1426 2385 καί
1478 2352 1639 2405 φαμεν
1686 2336 1814 2405 πρὸς
1862 2334 1953 2383 αύ-

343 2432 493 2489 τούς,
542 2433 654 2488 Πῶς
694 2427 839 2497 ύμεῖς
887 2424 1014 2495 λίθῳ
1056 2422 1436 2498 προστρίϐεσθε
1482 2426 1617 2475 κατὰ
1659 2427 1745 2474 τὸν
1792 2421 1955 2474 Γαϐα-

348 2518 449 2566 θᾶν
496 2517 661 2586 ὑμῶν,
715 2518 805 2565 καὶ
865 2512 1050 2585 φιλεῖτε
1110 2516 1195 2564 τὸν
1259 2512 1400 2564 λίθον
1447 2520 1627 2563 τοῦτον
1693 2513 1953 2583 ἀσμένοις

348 2608 457 2657 Καὶ
486 2606 618 2665 τινες
647 2607 736 2674 μὲν
776 2602 941 2653 αὐτῶν
974 2620 1129 2673 φασιν
1174 2602 1253 2653 ὅτι
1293 2601 1460 2653 ἐπάνω
1499 2603 1685 2652 τούτου
1718 2600 1957 2672 Ἀϐραὰμ

349 2699 674 2746 συνουσίασε
711 2702 771 2765 τῇ
807 2691 977 2765 Ἀγαρ
1005 2733 1018 2746 .
1058 2691 1205 2743 οὖλοι
1240 2689 1318 2757 δε,
1352 2692 1431 2743 ὅτι
1467 2691 1627 2742 αύτοῦ
1653 2686 1959 2764 προσέδησε

348 2790 447 2842 τὴν
507 2783 739 2855 κάμηλον
801 2781 995 2854 μέλλων
1054 2783 1191 2833 θύειν
1254 2784 1340 2831 τὸν
1402 2782 1609 2834 Ἰσαάκ.
1671 2785 1770 2831 Καὶ
1834 2782 1959 2851 πρὸς

349 2875 549 2933 αύτούς
617 2871 1036 2945 ἁποκρινόμεθα·
1113 2876 1221 2930 Τῆς
1284 2875 1483 2942 Γραφῆς
1556 2868 1807 2939 λεγούσης
1880 2871 1961 2919 ὅτι

353 2968 478 3035 ᾁοος
528 2958 590 3018 ἦν
630 2957 882 3027 ἀλσῶδες,
937 2964 1027 3011 καὶ
1083 2958 1209 3021 ξύλα
1253 2958 1336 3030 ἀφ’
1386 2959 1453 3009 ὧν
1494 2958 1564 3019 εἰς
1613 2962 1706 3014 την
1749 2959 1961 3029 όλοκάρ-

354 3070 529 3102 πωσιν
586 3054 786 3121 σχίσας
839 3047 1076 3123 Ἀϐραὰμ
1116 3046 1332 3104 ἐπέθηκε
1388 3056 1459 3117 τῷ
1507 3048 1711 3112 Ἰσαὰκ,
1751 3051 1840 3098 καὶ
1883 3048 1963 3097 ὅτι

354 3142 492 3211 μετά
540 3147 640 3190 τῶν
677 3134 883 3190 παίδων
938 3142 1031 3194 τὴν
1085 3141 1196 3189 ὄνον
1244 3136 1502 3202 κατέλιπε,
1550 3138 1702 3188 πόθεν
1741 3138 1862 3207 ύμῖν
1905 3139 1963 3187 τό
1996 3162 2035 3215 C

354 3229 579 3301 ληρεῖν;
628 3230 743 3279 οὗτε
793 3228 896 3299 γὰρ
954 3224 1060 3278 ἐκεῖ
1113 3225 1240 3288 ξύλα
1286 3222 1545 3301 δρυμώδη
1585 3234 1801 3293 κεῖνται,
1853 3228 1966 3276 οὔτε

356 3323 469 3369 ὄνοι
518 3313 890 3370 διοδεύουσιν·
933 3311 1211 3367 αἰδοῦνται
1252 3311 1361 3368 οὖν.
1410 3314 1590 3386 Ὀμως
1637 3318 1789 3387 φασὶν
1838 3310 1967 3365 εἶναι

358 3411 451 3458 τὸν
503 3406 647 3457 λίθον
701 3412 792 3457 τοῦ
840 3402 1099 3476 Ἀϐρααμ,
1147 3408 1235 3455 καὶ
1278 3402 1354 3456 ἐπ’
1396 3404 1557 3455 οώτοῦ
1617 3404 1967 3455 συνουσιάσαι

356 3501 599 3567 γυναικὶ,
656 3501 745 3547 καὶ
806 3495 886 3546 ὅτι
950 3500 1043 3552 τὴν
1100 3493 1332 3565 κάμηλον
1390 3494 1550 3545 αὐτοῦ
1614 3489 1964 3568 προσέδησεν.

360 3586 497 3638 Εἶτα
538 3584 634 3636 οὐκ
679 3579 932 3652 αἰδεῖσθε,
975 3581 1080 3634 ἀλλ’
1114 3584 1253 3655 ἡμᾶς
1297 3582 1528 3634 εύθύνετε
1567 3583 1645 3634 ὅτι
1682 3585 1769 3633 τόν
1812 3600 1967 3632 σταυ-

360 3678 455 3747 ρόν
484 3680 579 3724 τοῦ
611 3679 846 3745 Χριστοῦ
876 3680 1269 3745 προσκυνοῦμεν
1307 3676 1398 3722 καὶ
1434 3675 1526 3728 τὴν
1566 3671 1755 3736 εἰκόνα,
1798 3666 1870 3721 δι’
1901 3670 1967 3719 ὧν

365 3758 634 3833 δαιμόνων
703 3760 867 3832 ἰσχύς
929 3764 1019 3811 καὶ
1081 3755 1115 3811 δ
1122 3758 1327 3821 ιαϐόλου
1384 3758 1697 3811 καταλύεται
1752 3758 1967 3823 πλάνης

365 3851 540 3910 Οὗτος
571 3846 630 3902 δε
668 3852 720 3902 ὃν
753 3868 883 3921 φασι
914 3848 1077 3917 λίθον,
1109 3848 1302 3920 κεφαλὴ
1345 3857 1438 3909 τῆς
1469 3845 1787 3921 Ἀφροδίτης
1831 3846 1973 3899 ἐστὶν

364 3941 396 4013 ᾖ
444 3942 820 4013 προσεκύνουν,
871 3937 929 3994 ἣν
975 3932 1043 3995 δὴ
1091 3940 1282 4011 Χαμάρ
1322 3942 1711 4011 προσηγόρευον
1741 3958 1753 3969 ·
1797 3936 1883 4008 ὑφ’
1914 3932 1973 3986 οὗ

363 4035 456 4081 καὶ
509 4033 677 4101 μέχρι
722 4036 809 4079 νῦν
859 4026 908 4078 ἐν
955 4022 1210 4098 γλυφίδος
1248 4026 1595 4098 ἀποσκίασμα
1634 4028 1830 4088 ταύτης
1871 4032 1976 4085 τοῖς

365 4116 601 4191 ἀκριϐῶς
629 4123 945 4169 κατανοοῦσι
975 4120 1228 4185 φαίνεται.

447 4384 513 4451 ς’.
566 4386 735 4445 Οὗτος
786 4388 954 4436 τοίνυν
1011 4384 1037 4435 6
1090 4378 1326 4456 Μωάμεδ
1372 4382 1581 4449 πολλὰς,
1633 4385 1701 4446 ὡς
1752 4386 1978 4459 εἴρηται,

1684 339 2031 399 THESAURI
2070 341 2202 396 LIB.
2254 340 2340 395 XX

3591 344 3697 403 110

2051 464 2132 533 id,
2165 464 2461 537 nobisque
2485 463 2882 521 tradiderunt.
2916 464 3195 521 Nonnulli
3230 469 3410 524 etiam
3458 468 3696 526 illorum

2050 554 2217 609 aiunt
2244 571 2257 608 :
2286 556 2397 608 Vos
2420 553 2666 625 quidem
2692 553 3007 608 Christiani
3029 554 3351 626 prophetas
3380 556 3697 627 allegorice

2048 643 2515 714 interpretando,
2548 644 2705 698 hanc
2743 642 3079 698 doctrinam
3124 644 3419 700 intulistis.
3468 647 3577 702 Alii
3602 648 3698 703 di-

2049 737 2192 787 cunt
2221 750 2232 787 :
2286 730 2512 787 Hebraei
2551 732 2756 787 hostes
2788 732 2964 786 vestri
3005 747 3113 787 vos
3142 733 3527 806 deceperunt,
3558 736 3702 793 talia

2050 825 2342 891 tanquam
2381 820 2727 892 prophetica
2771 820 3114 890 scribentes,
3176 826 3240 876 ut
3303 837 3416 877 nos
3456 839 3702 897 quoque

2052 909 2365 964 vobiscum
2396 909 2790 981 decipiamur.
2826 909 3090 964 Vicissim
3121 909 3233 965 illis
3259 926 3371 966 nos
3399 912 3656 969 dicimus
3684 931 3699 969 :

2054 999 2251 1063 Quum
2282 1013 2385 1052 vos
2417 998 2714 1053 Christum
2744 996 2999 1051 Verbum
3028 998 3127 1052 Dei
3148 998 3544 1071 spiritumque
3570 1000 3702 1070 ejus

2054 1086 2284 1151 dicatis,
2309 1100 2414 1139 cur
2431 1085 2607 1140 nobis
2630 1085 3049 1140 conviciamini
3072 1090 3362 1157 tanquam
3389 1088 3706 1143 adsociau-

2056 1174 2211 1230 tibus
2223 1179 2251 1229 Ἰ
2267 1174 2520 1229 Verbum
2537 1174 2763 1246 quippe
2777 1190 2847 1228 ac
2865 1174 3108 1246 spiritus
3122 1176 3386 1247 separari
3400 1181 3707 1249 nequeunt

2054 1263 2133 1318 ab
2171 1279 2242 1318 eo
2277 1263 2369 1318 cui
2419 1262 2768 1317 naturaliter
2814 1264 3061 1320 haerent.
3112 1264 3170 1319 Si
3203 1280 3345 1334 ergo
3378 1268 3438 1320 in
3471 1267 3590 1321 Deo
3618 1270 3709 1322 est

2056 1351 2313 1406 Verbum
2344 1351 2496 1422 ejus,
2534 1351 2791 1406 Verbum
2835 1366 3079 1423 quoque
3114 1354 3266 1407 Deus
3309 1359 3415 1410 est.
3448 1353 3619 1419 Quod
3658 1356 3709 1410 si

2056 1445 2223 1494 extra
2255 1440 2439 1495 Deum
2465 1445 2574 1503 est,
2616 1444 2679 1494 ut
2708 1455 2817 1494 vos
2849 1440 3093 1510 putatis,
3131 1442 3283 1496 Deus
3313 1448 3467 1497 certe
3499 1443 3708 1514 spiritu

2056 1533 2234 1583 caret.
2264 1529 2444 1598 igitur
2471 1528 2617 1582 dum
2640 1527 2950 1583 adsociare
2978 1531 3161 1585 Deum
3183 1529 3484 1597 devitatis,
3506 1531 3709 1602 ipsum

2059 1618 2369 1673 mutilatis.
2397 1620 2640 1673 Praestat
2668 1622 2872 1672 autem
2897 1618 3133 1673 socium
3156 1624 3211 1674 et
3239 1619 3320 1674 illi
3346 1619 3706 1687 adtribuere,

2059 1724 2245 1779 quam
2276 1705 2535 1763 eundem
2566 1707 2944 1775 imminuere,
2977 1712 3034 1762 et
3071 1724 3181 1763 ceu
3222 1708 3487 1781 lapidem
3518 1710 3607 1765 vel
3636 1710 3710 1765 li-

2062 1812 2249 1865 gnum
2289 1802 2393 1851 aut
2444 1794 2609 1850 aliud
2660 1794 2919 1867 quodvis
2965 1796 3337 1853 insensatum
3391 1798 3703 1855 inducere.

2063 1884 2387 1940 Mentimini
2435 1884 2637 1955 itaque
2685 1900 2825 1939 cum
2872 1899 2986 1939 nos
3031 1884 3409 1941 adsociantes
3438 1888 3709 1943 vocatis:

2064 1990 2176 2029 nos
2218 1979 2427 2029 contra
2485 1988 2620 2028 vere
2666 1972 2943 2038 dicimus,
2990 1989 3130 2030 cum
3174 1991 3278 2031 vos
3320 1975 3420 2031 Dei
3457 1991 3715 2033 caasores

2063 2062 2467 2135 appellamus.

2135 2158 2186 2207 5.
2218 2152 2689 2208 Traducuntnos
2709 2156 2997 2224 tanquam
3018 2153 3386 2222 idololatras,
3413 2155 3557 2229 quia
3580 2172 3716 2212 cru-

2063 2258 2194 2297 ccm
2223 2242 2568 2311 adoramus,
2599 2242 2927 2314 Christique
2956 2247 3013 2298 et
3034 2246 3715 2317 sanctorumimagines,

2065 2347 2101 2386 a
2125 2330 2347 2402 quibus
2376 2330 2491 2402 ipsi
2522 2330 2865 2386 abhorrent.
2900 2334 3017 2387 Nos
3049 2348 3190 2387 vero
3228 2334 3667 2406 respondemus
3700 2352 3715 2391 :

2067 2422 2181 2475 Cur
2219 2425 2423 2474 autem
2472 2433 2580 2471 vos
2617 2416 2804 2489 lapidi
2848 2418 3241 2476 advolvimini
3284 2422 3344 2476 in
3384 2427 3581 2478 vestro
3613 2424 3722 2479 Ga-

2068 2509 2276 2574 batha,
2303 2513 2482 2578 atque
2514 2505 2682 2562 illum
2726 2513 2849 2562 tam
2893 2507 3146 2564 libenter
3179 2510 3539 2567 osculamini
3561 2512 3589 2567 ?
3620 2518 3719 2568 Αι-

2068 2614 2184 2671 que
2224 2612 2431 2652 eorum
2463 2594 2562 2651 alii
2587 2595 2814 2660 dicunt,
2849 2612 3035 2669 supra
3062 2598 3223 2654 hunc
3243 2598 3507 2672 lapidem
3537 2600 3722 2657 Abra-

2068 2687 2320 2742 hamum
2343 2701 2480 2740 cum
2503 2691 2695 2753 Agare
2724 2686 3157 2743 concubuisse:
3191 2688 3290 2744 alii
3319 2690 3619 2746 camelum
3641 2690 3723 2747 ad

2070 2777 2231 2832 hunc
2274 2774 2551 2844 alligasse
2590 2789 2728 2828 cum
2770 2776 3046 2831 lsaacum
3087 2781 3246 2833 esset
3274 2778 3721 2835 immolaturus.

2072 2864 2297 2930 Quibus
2343 2862 2818 2933 respondemus:
2880 2864 3179 2929 Quoniam
3236 2866 3540 2939 Scriptura
3582 2867 3727 2924 dicit

2072 2958 2339 3008 montem
2368 2949 2537 3005 illum
2569 2950 2749 3005 fuisse
2771 2955 3518 3029 nemorosum,scissisque
3549 2956 3726 3026 lignis

2072 3042 2150 3097 ad
2179 3040 2539 3096 sacriﬁcium
2568 3039 2987 3097 Abrahamum
3028 3043 3143 3098 illic
3181 3046 3537 3116 imposuisse
3568 3051 3728 3103 lsaa-

2075 3148 2235 3195 cum,
2265 3136 2321 3184 et
2357 3130 2847 3186 commendatam
2877 3132 3079 3203 pueris
3108 3133 3418 3206 reliquisse
3448 3136 3685 3192 asinam
3710 3156 3724 3205 ;

2078 3219 2383 3275 undenam
2409 3218 2535 3273 istze
2559 3218 2731 3274 vobis
2759 3235 2937 3290 nugae
2963 3221 2992 3277 τ
3036 3236 3233 3294 neque
3257 3224 3419 3280 enim
3445 3232 3641 3281 vestro
3665 3226 3728 3282 in

2075 3308 2208 3378 loco
2234 3311 2373 3362 sunt
2405 3305 2569 3376 ligna
2612 3306 2923 3375 silvestria,
2962 3324 3158 3381 neque
3196 3312 3483 3369 transitus
3526 3314 3729 3370 asino-

2077 3415 2237 3454 rum.
2276 3396 2366 3452 Ad
2394 3397 2523 3452 haec
2552 3412 2698 3453 sane
2723 3398 3074 3471 pudetiunt;
3122 3408 3384 3473 pergunt
3409 3408 3612 3459 tamen
3637 3402 3730 3459 di-

2079 3503 2233 3554 cere,
2272 3486 2536 3557 lapilem
2581 3485 2741 3541 illum
2779 3486 3106 3545 Abrahami
3149 3506 3302 3556 esse,
3343 3491 3546 3565 ibique
3589 3509 3731 3549 cum

2079 3578 2303 3634 femina
2332 3593 2458 3632 rem
2489 3576 2797 3647 habuisse,
2828 3584 2885 3634 et
2931 3580 3231 3637 camelum
3278 3582 3397 3639 illic
3430 3582 3729 3654 alligasse.

2080 3672 2204 3737 Age
2251 3682 2393 3721 vero
2440 3682 2547 3721 vos
2587 3682 2708 3721 non
2748 3667 2956 3738 pudet,
2982 3668 3089 3725 sed
3127 3669 3460 3742 objurgatis
3490 3687 3601 3728 nos
3625 3675 3733 3745 qui

2081 3756 2290 3812 Christi
2328 3771 2566 3810 crucem
2598 3761 2779 3828 atque
2822 3756 3149 3827 imaginem
3199 3776 3578 3828 veneramur,
3604 3763 3736 3835 qui-

2082 3846 2196 3901 bus
2224 3845 2575 3900 daamonum
2596 3845 2864 3916 potentia
2896 3845 3245 3921 diabolique
3271 3850 3437 3907 fraus
3481 3860 3739 3924 proster—

2085 3934 2290 3990 nitur?
2338 3934 2436 3989 Hic
2479 3939 2703 3999 autem,
2743 3949 2927 4006 quem
2971 3936 3196 4009 dicunt,
3239 3938 3392 4011 lapis
3429 3944 3613 4013 caput
3648 3946 3740 3999 est

2087 4023 2353 4093 Veneris,
2384 4038 2573 4094 quam
2612 4022 2835 4089 colunt,
2882 4040 3195 4099 quamque
3249 4030 3428 4085 etiam
3480 4030 3743 4087 Chamar

2087 4113 2429 4185 appellant:
2482 4128 2555 4167 ex
2600 4128 2723 4185 quo
2770 4112 2965 4185 lapide
3012 4132 3201 4188 usque
3251 4118 3329 4174 ad
3368 4119 3531 4175 hunc
3576 4120 3741 4177 diem

2088 4202 2338 4275 plastico
2368 4216 2549 4273 opere
2579 4217 2869 4273 expressa
2905 4204 3290 4263 adumbratio
3319 4217 3495 4265 acute
3532 4208 3746 4266 obser-

2088 4292 2366 4347 vantibus
2390 4290 2669 4346 cernitur.

2161 4386 2215 4439 6.
2249 4381 2348 4435 Hic
2387 4380 2563 4449 igitur
2594 4380 2975 4439 Mohamedes
3008 4384 3216 4453 multa,
3246 4386 3330 4443 uti
3360 4387 3588 4446 dictum
3614 4389 3744 4459 fuit,

366 4472 645 4548 λοιδορίας
720 4473 1012 4537 συντάξας,
1090 4472 1285 4545 ἑκάστη
1354 4475 1549 4524 τούτων
1623 4478 2054 4568 προσηγορίαςῡ
2092 4486 2146 4526 cc

1967 4493 1980 4533 ;
2011 4514 2054 4568 Β
2092 4469 2527 4568 contumeliosa
2566 4471 2831 4542 capitula
2876 4475 3332 4543 consarcinans,
3363 4476 3584 4534 horum
3629 4480 3747 4535 sin-

371 4564 621 4621 ὶπέθηκεν
662 4564 763 4633 (ὅ),
796 4563 902 4614 οἷον
942 4564 972 4621 ἡ
1021 4567 1195 4635 γραφὴ
1236 4569 1330 4621 τῆς
1372 4566 1639 4633 γυναικός.
1685 4562 1765 4613 Ἐν
1814 4566 1975 4635 ταύτῃ

372 4652 438 4707 δί
484 4662 550 4727 τῇ
607 4654 849 4724 λεγομένῃ
902 4659 1073 4724 γραφῇ
1136 4660 1231 4712 τῆς
1278 4654 1520 4722 γυναικός
1577 4656 1833 4725 τέσσαρας
1892 4672 1985 4722 γυ-

370 4752 560 4803 ναῖκας
614 4750 889 4817 προφανῶς
953 4738 1229 4814 λαμϐάνειν
1298 4742 1582 4812 νομοθετεῖ,
1647 4745 1737 4792 καὶ
1794 4740 1987 4792 παλλα-

374 4838 495 4896 κὰς,
538 4831 624 4884 ἐάν
672 4851 753 4892 τις
797 4827 1040 4894 δύνηται,
1072 4829 1282 4902 χιλίας,
1327 4830 1355 4887 ἦ
1408 4831 1537 4890 ὅσας
1580 4832 1610 4887 ἡ
1663 4835 1785 4904 χεὶρ
1827 4830 1986 4881 αὑτοῦ

374 4926 662 4994 κατάσχῃ,
717 4922 1060 4993 ὑποκειμένας
1112 4926 1229 4979 ταῖς
1275 4922 1536 4993 τέσσαρσι
1582 4919 1858 4990 γυναιξίνο
1929 4919 1989 4976 ἣν

380 5010 438 5067 δ’
477 5011 540 5064 ὄιν
583 5009 818 5083 βουληθῇ
860 5008 1122 5076 ἀπολύειν,
1163 5013 1254 5060 καὶ
1290 5009 1607 5080 κομίζεσθαι
1646 5008 1804 5066 ἄλλην
1838 5008 1898 5068 ἢν
1930 5008 1990 5060 ἆν

381 5103 559 5175 ἐθέλῃ,
606 5098 660 5152 ἐκ
707 5108 803 5161 τῆς
844 5100 1095 5160 τοιαύτης
1151 5097 1319 5157 αἰτίας
1375 5096 1731 5170 ἐνομοθέτησε.
1795 5102 1995 5171 Σύμπο-

381 5212 471 5246 νον
510 5188 594 5248 δὲ,
621 5194 750 5262 ἔσχε
801 5185 926 5242 Ζεῖδ
963 5192 1515 5263 προσαγορευόμενον⁹
1567 5187 1716 5249 οὗτος
1770 5195 1997 5259 γυναῖκα

388 5286 591 5357 ὡραίαν
649 5276 812 5352 εἶχεν,
882 5279 944 5339 ἧς
1010 5277 1163 5338 αύτὸς
1228 5277 1479 5349 ἠράσθη’
1549 5279 1852 5350 καθημένων
1907 5275 1996 5329 οὖν

391 5373 590 5440 αὐτῶν,
630 5376 762 5444 9ησὶ
796 5372 927 5444 πρὸς
965 5367 1120 5420 αὐτόν
1148 5388 1160 5401 ·
1210 5363 1356 5434 Ζεὶδ,
1390 5369 1415 5419 6
1446 5371 1572 5428 Θεὸς
1603 5366 1881 5420 ἐνετείλατό
1908 5388 2000 5441 μοι

472 5569 552 5641 {5)
595 5565 858 5641 lntellige
890 5562 1323 5641 Coranisuras,
1363 5580 1518 5637 quas
1547 5563 1894 5641 singillatim
1917 5580 2007 5641 re:

400 5636 640 5699 cenauit
682 5636 1083 5710 refutavitque
1116 5636 1180 5693 in
1222 5636 1405 5710 opere
1448 5652 1582 5707 suo,
1612 5652 1650 5695 a
1695 5652 1758 5693 n.
1807 5640 1876 5693 26
1926 5637 2008 5695 ad

2094 4560 2247 4633 gulis
2327 4558 2528 4615 titulos
2606 4562 2912 4633 apposuit,
2983 4563 3165 4620 veluti
3244 4571 3335 4621 est
3415 4568 3749 4640 capitulum

2093 4650 2169 4705 de
2235 4648 2503 4704 muliere.
2576 4649 2757 4705 Porro
2821 4651 2885 4706 in
2958 4652 3073 4708 hoc
3132 4654 3300 4727 quod
3355 4655 3620 4713 diximus
3675 4657 3753 4715 de

2094 4739 2345 4796 muliere
2404 4737 2688 4810 capitulo,
2751 4746 3012 4813 quatuor
3065 4759 3285 4800 uxores
3352 4746 3559 4817 palam
3613 4748 3756 4803 duci

2095 4830 2227 4898 lege
2266 4828 2489 4895 statuit,
2521 4832 2578 4884 et
2625 4831 2996 4887 concubinas
3050 4832 3100 4887 si
3132 4834 3269 4907 quis
3312 4838 3531 4908 poterit
3574 4838 3756 4894 etiam

2099 4918 2259 4973 mille
2286 4917 2381 4974 vel
2405 4924 2703 4991 quotquot
2734 4920 3033 4993 cujusque
3081 4939 3300 4979 manus
3346 4925 3756 4999 adquisiverit,

2098 5015 2361 5081 quatuor
2388 5009 2679 5064 uxoribus
2712 5009 2984 5067 subditas
3010 5029 3022 5067 :
3048 5029 3120 5068 ex
3136 5012 3359 5087 quibus
3386 5017 3637 5090 siquam
3669 5017 3761 5073 di-

2101 5098 2333 5155 mittere
2356 5096 2632 5167 voluerit,
2648 5104 2830 5172 atque
2853 5100 3034 5157 aliam
3061 5102 3304 5172 ducere,
3335 5104 3495 5163 hanc
3524 5107 3604 5162 ob
3625 5123 3765 5163 cau-

2106 5203 2239 5243 sam
2276 5185 2473 5259 legem
2525 5187 2673 5244 tulit.
2710 5190 3008 5246 Ministerii
3055 5194 3291 5250 socium
3338 5194 3607 5253 habebat
3650 5197 3768 5253 Zei-

2104 5278 2254 5332 dum
2303 5277 2637 5348 quemdam
2685 5280 2952 5345 nomine,
2993 5282 3089 5337 cui
3131 5299 3271 5339 cum
3319 5286 3575 5358 pulchra
3617 5302 3772 5343 uxor

2109 5370 2285 5437 esset,
2327 5367 2713 5425 Mohamedes
2754 5370 2815 5437 in
2859 5370 3042 5442 hujus
3087 5388 3359 5430 amorem
3402 5376 3613 5449 lapsus
3659 5384 3750 5439 est

2116 5569 2260 5695 23,111
2256 5564 2501 5695 ἱξεῗὲἓᾷ
2534 5566 2915 5695 Bgalantinus,
2966 5567 3046 5625 ad
3084 5585 3269 5643 quem
3320 5569 3570 5630 lectores
3619 5574 3780 5633 able-

2119 5654 2335 5710 gamus
2365 5642 2522 5710 (tam.
2555 5640 2602 5709 Ο
2622 5640 2704 5712 γ).
