4508 6436
374 421 481 477 “3

1730 415 2078 476 TilESAURl
2121 415 2245 471 LIB.
2295 418 2398 472 XX.

3651 418 3753 474 ιιι

369 539 689 617 παραδείσῳ
725 551 821 604 τῆς
867 551 1106 617 τρυφῆςς
1156 539 1281 597 οὐδε
1329 548 1446 618 περὶ
1485 552 1575 605 τῆς
1612 543 1847 617 καμήλου
1886 561 1977 595 πε·
2019 542 2063 595 Α
2093 538 2149 597 di

1968 573 1977 585 -
2019 542 2063 595 Α
2093 538 2225 597 diso
2262 538 2560 597 accideret
2587 540 2615 596 ?
2658 554 2853 614 neque
2900 539 2975 596 de
3019 537 3249 595 camelo
3288 537 3577 595 sollicitus
3614 540 3748 620 fuit,

375 637 666 707 φρόντικεν,
700 633 839 694 ὅπως
880 639 968 683 νῦν
1016 628 1188 703 διάγει
1223 648 1237 699 ;
1268 630 1377 684 ἀλλ’
1428 629 1551 686 οὐδὲ
1591 634 1732 705 ὑμεῖς
1780 634 1981 706 ηρωτὴο

376 739 510 774 σατε
566 720 745 790 αὐτὸν,
804 722 874 781 ὡς
921 721 1042 793 ύμῖν
1103 725 1219 795 περὶ
1276 729 1375 773 τῶν
1423 730 1577 796 τριῶν
1639 719 1981 795 διηγόρευσεν

374 807 859 881 ὀνειροπολούμενος
918 816 1213 881 ποταμῶνς
1265 809 1397 863 Ἀλλ’
1448 811 1596 881 ἡμεῖς
1649 818 1824 881 σαφῶς
1890 813 1983 865 τὴν

375 900 694 970 θαυμαστὴν
747 899 886 971 ὑμῶν
939 897 1169 970 κάμηλον
1218 898 1288 960 εἰς
1334 895 1659 969 πόαςᾷδου,
1710 901 1837 951 ὅπου
1895 903 1984 949 καὶ

372 986 526 1058 ὑμεῖς
577 985 782 1058 μέλλετε
830 983 1057 1057 διάγειν,
1107 989 1177 1049 ὡς
1214 984 1518 1055 κτηνώδεις,
1573 984 1983 1061 προδραμοῦσαν

371 1075 500 1145 ύμῖν
552 1074 993 1147 ἐπαγγελλόμεθα.
1058 1076 1261 1129 Ἐκεῖσε
1327 1073 1386 1129 δε
1441 1081 1626 1138 σκότος
1684 1075 1822 1129 ἔστὶν
1866 1075 1984 1139 έξώ-

370 1181 542 1235 τερον,
603 1168 692 1216 καὶ
738 1163 955 1225 κόλασις
997 1163 1350 1233 ἁτελεύτητος,
1396 1172 1499 1239 πῦρ
1541 1166 1731 1237 ὴχούν,
1775 1165 1983 1229 σκώληξ

371 1249 687 1323 ἀκοίμητος,
716 1257 806 1306 καὶ
826 1254 1079 1326 τάρταροι
1110 1250 1374 1326 δαίμονες.

446 1339 517 1397 η’.
554 1340 771 1414 Ἐναύτῇ
803 1338 863 1394 δὲ
900 1349 961 1414 τῇ
989 1350 1160 1415 γραφῇ
1196 1350 1257 1414 τῇ
1293 1349 1521 1417 περὶτοῦ
1547 1339 1875 1417 παραδείσου
1905 1342 1982 1395 λέ-

368 1432 456 1499 γει
481 1430 506 1481 ό
538 1426 773 1502 Μωοίμεδ
800 1430 980 1484 ἑαυτὸν
1012 1428 1138 1483 εἶναι
1168 1429 1481 1503 κλῃδοῦχον
1511 1439 1601 1484 τοῦ
1629 1428 1978 1506 παραδείσου,

368 1521 466 1569 καὶ
494 1517 575 1570 ὅτι
617 1524 1013 1593 παραστήσεται
1044 1526 1277 1583 Μωῡσῆς
1316 1525 1408 1573 σύν
1453 1528 1557 1581 τοῖς
1606 1520 1975 1594 Ἰσραηλίταις·

369 1609 465 1657 καὶ
512 1607 578 1666 ὡς
632 1605 935 1679 παραϐάται
974 1615 1065 1659 τοῦ
1111 1612 1271 1681 νόμου
1315 1616 1375 1679 τῇ
1422 1608 1633 1661 κολάσει
1680 1616 1771 1661 τού
1816 1612 1978 1683 πυρὸς

368 1689 758 1752 έκδοθήσονται
788 1715 800 1728 ·
845 1695 896 1747 οἱ
928 1692 987 1748 δε
1013 1701 1345 1769 Χριστιανοὶ,
1376 1698 1447 1757 ὡς
1477 1701 1561 1749 τὸν
1606 1700 1830 1771 Χριστὸν
1861 1698 1978 1750 Υἱὸν

369 1788 511 1835 Θεοῦ
563 1788 653 1835 καὶ
710 1787 839 1836 Θεὸν
907 1783 1339 1853 ἁποκαλέσαντες,
1409 1792 1498 1839 καὶ
1561 1790 1973 1861 σεσαρκωμένον,

2092 627 2340 685 ubinam
2366 629 2583 700 degat?
2609 645 2717 685 nec
2742 645 2848 684 vos
2869 628 3130 701 denique
3151 643 3291 683 eum
3316 627 3748 699 interrogastis,

2092 721 2158 773 ut
2188 716 2418 789 aliquid
2443 719 2518 773 de
2559 718 2736 774 trium
2782 717 3102 773 ﬂuminum
3143 716 3350 773 fabula
3390 716 3561 771 vobis
3609 732 3749 774 nar-

2090 812 2250 863 raret
2267 807 2295 862 ?
2324 807 2657 879 Caeteroqui
2682 822 2793 863 nos
2818 806 2944 862 sine
2962 806 3085 863 ulla
3113 804 3372 877 ambage
3394 805 3747 877 praeclaram

2090 896 2249 953 hanc
2279 896 2579 952 camelum
2608 900 2869 953 vestram
2899 895 2977 952 ad
2998 893 3212 951 interni
3238 894 3477 962 herbas,
3506 895 3612 951 ubi
3640 912 3748 951 vos

2091 998 2335 1057 quoque
2377 984 2666 1050 incoletis,
2717 983 3096 1057 praecurrisse
3150 982 3322 1039 vobis
3370 983 3747 1040 nuntiamus.

2093 1072 2178 1129 lbi
2226 1089 2369 1129 vero
2414 1073 2674 1130 tenebrae
2723 1073 3063 1139 exteriores,
3111 1086 3292 1143 poena
3348 1072 3742 1143 incessabilis,

2090 1161 2247 1234 ignis
2276 1160 2553 1233 stridens,
2585 1161 2805 1218 vermis
2842 1160 3003 1232 vigil,
3028 1160 3458 1232 dtemonesque
3486 1161 3740 1217 tartarei.

2162 1341 2219 1396 8.
2274 1338 2338 1393 In
2380 1338 2596 1395 eodem
2626 1338 2700 1394 de
2726 1336 3015 1411 paradiso
3044 1335 3309 1409 capitulo
3336 1335 3417 1391 ait
3446 1335 3745 1393 Mohame-

2089 1425 2195 1483 des
2223 1443 2287 1483 se
2309 1442 2441 1482 esse
2468 1426 2733 1499 paradisi
2759 1426 3094 1493 ostiarium,
3110 1424 3312 1497 ibique
3332 1423 3460 1479 fore
3480 1427 3744 1496 Moysem

2088 1532 2229 1572 cum
2278 1516 2555 1572 lsraelitis
2588 1532 2600 1571 :
2651 1516 2799 1587 legis
2843 1522 3045 1572 autem
3085 1520 3563 1584 transgressores
3594 1530 3741 1587 sup-

2087 1605 2267 1679 plicio
2310 1606 2466 1675 ignis
2506 1605 2791 1662 traditum
2838 1604 2927 1660 iri.
2970 1602 3341 1661 Christianos
3366 1603 3607 1676 pariter,
3632 1619 3743 1659 ceu

2085 1694 2192 1767 qui
2223 1694 2521 1751 Christum
2551 1695 2653 1750 Dei
2686 1694 2895 1751 Filium
2930 1696 3238 1765 Deumque
3283 1690 3737 1765 appellaverint,

2085 1786 2143 1838 et
2182 1782 2564 1839 incarnatum
2602 1783 3079 1854 crucitixumque
3123 1779 3556 1836 afﬁrmaverint
3590 1780 3741 1852 (ipse

365 1874 463 1923 καὶ
524 1869 911 1947 ἐσταυρωμένον
975 1872 1131 1936 αύτόν
1187 1870 1602 1947 δογματίσαντες
1660 1878 1817 1947 (φησί
1872 1877 1972 1949 γὰρ
2014 1885 2145 1940 Ben

1959 1894 1972 1926 ›
2014 1885 2054 1940 Β
2084 1871 2246 1926 enim
2290 1872 2371 1928 ait
2414 1887 2450 1927 a
2496 1871 2720 1926 Judteis
2764 1870 3048 1927 umbram
3099 1874 3329 1925 tantum
3365 1868 3522 1923 illius
3555 1868 3739 1925 cruci-

366 1960 453 2012 ὅτι
496 1961 526 2018 ἡ
575 1964 699 2012 σκιὰ
748 1961 909 2014 αὑτοῦ
948 1960 1253 2035 έσταυρώθη
1300 1964 1399 2016 ὑπὸ
1431 1972 1530 2015 τῶν
1561 1960 1876 2034 Ἰουδαίων),
1908 1971 1971 2036 τῇ

363 2056 465 2103 τοῦ
495 2053 659 2126 πυρὸς
685 2054 856 2124 γεέννῃ
888 2048 1375 2125 παραδοθήσονται.
1422 2050 1546 2106 Εἶτα
1593 2052 1771 2106 ἑαυτὸν
1816 2073 1973 2126 φησιν

364 2141 473 2192 ὑπὸ
507 2147 642 2194 Θεοῦ
672 2140 977 2212 κεκλῆσθαι,
1012 2148 1100 2195 καὶ
1139 2145 1204 2203 ὡς
1245 2143 1385 2215 μάλα
1424 2142 1635 2202 θεοσεϐῆ
1688 2148 1775 2196 καὶ
1818 2148 1973 2197 παντὶ

364 2237 443 2299 τῷ
489 2230 659 2281 αὐτῶν
700 2233 827 2283 έθνει
878 2234 1043 2283 αἴτιον
1111 2232 1399 2293 θεοσεϐείας
1465 2234 1768 2307 ὑπάρξαντα
1825 2232 1971 2285 έπαι·

361 2319 594 2382 νεῖσθαι,
646 2322 735 2370 καὶ
782 2322 970 2371 τούτου
1017 2322 1178 2394 χάριν
1231 2318 1544 2392 κλειδοῦχον
1590 2328 1969 2393 χρηματίσαι·

361 2412 461 2458 καὶ
521 2405 846 2460 ἀπεστάλθαι
900 2416 990 2461 τού
1048 2407 1269 2476 ἀνοῖξαι,
1337 2415 1426 2462 καὶ
1490 2410 1973 2463 συνεισελεύσεσθαι

362 2496 512 2567 αὖτῷ
560 2494 880 2571 αντιρῥήτως
918 2496 1071 2569 λόγου
1118 2505 1288 2572 χωρὶς
1331 2504 1419 2551 καὶ
1460 2496 1776 2574 διακρίσεως
1821 2497 1970 2553 ἑϐδο-

362 2590 606 2658 μήκοντα
662 2584 938 2657 χιλιάδας.
1001 2592 1101 2641 Καὶ
1164 2593 1284 2651 τούς
1350 2589 1559 2650 λοιπούς
1622 2592 1973 2663 κριθήσεσθαι

363 2678 583 2745 φάσκει,
622 2680 711 2727 καὶ
750 2680 869 2738 τούς
908 2678 999 2749 μεν
1031 2674 1269 2739 δικαίους
1312 2677 1673 2750 ἀναμφιϐόλως
1711 2687 1805 2739 τῆς
1843 2699 1972 2753 τρυ-

364 2772 465 2835 φῆς
518 2762 836 2832 ἀπολαῦσαι,
894 2769 1010 2826 τούς
1063 2763 1121 2819 δε
1181 2768 1573 2841 εὑρισκομένους
1636 2767 1974 2841 ἁμαρτωλούς

358 2856 620 2905 πιττάκια
668 2858 884 2929 φορέσαι
949 2853 997 2906 έν
1053 2864 1159 2916 τοῖς
1210 2856 1496 2929 τραχήλοις
1556 2853 1828 2929 δεδεμένα,
1883 2863 1972 2909 καὶ

358 2941 438 3002 εἰς
489 2945 579 2993 τὸν
632 2938 957 3016 παράδεισον
1007 2942 1270 3009 εἰσελθεῖν,
1326 2950 1416 2997 καὶ
1464 2948 1677 3006 τούτους
1724 2944 1971 3018 ίπονομά-

357 3031 555 3092 ζεσθαι
602 3028 967 3106 ἀπελευθέρους
1007 3040 1100 3085 τοῦ
1145 3040 1279 3086 Θεοῦ
1315 3038 1406 3086 καὶ
1443 3042 1535 3086 τοῦ
1564 3030 1800 3107 Μωάμιδ
1834 3054 1845 3067 ο
1877 3037 1972 3097 τὰς

355 3116 422 3173 δε
460 3125 715 3189 γυναῖκας
767 3126 995 3174 συνεῖναι
1050 3125 1141 3193 μεν
1190 3121 1369 3184 αὐτοῖς
1412 3121 1647 3193 ἀπαθῶς,
1687 3126 1776 3174 καὶ
1826 3124 1972 3195 θερα-

2082 1961 2313 2033 ﬁxam),
2348 1962 2639 2031 gehennae
2665 1961 2866 2032 ignem
2898 1964 3273 2033 experturos.
3310 1958 3533 2013 Deinde
3563 1957 3647 2015 ait
3674 1974 3739 2014 se

2082 2065 2120 2107 a
2159 2052 2279 2107 Deo
2315 2055 2619 2113 vocatum,
2646 2055 2825 2122 atque
2864 2054 2928 2106 ut
2961 2048 3236 2121 apprime
3274 2046 3641 2117 religiosum,
3683 2052 3741 2103 et

2081 2139 2381 2196 universae
2431 2139 2591 2209 genti
2638 2154 2759 2193 suae
2801 2137 3103 2209 religionis
3147 2136 3371 2194 factum
3406 2140 3734 2206 auctorem,

2080 2228 2259 2285 laude
2316 2232 2645 2295 ornatum;
2708 2232 2765 2283 et
2815 2231 3136 2300 eapropter
3191 2225 3459 2298 paradisi
3514 2224 3737 2281 factum

2080 2318 2413 2383 ostiarium,
2446 2318 2825 2390 missumque
2873 2317 2953 2372 ad
2997 2316 3437 2388 aperiendum;
3489 2320 3547 2371 et
3599 2314 3739 2370 illuc

2081 2423 2287 2463 secum
2318 2408 2697 2478 ingressnros
2728 2406 2958 2478 absque
2989 2405 3159 2462 obice
3190 2410 3247 2460 et
3273 2404 3398 2459 sine
3432 2403 3553 2459 ulla
3595 2419 3736 2459 con-

2082 2496 2435 2552 tradictione
2467 2501 2570 2551 aut
2592 2496 2819 2566 judicio
2842 2496 3117 2551 homines
3140 2494 3522 2566 septuaginta
3555 2492 3732 2548 mille.

2082 2585 2161 2641 De
2208 2585 2453 2657 reliquis
2497 2584 2836 2656 judicatum
2878 2584 2948 2639 iri
2977 2586 3095 2651 ait;
3146 2588 3203 2639 et
3247 2583 3444 2653 justos
3487 2582 3735 2653 quidem

2082 2676 2209 2731 sine
2252 2675 2439 2730 dubio
2482 2675 2707 2729 deliciis
2746 2674 3083 2746 potituros;
3136 2688 3239 2729 eos
3283 2678 3484 2728 autem
3515 2672 3620 2742 qui
3649 2672 3733 2728 in-

2080 2765 2237 2820 venti
2276 2763 2495 2819 fuerint
2524 2768 2889 2835 peccatores,
2922 2761 3155 2818 libellos
3201 2765 3540 2831 gestaturos
3580 2760 3733 2816 collo

2081 2867 2385 2923 appensos
2411 2870 2423 2918 ;
2452 2851 2842 2906 nihilominus
2865 2849 3213 2921 paradisum
3246 2849 3643 2920 ingressuros,
3677 2855 3734 2904 et

2084 2942 2185 2997 Dei
2213 2941 2457 2997 libertos
2495 2957 2564 2995 ac
2602 2940 2970 2996 Moliamedis
3009 2944 3285 2995 vocatum
3334 2938 3425 2993 iri.
3469 2937 3735 2993 Mulieres

2080 3046 2323 3103 quoque
2364 3046 2501 3084 cum
2543 3029 2655 3085 illis
2706 3029 2936 3084 futuras
2971 3029 3097 3084 sine
3128 3026 3476 3093 menstruis,
3506 3026 3735 3083 eisdem

2082 3120 2542 3184 ministraturas,
2576 3123 2631 3174 et
2652 3117 2902 3190 capillos
2931 3118 3018 3173 eis
3041 3123 3380 3172 ornaturas.
3412 3114 3525 3172 Sed
3556 3115 3735 3172 etiam

352 3230 394 3261 π
422 3210 537 3263 ύειν
570 3208 785 3280 αὐτούς,
824 3214 915 3262 καὶ
956 3211 1245 3283 φιλοκαλεῖν
1290 3212 1460 3265 αὐτῶν
1502 3214 1599 3274 τὰς
1639 3215 1826 3284 κόμας.
1870 3217 1969 3265 Καὶ
2008 3236 2051 3294 C
2083 3211 2132 3267 St

1956 3217 1969 3265 ὶ
2008 3236 2051 3294 C
2083 3210 2490 3267 Samaritanos
2523 3208 2873 3281 paradisum
2902 3207 3045 3263 dicit
3072 3207 3467 3278 ingressuros,
3492 3222 3615 3261 non
3658 3205 3736 3261 ad

354 3302 485 3363 τοὺς
538 3304 864 3373 Σαμαρείτας
920 3304 1012 3371 ἔφη
1066 3302 1406 3375 εὶσέρχεσθαι
1450 3301 1497 3354 ἐν
1544 3309 1618 3372 τῷ
1663 3298 1968 3376 παραδείσῳ

355 3389 420 3442 ού
468 3393 600 3463 πρὸς
646 3394 705 3442 τὸ
746 3388 1063 3458 απολαὶσαι,
1117 3389 1224 3442 ἀλλ’
1273 3391 1355 3444 ἶνα
1393 3394 1458 3444 τίὶ
1501 3390 1715 3465 ἐκφορια
1746 3396 1837 3443 καὶ
1876 3396 1969 3449 τὴν

356 3480 558 3549 κόπρον
600 3477 771 3529 αὐτῶν
822 3477 915 3529 τοῦ
955 3475 1283 3551 παραδείσου
1333 3478 1665 3548 ἑκϐάλλωσιν,
1722 3482 1854 3540 ὅπως
1908 3479 1968 3530 ἂν

354 3570 436 3640 μή
470 3565 769 3628 ἆποζέσειεν
800 3568 826 3619 ὁ
855 3565 1176 3639 παράδεισος
1205 3590 1217 3601 ·
1250 3570 1469 3622 ἕκαστον
1498 3567 1556 3622 δὲ
1586 3572 1651 3630 ὡς
1695 3568 1755 3621 ἂν
1796 3568 1970 3621 ἐνταῦ-

360 3657 433 3710 θα
470 3654 711 3728 βιώσειεν
745 3659 846 3709 εἴτε
889 3655 937 3708 έν
989 3657 1216 3728 πλούτῳ,
1264 3662 1363 3711 εἴτε
1396 3658 1445 3712 έν
1484 3664 1654 3730 πενίᾳ,
1707 3658 1842 3711 οὕτω
1881 3663 1969 3712 καὶ

356 3742 554 3797 έκεῖθεν
575 3740 799 3816 διάγειν.
820 3748 955 3807 Τούς
976 3741 1035 3798 δὲ
1051 3743 1345 3809 Ἰουδαίους
1366 3752 1454 3799 καὶ
1484 3752 1600 3809 τούς
1618 3752 1967 3822 Χριστιανούς

354 3834 499 3906 λέγει
530 3833 658 3897 ξύλα
676 3837 842 3908 πυρὸς
868 3839 1169 3908 γενομένους
1196 3835 1565 3909 βληθήσεσθαι
1596 3837 1667 3897 εἰς
1698 3836 1845 3892 αύτό.

435 3921 497 3977 θ’.
547 3923 705 3975 Πάλιν
750 3923 877 3981 ἄλλη
931 3929 1103 3997 γραφὴ
1155 3926 1186 3984 ἡ
1227 3930 1345 3998 περὶ
1404 3935 1499 3989 τῆς
1544 3930 1829 4001 τραπέζης,
1886 3928 1967 3978 ὄτι

352 4014 600 4086 ᾐτήσατο
630 4014 657 4065 ὁ
695 4017 929 4088 Χριστὸς
958 4015 1223 4086 τράπεζαν
1264 4018 1409 4091 παρὰ
1447 4024 1539 4068 τοῦ
1579 4024 1713 4070 Θεοῦ
1752 4019 1884 4089 μετὰ
1908 4020 1965 4068 τὸ

349 4103 760 4178 πληροφορῆσαι
832 4101 1009 4166 αὐτὸν,
1087 4106 1165 4157 ὅτι
1238 4104 1333 4157 ούκ
1408 4102 1542 4158 εἶπεν
1612 4104 1793 4158 ἑαυτὸν
1854 4109 1965 4159 υἱὸν

350 4197 486 4246 Θεοῦ
510 4212 523 4225 ·
568 4196 659 4244 καὶ
693 4188 960 4265 παρέσχεν
1000 4192 1139 4264 αὐτῷ
1187 4192 1340 4246 εἰπὼν
1370 4195 1536 4257 οὕτως
1564 4216 1578 4229 ·
1627 4192 1839 4248 Δέδωκά
1881 4215 1964 4249 σοι

351 4283 623 4358 τράπεζαν
674 4283 959 4355 ἄφθαρτον,
1016 4284 1099 4335 ἶνα
1156 4283 1419 4357 εὐφραίνῃ.
1478 4290 1581 4337 Καὶ
1627 4285 1779 4337 πάλιν
1834 4285 1960 4344 ἄλλη

349 4376 532 4445 γραφὴ
583 4372 613 4428 ἡ
660 4376 781 4443 περὶ
824 4378 917 4423 τού
958 4369 1195 4444 βοῑδίου,
1245 4371 1293 4424 έν
1416 4373 1551 4445 λέγει
1596 4377 1712 4427 τινα
1750 4376 1964 4449 ῥήματα

348 4459 578 4532 γέλωτος
620 4460 762 4525 ἄξια,
809 4459 844 4511 ἃ
892 4457 986 4512 διὰ
1032 4465 1091 4513 τὸ
1144 4461 1337 4523 πλῆθος
1384 4459 1747 4537 παραδραμεῖν
1785 4468 1962 4537 οῖομαι

351 4546 489 4604 δεῖν.
561 4551 968 4623 Περιτέμνεσθαι
1043 4546 1102 4603 δε
1173 4550 1359 4613 αὐτούς
1432 4554 1800 4625 νομοθετήσας,
1873 4555 1963 4607 καὶ

349 4645 485 4713 μήτε
565 4638 921 4706 σαϐϐατίζειν,
1008 4645 1138 4711 μήτε
1205 4639 1564 4713 βαπτίζεσθαι
1624 4643 1957 4715 προστάξαςο

348 4734 445 4781 καί
502 4737 597 4781 τῶν
650 4732 740 4801 μεν
791 4736 863 4799 τῷ
916 4732 1054 4801 νόμῳ
1109 4728 1539 4804 ἀπηγορευμένων
1596 4730 1812 4801 ἐσθίειν,
1861 4741 1961 4785 τῶν

350 4816 416 4872 δε
457 4818 757 4890 ἀπέχεσθαι
800 4816 1097 4893 παραδούς,
1151 4819 1451 4873 οἰνοποσίαν
1520 4821 1780 4884 παντελῶς
1828 4821 1963 4881 ἁπη-

346 4912 600 4981 γόρευσεν
644 4909 670 4961 ὁ
707 4907 899 4969 πλάνος
928 4909 1097 4970 οὗτος.
1152 4913 1289 4984 Πρὸς
1337 4912 1541 4974 τούτοις
1594 4915 1787 4973 παντὸς
1831 4910 1962 4984 αγα-

350 5000 448 5051 θοῦ
479 5001 570 5050 καὶ
604 5005 831 5069 πονηροῦ
880 5000 1045 5051 αἴτιον
1093 4999 1354 5073 ὑπάρχειν
1406 5004 1493 5053 τὸν
1551 5004 1680 5053 Θεὸν
1730 4998 1960 5074 ἐδογμά-

345 5106 487 5159 τισε,
532 5092 621 5140 καὶ
664 5094 763 5140 πᾶν
811 5090 933 5164 ὅπερ
983 5087 1165 5162 έπελθη
1209 5089 1264 5153 ἐξ
1304 5088 1626 5165 έπηρεάσεως
1664 5100 1756 5143 τοῦ
1796 5112 1961 5150 πονη-

344 5185 446 5253 ροῦ
495 5175 748 5246 ἐναντίου,
806 5175 862 5229 ix
920 5185 1054 5231 Θεοῦ
1112 5176 1242 5231 εἶναι
1292 5182 1615 5253 ίτερατεύετο
1650 5202 1661 5213 ·
1712 5184 1799 5233 καὶ
1842 5185 1961 5242 τούς

344 5267 551 5340 λῃστὰς
594 5271 686 5319 καὶ
734 5271 1038 5341 φαρμακούς
1086 5273 1176 5321 καὶ
1225 5270 1380 5332 ὅσους
1433 5268 1493 5321 ἂν
1546 5268 1627 5322 ἐπ’
1673 5268 1962 5345 ἀπηγορευ-

346 5360 526 5430 μένοις
589 5358 899 5430 πράγμασιν
966 5357 1179 5419 ἁλόντας
1239 5364 1328 5411 καὶ
1386 5357 1781 5432 ἀναιρουμένους
1846 5357 1962 5413 ἴδοι

348 5467 449 5517 τις,
492 5447 649 5513 οὕτω,
698 5452 873 5519 φησίν,
920 5446 1141 5523 ἔγραφεν
1191 5450 1217 5501 ὁ
1262 5453 1384 5511 Θεὸς
1431 5452 1693 5521 γενέσθαι,
1734 5456 1825 5503 καὶ
1868 5454 1961 5503 ού-

349 5555 455 5598 τως
508 5534 784 5589 ἆποθανεῐν
840 5534 1130 5604 ηϐουλὴθη,
1179 5540 1351 5610 τύχην
1410 5535 1777 5611 διορισάμενος
1834 5537 1963 5593 εἶναι

351 5629 446 5707 καὶ
499 5626 833 5707 εἱμαρμένην,
894 5631 984 5680 καὶ
1026 5626 1209 5689 ἄλλους
1260 5627 1538 5695 πλείστους
1591 5626 1823 5702 λήρους·
1888 5631 1965 5691 οἷς

354 5706 830 5795 ὀνειροποληθέντα
882 5714 933 5771 οἱ
986 5713 1158 5773 ἄθλιοι
1207 5722 1309 5772 τῶν
1361 5714 1580 5773 αἰωνίων
1633 5712 1843 5793 ἀγαθῶν
1899 5717 1966 5784 ὥς

2080 3299 2424 3367 fruendum,
2447 3298 2551 3353 sed
2575 3298 2651 3353 ad
2684 3298 2923 3353 illorum
2940 3302 3199 3352 stercora
3221 3294 3504 3368 paradiso
3528 3310 3737 3366 expor-

2081 3390 2286 3457 tanda,
2329 3404 2401 3443 ne
2433 3388 2582 3443 forte
2608 3387 2932 3459 paradisus
2973 3386 3195 3441 foeteat.
3232 3387 3737 3456 Unumquemque

2078 3494 2239 3546 vero,
2273 3482 2453 3549 prout
2499 3478 2559 3532 in
2599 3477 2713 3532 hac
2756 3477 2878 3531 vita
2922 3475 3090 3530 dives
3122 3474 3318 3539 fuerit,
3352 3479 3455 3530 aut
3481 3489 3733 3545 pauper,

2076 3568 2159 3624 ita
2182 3567 2299 3623 illic
2321 3567 2615 3624 futurum.
2651 3568 2957 3622 Postremo
2982 3564 3225 3620 Judaaos
3252 3568 3431 3635 atque
3462 3562 3738 3618 Christia-

2078 3673 2190 3713 nos
2217 3657 2299 3712 ait
2326 3656 2451 3713 fore
2490 3661 2781 3727 tanquam
2812 3655 2977 3725 ligna
3019 3654 3143 3725 igni
3172 3652 3478 3725 deputata,
3508 3667 3644 3725 quae
3675 3653 3735 3707 in

2076 3746 2243 3802 illum
2276 3745 2681 3819 projicientur.

2150 3929 2200 3981 9.
2227 3927 2449 3980 Rursus
2473 3923 2642 3980 aliud
2673 3922 3003 3995 capitulum
3026 3922 3100 3976 de
3122 3936 3334 3976 mensa
3358 3919 3735 3988 inscribitur;

2076 4015 2223 4088 quia
2252 4030 2472 4087 nempe
2506 4012 2896 4086 postulaverit
2921 4012 3186 4068 Christus
3213 4027 3249 4066 a
3278 4013 3394 4066 Deo
3434 4024 3733 4071 mensam,

2077 4110 2403 4177 postquam
2442 4103 2494 4159 ei
2532 4107 2934 4175 persuaserat.
2982 4118 3047 4156 se
3077 4101 3180 4155 ﬁlii
3228 4100 3327 4156 Dei
3358 4115 3581 4155 nomen
3613 4115 3736 4153 non

2075 4209 2425 4266 usurpasse.
2468 4192 2633 4247 Hanc
2677 4191 2759 4246 illi
2806 4194 2959 4247 Deus
3002 4190 3262 4262 praebuit
3298 4188 3505 4243 dicens
3541 4204 3553 4242 :
3591 4188 3737 4243 Dedi

2075 4282 2178 4338 tibi
2210 4298 2485 4338 mensam
2511 4286 2881 4354 perpetuam,
2907 4283 3062 4336 utea
3083 4278 3317 4335 fruaris.
3343 4278 3548 4333 Adhuc
3572 4276 3737 4333 aliud

2074 4371 2409 4444 capitulum
2453 4376 2544 4427 est
2590 4370 2665 4426 de
2714 4369 2957 4439 bucula,
2988 4369 3050 4424 in
3089 4384 3212 4441 quo
3238 4366 3425 4425 verba
3450 4366 3735 4439 quaedam

2072 4462 2215 4519 dicit
2242 4462 2371 4516 risu
2400 4459 2607 4531 digna,
2639 4474 2797 4532 quae,
2828 4474 2903 4514 ne
2933 4458 3047 4514 sim
3087 4456 3375 4530 prolixus,
3403 4454 3738 4512 omittenda.

1993 4593 2037 4648 Β
2069 4552 2296 4624 iudico.
2340 4552 2609 4623 Cumque
2640 4550 2765 4604 suis
2795 4548 3268 4605 circumcisionis
3295 4547 3491 4617 legem
3520 4551 3737 4602 statue-

2070 4643 2165 4711 rit,
2198 4657 2395 4714 neque
2422 4639 2749 4696 sabbatum
2768 4655 2964 4711 neque
2993 4638 3373 4710 baptismum
3394 4636 3732 4708 imperavit.

2072 4734 2217 4791 Item
2272 4731 2463 4787 vetitis
2512 4746 2549 4785 a
2593 4729 2724 4800 lege
2767 4734 2965 4785 vetere
3008 4728 3230 4800 partim
3276 4726 3455 4791 vesci,
3510 4726 3734 4798 partim

2072 4821 2375 4878 abstinere
2412 4820 2663 4885 docens,
2696 4817 2813 4874 vini
2841 4823 2988 4891 potu
3016 4832 3267 4890 prorsus
3294 4814 3598 4871 interdixit
3626 4815 3733 4870 im-

2070 4917 2278 4986 postor
2315 4910 2433 4966 hic.
2484 4914 2732 4981 Insuper
2774 4907 3002 4978 dogma
3031 4906 3229 4963 sanxit
3257 4905 3401 4962 boni
3432 4904 3631 4961 omnis
3662 4920 3734 4962 ac

2072 5001 2214 5059 mali
2248 5016 2501 5057 causam
2535 5002 2722 5055 Deum
2770 5014 2903 5054 esse
2938 5014 2952 5065 ;
2998 5002 3054 5053 et
3098 4995 3399 5069 quidquid
3437 5011 3510 5052 ex
3540 4995 3735 5051 hostis

2071 5092 2319 5162 maligni
2350 5089 2491 5147 dolo
2533 5088 2711 5145 nobis
2743 5087 2979 5153 accidit,
3007 5086 3071 5143 id
3107 5102 3144 5143 a
3186 5086 3305 5143 Deo
3355 5102 3488 5142 esse
3526 5084 3733 5158 prodi-

2072 5182 2241 5252 giosa
2272 5180 2578 5253 impietate
2607 5178 2768 5234 dicit.
2802 5180 2868 5233 Et
2914 5176 2967 5232 si
2996 5176 3185 5233 oculis
3211 5180 3533 5232 occurrant
3558 5174 3735 5231 latro-

2070 5287 2197 5336 nes,
2267 5268 2537 5336 veneﬁci,
2606 5273 2661 5325 et
2718 5266 2971 5341 quilibet
3031 5266 3355 5323 vetitorum
3394 5264 3733 5322 facinorum

2071 5361 2175 5424 rei,
2205 5366 2384 5433 atque
2414 5359 2492 5416 ob
2525 5375 2598 5415 ea
2627 5357 2986 5430 interempti,
3021 5355 3122 5425 ita,
3170 5355 3381 5428 inquit,
3417 5357 3572 5411 Deus
3604 5354 3735 5411 ﬁeri

2072 5450 2411 5523 scripserat,
2444 5452 2501 5507 et
2539 5448 2626 5505 sic
2655 5464 2762 5508 eos
2802 5447 2956 5504 mori
2991 5446 3184 5503 voluit
3215 5463 3228 5515 ;
3279 5461 3401 5518 quo
3430 5444 3589 5501 dicto
3619 5444 3736 5501 for-

2073 5544 2234 5597 tunae
2259 5555 2487 5596 numen
2519 5555 2589 5597 ac
2618 5537 2809 5595 fatum
2840 5536 3144 5593 constituit
3176 5555 3190 5605 ;
3223 5540 3402 5607 atque
3434 5534 3583 5591 alias
3607 5551 3735 5605 ger-

2073 5645 2174 5688 res
2218 5629 2511 5703 plurimas
2546 5644 2559 5698 ;
2601 5627 2826 5701 quibus
2871 5625 3137 5683 infelices
3179 5625 3435 5696 Agareni
3473 5625 3732 5697 decepti,

2078 5716 2315 5780 uternis
2344 5713 2583 5795 gaudiis
2609 5720 2676 5778 ut
2707 5713 3054 5793 blasphemi
3092 5712 3384 5791 inpilque
3413 5711 3735 5774 excluden-
