4508 6436
802 378 905 434 na
2149 364 2417 435 Nucem
2458 377 2828 436 unorsum
4012 339 4017 350 ’
4061 390 4164 444 με

800 492 914 562 tur.
966 504 1106 561 Orta
1152 507 1242 560 est
1286 507 1488 559 autem
1534 484 1664 558 haec
1719 501 2157 559 Ismaelitarum
2206 502 2453 559 hieresis
2485 502 2533 555 A
2573 526 2580 556 ι

2385 502 2453 558 sis
2485 502 2533 555 Α
2573 503 2774 568 ἀσεϐεῖς
2820 510 2910 560 καί
2954 505 3262 579 βλάσφημοι
3304 505 3786 579 απαλλοτριοῡνται.
3841 508 4059 582 Ἀνεφύη
4105 506 4165 563 δι

803 593 1053 651 Heraclii
1082 591 1433 665 imperantis
1462 596 1655 660 astate,
1688 591 1764 648 ad
1795 609 1975 664 quem
2017 591 2096 648 ab
2125 591 2271 648 orbe
2310 606 2454 648 con-
2568 597 2583 646 ι

2386 606 2454 647 n-
2568 596 2599 653 ἡ
2645 598 2861 653 τοιαύτη
2906 603 3007 647 τῶν
3046 594 3390 667 Ἰσμαηλιτῶν
3432 596 3634 670 αἵρεσις
3680 596 3765 648 ἐπὶ
3813 606 3913 649 τῶν
3959 602 4163 673 χρόνων

802 681 927 741 dito
957 682 1101 740 anni
1130 680 1434 739 ﬂuxerunt
1455 683 1519 737 Vl
1549 683 1599 739 Μ
1631 684 1823 739 CXLV.
2565 683 2582 735 ἠ

2565 683 2865 758 Ἡρακλείου
2918 692 3011 737 τοῦ
3078 682 3357 757 βασιλέως,
3430 687 3500 747 ὡς
3562 681 3690 738 εἶναι
3754 691 3942 762 μέχρις
4003 687 4164 740 αὐτοῦ

2567 770 2668 825 ἀπὸ
2698 777 2912 834 κτίσεως
2940 777 3144 845 κόσμου
3172 774 3259 829 ἔτη
3291 771 3433 847 ςρμί
3458 774 3559 842 (τ’).

880 865 965 919 10.
1009 862 1080 917 Ut
1125 863 1326 917 autem
1373 859 1674 934 praedictis
1705 859 2085 931 adjiciamus,
2113 858 2280 932 quod
2308 856 2458 915 nihil
2639 863 2660 913 ι⁴

2387 856 2458 913 hil
2639 861 2688 915 ι’.
2745 860 2857 915 Ἰνα
2913 858 2973 914 δι
3036 863 3346 934 προσθῶμεν
3400 870 3508 924 τοῖς
3575 862 3862 937 εἰρημένοις
3909 867 3969 916 τὸ
4030 866 4167 916 κατὰ

802 951 929 1008 veri
954 949 1337 1008 Mohamedes
1356 949 1535 1018 dicat,
1567 966 1679 1022 age
1707 949 1830 1005 haec
1855 950 2173 1005 recitemus
2198 965 2267 1005 ex
2300 949 2349 1020 ej
2362 965 2459 1003 us-
2566 972 2582 1023 ε

2386 965 2459 1003 ls-
2566 948 2733 1023 μηδὲν
2786 954 2874 1005 τὸν
2942 948 3179 1023 Μωάμεδ
3244 950 3432 1014 ἄληθες
3493 951 3671 1025 λέγειν,
3739 953 4004 1026 εἰρήσεται
4076 959 4166 1007 καί

805 1039 947 1096 dem
996 1038 1151 1094 libro
1194 1042 1493 1109 excerpta.
1548 1037 1757 1094 Christi
1808 1038 2180 1094 mentionem
2228 1036 2456 1093 faciens
2564 1060 2585 1093 τ

2386 1052 2456 1092 ns
2564 1048 2734 1093 ταῦτα
2788 1039 2843 1093 ἐκ
2898 1048 2996 1101 τῆς
3049 1040 3211 1093 αὐτοῦ
3269 1038 3454 1113 βίϐλου
3509 1041 3948 1113 παραϐληθέντα.
4016 1043 4166 1096 Ἐπι-

806 1133 987 1200 atque
1030 1126 1351 1197 Evangelii,
1385 1127 1465 1182 ait
1492 1126 1673 1182 veluti
1711 1143 1785 1182 ex
1827 1142 2086 1199 persona
2118 1126 2257 1182 Dei:
2307 1125 2458 1182 Misi-
2568 1153 2586 1204 ι

2389 1125 2458 1180 si-
2568 1133 2819 1204 μνησθεὶς
2870 1138 2963 1184 τοῦ
3008 1136 3377 1206 Χριστοῦγκαὶ
3421 1139 3513 1183 τοῦ
3549 1132 3888 1204 Εύαγγελίου,
3921 1138 4079 1204 φησὶν
4100 1135 4169 1193 ὡς

808 1232 947 1272 mus
973 1221 1342 1287 postremum
1363 1214 1792 1286 prophetarum
1816 1215 2090 1271 omnium
2116 1218 2316 1270 Jesum
2350 1216 2461 1272 Ma-
2569 1219 2588 1272 ί

2389 1216 2461 1270 [a-
2569 1219 2624 1272 ἔκ
2683 1225 2965 1292 προσώπου
3028 1227 3163 1272 Θεοῦ
3196 1241 3211 1253 ο
3267 1220 3664 1292 Ἀπεστιίλαμεν
3725 1219 4006 1273 ἀκόλουθον
4068 1229 4169 1273 τῶν

808 1304 911 1361 rite
936 1302 1148 1370 ﬁlium,
1180 1308 1246 1358 ut
1273 1319 1408 1375 quae
1438 1308 1574 1358 ante
1603 1319 1740 1359 eum
1776 1303 2034 1371 fuerant,
2061 1310 2191 1360 rata
2219 1302 2459 1370 faceret,
2568 1329 2588 1362 τ

2391 1307 2459 1370 et,
2568 1317 2845 1383 προφητῶν
2881 1311 3086 1361 πάντων
3142 1307 3368 1369 Ἰησοῦν,
3428 1312 3515 1360 τὸν
3558 1311 3671 1361 υἱὸν
3715 1315 3940 1382 Μαρίας,
3990 1310 4056 1370 εἰς
4111 1313 4171 1360 τὸ

810 1398 991 1466 atque
1018 1392 1097 1449 ad
1126 1408 1266 1448 eum
1304 1391 1663 1447 demisimus
1694 1392 2105 1463 Evangelium,
2136 1393 2197 1448 in
2223 1408 2345 1465 quo
2376 1396 2465 1447 est

2393 1396 2465 1447 3st
2571 1396 2964 1469 ἀγαθοποιῆσαι
3034 1400 3099 1450 τὰ
3171 1400 3272 1471 πρὸ
3338 1397 3517 1457 αὐτοῦ,
3593 1403 3969 1469 καταγαγόντες
4046 1402 4173 1472 πρὸς

796 1480 1058 1538 -directio
1114 1496 1185 1536 ac
1222 1480 1472 1552 justitia,
1524 1481 1857 1537 secundum
1912 1482 2189 1537 virtutem
2245 1495 2461 1553 praace-
2572 1514 2576 1537 ι

2393 1495 2461 1535 :e-
2572 1488 2729 1540 αὐτὸν
2754 1491 2813 1539 τὸ
2855 1486 3185 1558 Εύαγγέλιον,
3219 1485 3267 1537 ἐν
3378 1486 3518 1538 ἔστιν
3562 1484 3843 1558 ὁδήγησις,
3890 1491 4041 1560 φησὶ,
4082 1492 4173 1539 καὶ

811 1571 1006 1627 dentis
1049 1570 1103 1626 ei
1138 1569 1309 1640 legis.
1352 1570 1530 1643 Atqui
1567 1573 1616 1625 si
1648 1571 1776 1627 haac
1805 1572 2010 1626 omnia
2038 1572 2177 1626 Jesu
2209 1571 2465 1641 ejusque
2575 1574 2591 1629 ὲ

2394 1585 2465 1625 ue
2575 1574 2887 1633 δικαιοσύνη
2920 1579 3051 1628 κατὰ
3088 1580 3179 1633 τὴν
3228 1572 3450 1647 δύναμιν
3499 1584 3592 1628 τοῦ
3639 1580 3739 1651 πρὸ
3783 1576 3944 1628 αὐτοῦ
3986 1580 4169 1647 νόμους

811 1658 1133 1729 Evangelio
1164 1674 1450 1715 concessa
1479 1658 1738 1731 fuerunt,
1758 1661 1905 1731 quid
1929 1660 2032 1715 tibi
2052 1659 2348 1732 reliquum
2380 1659 2463 1713 fe-
2575 1671 2591 1718 l

2393 1659 2463 1713 :'e-
2575 1665 2637 1718 Εἰ
2684 1672 2810 1737 γοῦν
2847 1672 3016 1717 ταῦτα
3057 1667 3227 1716 πάντα
3272 1672 3345 1734 τῷ
3400 1665 3579 1722 Ἰησοῦ
3624 1669 3711 1716 καὶ
3757 1672 3828 1734 τῷ
3878 1663 4173 1735 Εὖαγγελίῳ

813 1748 964 1814 cisti,
1010 1763 1047 1805 ο
1095 1747 1459 1819 Mohamede,
1511 1748 1677 1820 quod
1719 1748 2069 1805 hominibus
2111 1748 2412 1805 conferres
2440 1751 2468 1803 ?
2577 1774 2593 1805 ε

2393 1766 2412 1801 s
2440 1751 2468 1803 ?
2577 1754 2737 1806 αὐτοῦ
2782 1750 3019 1821 δέδοται,
3053 1758 3138 1806 σοί
3184 1758 3237 1805 τί
3279 1752 3533 1813 λέλοιπας,
3575 1750 3614 1804 ὦ
3651 1749 3907 1824 Μωάμεδ,
3941 1771 4173 1805 συνεισε-

814 1837 967 1894 Nihil
1017 1836 1178 1893 aliud
1229 1852 1475 1910 prorsus
1520 1854 1707 1910 quam
1752 1854 2036 1901 errorem,
2081 1844 2138 1894 et
2184 1854 2463 1893 verorum
2495 1838 2540 1901 Β
2576 1864 2594 1893 ν

2394 1854 2463 1892 [ω
2495 1838 2540 1901 Β
2576 1848 2770 1913 νεγκεῖν
2835 1849 2941 1902 τοῖς
3006 1840 3351 1916 ἀνθρώποις;
3416 1837 3584 1893 Οὐδὲν
3644 1842 3812 1913 ἕτερον
3885 1843 4086 1901 πάντως
4143 1840 4174 1897 ἦ

814 1926 1172 1996 dogmatum
1198 1926 1663 1999 perversionem.
1696 1929 1924 1982 Rursus
1950 1932 2240 2000 tanquam
2272 1943 2345 1983 ex
2368 1927 2469 1983 Dei
2576 1952 2594 1984 τ

2397 1927 2469 1983 Dei
2576 1931 2793 1999 πλάνην,
2824 1935 2914 1983 καὶ
2952 1939 3050 1982 τῶν
3097 1928 3299 1987 ἀληθῶν
3339 1926 3614 2001 δογμάτων
3662 1926 3971 2001 διαφθοράν.
4014 1927 4177 1982 Πάλιν

814 2030 1079 2091 persona
1109 2015 1190 2071 ait
1217 2033 1229 2071 :
1265 2016 1411 2072 Cum
1438 2015 1742 2085 regionem
1778 2015 2045 2088 aliquam
2077 2016 2471 2088 pessumdare
2575 2019 2594 2071 1

2396 2032 2471 2072 Lre
2575 2019 2711 2090 λέγει
2764 2021 2834 2081 ὡς
2884 2016 2939 2071 ἔκ
2990 2023 3275 2092 προσώπου
3326 2025 3418 2070 τοῦ
3476 2025 3609 2071 Θεοῦ
3635 2038 3648 2051 ο
3710 2016 3868 2070 Ὀταν
3933 2016 4176 2088 ἠθέλομεν

814 2106 1136 2166 voluimus,
1172 2102 1384 2160 incolis
1426 2104 1559 2175 ejus
1603 2102 2050 2167 mandavimus.
2084 2112 2150 2161 ut
2190 2106 2272 2162 ibi
2300 2106 2472 2162 luxu-
2579 2107 2594 2159 ὲ

2393 2122 2472 2162 :u-
2579 2107 2830 2160 ἀπολέσαι
2880 2112 3098 2181 χωρίον,
3153 2106 3445 2179 ἐκελεύομεν
3486 2114 3598 2168 τοῖς
3653 2105 3872 2159 ἑστῶσιν
3919 2104 3968 2157 ἕν
4012 2105 4173 2175 αὐτῷ,

815 2196 973 2253 riose
1007 2198 1255 2266 agerent
1286 2210 1299 2249 :
1351 2198 1532 2266 atque
1560 2194 1641 2249 ita
1666 2194 1825 2265 justa
1854 2195 2046 2251 evasit
2077 2195 2368 2252 sententia
2396 2195 2471 2250 de
2578 2217 2595 2249 π

2399 2195 2471 2250 de
2578 2201 2668 2249 καὶ
2699 2196 2973 2255 ἠσὼτευονι
3000 2194 3048 2247 ἓν
3088 2195 3229 2265 αὐτῷ
3258 2216 3272 2228 ·
3321 2200 3412 2246 καὶ
3456 2192 3757 2248 ἐδικαιοῦτο
3803 2193 3972 2246 ἐπάνω
4013 2194 4179 2246 αὐτῶν

816 2283 1056 2341 illorum
1112 2282 1469 2355 perditione,
1526 2287 1585 2338 et
1647 2282 1722 2338 de
1780 2282 1946 2340 illato
2009 2284 2124 2340 illis
2188 2284 2470 2341 decreto:
2581 2288 2596 2337 ε

2400 2300 2470 2340 3:
2581 2288 2607 2337 ὁ
2650 2285 2805 2356 λόγος
2846 2286 2872 2337 ὀ
2919 2292 3015 2345 τῆς
3063 2283 3318 2346 ἀπωλείας
3356 2284 3548 2351 αὐτῶν,
3595 2288 3685 2336 καὶ
3727 2290 3821 2344 τῆς
3859 2282 3975 2335 κατ’
4014 2282 4180 2335 αὐτῶν

817 2371 1183 2444 damnisque
1195 2386 1298 2427 eos
1309 2370 2212 2446 damniﬁcavimus,uiultosque
2224 2389 2472 2446 pessum
2583 2373 2597 2426 ὲ

2402 2389 2472 2429 ιω
2583 2373 2930 2446 ἀποφάσεως·
2981 2378 3071 2425 καὶ
3118 2370 3456 2445 ἐδαμάσαμεν
3508 2372 3695 2433 αὐτοὺς
3752 2368 4042 2443 δαμάσεσι,
4092 2375 4182 2422 καὶ

819 2461 1121 2518 dedimus.
1165 2460 1341 2532 Atqui
1390 2476 1509 2516 non
1554 2459 1808 2529 luxurie,
1839 2461 2110 2534 inquam,
2142 2478 2339 2535 neque
2368 2463 2473 2519 ho-
2580 2483 2599 2515 τ

2403 2480 2473 2518 ιο-
2580 2462 2803 2523 πολλοὺς
2866 2460 3223 2534 ἀπωλέσαμεν.
3290 2460 3401 2513 Οῦκ
3467 2459 3719 2522 ἀσωτίαις
3792 2464 3883 2526 καὶ
3960 2457 4183 2531 ὀλέθροις

822 2551 1052 2606 minum
1084 2549 1261 2605 exitio
1284 2549 1508 2619 gaudet
1536 2552 1711 2619 Deus,
1743 2549 1845 2605 sed
1874 2551 1925 2605 is
1951 2550 2149 2623 potius
2173 2551 2278 2625 qui
2303 2551 2473 2607 luxu-
2583 2550 2602 2603 ὁ

2402 2568 2473 2607 ;u-
2583 2550 2864 2623 ἀνθρώπων
2915 2555 3097 2625 χαίρει
3158 2553 3303 2615 Θεὸς,
3375 2548 3482 2601 ἀλλ’
3547 2551 3573 2601 ὁ
3626 2547 3839 2602 κελεύων
3904 2546 4182 2601 ἀσωτιύειν

820 2639 962 2695 riari
989 2637 1239 2695 mandat
1264 2637 1567 2696 diabolus.
2585 2637 2847 2702 διάϐολος.

899 2728 985 2784 li.
1032 2726 1229 2784 Solem
1278 2743 1350 2783 ac
1391 2727 1597 2783 lunam
1643 2728 1910 2801 equitare
1957 2729 2120 2797 dicit,
2186 2729 2474 2798 ignorans
2658 2750 2675 2782 ι

2450 2747 2474 2785 s
2658 2728 2743 2785 ια’.
2801 2732 2902 2783 Τὸν
2944 2729 3087 2788 ἣλιον
3135 2733 3225 2781 καὶ
3269 2732 3363 2785 τὴν
3423 2726 3640 2785 σελήνην
3688 2726 3763 2800 ἐφ’
3813 2728 4004 2788 ἵππους
4056 2722 4230 2803 εἶναί.

823 2817 1006 2873 miser
1027 2815 1152 2871 haec
1183 2821 1387 2888 utpote
1425 2818 1759 2875 inanimata
1788 2818 1947 2874 haud
1980 2834 2159 2890 posse
2186 2820 2472 2892 equitare.
2584 2842 2603 2893 ς

2401 2835 2472 2888 re.
2584 2839 2742 2893 φησιν
2776 2834 2790 2848 ·
2856 2817 2952 2871 οῦκ
2998 2814 3151 2880 εἰδὼς
3202 2819 3228 2869 ὀ
3271 2816 3449 2876 ἅθλιος
3476 2818 3551 2877 ’ὡς
3597 2816 3791 2887 ἄψυχα
3831 2822 3997 2867 ταῦτα
4038 2818 4181 2879 ὄντα,

826 2904 1140 2971 Quomodo
1159 2904 1300 2960 item
1329 2905 1488 2977 equi,
1512 2907 1837 2962 caruncula
1865 2907 2231 2979 corruptibili
2260 2908 2475 2975 induti,
2588 2911 2605 2961 ί

2402 2908 2475 2975 lli,
2588 2911 2817 2961 ἱππεύειν
2870 2907 2929 2960 οὗ
2988 2904 3227 2961 δύναται.
3295 2912 3412 2968 Πῶς
3478 2901 3539 2958 δι
3598 2911 3688 2957 καί
3737 2907 3904 2974 ῖπποι,
3968 2908 4182 2976 σαρκίον

824 3011 1036 3051 currus
1084 2995 1243 3065 ignei
1284 2996 1476 3052 vicem
1533 3003 1821 3069 praestare
1868 2998 2204 3070 poterunt?
2250 2998 2475 3054 Etenim
2586 3019 2604 3069 ς

2402 2998 2475 3053 im
2586 3000 2812 3072 φθαρτὸν
2858 3001 3222 3071 περικείμενοι,
3277 2999 3463 3067 ὄχημα
3517 2998 3679 3067 πῦρὸς
3744 2992 3873 3046 εἶναι
3938 2995 4182 3050 ὑποστὴ-

822 3084 907 3140 illi
936 3084 1115 3141 Helias
1144 3085 1303 3153 ignei
1334 3085 1492 3158 equi,
1524 3086 1687 3142 haud
1718 3086 1865 3143 tales
1902 3093 2118 3143 natura
2146 3094 2337 3153 erant,
2369 3086 2476 3144 sed
2587 3107 2602 3139 c

2403 3086 2476 3144 ed
2587 3103 2812 3154 a'ovrau;
2872 3088 2939 3138 Οἱ
2989 3082 3050 3137 δι
3104 3086 3240 3137 κατά
3294 3088 3379 3136 τὸν
3434 3083 3611 3135 Ἠλίαν
3661 3085 3883 3156 ἔμπυροι
3936 3084 4087 3134 ῖπποι
4125 3082 4183 3134 ού

824 3188 1121 3245 equorum
1151 3173 1576 3249 tantummodo
1616 3175 1875 3247 speciem
1897 3191 2022 3247 pra:
2072 3192 2134 3231 se
2173 3175 2469 3232 ferebant.
2507 3189 2549 3248 ε
2585 3195 2604 3247 9

2404 3180 2469 3232 It.
2507 3189 2549 3248 ε
2585 3178 2760 3247 φύσιν.
2813 3173 2943 3226 ἀλλὰ
2996 3183 3189 3245 σχῆμα
3252 3178 3405 3245 μόνον
3468 3173 3638 3223 ἳππων
3676 3175 4031 3244 imp-mm”:
4096 3169 4184 3223 ,εκ

825 3264 908 3319 Ex
934 3261 1212 3318 hirudine
1240 3262 1507 3333 genitum
1553 3264 1698 3319 dicit
1731 3264 2063 3320 hominem.
2104 3265 2479 3321 Animalibus
2584 3284 2605 3316 τ

2410 3282 2479 3320 us
2584 3272 2681 3327 τῆς
2719 3261 2944 3337 βδέλλας
2989 3269 3123 3335 φησὶ
3177 3265 3417 3333 γενέσθαι
3464 3265 3565 3313 τὸν·
3610 3263 3880 3332 ἄνθρωπον
3931 3263 4046 3324 (8)·
4099 3264 4185 3311 καὶ

824 3350 1111 3408 omnibus
1146 3353 1310 3408 vesci
1352 3350 1647 3417 hortatur,
1673 3359 2073 3425 praeterquam
2107 3370 2232 3409 sue.
2269 3358 2475 3411 Come-
2583 3373 2604 3406 τ

2405 3371 2475 3409 ιε·
2583 3356 2753 3406 πάντα
2796 3355 2864 3405 τὰ
2929 3352 3040 3414 ζῶα
3100 3349 3418 3426 βιϐρώσκειν
3477 3354 3839 3423 προτρέπεται,
3900 3348 4033 3405 πλὴν
4093 3356 4185 3400 τοῦ

824 3441 964 3507 dite,
1025 3440 1239 3513 inquit,
1289 3458 1359 3497 ex
1416 3441 1488 3496 iis
1535 3457 1675 3513 quae
1722 3442 1784 3497 in
1831 3448 1988 3498 terra
2027 3449 2207 3499 sunt:
2259 3445 2476 3499 etenim
2584 3463 2604 3514 ς

2402 3445 2476 3498 im
2584 3447 2775 3516 χοίρου
2808 3459 2821 3471 ·
2874 3444 3065 3512 Φάγετε
3105 3443 3229 3513 γὰρ,
3272 3444 3450 3512 φησὶν,
3502 3438 3557 3490 ἐκ
3596 3448 3695 3491 τῶν
3726 3442 3881 3489 ὄντων
3908 3437 3959 3489 ἓν
3997 3445 4059 3509 τῇ
4090 3444 4182 3508 γῇ,

823 3530 1057 3587 munda
1086 3536 1226 3586 sunt
1258 3545 1329 3586 ac
1365 3530 1548 3598 bona,
1580 3546 1689 3587 nec
1732 3534 1964 3587 Satanae
1991 3533 2241 3601 vestigia
2266 3549 2477 3605 sequa-
2583 3553 2603 3583 τ

2406 3549 2477 3588 la-
2583 3534 2789 3605 καθαρὰ
2835 3533 2933 3605 γὰρ
2992 3535 3083 3581 καί
3142 3529 3293 3589 καλὰ,
3354 3533 3444 3580 καί
3500 3532 3571 3599 μὴ
3640 3527 4022 3590 ίξακολουθειτε
4082 3533 4186 3586 τοῖς

823 3620 1018 3689 mini;
1082 3623 1365 3677 Satanam
1435 3621 1656 3677 scilicet
1722 3621 2034 3693 appellans
2104 3626 2310 3679 Deum.
2372 3623 2477 3696 qui
2584 3623 2603 3671 ἶ

2400 3623 2477 3695 [ui
2584 3623 2762 3691 ἴχνεσι
2817 3627 2910 3671 τοῦ
2967 3624 3202 3670 Σατανᾶ·
3274 3623 3501 3669 Σατανᾶν
3556 3620 3644 3667 τὸν
3704 3610 3833 3668 Θε’ὸν
3891 3613 4180 3683 ἀποκαλῶν,

822 3711 1057 3768 munda
1077 3711 1463 3766 etimmunda
1484 3710 1842 3781 designavit.
1872 3713 2001 3767 lam
2026 3711 2072 3767 si
2097 3714 2345 3769 Satanas
2368 3719 2471 3785 est,
2582 3730 2602 3762 τ

2403 3719 2471 3785 εἰ,
2582 3714 2667 3762 τὸν
2705 3713 2771 3762 τὰ
2800 3712 2890 3782 μεν
2928 3711 3152 3781 καθαρὰ,
3187 3711 3253 3759 τὰ
3292 3703 3351 3759 δι
3390 3704 3663 3780 ἀκάθαρτα
3699 3708 4182 3779 προσηγορευκότα.

822 3818 860 3857 o
893 3800 1098 3861 delire.
1128 3802 1233 3873 qui
1272 3806 1533 3858 veterem
1581 3800 1772 3868 legem
1823 3801 1968 3869 tulit,
2002 3819 2108 3857 cur
2148 3820 2287 3858 eum
2334 3805 2475 3860 alibi
2585 3805 2602 3851 1

2405 3805 2475 3860 ibi
2585 3804 2687 3851 Καί
2730 3800 2773 3852 εἰ
2822 3804 3071 3862 Σατανᾶς,
3114 3795 3154 3849 ὦ
3196 3796 3339 3869 λῆρε,
3373 3797 3402 3848 ὁ
3445 3799 3532 3848 τὸν
3581 3795 3806 3847 παλαιὰν
3847 3799 4001 3862 νόμον
4046 3796 4185 3865 θέμε-

823 3893 1011 3947 Deum
1053 3890 1336 3947 nominas
1363 3892 1391 3947 τ
1428 3893 1505 3946 De
1545 3890 1775 3961 jejunio
1817 3890 2011 3960 legem
2054 3892 2320 3948 scribens
2345 3894 2471 3950 ait:
2582 3910 2603 3940 ν

2406 3899 2471 3950 t:
2582 3909 2686 3949 νος,
2726 3897 2833 3949 πῶς
2875 3886 2923 3939 ἰν
2966 3886 3140 3947 ἄλλοις
3182 3888 3311 3939 Θεὸν
3359 3884 3514 3937 αὐτὸν
3555 3884 3867 3956 ὀνομάζεις
3928 3887 4054 3955 Περί
4099 3903 4186 3939 νη-

822 3980 1052 4037 Sufficit
1075 3980 1249 4035 vobis
1270 3996 1388 4035 nox
1408 3980 1489 4051 jej
1501 3980 1621 4035 unii
1647 3979 1725 4035 ad
1747 3996 2003 4035 uxorum
2024 3987 2356 4037 vestrarum
2380 4000 2475 4038 co-
2584 4000 2602 4032 ο

2406 4000 2475 4038 :o-
2584 3985 2760 4042 στείας
2810 3980 3097 4051 νομοθετῶν
3142 3977 3276 4029 οὕτω
3324 3981 3483 4048 φησίν
3517 3992 3529 4004 ·
3580 3974 3817 4037 Ἔξεστιν
3854 3975 3975 4044 ὑμῖν
4023 3974 4053 4031 ἡ
4094 3972 4186 4036 νὺξ

818 4069 1027 4142 pulam
1062 4087 1076 4125 :
1117 4069 1212 4126 hae
1249 4068 1474 4142 quippe
1506 4073 1645 4124 sunt
1673 4069 1846 4124 vobis
1873 4070 2338 4140 operimentum.
2367 4076 2473 4127 No-
2581 4090 2598 4122 τ

2406 4076 2473 4127 ὀ-
2581 4078 2672 4129 τῆς
2722 4073 2967 4130 νηστείας
3020 4067 3087 4127 εἰς
3138 4066 3276 4139 μίξιν
3342 4074 3441 4117 τῶν
3487 4072 3748 4136 γυναικῶν
3792 4065 3973 4134 ὑμῶν·
4030 4063 4186 4114 αὗται

817 4163 985 4214 verat
1004 4158 1162 4214 enim
1183 4159 1479 4223 Deus,vos
1506 4158 1743 4213 animus
1760 4163 1990 4214 vestras
2008 4158 2393 4216 fraudaturos
2413 4163 2473 4217 in
2579 4180 2597 4231 ς

2413 4163 2473 4217 in
2579 4163 2679 4231 γὰρ
2729 4160 2871 4230 ὑμῶν
2929 4158 3033 4209 εἱσι
3090 4158 3475 4226 σκεπάσματα·
3528 4157 3657 4224 ἔγνω
3708 4155 3807 4225 γὰρ
3854 4154 3878 4204 ὁ
3929 4156 4057 4214 Θεὸς
4106 4155 4187 4204 ὅτι

809 4248 1063 4319 jejunio,
1095 4248 1323 4320 fuitque
1350 4246 1522 4303 vobis
1554 4247 1915 4318 indulgens:
1953 4248 2327 4305 miseeamini
2356 4249 2471 4306 illis
2578 4268 2589 4299 π

2406 4249 2471 4306 lis
2578 4246 3029 4321 παραϐουλεύεσθε
3081 4253 3196 4306 ταῖς
3242 4243 3451 4315 ψυχαῖς
3500 4244 3642 4314 ὑμῶν
3697 4240 3745 4293 ἔν
3806 4246 4043 4312 νηστεία,
4096 4247 4186 4294 καί

815 4337 894 4394 ad
924 4337 1223 4399 solatium,
1256 4341 1315 4392 et
1340 4336 1634 4391 comedite
1663 4352 1913 4407 vespere
1942 4352 2012 4391 ac
2043 4336 2247 4407 bibite,
2278 4339 2469 4395 donec
2581 4340 2595 4389 ε

2404 4355 2469 4395 ec
2581 4339 2726 4398 ῦιεως
2763 4338 2884 4403 ὑμῖν
2923 4341 3123 4406 γίνεται
3156 4356 3168 4368 ο
3214 4336 3448 4407 μίχθητε
3492 4333 3675 4394 αὑταῖς
3715 4332 3782 4392 εἰς
3829 4331 4184 4404 παράκλησιν,

812 4426 980 4499 quod
1009 4427 1070 4481 in
1101 4431 1275 4482 nocte
1301 4426 1537 4495 nigrum
1568 4430 1680 4494 est,
1724 4425 1978 4481 interdiu
2021 4426 2228 4482 album
2274 4444 2469 4500 appa-
2577 4447 2592 4478 π

2408 4444 2469 4483 a-
2577 4431 2667 4478 καί
2732 4432 2915 4497 φάγετε
2976 4424 3199 4498 ἑσπέρας
3242 4427 3331 4474 καί
3373 4427 3534 4491 πίετε,
3598 4422 3687 4482 ἓως
3741 4423 3811 4473 τὸ,
3852 4429 3949 4483 τῆς
4000 4424 4188 4481 νυκτὸς

810 4521 959 4573 reat.
1004 4515 1323 4581 Quodnam
1383 4530 1573 4584 genus
1613 4515 1821 4585 jejunii
1870 4520 1976 4586 est,
2019 4531 2055 4571 ο
2097 4515 2332 4588 impure
2397 4533 2469 4574 ac
2499 4537 2590 4598 D;

2402 4533 2469 4574 ac
2499 4543 2545 4598 Β
2575 4515 2732 4589 μέλαν
2784 4523 2913 4587 φανῇ
2966 4514 3144 4567 λευκὸν
3203 4509 3296 4565 διὰ
3337 4520 3429 4572 τῆς
3479 4513 3695 4584 ἡμέρας.
3757 4514 3891 4563 Ποία
3945 4514 4182 4573 νηστεία,

810 4606 1125 4675 ﬂagitiose,
1156 4604 1247 4661 vel
1276 4620 1559 4677 quaenam
1594 4604 1693 4660 Dei
1734 4604 1848 4672 lex,
1881 4609 2003 4661 tota
2034 4612 2207 4662 nocte
2236 4607 2466 4678 epulari
2499 4596 2530 4598 ⁷
2577 4608 2590 4677 ί

2405 4608 2466 4664 Lri
2499 4596 2530 4598 —
2577 4602 2801 4678 βδελυρὲ
2848 4610 2938 4656 καί
2988 4603 3266 4675 ἀκάθαρτε,
3330 4603 3359 4661 ἧ
3415 4609 3562 4663 ποῖος
3612 4606 3764 4671 νόμος
3816 4608 3950 4652 Θεοῦ
4000 4604 4060 4651 τὸ
4110 4596 4185 4652 δι’

808 4701 867 4752 et
901 4694 1204 4751 libidinari
1233 4694 1262 4749 τ
1307 4697 1454 4750 Tum
1498 4693 1573 4750 de
1613 4685 2011 4767 temperantia
2055 4712 2191 4750 cum
2232 4696 2344 4751 illis
2383 4697 2465 4753 lo-
2575 4698 2588 4748 ε

2406 4713 2465 4753 o-
2575 4695 2695 4757 ὅλης
2743 4697 2928 4756 νυκτὸς
2973 4693 3161 4746 ἐσθίειν
3209 4696 3300 4744 καί
3361 4690 3718 4761 ἀσελγαίνεινς
3788 4694 3914 4761 Περί
3973 4708 4184 4763 σωφρο-

807 4800 1022 4857 quens,
1049 4784 1131 4840 ait
1160 4801 1172 4839 :
1209 4786 1429 4839 Uxores
1460 4787 1670 4839 vestras
1702 4799 1847 4853 ager
1874 4790 2064 4841 vester
2089 4791 2254 4840 sunt:
2280 4786 2467 4855 ingre-
2576 4805 2587 4836 ι

2405 4802 2467 4841 ⁵8-
2576 4789 2732 4845 σύνης
2815 4784 2990 4843 αὐτοῖς
3065 4780 3441 4853 διαλεγόμενος,
3534 4785 3731 4851 φησίν·
3818 4781 3882 4831 Ai
3944 4786 4185 4850 γυναῖκες

806 4872 1019 4929 dimini
1059 4873 1119 4928 in
1159 4888 1376 4943 agrum
1419 4878 1681 4928 vestrum
1728 4889 1866 4928 cum
1897 4873 2222 4941 volueritis,
2257 4880 2313 4930 et
2343 4875 2461 4930 ani-
2573 4876 2586 4925 ί

2402 4875 2461 4930 li-
2573 4874 2714 4945 ὑμῶν
2770 4876 2945 4934 νεατός
2997 4874 3139 4944 ὑμῶν
3169 4893 3180 4904 ·
3243 4870 3494 4923 εἰσελθετε
3529 4868 3596 4928 εἰς
3646 4872 3760 4927 τοὺς
3798 4870 4004 4928 νεατοὺς
4037 4869 4182 4940 ὑμῶν

804 4963 1024 5019 mahus
1066 4962 1279 5018 vestris
1329 4961 1559 5028 favete;
1608 4961 1799 5018 idest
1835 4978 2078 5018 omnem
2120 4964 2461 5019 animarum
2573 4966 2584 5014 ί

2406 4982 2461 5019 m
2573 4965 2695 5015 ὅταν
2741 4962 3011 5035 βούλεσθε,
3068 4966 3158 5012 καί
3225 4959 3489 5012 συνέλθετε
3552 4964 3666 5019 ταῖς
3726 4957 3931 5029 ψυχαῖς
3996 4958 4178 5027 ὑμῶν·

801 5056 1138 5107 vestrarum
1194 5050 1581 5123 cupiditatem
1636 5050 1911 5123 explete:
1981 5056 2162 5124 atque
2211 5054 2461 5109 utamini
2572 5073 2581 5102 τ

2405 5054 2461 5109 ni
2572 5056 2832 5111 τουτέστι,
2879 5058 3051 5104 πᾶσαν
3095 5050 3372 5121 ἐπιθυμίαν
3420 5058 3520 5100 τῶν
3558 5047 3750 5118 ψυχῶν
3794 5048 3935 5118 ὑμῶν
3972 5045 4182 5119 πληρώ-

801 5140 1092 5197 uxoribus
1130 5140 1340 5197 vestris
1384 5140 1687 5212 utrinque,
1729 5140 1906 5208 Quid,
1952 5156 2080 5211 oro,
2130 5140 2225 5199 his
2266 5142 2462 5198 verbis
2572 5165 2581 5194 t

2400 5143 2462 5197 iis
2572 5162 2697 5196 σατε
2724 5158 2736 5171 ·
2785 5148 2874 5194 καί
2908 5143 3193 5215 χρήσασθε
3240 5146 3375 5201 ταῖς·
3407 5137 3644 5209 γυναιξίν
3690 5139 3832 5208 ὑμῶν
3882 5135 4180 5209 ἀμφοτέρω-

797 5229 1183 5288 libidinosius
1207 5236 1264 5287 et
1293 5229 1720 5286 exsecrabilius
1744 5228 1773 5284 ?
2570 5243 2577 5282 ι

2570 5235 2671 5288 θεν.
2727 5238 2790 5286 Τί
2846 5241 2945 5284 τῶν
2999 5232 3249 5306 ῥημάτων
3306 5230 3502 5282 τούτων
3558 5226 3924 5299 ἀσελγέστερὼ
3981 5245 4036 5279 τε
4085 5232 4180 5279 καί

2566 5328 2884 5396 μιαρώτερον
2909 5338 2922 5388 ;
3220 5327 3227 5338 “

874 5412 954 5465 l2.
996 5409 1271 5467 Asseclas
1294 5425 1433 5466 suos
1465 5409 1543 5466 ad
1580 5408 1806 5465 bellum
1848 5416 2057 5467 contra
2085 5426 2197 5466 nos
2228 5426 2454 5467 acuens
2640 5434 2654 5464 ι

2396 5426 2454 5465 as
2640 5409 2730 5485 ιβ’.
2791 5412 2874 5472 Εἰς
2935 5414 3023 5463 τὸν
3064 5408 3183 5461 καθ’
3236 5410 3381 5481 ἡμῶν
3439 5398 3657 5478 πολεμον
3714 5405 3983 5478 ἐπεγείρων
4048 5407 4176 5467 τοὺς

863 5555 941 5630 t7)
988 5555 1303 5630 lta_c_odex
1351 5554 1675 5630 Choniatae.
1722 5556 1948 5630 Reapse
1989 5560 2188 5630 tamen
2232 5555 2453 5630 begirae
2634 5558 2713 5619 (8)
2745 5554 2955 5630 Recole
2986 5553 3060 5608 de
3089 5552 3185 5630 _his
3216 5561 3278 5630 et
3302 5551 3431 5607 aliis
3462 5548 3815 5630 hujusm_od_i
3843 5545 4175 5630 queedieta

788 5620 1025 5699 initium
1074 5626 1185 5683 fuit
1221 5626 1640 5699 annomundi
1679 5620 2080 5699 6129,'Christi
2118 5631 2243 5697 621,
2278 5628 2451 5691 Hei'a-
2561 5635 2700 5699 sunt
2747 5625 2841 5699 vel
2889 5625 3214 5699 emendata
3263 5624 3323 5679 in
3372 5624 3589 5679 nostris
3645 5620 3723 5678 ad
3773 5620 4172 5693 Byzantinum

789 5698 884 5757 clii
913 5699 1265 5773 imperantis
1286 5698 1628 5755 undecimo.
1822 5697 1829 5699 ’
1990 5706 1993 5707 ⁷
2561 5697 3078 5777 adnotationibus.
