4508 6436
379 372 484 424 H7

1735 361 2078 419 THESAURI
2117 362 2246 418 LIB.
2285 365 2390 418 XX.

3642 367 3739 419 ΗΒ

378 493 633 563 μαθητὰς
689 491 872 559 αὐτοῦ,
934 493 1096 560 φησὶ·
1159 490 1442 541 Φονεύσατε
1491 487 1681 548 αὐτοὺς
1735 490 1863 539 ὅπου
1926 486 1986 538 ἂν
2017 487 2062 540 Α
2097 484 2156 539 di

1957 507 1986 536 ,ν
2017 487 2062 540 Α
2097 484 2236 540 dicit
2279 502 2290 538 :
2330 474 2602 543 Occidite‘
2635 488 2785 553 illos,
2841 487 3187 557 ubicunque
3232 487 3302 540 iis
3346 488 3737 544 occurreritis.

380 585 749 637 συναντήσητε
787 578 990 638 αὐτοῖς.
1043 577 1117 628 Οὐ
1174 583 1342 627 ταῦτα
1373 571 1432 628 δε
1469 580 1620 647 μόνον
1653 581 1832 648 φησιν,
1863 574 1987 626 ἀλλὰ

380 678 478 719 και
517 670 665 740 παρὰ
702 675 774 736 τῷ
832 674 946 735 Θεῴ
991 661 1420 736 μισθαποδοσίαν
1459 666 1664 716 κεῖσθαι
1699 671 1802 723 τοῖς
1831 683 1985 714 κατα-

383 761 709 826 χραίνονσιν
777 753 968 815 αὐτοὺς
1017 760 1128 814 τοῖς
1182 761 1282 804 τῶν
1349 761 1678 825 Χριστιανῶν
1748 754 1984 823 αἰμασιν.

385 843 547 897 Ἀλλὰ
614 850 704 896 καὶ
775 847 868 900 τὴν
946 847 1184 914 πέμπτην
1243 849 1427 915 μοῖραν
1496 850 1593 892 τῶν
1637 842 1988 913 αἰχμαλώτων

384 939 480 984 καὶ
532 941 634 984 τῶν
689 931 853 984 ἄλλων
895 931 1095 983 σκύλων
1136 929 1472 982 ἀνατίθεσθαι
1519 939 1590 1000 τῷ
1638 939 1752 1000 Θεῴ
1808 931 1988 981 {mori-

386 1024 542 1090 θησι,
604 1027 692 1072 καὶ
744 1029 815 1090 τῷ
872 1025 1109 1094 προφήτῃ
1179 1015 1433 1090 Μωάμεδ.
1487 1025 1731 1090 Παραινεί
1785 1015 1842 1070 δὲ
1904 1023 1992 1069 καὶ

385 1112 814 1162 κατατάττεσθαι
879 1117 987 1169 τοῖς
1033 1115 1395 1181 Χριστιανοίς,
1445 1108 1486 1160 εἰ
1526 1112 1618 1165 τὴν
1655 1116 1753 1159 τῶν
1793 1107 1990 1181 Σαρρα-

385 1207 562 1255 κηνῶν
633 1201 914 1272 θρησκείαν
981 1196 1347 1248 έπανέλωνται·
1422 1203 1511 1247 καὶ
1594 1197 1661 1256 εἰς
1745 1193 1993 1267 ἀδελφοὺς

385 1287 588 1348 αὐτοὺς
631 1283 1058 1359 παραδέχεσθαι,
1135 1284 1189 1336 ἐκ
1265 1294 1355 1344 τῆς
1418 1287 1578 1356 ἄκρας
1647 1285 1892 1345 ἀπηνείας
1936 1289 1992 1336 τὸ

386 1376 683 1447 ἀκρότατον
731 1383 826 1436 τῆς
883 1374 1092 1445 ἀγάπης
1141 1373 1588 1444 ἐπαναιρούμενος.
1623 1373 1776 1426 Ἐστι
1833 1370 1892 1425 δὲ
1935 1378 1993 1425 τό

384 1464 446 1515 ἐκ
515 1469 704 1516 τούτου
761 1466 1060 1535 μηχάνημα
1115 1461 1429 1533 ἐξόμνυσθαι
1470 1466 1587 1523 τοῦς
1637 1459 1995 1534 ἀφελεστέρους

382 1554 456 1602 τὰ
521 1560 624 1603 τῶν
674 1558 1002 1625 Χριστιανῶν
1067 1551 1238 1622 ὅρκια,
1281 1554 1616 1621 σαινομένους
1648 1557 1721 1619 τῷ
1764 1555 1995 1623 περιόντι

384 1650 490 1701 τῆς
554 1636 920 1711 ἁδελφότητος.
992 1645 1240 1711 Παραινεῖ
1291 1646 1394 1698 τοῖς
1445 1634 1603 1699 ἰδίοις
1653 1637 1840 1708 λέγων·
1907 1642 1990 1695 Μὴ

383 1731 603 1800 γίνεσθε
681 1727 1051 1798 ἀντιληπτορες
1117 1724 1388 1780 Ἰουδαίων
1467 1732 1557 1779 καὶ
1616 1735 1990 1800 Χριστιανῶν·

2096 574 2296 644 Neque
2327 573 2388 629 id
2421 575 2613 631 solum
2645 576 2808 644 dicit,
2841 575 2941 630 sed
2989 575 3167 630 etiam
3207 575 3579 646 propositam
3611 591 3742 631 esse

2097 676 2132 714 a
2165 664 2281 716 lleo
2307 663 2645 718 mercedem
2680 665 2772 720 his
2827 663 2932 736 qui
2984 677 3046 716 se
3104 661 3571 717 Christianorum
3609 679 3746 718 san-

2097 750 2275 819 guine
2308 750 2704 822 impiaverint.
2737 753 3016 818 Quintam
3037 766 3179 806 vero
3211 751 3584 822 captivorum
3607 752 3746 808 alia-

2096 853 2353 910 rumque
2379 839 2804 896 manubiarum
2833 845 3062 912 partem
3091 841 3209 894 Deo
3229 837 3427 893 offerri
3444 840 3749 895 constituit

2099 942 2168 981 ac
2199 927 2530 984 Mohamedi
2563 929 2890 1001 prOphetae.
2937 930 3210 984 Hortatur
3239 926 3418 982 etiam
3457 931 3523 982 ut
3545 943 3750 983 recon-

2100 1014 2370 1070 cilientur
2401 1017 2766 1078 Christianis,
2801 1018 2851 1073 si
2900 1019 3364 1073 Sarracenorum
3403 1015 3746 1086 religionem

2099 1105 2488 1176 susceperint.
2544 1111 2721 1179 atque
2761 1108 2820 1161 in
2874 1105 3122 1161 fratrum
3175 1104 3307 1160 loco
3355 1104 3659 1170 habeant;
3713 1122 3750 1161 a

2101 1209 2345 1248 summa
2367 1194 2714 1250 crudelitate
2758 1195 2837 1250 ad
2867 1183 3149 1250 eximiam
3183 1193 3533 1249 charitatem
3563 1199 3751 1251 trans-

2102 1281 2251 1335 iens.
2288 1283 2383 1336 Est
2413 1288 2613 1337 autem
2644 1283 2758 1338 hoc
2789 1299 3032 1354 quoque
3068 1281 3404 1346 artiﬁcium,
3434 1287 3498 1338 ut
3528 1282 3751 1355 simpli-

2103 1371 2292 1424 ciores
2324 1385 2496 1425 sacra
2536 1371 3009 1426 Christianorum
3053 1369 3278 1426 fmdera
3303 1369 3605 1441 abjurent,
3637 1371 3754 1428 fra-

2101 1458 2392 1513 ternitatis
2449 1460 2850 1530 praerogativa
2915 1459 3111 1513 illecti.
3194 1459 3522 1530 Caeteroqui
3607 1475 3752 1514 suos

2102 1551 2325 1609 monet,
2360 1561 2435 1602 ne
2483 1547 2600 1602 sint
2645 1546 2991 1602 Judasorum
3049 1551 3105 1602 et
3157 1546 3629 1602 Christianorum
3655 1547 3754 1604 de-

2103 1633 2388 1690 fensores.
2447 1635 2731 1707 Quisquis
2789 1637 2971 1703 enim,
3028 1635 3242 1705 inquit,
3311 1639 3573 1691 vestrum
3623 1635 3756 1692 illos

2102 1723 2380 1795 protegit,
2418 1723 2514 1779 hic
2558 1723 2807 1796 perinde
2845 1739 2914 1779 ac
2950 1723 3368 1778 unusillorum
3390 1728 3500 1779 est.
3535 1723 3756 1781 Deinde

384 1820 538 1878 ὅστις
576 1819 676 1891 γὰρ
734 1817 1149 1889 ὑπερασπίζεται
1206 1815 1374 1867 αὐτῶν
1414 1815 1469 1878 ἐξ
1507 1817 1668 1887 ὑμῶν,
1703 1817 1728 1866 ό
1765 1824 1995 1875 τοιοῦτος
2024 1823 2065 1878 Β
2102 1813 2164 1866 Ju

1977 1823 2065 1878 ςΒ
2102 1811 2341 1867 ,Ιιιόωοε
2398 1818 2576 1884 atque
2618 1812 2983 1868 Christianos
3033 1811 3211 1867 veluti
3257 1810 3582 1883 deplorans
3625 1813 3751 1870 ait:

385 1905 443 1967 ἐξ
502 1905 671 1956 αὐτῶν
722 1906 977 1977 ὑπάρχει.
1041 1908 1140 1956 Καὶ
1185 1903 1340 1956 πάλιν
1398 1903 1685 1964 ταλανίςων
1743 1911 1996 1976 Χριστια-

383 1998 509 2054 νοὺς
567 1998 655 2045 καὶ
706 1989 996 2054 Ἰουδαίους
1042 1991 1214 2064 λέγει·
1282 1992 1414 2043 Οῦαὶ
1466 1994 1606 2063 ὑμῖν,
1658 1993 1838 2044 οἰκεῖοι
1871 1999 1996 2066 Γρα-

385 2084 536 2152 φῶνξ
595 2079 744 2134 οὐδὲν
802 2085 950 2133 ἔσται
1017 2083 1158 2153 ὑμῖν,
1222 2083 1311 2142 ἕως
1377 2081 1437 2132 ἂν
1499 2081 1868 2144 ἐξακολουθῆτε
1925 2091 1996 2152 τῷ

383 2176 531 2242 νόμῳ
586 2175 673 2222 καὶ
726 2179 799 2240 τῷ
851 2169 1164 2240 Εῦαγγελίῳ.
1228 2175 1326 2224 Καὶ
1368 2173 1501 2222 κατὰ
1538 2173 1626 2241 μὲν
1668 2178 1995 2244 Χριστιανῶν

383 2268 561 2311 ταῦτα
625 2262 985 2331 φθεγγόμενος,
1040 2255 1191 2311 οὐδέν
1257 2279 1308 2310 τι
1382 2263 1558 2311 καινόν
1617 2256 1996 2333 διαπράττεται

383 2352 452 2408 ὡς
501 2354 594 2399 καὶ
651 2356 820 2419 μισῶν
862 2347 1050 2408 αὐτοῦς
1077 2350 1211 2399 κατὰ
1240 2351 1430 2421 κράτος
1456 2369 1467 2381 ·
1512 2344 1800 2408 Ἰουδαίους
1833 2345 1995 2410 δὲ,ὧν

382 2444 484 2495 τὴν
537 2442 826 2511 περιτομὴν
889 2437 1207 2500 ἀσπάζεται,
1293 2443 1383 2488 καὶ
1443 2438 1604 2489 πολλὰ
1656 2447 1756 2489 τῶν
1807 2437 1994 2509 ἐθίμων

382 2535 570 2599 τηρεῖν
628 2524 996 2598 παραδίδωσι,
1047 2527 1164 2580 καθ’
1212 2530 1386 2580 ὅντινα
1423 2528 1569 2598 λόγον
1615 2527 1996 2600 ἑπεμϐριμᾶται

381 2616 456 2667 τὰ
485 2612 770 2685 πάνδεινας

464 2733 554 2803 ιγ’,
625 2732 785 2785 Πάλιν
842 2733 1008 2804 ἑαυτῷ
1063 2735 1470 2794 κατασκευάζων
1549 2738 1608 2786 τὸ
1693 2733 1996 2796 ἀξιόπιστον

383 2821 592 2892 εἰσάγει
632 2826 718 2873 τόν
787 2826 916 2875 Θεὸν
945 2831 1311 2896 μαρτυροῦντα
1352 2829 1469 2895 περὶ
1500 2824 1682 2887 αὐτοῦ,
1705 2828 1794 2876 καὶ
1834 2824 1994 2896 ὀμνύ-

382 2929 565 2971 νοντα,
595 2915 683 2962 καὶ
724 2910 973 2981 λέγοντα·
1026 2915 1113 2965 Μὰ
1142 2916 1201 2962 τὸ
1223 2913 1417 2983 ἄστρον
1466 2916 1524 2963 τό
1585 2909 1856 2984 δυόμενον,
1903 2913 1994 2965 οὐκ

383 2998 656 3056 ἐπλανήθη
698 3001 723 3050 6
764 3000 970 3074 ἑταῖρος
1043 3002 1207 3072 ὑμῶν,
1266 2997 1389 3052 οὐδὲ
1442 3002 1694 3072 ηνόμησε,
1757 3008 1846 3054 καὶ
1903 3003 1996 3054 οῦκ

384 3088 677 3158 ἐφθέγξατο
715 3087 768 3140 ἐκ
811 3089 1121 3160 θελήματος”
1179 3088 1307 3140 ἀλλὰ
1348 3095 1438 3141 καὶ
1507 3091 1732 3161 Ἰησοῦν,
1777 3095 1862 3142 τόν
1901 3099 1996 3151 τῆς

2106 1905 2200 1955 Vae
2223 1901 2396 1957 vobis
2425 1901 2865 1972 Scripturarum
2887 1900 3164 1957 asseclisl
3197 1900 3343 1955 nihil
3369 1901 3758 1959 emolumenti

2105 1990 2278 2046 vobis
2326 1989 2606 2056 exstabit,
2668 1989 2941 2062 quandiu
3006 1989 3205 2060 legem
3269 1990 3603 2058 sequemini
3655 1995 3759 2047 aut

2106 2077 2519 2152 Evangdium.
2574 2082 2726 2135 Sane
2763 2078 2893 2134 haec
2923 2079 2998 2134 de
3039 2078 3390 2135 Christianis
3417 2065 3757 2148 clamitans,

2105 2167 2252 2225 nihil
2283 2182 2509 2229 novam
2557 2164 2700 2239 agit,
2728 2168 2870 2239 quia
2899 2167 3031 2222 illos
3083 2172 3206 2222 toto
3251 2167 3456 2224 animo
3480 2168 3627 2224 odit.
3659 2171 3756 2225 Ju-

2105 2253 2252 2308 daeis
2306 2256 2532 2336 an”,
2573 2247 2837 2327 quorum
2877 2254 3396 2310 circumcisionem
3441 2255 3671 2322 retinet,
3703 2261 3760 2313 et

2105 2341 2322 2412 legalia
2341 2340 2529 2412 ωυιυ
2547 2343 2860 2398 observari
2890 2343 3180 2415 praecipit,
3199 2359 3306 2398 cur
3321 2359 3428 2416 per
3451 2359 3758 2400 sermones

2107 2431 2375 2502 singulos
2397 2431 2748 2503 gruissime
2792 2432 3212 2488 interminatur
3229 2433 3258 2487 ?

2186 2731 2268 2782 t3.
2311 2729 2452 2782 Item
2484 2725 2593 2784 sibi
2617 2727 2800 2783 ﬁdem
2827 2727 3175 2796 concilians,
3207 2730 3398 2784 Deum
3434 2728 3664 2786 inducit
3684 2729 3760 2786 de

2105 2815 2238 2887 ipso
2283 2820 2620 2884 testantem,
2675 2817 3100 2889 jurantemque
3153 2833 3225 2873 ac
3272 2817 3617 2874 dicentem:
3655 2820 3762 2876 Per

2106 2903 2273 2959 sidus
2303 2904 2646 2967 occiduum,
2679 2920 2803 2959 non
2835 2906 3052 2961 erravit
3079 2905 3303 2961 sodalis
3325 2911 3536 2973 vester,
3563 2922 3761 2980 neque

2106 3009 2142 3048 a
2169 3009 2384 3048 norma
2405 2993 2699 3060 discessit,
2714 3009 2910 3066 neque
2930 2994 3175 3066 propria
3194 2993 3504 3050 voluntate
3523 2993 3760 3049 locutus

2107 3087 2220 3136 est.
2249 3081 2364 3136 Sed
2402 3085 2460 3136 et
2503 3083 2703 3136 Jesum
2739 3082 2934 3136 Mariae
2978 3080 3188 3137 Filium
3241 3081 3317 3137 de
3371 3081 3503 3153 ipso
3559 3081 3760 3137 vatici-

383 3182 602 3250 Μαρίας
676 3180 814 3244 Υἰόν,
891 3186 1253 3249 προφητεῦσαι
1327 3183 1446 3250 περὶ
1511 3179 1671 3232 αὐτοῦ
1737 3180 1945 3233 εἰπόντα
1977 3202 1990 3214 ⁸
2026 3171 2066 3226 C
2106 3188 2163 3228 Πὶ

1980 3202 1990 3214 -
2026 3171 2066 3226 C
2106 3179 2350 3228 nantem
2367 3171 2721 3242 facit,atque
2747 3171 3047 3227 dicentem
3072 3189 3084 3227 :
3110 3174 3232 3242 Ego
3256 3187 3392 3226 sum
3415 3170 3760 3241 Deilegatus

384 3266 525 3336 Ἐγώ
569 3265 855 3328 ἁπόστολός
929 3266 1036 3337 εἰμι
1101 3274 1194 3319 τοῦ
1249 3272 1376 3320 Θεοῦ
1442 3271 1574 3341 πρὸς
1616 3268 1992 3339 ὐμᾶς,ἀληθο-

381 3364 553 3407 ποιῶν
606 3358 673 3407 τὰ
708 3358 996 3430 ἔμπροσθέν
1050 3376 1150 3428 μου
1207 3360 1274 3409 τὰ
1311 3364 1403 3408 τοῦ
1445 3362 1628 3429 νόμου,
1668 3359 1968 3430 εὖαγγελιζό

381 3463 536 3516 μενος
594 3443 880 3497 ἀπόστολον
939 3444 1220 3518 ἐρχόμενον
1275 3445 1383 3516 μετ’
1453 3445 1559 3518 ἐμὲ,
1629 3451 1788 3519 ὄνομα
1852 3449 1992 3519 αὐτῷ

381 3529 649 3604 Μωάμεδ.
705 3539 804 3586 Καὶ
871 3541 971 3585 ποῦ
1033 3542 1186 3586 τοῦτο
1248 3538 1686 3608 προεφήτευσενό
1738 3544 1990 3609 Χριστός,

384 3624 414 3678 ᾖ
455 3620 502 3671 ἐν
538 3628 663 3692 ποίᾳ
708 3630 880 3694 γραφῇ
937 3626 1168 3693 εῖρηκεν;
1214 3622 1292 3676 Ἐν
1331 3621 1554 3694 οὐδεμιᾷ
1579 3626 1781 3686 πάντως
1808 3643 1819 3653 ⁸
1863 3629 1992 3677 ὥστε

381 3706 752 3782 ψευδορράφος
822 3715 910 3761 καί
997 3709 1228 3762 ἀπατεὼν
1289 3713 1314 3762 6
1377 3710 1630 3782 Μωαμεδ,
1701 3721 1991 3786 μαρτυρίας

382 3799 546 3849 ἕλκων
623 3803 750 3870 πρός
837 3800 1019 3850 ἑαυτὸν
1084 3808 1176 3851 τοῦ
1259 3808 1513 3873 Χριστοῦ,
1570 3801 1630 3861 ἂς
1679 3799 1852 3863 οὐδεὶς
1897 3812 1991 3854 τῶν

385 3887 777 3958 Χριστωνύμων
836 3888 1135 3942 ἐπίσταται.

379 3980 502 4025 ἴσον
565 3972 690 4026 εἶναι
720 3980 778 4027 τό
809 3981 904 4033 την
943 3979 1193 4049 παρθένον
1237 3985 1418 4040 τεκεῖν,
1469 3984 1557 4030 καὶ
1607 3985 1662 4030 τό
1695 3980 1990 4038 πλασθῆναι

379 4069 474 4114 τόν
513 4061 686 4134 Ἀδαμ
713 4063 812 4115 ἀπὸ
842 4071 934 4116 τοῦ
975 4070 1118 4135 χοός.
1162 4069 1330 4137 Φαμὲν
1380 4063 1437 4116 δὲ
1495 4068 1664 4137 ἡμεῖς,
1699 4070 1765 4128 ως
1807 4071 1832 4119 ό
1865 4077 1989 4143 Χρι-

382 4155 516 4214 στός
566 4151 618 4203 ἐκ
659 4156 922 4224 Παρθένου
961 4159 1284 4224 γεγέννηται,
1319 4151 1412 4206 διὰ
1465 4159 1522 4206 τό
1565 4155 1692 4207 εἶναι
1724 4161 1848 4217 Θεὸς
1878 4178 1990 4209 και-

373 4247 667 4301 νοποιησας
724 4242 781 4293 ἐκ
843 4245 1035 4302 ταύτης
1090 4239 1356 4315 πρόοδον·
1410 4240 1517 4294 όδὲ
1545 4240 1738 4315 Ἀδὰμ,
1771 4244 1990 4317 πλάσμα

375 4339 474 4382 του
537 4338 670 4382 Θεοῦ
720 4336 1006 4401 γενόμενος,
1058 4336 1146 4382 καὶ
1199 4336 1270 4402 μὴ
1331 4331 1384 4383 ἐκ
1440 4337 1840 4406 προγενεστέρας
1873 4332 1989 4386 δια-

374 4416 562 4489 δοχῆς
591 4425 683 4475 τὴν
713 4425 913 4489 γένεσιν
943 4420 1121 4487 ἕλκων,
1173 4419 1226 4471 ἐκ
1271 4420 1434 4477 πηλοῦ
1489 4418 1825 4492 διηρτισται·
1856 4422 1986 4474 πολὺ

1220 3893 1477 3958 Λέγουσιν
1548 3893 1596 3940 οἰ
1673 3891 2013 3963 Σαρρακηνοί.

2106 3261 2183 3316 ad
2225 3278 2348 3327 vos,
2373 3277 2517 3316 vera
2539 3277 2667 3316 esse
2690 3260 3120 3316 demonstrans
3155 3277 3291 3333 quae
3313 3265 3451 3317 ante
3473 3277 3569 3317 me
3590 3260 3763 3317 exsti-

2107 3355 2307 3407 terunt
2337 3349 2396 3405 in
2420 3349 2572 3420 lege,
2601 3350 2887 3406 nuntians
2936 3349 3183 3422 insuper
3219 3350 3486 3420 legatum
3507 3355 3645 3423 post
3663 3366 3759 3406 me

2106 3445 2444 3507 venturum,
2469 3439 2564 3494 cui
2587 3453 2810 3494 nomen
2840 3439 3240 3495 Mohamedes.
3283 3439 3462 3511 Atqui
3507 3439 3759 3496 ubinam

2104 3531 2219 3586 hoc
2247 3532 2416 3586 Jesus
2437 3529 2796 3584 vaticinatus
2815 3533 2922 3594 est,
2953 3527 3047 3584 vel
3073 3543 3345 3600 quanam
3366 3529 3427 3584 in
3459 3528 3760 3602 Scriptura

2104 3619 2218 3674 hoc
2249 3617 2442 3676 dixit?
2491 3617 2670 3672 Plane
2701 3617 2757 3673 in
2781 3616 2971 3673 nulla.
3007 3618 3416 3683 Quamobrem
3446 3617 3758 3674 falsidicus

2105 3709 2518 3780 impostorque
2561 3707 2964 3777 Mohamedes,
3020 3707 3125 3780 qui
3169 3706 3378 3763 Christi
3422 3706 3760 3764 testimonia

2103 3797 2180 3852 ad
2239 3812 2300 3852 se
2345 3793 2542 3866 trahit,
2606 3811 2741 3867 quae
2793 3809 2976 3852 nemo
3038 3794 3516 3852 Christianorum
3567 3795 3756 3852 novit.

2101 3887 2284 3941 Aiunt
2314 3885 2626 3942 Sarraceni
2657 3883 2906 3957 perinde
2944 3900 3077 3940 esse
3114 3884 3408 3953 virginem
3435 3899 3664 3957 parere,
3688 3900 3758 3940 ac

2103 3977 2406 4040 Adammn
2435 3973 2683 4032 formari
2714 3974 2788 4029 de
2816 3972 3081 4046 pulvere.
3109 3976 3228 4030 Nos
3270 3978 3470 4030 autem
3501 3973 3757 4030 dicimus

2102 4065 2402 4124 Christul
2419 4061 2496 4120 de
2519 4063 2757 4134 Virgine
2786 4066 3022 4126 natum,
3058 4063 3203 4135 quia
3242 4067 3449 4136 utpote
3487 4065 3642 4118 Deus
3671 4064 3758 4119 in-

2100 4154 2343 4209 solitum
2368 4149 2777 4240 Wcoufecit
2823 4152 2899 4207 de
2945 4151 3494 4240 illa-progressum.
3523 4155 3594 4207 At
3613 4166 3756 4208 vero

2099 4243 2368 4298 Adamus
2571 4239 2827 4309 factura,
2872 4255 3068 4313 neque
3133 4256 3206 4295 ex
3261 4239 3552 4295 anteriore
3605 4240 3756 4296 serie

2099 4338 2296 4389 ortum
2329 4328 2592 4394 trahhs,
2626 4330 2700 4385 de
2729 4329 2855 4386 luto
2891 4329 3003 4386 fuit
3048 4329 3476 4386 conformatus.
3511 4327 3755 4386 Multum

2096 4424 2298 4494 itaque
2344 4421 2586 4479 interest
2625 4421 2777 4476 inter
2827 4418 2928 4476 Dei
2977 4418 3354 4476 nativitatem
3401 4422 3460 4474 et
3490 4416 3756 4475 hominis

372 4504 467 4559 οὖν
492 4512 553 4558 τό
585 4512 740 4579 μέσον
770 4517 902 4561 Θεοῦ
951 4514 1236 4579 γεννήσεως
1293 4515 1381 4561 καὶ
1421 4507 1694 4582 ἀνθρώπου
1725 4510 1983 4574 πλάσεως.
2018 4526 2062 4580 1)
2095 4511 2152 4568 f0

770 4517 902 4561 Θεοῦ
951 4514 1236 4579 γεννήσεως
1293 4515 1381 4561 καὶ
1421 4507 1694 4582 ἀνθρώπου
1725 4510 1983 4574 πλάσεως.
2018 4526 2062 4580 1)
2095 4511 2539 4568 formationem.

453 4710 544 4766 αῖ.
588 4720 746 4767 Φασὶν
777 4719 826 4766 οἰ
876 4715 1198 4789 Σαρρακηνοὶ
1241 4719 1305 4776 ὡς
1332 4718 1357 4767 6
1397 4713 1630 4787 Μωάμεδ
1660 4716 1802 4768 ἐστὶν
1834 4719 1859 4769 6
1893 4715 1986 4776 δη-

371 4804 623 4873 λοῦμενος
677 4802 724 4854 ἐν
772 4813 844 4874 τῷ
886 4804 1075 4862 Δανιὴλ
1128 4808 1246 4858 ἄνευ
1291 4809 1472 4880 χειρός
1503 4804 1556 4868 ἐξ
1585 4809 1731 4880 ᾁοους
1760 4805 1984 4865 τιληθῆ-

370 4912 458 4942 ναι
511 4891 681 4958 λίθοςῤ
735 4892 990 4946 ἀκούουσι
1041 4891 1118 4956 δὲ,
1174 4899 1242 4956 ὡς
1271 4901 1362 4956 Τίς
1401 4900 1655 4966 μετουσία
1692 4903 1764 4964 τῷ
1797 4897 1985 4954 Δανιὴλ

368 4986 465 5030 καὶ
538 4988 610 5048 τῷ
669 4979 924 5054 Μωάμεδ,
977 4986 1109 5035 ὥστε
1174 4990 1290 5057 περί
1358 4984 1518 5035 αὐτοῦ
1571 4986 1658 5034 τὸν
1713 4989 1983 5056 προφήτην

368 5076 597 5120 τοιαῦτα
646 5068 826 5141 lea/av.
894 5071 1298 5143 κακολογοῦντος
1348 5078 1576 5126 Μωυσέα
1621 5077 1710 5124 καὶ
1776 5077 1863 5124 τόν
1907 5079 1984 5127 νό-

369 5177 511 5228 μους
577 5165 737 5211 Ποίαν
794 5158 852 5213 δὲ
905 5167 994 5214 καὶ
1033 5163 1203 5215 εἰκόνα
1247 5165 1273 5214 6
1336 5159 1572 5234 Μωάμεδ
1620 5161 1840 5225 ἐπάταξε
1895 5170 1983 5216 καὶ

367 5247 662 5313 ἑλέπτυνεν,
710 5252 780 5311 ὡς
812 5251 837 5301 6
889 5255 1123 5324 Χριστὸς
1169 5256 1262 5309 τὴν
1314 5251 1610 5317 πολυθεῖαν,
1656 5251 1822 5311 ὅςκαὶ
1868 5251 1982 5322 ἐγέ-

364 5355 483 5388 νετο
527 5337 598 5398 εἰς
639 5342 756 5411 ὅρος
812 5344 967 5411 μέγα,
1027 5345 1117 5392 καὶ
1155 5339 1424 5414 ἐπλήρωσε
1485 5347 1660 5393 πᾶσαν
1689 5345 1797 5399 -τὴν
1841 5351 1980 5413 γῆνς

367 5426 537 5478 Πάλιν
595 5427 828 5498 λέγουσι,
877 5437 927 5481 τί
973 5430 1210 5501 ὠφέλοιεν
1273 5434 1410 5503 ημᾶς
1460 5433 1484 5482 ό
1538 5433 1656 5490 Υἰός
1702 5438 1792 5481 τοῦ
1848 5440 1980 5484 Θεοῦ

367 5519 694 5587 σαρκωθείςς
765 5525 863 5572 Καί
922 5540 1081 5592 φαμεν
1132 5523 1283 5592 ἡμεῖς
1341 5525 1406 5582 ὡς
1466 5527 1522 5573 τό
1593 5530 1683 5582 τῆς
1753 5519 1981 5595 Τριάδος

362 5613 667 5680 μυστήριον
745 5607 1101 5681 ἀπεκαλύφθη,
1173 5616 1264 5662 καὶ
1337 5610 1656 5682 ἐπεγνώσθη,
1720 5616 1809 5663 καὶ
1876 5611 1981 5663 ἐπι-

366 5698 564 5754 στεύθη
626 5698 697 5768 τῷ
752 5702 933 5771 κόσμω
976 5704 1168 5752 παντί·
1220 5702 1250 5758 ἠ
1282 5697 1341 5753 δὲ
1379 5709 1476 5763 τῆς
1524 5701 1820 5761 Ἑλληνικῆς
1851 5699 1982 5754 ἀπά-
2023 5752 2025 5754 ,

2174 4723 2259 4775 14.
2303 4717 2516 4774 Dicunt
2563 4717 2892 4787 Sarraceni,
2940 4715 3361 4773 Mohamedem
3399 4730 3532 4772 esse
3583 4715 3754 4772 illum

2096 4823 2132 4864 a
2164 4807 2405 4863 Daniele
2418 4811 2746 4870 ostensum,
2763 4805 2993 4877 absque
3010 4820 3230 4860 manus
3250 4819 3436 4877 opera
3455 4819 3528 4860 ex
3549 4809 3754 4861 monte

2095 4897 2192 4952 div
2203 4896 2402 4951 ulsum
2426 4894 2711 4966 lapidem.
2748 4893 2862 4951 Sed
2883 4909 2918 4950 a
2938 4893 3115 4950 nobis
3134 4893 3390 4950 audiunt
3412 4913 3424 4952 :
3461 4894 3753 4960 Quaenam

2095 4990 2186 5040 est
2211 4984 2586 5058 participatio
2639 4982 2896 5039 Danielis
2939 4999 3076 5039 cum
3130 4982 3502 5054 Mohamede,
3558 4982 3642 5038 ita
3687 4987 3754 5038 ut

2094 5074 2190 5131 ille
2242 5073 2317 5129 de
2359 5073 2474 5129 hoc
2505 5073 2647 5129 talia
2668 5072 2846 5138 dicat,
2877 5072 2983 5144 qui
3022 5070 3210 5141 Moysi
3240 5071 3547 5128 maledicit
3574 5086 3647 5128 ac
3677 5070 3754 5127 le-

2094 5164 2154 5233 gi
2169 5164 2196 5217 ?
2223 5164 2564 5228 Quamnam
2581 5167 2840 5216 statuam
2855 5160 3238 5216 Mohamedes
3255 5161 3552 5234 percussit
3572 5164 3754 5232 atque

2095 5251 2470 5319 comminuit,
2535 5251 2703 5306 sicuti
2750 5250 3225 5322 polytheismum
3254 5249 3671 5322 Christus,qui
3697 5251 3754 5305 et

2094 5342 2154 5397 in
2203 5346 2474 5396 montem
2519 5355 2810 5408 magnum
2851 5339 3130 5408 excrevit,
3180 5345 3360 5411 atque
3406 5338 3752 5394 universam

2093 5437 2317 5486 terram
2364 5431 2682 5501 implevit?
2730 5429 2940 5485 Adhuc
2962 5435 3198 5506 rogant,
3227 5427 3374 5500 quid
3405 5427 3583 5484 nobis
3610 5443 3750 5499 pro-

2095 5521 2268 5576 fuerit
2299 5519 2401 5575 Dei
2425 5519 2599 5574 Filius
2626 5519 2975 5574 incarnatus
3001 5519 3029 5573 ‘I
3080 5521 3197 5575 Nos
3239 5534 3378 5574 vero
3417 5515 3751 5590 respondes

2093 5628 2255 5679 mus,
2281 5611 2362 5665 sic
2392 5610 2726 5666 revelatum
2752 5609 2939 5665 fuisse
2980 5613 3039 5664 et
3082 5610 3393 5680 cognitum
3426 5613 3483 5665 et
3510 5607 3589 5664 ab
3621 5607 3751 5662 uni-

2091 5717 2266 5756 verso
2344 5699 2490 5756 orbe
2557 5699 2852 5756 creditum
2931 5694 3226 5755 Trinitatis
3313 5698 3670 5769 mysterium
3735 5714 3747 5754 :
