4508 6436
808 399 910 452 119

2126 390 2405 450 NICETIE
2453 390 2831 453 CHONIATE

3987 360 3994 373 Ι
4061 410 4168 467 120

802 519 1108 577 ethnicum
1162 531 1306 573 vero
1356 515 1743 590 polytheismi
1805 534 2068 576 errorem
2128 516 2461 586 sublatum,
2498 524 2582 572 A1

2382 532 2461 586 m,
2498 524 2666 580 Ατης
2717 520 2965 575 πολυθεῖα
3012 522 3317 595 ἠφάνισται,
3379 526 3614 595 μαντεία,
3684 530 3774 580 καὶ
3849 537 4162 604 φαρμακεία,

804 608 1237 665 divinationem
1269 606 1436 674 item,
1472 612 1527 663 et
1549 608 1841 677 magiam,
1868 612 1926 664 et
1960 606 2293 663 diabolicas
2315 622 2463 677 prae-

806 698 1014 767 stigias
1041 695 1250 768 procul
1274 694 1616 752 submotas.
1645 697 1987 769 Baptismus
2006 711 2148 751 vero
2173 711 2295 767 quo
2326 693 2467 749 ado-

806 787 1077 861 ptionem
1105 784 1560 856 consequimur,
1612 789 1669 841 et
1724 785 2078 857 redemptio,
2122 791 2300 857 atque
2331 783 2469 839 cha-

807 877 1124 933 rismatum
1151 872 1412 929 diribitio
1444 875 1672 931 cunctis
1699 874 2079 930 credentibus
2110 876 2462 947 patuerunt;

812 983 848 1022 a
870 964 1011 1020 solis
1037 969 1171 1019 ortu
1194 979 1385 1034 usque
1434 962 1515 1018 ad
1552 979 1839 1020 occasum
1872 963 2266 1033 Evangelium
2288 960 2467 1018 diffu-

810 1070 981 1121 sum;
1041 1051 1278 1109 medius
1316 1052 1594 1108 maceriae
1635 1053 1835 1125 paries
1883 1053 2146 1125 antiquae
2178 1068 2319 1107 cum
2349 1053 2468 1107 Deo

809 1141 1133 1199 inimicitiae
1173 1140 1535 1211 destructus,
1582 1141 1964 1198 reconciliato
2002 1140 2177 1197 nobis
2213 1140 2334 1197 Deo
2363 1154 2471 1212 per

811 1234 942 1303 ejus
965 1231 1093 1285 Filii
1126 1230 1615 1287 intercessionem
1642 1249 1655 1299 ;
1700 1247 1958 1301 regnum
1988 1230 2279 1287 caelorum
2308 1233 2470 1303 pate-

810 1320 1316 1392 facium,a1iaque
1351 1320 1538 1376 multa
1568 1320 1710 1377 data
1735 1320 2085 1376 hominibus
2114 1320 2278 1376 dona
2307 1322 2464 1390 sunt,

811 1427 949 1482 quae
980 1408 1284 1479 sigillatim
1316 1424 1796 1466 commemorare
1827 1409 2179 1466 omittimus.

888 1505 971 1555 t3.
1017 1499 1161 1554 Item
1193 1498 1403 1553 aiunt:
1438 1497 1539 1554 Vel
1590 1498 1800 1555 volens
1848 1498 2114 1555 Christus
2150 1496 2469 1555 cruciﬁxus

811 1589 942 1657 fuit,
993 1588 1087 1644 vel
1136 1587 1386 1644 nolens:
1424 1588 1477 1644 si
1524 1588 1753 1655 volens,
1805 1588 2073 1645 insontes
2111 1591 2249 1644 sunt
2286 1587 2470 1643 cruci-

811 1677 1031 1734 ﬁxores
1064 1694 1076 1733 :
1115 1677 1164 1732 si
1193 1692 1335 1732 vero
1367 1676 1600 1747 nolens,
1651 1677 1709 1733 id
1756 1678 1808 1733 ei
1858 1677 2268 1733 inﬁrmitatem
2289 1681 2470 1749 atque

809 1767 1232 1840 impotentiam
1262 1766 1540 1839 imputat.
1566 1770 1744 1824 Porro
1770 1783 1884 1823 nos
1924 1767 2392 1839 respondemus,
2416 1770 2472 1822 et

2574 613 2663 660 καὶ
2717 606 3075 683 δαιμονιώδης
3134 617 3429 684 μαγγανεία
3461 611 3695 668 ἐκποδὼν
3749 621 3959 690 ᾤχετο’
4001 623 4144 674 υἰοθε

2578 701 2691 757 σίας
2735 695 2794 751 δὲ
2844 698 3148 772 βάπτισμα,
3194 704 3283 753 καὶ
3339 699 3718 778 ἀπολύτρωσις,
3776 712 3866 759 καί
3919 705 4169 781 διανομαί

2573 790 2925 860 χαρισμάτων
2986 794 3118 841 πᾶσι
3174 798 3284 852 τοῖς
3346 794 3696 844 πιστεύσασιν
3759 793 4164 857 ἐξηπλωθησαν·

2576 873 2676 928 ἀπὸ
2731 874 2983 929 ἀνατολῶν
3043 877 3192 937 ἡλίου
3222 883 3386 952 μέχρι
3427 876 3643 953 δυσμῶν
3673 879 3889 942 διεδόθη
3921 888 3979 939 τὸ
4004 886 4172 959 Εὐαγ-

2575 964 2767 1036 γελιον·
2819 970 2878 1019 τό
2927 975 3018 1020 τοῦ
3078 976 3318 1043 φραγμοῦ
3374 977 3471 1032 τῆς
3522 969 3746 1034 παλαιᾶς
3785 974 3979 1048 ἔχθρας
4035 983 4171 1029 Θεοῦ

2574 1059 2665 1106 καί
2705 1053 2985 1129 ἀνθρώπων
3042 1061 3358 1129 μεσότοιχον
3426 1054 3743 1126 διαλελυται,
3788 1062 4172 1136 ικαταλλαγέν-

2575 1163 2663 1205 τος
2694 1145 2817 1215 ἡμῖν
2843 1152 2936 1197 τοῦ
2967 1153 3100 1199 Θεοῦ
3129 1154 3192 1219 τῇ
3234 1143 3376 1199 ἰδίου
3415 1149 3539 1200 Υἰοῦ
3572 1154 3836 1222 μεσιτείᾳο
3871 1156 3961 1204 καί
3998 1154 4027 1212 ἠ
4071 1162 4172 1206 τῶν

2576 1231 2805 1306 οὐρανῶν
2853 1232 3100 1305 βασιλεία
3161 1233 3432 1305 ἀνέῳκται,
3508 1241 3598 1288 καί
3673 1237 3803 1291 οἰλλα
3852 1238 4045 1312 6:70:6er
4069 1250 4174 1302 τοῖς

2578 1319 2867 1394 ἀνθρώποις
2919 1326 3261 1396 κεχάρισται,
3311 1325 3378 1374 ὧν
3434 1328 3569 1377 κατὰ
3632 1330 3784 1397 μέρος
3841 1333 4173 1402 μνημονεύειν

2575 1415 2904 1485 παρὴκαμεν.

2651 1499 2723 1554 ιε’.
2757 1499 2874 1552 Ἔτι
2917 1505 3074 1573 φασίν
3132 1504 3196 1563 ὡς
3251 1501 3403 1555 θέλων
3441 1503 3467 1556 ό
3506 1507 3740 1577 Χριστὸς
3769 1504 4098 1582 ἰσταυρὼθη,
4139 1509 4179 1569 ii;-

2577 1592 2648 1661 μὴ
2693 1588 2875 1642 enm-
2925 1596 3017 1642 καί
3075 1590 3118 1643 εἰ
3164 1593 3254 1663 μὲν
3292 1590 3466 1659 eum,
3504 1590 3771 1646 ἁνεύθυνοι
3823 1596 3873 1647 οἱ
3932 1603 4175 1671 σταυρὼ-

2581 1693 2788 1739 σαντεςο
2852 1677 2895 1730 εἰ
2950 1674 3009 1731 δὲ
3060 1682 3132 1750 μὴ
3186 1677 3359 1747 θελων,
3410 1677 3675 1733 ἀσθένειαν
3725 1681 3862 1753 αύτῷ
3902 1690 4056 1736 τοῦτο
4086 1689 4175 1736 καί

2580 1762 2875 1838 ἀδυναμίαν
2946 1769 3238 1839 περιάπτει.
3323 1766 3737 1842 Ἀποκρινὸμιθα
3793 1766 3879 1823 οὖν
3949 1773 4026 1825 ὅτι
4086 1777 4177 1825 καί

809 1857 1113 1913 volentem
1162 1856 1462 1911 Christum
1513 1856 1868 1912 cruciﬁxum
1913 1855 2119 1925 fuisse,
2174 1860 2232 1912 et
2268 1860 2470 1911 tamen
2502 1866 2542 1922 Β
2583 1862 2589 1904 4

2396 1870 2470 1911 en
2502 1866 2542 1922 Β
2583 1854 2735 1908 θέλων
2792 1854 3117 1929 ἐσταύρωται
3154 1857 3181 1909 ὁ
3216 1860 3469 1931 Χριστὸς,
3502 1862 3591 1910 καί
3612 1867 3705 1921 τῆς
3754 1859 3994 1932 ἕσχάτης
4018 1881 4176 1914 κατα-

809 1946 1476 2005 extremadamnatione
1489 1945 1706 2017 dignos
1727 1961 1862 2001 esse
1880 1946 2281 2002 cruciﬁxores.
2298 1945 2472 2011 Quod

814 2043 1031 2109 sponte
1058 2037 1130 2091 sit
1159 2053 1404 2108 passus,
1434 2035 1697 2092 ostendit
1734 2036 1862 2108 ipse
1901 2035 2049 2091 dum
2075 2040 2211 2091 ante
2240 2034 2471 2107 passio-

810 2144 951 2184 nem
1007 2126 1088 2183 ait
1118 2144 1130 2181 :
1160 2128 1522 2183 Ρορίρειάιθῖη
1580 2126 1765 2183 habeo
1823 2119 2159 2196 deponendi
2198 2127 2469 2183 animam

807 2234 1020 2281 meam,
1063 2223 1117 2273 et
1143 2224 1492 2286 potestatem
1534 2218 1719 2273 habeo
1750 2219 1967 2273 iterum
1997 2217 2273 2273 sumendi
2299 2229 2471 2287 eam;

805 2315 861 2365 et
890 2322 1061 2364 nemo
1092 2322 1221 2363 eam
1249 2321 1284 2362 α
1315 2322 1407 2362 me
1437 2307 1622 2375 toliit,
1648 2307 1751 2363 sed
1771 2322 1875 2376 ego
1901 2306 2131 2376 depono
2158 2321 2285 2363 eam
2309 2321 2346 2362 a
2379 2320 2470 2362 me

804 2399 925 2465 ipso
953 2399 990 2452 ¹.
1036 2396 1152 2452 Sed
1195 2401 1251 2452 et
1307 2411 1725 2466 saapenumero
1774 2412 1912 2450 cum
1954 2395 2015 2450 in
2059 2410 2202 2451 eum
2249 2411 2467 2450 manus

803 2487 1045 2557 injicere
1073 2486 1262 2541 Judaei
1291 2485 1528 2551 vellent,
1562 2501 1685 2541 non
1719 2489 1918 2541 tamen
1953 2485 2464 2558 injecerunt,quia.

799 2576 1168 2647 praeﬁnitum
1200 2574 1503 2647 passionis
1535 2580 1775 2646 tempus
1796 2574 2070 2629 nondum
2095 2574 2463 2631 aderat.Pati

802 2669 1003 2721 autem
1052 2664 1239 2720 voluit
1269 2668 1333 2718 ut
1370 2668 1625 2718 mortem
1657 2663 2008 2733 destrueret,
2056 2664 2342 2736 viamque
2382 2663 2463 2719 ad

796 2753 1300 2810 resurrectionem
1347 2768 1420 2807 ex
1474 2752 1726 2807 mortuis
1765 2752 2045 2809 muniret.
2090 2755 2203 2808 Cur
2258 2757 2459 2809 autem

795 2843 880 2898 rei
910 2848 1050 2899 sunt
1095 2843 1531 2898 crueitixores?
1581 2842 1733 2907 Quia
1771 2858 1907 2898 cum
1962 2842 2159 2912 legem
2206 2859 2276 2899 ac
2326 2859 2461 2916 pro-

795 2932 1009 3004 phetas
1056 2931 1342 3000 legerent,
1382 2932 1484 3003 qui
1536 2935 1775 3003 tempus
1829 2931 2124 2987 adventus
2150 2932 2277 3002 ejus
2308 2947 2459 2988 nun-

796 3019 1049 3087 tiabant,
1089 3036 1214 3076 non
1264 3019 1460 3076 solum
1518 3035 1644 3076 non
1694 3025 2069 3091 agnoverunt
2098 3021 2299 3093 ipsum
2328 3038 2457 3078 esse

793 3109 899 3181 qui
926 3109 1004 3166 ob
1045 3125 1435 3165 communem
1466 3108 1723 3165 salutem
1759 3113 2023 3175 venerat,
2054 3109 2161 3165 sed
2204 3114 2261 3167 et
2302 3109 2457 3165 mul-

2579 1949 2803 2019 κρίσεως
2841 1947 2889 1998 οἱ
2930 1945 3430 2020 σταυρωταὶοᾶξιοι.
3501 1946 3624 1999 Ὀτι
3672 1944 3732 2001 δὲ
3779 1948 4028 2013 ἑκουσίως
4058 1952 4181 2003 ἔπα-

2560 2035 2683 2103 θεν,
2736 2034 2892 2095 αὐτὸς
2942 2030 3105 2097 ἔδειξε
3157 2036 3256 2109 πρὸ
3308 2041 3399 2087 τοῦ
3468 2037 3650 2088 παθεῖν
3708 2036 3952 2112 εἰρηκώς⁶
4003 2038 4182 2101 Ἐξου·

2582 2127 2699 2174 σίαν
2756 2125 2864 2194 ἔχω
2935 2124 3097 2175 θεῖναι
3160 2127 3255 2181 τὴν
3320 2122 3506 2196 ψυχήν
3581 2144 3704 2197 μου,
3790 2132 3879 2179 καὶ
3940 2126 4179 2191 ἐξουσίαν

2580 2214 2687 2283 ἔχω
2754 2212 2905 2263 πάλιν
2948 2210 3118 2264 λαϐεῖν
3176 2212 3367 2270 αύτήνο
3436 2217 3525 2265 καί
3593 2210 3768 2277 ούὸείς
3820 2219 3954 2291 αἴρει
4019 2217 4181 2276 αὐτὴν

2580 2299 2667 2353 ἀπ’
2727 2300 2872 2373 ἐμοῦ,
2941 2300 3050 2353 ἀλλ’
3127 2298 3226 2373 ἐγώ
3301 2303 3488 2374 τίθημι
3555 2302 3717 2361 αύτὴν
3784 2302 3872 2357 ἀπ’
3929 2304 4176 2377 ἐμαυτοῦ.

2581 2390 2733 2443 Ἀλλὰ
2775 2395 2865 2441 καί
2922 2389 3169 2451 πολλάκις
3223 2389 3558 2463 βουληθέντες
3613 2391 3753 2463 αύτῷ
3782 2401 3968 2469 χεῖρας
4000 2393 4178 2448 ἐπιϐαο

2574 2479 2675 2531 λεῐν
2739 2476 3011 2549 Ἰουδαῖοι,
3067 2479 3161 2531 οὐκ
3218 2478 3478 2551 ἐπέϐαλον,
3516 2477 3609 2533 διὰ
3650 2485 3709 2534 τό
3757 2487 3915 2553 μῄπω
3943 2486 4027 2535 τόν
4052 2503 4178 2558 προς

2573 2574 2855 2642 ωρισμένον
2908 2577 2999 2622 τοῦ
3059 2571 3255 2630 πάθους
3306 2568 3602 2627 ἐληλυθέναι
3676 2576 3874 2647 καιρόν.
3928 2573 4176 2633 Ἢθελησε

2573 2655 2634 2711 δὲ
2661 2661 2841 2711 παθεῖν
2878 2660 2959 2711 ἱνα
3000 2663 3312 2733 καταργήσῃ
3347 2662 3432 2711 τόν
3474 2662 3711 2729 θάνατον,
3742 2665 3833 2713 καί
3869 2658 4164 2735 όὸοποιὴσῃ

2568 2752 2663 2807 τὴν
2703 2747 2757 2800 ἐκ
2807 2756 2997 2823 νεκρῶν
3051 2747 3360 2803 ἀνάστασιν.
3390 2755 3507 2812 Πῶς
3567 2746 3625 2803 δὲ
3671 2759 4087 2826 κατηγοροῦνται
4120 2754 4170 2804 οἰ

2572 2843 2900 2912 σταυρωταί;
2960 2836 3101 2907 Ὀτι,
3135 2842 3287 2910 νόμον
3340 2842 3430 2890 καί
3472 2844 3737 2911 προφήτας
3793 2838 4171 2913 ἀναγινωσκονο

2566 2946 2669 2993 τες,
2727 2930 2812 2979 τόν
2856 2930 3035 2999 καιρόν
3084 2935 3175 2989 τῆς
3229 2926 3389 2979 αὐτοῦ
3436 2933 3733 3001 παρουσίας
3782 2930 4170 3003 προκαταγγέλ-

2567 3015 2763 3084 λοντας,
2820 3016 2878 3068 ού
2937 3019 3090 3089 μόνον
3129 3016 3223 3068 οὐκ
3275 3018 3505 3087 ἔγνωσαν
3563 3016 3718 3069 αὐτόν
3768 3016 3894 3070 εἶναι
3947 3023 4034 3071 τὸν
4100 3019 4172 3081 εἰς

2566 3111 2744 3164 κοινὴν
2798 3111 3061 3181 σωτηρίαν
3118 3105 3418 3180 ἐρχόμενον,
3476 3105 3604 3159 ἀλλὰ
3658 3113 3748 3159 καί
3804 3106 3993 3171 πολλὰς
4036 3109 4171 3185 εύερ-

793 3204 994 3254 torum
1010 3198 1446 3267 beneﬁciorum
1470 3201 1777 3254 auctorem
1797 3197 1857 3253 in
1881 3214 2122 3255 crucem
2145 3199 2455 3256 sublatum
2487 3219 2527 3275 ρ
2565 3214 2573 3229 ⁸

2029 3214 2122 3255 em
2145 3199 2455 3256 subIatum
2487 3219 2527 3275 Ο
2565 3198 2748 3266 γεσίας
2770 3190 3155 3266 ἐπιδειξάμενον
3178 3192 3369 3247 ἀνεῖλον
3398 3200 3809 3267 σταυρώσαντες.

794 3287 1226 3344 exstinxerunt.

871 3403 954 3454 16.
1000 3400 1144 3453 Item
1175 3397 1343 3454 aiunt
1371 3414 1383 3452 :
1413 3398 1483 3455 Si
1503 3398 1854 3454 maledictus
1878 3401 1963 3453 est
1984 3399 2172 3454 omnis
2194 3399 2455 3469 quipen-

795 3488 890 3544 (lci
926 3489 987 3542 in
1018 3488 1183 3557 ligno
1210 3489 1254 3553 ³,
1310 3485 1583 3542 sublatus
1607 3492 1810 3542 autem
1840 3487 1902 3542 in
1929 3503 2167 3542 crucem
2195 3487 2457 3544 Christus

798 3592 1043 3649 quoque
1075 3576 1204 3645 fuit,
1229 3575 1325 3630 hic
1358 3574 1580 3647 pariter
1608 3575 1965 3631 maledictus
1996 3580 2105 3631 est.
2142 3576 2457 3642 Quomodo

796 3672 999 3722 autem
1050 3682 1085 3721 ο.
1125 3664 1446 3720 maledicto
1499 3664 1840 3721 benedictio
1886 3664 2176 3721 dabitur?
2216 3666 2329 3722 Sed
2356 3683 2460 3722 au-

795 3754 968 3809 diunt
996 3770 1031 3809 a
1062 3753 1238 3808 nobis
1271 3770 1283 3808 :
1319 3753 1487 3825 quod
1520 3755 1673 3809 Deus
1702 3770 1894 3826 quum
1918 3760 2095 3823 esset,
2148 3754 2338 3810 factus
2370 3759 2461 3811 est

794 3849 1042 3915 propter
1062 3858 1175 3897 nos
1199 3842 1407 3911 homo,
1432 3847 1486 3897 et
1510 3842 1891 3897 infirmitates
1919 3848 2155 3899 nostras
2179 3844 2458 3916 portavit,

796 3938 853 3987 et
882 3931 1205 4000 languores
1234 3929 1492 4001 pertulit,
1549 3935 1605 3985 et
1660 3935 1916 3986 mortem
1958 3932 2233 4001 gustavit,
2264 3936 2329 3987 ut
2350 3948 2461 3987 nos

797 4021 974 4076 morti
1034 4036 1103 4074 ac
1164 4018 1487 4073 maledicto
1513 4018 1909 4075 subtraheret.
1944 4023 2091 4075 Nam
2146 4022 2457 4089 sententia,

799 4111 924 4176 Quo
957 4110 1051 4165 die
1083 4126 1133 4165 cr.
1155 4126 1213 4165 m
1236 4110 1479 4173 rderitis,
1513 4115 1701 4165 morte
1723 4111 2059 4165 moriemini
2080 4112 2140 4180 3,'
2169 4115 2245 4179 et,
2272 4112 2460 4167 Malc-

798 4201 962 4255 dz'cta
986 4206 1148 4254 Iema
1188 4216 1248 4253 m
1276 4198 1552 4267 operibus
1577 4200 1693 4253 tuis
1725 4200 1764 4263 ⁵,
1798 4198 1927 4253 haec
1981 4199 2235 4261 humani
2274 4200 2459 4256 nostri

800 4289 1036 4359 generis
1059 4287 1293 4359 punitio
1325 4292 1430 4343 est.
1468 4288 1560 4343 Sic
1602 4287 1781 4342 etiam
1827 4288 2169 4345 maledictio
2201 4290 2462 4346 Christus

798 4380 992 4433 dictus
1024 4378 1150 4440 fuit,
1181 4383 1236 4433 et
1264 4382 1465 4432 tamen
1506 4393 1542 4432 a
1590 4376 1741 4448 legis
1786 4376 2201 4434 maledictione
2230 4395 2339 4435 nos
2368 4395 2459 4435 re-

798 4468 1005 4523 demit.
1039 4470 1105 4522 Et
1137 4466 1291 4521 sicut
1341 4466 1403 4521 in
1457 4465 1692 4522 Adamo
1731 4482 1946 4521 omnes
1976 4468 2196 4523 mortui
2227 4485 2457 4536 sumus,

2642 3390 2730 3454 ις’.
2787 3390 2947 3442 Πάλιν
3000 3389 3269 3461 λέγουσιν⁸
3334 3390 3393 3442 Εἰ
3446 3389 3828 3467 ἐπικατάρατος
3864 3396 3963 3452 πᾶς
4001 3392 4026 3443 ό
4056 3410 4168 3467 κρε-

2568 3482 2793 3553 μάμενος
2835 3478 2921 3531 ἐπί
2982 3478 3161 3549 ξύλου,
3222 3477 3489 3551 ἁνηρτὴθη
3539 3477 3599 3533 δὲ
3624 3481 4029 3554 καίὸΧριστὸς
4085 3484 4168 3534 ἐπί

2571 3569 2741 3640 ξύλου,
2804 3570 3179 3643 ἐπικατάρατος
3235 3570 3338 3643 ἄρα
3392 3575 3483 3622 καί
3534 3570 3679 3631 οὗτός
3733 3569 3865 3647 ἐστι.
3910 3575 4011 3623 Καί
4063 3578 4168 3632 πῶς

2570 3659 2670 3711 ἀπὸ
2724 3666 2815 3710 τοῦ
2873 3657 3255 3731 ἐπικαταράτου
3302 3658 3510 3730 εὐλογία
3541 3656 3861 3724 deﬁnes-rm;
3887 3660 4170 3713 Ἀκούουσι

2571 3744 2629 3802 δὲ
2688 3747 2740 3811 ἐξ
2781 3750 2947 3821 ἡμῶν,
2981 3750 3060 3800 ὅτι
3106 3747 3305 3819 Ὥσπερ
3360 3751 3385 3801 ό
3444 3752 3573 3812 Θεὸς
3603 3750 3669 3800 ὢν
3719 3754 3896 3821 γέγονε
3927 3746 3999 3802 δι’
4029 3751 4169 3822 ἡμᾶς

2569 3840 2863 3912 ἅνθρωπος,
2936 3843 3024 3890 καί
3085 3841 3178 3900 τὰς
3238 3837 3501 3900 ἀσθενείας
3560 3841 3706 3911 ἡμῶν
3761 3836 3873 3914 ἦρε,
3927 3844 4016 3892 καί
4076 3842 4171 3902 τὰς

2569 3934 2752 3989 νόσους
2806 3927 3084 3998 ἐϐάστασε,
3144 3933 3233 3980 καί
3295 3930 3515 3981 θανάτου
3564 3927 3835 4000 ἐγεύσατο,
3909 3929 3970 3981 ἶν’
4037 3930 4173 4002 ἡμᾶς

2570 4025 2660 4072 καί
2709 4027 2799 4072 τού
2852 4021 3074 4071 θανάτου
3128 4023 3218 4070 καί
3269 4026 3363 4080 τῆς
3422 4020 3655 4093 κατάρας
3708 4016 4057 4092 ἐλευθερώσῃο
4113 4021 4172 4072 τὸ

2570 4112 2693 4184 γὰρ,
2753 4115 2821 4161 ἿΙ
2881 4104 2932 4160 δ’
3012 4107 3071 4160 ἂν
3135 4110 3306 4181 ἡμέρᾳ
3357 4110 3572 4180 φάγητε,
3636 4109 3839 4179 θανάτῳ
3906 4106 4174 4161 ἀποθανεῖ-

2573 4201 2683 4266 σθε,
2736 4204 2825 4250 καί
2882 4200 2960 4268 τὸ,
3040 4198 3445 4267 Ἐπικατάρατος
3510 4198 3540 4255 ἡ
3603 4205 3671 4268 γῆ
3732 4196 3780 4249 ἐν
3836 4204 3944 4260 τοῖς
4008 4200 4175 4269 ἔργοις

2575 4308 2690 4355 σου,
2744 4296 2843 4340 τῶν
2899 4286 3178 4363 ἀνθρώπων
3244 4289 3386 4360 ἡμῶν
3441 4285 3736 4360 ἐπιτίμιον·
3788 4288 3921 4339 οὕτω
3956 4292 4045 4339 καί
4084 4308 4176 4340 κα-

2570 4382 2707 4454 τάρα
2761 4382 2977 4447 ἤκουσε,
3018 4383 3107 4430 καί
3148 4385 3241 4439 τῆς
3294 4375 3349 4429 ἐκ
3400 4385 3490 4430 τοῦ
3536 4381 3695 4450 νόμου
3746 4380 3979 4452 κατάρας
4041 4380 4176 4450 ἡμᾶς

2572 4468 2890 4541 ἐξηγόρασε·
2939 4472 3030 4519 καί
3082 4469 3254 4542 ὥσπερ
3306 4465 3352 4517 ἐν
3397 4475 3469 4538 τῷ
3524 4463 3700 4539 Ἀδὰμ
3745 4470 3928 4528 πάντες
3986 4465 4175 4519 ἀπεθά-

798 4559 882 4613 sic
916 4559 975 4613 in
1010 4557 1240 4613 Christo
1272 4570 1486 4611 omnes
1510 4556 1806 4611 vivemus.
1857 4556 2011 4613 Licet
2052 4559 2233 4613 etiam
2264 4575 2460 4615 exem-
2493 4574 2536 4628 ι)
2569 4580 2578 4609 -.

2395 4576 2460 4614 11-
2493 4574 2536 4628 D
2569 4577 2737 4631 νομεν,
2785 4558 2947 4619 ούτως
2998 4556 3044 4608 ἐν
3112 4565 3182 4627 τῷ
3214 4564 3428 4626 Χριστῳ
3454 4557 3635 4616 πάντες
3668 4556 3918 4629 ζήσομεν.
3964 4555 4175 4619 Ἔξεστι

797 4647 899 4719 plo
931 4648 1045 4702 hoc
1075 4646 1513 4701 demonstrare.
1548 4649 1611 4701 In
1642 4645 1879 4711 deserto
1902 4652 2204 4719 serpentes
2226 4649 2458 4704 morde-

798 4738 948 4794 bant
972 4736 1257 4792 ‘llehreeos
1293 4754 1305 4791 :
1342 4736 1636 4808 serpentis
1679 4740 1901 4807 autem,
1951 4738 2054 4810 qui
2105 4736 2247 4793 olim
2280 4738 2460 4794 male-

798 4828 995 4884 dictus
1025 4826 1237 4893 fuerat,
1285 4825 1446 4881 facta
1496 4841 1667 4881 aenea
1718 4825 1983 4896 imagine
2012 4829 2265 4898 Moyses,
2295 4827 2459 4898 ligno

797 4934 934 4973 eam
966 4916 1300 4986 suSpendit,
1333 4914 1601 4989 dixitque
1632 4932 1644 4969 :
1682 4914 1796 4981 Qui
1844 4931 1879 4971 a
1922 4923 2195 4986 serpente
2228 4934 2460 4973 morsus

794 5010 1004 5077 fuerit,
1076 5006 1156 5061 ad
1215 5006 1377 5061 hunc
1415 5012 1746 5074 serpentem
1805 5007 2108 5075 respiciat,
2162 5013 2215 5062 ct
2260 5009 2461 5065 salvus

794 5100 893 5166 ﬁet
920 5098 959 5150 ⁵.
996 5098 1130 5151 Erat
1160 5102 1363 5151 autem
1395 5095 1443 5149 is
1472 5110 1720 5167 serpens
1750 5096 1964 5151 Christi
1992 5095 2207 5168 ﬁgura.

873 5282 957 5332 t7.
1002 5280 1255 5347 insuper
1292 5275 1373 5330 illi
1406 5274 1573 5331 aiunt
1608 5291 1621 5329 :
1656 5277 1792 5344 Vos,
1820 5274 2156 5345 Christiani,
2207 5277 2287 5334 ita
2334 5294 2463 5334 cru-

796 5385 927 5425 cem
955 5367 1283 5424 honoratis.
1322 5365 1849 5439 quemadmodum
1870 5368 2099 5424 Chi-isto
2130 5367 2239 5441 ipsi
2271 5369 2461 5426 hono-

796 5474 925 5514 rem
957 5456 1109 5511 defei
1131 5457 1223 5512 tis.
1255 5454 1453 5527 Atqui,
1486 5470 1599 5511 nos
1642 5454 1973 5527 inquimus,
2002 5456 2300 5514 calumnia
2332 5459 2461 5515 haec

797 5547 1117 5606 manifesta
1148 5552 1256 5603 est.
1292 5548 1442 5602 Nam
1476 5546 1740 5603 Christus
1771 5562 1807 5603 a
1832 5545 2008 5603 nobis
2037 5547 2369 5607 honoratur
2399 5554 2463 5607 ut

2572 4645 2631 4701 δὲ
2682 4653 2772 4699 καί
2834 4647 2934 4699 ἀπὸ
2992 4642 3422 4721 παραδείγματος
3472 4654 3821 4720 παραστῆσαι
3870 4653 4020 4698 τοῦτο
4053 4663 4065 4676 ’
4126 4648 4174 4698 ἐν

2570 4746 2630 4811 τῇ
2704 4736 2877 4809 ἐρήμῳ
2931 4738 2979 4788 οἱ
3026 4740 3159 4807 ὄφεις
3233 4739 3351 4796 τούς
3408 4732 3680 4808 Ἐϐραίους
3726 4730 3969 4787 ἔδακνον·
4004 4734 4177 4791 εἰκόνα

2572 4824 2631 4880 δε
2686 4826 2894 4899 χαλκῆν
2940 4830 3118 4898 ὄφεως,
3169 4825 3220 4887 ὃς
3272 4823 3648 4897 ἐπικατιῖρατος
3702 4828 3919 4892 ἤκουσε,
3951 4829 4176 4886 ποιήσας

2570 4924 2796 4983 Maius-77,
2867 4915 3231 4990 ἁνεσταύρωσέ
3255 4933 3309 4967 τε
3342 4918 3567 4981 τουτονί,
3605 4918 3695 4967 καί
3751 4913 3887 4967 εἶπεν
3916 4930 3931 4944 “
3981 4913 4040 4966 Ὀ
4077 4910 4176 4967 δα-

2571 5013 2812 5081 κνόμενος
2850 5008 2949 5058 ὑπό
3018 5009 3177 5078 ὄφεως
3220 5008 3528 5078 προσεχέτω
3570 5008 3738 5075 τούτῳ
3777 5012 3850 5075 τῷ
3918 5008 4048 5077 ὄφει,
4086 5009 4178 5057 καί

2576 5101 2895 5157 σωθήσεται.
2928 5096 3024 5149 Ἢν
3058 5092 3123 5150 δὲ’
3147 5097 3171 5148 ό
3191 5099 3304 5167 ὄφις
3334 5095 3484 5156 οὗτος
3512 5093 3786 5156 ἀντίτυπος
3807 5102 3898 5148 τοῦ
3923 5101 4173 5170 Κριστοῦ.

2648 5278 2731 5339 ιζ’·
2781 5280 2916 5353 Πρός
2956 5279 3163 5337 τούτοις
3185 5275 3427 5353 λέγουσιν
3476 5278 3541 5336 ὡς
3586 5275 3757 5348 ’Υμεῖς
3786 5277 3833 5328 οἱ
3870 5281 4183 5350 Χριστιανοί

2573 5369 2708 5422 οὕτω
2764 5374 2950 5441 τιμᾶτε
2997 5369 3085 5419 τὸν
3137 5369 3385 5441 σταυρόν,
3429 5367 3600 5427 καθὼς
3656 5367 3759 5439 ἄρα
3814 5369 3903 5417 καί
3944 5367 4032 5418 τὸν
4056 5373 4180 5440 Χρι-

2575 5464 2694 5512 στόν
2738 5465 2942 5531 τιμᾶτε.
3007 5464 3169 5510 Τοῦτο
3224 5452 3282 5508 δέ
3331 5454 3444 5508 ἔστι
3500 5460 3821 5528 συκοφαντία
3868 5452 4129 5530 πρόδηλος
4163 5473 4177 5487 ’

2572 5551 2598 5602 ὁ
2638 5552 2727 5622 μὲν
2757 5550 2858 5622 γὰρ
2886 5550 3119 5623 Χριστός
3149 5552 3368 5619 τιμᾶται
3413 5546 3535 5621 παρ’
3575 5548 3722 5620 ἡμῶν
3762 5549 3828 5611 ὡς
3869 5550 4018 5619 Θεὸς,
4060 5548 4086 5601 ό
4119 5543 4179 5603 δῦ

876 5733 893 5769 ι
932 5730 1101 5789 Joen.
1137 5742 1194 5798 ιι,
1226 5729 1319 5799 18,
1343 5726 1437 5788 t9.
1477 5728 1500 5767 ²
1539 5726 1709 5787 Deut.
1737 5741 1859 5801 xxx,
1883 5729 1980 5801 23;
2012 5726 2199 5790 Galat.
2224 5744 2307 5800 ιιι,
2340 5707 2429 5792 13.
2472 5728 2496 5769 ³
2536 5730 2656 5790 Gen

2110 5728 2199 5790 tat.
2224 5744 2307 5800 ιιι,
2340 5707 2429 5792 13.
2472 5728 2496 5769 ³
2536 5730 2677 5790 Gen.
2702 5745 2769 5799 ιι,
2802 5728 2890 5789 17.
2932 5727 2954 5767 ⁴
2994 5728 3142 5789 Gen.
3171 5742 3254 5802 ιιι,
3286 5730 3372 5788 t7.
3416 5726 3439 5766 ⁸
3477 5728 3657 5789 Num.
3687 5740 3805 5803 ιιι,
3838 5727 3890 5793 8.
