4508 6436
366 414 474 472 121
1725 402 2075 464 THESAUBI
2113 404 2146 462 ι

1956 402 2075 461 URI
2113 403 2240 462 LIB.
2282 407 2386 465 XX.
3635 413 3736 469 122

370 538 608 611 σταυρὸς
638 538 707 599 ὡς
739 537 875 598 θείας
925 538 1149 609 χάριτος
1203 541 1487 609 μετασχὼν
1519 533 1611 590 διὰ
1640 538 1727 588 τὸν
1763 533 1811 586 ἓν
1837 532 1977 603 αὐτῷ
2010 533 2059 588 Α
2090 533 2150 587 Di

1954 540 1977 602 ζ»
2010 533 2059 588 Α
2090 533 2263 599 Deus,
2299 548 2443 589 crux
2471 538 2672 590 autem
2694 548 2805 589 ceu
2824 532 3042 589 divina:
3074 534 3277 603 gratiae
3308 535 3606 609 particeps
3627 540 3734 604 est,

372 627 751 701 σταυρωθῆναι
807 622 1241 698 καταδεξάμενον,
1276 624 1362 697 ἀφ’
1426 625 1486 677 οὗ
1547 621 1613 682 δὴ
1683 627 1768 675 καὶ
1833 620 1974 694 ὶνὴρ-
2089 635 2152 691 pr

1957 652 1974 659 -
2089 626 2333 691 propter
2362 638 2501 677 eum
2534 622 2635 693 qui
2660 623 2719 677 in
2743 638 2816 677 ea
2842 622 3062 691 contigi
3088 623 3396 689 sustinuit;
3423 640 3529 696 per
3549 640 3735 697 quam

369 731 526 783 τηκε,
576 718 667 765 καὶ
722 715 1051 771 καθεκάστην
1099 712 1289 786 ἔνεργεί
1335 713 1500 766 πολλὰ
1552 714 1826 784 θαύματα·
1885 706 1977 762 δια
2086 714 2144 763 et

1946 712 1977 760 ἀ
2086 709 2269 766 etiam
2326 710 2605 782 prodigia
2661 710 2848 765 multa
2889 710 3081 765 effecit
3126 717 3182 765 et
3228 712 3493 782 quotidie
3523 712 3726 768 efﬁcit.

371 811 532 854 τοῦτο
572 807 663 855 καὶ
721 807 959 875 τιμητέος
1014 804 1138 875 ἡμῖν
1196 804 1221 855 ὀ
1281 806 1521 878 σταυρὸς,
1555 802 1660 873 οὐχ
1704 804 1766 861 ὡς
1806 798 1974 864 ξύλον,
2088 797 2151 852 PI

1961 840 1974 864 ,
2088 797 2412 868 Propterea
2440 797 2617 854 nobis
2644 797 3005 854 venerabilis
3038 802 3126 854 est
3171 814 3333 867 crux,
3379 814 3501 855 non
3531 806 3736 872 quate-

372 888 489 942 ἀλλ’
527 892 609 944 ὅτι
670 899 743 963 τῷ
796 893 951 944 πάθει
997 898 1090 943 τοῦ
1148 898 1383 967 Χριστοῦ
1438 897 1815 963 κεχαρίτωται.
1840 888 1978 941 Ἐπεὶ
2087 901 2152 941 nt

1956 892 1978 939 :t
2087 901 2201 941 nus
2233 886 2464 956 lignum
2493 893 2599 950 est,
2630 886 2737 942 sed
2790 886 2931 959 quia
2955 887 3165 942 Christi
3190 888 3459 959 passioni
3490 889 3736 944 inservi-

371 985 467 1031 καὶ
513 982 582 1032 σὺ
626 978 676 1031 ἐν
738 989 812 1051 τῷ
862 986 1032 1034 Min;
1094 985 1519 1056 παραγινόμενος,
1559 980 1768 1033 κάκεῖσε
1824 977 1977 1030 τελῶν
2086 976 2143 1031 vi

1955 998 1977 1027 ν
2086 976 2189 1031 vit.
2220 979 2489 1049 Namque
2516 981 2572 1033 et
2615 982 2678 1033 tu
2709 980 2965 1034 Meccam
3019 977 3342 1048 profectus,
3393 977 3598 1050 ibique
3641 993 3735 1034 sa-

368 1072 439 1120 τὰ
471 1065 731 1121 δοκοῦντά
759 1088 843 1121 σοι
894 1071 1065 1143 ὅρκια,
1094 1070 1221 1142 οῦχὶ
1251 1078 1360 1132 τοῖς
1387 1071 1549 1131 λίθοις
1580 1075 1669 1121 καὶ
1711 1075 1821 1129 τοῖς
1870 1071 1978 1119 τοί-
2087 1080 2148 1121 cr

1956 1096 1978 1109 -
2087 1066 2201 1121 cris
2232 1065 2444 1122 ritibus
2475 1082 2584 1139 pro
2613 1071 2712 1123 tuo
2754 1065 2920 1123 libito
2970 1065 3300 1131 celebratis,
3347 1082 3736 1140 nequaquam

372 1168 503 1228 χοις
561 1156 827 1230 ἀπονέμεις
892 1162 949 1210 τὸ
1006 1158 1179 1221 σέϐας,
1212 1157 1340 1211 ἀλλα
1390 1168 1462 1229 τῷ
1508 1161 1778 1230 τιμωμένῳ
1826 1156 1875 1208 ί)
1906 1162 1979 1225 τῷ
2089 1169 2152 1209 sa

1957 1162 1979 1205 ῖι
2089 1154 2251 1209 saxis
2308 1156 2618 1225 murisque
2661 1154 2887 1209 cultum
2928 1154 3251 1226 impendis,
3282 1153 3387 1209 sed
3438 1156 3492 1210 ei
3542 1156 3646 1225 qui
3676 1154 3737 1210 in

372 1248 546 1299 ἑκείσε
589 1249 735 1317 οἴκῳ.
798 1246 1077 1319 Ἀκούομεν
1116 1243 1175 1299 δε
1214 1252 1302 1299 καὶ
1358 1250 1424 1309 ὡς
1456 1246 1719 1318 ἁψάμενος
1755 1265 1835 1305 τις
1892 1252 1981 1304 τῆς
2088 1241 2149 1297 ill

1961 1263 1981 1304 ς
2088 1241 2188 1297 illo
2226 1241 2439 1298 colitur
2494 1242 2768 1299 aedilicio.
2829 1242 3123 1298 Audimus
3178 1247 3380 1298 autem
3427 1243 3737 1299 hominem

373 1341 598 1405 νομικῆς
652 1333 875 1387 κιϐωτοῦ
950 1341 1299 1409 τετιμώρηται
1333 1351 1345 1364 ·
1414 1333 1473 1393 ἦν
1538 1332 1595 1388 δε
1656 1334 1866 1393 κάκείνη
1928 1333 1980 1385 ἐκ
2090 1346 2153 1403 q1

1958 1354 1980 1385 κ
2090 1346 2335 1403 quoque
2375 1330 2564 1398 illum,
2601 1331 2706 1403 qui
2754 1331 3005 1399 legalem
3052 1346 3255 1387 arcam
3300 1331 3511 1401 attigit,
3562 1334 3738 1404 puni-

375 1422 545 1484 ξῦλων
603 1428 1057 1495 κατεσκευασμένη
1095 1445 1108 1459 ο
1159 1424 1293 1483 πλὴν
1340 1421 1432 1477 διὰ
1501 1429 1593 1483 τὴν
1658 1425 1818 1498 χάριν
1883 1431 1982 1475 τῶν
2092 1424 2151 1474 tu

1961 1444 1982 1473 ν
2092 1424 2259 1487 tum;
2302 1436 2441 1475 cum
2491 1425 2692 1475 tamen
2724 1421 2797 1489 et}
2824 1420 2923 1475 illa
2964 1419 3143 1488 lignis
3190 1425 3346 1475 esset
3385 1426 3741 1492 compacta;

376 1510 733 1584 ἀποκειμένων
787 1510 834 1564 ἐν
886 1512 1017 1586 αὐτῇ
1070 1513 1200 1566 πολὺ
1256 1516 1314 1565 τὸ
1368 1512 1651 1585 σεϐάσμιον
1696 1514 1835 1584 εἶχεν
1881 1510 1981 1563 ἀπο
2093 1523 2153 1563 se

1958 1531 1981 1563 ο
2093 1507 2200 1563 sed
2244 1513 2488 1581 propter
2531 1524 2732 1563 rerum
2773 1509 2833 1564 in
2879 1524 2950 1564 ea
2999 1513 3412 1564 contentarum
3466 1510 3738 1581 gratiam,

380 1606 545 1655 Θεοῦ.
2094 1598 2351 1654 multum
2380 1598 2433 1653 ei
2460 1597 2762 1667 religionis
2793 1601 2947 1654 Deus
2978 1599 3328 1654 contulerat.

456 1687 551 1747 ιη’.
612 1691 746 1764 Πρὸς
810 1691 887 1752 οἷς
954 1693 1179 1763 εἴπομεν,
1246 1690 1618 1763 ἐπεγκαλοῦσιν
1651 1690 1827 1763 ζ’ἠμῖν
1886 1698 1984 1743 τῶν
2170 1691 2233 1745 18

1970 1712 1984 1741 θ
2170 1691 2253 1745 18.
2283 1692 2497 1744 Praeter
2526 1688 2815 1745 hactenus
2845 1688 3025 1754 dicta,
3056 1689 3359 1760 imputant
3388 1686 3750 1757 nobisjman-

375 1777 596 1830 έντολῶν
649 1786 743 1831 τοῦ
791 1786 1027 1852 Χριστοῦ
1083 1779 1403 1855 παράϐασιν,
1453 1785 1611 1833 κακὸν
1657 1779 1766 1832 ἀντὶ
1822 1786 1986 1832 κακοῦ
2097 1777 2155 1833 di

1968 1786 1986 1831 3
2097 1777 2377 1833 datorum
2402 1777 2611 1834 Christi
2638 1778 3198 1847 transgressionem,
3226 1777 3369 1849 quia
3391 1776 3616 1832 malum
3638 1792 3748 1849 pro

376 1863 733 1937 ἀποδιδοῦσι,
765 1873 855 1921 καὶ
907 1877 1194 1943 μεριμνῷσι
1249 1874 1367 1943 περὶ
1409 1878 1598 1942 τροφῆς
1642 1874 1731 1922 καὶ
1761 1866 1985 1941 ἐνδύμα-
2026 1876 2068 1933 Β
2101 1882 2156 1922 m

1969 1900 1985 1910 -
2026 1876 2068 1933 Β
2101 1866 2259 1922 malo
2281 1865 2615 1929 reddimus,
2650 1871 2705 1922 et
2728 1865 2803 1921 de
2833 1882 2971 1922 esca
2998 1882 3068 1922 ac
3115 1866 3467 1921 vestimento
3520 1865 3749 1921 solliciti

372 1976 460 2017 τος
493 1974 507 1987 ο
570 1960 729 2028 εναμὲν
779 1953 866 2009 οὖν
928 1960 992 2018 ὡς
1045 1958 1121 2009 Οὐ
1178 1957 1565 2033 παραϐαίνομεν
1604 1962 1687 2010 τὸν
1733 1965 1823 2009 τοῦ
1856 1964 1986 2030 Χρε-
2096 1972 2152 2010 8t

1969 1988 1986 1999 -
2096 1971 2327 2010 sumus.
2356 1960 2426 2010 At
2472 1956 2631 2011 enim
2680 1955 3140 2027 respondemus,
3188 1969 3577 2026 nequaquam
3638 1970 3749 2010 nos

376 2051 511 2097 στοῦ
554 2049 729 2117 νόμον,
761 2050 884 2108 τοὺς
932 2046 1151 2120 ἐχθροὺς
1179 2048 1326 2119 ἡμῶν
1375 2053 1464 2100 καὶ
1503 2054 1670 2099 ταῦτα
1712 2049 1831 2108 τοὺς
1872 2045 1989 2098 ἁπί-
2098 2043 2156 2100 Cl

1970 2077 1989 2086 -
2098 2043 2309 2100 Christi
2335 2043 2526 2113 legem
2575 2044 2932 2113 transgredi,
2982 2043 3129 2098 dum
3187 2042 3386 2098 hostes
3430 2047 3667 2098 nostros
3697 2047 3750 2099 et

376 2152 540 2195 στονς
602 2134 936 2207 ἀμυνόμενοι,
992 2134 1121 2188 ἀλλὰ
1186 2136 1379 2208 μᾶλλον
1446 2136 1739 2210 πληροῦμεν
1780 2139 1836 2187 τὸ
1903 2131 1987 2187 ὃί-
2100 2148 2156 2205 pl

1970 2166 1987 2176 -
2100 2133 2402 2205 praecipue
2435 2133 2703 2189 inﬁdeles
2741 2133 3097 2188 ulciscimur.
3129 2134 3320 2188 Monet
3349 2131 3507 2187 enim
3540 2130 3656 2197 lex,
3690 2136 3750 2187 ut

377 2242 556 2274 καιον·
589 2232 827 2295 παραινεῖ
856 2226 959 2297 γὰρ
1004 2226 1029 2277 ὁ
1076 2230 1230 2295 νόμος
1288 2233 1392 2286 τοῖς
1441 2226 1563 2297 ἡμῖν
1616 2224 1794 2286 αὐτοῖς
1844 2242 1991 2275 πται·
2099 2222 2157 2277 iis

1975 2256 1991 2263 -
2099 2222 2171 2277 iis
2217 2223 2323 2294 qui
2366 2222 2539 2278 nobis
2571 2222 2872 2295 supplices
2928 2220 3077 2276 ﬁunt
3122 2236 3479 2293 parcamus;
3531 2220 3748 2291 injuste

373 2330 503 2364 ονσι
573 2320 889 2387 συγχωρεῖν,
932 2321 1036 2375 τοῖς
1129 2309 1179 2367 δ’
1237 2311 1638 2387 ἀδικουμμέλοσς
1696 2312 1989 2385 ἐπιτμὰνειν.
2101 2327 2153 2368 ai

1978 2350 1989 2362 .
2101 2316 2302 2368 autem
2350 2312 2656 2384 oppressis
2709 2327 2886 2383 opem
2922 2311 3202 2365 teramus.
3247 2312 3364 2365 lioc
3394 2309 3573 2365 etiam
3600 2312 3750 2365 Deus

372 2406 550 2453 Τοῦτο
585 2397 643 2453 δε
693 2406 783 2453 καὶ
832 2403 857 2453 ὁ
904 2406 1031 2465 Θεὸς
1077 2402 1311 2468 ἐποίησε,
1364 2408 1751 2463 καταποντίσας
1806 2405 1991 2475 Φαραὼ
2101 2415 2152 2470 εξ

1973 2423 1991 2453 ο
2101 2402 2240 2470 egit,
2270 2416 2407 2456 cum
2451 2400 2822 2455 Pharaonem
2880 2399 3264 2455 Hebraeorum
3315 2398 3547 2454 hostem
3602 2399 3753 2455 mari

374 2494 467 2541 τὸν
522 2499 629 2551 τοῖς
678 2490 933 2564 Ἑϐραίοις
994 2493 1233 2565 πολέμιον
1268 2510 1279 2522 ⁸
1345 2498 1426 2545 καὶ
1466 2496 1566 2566 γὰρ
1626 2494 1650 2543 ὁ
1683 2487 1867 2559 Δαεὶδ,
1902 2496 1993 2543 Νί-
2101 2509 2154 2547 St

1974 2520 1993 2529 -
2101 2491 2449 2547 submersit.
2500 2493 2647 2546 Tum
2696 2491 2873 2545 etiam
2936 2490 3163 2545 David:
3207 2488 3507 2553 Lavabor,
3538 2488 3750 2561 inquit,

373 2578 574 2649 ’,βομαῃ
644 2586 823 2651 φησιν,
916 2582 963 2634 ἐν
1053 2584 1242 2653 αἰμα.·ι
1316 2582 1622 2654 ἁμαρτωλοῦ
1667 2601 1679 2613 ·
1756 2579 1989 2651 ἀλλαχοῦ
2100 2586 2153 2637 in

1974 2587 1989 2630 ἓ
2100 2586 2163 2637 in
2194 2582 2492 2650 sanguine
2518 2581 2849 2650 peccatoris
2881 2582 2922 2634 δ.
2948 2582 3011 2634 Et
3050 2583 3251 2634 tamen
3283 2577 3423 2633 alibi
3454 2577 3718 2649 psallens
3744 2595 3754 2632 :

378 2667 619 2736 ψάλλων.
688 2669 749 2720 1:3.
811 2668 1156 2724 ἀνταπέὸωκα
1228 2680 1333 2731 τοῖς
1413 2666 1833 2723 ἀνταποδιδοὺς-ι
1900 2688 1990 2740 μοι
2098 2672 2158 2729 Si

1983 2689 1990 2719 '-
2098 2670 2456 2736 Siretribiri,
2490 2670 2703 2741 inquit,
2737 2668 3203 2725 retribuentibus
3225 2668 3378 2723 mihi
3399 2668 3583 2733 mala,
3608 2667 3763 2723 deci-

377 2759 544 2827 κακὰ,
608 2755 927 2831 ἀποπέσοιμι
1012 2758 1112 2812 ὐπὸ
1197 2770 1297 2812 τῶν
1380 2760 1581 2835 ἐχθρῶν
1656 2779 1757 2831 μου
1824 2762 1986 2819 κενὸς.
2098 2762 2157 2816 dt

1978 2801 1986 2812 .
2098 2762 2235 2816 dam
2268 2762 2474 2832 u'ique
2505 2758 2579 2814 at)
2612 2760 2869 2813 inimicis
2895 2762 3033 2813 meis
3063 2760 3261 2813 inanis
3284 2758 3325 2809 ⁷.
3363 2754 3480 2810 Illic
3511 2754 3617 2810 zeli
3658 2754 3758 2811 de-

376 2844 579 2897 Ἐκεῖνο
630 2855 719 2898 τοῦ
775 2847 935 2908 ζήλου
1001 2846 1220 2912 ἔνδειξις
1294 2850 1321 2907 ἦ
1386 2849 1690 2922 εμπύρενμα
1739 2845 1799 2905 ἦν
1854 2850 1989 2898 κατὰ
2096 2868 2156 2906 m

1973 2852 1989 2898 ι
2096 2850 2453 2906 monstratio
2475 2854 2531 2905 et
2580 2848 2761 2904 ardor
2788 2854 2913 2904 erat
2961 2848 3251 2903 adversus
3285 2862 3387 2901 eos
3426 2845 3529 2917 qui
3562 2846 3753 2901 noxiis

372 2942 479 2985 τῶν
510 2940 806 3007 χαιρόντων
862 2945 979 2999 ταῖς
1032 2938 1392 2991 xci-1031:1656:
1441 2938 1682 3013 πραξεσι·
1725 2946 1877 2989 τοῦτο
1930 2934 1988 2989 δὲ
2094 2955 2152 2995 re

1969 2940 1988 2989 ὲ
2094 2940 2178 2995 rei
2211 2937 2465 3010 publieae
2520 2936 2753 2993 actibus
2804 2935 3214 2992 delectantur:
3250 2934 3346 2989 hic
3372 2938 3573 2989 autem
3607 2949 3749 3003 erga

367 3030 473 3074 τῶν
534 3023 707 3095 ἐκείνῳ
755 3032 1185 3099 προσπταιόντων
1246 3032 1615 3100 συγχωρησὶς·
1673 3031 1762 3077 καὶ
1824 3024 1985 3086 άλλως
2097 3028 2141 3082 εἱ

1966 3045 1985 3086 ς
2097 3028 2210 3083 sibi
2238 3026 2540 3099 supplices
2570 3024 2963 3094 indulgentia.
2994 3023 3171 3079 Aliter
3214 3038 3456 3094 quoque
3488 3020 3602 3077 hoc
3648 3037 3746 3076 ex-

368 3108 433 3163 δὲ
503 3112 682 3164 εἰπεῖν·
742 3112 800 3165 Ὀ
861 3117 952 3187 μὲν
1000 3119 1281 3191 κατάρχων
1340 3116 1564 3177 πολέμου
1612 3120 1703 3167 καὶ
1768 3111 1982 3176 ἀδικίας
2091 3116 2148 3190 pl

1962 3135 1982 3176 ς
2091 3116 2340 3190 planarc
2390 3116 2547 3171 licet.
2600 3114 2887 3171 Nimirum
2946 3112 3050 3185 qui
3106 3111 3244 3167 belli
3277 3116 3331 3165 et
3388 3110 3742 3182 injuriaruui

364 3204 463 3250 καὶ
530 3206 685 3272 νόμον
746 3203 1075 3275 παοαϐαίνει,
1116 3212 1207 3257 καὶ.
1275 3209 1366 3263 τὴν
1424 3208 1576 3277 φύσιν
1643 3204 1829 3257 ἀθετῶ
1864 3205 1890 3255 ὁ
1922 3200 1981 3256 δε
2019 3229 2063 3283 c
2094 3207 2144 3263 in

1961 3207 1981 3255 ὲ
2019 3229 2063 3283 ο
2094 3206 2326 3263 initium
2358 3204 2517 3276 facit,
2551 3204 2647 3259 illc
2675 3202 2868 3272 legem
2902 3200 3357 3271 transgreditur,
3385 3204 3740 3256 etnaturaiu

362 3290 508 3339 κατὰ
536 3297 628 3341 τοῦ
679 3310 917 3345 τοιοιτου
967 3293 1303 3366 ὁπλιζομενος
1362 3298 1451 3345 καὶ
1495 3298 1589 3351 τὴν
1640 3296 1793 3365 φύσιν
1838 3292 1977 3353 ἐλεεῖ,
2092 3296 2142 3352 al

1966 3332 1977 3353 ν
2092 3295 2292 3352 abolet
2325 3311 2337 3349 :
2370 3293 2474 3365 qui
2501 3297 2703 3347 autem
2761 3291 3054 3347 adversus
3105 3290 3266 3345 hunc
3319 3304 3491 3345 arma
3540 3288 3740 3352 sumit,

363 3380 462 3429 καὶ
518 3381 654 3430 κατὰ
712 3384 768 3433 τὸ
836 3378 1058 3434 δυνατὸν
1127 3383 1455 3455 ἐξομοιοῦται
1522 3391 1656 3453 Θεῷ,
1726 3382 1983 3444 Ἐξὲλεσθε
2092 3401 2143 3442 n;

1966 3399 1983 3434 ε
2092 3391 2324 3442 naturas
2357 3382 2468 3438 fert
2509 3397 2710 3453 opem,
2745 3386 2802 3436 et
2831 3397 2939 3453 pro
2980 3379 3208 3435 viribus
3249 3381 3367 3434 Deo
3398 3381 3746 3450 exaequatur

361 3470 586 3539 πτωχὸν
657 3474 747 3522 καὶ
803 3476 1019 3540 πένητα,
1088 3471 1308 3544 λέγοντι,
1373 3472 1428 3524 ἐκ
1493 3476 1676 3546 χειρὸς
1744 3471 1984 3547 ἁμαρτω·
2092 3474 2141 3531 di

1965 3500 1984 3509 -
2092 3473 2311 3531 dicenti
2346 3491 2357 3527 :
2404 3473 2624 3541 Eripite
2651 3486 2975 3542 pauperem
3035 3476 3087 3526 et
3127 3484 3413 3538 egenum;
3466 3466 3532 3523 de
3561 3482 3745 3522 manu

361 3555 461 3608 λοῦ
514 3558 751 3629 ῥύσασθε
809 3561 984 3616 αὐτόν.
1043 3566 1113 3615 Τὸ
1167 3558 1247 3630 δὲ,
1304 3566 1389 3620 Μὴ
1453 3566 1811 3634 μεριμνήσητε
1869 3582 1984 3637 τρο·
2092 3581 2141 3636 pi

1966 3594 1984 3603 -
2092 3564 2422 3636 peccatoris
2444 3563 2635 3617 eruite
2674 3562 2849 3616 illum
2883 3562 2923 3615 ⁸.
2960 3562 3087 3616 iam
3137 3558 3326 3614 illud:
3373 3558 3464 3614 Ne
3506 3556 3579 3612 de
3620 3572 3746 3611 esca

364 3654 471 3716 φῆς
535 3650 625 3697 καί
684 3644 994 3721 ἐνδύματος,
1057 3659 1164 3712 τοῖς
1232 3651 1542 3712 ἀποστόλοις
1615 3647 1979 3723 διατέτακται,
2094 3670 2144 3711 at

1968 3696 1979 3723 ,
2094 3661 2197 3711 aut
2224 3653 2296 3708 de
2318 3652 2661 3707 vestimento
2690 3651 2937 3705 solliciti
2957 3650 3085 3703 sitis
3108 3650 3150 3713 θ,
3178 3645 3467 3721 apo<tolis
3495 3644 3748 3700 manda-

362 3735 435 3793 ὡς
496 3733 558 3784 ἂν
613 3740 743 3807 μήτε
802 3739 853 3790 ἐν
914 3740 1116 3812 μεγαλῳ
1147 3745 1279 3812 μήτε
1339 3739 1386 3791 εν
1445 3749 1616 3812 μικρῷ
1690 3747 1983 3811 καταγινώ-
2096 3748 2142 3797 ιι

1969 3772 1983 3782 -
2096 3748 2218 3797 tum
2257 3741 2381 3811 fuit,
2414 3744 2477 3795 ut
2525 3755 2721 3812 neque
2752 3740 2810 3794 in
2845 3738 3128 3809 gravibus
3156 3752 3350 3809 neque
3378 3735 3437 3791 in
3486 3732 3749 3790 minimis

364 3841 638 3875 σκωντσι·
702 3826 816 3879 TI)»
873 3832 974 3902 γὰρ
1048 3834 1105 3882 τὸ
1176 3830 1306 3892 ἅλας
1356 3832 1627 3902 μωρανθῇ,
1700 3835 1879 3901 φησίν,
1938 3829 1985 3882 ἐν
2096 3848 2144 3887 ο(

1967 3852 1985 3880 ν
2096 3830 2665 3887 condemnarentur.
2700 3830 2855 3884 Nam
2886 3829 2937 3885 si
2992 3828 3105 3893 sal,
3139 3826 3352 3899 inquit,
3386 3826 3747 3894 infatuetur,

358 3916 471 3964 τίνι
536 3913 920 3985 ἀληθὴς-παπ
990 3916 1129 3977 Πλζν
1207 3917 1329 3971 οὐδὲ
1381 3925 1473 3977 τὴν
1534 3924 1720 3991 χρείαν
1782 3918 1985 3990 ἀπαγο-
2096 3923 2138 3976 i7

1970 3950 1985 3959 -
2096 3923 2157 3976 in
2184 3935 2298 3991 quo
2328 3919 2581 3974 satietur
2602 3919 2685 3973 -°?
2716 3920 3003 3974 Caeterum
3032 3916 3197 3971 haud
3228 3930 3403 3970 usum
3431 3918 3611 3977 vetat,
3645 3913 3748 3968 sed

365 4004 532 4074 ρεύει,
575 4002 703 4055 ἀλλὰ
755 4010 823 4059 τὰ
882 4013 1139 4082 περιτταο
1198 4008 1373 4061 πολλοί
1406 4006 1463 4061 δὲ
1519 4018 1616 4060 τῶν
1672 4009 1988 4082 παλαιΧρι-
2097 4028 2145 4066 5|

1967 4029 1988 4043 -
2097 4008 2589 4082 superﬂuitatem.
2648 4006 2804 4063 Multi
2858 4011 3058 4061 autem
3131 4004 3444 4059 Christiani
3498 4007 3747 4070 veteres,

363 4100 622 4163 στιανῶν,
645 4100 734 4147 καί
762 4106 863 4149 τῶν
924 4106 1147 4173 σήμερον
1208 4095 1266 4151 δε
1320 4100 1412 4152 οὐκ
1463 4098 1647 4170 ὀλίγοι,
1702 4105 1977 4171 γεγόνασιν
2092 4117 2143 4156 ηε

1969 4123 1977 4148 ν
2092 4116 2288 4172 neque
2318 4099 2497 4169 pauci
2526 4098 2703 4152 etiam
2737 4095 2936 4164 hodie,
2965 4093 3264 4149 celsorum
3296 4089 3649 4162 hujusmodi
3680 4106 3749 4145 ac

364 4186 462 4237 καί
515 4184 619 4239 εἰσί
663 4195 763 4239 τῶν
802 4186 1033 4259 ’ὑψηλῶν
1080 4194 1275 4242 τούτων
1324 4194 1414 4241 καί
1479 4189 1714 4261 μεγάλων
1765 4190 1973 4243 ἐντολῶν
2090 4207 2144 4246 m

1848 4190 1973 4243 ολὼν
2090 4205 2453 4260 magnorum
2484 4192 2919 4260 praeceptorum
2954 4184 3345 4239 observantes
3363 4183 3622 4237 fuerunt.

362 4276 609 4352 φύλακες.

441 4455 464 4491 ⁸
501 4454 659 4513 Psal.
691 4473 829 4524 Lvu,
870 4461 953 4512 10.
1031 4458 1051 4491 ⁷
1095 4456 1249 4513 Psal.
1291 4474 1393 4525 vn,
1422 4462 1473 4514 5.
1554 4458 1575 4494 '
1615 4457 1767 4515 Psal.
1800 4475 1985 4527 Lini,
2014 4459 2064 4513 4.
2144 4459 2165 4494 ⁸
2208 4460 2221 4513 1

1380 4501 1393 4525 ,
1422 4462 1473 4514 5.
1554 4458 1575 4494 '
1615 4457 1767 4515 Psal.
1800 4475 1985 4527 Lini,
2014 4459 2064 4513 4.
2144 4459 2165 4494 ⁸
2208 4460 2345 4513 l.uc.
2383 4459 2594 4524 xu,22.
2674 4454 2721 4489 ¹⁰
2763 4450 3154 4519 Μοίηι.ν,’13.
