4508 6436
812 383 911 438 123

2142 358 2424 433 ΝιοΕτῈ
2462 375 2830 433 CHONIATE

4064 386 4164 438 124

1981 726 2287 843 ΤΟΥ
2361 727 2975 842 ΝΙΚΗΤΑ

1089 967 1278 1016 ΤΑΞῙΣ
1321 968 1667 1016 ΓΙΝΟΜΕΝΗ
1712 968 1819 1015 ΕΠῙ
1859 968 2009 1014 ΤΟΙΣ
2049 967 2186 1014 ΑΠΟ
2226 964 2634 1015 ΣΑΡΑΚΗΝΩΝ
2676 968 3137 1015 ΕΠΙΣΤΡΕΦΟΥΣΙ
3182 970 3348 1016 ΠΡΟΣ
3385 971 3520 1017 ΤΗΝ
3563 971 3880 1020 ΚΑΘΑΡΑΝ

1681 1038 1792 1086 ΚΔΙ
1835 1038 2072 1086 ΑΛΗΘΗ
2114 1039 2335 1086 ΠΙΣἸΊΝ
2379 1039 2571 1086 ΗΜΩΝ
2605 1040 2736 1086 ΤΩΝ
2781 1040 3185 1087 ΧΡΙΣἹΊΑΝΩΝ
3214 1037 3312 1106 (1).

2235 1339 2744 1433 NICET/E

888 1553 1116 1617 ORDO
1191 1554 1338 1628 QUI
1410 1553 1986 1616 OBSERVATUR
2058 1553 2341 1615 SUPER
2412 1552 2527 1613 IIS
2601 1553 2744 1626 QUI
2813 1557 2858 1612 A
2934 1553 3417 1616 SARACENIS
3492 1557 3606 1617 AD
3678 1557 4088 1619 NOSTRAM

1130 1633 1852 1696 CHRISTIANORUM
1900 1633 2212 1696 PURAM
2257 1632 2740 1708 VERAMQUE
2789 1633 3052 1694 FIDEM
3103 1635 3202 1695 SE
3250 1635 3844 1700 CONVERTUNT.

1495 1819 1600 1888 (Ex
1633 1817 1934 1890 Sylburgii
1963 1818 2360 1886 Saracenicis,
2393 1817 2582 1873 in-t2.
2624 1817 2880 1874 Coloniae
2911 1819 3252 1891 Agrippinae
3293 1821 3476 1891 1595.)

879 2137 1144 2193 Primum
1173 2139 1222 2193 is
1251 2138 1356 2210 qui
1401 2137 1479 2194 ad
1524 2144 1746 2194 rectam
1806 2138 1988 2194 ﬁdem
2033 2137 2284 2207 accedit,
2307 2138 2462 2209 jeju-
2501 2141 2548 2192 A
2647 2145 2659 2190 1

2397 2153 2462 2192 u-
2501 2141 2548 2192 Α
2647 2143 3056 2213 Προηγουμένως
3106 2143 3196 2211 μὲν
3245 2139 3271 2190 ὁ
3301 2143 3533 2212 προσιὼν
3559 2147 3621 2212 τῇ
3655 2140 3781 2212 ὀρθῇ
3841 2145 4021 2194 πίστει
4075 2162 4169 2199 νη-

809 2231 915 2282 nat
940 2225 1018 2281 ad
1050 2225 1206 2282 duas
1242 2227 1634 2299 septimanas,
1667 2226 2037 2300 doceturque
2081 2226 2256 2282 nobis
2286 2243 2322 2282 a
2361 2229 2473 2281 Do-

807 2315 981 2370 mino
1013 2321 1222 2371 nostro
1274 2317 1413 2371 Jesu
1465 2316 1696 2371 Christo
1746 2317 1806 2371 in
1851 2316 2071 2372 divinis
2130 2316 2473 2387 sanctisque

810 2404 1140 2474 evangeliis
1170 2404 1450 2464 traditam
1499 2405 1927 2478 precationem,
1960 2412 2017 2460 et
2048 2421 2288 2461 sacrum
2332 2398 2471 2460 ﬁdei

805 2492 1406 2564 symbolum.Deinde
1433 2493 1718 2549 sacerdos
1745 2494 2179 2550 sacerdotalem
2208 2494 2322 2550 sibi
2353 2499 2470 2550 sto-

808 2583 932 2638 lam
982 2583 1470 2655 circumponens,
1502 2585 1562 2639 in
1600 2583 2044 2656 baptisterium,
2075 2584 2474 2657 praesentibus

814 2671 999 2727 etiam
1029 2671 1160 2727 aliis
1200 2672 1503 2738 ﬁdelibus,
1529 2678 1828 2744 quotquot
1883 2670 2102 2729 adesse
2157 2673 2472 2738 voluerint,

812 2761 1063 2817 arcessit
1105 2760 1317 2816 illum:
1388 2767 1444 2817 et
1499 2767 1636 2818 ante
1688 2767 1960 2818 sanctam
2002 2763 2298 2834 piscinam
2332 2779 2470 2818 eum

811 2854 1034 2906 retecto
1057 2850 1250 2922 capite
1286 2853 1575 2915 statuens,
1603 2850 1680 2905 ad
1712 2851 1913 2922 ipsum
1949 2851 2060 2906 ait:
2109 2853 2192 2907 Tu
2228 2851 2324 2907 ille
2366 2850 2470 2923 qui

813 2955 849 2994 a
876 2937 1192 2994 Saracenis
1214 2939 1393 2994 hodie
1417 2937 1494 2994 ad
1518 2939 1989 2995 Christianorum
2013 2940 2193 2994 tidem
2214 2939 2471 3003 accedis,

813 3043 939 3083 non
970 3027 1028 3083 vi
1059 3027 1263 3100 aliqua
1289 3028 1378 3083 vel
1432 3029 1809 3099 necessitate,
1843 3044 2040 3100 neque
2085 3029 2224 3084 dolo
2263 3034 2367 3084 aut
2392 3029 2469 3083 si-

817 3115 1169 3183 mulatione,
1193 3116 1298 3171 sed
1324 3121 1447 3171 toto
1478 3117 1708 3185 animo,
1737 3117 1916 3172 corde
1940 3134 2094 3189 puro
2124 3133 2194 3173 ac
2238 3117 2470 3180 sedulo,

813 3204 1109 3260 Christum
1161 3205 1499 3276 Christique
1549 3205 1733 3260 ﬁdem
1781 3210 2066 3261 amante:
2122 3206 2321 3281 [dic,]
2368 3210 2472 3262 Re-

809 3293 1024 3348 nuntio
1076 3293 1180 3349 toti
1243 3295 1680 3349 Saracenorum
1737 3294 2029 3363 religioni,
2081 3296 2472 3351 anathemati-

810 3398 1000 3454 zoque
1023 3382 1417 3448 Moamedem,
1441 3383 1541 3454 qui
1569 3389 1626 3438 et
1650 3384 1990 3439 Muchumet
2012 3384 2259 3451 dicitur;
2286 3401 2469 3457 quem

810 3471 1091 3526 Saraceni
1113 3475 1178 3526 ut
1200 3470 1302 3526 Dei
1322 3471 1664 3542 apostolum
1684 3478 1740 3526 et
1763 3473 2122 3544 prophetam
2146 3473 2466 3528 honorant.

809 3560 1034 3632 Illoque
1066 3560 1448 3626 assentiente,
1492 3561 1828 3632 eademque
1863 3561 2048 3617 verba
2087 3563 2342 3628 dicente,
2377 3563 2469 3619 vel

811 3666 918 3722 per
949 3665 1031 3717 se,
1062 3648 1155 3704 vel
1213 3665 1319 3720 per
1370 3651 1776 3720 interpretem,
1812 3651 1860 3704 si
1905 3652 2032 3722 ipse
2076 3653 2273 3707 Graece
2303 3652 2468 3724 loqui

807 3738 1055 3803 nesciat,
1086 3737 1181 3793 vel
1203 3754 1310 3810 per
1340 3744 1748 3809 susceptorem
1787 3756 1990 3807 suum,
2024 3740 2072 3794 si
2129 3745 2217 3796 est
2267 3756 2418 3811 puer
2451 3760 2463 3796 :

807 3843 1048 3883 rursum
1079 3826 1357 3883 sacerdos
1413 3827 1586 3882 infert
1629 3828 1978 3898 sequentia:
2031 3829 2369 3900 iterumque
2400 3830 2467 3885 fit

807 3915 1124 3988 responsio
1152 3915 1225 3970 ad
1261 3915 1522 3971 eundem
1571 3916 1848 3971 modum.
1906 3920 2171 3989 Totoque
2223 3919 2466 3974 anathe-

809 4005 1093 4060 matismo
1115 4004 1435 4076 completo,
1465 4004 1762 4060 diaconus
1796 4005 1896 4069 ait,
1940 4007 1986 4059 A
2019 4008 2264 4061 Domino
2290 4013 2464 4075 peta-

806 4109 981 4149 mus:
1025 4101 1079 4148 et
1109 4092 1393 4166 populus,
1429 4095 1696 4161 Domine,
1746 4095 2046 4161 miserere,
2093 4100 2150 4149 et
2203 4112 2340 4166 quae
2374 4113 2464 4150 se-

807 4186 1053 4253 quntur,
1083 4185 1144 4238 Et
1174 4187 1311 4249 post
1338 4183 1550 4250 Amen,
1578 4199 1715 4237 eum
1771 4182 2013 4250 signans
2069 4183 2310 4240 dimittit
2342 4202 2354 4251 ;
2409 4190 2467 4241 et

807 4271 903 4327 die
934 4272 1288 4343 insequente
1313 4277 1746 4327 annumeratur
1767 4271 2236 4328 catechumenis.

879 4630 952 4699 (1)
980 4627 1314 4699 (Σειῐεοιιβείε
1345 4627 1459 4682 ista
1492 4628 1925 4699 Saracenorum
1951 4628 2027 4683 ad
2060 4628 2462 4684 Christianam

804 4697 990 4755 ﬁdem
1023 4697 1460 4767 accedentium,
1495 4713 1525 4751 e
1584 4715 1703 4752 ms.
1751 4697 2028 4754 Palatinae
2082 4699 2462 4754 bibliothecae

804 4770 959 4826 libro
992 4770 1136 4824 satis
1186 4775 1383 4841 vetere
1441 4769 1766 4840 desumpta
1814 4776 1934 4824 est:
1987 4771 2044 4825 in
2079 4787 2200 4841 quo
2259 4772 2460 4825 multae

806 4847 946 4896 sunt
966 4840 1743 4912 ejusmodiconstitutiones
1771 4842 1891 4894 sive
1915 4840 2343 4908 ordinationes,
2368 4859 2462 4896 su-

803 4910 1138 4993 periisqui
1167 4910 1244 4966 ab
1271 4911 1721 4993 h‘teresialiqua,
1746 4913 2104 4993 gen‘tilismo,
2127 4913 2462 4978 Judaismo,

804 4983 861 5040 et
892 4983 1206 5045 similibus,
1241 4984 1317 5038 ad
1359 4983 1751 5038 Christianam
1787 4983 2130 5051 religionem
2181 4998 2308 5038 sese
2357 4999 2462 5053 ag-

804 5061 1089 5126 gregant:
1142 5071 1330 5126 quam
1380 5063 1436 5108 et
1476 5054 1687 5108 Nicetae
1738 5055 2040 5110 Clioniataa
2090 5055 2461 5126 temporibus

805 5125 933 5182 sub
973 5125 1255 5183 Manuelis
1309 5126 1595 5180 Comneui
1646 5126 1900 5196 imperio
1957 5127 2017 5180 in
2076 5125 2224 5180 usu’
2256 5125 2458 5194 fuisse,

801 5199 959 5254 intra
988 5197 1320 5253 docebitur.

877 5272 953 5341 (2)
993 5273 1134 5325 Post
1161 5273 1340 5341 πίστιν
1389 5267 1880 5341 subaudiendum
1925 5267 2061 5341 λέγε,
2109 5268 2206 5341 vel
2267 5269 2460 5324 simile

801 5339 981 5413 quid;
1007 5340 1295 5396 sacerdos
1320 5339 1478 5394 enim
1501 5339 1596 5394 hic
1617 5339 1984 5411 baptizando
2001 5340 2186 5395 verba
2208 5340 2457 5395 solemni

799 5429 968 5471 more
995 5413 1184 5484 praeit.

871 5489 950 5554 (3)
973 5481 1037 5538 ln
1071 5481 1608 5538 Constitutionibus
1641 5481 1752 5554 illis
1775 5498 1910 5554 qum
1942 5484 1994 5538 S.
2040 5482 2459 5552 Apostolorum

801 5553 932 5613 esSe
965 5555 1375 5629 perhibentur,
1401 5570 1458 5624 p.
1491 5557 1608 5612 133.
1639 5553 1849 5629 similis
1878 5555 2134 5629 formula
2157 5561 2266 5608 est.
2302 5555 2460 5616 Εὗξα-

803 5632 913 5686 σθε,
969 5627 1030 5679 ὀἱ
1084 5630 1494 5698 κατηχούμενοι·
1565 5629 1654 5675 καὶ
1730 5627 1912 5685 πάντες
1974 5628 2022 5676 οἱ
2086 5631 2268 5677 πιστοί
2330 5630 2462 5677 κατὰ

800 5698 1036 5753 διάνοιαν
1075 5701 1201 5770 ὑπὲρ
1225 5697 1412 5750 αὐτων
1452 5698 1960 5769 προσευχέσθωσαν,
1991 5697 2236 5769 λέγοντες,
2283 5705 2457 5771 Κυριε,

2583 2231 2752 2280 στεύει
2806 2226 2888 2280 ἐπὶ
2964 2225 3262 2301 ἑϐδομάδας
3301 2225 3418 2298 δύο,
3474 2236 3563 2282 καὶ
3602 2225 3919 2282 διδάσκεται
3983 2235 4077 2288 τὴν
4125 2229 4174 2282 ἐν

2579 2324 2690 2379 τοῖς
2749 2318 2906 2379 θείοις
2981 2323 3070 2368 καὶ
3136 2317 3307 2389 ἁγίοις
3380 2318 3710 2388 Εὐαγγελίοις
3781 2316 4176 2392 παραδοθεῖσαν

2581 2409 2704 2479 ἡμῖν
2751 2409 2850 2458 ὑπό
2900 2415 2992 2458 τοῦ
3026 2412 3220 2479 Κυρίου
3278 2409 3423 2478 ἡμῶν
3455 2408 3631 2464 Ἰησοῦ
3664 2415 3898 2482 Χριστοῦ
3954 2428 4177 2483 προσευ·

2580 2500 2707 2567 χὴν,
2743 2500 2830 2546 καὶ
2883 2499 2942 2547 τό
3001 2498 3132 2568 ἱερὸν
3180 2503 3275 2556 τῆς
3319 2499 3543 2556 πίστεως
3594 2495 3869 2568 σύμϐολονο
3903 2494 4015 2550 εἶτα
4039 2517 4178 2571 περι-

2580 2587 2842 2656 τιθέμενος
2908 2589 3000 2641 τὴν
3071 2587 3332 2655 ἱερατικὴν
3402 2584 3588 2642 στολὴν
3655 2587 3679 2636 ό
3750 2587 3924 2656 ἱερεὺς,
3995 2588 4042 2637 ἑν
4108 2594 4180 2656 τῷ

2585 2672 2978 2746 βαπτιστηρίῳ,
3026 2677 3403 2745 συμπαρόντων
3456 2678 3545 2724 καὶ
3603 2673 3782 2748 ἑτέρων
3833 2683 4034 2726 πιστῶν
4064 2676 4179 2727 ὅσοι

2584 2761 2881 2834 βούλονται,
2936 2762 3301 2834 μετακαλεῖται
3344 2771 3556 2814 τοῦτον·
3592 2769 3681 2815 καὶ
3728 2765 3883 2814 ἱστῶν
3932 2767 4030 2835 πρὸ
4083 2771 4178 2824 τῆς

2583 2850 2731 2920 ἁγίας
2792 2851 3154 2923 κολυμϐήθρας
3216 2839 3626 2922 ἀπεριίίάλυπτον
3699 2854 3890 2922 ἔχοντα
3953 2857 4045 2910 τὴν
4100 2872 4180 2904 κε-

2583 2940 2765 3010 φαλὴν,
2799 2946 2929 3011 φησι
2970 2945 3098 3015 προς
3149 2941 3323 2992 αὐτόν’
3355 2940 3413 2991 Ὀ
3463 2937 3608 2992 δεῖνα
3655 2942 3680 2991 ὁ
3738 2939 3837 2992 ἀπὸ
3869 2939 4177 3014 Σαρακηνῶν

2584 3034 2808 3103 σήμερον
2864 3035 3285 3104 προσερχόμενος
3343 3038 3405 3101 τῇ
3465 3034 3642 3081 πίστει
3681 3038 3780 3080 τῶν
3846 3036 4177 3100 Χριστιανῶν

2580 3118 2673 3169 οὐκ
2702 3119 2757 3169 ἔκ
2788 3137 2920 3178 τινος
2953 3117 3074 3190 βίας
3106 3123 3134 3176 ἦ
3188 3120 3438 3187 ἀνάγκης,
3477 3115 3601 3170 οὐδὲ
3632 3117 3732 3170 ἀπὸ
3783 3116 3937 3170 δόλου
3992 3119 4020 3176 ἡ
4055 3120 4179 3169 υπο-

2805 3251 2818 3276 ,
2851 3205 2956 3258 ἀλλ’
3012 3205 3064 3269 ἐξ
3111 3207 3232 3267 ὅλης
3277 3207 3460 3278 ψυχῆς
3517 3213 3604 3258 καὶ
3669 3204 3891 3279 καρδίας
3946 3209 4180 3280 καθαρᾶς

2579 3300 2668 3346 καὶ
2721 3292 2935 3361 ἀδόλου,
2969 3298 3054 3346 τόν
3099 3298 3328 3367 Χριστὸν
3389 3294 3679 3365 ἀγαπώσης
3731 3301 3819 3347 καὶ
3868 3300 3963 3352 τὴν
4023 3294 4181 3346 αὑτοῦ

2579 3211 2798 3280 κρίσεως

2580 3390 2759 3436 πίστιν
2782 3387 2877 3451 (2).
2940 3384 3339 3455 Ἀποτοίσσομαι
3390 3387 3536 3455 πάσῃ
3587 3393 3648 3455 τῇ
3710 3393 3808 3436 τῶν
3869 3392 4178 3457 Σαρακηνὼν

2511 3487 2550 3540 Β
2583 3475 2855 3545 θρησκεία,
2897 3479 2986 3525 καὶ
3044 3472 3409 3544 ἀναθεματίζω
3463 3470 3696 3545 Μωάμεδ
3752 3477 3837 3525 τὸν
3899 3479 3987 3524 καὶ
4035 3480 4179 3526 Μου-

2578 3566 2799 3633 χούμετ,
2866 3561 2920 3613 ὃν
2999 3563 3047 3612 οἱ
3113 3566 3401 3635 Σαρακηνοὶ
3469 3571 3693 3632 τιμῶσιν
3751 3565 3815 3622 ὼς
3888 3561 4178 3614 ἀπόστολον

2579 3655 2704 3703 Θεοῦ
2786 3656 2874 3702 καὶ
2947 3656 3237 3722 προφήτην.
3316 3651 3565 3703 Κὰκείνον
3635 3653 4016 3722 συντιθεμένου,
4088 3655 4177 3701 καὶ

2578 3740 2813 3810 λέγοντος
2864 3743 2929 3792 τὰ
2985 3741 3118 3792 αὐτὰ
3161 3741 3374 3814 ῥήματα
3405 3742 3432 3798 ἦ
3497 3737 3569 3792 δι’
3611 3741 3795 3792 ἑαυτοῦ
3839 3742 3867 3798 ἦ
3905 3736 3977 3792 δι’
4025 3740 4182 3812 ἐρέω·

2579 3836 2719 3892 νέως,
2753 3830 2836 3881 ἐὰν
2864 3831 3019 3890 αὐτὸς
3076 3835 3146 3900 μὴ
3206 3830 3544 3903 Γραικίζῃ,ἦ
3607 3827 3700 3881 διὰ
3755 3837 3846 3881 τοῦ
3906 3826 4178 3900 ἀναδόχου

2579 3920 2757 3986 αὑτοῦ,
2808 3921 2850 3970 εἰ
2887 3916 3102 3970 παιδίον
3170 3918 3302 3986 ἐστὶ,
3366 3918 3520 3970 πάλιν
3567 3921 3591 3969 ὁ
3648 3922 3809 3993 ἱερεὺς
3861 3917 4086 3992 ἐπιφέρει
4116 3922 4180 3970 τὰ

2579 4007 2856 4059 ἀκόλουθα·
2887 4013 2974 4059 καὶ
3006 4004 3156 4068 αὖθις
3215 4013 3406 4077 γίνεται
3475 4011 3502 4064 ἡ
3567 4006 3848 4080 ἀπόκρισις
3904 4010 4037 4058 κατὰ
4091 4012 4178 4059 τόν

2577 4097 2732 4148 αὐτόν
2785 4103 2994 4167 τρόπον.
3053 4103 3150 4149 Καὶ
3209 4104 3300 4148 του
3360 4094 3785 4167 ἀναθεματισμοῡ
3829 4099 4017 4156 παντὸς
4052 4097 4179 4154 πλη-

2574 4190 2846 4257 ρουμένου,
2905 4190 3064 4256 φησὶν
3117 4187 3141 4235 ο
3189 4182 3447 4245 διάκονος,
3493 4191 3595 4236 TOU
3637 4189 3832 4257 Κυρίου
3893 4180 4180 4255 δεηθῶμεν’

2575 4280 2663 4324 καί
2722 4275 2746 4324 ο
2781 4273 2922 4333 λαὸς,
2978 4277 3155 4345 Κύριε,
3191 4273 3428 4331 ἐλέησον·
3492 4279 3580 4324 καί
3637 4277 3698 4324 τα
3758 4273 3890 4334 ἑξῆς.
3941 4276 4084 4325 Μετὰ
4123 4270 4182 4324 δὲ

2575 4368 2631 4412 τό
2701 4362 2867 4432 Ἀμὴν
2929 4363 3232 4433 σφραγίζων
3301 4361 3455 4412 αὐτὸν
3518 4360 3748 4413 αποΜειο
3810 4367 3898 4412 καί
3954 4370 4015 4432 τῇ
4061 4363 4180 4424 ἑξῆς

2575 4453 2744 4522 ἡμέρᾳ
2779 4453 3176 4522 συναριθμεῖται
3207 4459 3312 4509 τοῖς
3333 4456 3749 4522 κατηχουμὲνοις

2574 4626 2804 4683 ἐλέησον.
2838 4627 2899 4679 id
2929 4632 3038 4681 est.
3082 4627 3260 4681 Orate
3290 4627 3722 4690 catechumeni,
3757 4642 4074 4696 omnesque
4110 4629 4178 4693 ﬁ-

2571 4699 2728 4753 deles
2752 4699 2950 4752 animo
2981 4713 3053 4751 ac
3080 4703 3273 4753 mente
3301 4713 3407 4751 sua
3436 4713 3547 4765 pro
3579 4699 3657 4752 eis
3706 4704 4050 4765 precentur,
4084 4698 4169 4751 di-

2572 4776 2790 4837 centes,
2825 4771 3088 4834 Domine,
3116 4772 3410 4823 miserere.
3447 4771 3509 4822 Et
3550 4785 3812 4836 rursum,
3849 4771 3970 4833 134,
3994 4767 4052 4825 b.
4081 4770 4175 4819 F.5-

2504 4838 2544 4893 C
2574 4840 2749 4909 ξασθε,
2783 4843 2829 4890 οἱ
2874 4839 3250 4910 φωτίζομενοιε
3288 4839 3490 4898 ἐκτενῶς
3529 4841 3576 4890 οἱ
3607 4843 3787 4890 πιστοί
3819 4844 4003 4900 πάντες
4045 4841 4173 4904 ὑπὲρ

2573 4912 2740 4962 αὐτῶν
2796 4911 3235 4984 παρακαλέσωμεν
3271 4927 3283 4939 ⁸
3354 4913 3492 4971 ὅπως
3541 4913 3565 4960 ὁ
3626 4913 3813 4982 Κύριος
3867 4910 4169 4982 καταξιώσζῑ

2572 4984 2773 5042 αὐτοὺς,
2833 4982 3126 5053 μυηθέντας
3211 4982 3275 5041 είς
3327 5001 3410 5032 τον
3473 4982 3563 5033 τοῦ
3647 4989 3876 5052 Χριστοῦ
3932 4985 4171 5049 θάνατον,

2573 5052 2957 5112 συναναστῆναι
2987 5054 3147 5122 αὐτῷ,
3173 5060 3261 5104 καί
3311 5057 3566 5124 μετόχους
3595 5055 3836 5123 γενέσθαι
3874 5063 3966 5112 τῆς
4019 5052 4171 5123 βασι-

2569 5125 2709 5184 λείας
2766 5125 2963 5177 αὐτόν’
3016 5130 3104 5175 καί
3162 5129 3430 5182 κοινωνοὺς
3482 5133 3579 5175 τῶν
3641 5129 3946 5198 μυστηρίων
3989 5125 4167 5192 αὐτον,

2572 5197 2734 5267 ἐνωσῃ
2768 5203 2857 5247 καί
2904 5196 3258 5267 συγκατα).έξῃ
3312 5195 3497 5257 αὐτοὺς
3542 5198 3671 5266 μετὰ
3720 5195 3830 5247 τῶν
3865 5196 4170 5266 σωζομένων

2571 5269 2618 5320 ἐν
2654 5266 2720 5338 τῇ
2773 5268 2897 5338 ἁγία
2943 5268 3102 5318 αὐτον
3155 5266 3454 5338 Ἐκκλησία.
3515 5274 3684 5318 Σνῑισον
3739 5272 3828 5318 καί
3870 5266 4172 5324 ἀνάστησον

2571 5330 2759 5420 αὐτοὺς
2868 5330 3026 5420 τῇνσῇ
3063 5341 3270 5420 χαριτι.
3309 5339 3366 5419 Id
3401 5330 3508 5400 est,
3553 5339 3751 5420 Orate;
3780 5339 4171 5420 ilt‘uminantti

2570 5412 2657 5480 (h.
2701 5428 2753 5465 e.
2815 5410 3214 5481 baptizandi):
3267 5412 3440 5465 enixe
3469 5425 3663 5465 omnes
3710 5410 3914 5476 ﬁdeles
3942 5427 4053 5478 pro
4088 5412 4170 5465 eis

2569 5484 2957 5542 Obsecremus.
2992 5488 3055 5536 ut
3087 5483 3375 5535 Dominus
3401 5497 3494 5536 eos
3527 5484 3586 5536 in
3645 5481 3873 5535 Christi
3922 5489 4165 5537 mortem

2570 5556 2865 5617 initiatos,
2897 5571 3028 5608 eum
3075 5555 3272 5608 eodem
3293 5568 3612 5622 resurgere,
3650 5556 3939 5621 regnique
3979 5555 4166 5619 ipsius

2568 5628 2892 5695 participes
2909 5626 3354 5693 ﬁeridignetur;
3377 5632 3429 5680 et
3446 5628 3504 5678 in
3526 5642 3709 5678 comm
3720 5627 3993 5679 unionem
4014 5641 4165 5693 mys-

2569 5700 2852 5756 teriorum
2881 5699 3066 5766 ipsius
3096 5704 3378 5766 receptos,
3407 5699 3575 5752 uniat
3602 5702 3782 5768 atque
3810 5704 4164 5753 annumeret
