  <div class='ocr_page' id='page_1' title='image "/cluster/home/n/w/nwhite01/storage/ocr_20150623/140/nnc1.0046979905/073.png"; bbox 0 0 4508 6436; ppageno 0'>
   <div class='ocr_carea' id='block_1_1' title="bbox 832 368 2847 434">
    <p class='ocr_par' dir='ltr' id='par_1_1' title="bbox 832 368 2847 434">
     <span class='ocr_line' id='line_1_1' title="bbox 832 368 2847 434; baseline -0.001 -5"><span class='ocrx_word' id='word_1_1' title='bbox 832 374 931 429; x_wconf 77' lang='lat'><strong>127</strong></span> <span class='ocrx_word' id='word_1_2' title='bbox 2162 373 2429 434; x_wconf 70' lang='lat' dir='ltr'><strong>NICETE</strong></span> <span class='ocrx_word' id='word_1_3' title='bbox 2466 368 2847 430; x_wconf 70' lang='grc' dir='ltr'><strong>ΩΗΟΝΙΑΤΛΕ</strong></span> 
     </span>
    </p>
   </div>
   <div class='ocr_carea' id='block_1_2' title="bbox 4019 366 4186 440">
    <p class='ocr_par' dir='ltr' id='par_1_2' title="bbox 4019 366 4186 440">
     <span class='ocr_line' id='line_1_2' title="bbox 4019 366 4186 440; baseline 0.012 -2"><span class='ocrx_word' id='word_1_4' title='bbox 4019 366 4026 380; x_wconf 86' lang='grc'><strong>’</strong></span> <span class='ocrx_word' id='word_1_5' title='bbox 4083 380 4186 440; x_wconf 72' lang='grc' dir='ltr'><strong>ηε</strong></span> 
     </span>
    </p>
   </div>
   <div class='ocr_carea' id='block_1_3' title="bbox 827 482 2607 572">
    <p class='ocr_par' dir='ltr' id='par_1_3' title="bbox 827 482 2607 569">
     <span class='ocr_line' id='line_1_3' title="bbox 827 482 2607 569; baseline -0.002 -16"><span class='ocrx_word' id='word_1_6' title='bbox 827 495 969 553; x_wconf 89' lang='lat' dir='ltr'><strong>dolo</strong></span> <span class='ocrx_word' id='word_1_7' title='bbox 1002 497 1108 553; x_wconf 87' lang='lat' dir='ltr'><strong>aut</strong></span> <span class='ocrx_word' id='word_1_8' title='bbox 1167 482 1565 567; x_wconf 76' lang='lat' dir='ltr'><strong>simulatione,</strong></span> <span class='ocrx_word' id='word_1_9' title='bbox 1592 496 1696 553; x_wconf 92' lang='lat' dir='ltr'><strong>sed</strong></span> <span class='ocrx_word' id='word_1_10' title='bbox 1718 499 1839 554; x_wconf 93' lang='lat' dir='ltr'><strong>toto</strong></span> <span class='ocrx_word' id='word_1_11' title='bbox 1862 497 2087 565; x_wconf 89' lang='lat' dir='ltr'><strong>animo,</strong></span> <span class='ocrx_word' id='word_1_12' title='bbox 2118 497 2298 554; x_wconf 89' lang='lat' dir='ltr'><strong>corde</strong></span> <span class='ocrx_word' id='word_1_13' title='bbox 2326 512 2480 569; x_wconf 88' lang='lat' dir='ltr'><strong>puro</strong></span> <span class='ocrx_word' id='word_1_14' title='bbox 2514 496 2562 551; x_wconf 78' lang='grc' dir='ltr'>Λ</span> <span class='ocrx_word' id='word_1_15' title='bbox 2593 494 2607 545; x_wconf 79' lang='lat' dir='ltr'><strong>i</strong></span> 
     </span>
    </p>
   </div>
   <div class='ocr_carea' id='block_1_4' title="bbox 2404 482 4184 572">
    <p class='ocr_par' dir='ltr' id='par_1_4' title="bbox 2404 486 4184 572">
     <span class='ocr_line' id='line_1_4' title="bbox 2404 486 4184 572; baseline 0.006 -28"><span class='ocrx_word' id='word_1_16' title='bbox 2404 512 2480 552; x_wconf 57' lang='lat' dir='ltr'><strong>iro</strong></span> <span class='ocrx_word' id='word_1_17' title='bbox 2514 496 2562 551; x_wconf 74' lang='grc' dir='ltr'><strong>Α</strong></span> <span class='ocrx_word' id='word_1_18' title='bbox 2593 494 2623 553; x_wconf 77' lang='grc' dir='ltr'><strong><em>ἦ</em></strong></span> <span class='ocrx_word' id='word_1_19' title='bbox 2658 493 2907 567; x_wconf 76' lang='grc' dir='ltr'><strong>ἀνάγκης,</strong></span> <span class='ocrx_word' id='word_1_20' title='bbox 2970 486 3094 552; x_wconf 52' lang='lat' dir='ltr'><strong>add?</strong></span> <span class='ocrx_word' id='word_1_21' title='bbox 3142 496 3241 550; x_wconf 75' lang='grc' dir='ltr'><strong>ἀπὸ</strong></span> <span class='ocrx_word' id='word_1_22' title='bbox 3292 494 3446 552; x_wconf 84' lang='grc' dir='ltr'>δόλου</span> <span class='ocrx_word' id='word_1_23' title='bbox 3503 499 3532 558; x_wconf 79' lang='grc' dir='ltr'><strong>ἣ</strong></span> <span class='ocrx_word' id='word_1_24' title='bbox 3590 498 3938 572; x_wconf 77' lang='grc' dir='ltr'>ὗποκμίσιως,</span> <span class='ocrx_word' id='word_1_25' title='bbox 3979 500 4087 554; x_wconf 77' lang='grc' dir='ltr'>ἀλλ’</span> <span class='ocrx_word' id='word_1_26' title='bbox 4131 501 4184 566; x_wconf 73' lang='grc' dir='ltr'><strong><em>ἕξ</em></strong></span> 
     </span>
    </p>
   </div>
   <div class='ocr_carea' id='block_1_5' title="bbox 828 584 2482 658">
    <p class='ocr_par' dir='ltr' id='par_1_5' title="bbox 828 584 2482 658">
     <span class='ocr_line' id='line_1_5' title="bbox 828 584 2482 658; baseline -0.001 -16"><span class='ocrx_word' id='word_1_27' title='bbox 828 600 900 642; x_wconf 88' lang='lat' dir='ltr'><strong>ac</strong></span> <span class='ocrx_word' id='word_1_28' title='bbox 930 584 1162 651; x_wconf 92' lang='lat' dir='ltr'><strong>sedulo,</strong></span> <span class='ocrx_word' id='word_1_29' title='bbox 1192 585 1491 641; x_wconf 85' lang='lat' dir='ltr'><strong>Christum</strong></span> <span class='ocrx_word' id='word_1_30' title='bbox 1516 586 1846 658; x_wconf 81' lang='lat' dir='ltr'><strong>Christique</strong></span> <span class='ocrx_word' id='word_1_31' title='bbox 1872 586 2056 643; x_wconf 79' lang='lat' dir='ltr'><strong>fidem</strong></span> <span class='ocrx_word' id='word_1_32' title='bbox 2076 590 2316 643; x_wconf 85' lang='lat' dir='ltr'><strong>amante</strong></span> <span class='ocrx_word' id='word_1_33' title='bbox 2340 603 2352 641; x_wconf 92' lang='lat'><strong>:</strong></span> <span class='ocrx_word' id='word_1_34' title='bbox 2385 600 2482 641; x_wconf 89' lang='lat' dir='ltr'><strong>re-</strong></span> 
     </span>
    </p>
   </div>
   <div class='ocr_carea' id='block_1_6' title="bbox 828 674 2477 745">
    <p class='ocr_par' dir='ltr' id='par_1_6' title="bbox 828 674 2477 745">
     <span class='ocr_line' id='line_1_6' title="bbox 828 674 2477 745; baseline 0 -15"><span class='ocrx_word' id='word_1_35' title='bbox 828 675 1042 731; x_wconf 86' lang='lat' dir='ltr'><strong>nuntio</strong></span> <span class='ocrx_word' id='word_1_36' title='bbox 1075 675 1176 730; x_wconf 91' lang='lat' dir='ltr'><strong>toti</strong></span> <span class='ocrx_word' id='word_1_37' title='bbox 1202 677 1637 731; x_wconf 88' lang='lat' dir='ltr'><strong>Saracenorum</strong></span> <span class='ocrx_word' id='word_1_38' title='bbox 1677 674 1969 745; x_wconf 83' lang='lat' dir='ltr'><strong>religioni,</strong></span> <span class='ocrx_word' id='word_1_39' title='bbox 2014 675 2477 732; x_wconf 87' lang='lat' dir='ltr'><strong>anathematizo-</strong></span> 
     </span>
    </p>
   </div>
   <div class='ocr_carea' id='block_1_7' title="bbox 828 762 2479 835">
    <p class='ocr_par' dir='ltr' id='par_1_7' title="bbox 828 762 2479 835">
     <span class='ocr_line' id='line_1_7' title="bbox 828 762 2479 835; baseline -0.001 -16"><span class='ocrx_word' id='word_1_40' title='bbox 828 778 946 834; x_wconf 89' lang='lat' dir='ltr'><strong>que</strong></span> <span class='ocrx_word' id='word_1_41' title='bbox 972 762 1367 830; x_wconf 83' lang='lat' dir='ltr'><strong>Moamedem,</strong></span> <span class='ocrx_word' id='word_1_42' title='bbox 1397 763 1499 835; x_wconf 85' lang='lat' dir='ltr'><strong>qui</strong></span> <span class='ocrx_word' id='word_1_43' title='bbox 1529 768 1586 819; x_wconf 89' lang='lat' dir='ltr'><strong>et</strong></span> <span class='ocrx_word' id='word_1_44' title='bbox 1632 764 1971 821; x_wconf 84' lang='lat' dir='ltr'><strong>Muchumet</strong></span> <span class='ocrx_word' id='word_1_45' title='bbox 1996 763 2211 820; x_wconf 91' lang='lat' dir='ltr'><strong>dicitur</strong></span> <span class='ocrx_word' id='word_1_46' title='bbox 2240 780 2252 829; x_wconf 89' lang='lat'><strong>;</strong></span> <span class='ocrx_word' id='word_1_47' title='bbox 2293 779 2479 835; x_wconf 87' lang='lat' dir='ltr'><strong>quem</strong></span> 
     </span>
    </p>
   </div>
   <div class='ocr_carea' id='block_1_8' title="bbox 831 850 2480 925">
    <p class='ocr_par' dir='ltr' id='par_1_8' title="bbox 831 850 2480 925">
     <span class='ocr_line' id='line_1_8' title="bbox 831 850 2480 925; baseline 0 -18"><span class='ocrx_word' id='word_1_48' title='bbox 831 852 1110 907; x_wconf 77' lang='lat' dir='ltr'><strong>Saraceni</strong></span> <span class='ocrx_word' id='word_1_49' title='bbox 1139 854 1202 906; x_wconf 91' lang='lat' dir='ltr'><strong>ut</strong></span> <span class='ocrx_word' id='word_1_50' title='bbox 1233 850 1331 907; x_wconf 90' lang='lat' dir='ltr'><strong>Dei</strong></span> <span class='ocrx_word' id='word_1_51' title='bbox 1384 851 1730 924; x_wconf 81' lang='lat' dir='ltr'><strong>apostolum</strong></span> <span class='ocrx_word' id='word_1_52' title='bbox 1777 856 1834 908; x_wconf 87' lang='lat' dir='ltr'><strong>et</strong></span> <span class='ocrx_word' id='word_1_53' title='bbox 1884 852 2241 925; x_wconf 81' lang='lat' dir='ltr'><strong>prophetam</strong></span> <span class='ocrx_word' id='word_1_54' title='bbox 2291 860 2480 907; x_wconf 83' lang='lat' dir='ltr'><strong>nono-</strong></span> 
     </span>
    </p>
   </div>
   <div class='ocr_carea' id='block_1_9' title="bbox 826 940 2481 1011">
    <p class='ocr_par' dir='ltr' id='par_1_9' title="bbox 826 940 2481 1011">
     <span class='ocr_line' id='line_1_9' title="bbox 826 940 2481 1011; baseline 0.001 -16"><span class='ocrx_word' id='word_1_55' title='bbox 826 945 981 996; x_wconf 91' lang='lat' dir='ltr'><strong>rant.</strong></span> <span class='ocrx_word' id='word_1_56' title='bbox 1013 940 1463 997; x_wconf 79' lang='lat' dir='ltr'><strong>Anathematizo</strong></span> <span class='ocrx_word' id='word_1_57' title='bbox 1494 940 1668 1006; x_wconf 84' lang='lat' dir='ltr'><strong>Alim,</strong></span> <span class='ocrx_word' id='word_1_58' title='bbox 1701 941 2023 998; x_wconf 83' lang='lat' dir='ltr'><strong>Moamedis</strong></span> <span class='ocrx_word' id='word_1_59' title='bbox 2047 956 2376 1011; x_wconf 77' lang='lat' dir='ltr'><strong>generum:</strong></span> <span class='ocrx_word' id='word_1_60' title='bbox 2423 943 2481 997; x_wconf 86' lang='lat' dir='ltr'><strong>et</strong></span> 
     </span>
    </p>
   </div>
   <div class='ocr_carea' id='block_1_10' title="bbox 829 1028 2479 1103">
    <p class='ocr_par' dir='ltr' id='par_1_10' title="bbox 829 1028 2479 1103">
     <span class='ocr_line' id='line_1_10' title="bbox 829 1028 2479 1103; baseline -0.001 -17"><span class='ocrx_word' id='word_1_61' title='bbox 829 1028 1145 1086; x_wconf 87' lang='lat' dir='ltr'><strong>Cbasanen</strong></span> <span class='ocrx_word' id='word_1_62' title='bbox 1177 1029 1631 1102; x_wconf 87' lang='lat' dir='ltr'><strong>Chusenenque,</strong></span> <span class='ocrx_word' id='word_1_63' title='bbox 1660 1029 1818 1086; x_wconf 87' lang='lat' dir='ltr'>ﬁlios</span> <span class='ocrx_word' id='word_1_64' title='bbox 1859 1032 2021 1102; x_wconf 87' lang='lat' dir='ltr'><strong>ejus;</strong></span> <span class='ocrx_word' id='word_1_65' title='bbox 2056 1030 2204 1100; x_wconf 81' lang='lat' dir='ltr'><strong>item</strong></span> <span class='ocrx_word' id='word_1_66' title='bbox 2260 1029 2479 1103; x_wconf 83' lang='lat' dir='ltr'><strong>Apupi-</strong></span> 
     </span>
    </p>
   </div>
   <div class='ocr_carea' id='block_1_11' title="bbox 826 1117 2480 1189">
    <p class='ocr_par' dir='ltr' id='par_1_11' title="bbox 826 1117 2480 1189">
     <span class='ocr_line' id='line_1_11' title="bbox 826 1117 2480 1189; baseline 0.001 -16"><span class='ocrx_word' id='word_1_67' title='bbox 826 1117 953 1187; x_wconf 86' lang='lat' dir='ltr'><strong>ker,</strong></span> <span class='ocrx_word' id='word_1_68' title='bbox 976 1119 1081 1189; x_wconf 94' lang='lat' dir='ltr'><strong>qui</strong></span> <span class='ocrx_word' id='word_1_69' title='bbox 1106 1122 1163 1174; x_wconf 92' lang='lat' dir='ltr'><strong>et</strong></span> <span class='ocrx_word' id='word_1_70' title='bbox 1188 1118 1445 1174; x_wconf 87' lang='lat' dir='ltr'><strong>Cubikcr</strong></span> <span class='ocrx_word' id='word_1_71' title='bbox 1465 1118 1716 1175; x_wconf 90' lang='lat' dir='ltr'><strong>dicitur:</strong></span> <span class='ocrx_word' id='word_1_72' title='bbox 1745 1124 1799 1176; x_wconf 89' lang='lat' dir='ltr'><strong>et</strong></span> <span class='ocrx_word' id='word_1_73' title='bbox 1828 1122 2027 1188; x_wconf 91' lang='lat' dir='ltr'><strong>Umar,</strong></span> <span class='ocrx_word' id='word_1_74' title='bbox 2055 1123 2112 1176; x_wconf 91' lang='lat' dir='ltr'><strong>et</strong></span> <span class='ocrx_word' id='word_1_75' title='bbox 2135 1118 2399 1185; x_wconf 82' lang='lat' dir='ltr'><strong>Talchar,</strong></span> <span class='ocrx_word' id='word_1_76' title='bbox 2424 1121 2480 1174; x_wconf 91' lang='lat' dir='ltr'><strong>et</strong></span> 
     </span>
    </p>
   </div>
   <div class='ocr_carea' id='block_1_12' title="bbox 829 1210 2481 1282">
    <p class='ocr_par' dir='ltr' id='par_1_12' title="bbox 829 1210 2481 1282">
     <span class='ocr_line' id='line_1_12' title="bbox 829 1210 2481 1282; baseline 0.001 -18"><span class='ocrx_word' id='word_1_77' title='bbox 829 1212 1187 1281; x_wconf 81' lang='lat' dir='ltr'><strong>Apupacren</strong></span> <span class='ocrx_word' id='word_1_78' title='bbox 1216 1210 1533 1266; x_wconf 90' lang='lat' dir='ltr'><strong>Paducen:</strong></span> <span class='ocrx_word' id='word_1_79' title='bbox 1567 1210 1707 1266; x_wconf 89' lang='lat' dir='ltr'><strong>item</strong></span> <span class='ocrx_word' id='word_1_80' title='bbox 1766 1210 1984 1279; x_wconf 71' lang='lat' dir='ltr'><strong>Mtevie,</strong></span> <span class='ocrx_word' id='word_1_81' title='bbox 2043 1214 2100 1266; x_wconf 89' lang='lat' dir='ltr'><strong>et</strong></span> <span class='ocrx_word' id='word_1_82' title='bbox 2150 1213 2393 1282; x_wconf 91' lang='lat' dir='ltr'><strong>Zupeer,</strong></span> <span class='ocrx_word' id='word_1_83' title='bbox 2424 1213 2481 1265; x_wconf 87' lang='lat' dir='ltr'><strong>et</strong></span> 
     </span>
    </p>
   </div>
   <div class='ocr_carea' id='block_1_13' title="bbox 826 1298 2480 1367">
    <p class='ocr_par' dir='ltr' id='par_1_13' title="bbox 826 1298 2480 1367">
     <span class='ocr_line' id='line_1_13' title="bbox 826 1298 2480 1367; baseline -0.001 -12"><span class='ocrx_word' id='word_1_84' title='bbox 826 1298 1098 1364; x_wconf 80' lang='lat' dir='ltr'><strong>Adellan,</strong></span> <span class='ocrx_word' id='word_1_85' title='bbox 1132 1303 1189 1354; x_wconf 90' lang='lat' dir='ltr'><strong>et</strong></span> <span class='ocrx_word' id='word_1_86' title='bbox 1213 1299 1330 1355; x_wconf 87' lang='lat' dir='ltr'><strong>Zeit</strong></span> <span class='ocrx_word' id='word_1_87' title='bbox 1357 1303 1413 1355; x_wconf 89' lang='lat' dir='ltr'><strong>et</strong></span> <span class='ocrx_word' id='word_1_88' title='bbox 1441 1299 1557 1367; x_wconf 91' lang='lat' dir='ltr'><strong>lzit,</strong></span> <span class='ocrx_word' id='word_1_89' title='bbox 1586 1304 1643 1356; x_wconf 91' lang='lat' dir='ltr'><strong>et</strong></span> <span class='ocrx_word' id='word_1_90' title='bbox 1671 1300 1887 1356; x_wconf 91' lang='lat' dir='ltr'><strong>Saitem</strong></span> <span class='ocrx_word' id='word_1_91' title='bbox 1915 1305 1972 1356; x_wconf 90' lang='lat' dir='ltr'><strong>et</strong></span> <span class='ocrx_word' id='word_1_92' title='bbox 1999 1301 2275 1366; x_wconf 87' lang='lat' dir='ltr'><strong>Uthman,</strong></span> <span class='ocrx_word' id='word_1_93' title='bbox 2308 1304 2365 1355; x_wconf 90' lang='lat' dir='ltr'><strong>et</strong></span> <span class='ocrx_word' id='word_1_94' title='bbox 2393 1313 2480 1355; x_wconf 74' lang='lat' dir='ltr'><strong>reo</strong></span> 
     </span>
    </p>
   </div>
   <div class='ocr_carea' id='block_1_14' title="bbox 825 1388 2481 1461">
    <p class='ocr_par' dir='ltr' id='par_1_14' title="bbox 825 1388 2481 1461">
     <span class='ocr_line' id='line_1_14' title="bbox 825 1388 2481 1461; baseline -0.001 -17"><span class='ocrx_word' id='word_1_95' title='bbox 825 1388 1024 1460; x_wconf 88' lang='lat' dir='ltr'><strong>liquos</strong></span> <span class='ocrx_word' id='word_1_96' title='bbox 1055 1403 1268 1443; x_wconf 87' lang='lat' dir='ltr'><strong>omnes</strong></span> <span class='ocrx_word' id='word_1_97' title='bbox 1290 1392 1660 1459; x_wconf 84' lang='lat' dir='ltr'><strong>summystas</strong></span> <span class='ocrx_word' id='word_1_98' title='bbox 1691 1388 2116 1461; x_wconf 89' lang='lat' dir='ltr'><strong>adjutoresque</strong></span> <span class='ocrx_word' id='word_1_99' title='bbox 2145 1404 2216 1444; x_wconf 87' lang='lat' dir='ltr'><strong>ac</strong></span> <span class='ocrx_word' id='word_1_100' title='bbox 2247 1403 2481 1461; x_wconf 86' lang='lat' dir='ltr'><strong>succes-</strong></span> 
     </span>
    </p>
   </div>
   <div class='ocr_carea' id='block_1_15' title="bbox 829 1475 2482 1539">
    <p class='ocr_par' dir='ltr' id='par_1_15' title="bbox 829 1475 2482 1539">
     <span class='ocr_line' id='line_1_15' title="bbox 829 1475 2482 1539; baseline 0 -8"><span class='ocrx_word' id='word_1_101' title='bbox 829 1492 996 1532; x_wconf 90' lang='lat' dir='ltr'><strong>sores</strong></span> <span class='ocrx_word' id='word_1_102' title='bbox 1028 1475 1373 1533; x_wconf 86' lang='lat' dir='ltr'><strong>Moamedis.</strong></span> <span class='ocrx_word' id='word_1_103' title='bbox 1402 1478 1851 1533; x_wconf 82' lang='lat' dir='ltr'><strong>Anathematizo</strong></span> <span class='ocrx_word' id='word_1_104' title='bbox 1880 1478 2103 1534; x_wconf 90' lang='lat' dir='ltr'><strong>Zadoze</strong></span> <span class='ocrx_word' id='word_1_105' title='bbox 2134 1482 2191 1533; x_wconf 90' lang='lat' dir='ltr'><strong>et</strong></span> <span class='ocrx_word' id='word_1_106' title='bbox 2244 1477 2395 1539; x_wconf 80' lang='lat' dir='ltr'><strong>Aise,</strong></span> <span class='ocrx_word' id='word_1_107' title='bbox 2424 1480 2482 1532; x_wconf 87' lang='lat' dir='ltr'><strong>et</strong></span> 
     </span>
    </p>
   </div>
   <div class='ocr_carea' id='block_1_16' title="bbox 828 1566 2483 1640">
    <p class='ocr_par' dir='ltr' id='par_1_16' title="bbox 828 1566 2483 1640">
     <span class='ocr_line' id='line_1_16' title="bbox 828 1566 2483 1640; baseline 0 -18"><span class='ocrx_word' id='word_1_108' title='bbox 828 1566 1142 1639; x_wconf 90' lang='lat' dir='ltr'><strong>Zetheinep</strong></span> <span class='ocrx_word' id='word_1_109' title='bbox 1173 1572 1230 1622; x_wconf 88' lang='lat' dir='ltr'><strong>et</strong></span> <span class='ocrx_word' id='word_1_110' title='bbox 1261 1566 1643 1634; x_wconf 89' lang='lat' dir='ltr'><strong>Omkelthim,</strong></span> <span class='ocrx_word' id='word_1_111' title='bbox 1674 1568 1901 1640; x_wconf 90' lang='lat' dir='ltr'><strong>primas</strong></span> <span class='ocrx_word' id='word_1_112' title='bbox 1932 1567 2277 1640; x_wconf 71' lang='lat' dir='ltr'><strong>caaterisque</strong></span> <span class='ocrx_word' id='word_1_113' title='bbox 2306 1566 2483 1623; x_wconf 92' lang='lat' dir='ltr'><strong>scele-</strong></span> 
     </span>
    </p>
   </div>
   <div class='ocr_carea' id='block_1_17' title="bbox 827 1655 2477 1726">
    <p class='ocr_par' dir='ltr' id='par_1_17' title="bbox 827 1655 2477 1726">
     <span class='ocr_line' id='line_1_17' title="bbox 827 1655 2477 1726; baseline 0.001 -16"><span class='ocrx_word' id='word_1_114' title='bbox 827 1656 1036 1711; x_wconf 90' lang='lat' dir='ltr'><strong>stiores</strong></span> <span class='ocrx_word' id='word_1_115' title='bbox 1065 1655 1388 1712; x_wconf 84' lang='lat' dir='ltr'><strong>Moamedis</strong></span> <span class='ocrx_word' id='word_1_116' title='bbox 1424 1671 1661 1721; x_wconf 78' lang='lat' dir='ltr'><strong>uxores,</strong></span> <span class='ocrx_word' id='word_1_117' title='bbox 1690 1660 1746 1713; x_wconf 93' lang='lat' dir='ltr'><strong>et</strong></span> <span class='ocrx_word' id='word_1_118' title='bbox 1776 1656 2073 1713; x_wconf 86' lang='lat' dir='ltr'><strong>Phatman</strong></span> <span class='ocrx_word' id='word_1_119' title='bbox 2102 1655 2288 1712; x_wconf 87' lang='lat' dir='ltr'><strong>ﬁliam</strong></span> <span class='ocrx_word' id='word_1_120' title='bbox 2321 1655 2477 1726; x_wconf 89' lang='lat' dir='ltr'><strong>ejus.</strong></span> 
     </span>
    </p>
   </div>
   <div class='ocr_carea' id='block_1_18' title="bbox 828 1743 2482 1816">
    <p class='ocr_par' dir='ltr' id='par_1_18' title="bbox 828 1743 2482 1816">
     <span class='ocr_line' id='line_1_18' title="bbox 828 1743 2482 1816; baseline 0.002 -19"><span class='ocrx_word' id='word_1_121' title='bbox 828 1743 1281 1799; x_wconf 77' lang='lat' dir='ltr'><strong>Anathematizo</strong></span> <span class='ocrx_word' id='word_1_122' title='bbox 1303 1760 1442 1800; x_wconf 92' lang='lat' dir='ltr'><strong>cum</strong></span> <span class='ocrx_word' id='word_1_123' title='bbox 1468 1744 1572 1816; x_wconf 89' lang='lat' dir='ltr'><strong>qui</strong></span> <span class='ocrx_word' id='word_1_124' title='bbox 1592 1747 1785 1801; x_wconf 86' lang='lat' dir='ltr'><strong>Curan</strong></span> <span class='ocrx_word' id='word_1_125' title='bbox 1812 1744 2048 1812; x_wconf 89' lang='lat' dir='ltr'><strong>dicitur;</strong></span> <span class='ocrx_word' id='word_1_126' title='bbox 2073 1760 2376 1800; x_wconf 84' lang='lat' dir='ltr'><strong>summam</strong></span> <span class='ocrx_word' id='word_1_127' title='bbox 2399 1743 2482 1800; x_wconf 32' lang='lat' dir='ltr'><strong>vis</strong></span> 
     </span>
    </p>
   </div>
   <div class='ocr_carea' id='block_1_19' title="bbox 2592 582 4182 662">
    <p class='ocr_par' dir='ltr' id='par_1_19' title="bbox 2592 582 4182 662">
     <span class='ocr_line' id='line_1_19' title="bbox 2592 582 4182 662; baseline 0.004 -26"><span class='ocrx_word' id='word_1_128' title='bbox 2592 582 2716 646; x_wconf 86' lang='grc' dir='ltr'>ὄλης</span> <span class='ocrx_word' id='word_1_129' title='bbox 2763 584 2973 657; x_wconf 67' lang='grc' dir='ltr'>ψυχῆς,</span> <span class='ocrx_word' id='word_1_130' title='bbox 3029 592 3117 639; x_wconf 82' lang='grc' dir='ltr'>καὶ</span> <span class='ocrx_word' id='word_1_131' title='bbox 3168 583 3390 662; x_wconf 76' lang='grc' dir='ltr'><strong>καρδίας</strong></span> <span class='ocrx_word' id='word_1_132' title='bbox 3438 588 3671 661; x_wconf 83' lang='grc' dir='ltr'>καθαρᾶς</span> <span class='ocrx_word' id='word_1_133' title='bbox 3725 592 3815 641; x_wconf 81' lang='grc' dir='ltr'>καὶ</span> <span class='ocrx_word' id='word_1_134' title='bbox 3839 586 4053 657; x_wconf 77' lang='grc' dir='ltr'>ἀδόλου,</span> <span class='ocrx_word' id='word_1_135' title='bbox 4094 595 4182 643; x_wconf 86' lang='grc' dir='ltr'>τὸν</span> 
     </span>
    </p>
   </div>
   <div class='ocr_carea' id='block_1_20' title="bbox 2591 673 4181 746">
    <p class='ocr_par' dir='ltr' id='par_1_20' title="bbox 2591 673 4181 746">
     <span class='ocr_line' id='line_1_20' title="bbox 2591 673 4181 746; baseline 0.003 -19"><span class='ocrx_word' id='word_1_136' title='bbox 2591 676 2824 745; x_wconf 83' lang='grc' dir='ltr'>Χριστὸν</span> <span class='ocrx_word' id='word_1_137' title='bbox 2855 673 3146 746; x_wconf 63' lang='grc' dir='ltr'>ἀγαπώσης</span> <span class='ocrx_word' id='word_1_138' title='bbox 3175 684 3264 727; x_wconf 84' lang='grc' dir='ltr'><strong>καί</strong></span> <span class='ocrx_word' id='word_1_139' title='bbox 3294 680 3388 734; x_wconf 75' lang='grc' dir='ltr'>τὴν</span> <span class='ocrx_word' id='word_1_140' title='bbox 3419 676 3576 728; x_wconf 76' lang='grc' dir='ltr'>αὑτοῦ</span> <span class='ocrx_word' id='word_1_141' title='bbox 3608 680 3785 729; x_wconf 86' lang='grc' dir='ltr'>πίστιν</span> <span class='ocrx_word' id='word_1_142' title='bbox 3811 698 3824 711; x_wconf 76' lang='grc' dir='ltr'><strong>ο</strong></span> <span class='ocrx_word' id='word_1_143' title='bbox 3878 676 4181 732; x_wconf 77' lang='grc' dir='ltr'>ἀποτάσσο-</span> 
     </span>
    </p>
   </div>
   <div class='ocr_carea' id='block_1_21' title="bbox 2590 764 4181 838">
    <p class='ocr_par' dir='ltr' id='par_1_21' title="bbox 2590 764 4181 838">
     <span class='ocr_line' id='line_1_21' title="bbox 2590 764 4181 838; baseline 0.005 -26"><span class='ocrx_word' id='word_1_144' title='bbox 2590 780 2687 832; x_wconf 81' lang='grc' dir='ltr'>μαι</span> <span class='ocrx_word' id='word_1_145' title='bbox 2736 764 2882 836; x_wconf 75' lang='grc' dir='ltr'>πάσῃ</span> <span class='ocrx_word' id='word_1_146' title='bbox 2933 771 2995 835; x_wconf 77' lang='grc' dir='ltr'>τῇ</span> <span class='ocrx_word' id='word_1_147' title='bbox 3047 772 3146 816; x_wconf 85' lang='grc' dir='ltr'>τῶν</span> <span class='ocrx_word' id='word_1_148' title='bbox 3195 772 3501 838; x_wconf 71' lang='grc' dir='ltr'>Σαρακηνῶν</span> <span class='ocrx_word' id='word_1_149' title='bbox 3557 766 3812 838; x_wconf 75' lang='grc' dir='ltr'>Θρησκιίᾳ</span> <span class='ocrx_word' id='word_1_150' title='bbox 3852 788 3864 800; x_wconf 90' lang='grc'><strong>·</strong></span> <span class='ocrx_word' id='word_1_151' title='bbox 3924 772 4013 821; x_wconf 82' lang='grc' dir='ltr'>καὶ</span> <span class='ocrx_word' id='word_1_152' title='bbox 4051 765 4181 820; x_wconf 76' lang='grc' dir='ltr'>ἄνα-</span> 
     </span>
    </p>
   </div>
   <div class='ocr_carea' id='block_1_22' title="bbox 2592 849 4183 930">
    <p class='ocr_par' dir='ltr' id='par_1_22' title="bbox 2592 849 4183 930">
     <span class='ocr_line' id='line_1_22' title="bbox 2592 849 4183 930; baseline 0.005 -30"><span class='ocrx_word' id='word_1_153' title='bbox 2592 850 2853 921; x_wconf 73' lang='grc' dir='ltr'><strong>θεματίζω</strong></span> <span class='ocrx_word' id='word_1_154' title='bbox 2882 849 3118 924; x_wconf 48' lang='lat' dir='ltr'><strong>Martiali</strong></span> <span class='ocrx_word' id='word_1_155' title='bbox 3146 857 3234 905; x_wconf 82' lang='grc' dir='ltr'>τὸν</span> <span class='ocrx_word' id='word_1_156' title='bbox 3272 856 3361 905; x_wconf 88' lang='grc' dir='ltr'>καὶ</span> <span class='ocrx_word' id='word_1_157' title='bbox 3411 856 3731 927; x_wconf 77' lang='grc' dir='ltr'>Μουχούμιτ</span> <span class='ocrx_word' id='word_1_158' title='bbox 3766 875 3778 887; x_wconf 93' lang='grc'><strong>·</strong></span> <span class='ocrx_word' id='word_1_159' title='bbox 3820 854 3875 906; x_wconf 85' lang='grc' dir='ltr'>ὃν</span> <span class='ocrx_word' id='word_1_160' title='bbox 3922 858 3971 908; x_wconf 87' lang='grc' dir='ltr'>οἱ</span> <span class='ocrx_word' id='word_1_161' title='bbox 4021 863 4183 930; x_wconf 85' lang='grc' dir='ltr'>Σαρα-</span> 
     </span>
    </p>
   </div>
   <div class='ocr_carea' id='block_1_23' title="bbox 2589 940 4172 1018">
    <p class='ocr_par' dir='ltr' id='par_1_23' title="bbox 2589 940 4172 1018">
     <span class='ocr_line' id='line_1_23' title="bbox 2589 940 4172 1018; baseline 0.006 -27"><span class='ocrx_word' id='word_1_162' title='bbox 2589 943 2738 997; x_wconf 70' lang='grc' dir='ltr'><strong>κηνοὶ</strong></span> <span class='ocrx_word' id='word_1_163' title='bbox 2802 948 3024 1014; x_wconf 82' lang='grc' dir='ltr'>τιμῶσιν</span> <span class='ocrx_word' id='word_1_164' title='bbox 3082 944 3149 1006; x_wconf 80' lang='grc' dir='ltr'>ὡς</span> <span class='ocrx_word' id='word_1_165' title='bbox 3207 940 3495 996; x_wconf 71' lang='grc' dir='ltr'><strong>ἀπόστολον</strong></span> <span class='ocrx_word' id='word_1_166' title='bbox 3545 950 3677 997; x_wconf 82' lang='grc' dir='ltr'>Θιοῦ</span> <span class='ocrx_word' id='word_1_167' title='bbox 3733 949 3823 996; x_wconf 80' lang='grc' dir='ltr'>καὶ</span> <span class='ocrx_word' id='word_1_168' title='bbox 3878 950 4172 1018; x_wconf 65' lang='grc' dir='ltr'>προφήτην.</span> 
     </span>
    </p>
   </div>
   <div class='ocr_carea' id='block_1_24' title="bbox 2590 1027 4184 1109">
    <p class='ocr_par' dir='ltr' id='par_1_24' title="bbox 2590 1027 4184 1109">
     <span class='ocr_line' id='line_1_24' title="bbox 2590 1027 4184 1109; baseline 0.006 -31"><span class='ocrx_word' id='word_1_169' title='bbox 2590 1027 2980 1101; x_wconf 78' lang='grc' dir='ltr'>Ἀναθιματίζω</span> <span class='ocrx_word' id='word_1_170' title='bbox 3032 1029 3208 1103; x_wconf 76' lang='grc' dir='ltr'><strong>Ἀλεὶμ</strong></span> <span class='ocrx_word' id='word_1_171' title='bbox 3258 1035 3344 1084; x_wconf 85' lang='grc' dir='ltr'>τὸν</span> <span class='ocrx_word' id='word_1_172' title='bbox 3396 1030 3479 1084; x_wconf 71' lang='grc' dir='ltr'><strong>επὶ</strong></span> <span class='ocrx_word' id='word_1_173' title='bbox 3541 1033 3763 1104; x_wconf 79' lang='grc' dir='ltr'>θυγατρὶ</span> <span class='ocrx_word' id='word_1_174' title='bbox 3805 1032 4039 1109; x_wconf 75' lang='grc' dir='ltr'>γαμϐρὸν</span> <span class='ocrx_word' id='word_1_175' title='bbox 4088 1041 4184 1087; x_wconf 81' lang='grc' dir='ltr'>τοῦ</span> 
     </span>
    </p>
   </div>
   <div class='ocr_carea' id='block_1_25' title="bbox 2589 1114 4185 1188">
    <p class='ocr_par' dir='ltr' id='par_1_25' title="bbox 2589 1114 4185 1188">
     <span class='ocr_line' id='line_1_25' title="bbox 2589 1114 4185 1188; baseline 0.004 -19"><span class='ocrx_word' id='word_1_176' title='bbox 2589 1114 2825 1188; x_wconf 61' lang='lat' dir='ltr'><strong>Maider</strong></span> <span class='ocrx_word' id='word_1_177' title='bbox 2884 1138 2896 1151; x_wconf 83' lang='lat'><strong>-</strong></span> <span class='ocrx_word' id='word_1_178' title='bbox 2950 1124 3038 1170; x_wconf 83' lang='grc' dir='ltr'>καὶ</span> <span class='ocrx_word' id='word_1_179' title='bbox 3095 1120 3346 1177; x_wconf 70' lang='grc' dir='ltr'>Χασοίνην</span> <span class='ocrx_word' id='word_1_180' title='bbox 3387 1123 3478 1171; x_wconf 82' lang='grc' dir='ltr'>καὶ</span> <span class='ocrx_word' id='word_1_181' title='bbox 3536 1124 3822 1186; x_wconf 78' lang='grc' dir='ltr'>Χουσένην,</span> <span class='ocrx_word' id='word_1_182' title='bbox 3871 1126 3995 1184; x_wconf 83' lang='grc' dir='ltr'>τοὺς</span> <span class='ocrx_word' id='word_1_183' title='bbox 4042 1124 4185 1183; x_wconf 79' lang='grc' dir='ltr'>υἱοὺς</span> 
     </span>
    </p>
   </div>
   <div class='ocr_carea' id='block_1_26' title="bbox 2590 1205 4184 1285">
    <p class='ocr_par' dir='ltr' id='par_1_26' title="bbox 2590 1205 4184 1285">
     <span class='ocr_line' id='line_1_26' title="bbox 2590 1205 4184 1285; baseline 0.004 -28"><span class='ocrx_word' id='word_1_184' title='bbox 2590 1205 2750 1258; x_wconf 72' lang='grc' dir='ltr'>αὐτοῦ</span> <span class='ocrx_word' id='word_1_185' title='bbox 2788 1227 2800 1240; x_wconf 81' lang='lat'><strong>-</strong></span> <span class='ocrx_word' id='word_1_186' title='bbox 2855 1211 2945 1259; x_wconf 83' lang='grc' dir='ltr'>καὶ</span> <span class='ocrx_word' id='word_1_187' title='bbox 3000 1207 3313 1282; x_wconf 80' lang='grc' dir='ltr'>’Δπουκίπιρ</span> <span class='ocrx_word' id='word_1_188' title='bbox 3346 1209 3423 1280; x_wconf 75' lang='grc'><strong>(4)</strong></span> <span class='ocrx_word' id='word_1_189' title='bbox 3464 1211 3552 1261; x_wconf 88' lang='grc' dir='ltr'>τὸν</span> <span class='ocrx_word' id='word_1_190' title='bbox 3603 1213 3694 1261; x_wconf 84' lang='grc' dir='ltr'>καὶ</span> <span class='ocrx_word' id='word_1_191' title='bbox 3747 1209 3998 1285; x_wconf 74' lang='grc' dir='ltr'>Κουϐίκιρ</span> <span class='ocrx_word' id='word_1_192' title='bbox 4032 1232 4044 1245; x_wconf 77' lang='grc' dir='ltr'><strong>ο</strong></span> <span class='ocrx_word' id='word_1_193' title='bbox 4091 1216 4184 1264; x_wconf 85' lang='grc' dir='ltr'>καὶ</span> 
     </span>
    </p>
   </div>
   <div class='ocr_carea' id='block_1_27' title="bbox 2591 1295 4187 1371">
    <p class='ocr_par' dir='ltr' id='par_1_27' title="bbox 2591 1295 4187 1371">
     <span class='ocr_line' id='line_1_27' title="bbox 2591 1295 4187 1371; baseline 0.004 -25"><span class='ocrx_word' id='word_1_194' title='bbox 2591 1298 2797 1368; x_wconf 72' lang='grc' dir='ltr'>Οὔμαρ,</span> <span class='ocrx_word' id='word_1_195' title='bbox 2846 1300 2936 1348; x_wconf 82' lang='grc' dir='ltr'>καὶ</span> <span class='ocrx_word' id='word_1_196' title='bbox 2973 1296 3216 1370; x_wconf 83' lang='grc' dir='ltr'>Τάλχαρ,</span> <span class='ocrx_word' id='word_1_197' title='bbox 3271 1303 3361 1350; x_wconf 81' lang='grc' dir='ltr'>καὶ</span> <span class='ocrx_word' id='word_1_198' title='bbox 3422 1296 3795 1371; x_wconf 77' lang='grc' dir='ltr'>Ἀπουπάκρην</span> <span class='ocrx_word' id='word_1_199' title='bbox 3836 1301 3924 1351; x_wconf 86' lang='grc' dir='ltr'>τὸν</span> <span class='ocrx_word' id='word_1_200' title='bbox 3978 1295 4187 1353; x_wconf 84' lang='grc' dir='ltr'>Παδού-</span> 
     </span>
    </p>
   </div>
   <div class='ocr_carea' id='block_1_28' title="bbox 2589 1383 4185 1459">
    <p class='ocr_par' dir='ltr' id='par_1_28' title="bbox 2589 1383 4185 1459">
     <span class='ocr_line' id='line_1_28' title="bbox 2589 1383 4185 1459; baseline 0.004 -25"><span class='ocrx_word' id='word_1_201' title='bbox 2589 1402 2685 1441; x_wconf 81' lang='grc' dir='ltr'>κην</span> <span class='ocrx_word' id='word_1_202' title='bbox 2715 1384 2791 1454; x_wconf 79' lang='grc' dir='ltr'><strong>(ὅ)</strong></span> <span class='ocrx_word' id='word_1_203' title='bbox 2827 1405 2839 1417; x_wconf 90' lang='grc'><strong>·</strong></span> <span class='ocrx_word' id='word_1_204' title='bbox 2874 1388 2964 1437; x_wconf 87' lang='grc' dir='ltr'><strong>καί</strong></span> <span class='ocrx_word' id='word_1_205' title='bbox 3006 1388 3221 1457; x_wconf 67' lang='lat' dir='ltr'><strong>Martiis,</strong></span> <span class='ocrx_word' id='word_1_206' title='bbox 3251 1391 3339 1438; x_wconf 91' lang='grc' dir='ltr'><strong>καί</strong></span> <span class='ocrx_word' id='word_1_207' title='bbox 3388 1390 3611 1459; x_wconf 74' lang='grc' dir='ltr'>Ζουπέιρ</span> <span class='ocrx_word' id='word_1_208' title='bbox 3669 1392 3760 1439; x_wconf 81' lang='grc' dir='ltr'><strong>καί</strong></span> <span class='ocrx_word' id='word_1_209' title='bbox 3792 1383 4063 1458; x_wconf 75' lang='grc' dir='ltr'>Ἀδελλᾶν,</span> <span class='ocrx_word' id='word_1_210' title='bbox 4094 1393 4185 1441; x_wconf 86' lang='grc' dir='ltr'><strong>καί</strong></span> 
     </span>
    </p>
   </div>
   <div class='ocr_carea' id='block_1_29' title="bbox 2588 1473 4185 1547">
    <p class='ocr_par' dir='ltr' id='par_1_29' title="bbox 2588 1473 4185 1547">
     <span class='ocr_line' id='line_1_29' title="bbox 2588 1473 4185 1547; baseline 0.004 -24"><span class='ocrx_word' id='word_1_211' title='bbox 2588 1474 2707 1524; x_wconf 80' lang='grc' dir='ltr'>Ζείτ</span> <span class='ocrx_word' id='word_1_212' title='bbox 2745 1477 2834 1525; x_wconf 88' lang='grc' dir='ltr'><strong>καί</strong></span> <span class='ocrx_word' id='word_1_213' title='bbox 2893 1473 3038 1540; x_wconf 84' lang='grc' dir='ltr'>Ἰζίτ,</span> <span class='ocrx_word' id='word_1_214' title='bbox 3088 1479 3179 1525; x_wconf 88' lang='grc' dir='ltr'><strong>καί</strong></span> <span class='ocrx_word' id='word_1_215' title='bbox 3235 1477 3420 1533; x_wconf 70' lang='grc' dir='ltr'>Σαΐτην</span> <span class='ocrx_word' id='word_1_216' title='bbox 3473 1479 3563 1526; x_wconf 86' lang='grc' dir='ltr'><strong>καί</strong></span> <span class='ocrx_word' id='word_1_217' title='bbox 3632 1474 3870 1547; x_wconf 78' lang='grc' dir='ltr'><strong>Οὐθμᾶν,</strong></span> <span class='ocrx_word' id='word_1_218' title='bbox 3925 1480 4013 1528; x_wconf 86' lang='grc' dir='ltr'><strong>καί</strong></span> <span class='ocrx_word' id='word_1_219' title='bbox 4064 1480 4185 1538; x_wconf 81' lang='grc' dir='ltr'>τοὺς</span> 
     </span>
    </p>
   </div>
   <div class='ocr_carea' id='block_1_30' title="bbox 2589 1558 4185 1637">
    <p class='ocr_par' dir='ltr' id='par_1_30' title="bbox 2589 1558 4185 1637">
     <span class='ocr_line' id='line_1_30' title="bbox 2589 1558 4185 1637; baseline 0.004 -25"><span class='ocrx_word' id='word_1_220' title='bbox 2589 1558 2800 1623; x_wconf 82' lang='grc' dir='ltr'>λοιποὺς</span> <span class='ocrx_word' id='word_1_221' title='bbox 2850 1563 3045 1624; x_wconf 80' lang='grc' dir='ltr'>πάντας</span> <span class='ocrx_word' id='word_1_222' title='bbox 3107 1565 3420 1635; x_wconf 73' lang='grc' dir='ltr'>συμμύστας</span> <span class='ocrx_word' id='word_1_223' title='bbox 3457 1567 3547 1614; x_wconf 86' lang='grc' dir='ltr'><strong>καί</strong></span> <span class='ocrx_word' id='word_1_224' title='bbox 3601 1566 3875 1637; x_wconf 75' lang='grc' dir='ltr'>συνεργούς</span> <span class='ocrx_word' id='word_1_225' title='bbox 3923 1568 4012 1616; x_wconf 82' lang='grc' dir='ltr'><strong>καί</strong></span> <span class='ocrx_word' id='word_1_226' title='bbox 4057 1560 4185 1620; x_wconf 80' lang='grc' dir='ltr'>δια-</span> 
     </span>
    </p>
   </div>
   <div class='ocr_carea' id='block_1_31' title="bbox 2593 1646 4186 1725">
    <p class='ocr_par' dir='ltr' id='par_1_31' title="bbox 2593 1646 4186 1725">
     <span class='ocr_line' id='line_1_31' title="bbox 2593 1646 4186 1725; baseline 0.004 -23"><span class='ocrx_word' id='word_1_227' title='bbox 2593 1646 2794 1722; x_wconf 74' lang='grc' dir='ltr'>δόχους</span> <span class='ocrx_word' id='word_1_228' title='bbox 2814 1658 2906 1703; x_wconf 81' lang='grc' dir='ltr'>τοῦ</span> <span class='ocrx_word' id='word_1_229' title='bbox 2936 1648 3191 1725; x_wconf 74' lang='grc' dir='ltr'><strong>Μωάμεδ.</strong></span> <span class='ocrx_word' id='word_1_230' title='bbox 3223 1652 3615 1725; x_wconf 75' lang='grc' dir='ltr'>Ἀναθῳατίζω</span> <span class='ocrx_word' id='word_1_231' title='bbox 3661 1650 3864 1717; x_wconf 80' lang='grc' dir='ltr'>Ζαδόζι</span> <span class='ocrx_word' id='word_1_232' title='bbox 3915 1658 4005 1706; x_wconf 81' lang='grc' dir='ltr'><strong>καί</strong></span> <span class='ocrx_word' id='word_1_233' title='bbox 4038 1654 4186 1708; x_wconf 76' lang='grc' dir='ltr'>’Λίσε</span> 
     </span>
    </p>
   </div>
   <div class='ocr_carea' id='block_1_32' title="bbox 2590 1740 4184 1815">
    <p class='ocr_par' dir='ltr' id='par_1_32' title="bbox 2590 1740 4184 1815">
     <span class='ocr_line' id='line_1_32' title="bbox 2590 1740 4184 1815; baseline 0.003 -24"><span class='ocrx_word' id='word_1_234' title='bbox 2590 1742 2945 1794; x_wconf 75' lang='grc' dir='ltr'>καίΖεθείνιπ</span> <span class='ocrx_word' id='word_1_235' title='bbox 3000 1745 3090 1793; x_wconf 87' lang='grc' dir='ltr'><strong>καί</strong></span> <span class='ocrx_word' id='word_1_236' title='bbox 3140 1740 3469 1814; x_wconf 77' lang='grc' dir='ltr'><strong>Ὀμκελθείμ,</strong></span> <span class='ocrx_word' id='word_1_237' title='bbox 3520 1743 3609 1802; x_wconf 79' lang='grc' dir='ltr'><strong>τὰς</strong></span> <span class='ocrx_word' id='word_1_238' title='bbox 3656 1748 3861 1814; x_wconf 83' lang='grc' dir='ltr'><strong>πρώτας</strong></span> <span class='ocrx_word' id='word_1_239' title='bbox 3912 1747 4001 1795; x_wconf 88' lang='grc' dir='ltr'><strong>καί</strong></span> <span class='ocrx_word' id='word_1_240' title='bbox 4054 1762 4184 1815; x_wconf 83' lang='grc' dir='ltr'>μια-</span> 
     </span>
    </p>
   </div>
   <div class='ocr_carea' id='block_1_33' title="bbox 825 1826 2605 1905">
    <p class='ocr_par' dir='ltr' id='par_1_33' title="bbox 825 1829 2605 1905">
     <span class='ocr_line' id='line_1_33' title="bbox 825 1829 2605 1905; baseline 0.006 -22"><span class='ocrx_word' id='word_1_241' title='bbox 825 1829 1040 1886; x_wconf 88' lang='lat' dir='ltr'><strong>delicet</strong></span> <span class='ocrx_word' id='word_1_242' title='bbox 1069 1845 1174 1886; x_wconf 92' lang='lat' dir='ltr'><strong>seu</strong></span> <span class='ocrx_word' id='word_1_243' title='bbox 1207 1831 1566 1902; x_wconf 83' lang='lat' dir='ltr'><strong>scripturam</strong></span> <span class='ocrx_word' id='word_1_244' title='bbox 1598 1832 1924 1888; x_wconf 84' lang='lat' dir='ltr'><strong>Moamedis</strong></span> <span class='ocrx_word' id='word_1_245' title='bbox 1950 1849 1963 1887; x_wconf 91' lang='lat'><strong>:</strong></span> <span class='ocrx_word' id='word_1_246' title='bbox 1993 1847 2181 1905; x_wconf 93' lang='lat' dir='ltr'><strong>quam</strong></span> <span class='ocrx_word' id='word_1_247' title='bbox 2210 1830 2383 1901; x_wconf 87' lang='lat' dir='ltr'><strong>ﬁngit</strong></span> <span class='ocrx_word' id='word_1_248' title='bbox 2410 1829 2482 1886; x_wconf 88' lang='lat' dir='ltr'><strong>si-</strong></span> <span class='ocrx_word' id='word_1_249' title='bbox 2514 1835 2557 1893; x_wconf 85' lang='grc' dir='ltr'>Β</span> <span class='ocrx_word' id='word_1_250' title='bbox 2590 1848 2605 1904; x_wconf 63' lang='grc' dir='ltr'><em>ε</em></span> 
     </span>
    </p>
   </div>
   <div class='ocr_carea' id='block_1_34' title="bbox 2404 1826 4184 1905">
    <p class='ocr_par' dir='ltr' id='par_1_34' title="bbox 2410 1826 4184 1905">
     <span class='ocr_line' id='line_1_34' title="bbox 2410 1826 4184 1905; baseline 0.003 -27"><span class='ocrx_word' id='word_1_251' title='bbox 2410 1829 2482 1886; x_wconf 75' lang='lat' dir='ltr'><strong>si.</strong></span> <span class='ocrx_word' id='word_1_252' title='bbox 2514 1835 2557 1893; x_wconf 80' lang='grc' dir='ltr'>Β</span> <span class='ocrx_word' id='word_1_253' title='bbox 2590 1832 2819 1904; x_wconf 80' lang='grc' dir='ltr'>ρωτίρας</span> <span class='ocrx_word' id='word_1_254' title='bbox 2868 1837 2968 1883; x_wconf 87' lang='grc' dir='ltr'>τῶν</span> <span class='ocrx_word' id='word_1_255' title='bbox 3014 1838 3272 1901; x_wconf 82' lang='grc' dir='ltr'>γυναικῶν</span> <span class='ocrx_word' id='word_1_256' title='bbox 3330 1837 3421 1882; x_wconf 78' lang='grc' dir='ltr'>τοῦ</span> <span class='ocrx_word' id='word_1_257' title='bbox 3474 1826 3709 1902; x_wconf 81' lang='grc' dir='ltr'>Μωάμιδ</span> <span class='ocrx_word' id='word_1_258' title='bbox 3758 1851 3773 1865; x_wconf 76' lang='grc' dir='ltr'><strong><em>ο</em></strong></span> <span class='ocrx_word' id='word_1_259' title='bbox 3830 1834 3921 1884; x_wconf 83' lang='grc' dir='ltr'><strong>καί</strong></span> <span class='ocrx_word' id='word_1_260' title='bbox 3972 1833 4184 1905; x_wconf 58' lang='lat' dir='ltr'><strong>dicis-pm</strong></span> 
     </span>
    </p>
   </div>
   <div class='ocr_carea' id='block_1_35' title="bbox 824 1917 2482 1995">
    <p class='ocr_par' dir='ltr' id='par_1_35' title="bbox 824 1917 2482 1995">
     <span class='ocr_line' id='line_1_35' title="bbox 824 1917 2482 1995; baseline 0.002 -22"><span class='ocrx_word' id='word_1_261' title='bbox 824 1917 885 1973; x_wconf 85' lang='lat' dir='ltr'><strong>hi</strong></span> <span class='ocrx_word' id='word_1_262' title='bbox 911 1934 1018 1990; x_wconf 90' lang='lat' dir='ltr'><strong>per</strong></span> <span class='ocrx_word' id='word_1_263' title='bbox 1047 1919 1481 1989; x_wconf 82' lang='lat' dir='ltr'><strong>archangelum</strong></span> <span class='ocrx_word' id='word_1_264' title='bbox 1515 1920 1849 1977; x_wconf 83' lang='lat' dir='ltr'><strong>Gabrielem</strong></span> <span class='ocrx_word' id='word_1_265' title='bbox 1883 1920 2167 1995; x_wconf 70' lang='lat' dir='ltr'><strong>[caelitus]</strong></span> <span class='ocrx_word' id='word_1_266' title='bbox 2217 1919 2482 1976; x_wconf 88' lang='lat' dir='ltr'><strong>delatam</strong></span> 
     </span>
    </p>
   </div>
   <div class='ocr_carea' id='block_1_36' title="bbox 826 2009 2480 2083">
    <p class='ocr_par' dir='ltr' id='par_1_36' title="bbox 826 2009 2480 2083">
     <span class='ocr_line' id='line_1_36' title="bbox 826 2009 2480 2083; baseline 0.001 -20"><span class='ocrx_word' id='word_1_267' title='bbox 826 2024 997 2064; x_wconf 89' lang='lat' dir='ltr'><strong>esse:</strong></span> <span class='ocrx_word' id='word_1_268' title='bbox 1026 2024 1395 2083; x_wconf 89' lang='lat' dir='ltr'><strong>omnemque</strong></span> <span class='ocrx_word' id='word_1_269' title='bbox 1433 2010 1771 2068; x_wconf 89' lang='lat' dir='ltr'><strong>doctrinam</strong></span> <span class='ocrx_word' id='word_1_270' title='bbox 1816 2026 1886 2067; x_wconf 92' lang='lat' dir='ltr'><strong>ac</strong></span> <span class='ocrx_word' id='word_1_271' title='bbox 1936 2010 2138 2082; x_wconf 88' lang='lat' dir='ltr'><strong>legum</strong></span> <span class='ocrx_word' id='word_1_272' title='bbox 2192 2009 2480 2079; x_wconf 88' lang='lat' dir='ltr'><strong>instituta,</strong></span> 
     </span>
    </p>
   </div>
   <div class='ocr_carea' id='block_1_37' title="bbox 825 2100 2482 2174">
    <p class='ocr_par' dir='ltr' id='par_1_37' title="bbox 825 2100 2482 2174">
     <span class='ocr_line' id='line_1_37' title="bbox 825 2100 2482 2174; baseline 0.001 -21"><span class='ocrx_word' id='word_1_273' title='bbox 825 2100 1201 2155; x_wconf 84' lang='lat' dir='ltr'><strong>narrationes</strong></span> <span class='ocrx_word' id='word_1_274' title='bbox 1231 2100 1956 2174; x_wconf 87' lang='lat' dir='ltr'><strong>apocryphas,mysteria,</strong></span> <span class='ocrx_word' id='word_1_275' title='bbox 1970 2104 2027 2157; x_wconf 87' lang='lat' dir='ltr'><strong>et</strong></span> <span class='ocrx_word' id='word_1_276' title='bbox 2044 2100 2390 2156; x_wconf 88' lang='lat' dir='ltr'><strong>traditiones</strong></span> <span class='ocrx_word' id='word_1_277' title='bbox 2410 2114 2482 2156; x_wconf 89' lang='lat' dir='ltr'><strong>ac</strong></span> 
     </span>
    </p>
   </div>
   <div class='ocr_carea' id='block_1_38' title="bbox 823 2185 2479 2262">
    <p class='ocr_par' dir='ltr' id='par_1_38' title="bbox 823 2185 2479 2262">
     <span class='ocr_line' id='line_1_38' title="bbox 823 2185 2479 2262; baseline 0 -20"><span class='ocrx_word' id='word_1_278' title='bbox 823 2185 1239 2259; x_wconf 90' lang='lat' dir='ltr'><strong>blasphemias</strong></span> <span class='ocrx_word' id='word_1_279' title='bbox 1258 2188 1406 2259; x_wconf 85' lang='lat' dir='ltr'><strong>ejus.</strong></span> <span class='ocrx_word' id='word_1_280' title='bbox 1441 2189 1890 2246; x_wconf 81' lang='lat' dir='ltr'><strong>Anathematizo</strong></span> <span class='ocrx_word' id='word_1_281' title='bbox 1932 2188 2285 2262; x_wconf 89' lang='lat' dir='ltr'><strong>paradisum</strong></span> <span class='ocrx_word' id='word_1_282' title='bbox 2328 2189 2479 2243; x_wconf 85' lang='lat' dir='ltr'><strong>Moa-</strong></span> 
     </span>
    </p>
   </div>
   <div class='ocr_carea' id='block_1_39' title="bbox 824 2275 2481 2350">
    <p class='ocr_par' dir='ltr' id='par_1_39' title="bbox 824 2275 2481 2350">
     <span class='ocr_line' id='line_1_39' title="bbox 824 2275 2481 2350; baseline 0 -18"><span class='ocrx_word' id='word_1_283' title='bbox 824 2275 1040 2342; x_wconf 84' lang='lat' dir='ltr'><strong>medis,</strong></span> <span class='ocrx_word' id='word_1_284' title='bbox 1069 2276 1130 2332; x_wconf 91' lang='lat' dir='ltr'><strong>in</strong></span> <span class='ocrx_word' id='word_1_285' title='bbox 1156 2292 1279 2348; x_wconf 93' lang='lat' dir='ltr'><strong>quo</strong></span> <span class='ocrx_word' id='word_1_286' title='bbox 1311 2277 1453 2333; x_wconf 91' lang='lat' dir='ltr'><strong>dicit</strong></span> <span class='ocrx_word' id='word_1_287' title='bbox 1481 2283 1743 2350; x_wconf 90' lang='lat' dir='ltr'><strong>quatuor</strong></span> <span class='ocrx_word' id='word_1_288' title='bbox 1766 2294 1895 2334; x_wconf 91' lang='lat' dir='ltr'><strong>esse</strong></span> <span class='ocrx_word' id='word_1_289' title='bbox 1924 2277 2160 2344; x_wconf 91' lang='lat' dir='ltr'><strong>ﬂuvios,</strong></span> <span class='ocrx_word' id='word_1_290' title='bbox 2194 2293 2264 2333; x_wconf 81' lang='lat' dir='ltr'><strong>ex</strong></span> <span class='ocrx_word' id='word_1_291' title='bbox 2318 2292 2481 2350; x_wconf 90' lang='lat' dir='ltr'><strong>aqua</strong></span> 
     </span>
    </p>
   </div>
   <div class='ocr_carea' id='block_1_40' title="bbox 822 2364 2478 2433">
    <p class='ocr_par' dir='ltr' id='par_1_40' title="bbox 822 2364 2478 2433">
     <span class='ocr_line' id='line_1_40' title="bbox 822 2364 2478 2433; baseline 0.001 -14"><span class='ocrx_word' id='word_1_292' title='bbox 822 2364 1053 2420; x_wconf 83' lang='lat' dir='ltr'><strong>turbari</strong></span> <span class='ocrx_word' id='word_1_293' title='bbox 1075 2366 1298 2433; x_wconf 88' lang='lat' dir='ltr'><strong>nescia,</strong></span> <span class='ocrx_word' id='word_1_294' title='bbox 1319 2365 1472 2423; x_wconf 89' lang='lat' dir='ltr'><strong>lacte</strong></span> <span class='ocrx_word' id='word_1_295' title='bbox 1501 2368 1763 2423; x_wconf 87' lang='lat' dir='ltr'><strong>nativam</strong></span> <span class='ocrx_word' id='word_1_296' title='bbox 1793 2366 2174 2423; x_wconf 87' lang='lat' dir='ltr'><strong>dulcedinem</strong></span> <span class='ocrx_word' id='word_1_297' title='bbox 2206 2382 2327 2422; x_wconf 91' lang='lat' dir='ltr'><strong>non</strong></span> <span class='ocrx_word' id='word_1_298' title='bbox 2351 2382 2478 2422; x_wconf 88' lang='lat' dir='ltr'><strong>mu-</strong></span> 
     </span>
    </p>
   </div>
   <div class='ocr_carea' id='block_1_41' title="bbox 822 2454 2480 2527">
    <p class='ocr_par' dir='ltr' id='par_1_41' title="bbox 822 2454 2480 2527">
     <span class='ocr_line' id='line_1_41' title="bbox 822 2454 2480 2527; baseline 0.002 -19"><span class='ocrx_word' id='word_1_299' title='bbox 822 2457 1002 2524; x_wconf 89' lang='lat' dir='ltr'><strong>tante,</strong></span> <span class='ocrx_word' id='word_1_300' title='bbox 1031 2454 1168 2510; x_wconf 88' lang='lat' dir='ltr'><strong>vino</strong></span> <span class='ocrx_word' id='word_1_301' title='bbox 1193 2456 1388 2527; x_wconf 86' lang='lat' dir='ltr'><strong>suavi,</strong></span> <span class='ocrx_word' id='word_1_302' title='bbox 1411 2461 1468 2512; x_wconf 89' lang='lat' dir='ltr'><strong>et</strong></span> <span class='ocrx_word' id='word_1_303' title='bbox 1488 2456 1661 2512; x_wconf 89' lang='lat' dir='ltr'><strong>melle</strong></span> <span class='ocrx_word' id='word_1_304' title='bbox 1687 2456 2008 2513; x_wconf 76' lang='lat' dir='ltr'><strong>defaecato:</strong></span> <span class='ocrx_word' id='word_1_305' title='bbox 2035 2461 2091 2513; x_wconf 90' lang='lat' dir='ltr'><strong>et</strong></span> <span class='ocrx_word' id='word_1_306' title='bbox 2111 2461 2359 2512; x_wconf 88' lang='lat' dir='ltr'><strong>venturo</strong></span> <span class='ocrx_word' id='word_1_307' title='bbox 2379 2454 2480 2511; x_wconf 93' lang='lat' dir='ltr'><strong>illo</strong></span> 
     </span>
    </p>
   </div>
   <div class='ocr_carea' id='block_1_42' title="bbox 820 2541 2481 2616">
    <p class='ocr_par' dir='ltr' id='par_1_42' title="bbox 820 2541 2481 2616">
     <span class='ocr_line' id='line_1_42' title="bbox 820 2541 2481 2616; baseline 0.002 -20"><span class='ocrx_word' id='word_1_308' title='bbox 820 2541 1126 2615; x_wconf 88' lang='lat' dir='ltr'><strong>die,quem</strong></span> <span class='ocrx_word' id='word_1_309' title='bbox 1149 2545 1491 2616; x_wconf 85' lang='lat' dir='ltr'><strong>quingentis</strong></span> <span class='ocrx_word' id='word_1_310' title='bbox 1513 2561 1810 2602; x_wconf 88' lang='lat' dir='ltr'><strong>annorum</strong></span> <span class='ocrx_word' id='word_1_311' title='bbox 1826 2545 2089 2602; x_wconf 86' lang='lat' dir='ltr'><strong>millibus</strong></span> <span class='ocrx_word' id='word_1_312' title='bbox 2111 2545 2481 2602; x_wconf 86' lang='lat' dir='ltr'><strong>circumscri-</strong></span> 
     </span>
    </p>
   </div>
   <div class='ocr_carea' id='block_1_43' title="bbox 822 2631 2479 2697">
    <p class='ocr_par' dir='ltr' id='par_1_43' title="bbox 822 2631 2479 2697">
     <span class='ocr_line' id='line_1_43' title="bbox 822 2631 2479 2697; baseline 0.001 -11"><span class='ocrx_word' id='word_1_313' title='bbox 822 2631 1271 2697; x_wconf 86' lang='lat' dir='ltr'><strong>bit,Saracenos</strong></span> <span class='ocrx_word' id='word_1_314' title='bbox 1293 2650 1431 2689; x_wconf 88' lang='lat' dir='ltr'><strong>cum</strong></span> <span class='ocrx_word' id='word_1_315' title='bbox 1454 2634 1806 2690; x_wconf 89' lang='lat' dir='ltr'><strong>mulieribus</strong></span> <span class='ocrx_word' id='word_1_316' title='bbox 1821 2634 2018 2690; x_wconf 91' lang='lat' dir='ltr'><strong>suisin</strong></span> <span class='ocrx_word' id='word_1_317' title='bbox 2032 2650 2102 2690; x_wconf 95' lang='lat' dir='ltr'><strong>eo</strong></span> <span class='ocrx_word' id='word_1_318' title='bbox 2116 2633 2301 2690; x_wconf 86' lang='lat' dir='ltr'><strong>vitam</strong></span> <span class='ocrx_word' id='word_1_319' title='bbox 2314 2637 2479 2690; x_wconf 91' lang='lat' dir='ltr'><strong>actu-</strong></span> 
     </span>
    </p>
   </div>
   <div class='ocr_carea' id='block_1_44' title="bbox 821 2720 2476 2793">
    <p class='ocr_par' dir='ltr' id='par_1_44' title="bbox 821 2720 2476 2793">
     <span class='ocr_line' id='line_1_44' title="bbox 821 2720 2476 2793; baseline 0.002 -19"><span class='ocrx_word' id='word_1_320' title='bbox 821 2735 942 2789; x_wconf 88' lang='lat' dir='ltr'><strong>ros,</strong></span> <span class='ocrx_word' id='word_1_321' title='bbox 967 2721 1255 2793; x_wconf 89' lang='lat' dir='ltr'><strong>carnique</strong></span> <span class='ocrx_word' id='word_1_322' title='bbox 1282 2728 1335 2779; x_wconf 88' lang='lat' dir='ltr'><strong>et</strong></span> <span class='ocrx_word' id='word_1_323' title='bbox 1367 2722 1681 2779; x_wconf 74' lang='lat' dir='ltr'><strong>affectibus</strong></span> <span class='ocrx_word' id='word_1_324' title='bbox 1713 2723 1838 2779; x_wconf 87' lang='lat' dir='ltr'><strong>suis</strong></span> <span class='ocrx_word' id='word_1_325' title='bbox 1864 2722 2203 2779; x_wconf 90' lang='lat' dir='ltr'><strong>indulturos</strong></span> <span class='ocrx_word' id='word_1_326' title='bbox 2233 2741 2246 2779; x_wconf 89' lang='lat'>:</span> <span class='ocrx_word' id='word_1_327' title='bbox 2277 2727 2333 2778; x_wconf 88' lang='lat' dir='ltr'><strong>et</strong></span> <span class='ocrx_word' id='word_1_328' title='bbox 2363 2720 2476 2777; x_wconf 90' lang='lat' dir='ltr'><strong>sub</strong></span> 
     </span>
    </p>
   </div>
   <div class='ocr_carea' id='block_1_45' title="bbox 822 2809 2477 2885">
    <p class='ocr_par' dir='ltr' id='par_1_45' title="bbox 822 2809 2477 2885">
     <span class='ocr_line' id='line_1_45' title="bbox 822 2809 2477 2885; baseline 0.004 -23"><span class='ocrx_word' id='word_1_329' title='bbox 822 2809 1041 2865; x_wconf 85' lang='lat' dir='ltr'><strong>umbra</strong></span> <span class='ocrx_word' id='word_1_330' title='bbox 1068 2812 1477 2882; x_wconf 88' lang='lat' dir='ltr'><strong>quarumdam</strong></span> <span class='ocrx_word' id='word_1_331' title='bbox 1506 2813 1793 2870; x_wconf 88' lang='lat' dir='ltr'><strong>arborum</strong></span> <span class='ocrx_word' id='word_1_332' title='bbox 1819 2829 1956 2885; x_wconf 75' lang='lat' dir='ltr'><strong>quin</strong></span> <span class='ocrx_word' id='word_1_333' title='bbox 1974 2818 2267 2868; x_wconf 88' lang='lat' dir='ltr'><strong>vocantur</strong></span> <span class='ocrx_word' id='word_1_334' title='bbox 2297 2812 2477 2868; x_wconf 90' lang='lat' dir='ltr'><strong>Sedre</strong></span> 
     </span>
    </p>
   </div>
   <div class='ocr_carea' id='block_1_46' title="bbox 822 2898 2476 2974">
    <p class='ocr_par' dir='ltr' id='par_1_46' title="bbox 822 2898 2476 2974">
     <span class='ocr_line' id='line_1_46' title="bbox 822 2898 2476 2974; baseline 0.002 -22"><span class='ocrx_word' id='word_1_335' title='bbox 822 2903 880 2953; x_wconf 88' lang='lat' dir='ltr'><strong>et</strong></span> <span class='ocrx_word' id='word_1_336' title='bbox 908 2898 1139 2971; x_wconf 85' lang='lat' dir='ltr'><strong>&#39;l&#39;alech,</strong></span> <span class='ocrx_word' id='word_1_337' title='bbox 1174 2909 1549 2958; x_wconf 78' lang='lat' dir='ltr'><strong>contesturos</strong></span> <span class='ocrx_word' id='word_1_338' title='bbox 1579 2918 1790 2959; x_wconf 89' lang='lat' dir='ltr'><strong>carnes</strong></span> <span class='ocrx_word' id='word_1_339' title='bbox 1821 2902 2022 2957; x_wconf 86' lang='lat' dir='ltr'><strong>avium</strong></span> <span class='ocrx_word' id='word_1_340' title='bbox 2063 2900 2216 2974; x_wconf 82' lang='lat' dir='ltr'><strong>quas</strong></span> <span class='ocrx_word' id='word_1_341' title='bbox 2261 2917 2476 2957; x_wconf 91' lang='lat' dir='ltr'><strong>concu-</strong></span> 
     </span>
    </p>
   </div>
   <div class='ocr_carea' id='block_1_47' title="bbox 823 2987 2472 3062">
    <p class='ocr_par' dir='ltr' id='par_1_47' title="bbox 823 2987 2472 3062">
     <span class='ocr_line' id='line_1_47' title="bbox 823 2987 2472 3062; baseline 0.003 -22"><span class='ocrx_word' id='word_1_342' title='bbox 823 2987 1079 3059; x_wconf 89' lang='lat' dir='ltr'><strong>piscunt,</strong></span> <span class='ocrx_word' id='word_1_343' title='bbox 1136 2990 1454 3062; x_wconf 86' lang='lat' dir='ltr'><strong>omnisque</strong></span> <span class='ocrx_word' id='word_1_344' title='bbox 1506 2992 1740 3060; x_wconf 83' lang='lat' dir='ltr'><strong>generis</strong></span> <span class='ocrx_word' id='word_1_345' title='bbox 1785 2990 2012 3046; x_wconf 84' lang='lat' dir='ltr'><strong>fructus</strong></span> <span class='ocrx_word' id='word_1_346' title='bbox 2053 2989 2472 3055; x_wconf 88' lang='lat' dir='ltr'><strong>autumnales;</strong></span> 
     </span>
    </p>
   </div>
   <div class='ocr_carea' id='block_1_48' title="bbox 821 3075 2476 3152">
    <p class='ocr_par' dir='ltr' id='par_1_48' title="bbox 821 3075 2476 3152">
     <span class='ocr_line' id='line_1_48' title="bbox 821 3075 2476 3152; baseline 0.001 -19"><span class='ocrx_word' id='word_1_347' title='bbox 821 3092 892 3133; x_wconf 79' lang='lat' dir='ltr'><strong>ac</strong></span> <span class='ocrx_word' id='word_1_348' title='bbox 936 3075 1232 3133; x_wconf 84' lang='lat' dir='ltr'><strong>bibituros</strong></span> <span class='ocrx_word' id='word_1_349' title='bbox 1281 3095 1313 3134; x_wconf 89' lang='lat' dir='ltr'><strong>e</strong></span> <span class='ocrx_word' id='word_1_350' title='bbox 1358 3079 1517 3135; x_wconf 83' lang='lat' dir='ltr'><strong>fonte</strong></span> <span class='ocrx_word' id='word_1_351' title='bbox 1572 3080 1864 3152; x_wconf 89' lang='lat' dir='ltr'><strong>caphura,</strong></span> <span class='ocrx_word' id='word_1_352' title='bbox 1914 3085 1968 3135; x_wconf 90' lang='lat' dir='ltr'><strong>et</strong></span> <span class='ocrx_word' id='word_1_353' title='bbox 1999 3096 2029 3135; x_wconf 91' lang='lat' dir='ltr'>e</span> <span class='ocrx_word' id='word_1_354' title='bbox 2082 3079 2241 3135; x_wconf 73' lang='lat' dir='ltr'><strong>fonte</strong></span> <span class='ocrx_word' id='word_1_355' title='bbox 2298 3078 2476 3149; x_wconf 89' lang='lat' dir='ltr'><strong>zingi-</strong></span> 
     </span>
    </p>
   </div>
   <div class='ocr_carea' id='block_1_49' title="bbox 2591 1918 4186 1994">
    <p class='ocr_par' dir='ltr' id='par_1_49' title="bbox 2591 1918 4186 1994">
     <span class='ocr_line' id='line_1_49' title="bbox 2591 1918 4186 1994; baseline 0.001 -24"><span class='ocrx_word' id='word_1_356' title='bbox 2591 1922 2685 1977; x_wconf 79' lang='grc' dir='ltr'>τὴν</span> <span class='ocrx_word' id='word_1_357' title='bbox 2752 1920 3010 1994; x_wconf 80' lang='grc' dir='ltr'>θυγατέρα</span> <span class='ocrx_word' id='word_1_358' title='bbox 3071 1918 3271 1983; x_wconf 65' lang='grc' dir='ltr'><strong>αὑτοῦ.⁴</strong></span> <span class='ocrx_word' id='word_1_359' title='bbox 3319 1920 3711 1992; x_wconf 78' lang='grc' dir='ltr'>Ἀναοεματίζὼ</span> <span class='ocrx_word' id='word_1_360' title='bbox 3773 1922 3860 1972; x_wconf 78' lang='grc' dir='ltr'>τὸν</span> <span class='ocrx_word' id='word_1_361' title='bbox 3920 1919 4186 1993; x_wconf 73' lang='grc' dir='ltr'>λεγόμενον</span> 
     </span>
    </p>
   </div>
   <div class='ocr_carea' id='block_1_50' title="bbox 2575 2005 4189 2083">
    <p class='ocr_par' dir='ltr' id='par_1_50' title="bbox 2575 2005 4189 2083">
     <span class='ocr_line' id='line_1_50' title="bbox 2575 2005 4189 2083; baseline -0.001 -22"><span class='ocrx_word' id='word_1_362' title='bbox 2575 2012 2818 2080; x_wconf 68' lang='grc' dir='ltr'>Κουρᾶν,</span> <span class='ocrx_word' id='word_1_363' title='bbox 2867 2012 2962 2065; x_wconf 77' lang='grc' dir='ltr'>τὴν</span> <span class='ocrx_word' id='word_1_364' title='bbox 3011 2006 3130 2066; x_wconf 76' lang='grc' dir='ltr'>ὅλην</span> <span class='ocrx_word' id='word_1_365' title='bbox 3188 2008 3307 2067; x_wconf 73' lang='grc' dir='ltr'><strong>ἦτοὶ</strong></span> <span class='ocrx_word' id='word_1_366' title='bbox 3356 2011 3562 2083; x_wconf 72' lang='grc' dir='ltr'>γραφὴν</span> <span class='ocrx_word' id='word_1_367' title='bbox 3616 2014 3710 2060; x_wconf 85' lang='grc' dir='ltr'>τοῦ</span> <span class='ocrx_word' id='word_1_368' title='bbox 3764 2005 4001 2081; x_wconf 79' lang='grc' dir='ltr'>Μωάμιδ</span> <span class='ocrx_word' id='word_1_369' title='bbox 4051 2028 4065 2043; x_wconf 77' lang='grc' dir='ltr'><strong><em>ο</em></strong></span> <span class='ocrx_word' id='word_1_370' title='bbox 4124 2008 4189 2068; x_wconf 73' lang='grc' dir='ltr'>ἣν</span> 
     </span>
    </p>
   </div>
   <div class='ocr_carea' id='block_1_51' title="bbox 2590 2091 4188 2170">
    <p class='ocr_par' dir='ltr' id='par_1_51' title="bbox 2590 2091 4188 2170">
     <span class='ocr_line' id='line_1_51' title="bbox 2590 2091 4188 2170; baseline 0.001 -23"><span class='ocrx_word' id='word_1_371' title='bbox 2590 2094 2871 2148; x_wconf 82' lang='grc' dir='ltr'>πλάττιται</span> <span class='ocrx_word' id='word_1_372' title='bbox 2916 2091 3013 2149; x_wconf 77' lang='grc' dir='ltr'>διὰ</span> <span class='ocrx_word' id='word_1_373' title='bbox 3056 2103 3149 2148; x_wconf 76' lang='grc' dir='ltr'>τοῦ</span> <span class='ocrx_word' id='word_1_374' title='bbox 3197 2094 3532 2170; x_wconf 74' lang='grc' dir='ltr'><strong>ἀρχαγγέλου</strong></span> <span class='ocrx_word' id='word_1_375' title='bbox 3597 2095 3826 2169; x_wconf 74' lang='grc' dir='ltr'>Γαϐριὴλ</span> <span class='ocrx_word' id='word_1_376' title='bbox 3872 2098 4188 2168; x_wconf 76' lang='grc' dir='ltr'>κατενεχθῆ-</span> 
     </span>
    </p>
   </div>
   <div class='ocr_carea' id='block_1_52' title="bbox 2589 2181 4189 2257">
    <p class='ocr_par' dir='ltr' id='par_1_52' title="bbox 2589 2181 4189 2257">
     <span class='ocr_line' id='line_1_52' title="bbox 2589 2181 4189 2257; baseline 0.001 -21"><span class='ocrx_word' id='word_1_377' title='bbox 2589 2204 2674 2236; x_wconf 89' lang='grc' dir='ltr'><strong>ναι</strong></span> <span class='ocrx_word' id='word_1_378' title='bbox 2703 2184 2845 2255; x_wconf 77' lang='grc' dir='ltr'>αὐτῷ</span> <span class='ocrx_word' id='word_1_379' title='bbox 2873 2205 2886 2219; x_wconf 80' lang='grc' dir='ltr'><strong><em>ο</em></strong></span> <span class='ocrx_word' id='word_1_380' title='bbox 2914 2189 3003 2236; x_wconf 89' lang='grc' dir='ltr'><strong>καί</strong></span> <span class='ocrx_word' id='word_1_381' title='bbox 3048 2190 3225 2237; x_wconf 79' lang='grc' dir='ltr'>πᾶσαν</span> <span class='ocrx_word' id='word_1_382' title='bbox 3254 2190 3348 2243; x_wconf 79' lang='grc' dir='ltr'>τὴν</span> <span class='ocrx_word' id='word_1_383' title='bbox 3400 2181 3755 2238; x_wconf 70' lang='grc' dir='ltr'>διδασκαλίαν</span> <span class='ocrx_word' id='word_1_384' title='bbox 3784 2189 3874 2239; x_wconf 87' lang='grc' dir='ltr'><strong>καί</strong></span> <span class='ocrx_word' id='word_1_385' title='bbox 3901 2187 3994 2247; x_wconf 83' lang='grc' dir='ltr'><strong>τὰς</strong></span> <span class='ocrx_word' id='word_1_386' title='bbox 4039 2204 4189 2257; x_wconf 65' lang='grc' dir='ltr'>νομο-</span> 
     </span>
    </p>
   </div>
   <div class='ocr_carea' id='block_1_53' title="bbox 2592 2270 4190 2347">
    <p class='ocr_par' dir='ltr' id='par_1_53' title="bbox 2592 2270 4190 2347">
     <span class='ocr_line' id='line_1_53' title="bbox 2592 2270 4190 2347; baseline 0 -21"><span class='ocrx_word' id='word_1_387' title='bbox 2592 2275 2785 2345; x_wconf 73' lang='grc' dir='ltr'>θεσίας,</span> <span class='ocrx_word' id='word_1_388' title='bbox 2827 2278 2918 2326; x_wconf 80' lang='grc' dir='ltr'><strong>καί</strong></span> <span class='ocrx_word' id='word_1_389' title='bbox 2966 2276 3061 2338; x_wconf 80' lang='grc' dir='ltr'>τὰς</span> <span class='ocrx_word' id='word_1_390' title='bbox 3109 2273 3439 2347; x_wconf 77' lang='grc' dir='ltr'><strong>ἀποκρύφους</strong></span> <span class='ocrx_word' id='word_1_391' title='bbox 3488 2270 3786 2346; x_wconf 68' lang='grc' dir='ltr'>διηγήσεις,</span> <span class='ocrx_word' id='word_1_392' title='bbox 3840 2279 3929 2326; x_wconf 87' lang='grc' dir='ltr'><strong>καί</strong></span> <span class='ocrx_word' id='word_1_393' title='bbox 3986 2276 4050 2327; x_wconf 85' lang='grc' dir='ltr'>τὰ</span> <span class='ocrx_word' id='word_1_394' title='bbox 4091 2294 4190 2347; x_wconf 55' lang='lat' dir='ltr'><strong>ttu-</strong></span> 
     </span>
    </p>
   </div>
   <div class='ocr_carea' id='block_1_54' title="bbox 2592 2361 4189 2437">
    <p class='ocr_par' dir='ltr' id='par_1_54' title="bbox 2592 2361 4189 2437">
     <span class='ocr_line' id='line_1_54' title="bbox 2592 2361 4189 2437; baseline -0.001 -21"><span class='ocrx_word' id='word_1_395' title='bbox 2592 2368 2781 2437; x_wconf 74' lang='grc' dir='ltr'>στήρια</span> <span class='ocrx_word' id='word_1_396' title='bbox 2856 2367 2945 2416; x_wconf 83' lang='grc' dir='ltr'><strong>καί</strong></span> <span class='ocrx_word' id='word_1_397' title='bbox 3000 2366 3093 2426; x_wconf 75' lang='grc' dir='ltr'>τὰς</span> <span class='ocrx_word' id='word_1_398' title='bbox 3150 2361 3493 2436; x_wconf 72' lang='grc' dir='ltr'><strong>παραδόσεις,</strong></span> <span class='ocrx_word' id='word_1_399' title='bbox 3555 2368 3645 2417; x_wconf 85' lang='grc' dir='ltr'><strong>καί</strong></span> <span class='ocrx_word' id='word_1_400' title='bbox 3701 2365 3790 2426; x_wconf 83' lang='grc' dir='ltr'><strong>τὰς</strong></span> <span class='ocrx_word' id='word_1_401' title='bbox 3853 2362 4189 2436; x_wconf 63' lang='grc' dir='ltr'>βλασφημίας</span> 
     </span>
    </p>
   </div>
   <div class='ocr_carea' id='block_1_55' title="bbox 2588 2448 4184 2526">
    <p class='ocr_par' dir='ltr' id='par_1_55' title="bbox 2588 2448 4184 2526">
     <span class='ocr_line' id='line_1_55' title="bbox 2588 2448 4184 2526; baseline 0.001 -22"><span class='ocrx_word' id='word_1_402' title='bbox 2588 2452 2773 2507; x_wconf 76' lang='grc' dir='ltr'>αὐτοῦ.</span> <span class='ocrx_word' id='word_1_403' title='bbox 2823 2452 3212 2525; x_wconf 71' lang='grc' dir='ltr'>Ἀναθιματὶζω</span> <span class='ocrx_word' id='word_1_404' title='bbox 3262 2455 3347 2505; x_wconf 80' lang='grc' dir='ltr'>τὸν</span> <span class='ocrx_word' id='word_1_405' title='bbox 3403 2450 3726 2526; x_wconf 74' lang='grc' dir='ltr'><strong>παράδεισον</strong></span> <span class='ocrx_word' id='word_1_406' title='bbox 3771 2460 3862 2505; x_wconf 77' lang='grc' dir='ltr'>τοῦ</span> <span class='ocrx_word' id='word_1_407' title='bbox 3903 2448 4137 2525; x_wconf 76' lang='grc' dir='ltr'>Μωάμιδ</span> <span class='ocrx_word' id='word_1_408' title='bbox 4171 2468 4184 2482; x_wconf 77' lang='grc'><strong>⁸</strong></span> 
     </span>
    </p>
   </div>
   <div class='ocr_carea' id='block_1_56' title="bbox 2589 2538 4184 2617">
    <p class='ocr_par' dir='ltr' id='par_1_56' title="bbox 2589 2538 4184 2617">
     <span class='ocr_line' id='line_1_56' title="bbox 2589 2538 4184 2617; baseline -0.002 -22"><span class='ocrx_word' id='word_1_409' title='bbox 2589 2541 2638 2595; x_wconf 71' lang='grc' dir='ltr'>ἓν</span> <span class='ocrx_word' id='word_1_410' title='bbox 2736 2542 2869 2614; x_wconf 71' lang='grc' dir='ltr'>λέγει</span> <span class='ocrx_word' id='word_1_411' title='bbox 2916 2546 3181 2617; x_wconf 76' lang='grc' dir='ltr'>τέσσαρας</span> <span class='ocrx_word' id='word_1_412' title='bbox 3227 2539 3357 2595; x_wconf 77' lang='grc' dir='ltr'>εἶναι</span> <span class='ocrx_word' id='word_1_413' title='bbox 3411 2546 3693 2614; x_wconf 75' lang='grc' dir='ltr'>ποταμοὺς,</span> <span class='ocrx_word' id='word_1_414' title='bbox 3730 2540 3782 2604; x_wconf 74' lang='grc' dir='ltr'><strong>ἐξ</strong></span> <span class='ocrx_word' id='word_1_415' title='bbox 3812 2538 4033 2601; x_wconf 77' lang='grc' dir='ltr'>’ὕδατος</span> <span class='ocrx_word' id='word_1_416' title='bbox 4064 2539 4184 2594; x_wconf 76' lang='grc' dir='ltr'><strong>ἀθο-</strong></span> 
     </span>
    </p>
   </div>
   <div class='ocr_carea' id='block_1_57' title="bbox 2586 2629 4183 2703">
    <p class='ocr_par' dir='ltr' id='par_1_57' title="bbox 2586 2629 4183 2703">
     <span class='ocr_line' id='line_1_57' title="bbox 2586 2629 4183 2703; baseline -0.001 -21"><span class='ocrx_word' id='word_1_417' title='bbox 2586 2630 2773 2699; x_wconf 79' lang='grc' dir='ltr'>λὼτου,</span> <span class='ocrx_word' id='word_1_418' title='bbox 2806 2636 2895 2683; x_wconf 84' lang='grc' dir='ltr'><strong>καί</strong></span> <span class='ocrx_word' id='word_1_419' title='bbox 2923 2631 3183 2702; x_wconf 76' lang='grc' dir='ltr'>γάλακτος</span> <span class='ocrx_word' id='word_1_420' title='bbox 3225 2636 3297 2703; x_wconf 76' lang='grc' dir='ltr'><em>μὴ</em></span> <span class='ocrx_word' id='word_1_421' title='bbox 3360 2629 3707 2693; x_wconf 82' lang='grc' dir='ltr'>ἀλλάσσοντος</span> <span class='ocrx_word' id='word_1_422' title='bbox 3739 2633 3826 2683; x_wconf 86' lang='grc' dir='ltr'>τὸν</span> <span class='ocrx_word' id='word_1_423' title='bbox 3873 2635 4057 2683; x_wconf 77' lang='grc' dir='ltr'>νόστον</span> <span class='ocrx_word' id='word_1_424' title='bbox 4094 2629 4183 2682; x_wconf 77' lang='grc' dir='ltr'><strong>αὖ-</strong></span> 
     </span>
    </p>
   </div>
   <div class='ocr_carea' id='block_1_58' title="bbox 2587 2717 4183 2793">
    <p class='ocr_par' dir='ltr' id='par_1_58' title="bbox 2587 2717 4183 2793">
     <span class='ocr_line' id='line_1_58' title="bbox 2587 2717 4183 2793; baseline -0.001 -21"><span class='ocrx_word' id='word_1_425' title='bbox 2587 2728 2700 2787; x_wconf 77' lang='grc' dir='ltr'><strong>τοῦ,</strong></span> <span class='ocrx_word' id='word_1_426' title='bbox 2732 2725 2822 2772; x_wconf 88' lang='grc' dir='ltr'><strong>καί</strong></span> <span class='ocrx_word' id='word_1_427' title='bbox 2853 2723 2991 2773; x_wconf 81' lang='grc' dir='ltr'>οἴνου</span> <span class='ocrx_word' id='word_1_428' title='bbox 3018 2717 3195 2789; x_wconf 73' lang='grc' dir='ltr'>ἡδέος,</span> <span class='ocrx_word' id='word_1_429' title='bbox 3228 2725 3317 2773; x_wconf 89' lang='grc' dir='ltr'><strong>καί</strong></span> <span class='ocrx_word' id='word_1_430' title='bbox 3355 2720 3559 2793; x_wconf 83' lang='grc' dir='ltr'>μέλιτος</span> <span class='ocrx_word' id='word_1_431' title='bbox 3598 2720 3810 2772; x_wconf 59' lang='lat' dir='ltr'><strong>{altero-.3</strong></span> <span class='ocrx_word' id='word_1_432' title='bbox 3842 2741 3852 2753; x_wconf 86' lang='lat'><strong>-</strong></span> <span class='ocrx_word' id='word_1_433' title='bbox 3906 2724 3995 2772; x_wconf 84' lang='grc' dir='ltr'><strong>καί</strong></span> <span class='ocrx_word' id='word_1_434' title='bbox 4047 2721 4183 2771; x_wconf 79' lang='grc' dir='ltr'>κατὰ</span> 
     </span>
    </p>
   </div>
   <div class='ocr_carea' id='block_1_59' title="bbox 2586 2810 4184 2884">
    <p class='ocr_par' dir='ltr' id='par_1_59' title="bbox 2586 2810 4184 2884">
     <span class='ocr_line' id='line_1_59' title="bbox 2586 2810 4184 2884; baseline -0.001 -21"><span class='ocrx_word' id='word_1_435' title='bbox 2586 2816 2680 2869; x_wconf 79' lang='grc' dir='ltr'>τὴν</span> <span class='ocrx_word' id='word_1_436' title='bbox 2710 2810 2995 2883; x_wconf 81' lang='grc' dir='ltr'>μέλλουσαν</span> <span class='ocrx_word' id='word_1_437' title='bbox 3049 2813 3267 2884; x_wconf 74' lang='grc' dir='ltr'>ἡμέραν,</span> <span class='ocrx_word' id='word_1_438' title='bbox 3313 2810 3373 2869; x_wconf 77' lang='grc' dir='ltr'><strong>ἢν</strong></span> <span class='ocrx_word' id='word_1_439' title='bbox 3430 2815 3714 2882; x_wconf 69' lang='grc' dir='ltr'><strong>περιθρέξει</strong></span> <span class='ocrx_word' id='word_1_440' title='bbox 3762 2810 3829 2871; x_wconf 75' lang='grc' dir='ltr'><strong>εἰς</strong></span> <span class='ocrx_word' id='word_1_441' title='bbox 3870 2815 4184 2868; x_wconf 73' lang='grc' dir='ltr'>πεντήκοντα</span> 
     </span>
    </p>
   </div>
   <div class='ocr_carea' id='block_1_60' title="bbox 2584 2897 4183 2974">
    <p class='ocr_par' dir='ltr' id='par_1_60' title="bbox 2584 2897 4183 2974">
     <span class='ocr_line' id='line_1_60' title="bbox 2584 2897 4183 2974; baseline -0.001 -23"><span class='ocrx_word' id='word_1_442' title='bbox 2584 2897 2854 2974; x_wconf 78' lang='grc' dir='ltr'>μυριάδας</span> <span class='ocrx_word' id='word_1_443' title='bbox 2923 2899 3069 2968; x_wconf 81' lang='grc' dir='ltr'>ἐτῶν,</span> <span class='ocrx_word' id='word_1_444' title='bbox 3124 2897 3323 2971; x_wconf 77' lang='grc' dir='ltr'>διάγειν</span> <span class='ocrx_word' id='word_1_445' title='bbox 3379 2897 3426 2951; x_wconf 76' lang='grc' dir='ltr'>ἐν</span> <span class='ocrx_word' id='word_1_446' title='bbox 3501 2900 3641 2970; x_wconf 69' lang='grc' dir='ltr'>αὐτῷ</span> <span class='ocrx_word' id='word_1_447' title='bbox 3693 2903 3811 2960; x_wconf 66' lang='grc' dir='ltr'>τοὺς</span> <span class='ocrx_word' id='word_1_448' title='bbox 3862 2903 4183 2973; x_wconf 78' lang='grc' dir='ltr'>Σαρακηνοὺς</span> 
     </span>
    </p>
   </div>
   <div class='ocr_carea' id='block_1_61' title="bbox 2585 2985 4185 3062">
    <p class='ocr_par' dir='ltr' id='par_1_61' title="bbox 2585 2985 4185 3062">
     <span class='ocr_line' id='line_1_61' title="bbox 2585 2985 4185 3062; baseline -0.001 -21"><span class='ocrx_word' id='word_1_449' title='bbox 2585 2991 2716 3062; x_wconf 77' lang='grc' dir='ltr'><strong>μετὰ</strong></span> <span class='ocrx_word' id='word_1_450' title='bbox 2768 2998 2867 3040; x_wconf 83' lang='grc' dir='ltr'>τῶν</span> <span class='ocrx_word' id='word_1_451' title='bbox 2931 2985 3078 3042; x_wconf 77' lang='grc' dir='ltr'>ἰδίων</span> <span class='ocrx_word' id='word_1_452' title='bbox 3135 2996 3414 3061; x_wconf 80' lang='grc' dir='ltr'>γυναικῶν,</span> <span class='ocrx_word' id='word_1_453' title='bbox 3470 2997 3733 3061; x_wconf 82' lang='grc' dir='ltr'>σαρκικῶς</span> <span class='ocrx_word' id='word_1_454' title='bbox 3792 2992 3881 3040; x_wconf 83' lang='grc' dir='ltr'><strong>καί</strong></span> <span class='ocrx_word' id='word_1_455' title='bbox 3946 2986 4185 3060; x_wconf 69' lang='grc' dir='ltr'>ἕμπαθῶς</span> 
     </span>
    </p>
   </div>
   <div class='ocr_carea' id='block_1_62' title="bbox 2590 3073 4186 3153">
    <p class='ocr_par' dir='ltr' id='par_1_62' title="bbox 2590 3073 4186 3153">
     <span class='ocr_line' id='line_1_62' title="bbox 2590 3073 4186 3153; baseline -0.001 -24"><span class='ocrx_word' id='word_1_456' title='bbox 2590 3082 2784 3141; x_wconf 80' lang='grc' dir='ltr'>ζῶντας</span> <span class='ocrx_word' id='word_1_457' title='bbox 2825 3095 2837 3107; x_wconf 80' lang='grc'><strong><em>⁸</em></strong></span> <span class='ocrx_word' id='word_1_458' title='bbox 2894 3083 2984 3131; x_wconf 88' lang='grc' dir='ltr'><strong>καί</strong></span> <span class='ocrx_word' id='word_1_459' title='bbox 3040 3078 3140 3130; x_wconf 71' lang='grc' dir='ltr'><strong>ὑπὸ</strong></span> <span class='ocrx_word' id='word_1_460' title='bbox 3198 3080 3350 3129; x_wconf 69' lang='grc' dir='ltr'>σκιάν</span> <span class='ocrx_word' id='word_1_461' title='bbox 3398 3097 3547 3129; x_wconf 86' lang='grc' dir='ltr'>τινων</span> <span class='ocrx_word' id='word_1_462' title='bbox 3601 3073 3852 3153; x_wconf 76' lang='grc' dir='ltr'><strong>δένδρων,</strong></span> <span class='ocrx_word' id='word_1_463' title='bbox 3885 3077 3920 3128; x_wconf 82' lang='grc' dir='ltr'><em>ἃ</em></span> <span class='ocrx_word' id='word_1_464' title='bbox 3957 3076 4186 3130; x_wconf 73' lang='grc' dir='ltr'>καλεῖται</span> 
     </span>
    </p>
   </div>
   <div class='ocr_carea' id='block_1_63' title="bbox 820 3163 2600 3248">
    <p class='ocr_par' dir='ltr' id='par_1_63' title="bbox 820 3164 2600 3248">
     <span class='ocr_line' id='line_1_63' title="bbox 820 3164 2600 3248; baseline -0.001 -28"><span class='ocrx_word' id='word_1_465' title='bbox 820 3164 945 3233; x_wconf 90' lang='lat' dir='ltr'><strong>ber,</strong></span> <span class='ocrx_word' id='word_1_466' title='bbox 980 3165 1071 3219; x_wconf 92' lang='lat' dir='ltr'><strong>cui</strong></span> <span class='ocrx_word' id='word_1_467' title='bbox 1130 3182 1353 3245; x_wconf 87' lang='lat' dir='ltr'><strong>nomen</strong></span> <span class='ocrx_word' id='word_1_468' title='bbox 1404 3168 1733 3224; x_wconf 87' lang='lat' dir='ltr'><strong>Salsabita:</strong></span> <span class='ocrx_word' id='word_1_469' title='bbox 1786 3169 2118 3240; x_wconf 84' lang='lat' dir='ltr'><strong>vinumque</strong></span> <span class='ocrx_word' id='word_1_470' title='bbox 2166 3172 2475 3240; x_wconf 88' lang='lat' dir='ltr'><strong>potaturos</strong></span> <span class='ocrx_word' id='word_1_471' title='bbox 2507 3191 2548 3248; x_wconf 70' lang='grc' dir='ltr'>ο</span> <span class='ocrx_word' id='word_1_472' title='bbox 2590 3176 2600 3219; x_wconf 78' lang='grc'>1</span> 
     </span>
    </p>
   </div>
   <div class='ocr_carea' id='block_1_64' title="bbox 2403 3163 4183 3248">
    <p class='ocr_par' dir='ltr' id='par_1_64' title="bbox 2403 3163 4183 3248">
     <span class='ocr_line' id='line_1_64' title="bbox 2403 3163 4183 3248; baseline -0.002 -28"><span class='ocrx_word' id='word_1_473' title='bbox 2403 3184 2475 3224; x_wconf 88' lang='lat' dir='ltr'><strong>&#39;os</strong></span> <span class='ocrx_word' id='word_1_474' title='bbox 2507 3191 2548 3248; x_wconf 69' lang='grc' dir='ltr'>ο</span> <span class='ocrx_word' id='word_1_475' title='bbox 2590 3163 2752 3241; x_wconf 74' lang='grc' dir='ltr'>Σέδρη</span> <span class='ocrx_word' id='word_1_476' title='bbox 2813 3171 2903 3219; x_wconf 84' lang='grc' dir='ltr'><strong>καί</strong></span> <span class='ocrx_word' id='word_1_477' title='bbox 2953 3166 3147 3238; x_wconf 77' lang='grc' dir='ltr'>Τάλεχ,</span> <span class='ocrx_word' id='word_1_478' title='bbox 3207 3170 3333 3241; x_wconf 78' lang='grc' dir='ltr'>κρέα</span> <span class='ocrx_word' id='word_1_479' title='bbox 3388 3172 3680 3241; x_wconf 82' lang='grc' dir='ltr'>τρώγοντας</span> <span class='ocrx_word' id='word_1_480' title='bbox 3727 3165 3908 3239; x_wconf 73' lang='grc' dir='ltr'>ὀρνέων</span> <span class='ocrx_word' id='word_1_481' title='bbox 3960 3166 4029 3216; x_wconf 85' lang='grc' dir='ltr'>ὧν</span> <span class='ocrx_word' id='word_1_482' title='bbox 4068 3163 4183 3217; x_wconf 71' lang='grc' dir='ltr'>ἑπι-</span> 
     </span>
    </p>
   </div>
   <div class='ocr_carea' id='block_1_65' title="bbox 818 3253 2474 3323">
    <p class='ocr_par' dir='ltr' id='par_1_65' title="bbox 818 3253 2474 3323">
     <span class='ocr_line' id='line_1_65' title="bbox 818 3253 2474 3323; baseline 0.003 -15"><span class='ocrx_word' id='word_1_483' title='bbox 818 3253 991 3323; x_wconf 85' lang='lat' dir='ltr'><strong>cnjus</strong></span> <span class='ocrx_word' id='word_1_484' title='bbox 1049 3269 1255 3311; x_wconf 87' lang='lat' dir='ltr'><strong>crama</strong></span> <span class='ocrx_word' id='word_1_485' title='bbox 1331 3271 1439 3311; x_wconf 89' lang='lat' dir='ltr'><strong>seu</strong></span> <span class='ocrx_word' id='word_1_486' title='bbox 1495 3257 1761 3312; x_wconf 50' lang='lat' dir='ltr'><strong>mistura&#39;</strong></span> <span class='ocrx_word' id='word_1_487' title='bbox 1810 3257 2029 3313; x_wconf 88' lang='lat' dir='ltr'><strong>hausta</strong></span> <span class='ocrx_word' id='word_1_488' title='bbox 2091 3257 2163 3313; x_wconf 88' lang='lat' dir='ltr'><strong>sit</strong></span> <span class='ocrx_word' id='word_1_489' title='bbox 2215 3272 2247 3313; x_wconf 90' lang='lat' dir='ltr'><strong>e</strong></span> <span class='ocrx_word' id='word_1_490' title='bbox 2313 3256 2474 3313; x_wconf 86' lang='lat' dir='ltr'><strong>fonte</strong></span> 
     </span>
    </p>
   </div>
   <div class='ocr_carea' id='block_1_66' title="bbox 816 3342 2475 3419">
    <p class='ocr_par' dir='ltr' id='par_1_66' title="bbox 816 3342 2475 3419">
     <span class='ocr_line' id='line_1_66' title="bbox 816 3342 2475 3419; baseline 0.004 -24"><span class='ocrx_word' id='word_1_491' title='bbox 816 3342 1489 3417; x_wconf 81' lang='lat' dir='ltr'><strong>Thesniinzeorumque</strong></span> <span class='ocrx_word' id='word_1_492' title='bbox 1539 3349 1798 3402; x_wconf 88' lang='lat' dir='ltr'><strong>staturas</strong></span> <span class='ocrx_word' id='word_1_493' title='bbox 1852 3346 2070 3402; x_wconf 73' lang='lat' dir='ltr'><strong>cmlum</strong></span> <span class='ocrx_word' id='word_1_494' title='bbox 2116 3347 2475 3419; x_wconf 86' lang='lat' dir='ltr'><strong>proceritate</strong></span> 
     </span>
    </p>
   </div>
   <div class='ocr_carea' id='block_1_67' title="bbox 817 3434 2473 3507">
    <p class='ocr_par' dir='ltr' id='par_1_67' title="bbox 817 3434 2473 3507">
     <span class='ocr_line' id='line_1_67' title="bbox 817 3434 2473 3507; baseline 0.004 -22"><span class='ocrx_word' id='word_1_495' title='bbox 817 3446 927 3485; x_wconf 84' lang='lat' dir='ltr'><strong>sua</strong></span> <span class='ocrx_word' id='word_1_496' title='bbox 956 3437 1239 3502; x_wconf 85' lang='lat' dir='ltr'><strong>tacturas,</strong></span> <span class='ocrx_word' id='word_1_497' title='bbox 1270 3435 1534 3490; x_wconf 91' lang='lat' dir='ltr'><strong>virorum</strong></span> <span class='ocrx_word' id='word_1_498' title='bbox 1558 3435 1778 3507; x_wconf 85' lang='lat' dir='ltr'><strong>pariter</strong></span> <span class='ocrx_word' id='word_1_499' title='bbox 1808 3440 1865 3491; x_wconf 91' lang='lat' dir='ltr'><strong>et</strong></span> <span class='ocrx_word' id='word_1_500' title='bbox 1894 3434 2214 3492; x_wconf 86' lang='lat' dir='ltr'><strong>mulierum</strong></span> <span class='ocrx_word' id='word_1_501' title='bbox 2240 3453 2253 3490; x_wconf 88' lang='lat'>:</span> <span class='ocrx_word' id='word_1_502' title='bbox 2287 3452 2473 3492; x_wconf 91' lang='lat' dir='ltr'><strong>mem-</strong></span> 
     </span>
    </p>
   </div>
   <div class='ocr_carea' id='block_1_68' title="bbox 815 3518 2475 3596">
    <p class='ocr_par' dir='ltr' id='par_1_68' title="bbox 815 3518 2475 3596">
     <span class='ocr_line' id='line_1_68' title="bbox 815 3518 2475 3596; baseline 0.005 -24"><span class='ocrx_word' id='word_1_503' title='bbox 815 3518 927 3574; x_wconf 86' lang='lat' dir='ltr'><strong>bra</strong></span> <span class='ocrx_word' id='word_1_504' title='bbox 956 3518 1284 3596; x_wconf 77' lang='lat' dir='ltr'><strong>[genitalia]</strong></span> <span class='ocrx_word' id='word_1_505' title='bbox 1320 3524 1781 3595; x_wconf 82' lang='lat' dir='ltr'><strong>quadragenum</strong></span> <span class='ocrx_word' id='word_1_506' title='bbox 1830 3523 2170 3581; x_wconf 89' lang='lat' dir='ltr'><strong>cubitorum</strong></span> <span class='ocrx_word' id='word_1_507' title='bbox 2216 3524 2381 3580; x_wconf 86' lang='lat' dir='ltr'><strong>fore:</strong></span> <span class='ocrx_word' id='word_1_508' title='bbox 2418 3530 2475 3581; x_wconf 91' lang='lat' dir='ltr'><strong>et</strong></span> 
     </span>
    </p>
   </div>
   <div class='ocr_carea' id='block_1_69' title="bbox 817 3609 2467 3687">
    <p class='ocr_par' dir='ltr' id='par_1_69' title="bbox 817 3609 2467 3687">
     <span class='ocr_line' id='line_1_69' title="bbox 817 3609 2467 3687; baseline 0.004 -24"><span class='ocrx_word' id='word_1_509' title='bbox 817 3609 1049 3681; x_wconf 84' lang='lat' dir='ltr'><strong>absque</strong></span> <span class='ocrx_word' id='word_1_510' title='bbox 1082 3612 1362 3667; x_wconf 85' lang='lat' dir='ltr'><strong>satietatis</strong></span> <span class='ocrx_word' id='word_1_511' title='bbox 1397 3612 1575 3669; x_wconf 63' lang='lat' dir='ltr'><strong>taedio</strong></span> <span class='ocrx_word' id='word_1_512' title='bbox 1596 3614 1855 3669; x_wconf 86' lang='lat' dir='ltr'><strong>coituros</strong></span> <span class='ocrx_word' id='word_1_513' title='bbox 1877 3614 1937 3670; x_wconf 90' lang='lat' dir='ltr'><strong>in</strong></span> <span class='ocrx_word' id='word_1_514' title='bbox 1969 3617 2297 3687; x_wconf 91' lang='lat' dir='ltr'><strong>conspectu</strong></span> <span class='ocrx_word' id='word_1_515' title='bbox 2323 3613 2426 3669; x_wconf 91' lang='lat' dir='ltr'><strong>Dei</strong></span> <span class='ocrx_word' id='word_1_516' title='bbox 2454 3631 2467 3669; x_wconf 90' lang='lat'><strong>:</strong></span> 
     </span>
    </p>
   </div>
   <div class='ocr_carea' id='block_1_70' title="bbox 817 3700 2472 3776">
    <p class='ocr_par' dir='ltr' id='par_1_70' title="bbox 817 3700 2472 3776">
     <span class='ocr_line' id='line_1_70' title="bbox 817 3700 2472 3776; baseline 0.004 -24"><span class='ocrx_word' id='word_1_517' title='bbox 817 3702 1134 3770; x_wconf 86' lang='lat' dir='ltr'><strong>proptcrea</strong></span> <span class='ocrx_word' id='word_1_518' title='bbox 1159 3700 1395 3774; x_wconf 90' lang='lat' dir='ltr'><strong>(inquit)</strong></span> <span class='ocrx_word' id='word_1_519' title='bbox 1442 3702 1587 3775; x_wconf 89' lang='lat' dir='ltr'><strong>quia</strong></span> <span class='ocrx_word' id='word_1_520' title='bbox 1641 3705 1793 3759; x_wconf 88' lang='lat' dir='ltr'><strong>Deus</strong></span> <span class='ocrx_word' id='word_1_521' title='bbox 1845 3703 2078 3776; x_wconf 91' lang='lat' dir='ltr'><strong>pudore</strong></span> <span class='ocrx_word' id='word_1_522' title='bbox 2130 3719 2253 3759; x_wconf 92' lang='lat' dir='ltr'><strong>non</strong></span> <span class='ocrx_word' id='word_1_523' title='bbox 2293 3702 2472 3760; x_wconf 73' lang='lat' dir='ltr'><strong>afﬁci-</strong></span> 
     </span>
    </p>
   </div>
   <div class='ocr_carea' id='block_1_71' title="bbox 818 3789 2471 3866">
    <p class='ocr_par' dir='ltr' id='par_1_71' title="bbox 818 3789 2471 3866">
     <span class='ocr_line' id='line_1_71' title="bbox 818 3789 2471 3866; baseline 0.004 -22"><span class='ocrx_word' id='word_1_524' title='bbox 818 3792 911 3844; x_wconf 90' lang='lat' dir='ltr'><strong>tur</strong></span> <span class='ocrx_word' id='word_1_525' title='bbox 941 3789 1042 3859; x_wconf 90' lang='lat' dir='ltr'><strong>(a).</strong></span> <span class='ocrx_word' id='word_1_526' title='bbox 1072 3791 1528 3849; x_wconf 84' lang='lat' dir='ltr'><strong>Anathematizo</strong></span> <span class='ocrx_word' id='word_1_527' title='bbox 1558 3810 1660 3849; x_wconf 90' lang='lat' dir='ltr'><strong>eos</strong></span> <span class='ocrx_word' id='word_1_528' title='bbox 1695 3794 1801 3866; x_wconf 91' lang='lat' dir='ltr'><strong>qui</strong></span> <span class='ocrx_word' id='word_1_529' title='bbox 1830 3810 1866 3850; x_wconf 87' lang='lat' dir='ltr'><strong>a</strong></span> <span class='ocrx_word' id='word_1_530' title='bbox 1910 3793 2218 3851; x_wconf 81' lang='lat' dir='ltr'><strong>Moamede</strong></span> <span class='ocrx_word' id='word_1_531' title='bbox 2271 3793 2471 3851; x_wconf 85' lang='lat' dir='ltr'><strong>nomi-</strong></span> 
     </span>
    </p>
   </div>
   <div class='ocr_carea' id='block_1_72' title="bbox 813 3912 2470 3983">
    <p class='ocr_par' dir='ltr' id='par_1_72' title="bbox 813 3912 2470 3983">
     <span class='ocr_line' id='line_1_72' title="bbox 813 3912 2470 3983; baseline 0.002 -14"><span class='ocrx_word' id='word_1_532' title='bbox 813 3912 926 3969; x_wconf 90' lang='lat' dir='ltr'><strong>hos</strong></span> <span class='ocrx_word' id='word_1_533' title='bbox 958 3914 1102 3969; x_wconf 92' lang='lat' dir='ltr'><strong>ritus</strong></span> <span class='ocrx_word' id='word_1_534' title='bbox 1124 3914 1422 3972; x_wconf 88' lang='lat' dir='ltr'><strong>imitatum</strong></span> <span class='ocrx_word' id='word_1_535' title='bbox 1451 3933 1607 3983; x_wconf 91' lang='lat' dir='ltr'><strong>esse,</strong></span> <span class='ocrx_word' id='word_1_536' title='bbox 1633 3917 1834 3973; x_wconf 90' lang='lat' dir='ltr'><strong>scribit</strong></span> <span class='ocrx_word' id='word_1_537' title='bbox 1871 3918 2268 3974; x_wconf 87' lang='lat' dir='ltr'><strong>Tertullianus</strong></span> <span class='ocrx_word' id='word_1_538' title='bbox 2315 3918 2470 3973; x_wconf 87' lang='lat' dir='ltr'><strong>libro</strong></span> 
     </span>
    </p>
   </div>
   <div class='ocr_carea' id='block_1_73' title="bbox 816 3984 2469 4058">
    <p class='ocr_par' dir='ltr' id='par_1_73' title="bbox 816 3984 2469 4058">
     <span class='ocr_line' id='line_1_73' title="bbox 816 3984 2469 4058; baseline 0.004 -19"><span class='ocrx_word' id='word_1_539' title='bbox 816 3984 896 4058; x_wconf 83' lang='lat' dir='ltr'><strong>De</strong></span> <span class='ocrx_word' id='word_1_540' title='bbox 921 3987 1453 4058; x_wconf 83' lang='lat' dir='ltr'><strong>prescriptionibus</strong></span> <span class='ocrx_word' id='word_1_541' title='bbox 1486 3989 1926 4057; x_wconf 67' lang='lat' dir='ltr'><strong>haereticorum,</strong></span> <span class='ocrx_word' id='word_1_542' title='bbox 1972 3990 2073 4045; x_wconf 87' lang='lat' dir='ltr'><strong>ubi</strong></span> <span class='ocrx_word' id='word_1_543' title='bbox 2106 3990 2179 4045; x_wconf 76' lang='lat' dir='ltr'><strong>tle</strong></span> <span class='ocrx_word' id='word_1_544' title='bbox 2224 3989 2469 4045; x_wconf 87' lang='lat' dir='ltr'><strong>diabolo</strong></span> 
     </span>
    </p>
   </div>
   <div class='ocr_carea' id='block_1_74' title="bbox 813 4056 2469 4132">
    <p class='ocr_par' dir='ltr' id='par_1_74' title="bbox 813 4056 2469 4132">
     <span class='ocr_line' id='line_1_74' title="bbox 813 4056 2469 4132; baseline 0.004 -22"><span class='ocrx_word' id='word_1_545' title='bbox 813 4056 965 4132; x_wconf 73' lang='lat' dir='ltr'><strong>inter</strong></span> <span class='ocrx_word' id='word_1_546' title='bbox 995 4056 1113 4113; x_wconf 87' lang='lat' dir='ltr'><strong>alia</strong></span> <span class='ocrx_word' id='word_1_547' title='bbox 1134 4056 1293 4132; x_wconf 75' lang='lat' dir='ltr'><strong>dicit,</strong></span> <span class='ocrx_word' id='word_1_548' title='bbox 1323 4062 1563 4130; x_wconf 80' lang='lat' dir='ltr'><strong>Tinguit</strong></span> <span class='ocrx_word' id='word_1_549' title='bbox 1588 4068 1641 4117; x_wconf 85' lang='lat' dir='ltr'><strong>et</strong></span> <span class='ocrx_word' id='word_1_550' title='bbox 1664 4063 1787 4129; x_wconf 83' lang='lat' dir='ltr'><strong>ipse</strong></span> <span class='ocrx_word' id='word_1_551' title='bbox 1808 4061 2095 4131; x_wconf 81' lang='lat' dir='ltr'><strong>quosdam</strong></span> <span class='ocrx_word' id='word_1_552' title='bbox 2122 4063 2327 4132; x_wconf 81' lang='lat' dir='ltr'><strong>utique</strong></span> <span class='ocrx_word' id='word_1_553' title='bbox 2349 4077 2469 4117; x_wconf 75' lang='lat' dir='ltr'><strong>crc-</strong></span> 
     </span>
    </p>
   </div>
   <div class='ocr_carea' id='block_1_75' title="bbox 815 4128 2471 4197">
    <p class='ocr_par' dir='ltr' id='par_1_75' title="bbox 815 4128 2471 4197">
     <span class='ocr_line' id='line_1_75' title="bbox 815 4128 2471 4197; baseline 0.003 -14"><span class='ocrx_word' id='word_1_554' title='bbox 815 4128 1015 4184; x_wconf 85' lang='lat' dir='ltr'><strong>dentes</strong></span> <span class='ocrx_word' id='word_1_555' title='bbox 1047 4136 1099 4184; x_wconf 89' lang='lat' dir='ltr'><strong>et</strong></span> <span class='ocrx_word' id='word_1_556' title='bbox 1130 4130 1333 4197; x_wconf 81' lang='lat' dir='ltr'><strong>ﬁdeles</strong></span> <span class='ocrx_word' id='word_1_557' title='bbox 1364 4128 1499 4187; x_wconf 79' lang='lat' dir='ltr'><strong>suos</strong></span> <span class='ocrx_word' id='word_1_558' title='bbox 1525 4149 1538 4197; x_wconf 75' lang='grc' dir='ltr'><strong>ς</strong></span> <span class='ocrx_word' id='word_1_559' title='bbox 1562 4140 1614 4188; x_wconf 88' lang='lat' dir='ltr'><strong>et</strong></span> <span class='ocrx_word' id='word_1_560' title='bbox 1636 4128 1719 4188; x_wconf 70' lang='lat' dir='ltr'><strong>sic</strong></span> <span class='ocrx_word' id='word_1_561' title='bbox 1746 4128 1946 4188; x_wconf 75' lang='lat' dir='ltr'><strong>adhuc</strong></span> <span class='ocrx_word' id='word_1_562' title='bbox 1968 4134 2169 4188; x_wconf 75' lang='lat' dir='ltr'><strong>initia!</strong></span> <span class='ocrx_word' id='word_1_563' title='bbox 2192 4128 2471 4188; x_wconf 66' lang='lat' dir='ltr'><strong>Mithrae:</strong></span> 
     </span>
    </p>
   </div>
   <div class='ocr_carea' id='block_1_76' title="bbox 814 4202 2470 4273">
    <p class='ocr_par' dir='ltr' id='par_1_76' title="bbox 814 4202 2470 4273">
     <span class='ocr_line' id='line_1_76' title="bbox 814 4202 2470 4273; baseline 0.003 -19"><span class='ocrx_word' id='word_1_564' title='bbox 814 4202 1014 4268; x_wconf 81' lang='lat' dir='ltr'><strong>signat</strong></span> <span class='ocrx_word' id='word_1_565' title='bbox 1044 4202 1171 4255; x_wconf 83' lang='lat' dir='ltr'><strong>illic</strong></span> <span class='ocrx_word' id='word_1_566' title='bbox 1195 4203 1253 4257; x_wconf 84' lang='lat' dir='ltr'><strong>in</strong></span> <span class='ocrx_word' id='word_1_567' title='bbox 1277 4204 1486 4272; x_wconf 77' lang='lat' dir='ltr'><strong>fronte</strong></span> <span class='ocrx_word' id='word_1_568' title='bbox 1511 4206 1726 4259; x_wconf 84' lang='lat' dir='ltr'><strong>milites</strong></span> <span class='ocrx_word' id='word_1_569' title='bbox 1750 4219 1904 4259; x_wconf 87' lang='lat' dir='ltr'><strong>suos.</strong></span> <span class='ocrx_word' id='word_1_570' title='bbox 1922 4204 2198 4259; x_wconf 80' lang='lat' dir='ltr'><strong>Celebrat</strong></span> <span class='ocrx_word' id='word_1_571' title='bbox 2222 4210 2273 4258; x_wconf 80' lang='lat' dir='ltr'><strong>et</strong></span> <span class='ocrx_word' id='word_1_572' title='bbox 2296 4206 2470 4273; x_wconf 84' lang='lat' dir='ltr'><strong>panis</strong></span> 
     </span>
    </p>
   </div>
   <div class='ocr_carea' id='block_1_77' title="bbox 813 4273 2396 4345">
    <p class='ocr_par' dir='ltr' id='par_1_77' title="bbox 813 4273 2396 4345">
     <span class='ocr_line' id='line_1_77' title="bbox 813 4273 2396 4345; baseline 0.001 -18"><span class='ocrx_word' id='word_1_573' title='bbox 813 4273 1195 4345; x_wconf 77' lang='lat' dir='ltr'><strong>oblationem,</strong></span> <span class='ocrx_word' id='word_1_574' title='bbox 1226 4281 1277 4328; x_wconf 87' lang='lat' dir='ltr'><strong>et</strong></span> <span class='ocrx_word' id='word_1_575' title='bbox 1312 4277 1623 4345; x_wconf 78' lang='lat' dir='ltr'><strong>imaginem</strong></span> <span class='ocrx_word' id='word_1_576' title='bbox 1656 4277 2113 4330; x_wconf 79' lang='lat' dir='ltr'><strong>resurrectionis</strong></span> <span class='ocrx_word' id='word_1_577' title='bbox 2146 4275 2396 4331; x_wconf 78' lang='lat' dir='ltr'><strong>inducit.</strong></span> 
     </span>
    </p>
   </div>
   <div class='ocr_carea' id='block_1_78' title="bbox 882 4344 2468 4419">
    <p class='ocr_par' dir='ltr' id='par_1_78' title="bbox 882 4344 2468 4419">
     <span class='ocr_line' id='line_1_78' title="bbox 882 4344 2468 4419; baseline 0.004 -24"><span class='ocrx_word' id='word_1_578' title='bbox 882 4347 959 4419; x_wconf 68' lang='grc'><strong>(4)</strong></span> <span class='ocrx_word' id='word_1_579' title='bbox 994 4344 1101 4407; x_wconf 86' lang='lat' dir='ltr'><strong>Qui</strong></span> <span class='ocrx_word' id='word_1_580' title='bbox 1136 4344 1451 4419; x_wconf 73' lang='grc' dir='ltr'>Ἀπουπίκερ</span> <span class='ocrx_word' id='word_1_581' title='bbox 1480 4352 1533 4401; x_wconf 91' lang='lat' dir='ltr'><strong>et</strong></span> <span class='ocrx_word' id='word_1_582' title='bbox 1563 4346 1815 4419; x_wconf 65' lang='grc' dir='ltr'>Κουϐίκερ</span> <span class='ocrx_word' id='word_1_583' title='bbox 1846 4347 1939 4402; x_wconf 92' lang='lat' dir='ltr'><strong>hic</strong></span> <span class='ocrx_word' id='word_1_584' title='bbox 1970 4346 2204 4419; x_wconf 81' lang='lat' dir='ltr'><strong>dicitur,</strong></span> <span class='ocrx_word' id='word_1_585' title='bbox 2238 4347 2288 4402; x_wconf 89' lang='lat' dir='ltr'><strong>is</strong></span> <span class='ocrx_word' id='word_1_586' title='bbox 2319 4346 2468 4419; x_wconf 59' lang='lat' dir='ltr'><strong>(opif</strong></span> 
     </span>
    </p>
   </div>
   <div class='ocr_carea' id='block_1_79' title="bbox 812 4416 2471 4488">
    <p class='ocr_par' dir='ltr' id='par_1_79' title="bbox 812 4416 2471 4488">
     <span class='ocr_line' id='line_1_79' title="bbox 812 4416 2471 4488; baseline 0.002 -19"><span class='ocrx_word' id='word_1_587' title='bbox 812 4416 943 4488; x_wconf 89' lang='lat' dir='ltr'><strong>nor)</strong></span> <span class='ocrx_word' id='word_1_588' title='bbox 971 4420 1079 4488; x_wconf 83' lang='lat' dir='ltr'><strong>est.</strong></span> <span class='ocrx_word' id='word_1_589' title='bbox 1114 4416 1213 4487; x_wconf 86' lang='lat' dir='ltr'><strong>qui</strong></span> <span class='ocrx_word' id='word_1_590' title='bbox 1246 4416 1431 4488; x_wconf 54' lang='lat' dir='ltr'><strong>supra&quot;</strong></span> <span class='ocrx_word' id='word_1_591' title='bbox 1464 4422 1551 4483; x_wconf 80' lang='lat'><strong>58,</strong></span> <span class='ocrx_word' id='word_1_592' title='bbox 1587 4423 1616 4472; x_wconf 77' lang='grc' dir='ltr'>ὅ</span> <span class='ocrx_word' id='word_1_593' title='bbox 1650 4419 1745 4486; x_wconf 84' lang='lat' dir='ltr'><strong>(b).</strong></span> <span class='ocrx_word' id='word_1_594' title='bbox 1778 4416 1832 4472; x_wconf 82' lang='lat' dir='ltr'><strong>et</strong></span> <span class='ocrx_word' id='word_1_595' title='bbox 1876 4418 1933 4472; x_wconf 91' lang='lat' dir='ltr'><strong>in</strong></span> <span class='ocrx_word' id='word_1_596' title='bbox 1993 4418 2243 4473; x_wconf 83' lang='lat' dir='ltr'><strong>Joannis</strong></span> <span class='ocrx_word' id='word_1_597' title='bbox 2295 4416 2471 4473; x_wconf 79' lang='lat' dir='ltr'><strong>Siculi</strong></span> 
     </span>
    </p>
   </div>
   <div class='ocr_carea' id='block_1_80' title="bbox 816 4486 2467 4563">
    <p class='ocr_par' dir='ltr' id='par_1_80' title="bbox 816 4486 2467 4563">
     <span class='ocr_line' id='line_1_80' title="bbox 816 4486 2467 4563; baseline 0.002 -23"><span class='ocrx_word' id='word_1_598' title='bbox 816 4486 1108 4563; x_wconf 56' lang='lat' dir='ltr'><strong>glironico</strong></span> <span class='ocrx_word' id='word_1_599' title='bbox 1132 4486 1246 4541; x_wconf 79' lang='lat' dir='ltr'><strong>ms.</strong></span> <span class='ocrx_word' id='word_1_600' title='bbox 1274 4486 1584 4561; x_wconf 68' lang='grc' dir='ltr'>Βᾶυϐάρχας</span> <span class='ocrx_word' id='word_1_601' title='bbox 1609 4510 1619 4522; x_wconf 92' lang='grc'><strong>·</strong></span> <span class='ocrx_word' id='word_1_602' title='bbox 1645 4490 1801 4563; x_wconf 77' lang='lat' dir='ltr'><strong>infra</strong></span> <span class='ocrx_word' id='word_1_603' title='bbox 1825 4488 2224 4563; x_wconf 66' lang='grc' dir='ltr'>Ἀϐουϐάχαρος</span> <span class='ocrx_word' id='word_1_604' title='bbox 2260 4494 2374 4563; x_wconf 78' lang='grc'><strong>101,</strong></span> <span class='ocrx_word' id='word_1_605' title='bbox 2399 4494 2467 4545; x_wconf 83' lang='lat'><strong>3:</strong></span> 
     </span>
    </p>
   </div>
   <div class='ocr_carea' id='block_1_81' title="bbox 814 4558 2470 4629">
    <p class='ocr_par' dir='ltr' id='par_1_81' title="bbox 814 4558 2470 4629">
     <span class='ocr_line' id='line_1_81' title="bbox 814 4558 2470 4629; baseline 0.004 -18"><span class='ocrx_word' id='word_1_606' title='bbox 814 4558 1094 4629; x_wconf 82' lang='lat' dir='ltr'><strong>(itemque</strong></span> <span class='ocrx_word' id='word_1_607' title='bbox 1121 4563 1208 4620; x_wconf 85' lang='grc'><strong>92,</strong></span> <span class='ocrx_word' id='word_1_608' title='bbox 1235 4564 1305 4615; x_wconf 89' lang='lat'><strong>9:</strong></span> <span class='ocrx_word' id='word_1_609' title='bbox 1338 4558 1511 4629; x_wconf 57' lang='lat'><strong>96,5,</strong></span> <span class='ocrx_word' id='word_1_610' title='bbox 1532 4565 1598 4616; x_wconf 85' lang='grc'><strong>26</strong></span> <span class='ocrx_word' id='word_1_611' title='bbox 1625 4577 1636 4615; x_wconf 92' lang='lat'>:</span> <span class='ocrx_word' id='word_1_612' title='bbox 1674 4562 1792 4629; x_wconf 83' lang='grc'><strong>100,</strong></span> <span class='ocrx_word' id='word_1_613' title='bbox 1817 4565 1868 4629; x_wconf 89' lang='lat'><strong>3,</strong></span> <span class='ocrx_word' id='word_1_614' title='bbox 1892 4566 1993 4617; x_wconf 82' lang='lat'><strong>20:</strong></span> <span class='ocrx_word' id='word_1_615' title='bbox 2024 4558 2259 4616; x_wconf 77' lang='lat' dir='ltr'><strong>necnon</strong></span> <span class='ocrx_word' id='word_1_616' title='bbox 2288 4562 2344 4616; x_wconf 89' lang='lat' dir='ltr'><strong>in</strong></span> <span class='ocrx_word' id='word_1_617' title='bbox 2367 4563 2470 4617; x_wconf 89' lang='lat' dir='ltr'><strong>Ce-</strong></span> 
     </span>
    </p>
   </div>
   <div class='ocr_carea' id='block_1_82' title="bbox 813 4628 2471 4704">
    <p class='ocr_par' dir='ltr' id='par_1_82' title="bbox 813 4628 2471 4704">
     <span class='ocr_line' id='line_1_82' title="bbox 813 4628 2471 4704; baseline 0.003 -21"><span class='ocrx_word' id='word_1_618' title='bbox 813 4628 1346 4704; x_wconf 32' lang='lat' dir='ltr'><strong>dreni’Annalihus</strong></span> <span class='ocrx_word' id='word_1_619' title='bbox 1379 4628 1735 4704; x_wconf 86' lang='lat' dir='ltr'><strong>passim,uti</strong></span> <span class='ocrx_word' id='word_1_620' title='bbox 1757 4628 1812 4687; x_wconf 89' lang='lat' dir='ltr'><strong>et</strong></span> <span class='ocrx_word' id='word_1_621' title='bbox 1842 4628 1901 4687; x_wconf 86' lang='lat' dir='ltr'><strong>in</strong></span> <span class='ocrx_word' id='word_1_622' title='bbox 1925 4632 2295 4704; x_wconf 65' lang='lat' dir='ltr'><strong>Ctinstantini</strong></span> <span class='ocrx_word' id='word_1_623' title='bbox 2328 4633 2471 4688; x_wconf 87' lang='lat' dir='ltr'><strong>&#39;l‘be-</strong></span> 
     </span>
    </p>
   </div>
   <div class='ocr_carea' id='block_1_83' title="bbox 813 4700 2473 4770">
    <p class='ocr_par' dir='ltr' id='par_1_83' title="bbox 813 4700 2473 4770">
     <span class='ocr_line' id='line_1_83' title="bbox 813 4700 2473 4770; baseline 0.004 -17"><span class='ocrx_word' id='word_1_624' title='bbox 813 4700 1079 4755; x_wconf 60' lang='lat' dir='ltr'><strong>mati&#39;bus</strong></span> <span class='ocrx_word' id='word_1_625' title='bbox 1105 4716 1141 4755; x_wconf 89' lang='lat' dir='ltr'><strong>a</strong></span> <span class='ocrx_word' id='word_1_626' title='bbox 1174 4700 1595 4757; x_wconf 81' lang='lat' dir='ltr'><strong>Bonaventnra</strong></span> <span class='ocrx_word' id='word_1_627' title='bbox 1628 4703 1910 4759; x_wconf 83' lang='lat' dir='ltr'><strong>Vulcanio</strong></span> <span class='ocrx_word' id='word_1_628' title='bbox 1936 4703 2127 4768; x_wconf 88' lang='lat' dir='ltr'><strong>editis,</strong></span> <span class='ocrx_word' id='word_1_629' title='bbox 2174 4707 2262 4770; x_wconf 88' lang='lat'><strong>29,</strong></span> <span class='ocrx_word' id='word_1_630' title='bbox 2290 4707 2381 4763; x_wconf 78' lang='grc'>22)</span> <span class='ocrx_word' id='word_1_631' title='bbox 2415 4708 2473 4760; x_wconf 88' lang='lat' dir='ltr'><strong>et</strong></span> 
     </span>
    </p>
   </div>
   <div class='ocr_carea' id='block_1_84' title="bbox 815 4770 2472 4847">
    <p class='ocr_par' dir='ltr' id='par_1_84' title="bbox 815 4770 2472 4847">
     <span class='ocr_line' id='line_1_84' title="bbox 815 4770 2472 4847; baseline 0.005 -25"><span class='ocrx_word' id='word_1_632' title='bbox 815 4770 1061 4847; x_wconf 56' lang='grc' dir='ltr'><strong>Βουᾷέαερ</strong></span> <span class='ocrx_word' id='word_1_633' title='bbox 1091 4777 1177 4837; x_wconf 83' lang='grc'><strong>97,</strong></span> <span class='ocrx_word' id='word_1_634' title='bbox 1216 4778 1268 4839; x_wconf 81' lang='lat'><strong>5,</strong></span> <span class='ocrx_word' id='word_1_635' title='bbox 1300 4777 1403 4830; x_wconf 67' lang='lat'><strong>&#39;24:</strong></span> <span class='ocrx_word' id='word_1_636' title='bbox 1446 4779 1565 4833; x_wconf 87' lang='lat' dir='ltr'><strong>t0l.</strong></span> <span class='ocrx_word' id='word_1_637' title='bbox 1593 4777 1646 4840; x_wconf 85' lang='grc'><strong>4,</strong></span> <span class='ocrx_word' id='word_1_638' title='bbox 1680 4779 1738 4829; x_wconf 85' lang='lat' dir='ltr'><strong>2t</strong></span> <span class='ocrx_word' id='word_1_639' title='bbox 1770 4793 1782 4831; x_wconf 73' lang='grc' dir='ltr'>ε</span> <span class='ocrx_word' id='word_1_640' title='bbox 1821 4776 2050 4847; x_wconf 90' lang='lat' dir='ltr'><strong>primus</strong></span> <span class='ocrx_word' id='word_1_641' title='bbox 2074 4790 2294 4846; x_wconf 88' lang='lat' dir='ltr'><strong>nempe</strong></span> <span class='ocrx_word' id='word_1_642' title='bbox 2322 4778 2472 4830; x_wconf 82' lang='lat' dir='ltr'><strong>Moa-</strong></span> 
     </span>
    </p>
   </div>
   <div class='ocr_carea' id='block_1_85' title="bbox 812 4843 2471 4919">
    <p class='ocr_par' dir='ltr' id='par_1_85' title="bbox 812 4843 2471 4919">
     <span class='ocr_line' id='line_1_85' title="bbox 812 4843 2471 4919; baseline 0.004 -22"><span class='ocrx_word' id='word_1_643' title='bbox 812 4843 999 4919; x_wconf 69' lang='lat' dir='ltr'><strong>inethi</strong></span> <span class='ocrx_word' id='word_1_644' title='bbox 1029 4843 1378 4919; x_wconf 80' lang='lat' dir='ltr'><strong>successor:</strong></span> <span class='ocrx_word' id='word_1_645' title='bbox 1417 4852 1477 4902; x_wconf 88' lang='lat' dir='ltr'><strong>ut</strong></span> <span class='ocrx_word' id='word_1_646' title='bbox 1504 4851 1687 4919; x_wconf 70' lang='grc' dir='ltr'>Οὕμαρ</span> <span class='ocrx_word' id='word_1_647' title='bbox 1720 4843 1839 4918; x_wconf 77' lang='lat' dir='ltr'><strong>qui</strong></span> <span class='ocrx_word' id='word_1_648' title='bbox 1871 4847 2163 4919; x_wconf 89' lang='lat' dir='ltr'><strong>sequitur,</strong></span> <span class='ocrx_word' id='word_1_649' title='bbox 2184 4843 2410 4919; x_wconf 75' lang='lat' dir='ltr'><strong>tertius</strong></span> <span class='ocrx_word' id='word_1_650' title='bbox 2436 4862 2471 4903; x_wconf 88' lang='lat' dir='ltr'><strong>a</strong></span> 
     </span>
    </p>
   </div>
   <div class='ocr_carea' id='block_1_86' title="bbox 811 4916 2467 4987">
    <p class='ocr_par' dir='ltr' id='par_1_86' title="bbox 811 4916 2467 4987">
     <span class='ocr_line' id='line_1_86' title="bbox 811 4916 2467 4987; baseline 0.001 -16"><span class='ocrx_word' id='word_1_651' title='bbox 811 4916 1146 4971; x_wconf 82' lang='lat' dir='ltr'><strong>Moametho</strong></span> <span class='ocrx_word' id='word_1_652' title='bbox 1178 4917 1456 4987; x_wconf 89' lang='lat' dir='ltr'><strong>princeps</strong></span> <span class='ocrx_word' id='word_1_653' title='bbox 1488 4916 1763 4974; x_wconf 79' lang='lat' dir='ltr'><strong>statuitur</strong></span> <span class='ocrx_word' id='word_1_654' title='bbox 1793 4922 1912 4986; x_wconf 80' lang='lat' dir='ltr'><strong>t02,</strong></span> <span class='ocrx_word' id='word_1_655' title='bbox 1952 4916 2034 4973; x_wconf 70' lang='lat' dir='ltr'><strong>l5.</strong></span> <span class='ocrx_word' id='word_1_656' title='bbox 2071 4918 2233 4974; x_wconf 92' lang='lat' dir='ltr'><strong>Unde</strong></span> <span class='ocrx_word' id='word_1_657' title='bbox 2264 4923 2320 4973; x_wconf 92' lang='lat' dir='ltr'><strong>et</strong></span> <span class='ocrx_word' id='word_1_658' title='bbox 2351 4922 2467 4984; x_wconf 82' lang='lat' dir='ltr'><strong>lOI,</strong></span> 
     </span>
    </p>
   </div>
   <div class='ocr_carea' id='block_1_87' title="bbox 810 4934 2472 5065">
    <p class='ocr_par' dir='ltr' id='par_1_87' title="bbox 810 4934 2472 5065">
     <span class='ocr_line' id='line_1_87' title="bbox 811 4934 2467 4987; baseline 0.001 -16"><span class='ocrx_word' id='word_1_659' title='bbox 811 4934 1146 4971; x_wconf 78' lang='lat' dir='ltr'><strong>moametno</strong></span> <span class='ocrx_word' id='word_1_660' title='bbox 1178 4934 1379 4987; x_wconf 87' lang='lat' dir='ltr'><strong>prince</strong></span> <span class='ocrx_word' id='word_1_661' title='bbox 1431 4936 1456 4973; x_wconf 89' lang='lat' dir='ltr'><strong>s</strong></span> <span class='ocrx_word' id='word_1_662' title='bbox 1488 4934 1763 4974; x_wconf 75' lang='lat' dir='ltr'><strong>Statuitur</strong></span> <span class='ocrx_word' id='word_1_663' title='bbox 1793 4934 1912 4986; x_wconf 75' lang='lat' dir='ltr'><strong>tUZ,</strong></span> <span class='ocrx_word' id='word_1_664' title='bbox 1952 4934 2034 4973; x_wconf 72' lang='lat' dir='ltr'><strong>to.</strong></span> <span class='ocrx_word' id='word_1_665' title='bbox 2072 4934 2233 4974; x_wconf 87' lang='lat' dir='ltr'><strong>unae</strong></span> <span class='ocrx_word' id='word_1_666' title='bbox 2264 4934 2320 4973; x_wconf 92' lang='lat' dir='ltr'><strong>et</strong></span> <span class='ocrx_word' id='word_1_667' title='bbox 2351 4934 2467 4984; x_wconf 86' lang='lat' dir='ltr'><strong>wt,</strong></span> 
     </span>
     <span class='ocr_line' id='line_1_88' title="bbox 810 4934 2472 5065; baseline 0.002 -24"><span class='ocrx_word' id='word_1_668' title='bbox 810 4991 899 5065; x_wconf 82' lang='lat'><strong>22_.</strong></span> <span class='ocrx_word' id='word_1_669' title='bbox 934 5003 1042 5060; x_wconf 94' lang='lat' dir='ltr'><strong>pro</strong></span> <span class='ocrx_word' id='word_1_670' title='bbox 1070 4990 1095 5039; x_wconf 85' lang='grc' dir='ltr'><strong><em>ὁ</em></strong></span> <span class='ocrx_word' id='word_1_671' title='bbox 1116 4987 1360 5065; x_wconf 50' lang='grc' dir='ltr'>ξΑμιαρος</span> <span class='ocrx_word' id='word_1_672' title='bbox 1388 4934 1715 5065; x_wconf 55' lang='lat' dir='ltr'><strong>fegendutn</strong></span> <span class='ocrx_word' id='word_1_673' title='bbox 1746 4990 2022 5065; x_wconf 80' lang='lat' dir='ltr'><strong>videatur</strong></span> <span class='ocrx_word' id='word_1_674' title='bbox 2070 4994 2341 5065; x_wconf 41' lang='lat' dir='ltr'><strong>O-Jygzpos</strong></span> <span class='ocrx_word' id='word_1_675' title='bbox 2364 5005 2472 5044; x_wconf 91' lang='lat' dir='ltr'><strong>seu</strong></span> 
     </span>
    </p>
   </div>
   <div class='ocr_carea' id='block_1_88' title="bbox 812 5058 2469 5134">
    <p class='ocr_par' dir='ltr' id='par_1_88' title="bbox 812 5058 2469 5134">
     <span class='ocr_line' id='line_1_89' title="bbox 812 5058 2469 5134; baseline 0.004 -24"><span class='ocrx_word' id='word_1_676' title='bbox 812 5058 1076 5134; x_wconf 60' lang='grc' dir='ltr'>υςόμὶιρος.</span> <span class='ocrx_word' id='word_1_677' title='bbox 1113 5058 1317 5134; x_wconf 75' lang='lat' dir='ltr'><strong>Sedin</strong></span> <span class='ocrx_word' id='word_1_678' title='bbox 1360 5058 1741 5134; x_wconf 81' lang='lat' dir='ltr'><strong>sequentium</strong></span> <span class='ocrx_word' id='word_1_679' title='bbox 1765 5062 1914 5117; x_wconf 88' lang='lat' dir='ltr'><strong>serie</strong></span> <span class='ocrx_word' id='word_1_680' title='bbox 1958 5058 2235 5134; x_wconf 75' lang='lat' dir='ltr'><strong>dissentit</strong></span> <span class='ocrx_word' id='word_1_681' title='bbox 2285 5062 2469 5116; x_wconf 86' lang='lat' dir='ltr'><strong>Theo-</strong></span> 
     </span>
    </p>
   </div>
   <div class='ocr_carea' id='block_1_89' title="bbox 809 5130 2471 5206">
    <p class='ocr_par' dir='ltr' id='par_1_89' title="bbox 809 5130 2471 5206">
     <span class='ocr_line' id='line_1_90' title="bbox 809 5130 2471 5206; baseline 0.002 -22"><span class='ocrx_word' id='word_1_682' title='bbox 809 5130 1043 5206; x_wconf 82' lang='lat' dir='ltr'><strong>phanes</strong></span> <span class='ocrx_word' id='word_1_683' title='bbox 1079 5130 1546 5206; x_wconf 75' lang='lat' dir='ltr'><strong>:_quippeapud</strong></span> <span class='ocrx_word' id='word_1_684' title='bbox 1573 5150 1755 5205; x_wconf 91' lang='lat' dir='ltr'><strong>quem</strong></span> <span class='ocrx_word' id='word_1_685' title='bbox 1792 5133 1991 5206; x_wconf 86' lang='lat' dir='ltr'><strong>Umari</strong></span> <span class='ocrx_word' id='word_1_686' title='bbox 2021 5148 2361 5206; x_wconf 74' lang='lat' dir='ltr'><strong>successor</strong></span> <span class='ocrx_word' id='word_1_687' title='bbox 2383 5138 2471 5188; x_wconf 88' lang='lat' dir='ltr'><strong>est</strong></span> 
     </span>
    </p>
   </div>
   <div class='ocr_carea' id='block_1_90' title="bbox 732 5202 2465 5275">
    <p class='ocr_par' dir='ltr' id='par_1_90' title="bbox 732 5202 2465 5275">
     <span class='ocr_line' id='line_1_91' title="bbox 732 5202 2465 5275; baseline 0.001 -18"><span class='ocrx_word' id='word_1_688' title='bbox 732 5262 737 5265; x_wconf 89' lang='lat'>_</span> <span class='ocrx_word' id='word_1_689' title='bbox 810 5204 1063 5275; x_wconf 53' lang='lat' dir='ltr'><strong>motu/Iv}</strong></span> <span class='ocrx_word' id='word_1_690' title='bbox 1096 5202 1400 5275; x_wconf 74' lang='lat' dir='ltr'><strong>Uthmani,</strong></span> <span class='ocrx_word' id='word_1_691' title='bbox 1422 5202 1679 5267; x_wconf 72' lang='grc' dir='ltr'>’Μαυῖὰςι</span> <span class='ocrx_word' id='word_1_692' title='bbox 1711 5205 1932 5267; x_wconf 71' lang='grc' dir='ltr'><strong>Μανίτε,</strong></span> <span class='ocrx_word' id='word_1_693' title='bbox 1960 5202 2114 5275; x_wconf 81' lang='grc' dir='ltr'>Ἰζίδ,</span> <span class='ocrx_word' id='word_1_694' title='bbox 2135 5205 2293 5259; x_wconf 76' lang='lat' dir='ltr'><strong>filius</strong></span> <span class='ocrx_word' id='word_1_695' title='bbox 2313 5204 2465 5273; x_wconf 90' lang='lat' dir='ltr'><strong>ejus:</strong></span> 
     </span>
    </p>
   </div>
   <div class='ocr_carea' id='block_1_91' title="bbox 810 5271 2465 5349">
    <p class='ocr_par' dir='ltr' id='par_1_91' title="bbox 810 5271 2465 5349">
     <span class='ocr_line' id='line_1_92' title="bbox 810 5271 2465 5349; baseline -0.001 -22"><span class='ocrx_word' id='word_1_696' title='bbox 810 5271 972 5343; x_wconf 44' lang='lat' dir='ltr'><strong>lzid&#39;i,</strong></span> <span class='ocrx_word' id='word_1_697' title='bbox 1031 5271 1301 5349; x_wconf 61' lang='grc' dir='ltr'>Ἀϐδελάς,</span> <span class='ocrx_word' id='word_1_698' title='bbox 1362 5276 1520 5349; x_wconf 76' lang='lat' dir='ltr'><strong>filius</strong></span> <span class='ocrx_word' id='word_1_699' title='bbox 1570 5277 1795 5349; x_wconf 81' lang='lat' dir='ltr'><strong>zuber:</strong></span> <span class='ocrx_word' id='word_1_700' title='bbox 1854 5271 2120 5337; x_wconf 66' lang='lat' dir='ltr'><strong>Abdclas,</strong></span> <span class='ocrx_word' id='word_1_701' title='bbox 2178 5271 2465 5349; x_wconf 45' lang='lat' dir='ltr'><strong>Maecenate-</strong></span> 
     </span>
    </p>
   </div>
   <div class='ocr_carea' id='block_1_92' title="bbox 807 5346 2447 5421">
    <p class='ocr_par' dir='ltr' id='par_1_92' title="bbox 807 5346 2447 5421">
     <span class='ocr_line' id='line_1_93' title="bbox 807 5346 2447 5421; baseline 0.001 -21"><span class='ocrx_word' id='word_1_702' title='bbox 807 5351 946 5421; x_wconf 82' lang='lat' dir='ltr'><strong>post</strong></span> <span class='ocrx_word' id='word_1_703' title='bbox 973 5362 1155 5418; x_wconf 90' lang='lat' dir='ltr'><strong>quem</strong></span> <span class='ocrx_word' id='word_1_704' title='bbox 1193 5346 1493 5420; x_wconf 76' lang='grc' dir='ltr'><strong>Ἀϐιμέλεχ,</strong></span> <span class='ocrx_word' id='word_1_705' title='bbox 1522 5354 1579 5404; x_wconf 91' lang='lat' dir='ltr'><strong>et</strong></span> <span class='ocrx_word' id='word_1_706' title='bbox 1608 5348 1894 5421; x_wconf 89' lang='lat' dir='ltr'><strong>deinceps</strong></span> <span class='ocrx_word' id='word_1_707' title='bbox 1923 5348 2045 5412; x_wconf 88' lang='lat' dir='ltr'><strong>alii,</strong></span> <span class='ocrx_word' id='word_1_708' title='bbox 2086 5349 2168 5404; x_wconf 87' lang='lat' dir='ltr'><strong>ila</strong></span> <span class='ocrx_word' id='word_1_709' title='bbox 2226 5346 2289 5404; x_wconf 81' lang='lat' dir='ltr'><strong>ut</strong></span> <span class='ocrx_word' id='word_1_710' title='bbox 2346 5346 2447 5403; x_wconf 83' lang='lat' dir='ltr'><strong>Tal</strong></span> 
     </span>
    </p>
   </div>
   <div class='ocr_carea' id='block_1_93' title="bbox 808 5417 2469 5493">
    <p class='ocr_par' dir='ltr' id='par_1_93' title="bbox 808 5417 2469 5493">
     <span class='ocr_line' id='line_1_94' title="bbox 808 5417 2469 5493; baseline 0.001 -22"><span class='ocrx_word' id='word_1_711' title='bbox 808 5417 952 5472; x_wconf 90' lang='lat' dir='ltr'><strong>char</strong></span> <span class='ocrx_word' id='word_1_712' title='bbox 978 5417 1033 5475; x_wconf 83' lang='lat' dir='ltr'><strong>et</strong></span> <span class='ocrx_word' id='word_1_713' title='bbox 1053 5417 1402 5490; x_wconf 81' lang='lat' dir='ltr'><strong>Apupacres</strong></span> <span class='ocrx_word' id='word_1_714' title='bbox 1427 5417 1500 5476; x_wconf 73' lang='lat' dir='ltr'><strong>ex</strong></span> <span class='ocrx_word' id='word_1_715' title='bbox 1532 5417 2032 5493; x_wconf 52' lang='lat' dir='ltr'><strong>symmyst&#39;arum,</strong></span> <span class='ocrx_word' id='word_1_716' title='bbox 2058 5436 2177 5476; x_wconf 89' lang='lat' dir='ltr'><strong>non</strong></span> <span class='ocrx_word' id='word_1_717' title='bbox 2223 5436 2293 5493; x_wconf 82' lang='lat' dir='ltr'><strong>ex</strong></span> <span class='ocrx_word' id='word_1_718' title='bbox 2339 5435 2469 5493; x_wconf 81' lang='lat' dir='ltr'><strong>suc-</strong></span> 
     </span>
    </p>
   </div>
   <div class='ocr_carea' id='block_1_94' title="bbox 808 5490 2470 5565">
    <p class='ocr_par' dir='ltr' id='par_1_94' title="bbox 808 5490 2470 5565">
     <span class='ocr_line' id='line_1_95' title="bbox 808 5490 2470 5565; baseline 0.002 -21"><span class='ocrx_word' id='word_1_719' title='bbox 808 5504 1119 5546; x_wconf 89' lang='lat' dir='ltr'><strong>cessorum</strong></span> <span class='ocrx_word' id='word_1_720' title='bbox 1149 5506 1405 5548; x_wconf 89' lang='lat' dir='ltr'><strong>numero</strong></span> <span class='ocrx_word' id='word_1_721' title='bbox 1436 5490 1574 5548; x_wconf 87' lang='lat' dir='ltr'><strong>esse</strong></span> <span class='ocrx_word' id='word_1_722' title='bbox 1596 5490 1785 5547; x_wconf 85' lang='lat' dir='ltr'><strong>videri</strong></span> <span class='ocrx_word' id='word_1_723' title='bbox 1815 5497 2061 5565; x_wconf 88' lang='lat' dir='ltr'><strong>queant,</strong></span> <span class='ocrx_word' id='word_1_724' title='bbox 2091 5492 2258 5564; x_wconf 88' lang='lat' dir='ltr'><strong>quod</strong></span> <span class='ocrx_word' id='word_1_725' title='bbox 2311 5495 2367 5547; x_wconf 90' lang='lat' dir='ltr'><strong>et</strong></span> <span class='ocrx_word' id='word_1_726' title='bbox 2395 5490 2470 5547; x_wconf 90' lang='lat' dir='ltr'><strong>de</strong></span> 
     </span>
    </p>
   </div>
   <div class='ocr_carea' id='block_1_95' title="bbox 2591 3251 4185 3329">
    <p class='ocr_par' dir='ltr' id='par_1_95' title="bbox 2591 3251 4185 3329">
     <span class='ocr_line' id='line_1_96' title="bbox 2591 3251 4185 3329; baseline -0.001 -21"><span class='ocrx_word' id='word_1_727' title='bbox 2591 3259 2817 3329; x_wconf 69' lang='grc' dir='ltr'>θυριοὺσι</span> <span class='ocrx_word' id='word_1_728' title='bbox 2843 3259 2941 3326; x_wconf 87' lang='lat'><strong>(6),</strong></span> <span class='ocrx_word' id='word_1_729' title='bbox 2971 3260 3061 3308; x_wconf 89' lang='grc' dir='ltr'><strong>καί</strong></span> <span class='ocrx_word' id='word_1_730' title='bbox 3100 3255 3304 3328; x_wconf 80' lang='grc' dir='ltr'>ὀπώραν</span> <span class='ocrx_word' id='word_1_731' title='bbox 3343 3260 3592 3307; x_wconf 79' lang='grc' dir='ltr'>παντοίαν</span> <span class='ocrx_word' id='word_1_732' title='bbox 3623 3272 3637 3286; x_wconf 88' lang='grc'><strong>·</strong></span> <span class='ocrx_word' id='word_1_733' title='bbox 3694 3257 3929 3316; x_wconf 78' lang='grc' dir='ltr'>πίνοντας</span> <span class='ocrx_word' id='word_1_734' title='bbox 3976 3273 4031 3306; x_wconf 80' lang='grc' dir='ltr'><strong>τι</strong></span> <span class='ocrx_word' id='word_1_735' title='bbox 4083 3251 4185 3306; x_wconf 77' lang='grc' dir='ltr'><strong>ἀπὸ</strong></span> 
     </span>
    </p>
   </div>
   <div class='ocr_carea' id='block_1_96' title="bbox 2585 3343 4183 3419">
    <p class='ocr_par' dir='ltr' id='par_1_96' title="bbox 2585 3343 4183 3419">
     <span class='ocr_line' id='line_1_97' title="bbox 2585 3343 4183 3419; baseline -0.001 -22"><span class='ocrx_word' id='word_1_736' title='bbox 2585 3348 2822 3419; x_wconf 61' lang='grc' dir='ltr'>καφουρά</span> <span class='ocrx_word' id='word_1_737' title='bbox 2879 3353 3075 3416; x_wconf 75' lang='grc' dir='ltr'>πηγῆς,</span> <span class='ocrx_word' id='word_1_738' title='bbox 3127 3349 3216 3396; x_wconf 87' lang='grc' dir='ltr'><strong>καί</strong></span> <span class='ocrx_word' id='word_1_739' title='bbox 3262 3346 3364 3396; x_wconf 79' lang='grc' dir='ltr'><strong>ἀπὸ</strong></span> <span class='ocrx_word' id='word_1_740' title='bbox 3425 3343 3661 3418; x_wconf 74' lang='grc' dir='ltr'>ξιγγίϐερ</span> <span class='ocrx_word' id='word_1_741' title='bbox 3719 3351 3917 3414; x_wconf 76' lang='grc' dir='ltr'>πηγῆς,</span> <span class='ocrx_word' id='word_1_742' title='bbox 3986 3343 4183 3415; x_wconf 75' lang='grc' dir='ltr'>ὠνομα-</span> 
     </span>
    </p>
   </div>
   <div class='ocr_carea' id='block_1_97' title="bbox 2589 3429 4183 3507">
    <p class='ocr_par' dir='ltr' id='par_1_97' title="bbox 2589 3429 4183 3507">
     <span class='ocr_line' id='line_1_98' title="bbox 2589 3429 4183 3507; baseline -0.003 -20"><span class='ocrx_word' id='word_1_743' title='bbox 2589 3440 2780 3507; x_wconf 71' lang='grc' dir='ltr'>σμένης</span> <span class='ocrx_word' id='word_1_744' title='bbox 2820 3433 3117 3487; x_wconf 60' lang='grc' dir='ltr'>Σαλσάεῗιλα</span> <span class='ocrx_word' id='word_1_745' title='bbox 3149 3450 3161 3463; x_wconf 82' lang='grc'><em>’</em></span> <span class='ocrx_word' id='word_1_746' title='bbox 3217 3438 3306 3486; x_wconf 82' lang='grc' dir='ltr'><strong>καί</strong></span> <span class='ocrx_word' id='word_1_747' title='bbox 3359 3429 3492 3486; x_wconf 86' lang='grc' dir='ltr'>οἶνον</span> <span class='ocrx_word' id='word_1_748' title='bbox 3534 3436 3974 3505; x_wconf 59' lang='grc' dir='ltr'>προσφερομένους</span> <span class='ocrx_word' id='word_1_749' title='bbox 4015 3432 4075 3484; x_wconf 77' lang='grc' dir='ltr'>οὗ</span> <span class='ocrx_word' id='word_1_750' title='bbox 4125 3435 4183 3484; x_wconf 87' lang='grc' dir='ltr'>τὸ</span> 
     </span>
    </p>
   </div>
   <div class='ocr_carea' id='block_1_98' title="bbox 2584 3521 4185 3599">
    <p class='ocr_par' dir='ltr' id='par_1_98' title="bbox 2584 3521 4185 3599">
     <span class='ocr_line' id='line_1_99' title="bbox 2584 3521 4185 3599; baseline -0.002 -23"><span class='ocrx_word' id='word_1_751' title='bbox 2584 3529 2823 3599; x_wconf 71' lang='grc' dir='ltr'>κέρασμα</span> <span class='ocrx_word' id='word_1_752' title='bbox 2876 3522 2931 3576; x_wconf 77' lang='grc' dir='ltr'>ἐκ</span> <span class='ocrx_word' id='word_1_753' title='bbox 2982 3532 3155 3594; x_wconf 73' lang='grc' dir='ltr'>πηγῆς</span> <span class='ocrx_word' id='word_1_754' title='bbox 3212 3528 3435 3595; x_wconf 71' lang='grc' dir='ltr'>Θισνείμ.</span> <span class='ocrx_word' id='word_1_755' title='bbox 3464 3540 3476 3553; x_wconf 89' lang='grc'><strong>·</strong></span> <span class='ocrx_word' id='word_1_756' title='bbox 3511 3523 3577 3573; x_wconf 85' lang='grc' dir='ltr'>ὧν</span> <span class='ocrx_word' id='word_1_757' title='bbox 3622 3524 3676 3572; x_wconf 80' lang='grc' dir='ltr'>αἱ</span> <span class='ocrx_word' id='word_1_758' title='bbox 3724 3521 3923 3580; x_wconf 65' lang='grc' dir='ltr'>ἡλικίαι</span> <span class='ocrx_word' id='word_1_759' title='bbox 3974 3521 4185 3596; x_wconf 68' lang='grc' dir='ltr'>οὐρανο-</span> 
     </span>
    </p>
   </div>
   <div class='ocr_carea' id='block_1_99' title="bbox 2583 3612 4183 3688">
    <p class='ocr_par' dir='ltr' id='par_1_99' title="bbox 2583 3612 4183 3688">
     <span class='ocr_line' id='line_1_100' title="bbox 2583 3612 4183 3688; baseline -0.003 -23"><span class='ocrx_word' id='word_1_760' title='bbox 2583 3619 2786 3686; x_wconf 78' lang='grc' dir='ltr'>μήκεις,</span> <span class='ocrx_word' id='word_1_761' title='bbox 2822 3612 3041 3688; x_wconf 72' lang='grc' dir='ltr'>ἀρρένων</span> <span class='ocrx_word' id='word_1_762' title='bbox 3079 3631 3133 3664; x_wconf 77' lang='grc' dir='ltr'>τε</span> <span class='ocrx_word' id='word_1_763' title='bbox 3188 3617 3276 3663; x_wconf 87' lang='grc' dir='ltr'><strong>καί</strong></span> <span class='ocrx_word' id='word_1_764' title='bbox 3310 3612 3521 3669; x_wconf 75' lang='grc' dir='ltr'>θηλειῶν</span> <span class='ocrx_word' id='word_1_765' title='bbox 3546 3630 3558 3643; x_wconf 78' lang='grc' dir='ltr'><strong>ο</strong></span> <span class='ocrx_word' id='word_1_766' title='bbox 3610 3615 3701 3662; x_wconf 90' lang='grc' dir='ltr'><strong>καί</strong></span> <span class='ocrx_word' id='word_1_767' title='bbox 3736 3614 3799 3662; x_wconf 74' lang='grc' dir='ltr'><strong>τα</strong></span> <span class='ocrx_word' id='word_1_768' title='bbox 3854 3614 4013 3682; x_wconf 79' lang='grc' dir='ltr'>μόρια</span> <span class='ocrx_word' id='word_1_769' title='bbox 4069 3628 4183 3661; x_wconf 76' lang='grc' dir='ltr'>τεσ-</span> 
     </span>
    </p>
   </div>
   <div class='ocr_carea' id='block_1_100' title="bbox 2586 3696 4185 3775">
    <p class='ocr_par' dir='ltr' id='par_1_100' title="bbox 2586 3696 4185 3775">
     <span class='ocr_line' id='line_1_101' title="bbox 2586 3696 4185 3775; baseline -0.004 -20"><span class='ocrx_word' id='word_1_770' title='bbox 2586 3705 2879 3775; x_wconf 80' lang='grc' dir='ltr'>σαράκοντα</span> <span class='ocrx_word' id='word_1_771' title='bbox 2938 3706 3136 3773; x_wconf 75' lang='grc' dir='ltr'>πήχεις</span> <span class='ocrx_word' id='word_1_772' title='bbox 3379 3700 3829 3760; x_wconf 73' lang='grc' dir='ltr'>συνουσιαζόντων</span> <span class='ocrx_word' id='word_1_773' title='bbox 3888 3696 4185 3770; x_wconf 77' lang='grc' dir='ltr'>ἁκορέστως</span> 
     </span>
    </p>
   </div>
   <div class='ocr_carea' id='block_1_101' title="bbox 2583 3786 4181 3862">
    <p class='ocr_par' dir='ltr' id='par_1_101' title="bbox 2583 3786 4181 3862">
     <span class='ocr_line' id='line_1_102' title="bbox 2583 3786 4181 3862; baseline -0.003 -18"><span class='ocrx_word' id='word_1_774' title='bbox 2583 3790 2796 3845; x_wconf 82' lang='grc' dir='ltr'>ἐνώπιον</span> <span class='ocrx_word' id='word_1_775' title='bbox 2827 3800 2918 3844; x_wconf 74' lang='grc' dir='ltr'>τοῦ</span> <span class='ocrx_word' id='word_1_776' title='bbox 2951 3799 3083 3845; x_wconf 77' lang='grc' dir='ltr'><strong>θεοῦ</strong></span> <span class='ocrx_word' id='word_1_777' title='bbox 3119 3808 3130 3821; x_wconf 91' lang='grc'><strong>·</strong></span> <span class='ocrx_word' id='word_1_778' title='bbox 3189 3786 3330 3842; x_wconf 79' lang='grc' dir='ltr'>διότι</span> <span class='ocrx_word' id='word_1_779' title='bbox 3374 3794 3501 3851; x_wconf 76' lang='grc' dir='ltr'><strong>Θεὸς</strong></span> <span class='ocrx_word' id='word_1_780' title='bbox 3549 3790 3749 3862; x_wconf 63' lang='grc' dir='ltr'>(φησίν)</span> <span class='ocrx_word' id='word_1_781' title='bbox 3796 3788 3890 3840; x_wconf 68' lang='grc' dir='ltr'>οὐκ</span> <span class='ocrx_word' id='word_1_782' title='bbox 3924 3787 4181 3858; x_wconf 78' lang='grc' dir='ltr'>αἰσχύνε-</span> 
     </span>
    </p>
   </div>
   <div class='ocr_carea' id='block_1_102' title="bbox 2581 3915 4182 3980">
    <p class='ocr_par' dir='ltr' id='par_1_102' title="bbox 2581 3915 4182 3980">
     <span class='ocr_line' id='line_1_103' title="bbox 2581 3915 4182 3980; baseline -0.002 -8"><span class='ocrx_word' id='word_1_783' title='bbox 2581 3918 2732 3973; x_wconf 89' lang='lat' dir='ltr'><strong>Zeite</strong></span> <span class='ocrx_word' id='word_1_784' title='bbox 2763 3934 2833 3973; x_wconf 91' lang='lat' dir='ltr'><strong>ac</strong></span> <span class='ocrx_word' id='word_1_785' title='bbox 2863 3918 3016 3974; x_wconf 91' lang='lat' dir='ltr'><strong>Saite</strong></span> <span class='ocrx_word' id='word_1_786' title='bbox 3048 3915 3495 3980; x_wconf 90' lang='lat' dir='ltr'><strong>sentireliceat;</strong></span> <span class='ocrx_word' id='word_1_787' title='bbox 3543 3930 3680 3969; x_wconf 87' lang='lat' dir='ltr'><strong>cum</strong></span> <span class='ocrx_word' id='word_1_788' title='bbox 3740 3929 3949 3969; x_wconf 90' lang='lat' dir='ltr'><strong>eorum</strong></span> <span class='ocrx_word' id='word_1_789' title='bbox 4005 3927 4182 3969; x_wconf 85' lang='lat' dir='ltr'><strong>men-</strong></span> 
     </span>
    </p>
   </div>
   <div class='ocr_carea' id='block_1_103' title="bbox 2583 3984 4181 4079">
    <p class='ocr_par' dir='ltr' id='par_1_103' title="bbox 2583 3984 4181 4079">
     <span class='ocr_line' id='line_1_104' title="bbox 2583 3984 4181 4079; baseline -0.001 -35"><span class='ocrx_word' id='word_1_790' title='bbox 2583 3990 2739 4079; x_wconf 45' lang='lat' dir='ltr'><strong>tio/in</strong></span> <span class='ocrx_word' id='word_1_791' title='bbox 2777 3990 3148 4079; x_wconf 72' lang='lat' dir='ltr'><strong>principatus</strong></span> <span class='ocrx_word' id='word_1_792' title='bbox 3180 3986 3628 4079; x_wconf 60' lang='lat' dir='ltr'><strong>successoribus</strong></span> <span class='ocrx_word' id='word_1_793' title='bbox 3668 4001 3790 4079; x_wconf 65' lang='lat' dir='ltr'><strong>non</strong></span> <span class='ocrx_word' id='word_1_794' title='bbox 3823 3984 4181 4079; x_wconf 65' lang='lat' dir='ltr'><strong>inveniatur.</strong></span> 
     </span>
    </p>
   </div>
   <div class='ocr_carea' id='block_1_104' title="bbox 2654 4054 4183 4132">
    <p class='ocr_par' dir='ltr' id='par_1_104' title="bbox 2654 4054 4183 4132">
     <span class='ocr_line' id='line_1_105' title="bbox 2654 4054 4183 4132; baseline -0.002 -17"><span class='ocrx_word' id='word_1_795' title='bbox 2654 4062 2733 4132; x_wconf 83' lang='lat'><strong>(5)</strong></span> <span class='ocrx_word' id='word_1_796' title='bbox 2757 4054 2854 4113; x_wconf 70' lang='grc' dir='ltr'><strong>Τὸν</strong></span> <span class='ocrx_word' id='word_1_797' title='bbox 2888 4054 3169 4132; x_wconf 51' lang='lat' dir='ltr'><strong>magas-4v</strong></span> <span class='ocrx_word' id='word_1_798' title='bbox 3200 4059 3490 4114; x_wconf 89' lang='lat' dir='ltr'><strong>incertum</strong></span> <span class='ocrx_word' id='word_1_799' title='bbox 3518 4064 3607 4113; x_wconf 91' lang='lat' dir='ltr'><strong>est</strong></span> <span class='ocrx_word' id='word_1_800' title='bbox 3634 4056 3783 4113; x_wconf 89' lang='lat' dir='ltr'><strong>sitne</strong></span> <span class='ocrx_word' id='word_1_801' title='bbox 3831 4054 4070 4127; x_wconf 84' lang='lat' dir='ltr'><strong>gentile,</strong></span> <span class='ocrx_word' id='word_1_802' title='bbox 4102 4071 4183 4112; x_wconf 88' lang='lat' dir='ltr'><strong>an</strong></span> 
     </span>
    </p>
   </div>
   <div class='ocr_carea' id='block_1_105' title="bbox 2581 4131 3959 4213">
    <p class='ocr_par' dir='ltr' id='par_1_105' title="bbox 2581 4131 3959 4213">
     <span class='ocr_line' id='line_1_106' title="bbox 2581 4131 3959 4213; baseline 0 -25"><span class='ocrx_word' id='word_1_803' title='bbox 2581 4131 2922 4213; x_wconf 68' lang='lat' dir='ltr'><strong>cognomen</strong></span> <span class='ocrx_word' id='word_1_804' title='bbox 2952 4131 3308 4213; x_wconf 73' lang='lat' dir='ltr'><strong>quodpiam.</strong></span> <span class='ocrx_word' id='word_1_805' title='bbox 3414 4200 3429 4213; x_wconf 37' lang='grc' dir='ltr'>ἱ</span> <span class='ocrx_word' id='word_1_806' title='bbox 3812 4201 3872 4213; x_wconf 61' lang='lat' dir='ltr'><strong>M</strong></span> <span class='ocrx_word' id='word_1_807' title='bbox 3949 4198 3959 4208; x_wconf 36' lang='grc' dir='ltr'><strong><em>η</em></strong></span> 
     </span>
    </p>
   </div>
   <div class='ocr_carea' id='block_1_106' title="bbox 2653 4200 4184 4276">
    <p class='ocr_par' dir='ltr' id='par_1_106' title="bbox 2653 4200 4184 4276">
     <span class='ocr_line' id='line_1_107' title="bbox 2653 4200 4184 4276; baseline -0.003 -18"><span class='ocrx_word' id='word_1_808' title='bbox 2653 4200 3062 4276; x_wconf 74' lang='lat' dir='ltr'><strong>(ti)llespicérc</strong></span> <span class='ocrx_word' id='word_1_809' title='bbox 3096 4200 3324 4276; x_wconf 76' lang='lat' dir='ltr'><strong>videtur</strong></span> <span class='ocrx_word' id='word_1_810' title='bbox 3356 4200 3764 4276; x_wconf 23' lang='lat' dir='ltr'><strong>adhazoararn</strong></span> <span class='ocrx_word' id='word_1_811' title='bbox 3808 4201 3899 4276; x_wconf 74' lang='grc'><strong>62,</strong></span> <span class='ocrx_word' id='word_1_812' title='bbox 3946 4200 4031 4276; x_wconf 85' lang='lat' dir='ltr'><strong>in</strong></span> <span class='ocrx_word' id='word_1_813' title='bbox 4059 4212 4184 4270; x_wconf 88' lang='lat' dir='ltr'><strong>qua</strong></span> 
     </span>
    </p>
   </div>
   <div class='ocr_carea' id='block_1_107' title="bbox 2584 4270 4180 4344">
    <p class='ocr_par' dir='ltr' id='par_1_107' title="bbox 2584 4270 4180 4344">
     <span class='ocr_line' id='line_1_108' title="bbox 2584 4270 4180 4344; baseline -0.004 -15"><span class='ocrx_word' id='word_1_814' title='bbox 2584 4270 2689 4336; x_wconf 83' lang='lat' dir='ltr'><strong>est.</strong></span> <span class='ocrx_word' id='word_1_815' title='bbox 2721 4276 2804 4330; x_wconf 74' lang='lat' dir='ltr'><strong>Ite</strong></span> <span class='ocrx_word' id='word_1_816' title='bbox 2822 4270 3125 4344; x_wconf 62' lang='lat' dir='ltr'><strong>fructibus</strong></span> <span class='ocrx_word' id='word_1_817' title='bbox 3148 4273 3501 4328; x_wconf 81' lang='lat' dir='ltr'><strong>omnimodis</strong></span> <span class='ocrx_word' id='word_1_818' title='bbox 3533 4272 3693 4327; x_wconf 80' lang='lat' dir='ltr'><strong>vobis</strong></span> <span class='ocrx_word' id='word_1_819' title='bbox 3723 4270 3902 4336; x_wconf 83' lang='lat' dir='ltr'><strong>datis,</strong></span> <span class='ocrx_word' id='word_1_820' title='bbox 3934 4275 4180 4344; x_wconf 79' lang='lat' dir='ltr'><strong>optimo-</strong></span> 
     </span>
    </p>
   </div>
   <div class='ocr_carea' id='block_1_108' title="bbox 2582 4342 4183 4419">
    <p class='ocr_par' dir='ltr' id='par_1_108' title="bbox 2582 4342 4183 4419">
     <span class='ocr_line' id='line_1_109' title="bbox 2582 4342 4183 4419; baseline -0.003 -19"><span class='ocrx_word' id='word_1_821' title='bbox 2582 4361 2696 4419; x_wconf 88' lang='lat' dir='ltr'><strong>que</strong></span> <span class='ocrx_word' id='word_1_822' title='bbox 2726 4342 2887 4402; x_wconf 87' lang='lat' dir='ltr'><strong>victu</strong></span> <span class='ocrx_word' id='word_1_823' title='bbox 2919 4347 3203 4402; x_wconf 83' lang='lat' dir='ltr'><strong>comedite</strong></span> <span class='ocrx_word' id='word_1_824' title='bbox 3223 4350 3401 4419; x_wconf 82' lang='lat' dir='ltr'><strong>atque</strong></span> <span class='ocrx_word' id='word_1_825' title='bbox 3432 4344 3643 4419; x_wconf 80' lang='lat' dir='ltr'><strong>bibite:</strong></span> <span class='ocrx_word' id='word_1_826' title='bbox 3677 4348 3734 4398; x_wconf 89' lang='lat' dir='ltr'><strong>et</strong></span> <span class='ocrx_word' id='word_1_827' title='bbox 3773 4357 3937 4419; x_wconf 69' lang='lat' dir='ltr'><strong>mox,</strong></span> <span class='ocrx_word' id='word_1_828' title='bbox 3984 4342 4183 4419; x_wconf 80' lang='lat' dir='ltr'><strong>Super</strong></span> 
     </span>
    </p>
   </div>
   <div class='ocr_carea' id='block_1_109' title="bbox 2584 4414 4180 4485">
    <p class='ocr_par' dir='ltr' id='par_1_109' title="bbox 2584 4414 4180 4485">
     <span class='ocr_line' id='line_1_110' title="bbox 2584 4414 4180 4485; baseline -0.004 -13"><span class='ocrx_word' id='word_1_829' title='bbox 2584 4414 2829 4474; x_wconf 70' lang='lat' dir='ltr'><strong>vestium</strong></span> <span class='ocrx_word' id='word_1_830' title='bbox 2854 4424 3183 4473; x_wconf 85' lang='lat' dir='ltr'><strong>stramenta</strong></span> <span class='ocrx_word' id='word_1_831' title='bbox 3214 4414 3639 4485; x_wconf 67' lang='lat' dir='ltr'><strong>ferinosissima</strong></span> <span class='ocrx_word' id='word_1_832' title='bbox 3654 4429 3765 4483; x_wconf 79' lang='lat' dir='ltr'><strong>pro</strong></span> <span class='ocrx_word' id='word_1_833' title='bbox 3797 4414 3969 4468; x_wconf 84' lang='lat' dir='ltr'><strong>modo</strong></span> <span class='ocrx_word' id='word_1_834' title='bbox 3990 4418 4180 4468; x_wconf 90' lang='lat' dir='ltr'><strong>vestro</strong></span> 
     </span>
    </p>
   </div>
   <div class='ocr_carea' id='block_1_110' title="bbox 2583 4485 4178 4556">
    <p class='ocr_par' dir='ltr' id='par_1_110' title="bbox 2583 4485 4178 4556">
     <span class='ocr_line' id='line_1_111' title="bbox 2583 4485 4178 4556; baseline -0.004 -12"><span class='ocrx_word' id='word_1_835' title='bbox 2583 4490 2936 4545; x_wconf 81' lang='lat' dir='ltr'><strong>discumbite</strong></span> <span class='ocrx_word' id='word_1_836' title='bbox 2964 4489 3211 4543; x_wconf 83' lang='lat' dir='ltr'><strong>ducturi</strong></span> <span class='ocrx_word' id='word_1_837' title='bbox 3241 4488 3503 4556; x_wconf 81' lang='lat' dir='ltr'><strong>virgines</strong></span> <span class='ocrx_word' id='word_1_838' title='bbox 3556 4485 4015 4551; x_wconf 82' lang='lat' dir='ltr'><strong>decentissimas,</strong></span> <span class='ocrx_word' id='word_1_839' title='bbox 4046 4498 4178 4538; x_wconf 82' lang='lat' dir='ltr'><strong>cum</strong></span> 
     </span>
    </p>
   </div>
   <div class='ocr_carea' id='block_1_111' title="bbox 2506 4546 4182 4630">
    <p class='ocr_par' dir='ltr' id='par_1_111' title="bbox 2506 4546 4182 4630">
     <span class='ocr_line' id='line_1_112' title="bbox 2506 4546 4182 4630; baseline -0.004 -14"><span class='ocrx_word' id='word_1_840' title='bbox 2506 4546 2551 4600; x_wconf 82' lang='lat' dir='ltr'><strong>D</strong></span> <span class='ocrx_word' id='word_1_841' title='bbox 2582 4562 2770 4616; x_wconf 75' lang='lat' dir='ltr'><strong>oculis</strong></span> <span class='ocrx_word' id='word_1_842' title='bbox 2801 4561 3099 4616; x_wconf 84' lang='lat' dir='ltr'><strong>immensis</strong></span> <span class='ocrx_word' id='word_1_843' title='bbox 3121 4567 3299 4630; x_wconf 83' lang='lat' dir='ltr'><strong>atque</strong></span> <span class='ocrx_word' id='word_1_844' title='bbox 3326 4546 3713 4630; x_wconf 62' lang='lat' dir='ltr'><strong>iiudibundis.</strong></span> <span class='ocrx_word' id='word_1_845' title='bbox 3743 4546 4037 4627; x_wconf 65' lang='lat' dir='ltr'><strong>nusquam</strong></span> <span class='ocrx_word' id='word_1_846' title='bbox 4061 4555 4182 4610; x_wconf 77' lang='lat' dir='ltr'><strong>nisi</strong></span> 
     </span>
    </p>
   </div>
   <div class='ocr_carea' id='block_1_112' title="bbox 2584 4629 4177 4699">
    <p class='ocr_par' dir='ltr' id='par_1_112' title="bbox 2584 4629 4177 4699">
     <span class='ocr_line' id='line_1_113' title="bbox 2584 4629 4177 4699; baseline -0.005 -12"><span class='ocrx_word' id='word_1_847' title='bbox 2584 4638 2819 4687; x_wconf 86' lang='lat' dir='ltr'><strong>tantum</strong></span> <span class='ocrx_word' id='word_1_848' title='bbox 2847 4633 2927 4688; x_wconf 76' lang='lat' dir='ltr'><strong>ad</strong></span> <span class='ocrx_word' id='word_1_849' title='bbox 2955 4634 3204 4687; x_wconf 85' lang='lat' dir='ltr'><strong>maritos</strong></span> <span class='ocrx_word' id='word_1_850' title='bbox 3247 4646 3384 4686; x_wconf 84' lang='lat' dir='ltr'><strong>suos</strong></span> <span class='ocrx_word' id='word_1_851' title='bbox 3426 4629 3755 4699; x_wconf 83' lang='lat' dir='ltr'><strong>ﬂectendis,</strong></span> <span class='ocrx_word' id='word_1_852' title='bbox 3805 4632 3863 4683; x_wconf 87' lang='lat' dir='ltr'><strong>et</strong></span> <span class='ocrx_word' id='word_1_853' title='bbox 3895 4641 4177 4699; x_wconf 72' lang='lat' dir='ltr'><strong>rursum,</strong></span> 
     </span>
    </p>
   </div>
   <div class='ocr_carea' id='block_1_113' title="bbox 2580 4697 4179 4773">
    <p class='ocr_par' dir='ltr' id='par_1_113' title="bbox 2580 4697 4179 4773">
     <span class='ocr_line' id='line_1_114' title="bbox 2580 4697 4179 4773; baseline -0.006 -14"><span class='ocrx_word' id='word_1_854' title='bbox 2580 4705 2713 4759; x_wconf 86' lang='lat' dir='ltr'><strong>Illis</strong></span> <span class='ocrx_word' id='word_1_855' title='bbox 2738 4704 2971 4773; x_wconf 75' lang='lat' dir='ltr'><strong>fructus</strong></span> <span class='ocrx_word' id='word_1_856' title='bbox 3002 4710 3054 4759; x_wconf 90' lang='lat' dir='ltr'><strong>et</strong></span> <span class='ocrx_word' id='word_1_857' title='bbox 3088 4718 3299 4757; x_wconf 82' lang='lat' dir='ltr'><strong>carnes</strong></span> <span class='ocrx_word' id='word_1_858' title='bbox 3326 4697 3439 4770; x_wconf 84' lang='lat' dir='ltr'><strong>pro</strong></span> <span class='ocrx_word' id='word_1_859' title='bbox 3462 4702 3559 4773; x_wconf 77' lang='grc' dir='ltr'>,ςιιί</span> <span class='ocrx_word' id='word_1_860' title='bbox 3598 4701 3722 4773; x_wconf 82' lang='lat' dir='ltr'><strong>voti</strong></span> <span class='ocrx_word' id='word_1_861' title='bbox 3766 4698 3939 4753; x_wconf 86' lang='lat' dir='ltr'><strong>modo</strong></span> <span class='ocrx_word' id='word_1_862' title='bbox 3976 4697 4179 4773; x_wconf 70' lang='lat' dir='ltr'><strong>multi-</strong></span> 
     </span>
    </p>
   </div>
   <div class='ocr_carea' id='block_1_114' title="bbox 2575 4770 4176 4847">
    <p class='ocr_par' dir='ltr' id='par_1_114' title="bbox 2575 4770 4176 4847">
     <span class='ocr_line' id='line_1_115' title="bbox 2575 4770 4176 4847; baseline -0.005 -17"><span class='ocrx_word' id='word_1_863' title='bbox 2575 4770 2897 4845; x_wconf 48' lang='lat' dir='ltr'><strong>plica&#39;turi.</strong></span> <span class='ocrx_word' id='word_1_864' title='bbox 2943 4779 3017 4830; x_wconf 89' lang='lat' dir='ltr'><strong>De</strong></span> <span class='ocrx_word' id='word_1_865' title='bbox 3059 4773 3450 4847; x_wconf 79' lang='lat' dir='ltr'><strong>sequentibus</strong></span> <span class='ocrx_word' id='word_1_866' title='bbox 3501 4770 3787 4837; x_wconf 79' lang='lat' dir='ltr'><strong>fontibus,</strong></span> <span class='ocrx_word' id='word_1_867' title='bbox 3828 4784 4045 4847; x_wconf 73' lang='lat' dir='ltr'><strong>azoara</strong></span> <span class='ocrx_word' id='word_1_868' title='bbox 4085 4771 4176 4847; x_wconf 64' lang='lat'><strong>36,</strong></span> 
     </span>
    </p>
   </div>
   <div class='ocr_carea' id='block_1_115' title="bbox 2580 4840 4181 4916">
    <p class='ocr_par' dir='ltr' id='par_1_115' title="bbox 2580 4840 4181 4916">
     <span class='ocr_line' id='line_1_116' title="bbox 2580 4840 4181 4916; baseline -0.004 -14"><span class='ocrx_word' id='word_1_869' title='bbox 2580 4840 2680 4903; x_wconf 73' lang='lat' dir='ltr'><strong>Ex</strong></span> <span class='ocrx_word' id='word_1_870' title='bbox 2702 4862 2838 4902; x_wconf 87' lang='lat' dir='ltr'><strong>vase</strong></span> <span class='ocrx_word' id='word_1_871' title='bbox 2864 4840 3194 4916; x_wconf 70' lang='lat' dir='ltr'><strong>camp/lora</strong></span> <span class='ocrx_word' id='word_1_872' title='bbox 3241 4845 3498 4909; x_wconf 82' lang='lat' dir='ltr'><strong>condito,</strong></span> <span class='ocrx_word' id='word_1_873' title='bbox 3553 4849 3606 4898; x_wconf 82' lang='lat' dir='ltr'><strong>et</strong></span> <span class='ocrx_word' id='word_1_874' title='bbox 3638 4857 3713 4916; x_wconf 72' lang='lat' dir='ltr'><strong>ea:</strong></span> <span class='ocrx_word' id='word_1_875' title='bbox 3750 4840 4181 4916; x_wconf 73' lang='lat' dir='ltr'><strong>aperto_fo_nte</strong></span> 
     </span>
    </p>
   </div>
   <div class='ocr_carea' id='block_1_116' title="bbox 2583 4911 4177 4998">
    <p class='ocr_par' dir='ltr' id='par_1_116' title="bbox 2583 4911 4177 4998">
     <span class='ocr_line' id='line_1_117' title="bbox 2583 4911 4177 4998; baseline -0.004 -25"><span class='ocrx_word' id='word_1_876' title='bbox 2583 4911 3016 4998; x_wconf 55' lang='lat' dir='ltr'><strong>homines_l)ei&#39;_</strong></span> <span class='ocrx_word' id='word_1_877' title='bbox 3052 4918 3369 4998; x_wconf 78' lang='lat' dir='ltr'><strong>potabant.</strong></span> <span class='ocrx_word' id='word_1_878' title='bbox 3415 4917 3483 4998; x_wconf 78' lang='lat' dir='ltr'><strong>Et</strong></span> <span class='ocrx_word' id='word_1_879' title='bbox 3521 4914 3909 4998; x_wconf 30' lang='lat' dir='ltr'><strong>pauloﬂpost,</strong></span> <span class='ocrx_word' id='word_1_880' title='bbox 3948 4911 4177 4993; x_wconf 62' lang='lat' dir='ltr'><strong>Ibiden}</strong></span> 
     </span>
    </p>
   </div>
   <div class='ocr_carea' id='block_1_117' title="bbox 2581 4987 4179 5057">
    <p class='ocr_par' dir='ltr' id='par_1_117' title="bbox 2581 4987 4179 5057">
     <span class='ocr_line' id='line_1_118' title="bbox 2581 4987 4179 5057; baseline -0.006 -10"><span class='ocrx_word' id='word_1_881' title='bbox 2581 5006 2716 5047; x_wconf 84' lang='lat' dir='ltr'><strong>cum</strong></span> <span class='ocrx_word' id='word_1_882' title='bbox 2749 4991 2903 5045; x_wconf 84' lang='lat' dir='ltr'><strong>vasis</strong></span> <span class='ocrx_word' id='word_1_883' title='bbox 2937 4991 3137 5045; x_wconf 83' lang='lat' dir='ltr'><strong>vitreis</strong></span> <span class='ocrx_word' id='word_1_884' title='bbox 3168 4994 3223 5046; x_wconf 89' lang='lat' dir='ltr'><strong>et</strong></span> <span class='ocrx_word' id='word_1_885' title='bbox 3271 4987 3569 5057; x_wconf 81' lang='lat' dir='ltr'><strong>argenteis</strong></span> <span class='ocrx_word' id='word_1_886' title='bbox 3614 4987 3849 5055; x_wconf 65' lang='lat' dir='ltr'><strong>optimm</strong></span> <span class='ocrx_word' id='word_1_887' title='bbox 3898 4987 4179 5057; x_wconf 75' lang='lat' dir='ltr'><strong>composi-</strong></span> 
     </span>
    </p>
   </div>
   <div class='ocr_carea' id='block_1_118' title="bbox 2583 5056 4183 5128">
    <p class='ocr_par' dir='ltr' id='par_1_118' title="bbox 2583 5056 4183 5128">
     <span class='ocr_line' id='line_1_119' title="bbox 2583 5056 4183 5128; baseline -0.004 -11"><span class='ocrx_word' id='word_1_888' title='bbox 2583 5063 2781 5127; x_wconf 84' lang='lat' dir='ltr'><strong>tionis,</strong></span> <span class='ocrx_word' id='word_1_889' title='bbox 2808 5063 2934 5117; x_wconf 78' lang='lat' dir='ltr'><strong>illis</strong></span> <span class='ocrx_word' id='word_1_890' title='bbox 2973 5068 3171 5128; x_wconf 77' lang='lat' dir='ltr'><strong>potus,</strong></span> <span class='ocrx_word' id='word_1_891' title='bbox 3225 5056 3385 5115; x_wconf 85' lang='lat' dir='ltr'><strong>velut</strong></span> <span class='ocrx_word' id='word_1_892' title='bbox 3438 5057 3695 5113; x_wconf 83' lang='lat' dir='ltr'><strong>zinziber</strong></span> <span class='ocrx_word' id='word_1_893' title='bbox 3737 5056 4059 5127; x_wconf 72' lang='lat' dir='ltr'><strong>sapori/er,</strong></span> <span class='ocrx_word' id='word_1_894' title='bbox 4108 5069 4183 5111; x_wconf 75' lang='lat' dir='ltr'><strong>ea:</strong></span> 
     </span>
    </p>
   </div>
   <div class='ocr_carea' id='block_1_119' title="bbox 2576 5130 3609 5204">
    <p class='ocr_par' dir='ltr' id='par_1_119' title="bbox 2576 5130 3609 5204">
     <span class='ocr_line' id='line_1_120' title="bbox 2576 5130 3609 5204; baseline -0.005 -15"><span class='ocrx_word' id='word_1_895' title='bbox 2576 5136 2746 5204; x_wconf 80' lang='lat' dir='ltr'><strong>fonte</strong></span> <span class='ocrx_word' id='word_1_896' title='bbox 2775 5133 3035 5190; x_wconf 80' lang='lat' dir='ltr'><strong>Zelzebil</strong></span> <span class='ocrx_word' id='word_1_897' title='bbox 3064 5130 3609 5188; x_wconf 81' lang='lat' dir='ltr'><strong>administrabitur.</strong></span> 
     </span>
    </p>
   </div>
   <div class='ocr_carea' id='block_1_120' title="bbox 2650 5197 4189 5275">
    <p class='ocr_par' dir='ltr' id='par_1_120' title="bbox 2650 5197 4189 5275">
     <span class='ocr_line' id='line_1_121' title="bbox 2650 5197 4189 5275; baseline -0.007 -14"><span class='ocrx_word' id='word_1_898' title='bbox 2650 5206 2726 5275; x_wconf 83' lang='grc'><strong>(7)</strong></span> <span class='ocrx_word' id='word_1_899' title='bbox 2748 5205 3140 5275; x_wconf 75' lang='lat' dir='ltr'><strong>Congrtzentis</strong></span> <span class='ocrx_word' id='word_1_900' title='bbox 3161 5205 3753 5275; x_wconf 66' lang='grc' dir='ltr'>τεσσαρακονταπήχεα,</span> <span class='ocrx_word' id='word_1_901' title='bbox 3769 5197 3861 5275; x_wconf 72' lang='lat' dir='ltr'><strong>vel</strong></span> <span class='ocrx_word' id='word_1_902' title='bbox 3882 5200 4189 5275; x_wconf 69' lang='lat' dir='ltr'><strong>contracts</strong></span> 
     </span>
    </p>
   </div>
   <div class='ocr_carea' id='block_1_121' title="bbox 2580 5268 4189 5347">
    <p class='ocr_par' dir='ltr' id='par_1_121' title="bbox 2580 5268 4189 5347">
     <span class='ocr_line' id='line_1_122' title="bbox 2580 5268 4189 5347; baseline -0.008 -12"><span class='ocrx_word' id='word_1_903' title='bbox 2580 5268 3154 5347; x_wconf 64' lang='grc' dir='ltr'><strong>τεάσάρακοῖταπὴχη,</strong></span> <span class='ocrx_word' id='word_1_904' title='bbox 3191 5279 3277 5347; x_wconf 78' lang='lat' dir='ltr'><strong>_ut</strong></span> <span class='ocrx_word' id='word_1_905' title='bbox 3323 5268 3446 5329; x_wconf 78' lang='lat' dir='ltr'><strong>non</strong></span> <span class='ocrx_word' id='word_1_906' title='bbox 3496 5272 3573 5347; x_wconf 83' lang='lat' dir='ltr'><strong>ad</strong></span> <span class='ocrx_word' id='word_1_907' title='bbox 3626 5268 3923 5347; x_wconf 79' lang='lat' dir='ltr'><strong>homines,</strong></span> <span class='ocrx_word' id='word_1_908' title='bbox 3970 5268 4077 5347; x_wconf 81' lang='lat' dir='ltr'><strong>sed</strong></span> <span class='ocrx_word' id='word_1_909' title='bbox 4107 5268 4189 5323; x_wconf 90' lang='lat' dir='ltr'><strong>ad</strong></span> 
     </span>
    </p>
   </div>
   <div class='ocr_carea' id='block_1_122' title="bbox 2581 5330 4189 5422">
    <p class='ocr_par' dir='ltr' id='par_1_122' title="bbox 2581 5330 4189 5422">
     <span class='ocr_line' id='line_1_123' title="bbox 2581 5330 4189 5422; baseline -0.006 -19"><span class='ocrx_word' id='word_1_910' title='bbox 2581 5330 2860 5422; x_wconf 78' lang='lat' dir='ltr'><strong>membra</strong></span> <span class='ocrx_word' id='word_1_911' title='bbox 2881 5330 3097 5403; x_wconf 67' lang='lat' dir='ltr'><strong>eoruiii</strong></span> <span class='ocrx_word' id='word_1_912' title='bbox 3112 5330 3402 5422; x_wconf 58' lang='lat' dir='ltr'><strong>referatur</strong></span> <span class='ocrx_word' id='word_1_913' title='bbox 3426 5362 3439 5411; x_wconf 90' lang='lat'><strong>;</strong></span> <span class='ocrx_word' id='word_1_914' title='bbox 3474 5344 3563 5422; x_wconf 76' lang='lat' dir='ltr'><strong>sic</strong></span> <span class='ocrx_word' id='word_1_915' title='bbox 3580 5344 3745 5422; x_wconf 80' lang='lat' dir='ltr'><strong>enim</strong></span> <span class='ocrx_word' id='word_1_916' title='bbox 3766 5346 3824 5398; x_wconf 88' lang='lat' dir='ltr'><strong>et</strong></span> <span class='ocrx_word' id='word_1_917' title='bbox 3843 5330 4189 5422; x_wconf 45' lang='lat' dir='ltr'><strong>pr&#39;mceden-</strong></span> 
     </span>
    </p>
   </div>
   <div class='ocr_carea' id='block_1_123' title="bbox 2584 5411 4192 5491">
    <p class='ocr_par' dir='ltr' id='par_1_123' title="bbox 2584 5411 4192 5491">
     <span class='ocr_line' id='line_1_124' title="bbox 2584 5411 4192 5491; baseline -0.005 -17"><span class='ocrx_word' id='word_1_918' title='bbox 2584 5420 2733 5475; x_wconf 90' lang='lat' dir='ltr'><strong>tium</strong></span> <span class='ocrx_word' id='word_1_919' title='bbox 2766 5425 2822 5475; x_wconf 88' lang='lat' dir='ltr'><strong>et</strong></span> <span class='ocrx_word' id='word_1_920' title='bbox 2851 5420 3234 5491; x_wconf 90' lang='lat' dir='ltr'><strong>sequentium</strong></span> <span class='ocrx_word' id='word_1_921' title='bbox 3261 5417 3458 5491; x_wconf 88' lang='lat' dir='ltr'><strong>aptior</strong></span> <span class='ocrx_word' id='word_1_922' title='bbox 3485 5415 3594 5491; x_wconf 78' lang='lat' dir='ltr'><strong>erit</strong></span> <span class='ocrx_word' id='word_1_923' title='bbox 3648 5411 4029 5491; x_wconf 65' lang='lat' dir='ltr'><strong>cohaerentia.</strong></span> <span class='ocrx_word' id='word_1_924' title='bbox 4081 5411 4192 5467; x_wconf 81' lang='lat' dir='ltr'><strong>lbi-</strong></span> 
     </span>
    </p>
   </div>
   <div class='ocr_carea' id='block_1_124' title="bbox 2583 5482 4186 5555">
    <p class='ocr_par' dir='ltr' id='par_1_124' title="bbox 2583 5482 4186 5555">
     <span class='ocr_line' id='line_1_125' title="bbox 2583 5482 4186 5555; baseline -0.006 -8"><span class='ocrx_word' id='word_1_925' title='bbox 2583 5491 2723 5547; x_wconf 89' lang='lat' dir='ltr'><strong>dem</strong></span> <span class='ocrx_word' id='word_1_926' title='bbox 2752 5508 2894 5547; x_wconf 83' lang='lat' dir='ltr'><strong>mox</strong></span> <span class='ocrx_word' id='word_1_927' title='bbox 2925 5482 2985 5546; x_wconf 54' lang='lat' dir='ltr'><strong>i&#39;n</strong></span> <span class='ocrx_word' id='word_1_928' title='bbox 3016 5507 3130 5547; x_wconf 87' lang='lat' dir='ltr'><strong>ms.</strong></span> <span class='ocrx_word' id='word_1_929' title='bbox 3162 5493 3251 5545; x_wconf 90' lang='lat' dir='ltr'><strong>est</strong></span> <span class='ocrx_word' id='word_1_930' title='bbox 3275 5482 3919 5555; x_wconf 59' lang='lat' dir='ltr'><strong>abveumatdvmvmihil</strong></span> <span class='ocrx_word' id='word_1_931' title='bbox 3939 5482 4018 5540; x_wconf 89' lang='lat' dir='ltr'><strong>ad</strong></span> <span class='ocrx_word' id='word_1_932' title='bbox 4038 5500 4186 5539; x_wconf 89' lang='lat' dir='ltr'><strong>rem.</strong></span> 
     </span>
    </p>
   </div>
   <div class='ocr_carea' id='block_1_125' title="bbox 881 5571 4191 5654">
    <p class='ocr_par' dir='ltr' id='par_1_125' title="bbox 881 5571 4191 5654">
     <span class='ocr_line' id='line_1_126' title="bbox 881 5571 4191 5654; baseline -0.003 -19"><span class='ocrx_word' id='word_1_933' title='bbox 881 5581 964 5650; x_wconf 89' lang='grc' dir='ltr'>(α)</span> <span class='ocrx_word' id='word_1_934' title='bbox 1004 5581 1222 5637; x_wconf 89' lang='lat' dir='ltr'><strong>Locum</strong></span> <span class='ocrx_word' id='word_1_935' title='bbox 1254 5581 1438 5652; x_wconf 89' lang='lat' dir='ltr'><strong>hunc,</strong></span> <span class='ocrx_word' id='word_1_936' title='bbox 1468 5581 1575 5654; x_wconf 90' lang='lat' dir='ltr'><strong>qui</strong></span> <span class='ocrx_word' id='word_1_937' title='bbox 1602 5580 1820 5652; x_wconf 89' lang='lat' dir='ltr'><strong>legitur</strong></span> <span class='ocrx_word' id='word_1_938' title='bbox 1846 5582 1910 5637; x_wconf 91' lang='lat' dir='ltr'><strong>in</strong></span> <span class='ocrx_word' id='word_1_939' title='bbox 1961 5598 2115 5637; x_wconf 71' lang='lat' dir='ltr'><strong>surae</strong></span> <span class='ocrx_word' id='word_1_940' title='bbox 2157 5584 2221 5646; x_wconf 91' lang='lat' dir='ltr'><strong>ll,</strong></span> <span class='ocrx_word' id='word_1_941' title='bbox 2274 5597 2422 5637; x_wconf 86' lang='lat' dir='ltr'><strong>vers.</strong></span> <span class='ocrx_word' id='word_1_942' title='bbox 2470 5585 2561 5652; x_wconf 85' lang='grc'>25,</span> <span class='ocrx_word' id='word_1_943' title='bbox 2601 5580 2758 5637; x_wconf 81' lang='lat' dir='ltr'><strong>male</strong></span> <span class='ocrx_word' id='word_1_944' title='bbox 2800 5579 3090 5637; x_wconf 84' lang='lat' dir='ltr'><strong>intellexit</strong></span> <span class='ocrx_word' id='word_1_945' title='bbox 3138 5579 3394 5637; x_wconf 76' lang='lat' dir='ltr'><strong>Nicetes.</strong></span> <span class='ocrx_word' id='word_1_946' title='bbox 3426 5575 3569 5633; x_wconf 87' lang='lat' dir='ltr'><strong>Vide</strong></span> <span class='ocrx_word' id='word_1_947' title='bbox 3600 5580 3749 5633; x_wconf 89' lang='lat' dir='ltr'><strong>tom.</strong></span> <span class='ocrx_word' id='word_1_948' title='bbox 3781 5576 3888 5644; x_wconf 82' lang='lat' dir='ltr'><strong>CV,</strong></span> <span class='ocrx_word' id='word_1_949' title='bbox 3918 5571 4027 5633; x_wconf 88' lang='lat' dir='ltr'><strong>col.</strong></span> <span class='ocrx_word' id='word_1_950' title='bbox 4062 5576 4191 5641; x_wconf 79' lang='grc'><strong>711,</strong></span> 
     </span>
    </p>
   </div>
   <div class='ocr_carea' id='block_1_126' title="bbox 807 5654 1231 5709">
    <p class='ocr_par' dir='ltr' id='par_1_126' title="bbox 807 5654 1231 5709">
     <span class='ocr_line' id='line_1_127' title="bbox 807 5654 1231 5709; baseline 0.002 -2"><span class='ocrx_word' id='word_1_951' title='bbox 807 5656 930 5708; x_wconf 84' lang='lat' dir='ltr'><strong>not.</strong></span> <span class='ocrx_word' id='word_1_952' title='bbox 961 5654 1049 5707; x_wconf 83' lang='grc'><strong>26.</strong></span> <span class='ocrx_word' id='word_1_953' title='bbox 1082 5654 1231 5709; x_wconf 76' lang='lat' dir='ltr'><strong>Eutr.</strong></span> 
     </span>
    </p>
   </div>
   <div class='ocr_carea' id='block_1_127' title="bbox 879 5720 2977 5801">
    <p class='ocr_par' dir='ltr' id='par_1_127' title="bbox 879 5720 2977 5801">
     <span class='ocr_line' id='line_1_128' title="bbox 879 5720 2977 5801; baseline 0.001 -22"><span class='ocrx_word' id='word_1_954' title='bbox 879 5721 958 5796; x_wconf 79' lang='grc' dir='ltr'><strong>(ὁ)</strong></span> <span class='ocrx_word' id='word_1_955' title='bbox 990 5721 1058 5781; x_wconf 84' lang='lat' dir='ltr'><strong>Id</strong></span> <span class='ocrx_word' id='word_1_956' title='bbox 1082 5727 1173 5783; x_wconf 74' lang='lat' dir='ltr'><strong>est</strong></span> <span class='ocrx_word' id='word_1_957' title='bbox 1197 5721 1365 5801; x_wconf 83' lang='lat' dir='ltr'><strong>apud</strong></span> <span class='ocrx_word' id='word_1_958' title='bbox 1390 5722 1785 5800; x_wconf 76' lang='lat' dir='ltr'><strong>Euthymium</strong></span> <span class='ocrx_word' id='word_1_959' title='bbox 1817 5721 2050 5786; x_wconf 83' lang='lat' dir='ltr'><strong>Contra</strong></span> <span class='ocrx_word' id='word_1_960' title='bbox 2076 5725 2413 5798; x_wconf 73' lang='grc' dir='ltr'>Αρανσηοι.</span> <span class='ocrx_word' id='word_1_961' title='bbox 2436 5722 2582 5784; x_wconf 77' lang='lat' dir='ltr'><strong>Vide</strong></span> <span class='ocrx_word' id='word_1_962' title='bbox 2612 5727 2757 5784; x_wconf 80' lang='lat' dir='ltr'><strong>tom.</strong></span> <span class='ocrx_word' id='word_1_963' title='bbox 2782 5720 2977 5782; x_wconf 76' lang='lat' dir='ltr'><strong>CXXX.</strong></span> 
     </span>
    </p>
   </div>
  </div>
