4508 6436
318 384 393 443 29
1634 372 1981 442 THESAURI
2020 374 2146 440 LIB.
2190 386 2296 442 XX.

3551 383 3657 447 130

284 529 401 565 ται.
470 509 859 583 ’Δναθεματίξω
933 512 1053 573 τοὺς
1117 510 1527 583 ὀνομαζομένους
1605 512 1747 584 παρὰ
1803 516 1895 561 τοῦ
1926 511 1973 563 Α
2004 522 2064 563 n1

1871 516 1895 560 ῡ
1926 511 1973 563 Α
2004 510 2227 565 nantur
2253 507 2471 580 angeli,
2502 505 2686 563 Aroth
2716 508 2773 561 ct
2802 502 3046 571 Mai-0th,
3078 505 3315 577 Tzapha
3344 510 3401 564 et
3420 511 3651 568 Marua:

287 595 533 672 Μωάμεδ
597 598 869 671 ἀγγελους,
924 604 1012 651 τόν
1072 619 1126 653 τε
1163 600 1332 675 Ἀρὼθ
1389 605 1477 653 xui
1536 603 1621 651 τόν
1679 601 1898 672 Μαρὼθ,

286 693 384 740 xui
442 692 531 741 τὸν
566 691 753 761 Τζοξφα
803 693 1010 741 καὶτὸν
1053 694 1272 763 Μαρούα
1298 706 1312 720 ⁸
1354 689 1444 752 οῦς
1491 688 1545 742 ἔκ
1584 697 1683 741 τῶν
1739 687 1897 741 σεϐα-

292 781 466 849 σμίων
507 774 637 829 εἶναι
693 785 784 829 τοῦ
844 785 978 830 Θεοῦ
1027 782 1353 853 τερατεύεται
1388 800 1398 811 ·
1438 784 1567 851 πρὸς
1600 781 1799 839 τούτοις
1841 773 1900 829 δι

288 871 384 917 xui
459 870 582 927 τοῦς
657 867 1037 937 μυοευομελιους
1102 867 1188 917 ὑπ’
1257 868 1420 919 αὑτοῦ
1473 874 1737 939 προφήτας
1812 870 1900 917 καὶ

290 952 643 1017 ἀποστόλους,
679 958 841 1006 εἰτουν
872 958 959 1005 τὸν
1001 950 1148 1008 Χοὺδ
1178 961 1267 1008 καὶ
1319 956 1514 1016 Τζαλετ
1546 958 1573 1012 ἡ
1609 956 1775 1025 Σαλεχ
1800 957 1896 1025 (8),

289 1047 384 1093 xui
433 1046 521 1093 τὸν
575 1045 768 1094 Συναιπ
819 1048 909 1094 καὶ
964 1047 1050 1095 τὸν
1086 1040 1299 1118 Ἐὃρῆς,
1340 1050 1429 1097 καὶ
1468 1049 1553 1097 τόν
1596 1043 1901 1115 Δουαλκιφὶλ

290 1135 382 1181 xui
452 1135 540 1182 τόν
595 1134 829 1202 Λοκμαν.
873 1133 1263 1205 ’Λναθιματίζω
1320 1137 1494 1194 πάσας
1552 1137 1642 1196 τὰς
1698 1153 1900 1208 μαρτυ-

288 1223 409 1291 ρίας
447 1228 542 1271 τοῦ
598 1217 850 1292 Μωαμεδ,
885 1222 1015 1283 ὅσας
1044 1221 1098 1273 ἐκ
1138 1230 1227 1282 τῆς
1283 1222 1503 1283 παλαιᾶς
1554 1220 1708 1281 δῆοεν
1764 1230 1900 1295 Γρα-

289 1314 393 1377 φῆς
447 1308 550 1377 (9),
597 1305 925 1380 διαστρέφων
966 1309 1125 1368 αὐτὴν
1176 1316 1266 1363 xui
1312 1314 1550 1377 νοοεῦων,
1611 1317 1699 1363 καὶ
1737 1317 1902 1386 μυρία

286 1392 753 1468 καταρευδόμενος
809 1406 900 1449 τοῦ
940 1405 1051 1450 Νῶε
1106 1405 1196 1451 καὶ
1252 1399 1509 1473 Ἀϐρααμ,
1572 1406 1661 1453 xui
1720 1402 1899 1453 Ἰσαὰκ

287 1489 381 1535 xui
446 1485 653 1553 Ἰακὼϐ,
707 1491 796 1538 xui
847 1488 1038 1559 Ἰωσὴφ
1086 1494 1175 1540 xui
1220 1488 1356 1552 Ἴως,
1410 1496 1498 1542 xui
1552 1495 1780 1552 Μωσέως
1816 1495 1904 1542 καὶ

292 1578 502 1644 Ααρὼν,
558 1580 647 1626 xui
710 1572 879 1627 Δαϐἱδ
935 1582 1025 1627 xui
1067 1577 1405 1649 Σολομῶντος,
1473 1586 1561 1631 καὶ
1612 1580 1760 1633 ’Πλία
1815 1585 1903 1631 xui

293 1661 465 1725 Ἰωνᾶ,
499 1667 589 1714 xui
638 1669 910 1735 Ζαχαρίου
968 1674 1058 1716 τοῦ
1115 1671 1311 1741 πατρὸς
1344 1668 1601 1723 Ἰωάννου.
1630 1668 1743 1721 "Eri
1785 1668 1903 1721 ανα-

293 1751 564 1821 θεματίζω
594 1753 694 1803 ὅσα
725 1752 1027 1824 φυσιολογεῖ
1057 1752 1339 1829 βαρϐάροις
1393 1763 1482 1808 καὶ
1534 1756 1744 1828 ἁμαοως
1784 1762 1902 1831 περὶ

2004 611 2157 667 quos
2190 596 2251 653 in
2282 594 2726 653 venerabilibus
2760 596 2874 649 Deo
2897 608 3024 648 esse
3052 594 3397 665 prodigiose
3423 598 3655 657 fabula-

2005 688 2118 738 tur.
2144 683 2366 740 Adhaec
2388 684 2570 740 etiam
2598 698 2701 739 eos
2731 682 2835 753 qui
2865 680 3140 736 fabulose
3170 682 3249 738 ab
3287 683 3390 740 illo
3438 688 3651 758 praedi-

2006 779 2220 828 cantur
2280 772 2589 846 prophetae
2648 776 2829 842 atque
2887 769 3161 842 apostoli,
3220 786 3440 845 nempe
3489 776 3656 832 Chud

2006 864 2063 915 et
2122 859 2314 917 Tzalet
2363 862 2486 917 sive
2537 858 2768 924 Salech,
2823 858 2964 913 item
3022 857 3246 930 Synaip
3299 866 3355 915 et
3414 862 3653 927 Hedres,

2008 948 2347 1021 Dualkiphil
2376 954 2435 1005 et
2466 951 2747 1005 Locman.
2779 946 3228 1002 Analhemalizo
3268 950 3473 1005 omnia
3507 954 3658 1007 Moa-

2005 1038 2198 1095 medis
2228 1038 2593 1107 testimonia,
2638 1042 2933 1110 quotquot
2981 1052 3011 1091 e
3056 1037 3268 1091 veteris
3298 1041 3656 1097 ’l‘estamenti

2006 1128 2311 1201 Scriptura
2340 1129 2505 1197 citat,
2531 1133 2876 1200 pervertens
2902 1142 3038 1182 eam
3070 1133 3250 1198 atque
3284 1127 3653 1201 adulterans,

2006 1223 2064 1274 et
2114 1218 2434 1275 innumera
2487 1233 2781 1290 spargens
2820 1215 3139 1272 mendacia
3187 1216 3261 1271 de
3308 1220 3447 1287 Noe,
3479 1219 3659 1276 Abra-

2008 1306 2215 1378 hamo,
2252 1308 2478 1376 lsaaco,
2521 1306 2766 1373 Jacobo,
2796 1304 3075 1377 Josepho,
3102 1303 3269 1376 Joho,
3317 1308 3494 1376 Mose,
3551 1314 3659 1364 Aa-

2007 1411 2172 1467 rone,
2231 1396 2470 1462 Davide,
2513 1395 2854 1463 Solomone,
2906 1395 3045 1463 Elia,
3080 1393 3253 1464 Jona,
3288 1402 3345 1450 et
3375 1397 3661 1453 Zacharia

2006 1485 2252 1541 Joannis
2294 1489 2484 1556 patre.
2532 1484 2983 1539 Anathematizo
3036 1482 3217 1538 etiam
3265 1485 3474 1540 omnia
3526 1503 3660 1559 quae

2006 1572 2274 1629 barbara
2324 1572 2656 1644 inscitaque
2692 1571 3071 1643 physiologia
3100 1578 3158 1626 et
3186 1570 3260 1626 de
3301 1574 3527 1629 caeteris
3560 1576 3661 1631 Dei

2009 1662 2297 1717 creaturis
2319 1666 2374 1717 et
2404 1660 2481 1716 de
2519 1660 2643 1716 sole
2674 1676 2745 1716 ac
2774 1659 2919 1715 luna
2950 1659 3273 1729 fabulatur,
3306 1660 3663 1718 caballarios

2009 1766 2113 1807 eos
2141 1766 2271 1806 esse
2300 1750 2527 1806 dicens.
2571 1750 3019 1805 Anathematizo
3050 1750 3465 1821 apocrypham
3497 1751 3663 1808 illam

291 1855 347 1889 τε
408 1846 509 1889 τῶν
562 1838 725 1890 ἀλλων
790 1848 883 1892 τοῦ
945 1850 1079 1894 Θεοῦ
1126 1848 1450 1915 ποιημάτων,
1491 1851 1581 1898 καὶ
1634 1850 1751 1920 περὶ
1812 1854 1975 1912 τούΒ
2010 1854 2071 1911 δι

1880 1854 1903 1897 ῡ
1929 1858 1975 1912 Β
2010 1839 2173 1911 apud
2200 1840 2530 1895 Saracenos
2560 1837 2897 1893 doctrinam
2923 1843 2981 1892 et
3008 1838 3472 1909 promissionem
3500 1842 3660 1895 Moa-

292 1924 448 1983 ηλίου
508 1934 599 1979 xui
648 1937 736 1988 τῆς
796 1928 1032 1997 σελήνης,
1083 1930 1242 2001 λέγων
1282 1932 1469 1995 αῦτοῦς
1526 1934 1905 2009 καϐαλλαρίους

293 2012 450 2069 εἶναι.
495 2015 886 2089 ’Λναοεματίζω
940 2023 1034 2075 την
1077 2023 1222 2093 παρά
1258 2029 1367 2084 τοῖς
1407 2030 1724 2097 Σαρακηνοῖς
1773 2023 1906 2077 ἁπό-

292 2122 492 2176 κρυφον
560 2101 917 2158 διδασκαλίαν
976 2113 1065 2160 xui
1120 2111 1415 2181 ὑπόσχεσιν
1476 2121 1567 2165 τοῦ
1623 2110 1857 2185 Μωάμεδ
1890 2127 1904 2142 ⁸

293 2194 417 2253 ἣτις
456 2198 587 2264 φησί
652 2191 965 2267 κλειδοῦχον
1023 2196 1177 2249 αὐτόν
1227 2202 1543 2269 γενήσεσθαι
1596 2210 1687 2254 τοῦ
1735 2220 1907 2274 παρα-

295 2276 508 2350 δείσου,
558 2286 649 2333 xui
703 2282 925 2345 εἰσάξειν
972 2288 1062 2357 μεν
1106 2284 1155 2337 ἐν
1206 2290 1371 2359 τούτῳ
1412 2286 1771 2362 ἑϐδομήκοντα
1822 2311 1910 2363 χι-

292 2366 484 2430 λιάδας
557 2378 864 2445 Σαρακηνών
942 2371 1179 2441 δικαίων,
1252 2382 1372 2439 τοῦς
1450 2375 1509 2431 δε
1570 2380 1910 2455 ἁμαρτωλοὺς

294 2460 653 2529 κριθήσεσθαι
694 2464 836 2534 παρὰ
886 2471 973 2515 τοῦ
1007 2472 1140 2515 Θεοῦ
1174 2485 1185 2497 ·
1229 2472 1319 2517 xxi
1361 2473 1641 2520 πιττακίων
1681 2470 1753 2529 εἰς
1796 2473 1912 2531 τοὺς

292 2547 608 2620 τραχήλους
676 2550 845 2601 αὐτῶν
912 2555 1323 2625 περιτιθεμένων,
1392 2558 1553 2619 οὕτως
1634 2558 1914 2614 εἰσελεύσε-

306 2639 439 2688 σθαι
493 2642 583 2689 xui
632 2642 846 2701 rei-37w;
885 2641 958 2702 εἰς
1003 2645 1089 2693 τὸν
1118 2640 1464 2715 παράδεισον,
1507 2646 1917 2720 ὀνομαζομένους

305 2724 691 2799 ἀπελευθέρομς
754 2727 1006 2802 Μωέμεδ.
1063 2731 1454 2805 Ἀναθεματὶζω
1515 2739 1626 2808 (10)
1685 2740 1774 2798 τὰς
1829 2758 1918 2791 νο·-

300 2816 565 2885 μοθεσίας
610 2826 701 2869 τοῦ
743 2817 999 2891 Μωάμεδ,
1053 2824 1142 2883 τὰς
1198 2829 1316 2897 περὶ
1361 2827 1542 2897 γάμων
1598 2832 1687 2879 xui
1726 2827 1918 2889 λύσεως

300 2906 516 2975 γάμων,
593 2911 682 2958 καὶ
751 2910 1085 2982 καθαρισμοῦ
1169 2920 1555 2986 μοιχευομένων
1632 2926 1913 2987 γυναικῶν,

299 2998 397 3045 xui
460 2992 686 3067 ἀριθμοῦ
724 3007 985 3067 γυναικῶν
1023 3006 1112 3053 καὶ
1177 3001 1511 3056 παλλακίδων
1540 3022 1552 3034 ·
1621 3013 1709 3060 xui
1747 3011 1918 3061 πάντα

301 3086 373 3133 τα
427 3088 548 3157 περὶ
576 3089 823 3137 τοιούτων
881 3086 1154 3162 ἀκάθαρτα
1202 3087 1529 3165 διδάγματα.
1573 3095 1915 3169 Ἀναθεματί-

305 3171 387 3230 ξω
429 3176 520 3228 την
576 3180 662 3224 τοῦ
719 3173 954 3248 Μωαμεδ
986 3175 1328 3252 βλασφημίαν
1374 3187 1468 3240 την
1520 3182 1771 3255 λέγουσαν
1837 3189 1913 3239 ὅτι
1956 3217 1996 3273 C

302 3261 331 3311 ό
378 3264 534 3325 Θεὸς,
592 3263 644 3313 ὃν
699 3263 848 3328 Θελει,
907 3265 1075 3337 πλανᾷ
1108 3288 1120 3301 ο

1177 3274 1265 3320 xui
1312 3269 1366 3321 ὃν
1407 3271 1555 3336 θέλει,
1603 3270 1791 3345 ὁδηγεῖ
1848 3276 1918 3338 εἰς

308 3348 516 3419 ἀγαθόν
544 3371 556 3383 ·

612 3356 699 3403 xui
756 3354 836 3405 ὅτι
876 3356 900 3405 ό
951 3359 1081 3415 Θεὸς
1137 3357 1331 3425 ἤθελεν,
1390 3360 1486 3411 οῦκ
1532 3360 1591 3412 ἆν
1640 3361 1917 3436 ἐπολέμουν

311 3437 561 3500 αλλήλοις
608 3442 656 3492 οἱ
708 3442 972 3513 ἄνθρωποι
1001 3465 1013 3477 ·
1071 3442 1180 3496 ἀλλ’
1219 3446 1377 3509 αὐτὸς
1421 3458 1555 3501 ποιεί
1605 3452 1728 3525 ὅπερ
1784 3451 1918 3526 βου-

309 3527 464 3579 λεται
497 3543 511 3555 ⁶
552 3534 639 3581 xui
695 3535 882 3592 παντὸς
915 3531 1113 3603 ἀγαθοῦ
1153 3540 1243 3587 xui
1288 3548 1516 3613 πονηροῦ
1548 3544 1714 3601 αἴτιος
1765 3542 1919 3604 αῦτός

311 3616 436 3669 ἔστι
470 3638 483 3650 ·
534 3624 622 3670 xui
651 3623 793 3691 τύχη
825 3626 916 3673 xui
947 3625 1225 3696 εἱμαρμένη
1275 3628 1479 3679 πάντων
1532 3638 1729 3703 κρατεῖ.
1768 3631 1919 3683 Ἀνα-

314 3709 587 3778 θεματίζω
633 3714 725 3767 την
773 3718 865 3762 τοῦ
909 3710 1145 3785 Μωαμεδ
1202 3714 1475 3791 φλυαρίαν,
1515 3724 1609 3777 την
1670 3720 1922 3791 λέγουσαν

244 3866 255 3874 ’
311 3798 401 3848 ὅτι
431 3798 457 3847 ό
520 3799 702 3871 Κύριος
742 3805 832 3851 καὶ
877 3804 1007 3863 Θεὸς
1056 3802 1262 3866 Ἰησοῦς
1309 3807 1334 3856 ό
1390 3811 1617 3879 Χριστὸς
1666 3807 1766 3860 ἀπο
1806 3817 1921 3863 Μα-

308 3891 436 3959 ρίας
498 3894 590 3949 τῆς
654 3884 883 3961 ἀδελφῆς
944 3900 1035 3944 τοῦ
1101 3898 1323 3956 Μωσέως
1379 3902 1467 3948 xui
1533 3898 1728 3971 Ἀαρὼν
1785 3899 1922 3972 ἐγεν-

307 3976 449 4032 νηϐη
491 3977 611 4027 οἰνευ
657 3985 857 4051 σπορᾶς
903 3978 957 4030 ἐκ
1000 3990 1092 4033 τοῦ
1131 3988 1304 4053 Λόγου
1360 3994 1451 4037 τοῦ
1500 3994 1633 4039 Θεοῦ
1690 3995 1779 4041 xui
1832 4000 1922 4042 τοῦ

310 4068 653 4136 Πνεῦματος·
708 4073 799 4119 xui
865 4071 940 4121 ἔτι
992 4076 1174 4134 νήπιος
1234 4074 1321 4142 ὧν,
1373 4079 1578 4127 πετεινὰ
1643 4076 1698 4128 ἐκ
1755 4079 1923 4137 πηλοῦ

308 4153 695 4229 ὶπλαστοῦργει
724 4172 736 4183 ·
765 4176 776 4184 ·
800 4163 889 4210 xui
939 4157 1199 4231 ἐμφυσῶν,
1236 4162 1395 4215 ἐποίει
1460 4165 1595 4217 αὐτὰ
1638 4170 1747 4229 ζωα
1779 4189 1791 4201 ·
1834 4175 1923 4222 xui

305 4243 535 4313 τυφλοὺς
572 4244 700 4309 ἰᾶτο,
761 4252 851 4298 xui
901 4253 1112 4322 νεκροὺς
1160 4254 1335 4325 ἤγειρε
1370 4273 1382 4285 ο
1442 4258 1531 4305 xui
1591 4256 1670 4306 ὁτι
1722 4255 1777 4307 ἐκ
1815 4276 1922 4309 πα-

305 4331 609 4405 ρακλήσεως
666 4343 763 4385 τῶν
814 4333 1113 4389 ἀποστόλων
1181 4340 1414 4411 ᾐτήσατο
1470 4346 1557 4394 τόν
1624 4348 1772 4411 Θεὸν,
1834 4352 1923 4399 xui

305 4427 623 4491 κατήνεγκεν
662 4422 718 4474 ix
766 4432 859 4475 τοὺ
918 4426 1137 4500 οῦρανοῦ
1185 4432 1465 4503 τράπεζαν,
1512 4438 1601 4485 xui
1659 4432 1922 4507 ἐξέθρεψεν

309 4510 509 4571 αὐτούς
544 4532 555 4543 ·
617 4517 706 4564 xui
754 4515 835 4565 ὅτι
874 4518 991 4568 οὔτε
1030 4514 1359 4593 ἐσταυρώθη,
1416 4524 1532 4574 οὔτε
1588 4526 1724 4575 κατὰ
1797 4523 1921 4583 ἀλή-

310 4601 457 4652 Θειαν
491 4597 738 4654 ἀπεθανεν
778 4606 847 4665 ὡς
895 4606 1166 4681 ἀνθρωπος
1198 4626 1210 4638 ’
1269 4607 1395 4662 ἀλλά
1445 4614 1582 4663 κατὰ
1635 4620 1922 4685 φαντασίαν

307 4696 477 4760 μόνην
538 4698 704 4742 ταῦτα
750 4697 893 4766 παρα
945 4705 1044 4747 τῶν
1091 4696 1339 4771 Ἐϐραίων
1401 4702 1600 4759 ὑπέστη
1634 4720 1648 4735 '
1719 4708 1804 4755 xui
1844 4708 1923 4757 ὃτι

307 4778 590 4853 ἐρωτηθεὶς
646 4784 789 4855 παρὰ
831 4792 924 4835 τοῦ
983 4793 1137 4857 Θεοῦ,
1180 4788 1223 4839 εἰ
1272 4788 1535 4861 ὠνόμασεν
1574 4791 1755 4845 ἑαυτὸν
1796 4798 1924 4847 Θεὸν

308 4867 359 4919 ἐν
400 4876 475 4938 τῷ
533 4874 737 4942 κόσμῳ,
796 4872 1085 4945 ἠρνήσατο,
1153 4876 1307 4949 λέγων
1356 4881 1436 4931 ὅτι
1503 4884 1568 4933 Σὺ
1623 4884 1790 4935 πάντα
1846 4905 1926 4955 γι-

303 4964 530 5019 νώσκεις
569 4965 658 5011 xui
709 4957 861 5025 οἶδας
891 4957 997 5015 ὀὐκ
1050 4967 1127 5018 ὅτι
1175 4967 1267 5018 οῦκ
1293 4968 1543 5042 ὠνόμασα
1592 4971 1770 5025 ἑαυτὸν
1797 4978 1925 5027 Θεὸν

305 5049 335 5105 ἦ
383 5050 504 5099 Υὶόν
548 5067 643 5101 σου
676 5067 689 5080 ⁸
736 5048 921 5115 δοῦλος
972 5058 1073 5129 γάρ
1126 5060 1220 5109 σοῦ
1262 5059 1387 5131 εἰμι,
1456 5068 1546 5112 xui
1609 5062 1715 5133 οὐχ
1773 5064 1927 5137 ὑπερ-

303 5140 634 5210 ηφανεύομαι
719 5151 869 5195 τοῦτο
971 5145 1267 5205 καλεῖσθαι.
1345 5150 1738 5222 Ἀναοεματίξω
1831 5158 1925 5210 τὴν

298 5223 553 5299 διδαχὴν
612 5237 703 5282 τοῦ
766 5232 1022 5307 Μωάμεὸ,
1076 5241 1167 5296 τὴν
1216 5238 1469 5309 λέγουσαν
1526 5246 1598 5313 μὴ
1656 5238 1783 5293 εἶναι
1840 5245 1926 5294 τὸν

300 5322 538 5389 Χριστόν
598 5322 718 5372 Υὶὸν
767 5330 859 5374 τοῦ
913 5329 1058 5397 Θεοῦ,
1113 5325 1221 5379 ἀλλ’
1263 5326 1549 5383 ἀπόστολον
1587 5336 1677 5383 xui
1715 5330 1925 5405 προφή-

297 5426 398 5465 την
425 5421 440 5437 ⁸
485 5410 674 5462 καθότι
707 5413 917 5483 (φησιν)
958 5417 984 5467 ό
1044 5420 1172 5479 Θεὸς
1220 5423 1459 5471 κοινωνόν
1516 5421 1609 5473 οῦκ
1649 5424 1761 5493 ἔχει
1792 5439 1804 5452 ⁸
1836 5427 1924 5474 xui

300 5530 576 5699 mgginlle
607 5576 921 5648 prophetis
951 5577 1077 5635 istis
1109 5583 1168 5637 et
1196 5581 1481 5653 apostolis
1520 5583 1657 5640 vide
1706 5583 1922 5657 Euthy-

380 5717 457 5786 (9)
488 5718 625 5773 Post
647 5722 851 5794 Γραφῆς
872 5718 1248 5781 desideratur
1276 5731 1604 5801 προφέρεται,
1624 5731 1727 5786 aut
1757 5728 1923 5787 aliud

2012 1928 2252 1985 medis:
2307 1943 2444 2000 quas
2495 1926 2637 1982 dicit
2685 1943 2823 1983 eum
2879 1926 3149 1982 futurum
3205 1943 3333 1982 esse
3396 1930 3665 2001 paradisi

2012 2017 2404 2087 clavigerum,
2454 2022 2511 2072 et
2552 2016 2611 2071 in
2664 2032 2804 2072 eum
2853 2015 3338 2071 introducturum
3376 2032 3505 2072 esse
3536 2034 3667 2089 sep-

2013 2108 2284 2177 tuaginta
2313 2105 2499 2161 millia
2530 2107 2965 2163 Saracenorum
2991 2106 3291 2175 justorum
3325 2121 3338 2159 :
3371 2111 3432 2161 at
3455 2121 3665 2177 peccae

2015 2201 2173 2254 tores
2199 2211 2236 2252 a
2273 2195 2393 2251 Deo
2412 2194 2751 2265 judicatum
2781 2194 2891 2263 iri;
2937 2194 3345 2267 appensisque
3398 2194 3476 2250 ad
3516 2195 3668 2251 colla

2016 2301 2228 2343 eorum
2270 2284 2547 2356 pittaciis,
2582 2284 2665 2339 ita
2696 2288 2753 2339 et
2780 2283 2950 2355 ipsos
2998 2284 3059 2339 in
3102 2283 3453 2355 paradisum
3484 2284 3668 2340 intra-

2018 2381 2186 2431 turos
2216 2388 2367 2435 esse,
2400 2389 2471 2429 ac
2496 2371 2821 2428 Moamedis
2851 2371 3095 2428 libertos
3147 2372 3525 2428 nominatum
3575 2374 3665 2429 iri.

2018 2462 2467 2520 Anathematizo
2479 2460 2639 2531 leges
2652 2477 2686 2517 a
2699 2460 3171 2517 Moamedelatas
3186 2461 3259 2515 de
3273 2462 3669 2517 matrimoniis

2020 2557 2077 2609 et
2097 2550 2619 2608 matrimoniorum
2646 2549 2959 2615 solutione,
2984 2550 3058 2604 de
3080 2550 3509 2605 mrechantium
3543 2568 3673 2605 mu-

2019 2641 2232 2697 lierum
2258 2638 2694 2712 puriﬁcatione,
2729 2638 2804 2693 de
2858 2654 3115 2694 uxorum
3145 2645 3201 2694 et
3237 2638 3517 2711 pellicum
3549 2655 3667 2693 nu-

2022 2745 2212 2798 mero,
2244 2742 2610 2799 omnemque
2664 2726 2740 2782 de
2789 2727 3006 2783 talibus
3037 2728 3340 2800 impuram
3389 2731 3519 2798 ejus
3568 2728 3671 2783 do-

2022 2820 2298 2875 ctrinam.
2359 2817 2808 2873 Anathematizo
2856 2818 3179 2873 Moamedis
3225 2817 3674 2888 blasphemiam

2022 2924 2161 2982 quae
2184 2906 2327 2963 dicit
2348 2908 2558 2972 Deum,
2581 2921 2762 2977 quem
2789 2905 2933 2971 vult,
2965 2905 3025 2960 in
3053 2921 3315 2961 errorem
3344 2905 3676 2978 impellere,

2023 3004 2078 3054 et
2100 3012 2279 3070 quem
2310 2994 2529 3061 vult,in
2546 2994 2773 3051 bonam
2798 2995 2955 3050 viam
2982 2994 3312 3063 deducere;
3341 3000 3417 3064 et,
3446 2997 3493 3051 si
3522 2998 3676 3051 Deus

2023 3088 2215 3153 vellet,
2247 3100 2371 3141 non
2421 3085 2573 3141 inter
2626 3099 2690 3139 se
2719 3083 3047 3140 bellaturos
3078 3100 3209 3140 esse
3239 3085 3537 3155 homines,
3574 3087 3679 3142 scd

2022 3177 2225 3249 ipsum
2256 3174 2453 3231 facere
2475 3174 2642 3248 quod
2669 3174 2813 3245 vult,
2856 3174 3177 3247 omnisque
3197 3174 3341 3230 boni
3369 3175 3588 3246 pariter
3627 3182 3682 3233 et

2024 3265 2168 3322 mali
2195 3271 2505 3321 auctorem
2553 3264 2755 3336 ipsum
2785 3279 2939 3331 esse,
2973 3269 3100 3319 tum
3131 3263 3437 3320 fortunam
3477 3270 3534 3320 et
3590 3266 3683 3322 fa-

2026 3360 2155 3411 tum
2179 3354 2447 3410 obtinere
2474 3352 2535 3408 in
2566 3352 3329 3409 omnibus.Anathematizo
3359 3355 3686 3410 Moamedis

2027 3444 2365 3501 {utilitatem
2395 3459 2532 3515 quae
2564 3441 2705 3497 dicit
2725 3440 3047 3497 Dominum
3067 3444 3377 3515 Deumque
3407 3450 3684 3500 nostrum

2028 3535 2233 3590 Jesum
2265 3532 2582 3601 Christum,
2618 3537 2678 3587 et
2705 3532 2886 3588 Maria
2913 3530 3086 3587 Mosis
3117 3538 3174 3588 et
3203 3534 3452 3588 Aaronis
3482 3549 3685 3590 sorore

2030 3624 2264 3695 absque
2294 3621 2521 3678 semine
2548 3626 2758 3677 natum
2788 3619 3366 3694 esse,[conceptum]
3395 3621 3470 3677 de
3500 3623 3687 3680 Verbo

2031 3729 2103 3769 ac
2130 3712 2347 3784 Spiritu
2372 3711 2501 3766 Dei:
2528 3716 2585 3767 et
2616 3726 2754 3765 cum
2778 3711 2977 3766 adhuc
2998 3709 3193 3765 infans
3215 3717 3390 3779 esset,
3414 3712 3687 3769 volucres

2032 3817 2063 3857 e
2088 3801 2214 3857 luto
2252 3800 2514 3867 tinxisse,
2538 3798 2870 3871 inﬂatuque
2901 3816 3011 3855 suo
3041 3800 3381 3855 animantes
3424 3816 3527 3856 eas
3551 3802 3687 3857 red-

2032 3891 2279 3956 didisse,
2309 3889 2415 3945 sed
2462 3894 2519 3945 et
2548 3905 2739 3945 caecos
2770 3905 3042 3958 sanasse,
3076 3896 3347 3945 mortuos
3374 3889 3687 3957 excitasse,

2034 3980 2567 4053 apostoloruinque
2596 3983 2813 4047 rogatu
2865 3995 2901 4035 a
2929 3983 3047 4035 Deo
3079 3980 3338 4051 petiisse,
3372 3984 3428 4035 et
3476 3997 3690 4039 mensa

2033 4087 2065 4126 e
2094 4069 2259 4126 ccelis
2290 4068 2550 4123 deducta
2579 4083 2682 4122 eos
2713 4067 2951 4131 aluisse,
2978 4084 3175 4140 neque
3203 4068 3554 4124 cruciﬁxum
3585 4076 3691 4127 aut

2031 4168 2242 4215 revera
2272 4164 2579 4213 mortuum
2610 4172 2739 4212 esse
2768 4162 2829 4212 ut
2865 4156 3307 4224 hominem,sed
3332 4156 3689 4230 imaginarie

2032 4246 2417 4305 solummodo
2448 4246 2578 4301 hzec
2608 4250 2687 4301 ab
2734 4245 2993 4301 Hebraeis
3023 4262 3275 4319 passum
3303 4263 3437 4303 esse
3470 4261 3481 4299 :
3516 4253 3571 4303 et
3599 4249 3686 4304 in-

2032 4343 2399 4408 terrogatum
2418 4351 2453 4391 a
2476 4338 2595 4391 Deo
2617 4351 2695 4391 an
2716 4351 2778 4390 se
2798 4338 2983 4391 Deum
3004 4336 3062 4390 in
3089 4335 3321 4392 mundo
3338 4336 3687 4402 nominarit,

2030 4443 2306 4498 negasse,
2338 4443 2407 4481 ac
2437 4424 2659 4479 dixisse
2690 4441 2703 4480 :
2742 4425 2827 4479 Tu
2858 4428 3057 4482 omnia
3085 4426 3260 4495 nosti,
3289 4432 3343 4481 et
3380 4430 3492 4482 scis
3537 4429 3693 4500 quod

2031 4535 2149 4573 non
2176 4515 2536 4572 nominarim
2572 4530 2663 4569 me
2683 4515 2870 4570 Deum
2902 4521 3009 4571 aut
3057 4516 3282 4570 Filium
3312 4521 3504 4571 tuum.
3545 4517 3689 4573 Sum

2032 4608 2189 4665 enim
2216 4620 2421 4662 seruus
2444 4610 2715 4664 tuusmec
2732 4604 2817 4658 ita
2843 4604 3132 4673 superbus
3150 4620 3277 4660 sum
3304 4609 3469 4661 utsic
3487 4608 3695 4662 vocari

2033 4692 2825 4754 delrec!em.Anathematizo
2847 4693 3175 4748 Moamedis
3194 4694 3534 4751 doctrinam
3554 4702 3691 4769 quae

2033 4787 2177 4842 dicit
2198 4784 2494 4840 Christum
2518 4797 2639 4837 non
2666 4796 2797 4836 esse
2830 4781 3045 4837 Filium
3072 4782 3192 4849 Dei,
3213 4784 3318 4839 sed
3349 4784 3692 4857 apostolum

2036 4883 2092 4933 et
2130 4874 2538 4950 prophetam:
2597 4870 2882 4943 quoniam
2920 4871 3153 4945 (inquit)
3207 4876 3363 4929 Deus
3422 4890 3693 4930 commu-

2035 4968 2232 5025 nionis
2285 4965 2515 5021 socium
2562 4978 2685 5018 non
2738 4961 2969 5018 habet:
3016 4968 3075 5019 et
3120 4979 3330 5019 omnes
3380 4965 3483 5037 qui
3534 4965 3693 5022 Chri-

2034 5064 2192 5114 stum
2224 5056 2279 5112 ei
2304 5052 2751 5111 communionis
2780 5052 3013 5109 socium
3044 5044 3271 5122 dicunt,
3301 5054 3363 5109 in
3415 5055 3695 5125 gehenna

2037 5147 2191 5217 ignis
2214 5145 2557 5219 punientur.
2581 5143 3031 5200 Anathematizo
3066 5143 3391 5200 Moamedis
3423 5144 3694 5203 fabulam

2038 5239 2094 5295 in
2122 5254 2245 5310 qua
2269 5236 2412 5292 dicit
2444 5238 2560 5291 Deo
2588 5234 2843 5290 domum
2872 5235 3233 5307 precationis
3249 5234 3327 5291 ab
3349 5235 3701 5293 Abrahamo‘

2037 5333 2092 5385 et
2152 5326 2402 5383 lsmaele
2450 5330 2736 5381 structam
2795 5341 2929 5381 esse
2969 5325 3031 5380 in
3091 5326 3317 5381 Bacche
3358 5327 3481 5382 sive
3530 5327 3696 5385 Make

2036 5422 2141 5476 aut
2172 5416 2417 5475 Makech
2452 5435 2465 5471 :
2494 5431 2681 5489 quam
2707 5414 2985 5472 nominat
3027 5414 3441 5473 adoratorium
3493 5416 3698 5475 obser-

2035 5577 2753 5660 hujusiriodiverbum.“
2805 5650 2840 5660 __
2978 5650 2989 5660 .

2110 5650 2220 5726 (10)
2250 5652 2488 5710 Plenius
2518 5652 2681 5739 apud
2714 5650 3125 5725 Euthymium.
