4508 6436
280 351 386 402 133

1642 333 1986 390 THESAURI
2028 336 2157 392 LIB.
2199 338 2304 392 XX.

3550 350 3650 405 134

278 473 373 520 καί
403 464 639 540 βδελλῶν
664 468 754 513 καί
777 464 1134 533 μασσηματος
1154 477 1165 488 ·
1210 464 1301 510 καί
1329 461 1431 524 ὅτι,
1460 467 1551 510 τοῦ
1583 457 1854 531 ἀνθρώπου
1875 456 2211 523 πλασθέντας,
2231 462 2279 510 οἱ
2310 462 2399 531 μὲν
2439 459 2581 511 ἄλλοι
2612 462 2793 519 πάντες
2820 462 3028 532 ἄγγελοι
3061 471 3193 517 Θεοῦ
3209 470 3489 539 προστάξει
3521 490 3651 543 προ-

282 559 481 612 σεκύνη
492 574 588 606 σαν
601 552 742 621 αὐτῷ
760 571 771 582 ·
798 554 947 621 μόνος
972 544 1031 599 δε
1051 550 1075 598 ό
1102 546 1279 621 Βελίαρ
1302 548 1394 599 οὐκ
1413 546 1625 603 έπείσθη
1650 551 1917 618 προσκυνῆ
1928 563 2039 602 σαι.
2059 552 2156 598 Καί
2178 547 2259 599 ἐπί
2281 555 2411 599 πᾶσι
2432 552 2632 608 τούτοις
2654 546 3013 621 ἀναθεματίξω
3034 556 3120 603 τόν
3139 558 3268 607 Θεὸν
3290 563 3380 608 τοῦ
3394 556 3649 631 Μωάμεδ,

281 650 407 717 περί
428 644 488 695 οὗ
512 643 647 712 λέγει
682 642 763 691 ὁτι
783 638 935 695 αὐτός
958 636 1066 688 έστι
1105 640 1224 696 Θεὸς
1251 637 1323 696 εἷς
1353 635 1641 707 όλόσφυρος
1661 635 1758 705 [ὃς]
1784 634 1876 685 ούκ
1907 632 2170 703 έγέννησεν
2194 633 2317 688 οὐδὲ
2344 634 2610 707 ἐγεννήθη,
2642 632 2765 687 οὐδε
2790 636 2980 708 ἐγένετο
3002 640 3174 712 ὅμοιος
3200 643 3343 714 αὐτῷ
3373 664 3470 705 τις,

358 733 441 785 Τὰ
499 732 744 805 εῖρημένα
794 732 964 778 τοίνυν
1005 725 1228 788 ἅπαντα,
1291 732 1381 775 καὶ
1421 724 1571 775 αὐτὸν
1612 730 1695 775 τόν
1737 725 1898 775 Μωά-
1932 726 1977 775 Α

288 818 420 893 ptati,
472 825 564 871 καὶ
607 822 695 869 τόν
729 814 1056 888 σφυρήλατον
1098 814 1259 864 αὐτού
1318 818 1447 864 Θεὸν
1488 811 1897 883 ἀναθεματίζων,

290 916 387 960 καὶ
459 908 889 975 ἀποτασσόμενος
954 902 1146 963 αὐτοῖς,
1224 906 1588 973 συντάσσομαι
1636 908 1706 969 τῶ
1764 906 1902 971 μόνῳ

292 997 527 1065 ἀληθινῷ
567 1002 683 1062 Θεῲ
722 1001 795 1061 τῶ
837 999 1047 1062 Χριστῷ
1082 992 1223 1061 (18)·
1268 995 1355 1041 καὶ
1386 992 1614 1040 πιστεύω
1673 989 1743 1048 εἰς
1802 996 1903 1040 Πα-

294 1091 423 1159 τέρα
461 1092 553 1136 καὶ
616 1086 732 1135 Υιόν
809 1086 894 1131 καὶ
950 1080 1097 1149 ἅγιον
1149 1086 1374 1150 Πνεῦμα,
1427 1084 1519 1135 τὴν
1586 1077 1737 1148 ἀγίαν
1812 1066 1902 1127 καὶ

296 1177 584 1246 ὀμοούσιον
638 1176 727 1222 καὶ
791 1169 1091 1240 ἀχώριστον
1138 1164 1375 1240 Τριάδα·
1410 1171 1500 1218 καὶ
1531 1172 1624 1224 τὴν
1656 1169 1903 1238 ἕνσαρκον

294 1264 599 1333 οἰκονομίαν
639 1262 897 1331 καὶπρὸς
947 1254 1248 1328 ἀνθρώπους
1304 1252 1588 1327 ἒπιδημίαν
1644 1254 1903 1325 ὁμολογῶν

299 1360 395 1403 τοῦ
436 1359 534 1411 τῆς
572 1350 727 1419 ἁγίας
765 1341 993 1417 Τριάδος
1055 1345 1159 1403 ἑνός
1196 1352 1287 1395 τοῦ
1326 1350 1625 1415 μονογενοῦς
1664 1350 1785 1395 Υιού
1815 1347 1903 1393 καὶ

296 1448 476 1509 Λόγου
512 1445 603 1489 τού
638 1444 789 1501 Θεού,
844 1442 932 1484 τού
970 1432 1023 1483 ἐκ
1067 1440 1157 1483 τοῦ
1210 1436 1411 1505 Πατρός
1451 1436 1548 1503 πρὸ
1580 1433 1779 1482 πάντων
1808 1438 1905 1481 τῶν

298 1528 502 1578 αἰώνων
560 1526 907 1596 γεννηθέντος,
940 1518 1014 1572 δι’
1050 1521 1108 1572 οὗ
1150 1524 1213 1576 τά
1259 1522 1428 1571 πάντα
1485 1518 1677 1590 ἐγένετο
1703 1541 1714 1551 ·
1766 1524 1904 1590 γινέ-

302 1619 431 1669 σθαι
484 1622 665 1666 τοῦτον
724 1611 1155 1682 πληροφορούμαι
1208 1612 1341 1659 κατά
1398 1608 1640 1665 ἀληθειαν
1704 1607 1906 1680 ἀνθρω-

302 1724 423 1770 πον,
502 1707 575 1775 μὴ
639 1700 896 1752 ἐκστάντα
941 1705 1029 1757 τῆς
1067 1697 1261 1758 οἰκείας
1318 1699 1589 1757 θεότητος*
1651 1702 1739 1748 καὶ
1780 1694 1907 1748 εἶναι

302 1798 393 1843 τόν
434 1792 593 1843 αὐτόν
635 1793 763 1842 Θεὸν
804 1786 1009 1846 ἀληθῶς
1038 1793 1128 1837 καὶ
1167 1787 1437 1859 ἄνθρωπον
1482 1784 1685 1845 ἀληθῶς
1733 1785 1907 1855 ἀσυγ-

302 1884 511 1950 χύτως,
573 1878 838 1951 ἀτρέπτως
908 1880 996 1926 καὶ
1062 1872 1433 1942 ἀναλλοιωτως,
1501 1871 1547 1923 ἐν
1623 1875 1911 1924 ὑποστάσει

304 1974 400 2019 καὶ
472 1964 604 2018 δυσὶ
650 1968 897 2037 φύσεσιν·
960 1962 1203 2021 ἑκουσίως
1248 1981 1300 2013 τε
1354 1964 1524 2013 πάντα
1579 1963 1759 2013 παθεῖν
1822 1966 1911 2013 καὶ

315 2056 693 2129 σταυρωθῆναι
745 2057 922 2124 σαρκὶ,
991 2060 1081 2109 τῆς
1158 2052 1393 2110 θεότητος
1445 2049 1677 2109 ἀπαθους
1742 2053 1909 2121 μεινά-
1945 2066 1982 2119 Β

308 2165 444 2205 της.
508 2149 598 2194 καὶ
648 2149 895 2213 ταφῆναι,
945 2145 1032 2191 καὶ
1106 2144 1384 2214 τριήμερόν
1442 2138 1748 2205 ἀναστῆναι,
1824 2144 1913 2189 καὶ

305 2234 382 2293 εἰς
435 2233 687 2307 οὐρανούς
740 2229 1132 2300 ἀναληφθῆναι·
1192 2234 1279 2279 καὶ
1340 2228 1477 2289 ἥξειν
1518 2228 1563 2278 ἐν
1597 2225 1747 2299 δοξη,
1798 2228 1914 2300 μέ)-

305 2323 468 2374 λόντα
529 2328 700 2395 κρῖναι
767 2323 961 2381 ζῶντας
1006 2321 1094 2367 καὶ
1145 2319 1353 2387 νεκρούς
1382 2318 1513 2385 (19).
1546 2321 1645 2368 Καὶ
1663 2323 1755 2373 την
1781 2320 1915 2369 κατά

309 2414 490 2485 σάρκα
555 2416 735 2461 τοῦτον
805 2414 1055 2459 τεκοῦσαν
1123 2407 1397 2478 Παρθένον,
1485 2405 1634 2475 ἁγίαν
1711 2411 1915 2479 Μαρίαν

309 2501 595 2573 Παρθένον,
667 2502 756 2547 καὶ
800 2500 1050 2567 μείνασαν
1111 2497 1240 2564 μετὰ
1304 2500 1453 2545 τόκον
1523 2496 1788 2566 παρθένον,
1828 2515 1917 2545 κυ-

306 2593 438 2661 ρίως
490 2591 580 2637 καὶ
642 2584 847 2644 ἀληθῶς
915 2587 1162 2634 Θεοτόκον
1220 2588 1307 2633 καὶ
1369 2586 1598 2633 πιστεύω
1638 2588 1726 2634 καὶ
1764 2583 1916 2653 λέγω,

307 2681 404 2727 καὶ
444 2678 515 2734 ῶς
570 2676 708 2725 κατὰ
763 2672 1003 2729 ἀλήθειαν
1060 2675 1276 2742 Μητέρα
1316 2679 1447 2723 Θεού
1488 2670 1916 2745 ένανθρωπήσαν-

307 2781 431 2825 τος·
487 2768 579 2814 καὶ
631 2759 724 2814 διά
771 2769 923 2813 τοῦτο
953 2765 1136 2831 κυρίαν
1176 2764 1264 2810 καὶ
1317 2756 1594 2811 δέσποιναν
1654 2759 1701 2810 ἐν
1731 2764 1919 2834 χάριτι

309 2857 663 2923 γεγενημένην
700 2853 879 2908 πάσης
944 2857 1033 2908 τῆς
1071 2854 1281 2907 κτίσεως
1320 2857 1597 2921 προσκυνῶ
1634 2854 1723 2899 καὶ
1761 2859 1914 2921 τιμῶ.

312 2948 419 2994 Καὶ
472 2946 561 2992 τόν
607 2944 750 3013 παρά
787 2947 895 3000 τοῖς
935 2944 1272 3011 Χριστιανοῐς
1319 2946 1582 3008 μυστικῶς
1616 2940 1917 3012 ἱερουργού-

307 3049 462 3102 μενον
530 3030 688 3103 ἄρτον
732 3033 822 3079 καὶ
866 3030 951 3078 τὸν
982 3023 1135 3094 οἶνον,
1163 3026 1229 3076 ὧν
1270 3025 1319 3076 ἐν
1360 3034 1473 3085 ταὶς
1506 3028 1667 3087 θείαις
1696 3026 1917 3088 τελεταῖς

306 3116 797 3190 μεταλαμϐάνουσι,
853 3118 1097 3187 πείθομαι
1136 3119 1225 3166 καὶ
1282 3113 1517 3186 ὁμολογῶ
1569 3122 1658 3166 καὶ
1688 3119 1917 3167 πιστεύω

309 3216 471 3279 σῶμα
539 3213 627 3257 καὶ
707 3207 841 3277 αἷμα
895 3208 1028 3255 κατά
1096 3202 1338 3261 ἀλήθειαν
1396 3200 1523 3254 εἶναι
1579 3212 1667 3255 τού
1725 3209 1917 3277 Κυρίου

311 3298 499 3353 Ἰησοῦ
553 3304 809 3370 Χριστόν,
877 3292 1295 3365 μεταϐαλλόμενα
1368 3300 1429 3363 τῇ
1510 3292 1700 3345 ἐκείνου
1775 3296 1915 3364 θεῐκῇ

312 3437 621 3507 ἀπάγοντα’
658 3435 1029 3506 ἐξηγουμένους
1064 3431 1122 3485 δὲ
1162 3434 1401 3504 θεοφιλῶς
1433 3439 1489 3507 τό
1528 3434 1598 3495 εἰς
1631 3430 1921 3486 σκάνδαλον
1951 3413 1991 3468 C

315 3502 481 3565 δῆθεν
516 3512 604 3558 καί
644 3502 963 3578 πρόσκομμα
1000 3502 1265 3569 κείμενονδ
1318 3512 1405 3556 καί
1437 3502 1823 3578 διασαφούντας
1848 3512 1917 3577 μὴ

314 3580 451 3640 ὅλως
495 3586 625 3631 Θεόν
653 3577 872 3660 ούρανοῦ
891 3577 989 3628 καί
1038 3586 1135 3647 γῆς
1184 3582 1408 3634 ποιητὴν
1435 3577 1925 3660 καθυποϐοίλλεσθμι

320 3652 635 3721 ἀναθεματι,
681 3644 810 3700 ἀλλά
851 3653 936 3700 τὸν
974 3644 1118 3726 παρά
1155 3656 1227 3717 τῷ
1278 3647 1419 3719 λήρῳ
1466 3653 1555 3699 καί
1605 3644 1925 3719 δαιμονώδιι

318 3719 556 3792 Mucius?
577 3720 1015 3791 ἀναπλαττόμενον
1042 3719 1327 3789 όλόσφυρον
1359 3724 1507 3785 Θεὸν,
1535 3724 1623 3770 καί
1653 3725 1784 3790 μήτε
1807 3738 1926 3789 γενφ

319 3795 547 3850 νηθέντα
593 3798 725 3863 μήτε
775 3798 1119 3862 γεννήσαντα,
1154 3794 1303 3861 Παρὰ
1325 3798 1687 3863 ,Χριστιανοίςλ
1710 3794 1798 3861 μεν
1824 3796 1925 3863 γαρ

322 3858 651 3926 δοξάζεσθαι
684 3858 889 3935 Πατέρα
918 3867 1091 3935 Θεόν·Δ
1131 3858 1264 3913 αύτά
1312 3858 1389 3912 δὲ’
1419 3865 1483 3911 τὰ
1537 3858 1811 3918 ἀπόϐλητα
1832 3858 1929 3935 ’τού

320 3937 556 4005 Μωαμετ
574 3930 873 4008 ληρηματα,
895 3942 1048 3984 τοῦτο
1070 3931 1426 4006 ἀπαγορεύειν·
1444 3934 1564 3992 όλως
1579 3938 1667 3983 καί
1687 3933 1849 3993 οἵΑλως
1872 3930 1930 3985 δε

320 4014 393 4080 μὴ
411 4004 649 4057 συνιέναι
670 4004 896 4080 ἀκριϐῶς
912 4004 1284 4080 όποίόντίὲστί
1310 4008 1376 4080 τό
1398 4004 1703 4076 όλόσφυρον.
1728 4005 1787 4059 Id
1819 4010 1929 4069 est,

324 4076 697 4148 Hieronymo
727 4076 911 4132 Voltio
934 4077 1276 4146 interprete,
1325 4076 1544 4131 Exstat
1574 4082 1731 4148 inter
1757 4086 1930 4131 caste-

323 4165 430 4205 ras
452 4147 823 4205 catecheticm
854 4147 1076 4203 tabula
1123 4148 1481 4213 sanctiones,
1514 4147 1838 4203 anathema
1866 4148 1931 4201 in

322 4222 612 4277 Moameti
632 4220 805 4274 deum
833 4237 845 4285 ;
875 4234 1047 4289 quem
1075 4232 1185 4273 nec
1209 4219 1929 4288 genuisse,necgenit'um,

324 4292 432 4348 sed
462 4290 875 4359 holosphyron
920 4304 1040 4345 esse
1073 4290 1371 4358 afﬁrmat.
1400 4289 1476 4359 id
1503 4290 1830 4345 anathema
1859 4304 1931 4345 ex

326 4362 607 4419 omnibus
630 4358 1019 4417 ’catecheticis
1068 4361 1286 4415 libellis
1342 4358 1573 4417 aboleri
1620 4362 1828 4419 voluit.
1858 4361 1933 4415 ab

328 4404 465 4503 ipsa
518 4433 759 4501 Magna:
805 4434 1065 4488 ecclesiae
1118 4432 1327 4487 tabula
1356 4435 1731 4500 auspicatus;
1760 4404 1937 4501 idque

328 4508 573 4561 ratione
597 4504 904 4572 probabili
946 4503 1192 4558 scilicet.
1248 4504 1457 4558 Aiebat
1484 4506 1637 4558 enim
1666 4504 1936 4572 blasphe-

330 4579 469 4632 miis
490 4576 555 4630 in
576 4576 763 4631 Deum
784 4575 1319 4645 qualibuscumque
1347 4575 1572 4643 oﬂ'endi
1598 4576 1933 4644 Agarenos,

376 4649 441 4701 ui
495 4646 580 4701 ad
632 4647 798 4714 piam
850 4653 1133 4701 nostram
1197 4646 1543 4714 religionem
1596 4646 1933 4713 deﬁcerent.

376 4666 441 4701 αι
495 4666 577 4701 αα
632 4666 798 4714 piam
850 4666 1133 4701 nouram'
1197 4666 1307 4700 Tell
1357 4666 1543 4701 tonem
1596 4666 1933 4713 air/iceram.

330 4666 607 4774 g’roinde
635 4720 923 4773 accersito
952 4718 1215 4772 maximo
1253 4666 1594 4783 Tfeodosio,
1654 4720 1758 4787 qui
1792 4724 1937 4772 tunc

330 4791 675 4860 principem
702 4789 897 4845 sedem
927 4788 1181 4844 curabat
1211 4794 1390 4859 atque
1415 4788 1695 4855 ornabat,
1726 4794 1781 4843 et
1811 4790 1931 4857 pri-

333 4862 552 4916 mariis
574 4860 983 4917 sacerdotibus
1029 4861 1134 4930 qui
1171 4866 1297 4914 tum
1326 4862 1391 4913 in
1421 4860 1568 4915 urbe
1591 4866 1785 4925 erant,
1817 4862 1936 4915 elo-

334 4932 588 5005 quentia
612 4938 666 4987 et
703 4933 927 5005 virtute
974 4936 1349 5005 praestantes,
1377 4932 1773 5005 _qua’stionem
1804 4947 1938 4986 cum

335 5002 571 5060 fumido
628 5002 876 5058 exordio
924 5008 1227 5071 proponit.
1270 5002 1388 5058 Sed
1434 5017 1634 5057 omnes
1661 5003 1938 5071 refraga-

336 5078 587 5143 bantur,
620 5089 729 5130 nec
780 5075 909 5129 ullo
953 5074 1129 5129 modo
1159 5074 1270 5129 illa
1299 5074 1715 5137 admittebant,
1749 5080 1813 5128 ut
1840 5074 1939 5129 ab-

333 5146 531 5204 surda
551 5154 605 5201 et
622 5161 662 5201 a
678 5161 820 5201 vera
838 5146 912 5201 de
938 5146 1061 5201 Deo
1080 5148 1377 5201 sententia
1414 5146 1774 5201 abducentia
1808 5162 1821 5199 :
1849 5152 1939 5200 at-

333 5234 453 5290 que
469 5218 799 5290 anathema
807 5218 969 5290 illud
980 5217 1556 5290 oﬂ'ensionisscilicet
1567 5217 1834 5290 plenum,
1845 5217 1943 5285 pie

337 5287 752 5359 explicabunt.
765 5288 889 5344 Nec
900 5289 1057 5359 enim
1072 5288 1262 5343 Deum
1276 5287 1409 5343 caeli
1425 5294 1478 5343 et
1493 5294 1669 5359 terres
1681 5288 1835 5343 cond
1840 5292 1944 5343 ito-

335 5358 464 5417 rem
477 5360 609 5415 ullo
620 5360 794 5415 modo
813 5358 1200 5417 anathemate
1221 5361 1459 5429 notari;
1491 5360 1596 5415 sed
1616 5358 1941 5429 holosphy-

338 5449 454 5489 ron
469 5432 649 5488 illum
667 5433 1057 5502 Deum,quem
1071 5432 1297 5487 delirus
1327 5437 1383 5487 et
1410 5431 1677 5501 furiosus
1687 5431 1942 5487 Moame—

340 5512 439 5561 tus
469 5518 581 5561 nec
604 5505 873 5574 genitum
896 5517 1004 5559 nec
1022 5505 1363 5574 gignentem
1376 5504 1761 5572 conﬁngeret.
1783 5504 1943 5559 Nam

338 5577 512 5645 apud
544 5575 923 5632 Christianos
950 5576 1139 5631 Deum
1160 5576 1405 5632 Patrem
1434 5575 1757 5641 celebrari;
1785 5575 1945 5646 quod

339 5648 714 5710 detestandis
737 5646 1022 5704 Moameti
1042 5647 1616 5719 nugamentisplane
1632 5646 1944 5717 prohibea-

1973 4764 2015 4817 Ι)

2080 723 2365 779 Praedicta
2396 725 2573 795 igitur
2615 726 2841 794 omnia,
2896 728 3218 801 ipsumque
3258 734 3654 800 Moamedem,

2007 815 2063 864 et
2088 811 2347 867 solidum
2374 814 2502 883 ejus
2528 815 2735 883 Deum,
2761 815 3219 885 anathematizo,
3241 819 3318 874 ab
3340 836 3531 893 eoque
3559 839 3656 878 me

2008 898 2297 971 abjungo,
2366 907 2423 957 et
2464 903 2768 974 conjungo
2810 919 2903 958 me
2970 921 3108 961 cum
3173 908 3301 964 solo
3358 926 3497 966 vero
3536 912 3656 967 Deo

2009 988 2260 1053 Christo.
2301 995 2358 1046 et
2392 990 2570 1045 credo
2600 992 2659 1047 in
2706 992 2961 1057 Patrem,
3017 994 3244 1064 Filium,
3279 1002 3337 1054 et
3374 1000 3657 1071 Spiritum

2008 1084 2305 1145 sanctum,
2321 1084 2592 1135 sanctam
2622 1082 3195 1157 coessentialemque
3217 1092 3272 1141 et
3292 1087 3659 1161 inseparabi-

2008 1164 2124 1221 lem
2138 1166 2506 1224 Trinitatem:
2528 1174 2584 1223 et
2600 1185 2630 1223 e
2652 1168 2857 1225 divina
2875 1170 3319 1243 dispensatione
3332 1176 3661 1248 profectam

2009 1254 2508 1321 incarnationem,
2536 1262 2717 1328 atque
2745 1256 2821 1311 ad
2844 1258 3120 1315 homines
3142 1261 3471 1319 adventum
3501 1265 3663 1320 unici

2014 1342 2418 1416 unigenitique
2469 1352 2691 1399 sanctae
2746 1346 3039 1402 Trinitatis
3095 1349 3217 1405 Filii
3237 1355 3295 1407 et
3321 1352 3493 1407 Verbi
3523 1352 3661 1417 Dei;

2010 1433 2112 1503 qui
2152 1448 2182 1486 e
2224 1434 2388 1487 Patre
2428 1440 2564 1488 ante
2595 1434 2802 1489 omnia
2838 1436 3058 1491 saecula
3096 1439 3331 1507 genitus
3350 1445 3531 1508 est,et
3559 1456 3665 1513 per

2010 1534 2193 1590 quem
2224 1521 2432 1575 omnia
2462 1520 2620 1575 facta
2646 1526 2783 1575 sunt
2813 1539 2826 1575 :
2860 1528 3140 1592 certoque
3169 1540 3531 1596 persuasum
3561 1528 3666 1583 ha—

2012 1607 2147 1673 beo,
2176 1608 2337 1663 hunc
2367 1624 2503 1663 vere
2534 1608 2842 1666 hominem
2872 1609 3099 1668 factum
3139 1628 3291 1681 esse,
3324 1630 3447 1671 non
3477 1616 3666 1687 depo-

2016 1696 2130 1751 sita
2152 1702 2353 1753 tamen
2375 1697 2686 1753 divinitate
2708 1714 2818 1754 sua
2852 1716 2865 1753 :
2892 1700 3299 1774 eumdemque
3317 1718 3452 1759 vere
3479 1707 3667 1760 Deum

2015 1800 2170 1853 esse,
2201 1791 2257 1841 et
2286 1801 2421 1841 vere
2460 1786 2789 1853 hominem,
2848 1787 3081 1861 absque
3137 1789 3258 1845 ulla
3291 1791 3667 1857 confusione.

2017 1875 2369 1935 mutatione,
2396 1873 2767 1944 alteratione,
2800 1876 2858 1931 in
2887 1893 3007 1933 una
3034 1894 3315 1950 persona,
3348 1886 3405 1936 et
3428 1880 3671 1937 duabus

2020 1962 2290 2018 naturis:
2324 1962 2663 2019 voluntarie
2709 1980 2955 2037 quoque
3007 1968 3215 2024 omnia
3259 1984 3511 2041 passum
3542 1985 3671 2026 esse

2020 2057 2076 2107 et
2105 2050 2460 2107 cruciﬁxum
2490 2068 2669 2108 carne
2695 2070 2708 2119 ;
2768 2054 2848 2110 ita
2901 2060 3100 2111 tamen
3135 2061 3198 2112 ut
3227 2057 3508 2113 divinitas
3538 2074 3675 2131 pas-

2022 2139 2205 2194 sionis
2247 2156 2461 2212 expers
2512 2144 2835 2198 manserit:
2870 2143 3170 2215 sepultum
3222 2146 3400 2201 etiam
3444 2162 3573 2201 esse
3603 2162 3674 2202 ac

2022 2228 2189 2283 tertia
2239 2228 2334 2281 die
2380 2230 2792 2299 resurrexisse,
2853 2235 3031 2303 atque
3085 2249 3329 2289 sursum
3380 2234 3441 2289 in
3490 2234 3673 2290 caelos

2022 2322 2404 2390 assumptum
2462 2334 2589 2372 esse
2626 2335 2637 2372 :
2681 2323 2737 2373 et
2766 2320 3095 2376 rediturum
3128 2338 3259 2377 esse
3288 2324 3348 2378 in
3380 2322 3567 2394 gloria
3596 2325 3676 2379 ad

2014 2406 2413 2478 judicandum
2468 2407 2634 2462 vivos
2660 2412 2717 2462 et
2746 2412 3033 2464 mortuos.
3067 2414 3147 2465 Ac
3190 2411 3489 2481 Virginem
3510 2412 3676 2468 illam

2022 2512 2158 2569 qua:
2191 2495 2527 2552 secundum
2555 2513 2797 2552 carnem
2817 2514 2953 2553 eum
2983 2501 3231 2571 peperit,
3256 2501 3520 2575 [nempe]
3547 2518 3679 2557 san-

2024 2592 2181 2642 ctam
2216 2587 2458 2641 Mariam
2492 2585 2810 2656 Virginem,
2842 2603 2979 2659 quae
3010 2596 3066 2644 et
3086 2594 3221 2661 post
3240 2596 3480 2661 partum
3511 2592 3678 2661 virgo

2026 2675 2269 2742 mansit,
2314 2675 2553 2747 proprie
2601 2690 2860 2747 vereque
2916 2678 3231 2749 Deiparam
3283 2684 3340 2734 et
3386 2679 3565 2735 credo
3621 2685 3681 2736 et

2024 2764 2182 2831 dico,
2236 2778 2496 2835 vereque
2523 2765 2765 2819 Matrem
2800 2765 2898 2819 Dei
2942 2765 3094 2820 inter
3144 2766 3421 2823 homines
3473 2769 3534 2823 in
3570 2768 3680 2823 hu-

2027 2867 2210 2907 mana
2267 2856 2483 2905 natura
2530 2851 2751 2906 versati
2808 2868 2820 2904 :
2881 2857 2938 2907 et
2997 2858 3315 2925 propterea
3366 2871 3473 2927 per
3536 2855 3679 2927 [Dei]

2027 2940 2282 3010 gratiam
2334 2938 2531 2994 omnis
2577 2943 2865 2994 creaturae
2903 2938 3216 2997 dominam
3238 2942 3568 3015 heramque
3597 2943 3684 2999 fa-

2026 3033 2186 3084 ctam
2217 3027 2403 3082 adoro
2433 3030 2490 3081 et
2508 3026 2758 3082 honoro.
2795 3028 3059 3100 Quceque
3102 3030 3269 3102 apud
3313 3031 3679 3087 Christianos

2029 3116 2280 3189 mystice
2303 3114 2731 3182 sacriﬁcantur,
2751 3130 2967 3187 panem
2992 3132 3062 3171 ac
3084 3118 3316 3187 vinum;
3344 3136 3480 3192 quas
3499 3122 3681 3176 etiam

2027 3206 2087 3261 in
2145 3204 2330 3260 divini
2395 3203 2541 3259 ritus
2604 3206 2945 3276 peractione
2993 3204 3096 3277 [ab
3153 3207 3261 3281 eis]
3314 3215 3678 3265 sumuntur:

2029 3308 2389 3368 persuasum
2426 3291 2645 3362 habeo,
2688 3293 2889 3359 credo,
2923 3299 2978 3350 et
3005 3295 3314 3365 conﬁteor,
3346 3312 3551 3354 revera
3578 3301 3688 3353 Do-

2034 3444 2152 3511 tur.
2182 3436 2403 3511 Deinde
2430 3450 2655 3511 se__non
2680 3436 2831 3511 satis
2878 3438 3217 3511 intelligere
3245 3439 3393 3511 quid
3419 3441 3495 3496 sit
3526 3441 3685 3496 illud

2035 3508 2461 3582 holosphyron.
2493 3507 2600 3582 Ubi
2622 3506 2800 3561 etiam
2832 3514 2976 3563 nota
2997 3506 3271 3564 libelluni
3292 3512 3453 3566 hunc
3479 3511 3684 3582 appel-

2035 3580 2142 3634 lari
2172 3581 2536 3654 xarnjm'nfbv
2567 3582 2829 3654 _n’uxriov,
2883 3594 2987 3633 seu
3010 3650 3018 3654 _
3044 3587 3438 3654 κατηχητὴριον
3481 3580 3682 3653 βίϐλον,

2036 3665 2254 3721 nempe
2282 3648 2621 3721 Catechesin
2662 3664 2871 3704 eorum
2918 3650 3023 3721 qui
3066 3668 3103 3706 a
3146 3648 3567 3708 S'araceuismo
3605 3654 3686 3709 ad

2038 3718 2648 3795 Christianam_tidem
2671 3735 2801 3774 sese
2830 3718 3139 3790 agregaut,
3167 3723 3571 3795 eumdemque
3592 3741 3688 3779 su-

2037 3791 2372 3865 perioribus
2419 3790 2662 3865 duobus
2712 3796 3010 3865 tempore,
3039 3808 3160 3848 non
3186 3790 3549 3861 inferiorem,
3581 3795 3689 3850 sed

2038 3862 2334 3937 aequalem
2367 3862 2729 3937 _aut__et_iam
2785 3864 3186 3937 antiquiorem
3243 3881 3392 3937 esse.
3454 3867 3689 3937 Quippe

2038 3931 2207 4007 quod
2260 3931 2555 4007 Euthymii
2604 3933 2890 4007 Panoplia
2933 3931 3071 4007 'sub
3122 3935 3329 3991 Alexio
3381 3931 3689 3993 Comueno

2040 4003 2261 4077 scripta
2299 4004 2373 4058 sit
2395 4003 2419 4070 ;⁷
2466 4003 3149 4077 haacveroCatechesis,
3197 4008 3376 4063 etiam
3404 4006 3690 4064 Mauuelis

2042 4074 2330 4150 Comneni
2362 4074 2731 4150 temporibus
2776 4075 2837 4150 in
2892 4092 3005 4131 usu
3031 4074 3205 4133 fuerit
3238 4096 3250 4133 :
3280 4079 3693 4150 quadraginta

2039 4148 2269 4205 circiter
2288 4148 2462 4201 annis
2486 4144 2626 4217 post
2654 4144 2944 4208 Alexium.
2976 4154 3040 4203 ut
3059 4154 3220 4218 patet
3246 4144 3320 4205 ei
3364 4144 3696 4205 Constanti-

2042 4219 2531 4290 nopolitanorum
2580 4218 3009 4290 imperatorum
3071 4218 3367 4289 catalogo,
3417 4221 3695 4276 editionis

2040 4288 2260 4348 nosti-ie
2291 4291 2415 4357 897,
2448 4293 2533 4343 29.
2567 4290 2853 4344 Caeterum
2877 4288 3205 4360 imperator
3225 4288 3293 4345 in
3312 4307 3382 4346 eo
3414 4293 3570 4348 sacri
3600 4308 3696 4348 or-

2042 4362 2198 4416 dinis
2228 4375 2523 4433 responso
2551 4360 3021 4433 non‘acquievnt,
3054 4361 3159 4415 sed
3191 4368 3404 4433 suapte
3436 4364 3696 4419 auctori-

2042 4438 2162 4490 tate
2198 4429 2541 4510 codicillum
2589 4429 2817 4510 edidit;
2847 4432 2908 4484 in
2961 4446 3085 4510 quo
3114 4508 3119 4510 Α
3144 4429 3482 4510 ευρθιῖίοτοε
3512 4434 3698 4510 impe-

2044 4511 2272 4560 ratores
2297 4502 2790 4575 atqueantistites
2805 4502 3049 4570 laxavit,
3064 4508 3129 4558 ut
3150 4502 3253 4575 qui
3274 4506 3479 4559 minus
3507 4502 3700 4560 consi-

2044 4576 2253 4645 derate
2311 4572 2728 4645 permisissent
2760 4589 2997 4645 _verum
3080 4572 3266 4629 Deum
3330 4576 3700 4633 anathemati

2045 4644 2260 4715 subjici
2287 4642 2401 4715 {ut
2430 4642 2622 4698 fusius
2651 4642 2877 4715 ibidem
2904 4645 3136 4701 Nicetas
3156 4648 3347 4701 refert.

2270 4714 2660 4793 Ma_lle_t__forte
2708 4714 2927 4786 aliquis
3000 4724 3114 4785 Θεῷ
3183 4725 3282 4769 τῶν
3338 4726 3697 4793 Χριστιανῶν

2045 4788 2154 4844 sed
2180 4785 2401 4842 lOcutio
2439 4785 2559 4853 illa,
2619 4794 2732 4861 Θεῷ
2900 4794 3136 4860 Χριστῷ,
3183 4785 3467 4861 repetitur
3495 4792 3558 4845 in
3611 4805 3703 4845 ar-

2046 4861 2307 4931 chetypo
2330 4862 2537 4931 nostro
2569 4857 2749 4931 etiam
2798 4857 3292 4931 aliquanto'post,
3322 4860 3461 4916 folio
3494 4865 3611 4930 105,
3640 4862 3704 4916 in

2047 4928 2343 4987 catechesi
2372 4928 2715 5001 eorumqui
2771 4943 2807 4983 a
2852 4928 3163 5001 Judaismo
3194 4928 3283 4986 ad
3304 4928 3703 4988 Christianam

2047 5003 2232 5075 ﬁdem
2286 5016 2417 5055 sese
2466 4999 2817 5066 conferunt;
2876 4999 2980 5055 ubi
3033 5007 3090 5057 et
3138 5004 3452 5075 sequentia
3472 5004 3705 5060 eisdem

2046 5074 2245 5129 verbis
2273 5076 2527 5127 exstant.
2786 5092 2789 5095 ·

2121 5146 2232 5216 (19)
2271 5146 2336 5216 In
2390 5142 2677 5216 praedicta
2734 5140 2837 5216 illa
2887 5140 3237 5216 _Judieorum
3294 5145 3595 5202 catechesi
3650 5148 3707 5201 et

2047 5212 2342 5273 Judaismi
2402 5212 3042 5285 anathematizatione,
3079 5215 3331 5285 Aeodem
3386 5216 3529 5273 folio
3585 5220 3706 5285 105,

2050 5287 2238 5343 altera
2289 5286 2461 5351 facie,
2510 5299 2728 5341 aversa
2776 5282 3019 5347 scilicet,
3075 5283 3318 5342 brevius
3350 5292 3460 5351 est,
3493 5294 3584 5341 καί
3613 5282 3708 5346 τὴν

2051 5361 2183 5411 κατὰ
2227 5360 2399 5433 σάρκα
2444 5364 2640 5433 τουτον.
2673 5363 2926 5407 τεκοῦσαν
2970 5354 3123 5427 ἁγίαν
3172 5360 3430 5431 Παρθένον
3478 5364 3706 5432 Μαρίαν,

2052 5436 2142 5482 καί
2201 5426 2485 5502 μείνασαν,
2520 5426 2652 5500 μετά
2722 5431 2874 5479 τόκον
2919 5498 2932 5502 _
2956 5426 3263 5500 παρθένον,’
3300 5432 3382 5487 Et
3438 5426 3711 5488 sanctam

2066 5498 2386 5581 Virginem
2415 5498 2712 5581 Mariam,
2746 5514 2879 5570 quas
2900 5498 3071 5581 .hun'c
3107 5498 3438 5581 secundum
3468 5518 3713 5561 carnem

2050 5576 2303 5646 peperit,
2334 5578 2388 5631 et
2409 5577 2544 5644 post
2571 5575 2820 5643 partum
2849 5574 3019 5643 virgo
3045 5574 3286 5630 mansit.
