4508 6436
889 333 987 398 135

2230 326 2498 397 Nisum
2544 324 2912 394 CHONIATE

4147 339 4248 394 136

886 465 1035 522 mini
1057 464 1200 521 Jesu
1220 463 1430 522 Christi
1448 476 1667 536 corpus
1695 477 1766 520 ac
1797 463 2154 534 sanguinem
2183 478 2335 530 esse,
2355 466 2549 519 trans-
2582 461 2628 514 Α
2662 481 2666 507 ι

2469 476 2549 516 ls-
2582 461 2628 514 Α
2662 455 2880 531 δυνάμει
2946 467 3127 535 νοερῶς
3179 478 3232 514 τι
3278 464 3367 513 καὶ
3403 458 3656 535 ἀοράτως,
3698 459 3824 533 ὑπὲρ
3866 463 4036 513 πᾶσαν
4097 479 4249 532 φυσι-

888 557 1097 610 mutaa
1153 552 1471 627 [videlicet]
1506 552 1713 609 divina
1768 550 1924 608 illius
1983 552 2253 626 potentia
2304 569 2317 607 :
2366 551 2550 624 idque

889 647 1091 698 mente
1141 647 1198 698 et
1242 657 1365 697 non
1410 641 1598 697 oculis
1633 640 2022 714 perceptibili,
2051 655 2417 712 omnemque
2446 654 2551 694 na-

888 729 1146 787 turalem
1178 730 1601 800 cogitationem
1624 737 1942 804 superante
1975 729 2181 797 modo,
2209 745 2388 802 quem
2419 727 2548 800 ipse

889 818 1054 875 solus
1097 820 1262 874 novit
1295 836 1306 874 :
1340 823 1519 892 atque
1550 818 1631 875 ita
1661 823 1716 874 et
1767 833 1880 888 ego
1908 835 2005 874 me
2032 817 2131 875 illa
2160 834 2300 873 cum
2323 815 2548 873 czeteris

891 911 1275 980 sumpturum
1307 908 1622 974 assentior,
1647 911 1708 963 ut
1727 923 1860 981 quae
1884 923 2022 963 vere
2052 922 2193 964 caro
2217 911 2273 962 et
2299 904 2547 976 sanguis

886 996 1018 1066 ejus
1034 997 1236 1056 sint.et
1251 995 1326 1052 ad
1342 996 1560 1052 animae
1579 995 1966 1069 corporisque
1987 994 2542 1058 sanctiﬁcationem,

886 1085 1069 1141 vitam
1128 1090 1435 1150 aeternam,
1497 1085 1782 1159 regnique
1835 1085 2091 1141 ccelestis
2136 1083 2544 1141 haereditatem

887 1172 1346 1247 adipiscendam
1366 1179 1705 1241 sumantur,
1725 1174 1802 1230 ab
1823 1174 1936 1230 illis
1965 1175 2068 1247 qui
2095 1189 2167 1229 ea
2195 1173 2256 1230 in
2283 1171 2545 1245 perfecta

884 1262 1002 1319 tide
1055 1263 1437 1336 participant.
1481 1263 1888 1335 Sanctumque
1955 1261 2168 1318 Christi
2215 1260 2541 1334 baptisma,

884 1366 1036 1423 puro
1070 1349 1401 1424 seduloque
1451 1352 1657 1407 animo
1707 1356 1762 1406 et
1811 1351 2011 1418 corde,
2045 1366 2114 1407 ac
2143 1349 2263 1406 ﬁde
2290 1351 2538 1419 sincera,

883 1439 1154 1512 accipere
1177 1438 1490 1507 desidero;
1548 1443 1707 1494 certo
1756 1454 1826 1495 ac
1871 1454 2007 1494 vere
2047 1454 2404 1511 persuasum
2435 1437 2542 1494 ha-

881 1527 1054 1596 bens,
1105 1528 1250 1583 illud
1304 1532 1505 1585 mente
1557 1527 2002 1600 perceptibilem
2061 1527 2541 1601 purificationem

881 1631 1034 1683 esse,
1059 1616 1368 1688 animique
1392 1615 1612 1688 pariter
1633 1621 1689 1670 et
1710 1618 1976 1688 corporis
2001 1615 2540 1686 regenerationem.

883 1704 995 1762 Sed
1021 1710 1077 1761 et
1101 1705 1506 1761 venerabilem
1566 1721 1806 1760 crucem
1855 1705 2128 1776 ejusdem
2177 1705 2298 1762 veri
2333 1703 2541 1760 Christi

883 1795 1105 1868 Deique
1155 1794 1363 1863 nostri,
1391 1799 1456 1849 ut
1486 1810 1623 1866 qua:
1667 1809 1789 1849 non
1829 1793 2091 1866 amplius
2137 1793 2539 1866 corruptionis
2571 1811 2610 1864 Β
2648 1810 2759 1851 xm.

880 1888 937 1940 et
962 1883 1407 1951 exsecrationis,
1457 1881 1564 1937 sed
1595 1881 1886 1938 libertatis
1918 1888 1974 1938 et
2005 1883 2139 1938 vitae
2181 1886 2415 1938 (eterna:
2456 1882 2542 1937 in-

881 1977 1304 2038 strumentum,
1350 1972 1733 2045 victoriaque
1780 1972 2070 2028 adversus
2118 1971 2428 2028 diabolum
2469 1987 2540 2027 ac

881 2066 1135 2118 mortem
1195 2062 1453 2131 signum.
1492 2060 1565 2116 sit
1617 2078 1629 2116 :
1688 2055 1997 2132 prteterea'
2039 2064 2093 2116 et
2164 2060 2539 2116 venerabiles

875 2151 1193 2222 imagines,
1249 2153 1306 2206 et
1365 2147 1733 2223 [salutiferae]
1795 2149 1953 2205 illius
2010 2150 2110 2206 Dei
2157 2149 2329 2205 Verbi
2373 2149 2538 2222 apud

873 2240 1152 2296 homines
1181 2240 1237 2296 in
1273 2254 1451 2294 carne
1483 2239 1900 2311 apparitionis,
1951 2242 2008 2294 et
2045 2241 2174 2309 ejus
2218 2255 2355 2311 quae
2385 2238 2536 2294 inef-

874 2327 1132 2385 fabiliter
1180 2327 1343 2383 istud
1399 2327 1630 2400 peperit
1686 2333 1867 2382 castae
1891 2328 2146 2398 Virginis
2177 2327 2398 2399 Deique
2420 2329 2535 2383 Ma-

875 2418 997 2489 tris,
1034 2417 1503 2488 divinorumquc
1548 2417 1927 2486 angelorum,
1956 2423 2012 2472 ct
2033 2421 2378 2472 sanctorum
2411 2432 2538 2472 om-

869 2507 1063 2572 nium,
1122 2510 1184 2561 ut
1235 2505 1674 2578 primitivorum
1728 2504 2031 2578 symbola,
2083 2508 2137 2561 et
2182 2510 2449 2578 accepto,
2482 2509 2536 2562 et

868 2597 1104 2653 honoro
1133 2601 1312 2669 atquc
1353 2595 1686 2652 exosculor.
1751 2595 1864 2651 Sed
1915 2601 1970 2651 et
1996 2597 2162 2668 ipsos
2193 2612 2396 2651 sacrm
2427 2612 2534 2652 an-

869 2687 1056 2758 gelos,
1094 2692 1458 2758 sanctosque
1491 2700 1724 2755 omnes,
1762 2685 1864 2758 qui
1902 2687 2056 2740 bene
2085 2687 2202 2741 Deo
2233 2684 2534 2758 placuere,

870 2782 933 2832 ut
965 2792 1169 2831 servos
1221 2775 1402 2842 illius,
1443 2773 1725 2847 ﬁdosque
1768 2760 2095 2840 ministros,
2139 2780 2382 2846 propter
2426 2775 2534 2830 llo-

868 2880 1079 2921 norem
1109 2863 1190 2920 illi
1229 2863 1528 2931 habitum,
1574 2863 1809 2919 honoro
1835 2868 1894 2919 et
1918 2878 2170 2919 veneror
2203 2881 2214 2918 :
2249 2868 2428 2935 atque
2454 2864 2537 2919 ita

869 2959 992 3011 toto
1025 2954 1230 3010 animo
1257 2958 1313 3009 et
1344 2953 1542 3018 corde,
1595 2969 1855 3026 veroque
1883 2952 2071 3008 animi
2097 2953 2427 3026 proposito,
2458 2953 2536 3009 ad

870 3043 1340 3100 Christianorum
1389 3041 1573 3098 ﬁdem
1626 3042 1872 3098 accedo.
1919 3042 1976 3099 Si
2019 3057 2162 3098 vero
2193 3059 2332 3098 cum
2355 3041 2538 3097 simu-

2658 552 2752 606 κήν
2794 551 3006 620 ἔννοιαν,
3074 553 3142 611 ὡς
3199 546 3311 603 οἶδε
3367 553 3519 622 μόνος
3576 549 3762 610 αὐτός·
3802 553 3891 602 καὶ
3929 549 4062 602 οῦτω
4100 548 4248 620 κάγὼ

2657 636 3051 709 μεταλήψεσθαι
3105 642 3296 691 τούτων
3352 640 3676 712 συντίθεμαι,
3732 639 3801 699 ὡς
3837 639 3968 690 κατὰ
4011 637 4249 696 ἀλήθειαν

2656 728 2812 777 ὄντων
2890 730 3083 799 σαρκός
3135 746 3186 780 τι
3242 732 3332 780 καὶ
3386 730 3605 800 αἵματος
3658 726 3842 793 αὐτοῦ,
3884 731 3973 778 καὶ
3994 727 4062 787 εἰς
4098 727 4250 798 ἁγια-

2657 817 2788 886 σμόν
2853 814 3040 888 ψυχῆς
3092 835 3146 868 τε
3176 820 3265 868 καὶ
3313 822 3568 889 σώματος,
3608 820 3698 867 καὶ
3736 816 3874 876 ζωὴν
3904 815 4130 885 αἰώνιον,
4156 820 4249 868 καὶ

2654 900 2929 974 βασιλείας
3005 904 3232 980 οὐρανῶν
3308 904 3650 978 κληρονομίαν
3703 903 4246 978 μεταλαμϐανομένων,

2653 998 2762 1054 τοῖς
2801 992 2968 1044 αὐτῶν
3009 991 3056 1044 ἐν
3095 999 3273 1046 πίστει
3319 993 3486 1066 τελείᾳ
3523 998 3828 1066 μετέχουσι.
3873 997 3974 1054 Καὶ
4010 995 4068 1045 τὸ
4098 993 4248 1064 ἅγιον

2652 1088 2743 1133 τοῦ
2797 1089 3033 1154 Χριστοῦ
3101 1081 3381 1156 βάπτισμα
3453 1086 3584 1156 μετὰ
3647 1085 3877 1155 καθαρᾶς
3918 1087 4006 1134 καὶ
4053 1079 4248 1135 ἀδόλου

2651 1168 2833 1241 ψυχῆς
2889 1175 2978 1222 καὶ
3034 1168 3281 1245 καρδίας,
3340 1175 3429 1224 καὶ
3489 1176 3718 1233 πίστεως
3783 1171 4100 1246 εἰλικρινοῦς,
4133 1171 4248 1224 ἐπι-

2654 1262 2795 1321 ζητῶ
2837 1255 3111 1328 δέξασθαι,
3179 1260 3653 1334 πληροφορούμενος
3723 1258 3924 1323 ἀληθῶς
3989 1262 4248 1335 κάθαρσιν

2651 1345 2777 1399 αὐτὸ
2843 1352 3033 1406 νοητὴν
3088 1345 3236 1415 εἶναι,
3296 1353 3387 1401 καὶ
3429 1347 3765 1421 ἀναγέννησιν
3818 1348 4002 1421 ψυχῆς
4054 1368 4109 1401 τε
4157 1355 4249 1403 καὶ

2652 1441 2907 1507 σώματος.
2963 1441 3062 1489 Καὶ
3099 1441 3188 1489 τόν
3246 1437 3530 1511 σεϐάσμιον
3582 1433 3640 1491 δὲ
3695 1440 3918 1513 σταυρὸν
3961 1445 4053 1490 τοῦ
4085 1439 4247 1491 αὑτοῦ

2650 1521 2894 1582 ἀληθινοῦ
2926 1532 3159 1598 Χριστοῦ
3203 1530 3291 1578 καὶ
3335 1534 3469 1579 Θεοῦ
3523 1527 3691 1598 ἡμῶν,
3741 1528 3805 1587 ὡς
3849 1525 4021 1579 οὐκέτι
4053 1527 4246 1600 φθορᾶς

2647 1618 2736 1666 καὶ
2789 1611 2914 1686 ἀρᾶς
2966 1618 3202 1690 ὄργανον,
3243 1613 3350 1666 ἀλλ’
3383 1613 3670 1690 ἐλευθερίας
3708 1619 3796 1667 καὶ
3828 1616 3962 1676 ζωῆς
4011 1615 4244 1683 αἰωνίου,

2647 1706 2738 1753 καί
2779 1710 2991 1774 σημεῖον
3044 1711 3138 1765 τῆς
3186 1707 3320 1756 κατά
3373 1711 3464 1756 τοῦ
3506 1700 3753 1756 διαϐόλου
3798 1708 3887 1755 καί
3925 1705 4147 1756 θανάτου
4171 1708 4247 1755 νί-

2817 1791 2934 1844 ’Ἑτι
2997 1787 3054 1844 δὲ
3115 1797 3204 1844 καί
3255 1795 3349 1852 τὰς
3408 1791 3727 1865 σεϐασμίους
3775 1791 3972 1854 εἰκόνας
4035 1801 4125 1853 τῆς
4190 1811 4246 1844 τε

2647 1881 2783 1933 κατά
2830 1883 3003 1956 σάρκα
3068 1885 3198 1955 πρὸς
3264 1878 3562 1955 ἀνθρώπους
3620 1882 3911 1954 ἐπιφανείας
3970 1889 4061 1934 τοῦ
4117 1885 4244 1935 Θεοῦ

2644 1974 2846 2041 Λόγου,
2923 1975 3013 2022 καί
3087 1978 3181 2033 τῆς
3228 1969 3505 2042 ἀφράστως
3559 1971 3711 2023 αὐτόν
3777 1973 4028 2032 τεκούσης
4082 1971 4246 2042 ἁγνῆς

2648 2061 2910 2134 Παρθένου
2960 2063 3049 2110 καί
3115 2065 3460 2133 Θεομήτορος,
3525 2065 3612 2111 καί
3676 2069 3774 2111 τῶν
3816 2054 4053 2113 θεοειδὼν
4091 2057 4246 2132 ἀγγέο

2645 2147 2763 2213 λων,
2815 2153 2905 2201 καί
2946 2157 3045 2200 τῶν
3101 2149 3264 2220 ἀγίων
3306 2148 3562 2217 ἀπάντων,
3605 2153 3669 2211 ὡς
3702 2148 3936 2222 σύμϐολα
3968 2158 4067 2202 τῶν
4106 2169 4247 2223 πρω-

2645 2240 2902 2306 τοτῦπων,
2947 2243 3037 2289 καί
3107 2234 3339 2310 δέχομαι
3403 2242 3494 2290 καί
3559 2247 3694 2310 τιμὼ
3755 2242 3845 2290 καί
3899 2236 4237 2311 ἀσπάζομαι.

2649 2331 2748 2380 Καί
2780 2327 2965 2388 αὐτους
2994 2324 3052 2380 δε
3073 2331 3189 2388 τοὺς
3244 2330 3409 2401 ἱεροὺς
3473 2326 3737 2399 ἀγγέλους,
3775 2333 3864 2380 καί
3901 2332 4020 2390 τοὺς
4058 2325 4246 2400 ἁγίους

2645 2417 2900 2485 ἅπαντας,
2945 2421 3066 2479 τοὺς
3119 2425 3190 2488 τῷ
3231 2425 3343 2487 Θεῷ
3388 2417 3857 2491 εῦαρεστήσαντας,
3903 2417 3973 2480 ὡς
4029 2411 4246 2478 δούλους

2645 2505 2837 2558 ἐκείνου
2882 2511 2971 2558 καί
3032 2508 3250 2566 πιστοὺς
3315 2506 3643 2578 θεράποντας,
3684 2515 3818 2578 τιμῶ
3874 2510 3964 2558 καί
4023 2504 4244 2579 σέϐομαι

2648 2593 2741 2648 διά
2801 2600 2894 2653 τὴν
2942 2599 3068 2671 πρὸς
3108 2593 3293 2647 ἐκεῖνον
3324 2601 3512 2668 τιμήνο
3555 2601 3641 2648 καί
3689 2597 3850 2658 οὕτως
3891 2595 3943 2659 ἐξ
3981 2595 4097 2656 ὅλης
4143 2595 4246 2667 ψυ-

2647 2692 2749 2757 χῆς
2805 2689 2895 2736 καί
2941 2681 3183 2758 καρδίας,
3223 2688 3312 2736 καί
3364 2687 3712 2760 προαιρέσεως
3739 2685 3982 2754 ἀληθοῦς,
4010 2689 4243 2758 προσέρ-

2644 2793 2816 2846 χομαι
2859 2781 2920 2832 τῆ
2967 2778 3143 2826 πίστει
3184 2782 3282 2825 τῶν
3347 2781 3696 2848 Χριστιανῶν.
3738 2774 3797 2827 Εἰ
3852 2769 3911 2827 δὲ
3966 2774 4078 2846 μεθ’
4119 2775 4242 2826 ὑπο-

2645 2868 2866 2937 κρίσεως
2914 2867 3003 2914 καί
3041 2859 3195 2914 δόλου
3255 2865 3421 2914 ταῦτά
3480 2883 3635 2936 φημι,
3676 2867 3766 2915 καί
3807 2862 3900 2915 οὐκ
3931 2860 3986 2914 ἐκ
4016 2868 4245 2924 πίστεως

2645 2951 2916 3024 όλοῲύχου
2963 2957 3052 3004 καί
3107 2947 3334 3026 καρδίας
3395 2955 3481 3004 τὸν
3522 2955 3752 3028 Χριστόν
3811 2949 4114 3024 ἀγαπώσης,
4163 2954 4239 3010 εἴη

2644 3061 2736 3114 μοι
2775 3039 3005 3114 ἀνάθεμα
3044 3046 3132 3093 καί
3161 3042 3451 3114 κατάθεμα,
3483 3046 3572 3093 καί
3611 3043 3640 3100 ἡ
3681 3038 3836 3114 ψυχή
3877 3061 3978 3114 μου
4017 3044 4242 3114 ταχθείη

864 3133 1090 3205 latione
1142 3147 1213 3187 ac
1250 3130 1409 3196 dolo.
1435 3132 1564 3187 haec
1586 3130 1742 3188 dico.
1786 3134 1841 3186 et
1873 3146 1991 3186 non
2025 3146 2098 3185 ex
2130 3130 2323 3187 solida
2353 3131 2533 3186 totius
2566 3133 2606 3188 C

1958 3147 1991 3185 n
2025 3146 2098 3185 ex
2130 3130 2323 3187 solida
2353 3131 2533 3186 totius
2566 3133 2606 3188 C
2645 3133 2777 3203 μετὰ
2813 3139 2904 3183 τοῦ
2944 3136 3144 3183 Σατανᾶ
3181 3135 3270 3182 καί
3307 3139 3408 3183 τῶν
3457 3126 3738 3204 δαιμόνων.

867 3221 1055 3277 animi
1087 3219 1226 3288 ﬁde,
1262 3219 1686 3292 Christumque
1710 3220 1940 3276 amanti
1971 3219 2174 3289 corde,
2235 3220 2309 3276 sit
2350 3219 2498 3276 mihi
2550 3219 2878 3277 anathema
2912 3224 2967 3276 et
3001 3219 3360 3292 catathema,
3395 3219 3725 3293 animaque
3753 3235 3892 3278 mea
3919 3219 4245 3278 collocetur

869 3327 1008 3366 cum
1038 3312 1258 3366 Satana
1285 3315 1342 3365 et
1361 3308 1764 3366 daemonibus.

1621 3617 1748 3757 Ν
1758 3614 2379 3762 ICET/E
2529 3613 3590 3762 CHONIAT/E

2185 3872 2312 3940 EX
2353 3870 2627 3940 LIBRO
2672 3871 2909 3940 XXIII

1351 4040 2100 4185 THESAUBI
2243 4056 3194 4183 ORTHODOXXE
3339 4060 3744 4182 FIDEI

1431 4277 1556 4348 (Ap.
1584 4275 1658 4331 Le
1671 4275 1844 4343 Quien
1869 4275 2062 4333 Oriens
2081 4273 2437 4332 Christianus
2468 4278 2510 4343 Ι,
2527 4275 2655 4345 649,
2683 4273 2736 4329 in
2762 4273 3038 4331 Eustratio
3062 4273 3256 4330 Nicaeae
3274 4273 3662 4347 metropolita.)

924 4579 1245 4654 Aliquanto
1268 4583 1536 4654 tempore
1563 4578 1792 4652 elapso,
1809 4578 2139 4652 discipulus
2162 4578 2321 4634 illius
2344 4579 2516 4634 Joan-
2550 4580 2592 4634 D

852 4670 946 4726 nis
980 4669 1104 4725 Itali
1136 4669 1419 4726 monachi
1441 4685 1613 4725 novre
1645 4667 1888 4724 alterius
1932 4668 2222 4724 doctrinae
2256 4667 2516 4722 auctoris

853 4759 1202 4824 Eustratius,
1228 4758 1333 4831 qui
1359 4759 1568 4815 Nicaeae
1609 4757 1895 4830 Bithynite
1943 4756 2291 4829 metropolis
2322 4757 2514 4828 ponti-

849 4850 949 4905 fex
990 4853 1136 4914 erat,
1184 4864 1322 4903 cum
1370 4863 1531 4921 saepe
1561 4863 1769 4904 coram
1801 4847 2178 4918 imperatoris
2227 4845 2515 4902 tribunali

849 4955 989 4995 cum
1025 4937 1244 4994 Latinis
1291 4937 1661 5010 disputasset
1713 4935 1788 4993 de
1828 4935 2056 5008 azymis
2105 4939 2161 4991 et
2190 4933 2264 4990 de
2294 4935 2513 5008 Spiritu

849 5033 1080 5084 sancto.
1104 5026 1398 5083 mandare
1428 5026 1664 5099 scriptis
1691 5025 1900 5082 volens
1929 5041 2067 5097 quae
2100 5025 2318 5081 Latinis
2346 5028 2509 5080 attu-

848 5117 1013 5188 lerat,
1048 5131 1307 5189 quaeque
1338 5115 1416 5172 ab
1445 5115 1529 5171 eis
1558 5116 1707 5170 inter
1745 5112 2184 5185 disputandum
2215 5113 2508 5185 audierat,

848 5222 967 5262 non
995 5211 1293 5274 accurate,
1319 5221 1431 5261 nec
1457 5203 1840 5260 laudabiliter
1878 5219 2022 5258 suos
2071 5218 2287 5259 sensus
2316 5218 2511 5258 enun-

847 5295 1033 5351 tiavit.
1079 5295 1230 5361 Quin
1262 5295 1441 5350 etiam
1491 5310 1632 5350 cum
1691 5291 2088 5365 Philippopoli
2117 5291 2179 5348 in
2205 5292 2512 5350 audientia

845 5385 1224 5457 imperatoris
1240 5400 1377 5439 cum
1399 5383 1684 5440 Armenio
1696 5382 1967 5454 quodam
1991 5381 2066 5437 de
2088 5380 2330 5437 duabus
2355 5381 2511 5437 Chri-

846 5476 920 5530 sti
968 5474 1196 5530 naturis
1235 5473 1695 5546 colloqueretur,
1746 5471 2046 5527 nonnulla
2093 5471 2170 5526 de
2219 5474 2338 5528 Deo
2386 5487 2510 5528 non

847 5562 1125 5620 consulta
1163 5577 1415 5635 prorsus
1441 5561 1662 5633 injecit,
1708 5564 1765 5616 et
1794 5559 1964 5616 nullo
2002 5559 2237 5632 pudore
2275 5559 2507 5631 effutiit,

838 5654 971 5724 jam
1021 5653 1163 5709 olim
1195 5667 1480 5725 nuncque
1511 5655 1891 5725 assumptum
1926 5666 1962 5708 a
2005 5649 2196 5708 Verbo
2225 5654 2510 5709 naturam

2702 4580 2900 4650 Χρόνου
2953 4579 3086 4637 τινὸς
3161 4571 3550 4648 διαγενομένου,
3613 4579 3799 4630 τούτου
3833 4577 4091 4647 (Ἰωάννου
4134 4583 4230 4630 τοῦ

2631 4665 2851 4738 Ἰτάλου)
2909 4668 3156 4737 μαθητὴς
3194 4664 3536 4741 Εὐστράτιος,
3593 4667 3648 4730 ὃς
3697 4675 3793 4728 τῆς
3847 4675 3946 4720 τῶν
4001 4667 4229 4719 Βιθυνῶν

2624 4754 2819 4818 πόλεως
2889 4760 3110 4816 Νικαίας
3181 4753 3562 4830 ἀρχιερατικῶς
3614 4753 3925 4832 προήδρευε,
3982 4755 4231 4817 πολλάκις

2625 4842 2710 4895 ἐπί
2749 4843 3031 4917 βασιλικοῦ
3090 4843 3330 4918 βήματος
3399 4848 3530 4918 μετά
3605 4851 3840 4899 Λατίνων
3901 4846 3974 4908 εἰς
4040 4845 4228 4917 λόγους

2624 4931 2780 4986 ἐλθὼν
2833 4939 2952 5007 περί
3012 4953 3067 4987 τε
3124 4933 3334 5008 ἀζύμων
3388 4940 3478 4988 καί
3532 4943 3623 4989 τοῦ
3701 4938 3838 4989 θείου
3907 4938 4228 5008 Πνεῦματος,

2623 5028 2713 5075 καί
2742 5023 2960 5085 θελήσας
2984 5031 3155 5100 γραφῇ
3185 5022 3517 5099 παραδοῦναι
3584 5027 3684 5078 ὅσα
3721 5029 3895 5098 εἴρηκε
3942 5029 4068 5099 πρὸς
4105 5030 4232 5089 τοὺς

2625 5117 2904 5183 Λατίνους,
2957 5118 3049 5166 καί
3099 5115 3184 5166 οἵα
3247 5114 3372 5190 παρ’
3402 5114 3604 5167 ἐκείνων
3662 5114 3711 5167 ἐν
3762 5123 3834 5186 τῷ
3889 5111 4231 5187 διαλέγεσθαι

2624 5200 2859 5266 ἀκηκόει,
2925 5203 3020 5255 οὐκ
3086 5201 3351 5276 ἀσφαλῶς,
3417 5201 3542 5257 οὐδὲ
3590 5203 3862 5266 ἐπαινετῶς
3929 5208 4048 5266 τοὺς
4109 5211 4234 5275 περί

2622 5299 2717 5344 τοῦ
2795 5294 3094 5365 Πνεύματος
3159 5292 3346 5366 λόγόυς
3403 5292 3657 5372 ἐξήνεγκε,
3719 5295 3912 5347 Ἐνίοτε
3979 5292 4039 5348 δὲ
4092 5299 4236 5348 κατά

2623 5381 3029 5436 Φιλιππούπολιν
3088 5383 3165 5436 ἐπ’
3225 5384 3474 5458 ἀκροάσει
3529 5392 3621 5438 τοῦ
3674 5383 3936 5458 βασιλέως
3980 5383 4057 5438 ἐπ’
4111 5384 4237 5461 Ἀρ-

2621 5477 2798 5544 μενίου
2850 5476 2988 5534 τινὸς
3039 5477 3158 5549 περί
3224 5483 3323 5526 τῶν
3385 5471 3482 5527 δύο
3543 5483 3635 5528 τον
3715 5481 3953 5550 Χριστοῦ
4025 5478 4232 5547 φύσεων

2620 5565 2921 5636 ποιούμενος
2979 5567 3073 5622 τὴν
3136 5559 3385 5633 διάλεξιν,
3453 5561 3704 5618 οὐδέποτε
3755 5567 4088 5628 καθηκόντως
4162 5575 4228 5641 τῇ

4132 5675 4228 5710 και

2624 5653 2875 5729 θεηγορίᾳ
2933 5652 3190 5722 ἐπέϐαλεν,
3276 5653 3382 5707 ἀλλ’
3436 5651 3667 5718 ἀναιδῶς
3752 5653 4052 5730 ἐφθέγξατο,
