4508 6436
257 351 369 413 137
1589 338 1937 403 THESAUHI
1975 342 2037 403 LI

1848 341 1937 403 ΙΗῙ
1975 342 2107 404 LIB.
2132 340 2311 403 XXIV.
3525 348 3628 406 138

254 480 511 553 πρότερον
568 477 659 528 καὶ
702 478 791 527 νῦν
857 478 932 544 τῷ
970 472 1137 545 Πατρὶ
1196 468 1455 545 λατρεύειν
1512 474 1604 523 τοῦ
1674 470 1869 545 κυρίου
1909 468 2034 524 Ᾱῡι

1853 490 1869 521 ι
1909 469 1955 524 Α
1979 468 2100 525 Deo
2130 466 2284 524 Patri
2315 464 2590 523 servilem
2625 472 2911 541 prmetare
2960 470 3210 543 cultum,
3236 471 3406 529 vocis
3448 470 3633 545 hujus

254 570 310 620 τὸ
354 564 720 643 πρόσλημμα·
754 562 849 616 οὐκ
888 556 990 614 οἶδ’
1021 561 1203 614 ὁπόθεν
1233 564 1328 619 τὴν
1395 556 1668 631 ὶκθεσιμον
1731 560 1865 610 ταύ-
1975 572 2034 614 θ]

1857 587 1865 599 -
1975 557 2414 630 expositionem
2440 556 2643 614 nescio
2684 574 2809 633 quo
2841 565 3085 619 auctore
3119 560 3474 633 subjiciens.
3508 563 3637 629 Qua

256 675 354 713 την
407 658 505 714 τὴν
567 657 737 727 φωνὴν
794 650 1157 725 πορισάμενος.
1214 651 1347 723 Πρὸς
1415 644 1474 701 δε
1530 651 1624 706 τὴν
1670 648 1866 699 ἄτοπον
1976 647 2036 703 al

1859 664 1866 691 ι
1976 647 2214 703 absona
2241 660 2411 717 voce,
2432 647 2680 719 ejusque
2700 647 2935 707 insulsa
2972 650 3377 724 explicatione
3432 652 3639 709 audita

255 747 481 810 ταύτην,
532 748 623 795 καὶ
690 742 1022 794 παντάπασιν
1087 737 1325 795 ἀσυνήθη
1382 736 1537 809 ῥῆσιν
1595 734 1870 806 ἐκπλαγεὶς
1975 740 2035 793 at

1855 754 1870 796 ς
1975 735 2262 793 attonitus
2291 735 2607 791 Armenius
2651 738 2889 809 probris
2938 740 3299 796 Eustratium
3348 740 3635 812 aspersit,

258 833 606 905 ὁἋρμὲνιος,
641 829 826 905 ὕϐρεσι
875 833 963 883 τὸν
989 828 1309 903 Εὐστράτιον
1362 826 1561 893 ἔπλυνε,
1595 823 1869 886 Τζυάκλην
1975 827 2038 880 T2

1861 844 1869 870 ν
1975 824 2261 897 szaclen
2292 840 2431 881 eum
2485 825 2821 899 appellans,
2850 828 3018 900 quod
3077 828 3500 884 Armeniorum
3532 829 3641 884 lin-

256 922 516 984 καλέσας.
575 920 729 978 Δηλοί
797 915 855 972 δε
932 921 961 977 ἡ
1036 918 1171 981 λέξις
1233 918 1376 992 παρὰ
1433 916 1723 990 Ἀρμενίοις
1784 918 1869 966 τὸν
1980 929 2036 984 gl

1856 934 1869 964 ν
1980 928 2102 984 gua
2119 913 2429 970 hominem
2445 912 2706 972 belluino
2728 932 2897 973 more
2920 917 3296 987 gradientem
3315 917 3636 985 signiﬁcat.

256 1010 777 1083 χτηνοϐατούμενον·
842 1007 969 1061 ἀλλὰ
1029 1012 1118 1059 καί
1180 1008 1230 1059 οἱ
1291 1005 1505 1065 ἑστῶτες
1565 1012 1655 1057 τοῦ
1715 1002 1873 1076 βασι·
1983 1005 2036 1060 Si

1863 1034 1873 1043 -
1983 1002 2098 1060 Sed
2124 1004 2303 1060 etiam
2333 1004 2437 1075 qui
2462 1004 2809 1075 imperatori
2835 1006 3118 1063 astabant
3160 1006 3271 1061 viri
3313 1008 3643 1078 prudentes

260 1106 387 1162 λέως
451 1100 664 1172 λόγιμοι
724 1094 911 1170 ἄνδρες
976 1105 1073 1159 τῆς
1127 1095 1307 1158 λέξεως
1365 1092 1747 1166 ἐπιλαϐόμενοι,
1805 1096 1874 1154 ὡς
1982 1097 2039 1149 et

1862 1113 1874 1154 :
1982 1097 2039 1149 et
2060 1091 2296 1157 eruditi,
2327 1093 2671 1165 improbato
2724 1094 2906 1165 dicto,
2944 1095 3307 1152 Eustratium
3349 1100 3642 1169 tanquam

261 1191 591 1264 αἱρετὶζοντι
657 1196 730 1258 τῷ
799 1187 1101 1262 Εὐστρατίῳ
1162 1183 1492 1242 ἐπέπληττον·
1563 1191 1748 1258 Μικρῷ
1817 1178 1876 1234 δε
1982 1183 2041 1239 ht

1862 1200 1876 1233 ι
1982 1183 2332 1239 haereticum
2358 1182 2778 1255 increpabant.
2826 1185 3008 1242 Paulo
3044 1188 3180 1257 post
3220 1200 3364 1241 vero
3405 1188 3642 1243 Eustra-

261 1281 484 1352 ὕστερον
528 1284 740 1340 καὶτῆς
798 1275 1195 1352 ἀρχιερωσύνης
1246 1274 1570 1347 Εὐστράτιος
1613 1274 1857 1347 καθαιρεῖ
1985 1272 2041 1327 ω

1985 1272 2102 1327 tius
2162 1277 2458 1345 tanquam
2507 1288 2682 1330 novas
2724 1274 2975 1331 haeresis
3034 1289 3256 1347 parens
3286 1275 3644 1347 pontiﬁcatu

262 1388 375 1438 ται,
408 1371 483 1431 ὡς
503 1372 765 1442 γεννήτωρ
793 1370 909 1427 νέας
939 1368 1201 1441 αἱρέσεως.
1986 1376 2042 1419 al

541 1372 765 1442 ωνὰτωρ
793 1370 909 1427 νέας
939 1368 1201 1441 αἱρέσεως.
1986 1365 2318 1419 amovetur.

994 1693 1751 1883 NIGELE
1894 1693 2932 1834 GHONIATAE

1606 1986 1730 2051 EX
1774 1984 2044 2050 LIBRO
2090 1984 2318 2050 XXIV

878 2165 1600 2281 THESAURI
1706 2164 2633 2275 ORTHODOXE

1287 2165 1600 2274 XURI
1706 2164 2633 2275 ΟΒΤΗΟΒΟΧλίΕ
2736 2167 3067 2276 FDEI

1693 2538 2230 2631 ΣΥΝΟΔΟΣ

994 2728 1918 2855 ΕΚΚΑΗΣΙΑΣ
2014 2728 2948 2852 ΕΛΛΗΝΙΚΗΣ

344 2987 501 3038 ΠΕΡΙ
558 2985 689 3035 ΤΟΥ
740 2980 1089 3031 ΔΟΓΜΑΤΟΣ
1162 2994 1190 3024 ‹‹
1233 2980 1308 3027 ΣΥ
1375 2978 1418 3025 Ο
1473 2977 1859 3027 ΠΡΟΣΦΕΡΩΝ
1926 2976 2038 3025 ΚΑΙ
2106 2977 2678 3027 ΠΡΟΣΦΕΡΟΜΕΝΟΣ
2736 2979 2848 3028 ΚΑΙ
2919 2981 3513 3049 ΠΡΟΣΔΕΧΟΜΕΝΟΣ,
3548 3000 3574 3028 n

869 3069 1327 3119 ΛΑΛΗΘΕΝΤΟΣ
1363 3067 1476 3117 ΕΠΙ
1515 3067 1646 3117 ΤΟΥ
1685 3065 2005 3115 ΒΑΣΙΛΕΩΣ
2048 3068 2260 3116 ΚΥΡΟΥ
2298 3068 2633 3118 ΜΔΝΟΥΗΛ
2675 3070 3073 3121 ΚΟΜΝΗΝΟΥ.

1722 3355 2230 3472 SYNODUS

1280 3604 1841 3716 GRjEGzE
1933 3603 2657 3717 ECCLESLE

270 3824 391 3891 DE
422 3820 859 3889 DOGMATE
894 3817 1162 3885 CIRCA
1193 3814 1419 3899 I_LLA_
1444 3813 1778 3899 YEREA,
1812 3836 1841 3899 «_
1873 3813 2318 3899 Τρεῖς-ρῳ
2365 3814 2740 3899 ῼΕΕΕῌ-ξ,
2775 3814 2903 3899 ΕᾼΤ,
2934 3815 3086 3899 QUI
3120 3815 3650 3899 QFFERERIS,

354 3906 467 3971 ET
514 3903 669 3978 QUI
701 3899 1079 3971 RECIPIS,
1117 3922 1146 3954 »
1196 3893 2546 3978 QUQDXEIEIILATQMJULLSUAB
2577 3895 2775 3978 me:
2814 3896 3164 3978 DOMINO
3210 3893 3654 3967 MANUELE

356 3974 806 4052 COMNENO
832 3979 1191 4047 CONTRA
1217 3974 1796 4044 SOTERICHUM
1822 3974 2484 4042 PATRIARCHAM
2514 3976 2639 4042 AN
2648 3975 3177 4044 TIOCHENUM
3209 3980 3653 4049 ELECTUM.

743 4144 754 4153 '
822 4141 1033 4207 Praeit
1060 4137 1402 4207 Soterichi
1435 4136 1521 4202 de
1552 4152 1679 4202 sua
1705 4133 1880 4200 falsa
1910 4132 2230 4200 doctrina
2249 4134 2574 4219 dialogus
2600 4152 2759 4203 cum
2791 4137 3106 4206 Philone.

1570 4298 1723 4369 (Mai,
1752 4296 1959 4370 Spicil.
2000 4297 2173 4365 Rom,
2203 4301 2243 4355 t.
2282 4299 2371 4370 X.)

353 4625 725 4684 Βασιλεύοντος
764 4617 1036 4685 Μανουὴλ,
1067 4617 1121 4679 ὃς
1152 4616 1462 4691 προπάτορα
1500 4615 1589 4686 μὲν
1648 4614 1736 4666 τὸν
1795 4610 1893 4685 βα-
1931 4614 1972 4668 Β
2075 4614 2133 4668 R1

1883 4641 1893 4655 -
1931 4614 1972 4668 B
2075 4614 2380 4685 Regnante
2410 4614 2698 4684 Manuele,
2726 4617 2832 4689 qui
2864 4632 3044 4675 avum
3091 4620 3305 4681 habuit
3344 4624 3663 4700 imperato-

283 4718 435 4771 σι).έα
501 4719 658 4787 ἔσχεν
720 4711 1191 4795 ⁹Α).ἐξιον,.τοκέα
1258 4703 1317 4759 δὲ
1395 4706 1632 4763 Ἰωάννην
1692 4707 1781 4756 τὸν
1844 4702 1892 4755 ἐν
2002 4716 2063 4758 re

1885 4723 1892 4749 ν
2002 4716 2133 4758 rem
2172 4702 2468 4768 Alcxium,
2502 4708 2731 4776 patrem
2757 4722 2900 4763 vero
2946 4710 3240 4768 Joannem
3289 4713 3442 4772 inter
3493 4734 3665 4789 reges

282 4808 439 4871 ἆναξι
494 4810 839 4879 περιώνυμον,
898 4791 1112 4857 ἐκινήθη
1181 4795 1360 4878 ᾂόγμα
1395 4800 1514 4871 περί
1544 4802 1658 4865 τοῦ,
1700 4817 1729 4846 ‹‹
1757 4797 1823 4847 Σὺ
1867 4793 1894 4846 ὁ
2007 4808 2062 4848 ce

1883 4793 1894 4846 ἱ
2007 4791 2491 4862 celeberrimum,
2523 4798 2764 4852 comota
2807 4801 2900 4852 est
2928 4801 3186 4870 quaestio
3228 4802 3303 4860 de
3356 4805 3663 4877 dogmate,

281 4900 597 4973 προσφέρων
648 4898 740 4946 καί
782 4894 1197 4967 προσφερόμενος
1242 4891 1333 4940 καί
1376 4881 1838 4960 προσδεχόμενοςο
1865 4905 1894 4934 ››
2007 4902 2036 4934 ι(

1885 4905 1894 4933 ι
2007 4902 2036 4934 ‹‹
2068 4884 2152 4938 Tu
2183 4898 2247 4937 os
2276 4882 2380 4954 qui
2400 4882 2598 4955 offers,
2635 4888 2691 4940 et
2711 4885 2816 4957 qui
2845 4886 3131 4956 offereris,
3162 4896 3218 4947 et
3246 4894 3351 4966 qui
3374 4897 3608 4970 recipis.
3637 4923 3665 4950 ››

281 4971 374 5042 καί
441 4989 492 5039 οἱ
555 4987 644 5057 μὲν
712 4987 851 5056 μόνῳ
916 4988 989 5051 τῷ
1048 4982 1216 5052 Πατρί
1261 4981 1353 5030 καί
1394 4984 1464 5047 τῷ
1505 4978 1767 5048 Πνεύματι
1804 4978 1896 5032 τὴν
2007 4974 2061 5027 A‘

1888 5002 1896 5021 ν
2007 4974 2201 5044 Atque
2247 4971 2349 5028 alii
2391 4972 2640 5045 quidem
2666 4975 2820 5031 Patri
2872 4980 3298 5038 tantummodo
3324 5000 3396 5041 ac
3428 4987 3668 5057 Spiritui

284 5080 370 5133 ἐπί
439 5083 538 5129 τοῦ
580 5080 810 5148 σταυροῦ
866 5074 1053 5125 θυσίαν
1118 5068 1487 5144 προσηνέχθαι
1548 5068 1792 5139 ἔφασκον,
1838 5064 1897 5117 οὗ
2010 5077 2064 5119 sa

1892 5068 1897 5109 ι
2010 5061 2374 5119 sacriﬁcium
2398 5063 2591 5119 crucis
2613 5064 2887 5122 oblatum
2909 5068 3173 5137 aiebant,
3189 5086 3313 5129 non
3332 5077 3534 5132 tamen
3556 5077 3672 5150 ipsi

284 5173 391 5242 μὴν
453 5168 548 5218 καί
598 5163 740 5234 αὐτῷ
796 5170 870 5234 τῷ
938 5163 1340 5235 προσενέγκαντι
1397 5160 1577 5229 Λόγῳ,
1617 5157 1902 5229 φάσκοντες
2009 5167 2064 5225 ql

2009 5167 2256 5225 quoque
2277 5151 2535 5210 oblatori
2562 5154 2757 5212 Verbo
2783 5171 2798 5211 :
2829 5156 3113 5216 dicebant
3140 5163 3321 5230 enim,
3341 5166 3508 5237 quod
3535 5168 3585 5223 si
3611 5168 3691 5224 id‘

285 5261 378 5327 ὡς,
436 5256 481 5309 εἰ
546 5261 701 5307 τοῦτο
743 5248 863 5311 δοίη
921 5271 1018 5319 τις,
1062 5249 1131 5313 εἰς
1191 5245 1287 5301 δύο
1334 5250 1592 5320 πρόσωπα
1644 5246 1900 5306 πάντωςὸ
2012 5258 2065 5298 c<

1896 5270 1900 5292 ι
2012 5242 2465 5308 concederetur,
2489 5243 2551 5299 in
2572 5244 2727 5301 duas
2748 5247 2998 5304 omnino
3020 5265 3311 5322 personas
3331 5256 3545 5313 unicus
3574 5260 3676 5316 Dei

288 5344 361 5410 εἷς
400 5354 495 5399 τοῦ
538 5351 672 5398 Θεοῦ
711 5345 826 5403 Υἱὸς
867 5338 1238 5407 διαστήσεται,
1293 5338 1449 5389 ὁποῖα
1496 5336 1522 5387 ὁ
1576 5334 1732 5411 λῆρος
1771 5353 1902 5409 παρ·
2016 5334 2068 5388 Fi

1900 5366 1902 5373 τ
2016 5332 2194 5388 Filius
2223 5332 2455 5389 divisus
2509 5334 2886 5409 abiret,.qua:
2936 5338 3048 5395 fuit
3075 5344 3331 5412 nugacis
3382 5350 3680 5406 sententia

291 5445 476 5509 εισῆγε
504 5437 788 5507 Νεστὸριος
814 5454 828 5466 ·
889 5434 938 5484 οἱ
983 5427 1042 5483 δὲ
1072 5434 1163 5482 καὶ
1199 5427 1339 5498 αὖτῷ
1376 5434 1447 5497 τῷ
1496 5427 1601 5495 Υἱῷ
1659 5426 1903 5496 γενέσθαι
2016 5425 2071 5478 Ν‹

1902 5466 1903 5472 η
2016 5422 2286 5479 Nestorii.
2321 5422 2431 5480 Alii
2466 5429 2676 5481 contra
2705 5412 3094 5486 afﬁrmabant
3119 5431 3233 5503 ipsi
3265 5450 3509 5509 quoque
3537 5439 3682 5498 Filio

289 5533 385 5587 τὴν
426 5525 731 5601 προσφορὰν
765 5520 1130 5596 ἰσχυρίζοντο,
1159 5520 1231 5582 ὡς
1260 5517 1440 5570 ἐνίκαί
1471 5514 1760 5591 ἀχωρίστῳ
1809 5522 1903 5577 τῆς
2016 5512 2069 5570 fa

2016 5512 2237 5570 factam
2267 5528 2398 5570 esse
2422 5513 2813 5582 oblationem,
2838 5523 3043 5591 utpote
3073 5522 3178 5577 uni
3205 5527 3263 5580 et
3292 5524 3552 5585 indiviso
3570 5531 3689 5588 Tri-

293 5619 632 5691 ὑπεραρχίον
696 5616 817 5666 ιὸντι
852 5605 1100 5687 Τριάδοςο
1164 5609 1214 5660 οἱ
1276 5612 1404 5680 γοῦν
1468 5607 1584 5659 τότε
1638 5602 1907 5676 λογιότητι
2016 5602 2073 5660 ni

2016 5602 2221 5661 nitatis
2239 5620 2494 5661 summai
2515 5608 2802 5691 consorti.
2831 5608 2943 5674 Qui
2965 5612 3108 5667 tunc
3128 5611 3310 5683 igitur
3329 5614 3689 5691 eloquentiae

296 5689 578 5785 χαίροντες
618 5711 682 5779 τῇ
742 5706 971 5778 προτέρᾳ
1006 5700 1380 5776 προσεφύησαν
1420 5691 1548 5773 δόξῃ
1587 5716 1603 5733 ⁸
1663 5691 1799 5756 ἦσαν
1848 5691 1910 5751 δὲ
2019 5694 2076 5769 gl

2019 5694 2212 5769 gloria
2278 5689 2647 5772 gaudebant,
2679 5696 2867 5773 priori
2913 5702 3223 5765 sententiae
3274 5689 3690 5774 adhaarebant.

623 5810 871 5889 ξλτιιοι..
909 5809 1013 5867 Gn.
1054 5805 1207 5866 CXL.

3345 5812 3380 5885 5
