4508 6436
868 352 969 414 139

2199 334 2468 390 NICETAE
2523 335 2899 397 ΟΗΟΝΙΑΤᾹΞ

4129 337 4232 393 140

864 444 1041 499 Erant
1069 460 1271 510 autem
1297 454 1359 510 hi
1390 474 1403 510 :
1440 455 1780 511 Soterichus
1811 460 2517 529 Panteugenus,patriar-
2550 465 2594 515 Α
2627 479 2644 511 ε

2447 475 2517 513 tr-
2550 465 2594 515 Α
2627 458 2770 513 οὗτοι
2798 472 2812 488 ·
2847 463 3151 529 Σωτήριχος
3195 461 3274 528 (1)
3323 461 3348 509 ό
3418 464 3753 529 Παντεύγενος
3801 460 4103 531 ὐπορηφιος
4160 462 4227 511 ὠν

862 540 978 596 cha
1005 542 1352 612 designatus
1390 544 1717 599 Antiochiae
1756 545 2037 615 Syriacae,
2071 546 2201 616 ejus
2244 546 2518 601 videlicet

860 644 1048 700 quam
1079 632 1327 686 Orontes
1364 631 1551 699 alluit,
1578 637 1635 687 et
1676 632 1985 704 Zephyrus
2029 638 2244 688 ventus
2269 633 2514 705 perﬂat:

862 718 1207 773 Eustathius
1250 720 1538 791 Dyrrachi
1591 720 1932 791 episcopus,
1984 720 2305 789 Basilaces,
2338 728 2518 793 atque

861 804 1251 877 Nicephorus,
1292 812 1349 862 et
1389 807 1827 863 Thessalonicae
1886 809 2210 881 episcopus
2253 810 2515 875 Michael,

859 893 968 965 qui
992 909 1202 949 omnes
1227 894 1421 964 gradu
1446 912 1556 951 suo
1583 897 1752 952 modi
1782 896 2039 953 fuerunt.
2074 903 2266 971 Atque
2308 915 2383 953 ex
2424 898 2519 953 his

859 982 1081 1054 partim
1116 983 1363 1055 quidem
1412 991 1638 1041 secreto
1694 986 2096 1051 mussabant,
2122 988 2342 1059 partim
2379 1002 2518 1043 vero

858 1069 1115 1127 ﬁdenter
1141 1087 1212 1127 ac
1234 1072 1547 1128 manifeste
1573 1075 1900 1130 sententias
1928 1091 2074 1130 suas
2102 1075 2515 1145 enuntiabant,

858 1174 931 1214 ac
950 1160 1346 1215 multitudinis
1375 1161 1622 1217 auribus
1652 1162 2035 1218 occinebant.
2072 1164 2326 1219 Demum
2358 1166 2519 1220 Sote-

856 1248 1061 1304 richus
1091 1252 1508 1319 Panteugenus
1537 1251 1765 1320 dogma
1798 1268 1974 1307 suum
2006 1253 2227 1324 scripto
2254 1252 2518 1321 tradidit,

857 1340 917 1393 et
953 1338 1172 1409 cuique
1196 1338 1418 1393 volenti
1448 1339 1825 1395 noscendum
1856 1341 2089 1407 obtulit,
2123 1341 2184 1396 in
2216 1357 2403 1412 quam
2443 1341 2522 1395 vi-

856 1426 1071 1483 delicet
1097 1427 1224 1499 ipse
1256 1428 1617 1485 sententiam
1658 1428 1949 1489 ﬂecteret;
2002 1447 2071 1486 ac
2104 1430 2365 1486 Platonis
2391 1430 2519 1486 imi-

857 1521 1016 1572 tatus
1038 1516 1337 1587 dialogos,
1364 1518 1717 1589 hujusmodi
1747 1519 2219 1592 disputationem
2247 1520 2518 1576 instituit.

926 1606 1153 1660 PHILO.
1191 1608 1575 1677 Compertum
1603 1607 1751 1662 mihi
1778 1614 1886 1672 est,
1918 1624 2113 1681 nuper
2135 1610 2291 1664 duos
2316 1609 2375 1663 in
2418 1625 2520 1680 sy-

852 1693 1018 1748 nodo
1046 1694 1334 1749 diaconos
1373 1694 1447 1750 de
1487 1696 1757 1766 quodam
1783 1695 2069 1767 dogmate
2099 1698 2256 1754 inter
2283 1714 2345 1752 se
2378 1713 2521 1753 con-

853 1782 1109 1838 tendisse
1136 1802 1148 1849 ;
1177 1788 1357 1855 atque
1396 1784 1616 1839 horum
1637 1785 1873 1857 utrique
1902 1786 2123 1841 favisse
2175 1788 2413 1858 aliquos
2441 1804 2513 1842 ex

848 1870 944 1926 his
962 1872 1067 1944 qui
1113 1873 1279 1944 apud
1317 1889 1431 1928 nos
1452 1873 1738 1929 doctrinae
1767 1875 2097 1946 primatum
2128 1880 2351 1932 tenent.
2418 1879 2515 1931 Ve-

847 1965 1193 2017 rumtamen
1234 1962 1498 2033 cupienti
1550 1963 1695 2018 mihi
1750 1980 2098 2019 sermonum
2160 1969 2516 2033 argumenta

849 2064 1233 2121 cognoscere,
1280 2051 1557 2107 nondum
1613 2051 1795 2108 licuit.
1852 2052 1966 2108 Sed
2022 2068 2171 2108 num
2216 2059 2299 2121 tu,
2339 2070 2514 2109 vene-

845 2138 1035 2193 rande
1055 2138 1268 2203 amice,
1299 2155 1446 2193 num
1489 2145 1572 2206 tu,
1600 2140 1872 2212 inquam,
1902 2141 2228 2196 intereras?

919 2227 1380 2284 SOTERICHUS.
1439 2228 1732 2300 Equidem
1769 2230 2028 2294 interfui,
2089 2231 2172 2285 mi
2197 2231 2510 2301 jucundis-

844 2314 1015 2387 sime,
1044 2321 1101 2371 et
1129 2316 1451 2373 amborum
1473 2318 1808 2374 orationem
1832 2334 2127 2391 perquam
2159 2324 2377 2375 attente
2400 2337 2507 2376 au-

842 2404 1136 2461 scultavi:
1173 2421 1371 2479 neque
1401 2412 1603 2463 tamen
1653 2408 1746 2463 his
1786 2408 2117 2464 delectatus
2153 2426 2309 2475 sum,
2361 2411 2507 2482 quia

840 2491 978 2563 plus
998 2495 1401 2551 contentionis
1431 2512 1619 2568 quam
1638 2497 2138 2553 considerationis
2155 2499 2467 2555 habebant
2488 2518 2498 2554 :

838 2582 965 2639 imo
984 2582 1169 2655 hujus
1187 2583 1496 2641 seditionis
1521 2586 1871 2641 auctoribus
1900 2587 2341 2655 subirascebar,
2361 2588 2504 2660 quia

838 2687 981 2727 cum
1010 2688 1105 2729 res
1138 2673 1356 2729 divinae
1380 2673 1612 2731 silentio
1630 2675 1828 2747 potius
1850 2676 2329 2732 transmittenda:
2363 2678 2499 2748 sint,

838 2766 1021 2833 prout
1049 2760 1288 2818 illarum
1314 2762 1597 2819 abstrusa
1620 2768 1837 2820 natura
1866 2765 2147 2838 postulat,
2174 2772 2231 2822 et
2260 2769 2500 2823 Patrum

837 2850 1071 2907 monita
1094 2851 1370 2921 suadent,
1393 2852 1456 2908 hi
1470 2852 1709 2923 jamdiu
1729 2852 1977 2910 deﬁnita
2005 2855 2501 2927 prmtergrediun-

837 2944 952 3006 tur,
986 2944 1044 2996 et
1099 2940 1332 2997 silentio
1355 2957 1393 2997 a
1420 2942 1723 2997 veteribus
1774 2958 1993 3014 pressa
2018 2944 2348 3011 suscitant;
2398 2961 2497 3001 ne-

837 3043 957 3099 que
977 3033 1349 3102 praeceptum
1371 3030 1657 3101 sapientis
1678 3032 2001 3103 cujusdam
2020 3033 2130 3088 viri
2149 3033 2212 3089 in
2233 3038 2497 3090 mentem

837 3123 1146 3189 revocant,
1173 3118 1276 3191 qui
1300 3118 1411 3175 soli
1442 3123 1498 3175 et
1536 3120 1661 3189 igni
1690 3135 1786 3175 res
1810 3120 2050 3177 divinas
2110 3138 2494 3195 comparans,

835 3207 1147 3277 monebat,
1169 3224 1245 3264 ne
1272 3212 1503 3265 rectum
1528 3213 1738 3265 contra
1770 3209 1954 3266 solem
1989 3211 2187 3267 visum
2218 3212 2495 3268 intenda-

835 3312 1003 3364 mus,
1026 3297 1349 3354 connivere
1383 3297 1545 3355 enim
1577 3302 1759 3372 atque
1804 3298 2127 3356 hebescere
2161 3300 2369 3357 oculos
2396 3318 2496 3358 ne-

835 3401 1005 3442 cesse
1033 3392 1162 3441 est:
1195 3401 1320 3443 non
1348 3385 1572 3443 idcirco
1601 3390 1801 3442 tamen
1828 3386 1907 3443 ab
1932 3388 2048 3444 hoc
2089 3389 2496 3461 pulcherrimo

835 3479 1085 3547 aspectu
1140 3474 1590 3541 abstinendum,
1645 3475 1751 3531 sed
1799 3491 1870 3532 eo
1917 3482 2091 3533 caute
2146 3477 2494 3546 fruendum,

834 3569 1137 3638 quantum
1160 3563 1331 3620 licet:
1364 3564 1503 3620 item
1535 3564 1660 3636 igni
1680 3579 1805 3620 non
1834 3580 1965 3620 esse
1992 3565 2330 3623 admodum
2357 3582 2496 3639 pro-

832 3653 1217 3723 ximandum,
1264 3669 1343 3709 ne
1394 3654 1850 3722 comburamur,
1903 3654 2298 3713 nihilominus
2326 3655 2495 3713 haud

832 3744 1017 3801 nimis
1064 3742 1278 3817 procul
1324 3742 1802 3809 consistendum,
1854 3743 1904 3799 si
1931 3750 2086 3801 certe
2141 3745 2339 3802 calore
2378 3746 2493 3802 frui

832 3833 1142 3891 volumus.

903 3922 1089 3980 PHIL.
1122 3923 1316 3989 Quam
1344 3922 1519 3989 bene,
1552 3938 1590 3978 o
1637 3921 1890 3979 charum
1927 3928 2129 3996 caput,
2164 3923 2239 3981 de
2276 3924 2493 3981 divinis

824 4011 1093 4085 judicasl
1134 4014 1381 4068 Prorsus
1420 4011 1581 4067 enim
1607 4012 1669 4067 in
1706 4012 1801 4067 his
1857 4012 2135 4083 religiose
2183 4013 2491 4083 agendum

830 4105 941 4173 est,
971 4105 1029 4158 et
1056 4100 1352 4157 curiosius
1386 4100 1655 4157 studium
1684 4101 2107 4157 omittendum.
2142 4103 2298 4169 Quin
2338 4104 2490 4159 adeo

829 4190 1208 4247 medicorum
1237 4188 1536 4245 servanda
1560 4193 1651 4244 est
1670 4189 1745 4244 de
1770 4189 2060 4247 hellebori
2082 4207 2196 4247 usu
2224 4194 2489 4264 praescri-

827 4280 975 4354 ptio,
1007 4294 1193 4351 quem
1214 4294 1423 4335 crasso
1463 4277 1652 4334 frusto
1696 4284 2010 4351 sumptum
2067 4282 2490 4352 purgationem

825 4368 1023 4426 facere
1052 4368 1259 4437 aiunt;
1297 4367 1740 4424 comminutum
1769 4372 1994 4435 autem,
2016 4373 2283 4426 utentem
2308 4370 2489 4427 suﬂ'o-

2625 557 2719 609 τῆς
2776 550 2911 598 κατά
2968 551 3153 619 Συρίαν
3215 546 3561 617 Ἀντιοχείας,
3622 549 3682 605 ἦν
3724 548 3974 621 Ὀρόντης
4022 549 4228 609 ποτίζει

2626 642 2715 690 καὶ
2740 641 2965 707 Ζέφυρος
3025 642 3276 686 καταπνεῖ
3320 636 3524 707 ἄνεμος·
3578 638 3603 687 ό
3658 636 3957 710 Δυρραχίου
4017 638 4227 690 Εὐστά-

2629 727 2758 792 θιος,
2808 725 2833 775 ό
2881 722 3202 795 βασιλάκης,
3247 729 3336 774 καὶ
3383 730 3702 797 Νικηφόρος,
3760 731 3849 776 καὶ
3900 727 3926 776 ό
3959 726 4226 778 Θεσσαλοο

2623 818 2773 874 νίκης
2793 810 3010 883 Μιχαὴλ
3040 812 3141 881 (2),
3173 810 3221 862 οἱ
3252 816 3341 862 καὶ
3381 814 3708 885 καθῄρηνται
3749 817 3962 874 πάντες.
4017 816 4226 865 Τούτων

2627 897 2687 953 δὲ
2744 903 2793 952 οἱ
2844 903 2933 972 μὲν
2977 899 3122 951 ἄλλοι
3152 900 3239 951 ὑπ’
3288 897 3475 951 ὀδόντα
3514 904 3763 973 ἔμυσσον,
3798 900 3922 955 οὐδὲ
3951 902 4227 977 παρρησία

2625 994 2715 1041 καὶ
2773 984 3066 1062 διαρρήδην
3144 990 3238 1048 τὰς
3286 991 3478 1040 ἓαυτῶν
3537 990 3764 1064 ἐξέφερον
3843 996 4073 1063 γνώμας,
4134 995 4227 1043 καὶ

2626 1085 2732 1137 τοῖς
2784 1085 2881 1128 τῶν
2930 1075 3126 1128 πολλῶν
3180 1076 3403 1147 ἐνήχουν
3451 1083 3616 1128 ωσίν·
3672 1080 3697 1129 ό
3754 1075 3812 1131 δὲ
3866 1080 4227 1151 Σωτήριχοςό

2630 1170 2967 1238 Παντεύγενος
3032 1165 3347 1238 λογογραφεί
3398 1171 3457 1218 τό
3516 1164 3710 1238 δόγμα,
3768 1173 3857 1220 καί
3924 1175 4227 1243 παρίστησι

2628 1265 2731 1317 τοῖς
2766 1255 3098 1325 Βουλομένοις
3141 1256 3295 1326 ὁποία
3324 1265 3422 1306 τῶν
3482 1253 3647 1318 δοξῶν
3702 1261 4060 1331 προσνένευκε,
4090 1258 4202 1309 Πλα

2628 1345 2855 1404 τωνίζων
2898 1346 2989 1413 τῇξ
3018 1339 3260 1408 διαλέξει,
3308 1349 3397 1395 καὶ
3433 1346 3568 1396 οὕτω
3607 1348 3671 1396 τὰ
3726 1350 3988 1417 γραφέντα
4037 1348 4224 1398 συνθέ-

2630 1453 2793 1504 μενος.

2699 1617 2930 1664 ΦΙΛΩΝ.
2966 1611 3261 1681 Ἐπυθόμην
3298 1614 3365 1671 ὡς
3395 1611 3443 1662 ἐν
3489 1609 3694 1682 συνόδῳ
3744 1609 3970 1663 διακόνω
4002 1609 4069 1667 δή
4121 1631 4225 1663 τινε

2626 1708 2743 1774 περὶ
2802 1698 3065 1772 δόγματος
3124 1697 3479 1773 διεφερέσθην,
3537 1708 3625 1754 καὶ
3684 1704 3751 1762 ὡς
3806 1702 4066 1772 ἑκατέροιν
4107 1706 4224 1752 του-

2556 1799 2732 1852 Βτοιν
2790 1794 3115 1846 συνέστησαν
3176 1787 3359 1862 ἄνδρες
3426 1791 3504 1841 ἐπ’
3566 1793 3722 1863 οἰκρον
3778 1799 3871 1851 τῆς
3929 1790 4044 1841 καθ’
4091 1793 4225 1859 ἡμᾶς

2623 1876 2872 1939 παιδείας
2938 1878 3230 1939 ἐλάσαντες.
3282 1882 3697 1951 Προθυμουμένῳ
3762 1876 3821 1931 δέ
3896 1899 3986 1950 μοι
4040 1881 4223 1949 μαθεῖν

2622 1974 2743 2030 τοὺς
2798 1970 2978 2039 λόγους
3032 1968 3125 2019 οὐκ
3179 1967 3468 2038 ἐξεγένετο·
3530 1977 3701 2043 παρῆς
3762 1966 3849 2019 οὖν
3906 1970 4077 2029 αὐτὸς,
4114 1970 4223 2041 ἱερὰ

2623 2060 2803 2130 φιλότη
2818 2082 2854 2130 ς,
2886 2068 2996 2113 τότε
3023 2068 3223 2131 παρῆςς

2691 2246 3089 2295 ΣΩΤΗΡΙΧΟΣ,
3134 2246 3332 2310 Παρῆν.
3389 2236 3428 2288 ὦ
3484 2241 3729 2311 μακάριε,
3791 2243 3879 2289 καὶ
3948 2245 4048 2286 τῶν
4104 2238 4220 2287 ἐκά-

2621 2348 2757 2381 (rrec:
2796 2328 3076 2400 λεγομένων
3140 2331 3204 2387 ὡς
3267 2327 3645 2398 ἐπιμελέστατα
3702 2331 3928 2384 ἤκουον·
3995 2326 4053 2377 οὐ
4126 2330 4220 2376 σὺν

2617 2414 2780 2483 ἡδονῇ
2850 2420 2940 2489 μὲν
3002 2422 3121 2476 τοὺς
3206 2416 3388 2486 λόγους
3455 2413 3842 2487 ἀποδεχόμενος
3924 2415 4219 2486 φιλονείκως

2616 2508 2836 2575 ἔχοντας
2894 2506 3081 2577 μᾶλλον
3140 2507 3167 2562 ἡ
3231 2504 3571 2577 ἐσκεμμένως,
3630 2505 3921 2576 ἀχθόμενος
4006 2500 4063 2554 δὲ
4128 2508 4218 2553 καὶ

2613 2603 2720 2656 τοῖς
2766 2596 2951 2656 αἰτίοις
3007 2598 3195 2654 ταύτης
3250 2603 3338 2654 τῆς
3396 2598 3651 2661 στάσεως,
3684 2596 3762 2645 ὅτι
3809 2592 3923 2645 δέον
3977 2597 4216 2666 παριέναι

2615 2692 2787 2756 σιωπῇ
2850 2688 2915 2735 τὰ
2986 2686 3136 2735 θεῖα·
3183 2692 3333 2735 τοῦτο
3381 2686 3481 2757 γὰρ
3538 2686 3568 2740 ἡ
3622 2703 3673 2734 τε
3729 2684 3881 2754 φύσις
3931 2682 4098 2733 αὐτῶν
4147 2685 4213 2740 ὡς

2612 2770 3051 2834 δυσκατάληπτος
3108 2772 3337 2837 cluat-ei,
3394 2778 3481 2823 καὶ
3537 2775 3563 2829 ἠ
3638 2775 3853 2845 πάτριος
3908 2778 4213 2845 παραίνεσις

2610 2864 2932 2915 ὑποτίθεται·
3002 2866 3050 2915 οἱ
3106 2859 3165 2915 δὲ
3211 2866 3277 2914 τὰ

2608 2956 2697 3004 καὶ
2736 2955 2801 3004 τὰ
2852 2952 3023 3012 καλῶς
3073 2971 3394 3024 σεσιγημενα
3436 2958 3543 3011 τοῖς
3590 2952 3831 3011 παλαιοῖς
3880 2948 4209 3011 διακαίουσι,

2610 3038 2751 3113 μηδὲ
2806 3050 2903 3103 τῆς
2957 3037 3147 3113 ἀνδρὸς
3192 3059 3325 3100 τινος
3368 3048 3528 3112 σοφοῦ
3582 3044 3894 3112 μεμνημένοι
3948 3058 4211 3112 παραγγε-

2539 3128 2745 3209 ρλίας,
2779 3129 2834 3190 ὃς
2889 3130 3021 3201 ἡλίῳ
3069 3129 3351 3201 παρείκαζε
3397 3135 3486 3181 καὶ
3518 3148 3644 3201 πυρι
3709 3132 3772 3180 τα
3828 3131 3958 3193 θεῖα,
3994 3148 4214 3199 παρηνει

3491 3214 3912 3291 σκαρδαμύττειν
3969 3220 4071 3290 γὰρ
4121 3224 4213 3269 καὶ

3358 2861 3643 2933 ἐσκεμμένα
3696 2882 3748 2913 τε
3814 2862 4206 2935 ὑπερϐαίνουσι,

2610 3214 2669 3270 δὲ
2726 3225 2859 3292 μήτε
2911 3219 3161 3270 ἁντωπεῖν
3217 3218 3346 3289 ἡλίῳ
3398 3236 3410 3248 ·

2609 3307 2981 3379 ἀμαυροῦσθαι
3019 3309 3084 3358 τὰ
3159 3310 3369 3378 ὄμματα
3408 3320 3423 3335 ⁸
3498 3312 3622 3372 μήτε
3679 3304 4049 3357 ἀπολείπεσθαι
4119 3313 4212 3356 τοῦ

2607 3395 2886 3448 καλλίστου
2954 3398 3142 3448 τούτου
3218 3397 3491 3467 θεάματος,
3548 3393 3653 3446 ἀλλ’
3715 3393 3988 3446 ἀπολαύειν
4047 3394 4211 3445 αὐτοῦ

2605 3493 3033 3559 παρατηροῦντας
3085 3485 3149 3544 ὠς
3204 3481 3308 3536 οἷόν
3366 3499 3461 3537 τε’
3514 3492 3585 3555 τῷ
3645 3502 3697 3536 τε
3757 3488 3885 3557 πυρὶ
3940 3489 4010 3555 μὴ
4072 3488 4209 3535 πάνυ

2602 3593 2654 3625 τι
2682 3577 3069 3647 προσεγγίζειν·
3122 3575 3365 3625 καίεσθαι
3407 3576 3507 3646 γάρ
3534 3594 3546 3605 ·
3599 3572 3726 3623 ἀλλά
3764 3568 3892 3643 μηδ’
3949 3571 4209 3624 ἀπωτάτω

2606 3660 2956 3734 ἀφίστασθαι,
3013 3670 3110 3724 τῆς
3168 3664 3482 3736 θερμότητος
3558 3661 3904 3733 βουλομένους
3951 3661 4211 3733 μεταλαγ-

2604 3772 2810 3823 χανειν.

2675 3936 2809 3984 ΦΙΛ.
2862 3931 2947 3992 Ὠς
3001 3928 3054 3982 εὖ
3110 3950 3190 4001 γε,
3242 3931 3281 3980 ὧ
3316 3930 3433 4001 φίλη
3493 3950 3582 4001 μοι
3652 3930 3866 4001 κεφαλὴ,
3932 3934 4049 4000 περί
4104 3937 4207 3979 τὼν

2606 4022 2750 4071 θείων
2802 4017 3028 4090 διανοῇε
3098 4022 3232 4071 πάνυ
3290 4022 3391 4094 γὰρ
3460 4019 3543 4070 ἐπι
3608 4024 3814 4080 τούτοις
3875 4017 4208 4071 εὐλαϐεῖσθαι

2603 4105 2706 4171 δεῖ,
2741 4114 2832 4166 ἠν
2876 4108 3182 4178 λεπτολόγον
3243 4113 3687 4182 παραιτουμένους
3743 4108 4008 4184 ἀκρίϐειαν
4042 4126 4052 4135 “

2600 4201 2693 4254 την
2726 4196 2799 4269 ἐφ’
2840 4197 3085 4270 ἂλεϐόρῳ
3143 4206 3241 4248 τῶν
3295 4198 3482 4271 ἰατρῶν
3513 4196 3607 4248 κάν
3661 4201 3863 4259 τούτοις
3918 4194 4204 4269 διαφυλάτ-

2600 4305 2704 4338 τειν
2764 4281 3026 4354 διάταξιν,
3196 4288 3543 4358 καθαίρεσθαί
3611 4305 3738 4357 φασι
3804 4285 4206 4359 παρειλημμένῳ

2598 4383 2946 4449 παχυμερῶς,
3000 4374 3074 4435 εἰς
3120 4371 3179 4427 δὲ
3234 4374 3521 4426 λεπτότατα
3584 4379 3870 4447 τεμνομένῳ
3931 4378 4019 4426 τόν
4068 4395 4206 4447 χρη-

4116 4114 4207 4159 καὶ

824 4474 986 4517 care.
1039 4457 1156 4515 Sed
1197 4456 1358 4513 enim
1407 4455 1649 4512 illorum
1678 4456 2003 4513 audaciam
2024 4474 2309 4515 accusare
2356 4460 2485 4531 jam
2519 4505 2566 4561 D
2601 4490 2604 4509 .

2425 4476 2485 4516 m
2519 4505 2566 4561 D
2601 4466 2819 4537 σάμενον
2876 4464 3282 4535 ἀποπνίγεσθαι,
3332 4463 3487 4517 Ἀλλὰ
3551 4467 3609 4515 τό
3674 4468 3764 4537 μὲν
3830 4462 4040 4526 ἐκείνοις
4106 4472 4203 4527 τῆς

824 4548 1197 4614 desinamus,
1234 4546 1342 4619 qui
1362 4545 1615 4617 juvenili
1642 4547 1874 4620 impetu
1922 4548 2189 4605 mediam
2236 4549 2482 4618 lineam,

824 4642 891 4694 ut
911 4637 1183 4695 laconice
1207 4652 1349 4692 cum
1378 4634 1524 4709 ipsis
1564 4634 1802 4708 loquar,
1833 4638 2208 4710 praztervecti
2232 4643 2383 4696 sunt.
2403 4642 2485 4696 Tu

821 4743 967 4784 vero
996 4725 1423 4800 praedictorum
1454 4725 1791 4781 orationem
1829 4726 1978 4782 mihi
2007 4743 2209 4786 narra.

894 4817 1046 4874 SOT.
1088 4815 1310 4886 Oratio,
1339 4819 1407 4871 ut
1430 4814 1642 4887 paucis
1668 4814 1890 4887 dicam,
1933 4820 2061 4873 erat
2088 4817 2440 4889 hujusmodi
2465 4836 2479 4874 :

817 4905 988 4981 quod
1015 4903 1293 4962 videlicet
1320 4903 1651 4976 adsumpta
1676 4920 1714 4961 a
1752 4904 1942 4961 Verbo
1972 4910 2212 4975 natura,
2242 4908 2483 4978 sangui-

817 5012 961 5054 nem
987 5010 1169 5053 suum
1198 5009 1325 5052 non
1354 4992 1464 5051 soli
1503 4992 1682 5063 Patri,
1710 5008 1924 5051 verum
1966 4994 2147 5052 etiam
2185 4997 2484 5069 Unigeniti

888 5176 965 5247 (1)
1010 5172 1352 5247 Soterichus
1408 5170 1627 5228 dicitur
1668 5170 1889 5247 adhuc,
1919 5171 2216 5247 diaconus
2263 5174 2326 5231 in
2366 5176 2489 5234 hac

817 5244 952 5322 ipsa
980 5262 1171 5322 quam
1198 5244 1520 5322 vulgamus
1564 5244 1821 5322 synodo.
1862 5246 2043 5322 Porro
2099 5245 2163 5302 in
2206 5247 2483 5322 catalogo

815 5316 933 5399 riis,
976 5316 1265 5399 codicum.
1303 5316 1737 5399 Sfortianorum
1784 5316 1944 5399 (cod.
1987 5319 2112 5398 Vat.
2143 5333 2272 5399 reg.
2317 5316 2481 5399 209⁷9)

819 5392 936 5465 legi
960 5406 1074 5465 ego
1098 5389 1373 5465 notitiam
1414 5388 1595 5465 etiam
1636 5387 1879 5465 alterius
1915 5390 2115 5460 operis
2140 5387 2325 5465 hujus
2348 5387 2481 5464 viri,

865 5459 946 5520 ua
965 5459 1218 5520 libenter
1238 5462 1489 5518 lectores
1518 5459 1849 5533 impertiar,
1880 5459 2101 5533 nempe
2129 5478 2142 5516 :
2190 5459 2485 5521 Soterichi

863 5537 1067 5593 iacent
1122 5533 1779 5601 Constanlimpolitani
1804 5538 2099 5606 tractatus
2128 5534 2202 5591 de
2235 5551 2484 5606 genera-

821 5610 983 5666 tione
1015 5614 1241 5666 ztema
1273 5606 1419 5661 Filii
1444 5606 1573 5675 Dei,
1606 5610 1664 5661 et
1698 5619 1813 5674 pro
1838 5604 2178 5675 defensione
2206 5604 2485 5664 vocabuli

822 5696 941 5753 quo
969 5695 1112 5738 usus
1140 5685 1227 5737 est
1270 5677 1473 5735 beatus
1499 5676 1791 5746 Basilius,
1814 5680 1921 5750 qui
1966 5693 2211 5736 carnem
2243 5681 2486 5739 Domini

2596 4554 2789 4625 τόλμης
2846 4552 3079 4625 ἐγκαλεῖν
3160 4552 3415 4625 ἀφείσθω,
3471 4560 3675 4625 νεανικῇ
3765 4555 4036 4628 προθυμίᾳ
4104 4558 4203 4611 τὴν

2598 4648 2761 4707 μέσην
2811 4644 2927 4713 [καὶ
2982 4642 3102 4695 κατ’
3154 4642 3360 4714 αὐτοὺς,
3436 4641 3728 4703 λακωνικῶς
3781 4642 3982 4714 ζείπεῐν,
4048 4644 4204 4716 ὑπερ-

2596 4732 2857 4786 ϐαίνουσι·
2894 4735 2960 4785 σὺ
2993 4728 3053 4784 δέ
3081 4752 3172 4805 μοι
3199 4735 3284 4784 τὸν
3304 4731 3456 4803 λόγον
3483 4728 3694 4794 διέξιθι.

2666 4829 2810 4877 ΣΩΤ.
2878 4820 2935 4874 Ὀ
2978 4824 3070 4893 μὲν
3126 4820 3300 4893 λόγος,
3358 4823 3427 4881 ὡς
3486 4820 3642 4873 εἰπεῖν
3697 4817 4020 4891 συλλήϐδην,
4078 4821 4204 4874 ἁπε-

2596 4917 2802 4983 φαίνετο
2851 4914 2948 4968 τὴν
2996 4910 3419 4985 προσληφθεῖσαν
3475 4918 3546 4980 τῷ
3623 4916 3779 4983 Λόγῳ
3852 4914 4007 4983 φύσιν
4068 4916 4204 4984 μήτε

2592 5010 2665 5072 τῷ
2719 5005 2888 5074 Πατρὶ
2938 5003 3377 5074 προσενηνοχέναι
3428 5003 3589 5071 μόνῳ,
3644 4998 3773 5052 ἀλλὰ
3824 5006 3912 5054 καὶ
3964 5009 4029 5073 τῇ
4082 5003 4201 5053 θεό-

2595 5180 2830 5255 υροαυίι
2860 5182 3122 5255 θεοφόρον,
3147 5181 3229 5237 ad
3256 5183 3612 5241 Michaelem
3637 5182 4075 5255 patriarcham.
4106 5181 4204 5237 Mi-

2592 5252 2865 5329 ριιειθὶοφ
2889 5252 3152 5329 intellig?
3179 5256 3537 5329 secundum,
3560 5252 3666 5329 qui
3687 5254 4205 5329 εθάεωρριξξιδξις

2593 5324 3058 5390 tinopolitanam
3082 5323 3389 5383 abdicavit
3410 5323 3810 5385 anno-Christi
3832 5326 3922 5382 MC
3932 5325 4107 5390 XLVI,
4136 5324 4206 5380 id

2592 5396 2998 5473 estdecennio
3020 5401 3159 5452 ante
3206 5398 3364 5454 hanc
3391 5399 3700 5473 synodum
3728 5414 3867 5473 qua:
3887 5396 4209 5453 damnavit

2595 5468 2988 5525 Soterichum.

2667 5541 2743 5609 (2)
2773 5542 3043 5605 Quatuor
3063 5540 3145 5607 hi,
3169 5556 3308 5597 cum
3337 5542 3642 5599 nonnullis
3663 5542 3960 5611 diaconis,
3975 5540 4204 5596 favisse

2596 5612 2901 5685 sotericho
2933 5612 3217 5685 dicuntur
3244 5614 3427 5671 etiam
3455 5615 3519 5671 in
3548 5617 3751 5672 Graeco
3782 5613 4011 5672 scholio
4029 5611 4205 5685 quod

2596 5683 2809 5741 Nicetaa
2843 5684 3144 5742 Choniatae
3175 5685 3369 5744 codici
3398 5686 3766 5761 appingitur.
