4508 6436
272 438 373 490 141

1595 425 1942 480 THESAURI
1980 424 2112 481 LIB.
2151 425 2332 482 XXIV.

3534 430 3637 483 142

268 577 397 615 τητι
448 566 543 609 τοῦ
598 561 912 626 Μονογενοῦς
959 557 1017 605 τὸ
1073 552 1259 604 οἰκεῖον
1308 551 1457 621 αἷμα.
1508 555 1669 601 Τουτο
1721 549 1876 622 ῥηθεν
1905 550 1954 603 Α
1990 547 2048 602 ό(

1855 569 1876 598 ν
1905 550 1954 603 Δ
1990 547 2194 603 deitati
2237 549 2535 605 obtulerit.
2589 550 2817 606 Dictum
2869 551 3004 616 hoc,
3038 566 3175 606 cum
3216 550 3365 607 alios
3412 551 3635 608 multos

270 645 499 705 πολλοὺς
555 664 608 697 τε
667 644 874 705 ἄλλους,
934 648 1022 693 καὶ
1071 638 1139 699 δὴ
1195 644 1285 690 καὶ
1330 635 1526 709 ἄνδρας
1577 636 1729 710 ἀρετῇ
1790 640 1879 686 καὶ

272 734 412 804 λόγῳ
454 730 764 804 διαπρεπεῖς
810 729 1174 805 τεθορύϐηκεν,
1221 731 1285 787 ὡς
1333 733 1402 798 μὴ
1454 746 1605 798 μόνον
1658 725 1718 776 ἀν
1766 733 1880 785 ταῖς

276 819 581 893 ἡμεδαπαῐς
630 820 825 893 ἀρχαῖς
884 818 1250 881 ἀνακόλουθον,
1310 815 1437 865 ἀλλα
1488 821 1577 866 καὶ
1618 819 1711 870 τὴν
1749 815 1884 863 κατά

280 914 567 981 Νεστόριω
630 909 841 976 εἰσάγον
901 904 1203 980 διαίρεσιν’
1248 904 1290 955 εἰ
1336 908 1437 975 γὰρ
1496 899 1561 958 δὴ
1623 911 1720 952 τῶν
1783 904 1882 971 φύ-

282 1000 415 1049 σεών
447 997 559 1047 ἐστι
589 998 646 1046 τὸ
676 1000 771 1052 τὴν
820 997 910 1066 μὲν
955 996 1258 1066 προσάγειν,
1307 996 1400 1048 τὴν
1448 987 1507 1041 δε
1548 992 1881 1060 προσίεσθαι,

280 1092 435 1137 πᾶσα
496 1084 693 1153 ἀνάγκη
756 1088 846 1134 καὶ
912 1088 1005 1139 τὴν
1070 1083 1445 1152 προσάγουσαν
1507 1081 1576 1138 ὡς
1637 1076 1887 1150 ἀρχιερέα

280 1181 371 1226 καὶ
440 1176 601 1231 Θὺτην
651 1172 815 1242 λέγειν
882 1173 1195 1235 ὑπόστασιν,
1253 1174 1342 1219 καὶ
1407 1173 1493 1224 την
1546 1170 1887 1239 προσιεμένην

282 1267 352 1324 ὡς
417 1268 549 1315 Θεὸν
604 1266 670 1313 τὰ
731 1266 849 1335 περὶ
912 1266 1005 1318 τὴν
1074 1263 1259 1312 θυσίαν
1321 1261 1510 1329 ὁμοίοις
1573 1259 1886 1311 ὑπόστασιν.

283 1360 455 1405 Τοῦτο
516 1348 584 1408 δὴ
630 1355 689 1402 τό
740 1356 833 1402 τοῦ
886 1354 1171 1422 Νεστορίον
1242 1343 1535 1407 Θανατώὃες
1582 1346 1889 1418 ἁμάρτημα,

364 1531 507 1580 MA.
549 1525 637 1587 Ὠς
676 1522 843 1577 δεινόν
891 1544 944 1576 τι
980 1524 1143 1595 λέγεις
1192 1519 1320 1575 εἶναι
1367 1526 1424 1573 τὸ
1479 1528 1569 1573 τοῦ
1620 1520 1891 1587 εἰπόντοςς

366 1710 513 1757 ΣΩΤ.
574 1704 684 1755 Οὑκ
742 1699 867 1755 οἶδα
920 1702 1077 1754 εἰπεῖν
1133 1703 1222 1753 εἶτ’
1276 1699 1516 1771 ἀγνόημα
1572 1702 1669 1750 εἴτε
1722 1701 1897 1769 παρά-

288 1811 487 1863 πτωμα
516 1810 530 1823 α
579 1792 622 1844 εἰ
666 1795 767 1865 γὰρ
817 1792 983 1852 οὑτως
1024 1787 1155 1842 εἶπεν
1196 1794 1265 1850 ὡς
1290 1792 1315 1840 ό
1347 1794 1472 1848 Θεὸς
1502 1794 1669 1857 Λόγος
1693 1792 1896 1857 γενόμε-

288 1900 373 1940 νος
430 1882 702 1953 ἄνθρωπος
758 1881 915 1940 αὐτὸς
954 1882 1019 1940 ὡς
1063 1881 1221 1939 θύτης

288 1974 700 2041 προσενήνοχεν,
750 1970 903 2029 αὑτός
950 1972 1013 2029 ὡς
1061 1971 1201 2040 θῦμα
1237 1971 1373 2019 κατά
1411 1973 1504 2023 τὴν
1535 1968 1706 2041 σάρκα
1736 1984 1900 2039 προσ-

290 2064 531 2123 ηνεκται,
590 2057 748 2117 αὑτός
793 2059 861 2117 ὡς
921 2060 1051 2117 Θεὸς
1112 2061 1418 2130 προσήκατο
1483 2060 1539 2107 τό
1602 2057 1770 2119 τυθεν,
1810 2058 1901 2104 καὶ

292 2153 577 2216 πανταχοῦ
637 2150 731 2203 τὴν
792 2147 1087 2196 ὑπόστασιν
1144 2149 1277 2196 κατά
1331 2147 1423 2205 τὰς
1496 2144 1744 2216 ἐνεργείας
1801 2150 1899 2193 τῶν

295 2238 501 2305 φύσεων
546 2234 965 2306 παρελαμϐάνου,
1027 2230 1087 2291 ἦν
1154 2237 1243 2305 μὲν
1305 2238 1395 2284 καὶ
1458 2234 1615 2291 οὕτως
1673 2234 1697 2282 ό
1728 2232 1897 2301 λόγος,

294 2322 476 2392 ἀλίγον
534 2320 635 2373 δέω
680 2324 863 2393 λέγειν,
926 2322 1017 2373 οὑκ
1076 2322 1346 2393 ἀσφαλής·
1401 2325 1458 2372 τὸ
1500 2317 1558 2372 δὲ
1596 2325 1684 2380 τας
1724 2326 1904 2391 φύσεις

296 2408 592 2463 διιστὼντα
664 2411 826 2484 λέγειν
906 2411 1023 2463 καθ’
1106 2412 1292 2470 ἑαυτὰς
1358 2408 1573 2482 ἐνεργεῖν
1675 2406 1898 2481 μηδαμῆ

296 2498 722 2574 παρειλημμένης
773 2510 869 2561 τῆς
924 2502 1279 2564 ὑποστάσεως,
1332 2498 1535 2571 βαϐαὶέ
1586 2495 1905 2559 κινδυνῶδες

294 2595 391 2639 καὶ
436 2587 667 2649 ἐπιεικῶς
725 2589 841 2641 ἔστι
896 2589 1149 2661 χαλεπόν,
1184 2588 1319 2639 Ἀλλ’
1373 2588 1620 2659 εὐξαίμην
1669 2586 1727 2637 ἂν
1778 2592 1906 2658 μήτε

295 2678 457 2729 αὑτὸν
511 2686 572 2749 τῇ
635 2675 763 2749 δόξῃ
822 2697 1131 2730 συνεστάναι
1178 2680 1365 2748 ταύτῃ,
1410 2683 1541 2749 μήτε
1589 2680 1703 2736 τους
1742 2695 1905 2748 περιι-

300 2770 595 2837 σταμένους
643 2767 794 2818 αὑτὸν
824 2788 836 2799 ·
898 2768 1010 2818 ὅθεν
1063 2770 1133 2828 ὡς
1186 2767 1401 2818 αὐτόθεν
1450 2767 1638 2817 ἄτοπον
1685 2771 1774 2817 καὶ
1832 2770 1902 2838 μὴ

296 2857 465 2926 λόγων
510 2856 706 2907 πολλῶν
756 2854 1066 2928 δεὸεημένον
1121 2857 1191 2918 εὶς
1229 2856 1443 2927 ἔλεγχον
1504 2853 1597 2908 διὰ
1652 2862 1745 2914 τὴν
1792 2856 1906 2909 ἀτο-

295 2950 426 2997 πίαν
496 2945 676 3010 αὑτοῦ,
744 2950 953 3018 χαίρειν
1028 2946 1218 2999 ἰάσθω.
1288 2951 1634 3017 Ὑποκειμένου
1702 2944 1760 2997 δι
1815 2954 1907 2997 τοῦ

298 3040 375 3105 μή
425 3039 521 3091 τὴν
563 3034 987 3106 προσληφθεῖσαν
1042 3037 1217 3105 φύσιν,
1267 3034 1374 3084 αλλ’
1435 3035 1588 3086 αὐτόν
1632 3040 1715 3087 τόν
1764 3036 1908 3086 Θεάν-

300 3126 512 3194 θρωπον
544 3129 757 3195 Σωτῆρα
802 3126 1028 3196 Χριστόν
1068 3128 1161 3179 την
1208 3126 1461 3194 σωτήριον
1509 3125 1694 3174 ουσίαν
1740 3142 1907 3195 προσ-

1992 640 2116 691 tum
2144 639 2323 692 etiam
2359 638 2586 710 aliquot
2606 640 2813 694 virtute
2844 646 2901 695 et
2926 640 3199 695 doctrina
3240 639 3527 712 pollentes
3560 642 3636 695 vi-

1991 740 2088 779 ros
2120 727 2404 791 turbavit,
2427 729 2571 798 quia
2595 743 2716 782 non
2746 727 2943 782 solum
2967 728 3258 798 religiosis
3280 730 3639 784 nostratium

1993 814 2344 869 rudimentis
2376 816 2639 870 alienum
2669 824 2815 879 erat.
2850 833 3055 872 verum
3078 818 3256 872 etiam
3279 818 3423 889 quia
3440 821 3640 873 Nesto-

1993 902 2228 957 rianam
2258 904 2620 960 divisionem
2653 904 2996 961 invehebat.
3040 907 3096 961 Si
3127 907 3289 961 enim
3316 922 3391 961 ex
3420 907 3514 962 his
3538 922 3641 962 na-

1994 992 2143 1045 turis
2172 991 2359 1046 altera
2380 992 2570 1057 otl‘ert,
2602 993 2788 1049 altera
2828 1010 2970 1049 vero
3001 994 3238 1065 excipit,
3274 1010 3513 1066 prorsus
3543 1011 3644 1051 ne-

1995 1095 2160 1133 cesse
2177 1088 2264 1135 est
2292 1087 2345 1135 et
2366 1080 2528 1135 illam
2547 1098 2683 1152 quae
2697 1081 2888 1147 offert,
2904 1083 3231 1138 sacerdotis
3252 1088 3310 1138 et
3328 1083 3646 1139 sacriﬁculi

1997 1168 2205 1235 instar,
2234 1170 2524 1241 appellari
2551 1187 2588 1227 a
2615 1171 2790 1226 nobis
2822 1187 3150 1243 personam
3184 1189 3198 1226 :
3233 1188 3569 1244 rursusque
3583 1173 3647 1229 il-

1998 1256 2117 1311 lam
2174 1266 2474 1329 naturam,
2527 1277 2664 1332 quae
2712 1260 2796 1315 uti
2853 1264 3008 1317 Deus
3064 1261 3369 1317 victimam
3408 1263 3649 1335 excipit,

2002 1362 2321 1417 personam
2354 1349 2570 1419 pariter
2598 1349 2918 1405 nominari.
2954 1353 3072 1406 Hoc
3102 1356 3305 1406 autem
3335 1355 3424 1407 est
3450 1351 3653 1407 morti-

2002 1434 2195 1491 ferum
2223 1436 2473 1491 Nestorii
2505 1439 2754 1494 crimen.

2076 1525 2254 1579 PHIL.
2308 1527 2497 1590 Quam
2548 1526 2878 1597 periculose
2930 1527 3046 1583 hoc
3101 1529 3410 1585 existimas
3453 1529 3532 1585 ab
3581 1545 3654 1586 eo

2005 1614 2234 1669 dictum
2264 1614 2291 1668 ?

2081 1704 2232 1758 SOT.
2299 1705 2502 1758 Utrum
2554 1703 2852 1760 inscitiam
2898 1705 3195 1777 appellem
3236 1722 3315 1762 an
3368 1722 3654 1773 errorem,

2006 1792 2230 1845 nescio.
2253 1792 2309 1846 Si
2330 1792 2490 1845 enim
2509 1792 2781 1858 dixisset,
2805 1794 2971 1864 quod
2994 1797 3145 1849 Deus
3169 1794 3448 1863 Verbum,
3466 1795 3659 1851 factus

1280 1881 1415 1929 κατὰ
1460 1883 1554 1935 τὴν
1599 1876 1898 1950 προσληψιν
1928 1892 1969 1945 Β
2008 1880 2212 1949 homo,
2236 1880 2363 1951 ipse
2393 1881 2639 1953 quidem
2662 1887 2951 1953 tanquam
2977 1898 3060 1937 sa.

1878 1896 1898 1924 ν
1928 1892 1969 1945 Β
2008 1880 2212 1949 homo,
2236 1880 2363 1951 ipse
2393 1881 2639 1953 quidem
2662 1887 2951 1953 tanquam
2977 1882 3281 1951 sacerdos,
3303 1885 3533 1939 ratione
3553 1886 3658 1940 hu-

2009 1970 2313 2025 manitatis
2346 1976 2697 2043 assumptus,
2731 1972 3090 2027 sacriﬁcium
3123 1972 3442 2041 obtulerit;
3475 1973 3664 2029 idem-

2010 2075 2126 2130 que
2151 2059 2278 2130 ipse
2298 2066 2585 2132 tanquam
2609 2060 2851 2115 victima
2872 2061 3207 2115 secundum
3231 2078 3473 2117 carnem
3496 2062 3664 2118 obla-

2014 2155 2103 2203 tus
2126 2147 2325 2211 fuerit;
2358 2158 2538 2220 atque
2565 2148 2724 2203 idem
2746 2149 3008 2220 denique
3032 2156 3327 2223 tanquam
3355 2151 3510 2206 Deus
3535 2165 3665 2207 rem

2010 2237 2271 2291 oblatam
2305 2238 2619 2308 exceperit,
2649 2244 2885 2293 servata
2916 2238 3139 2310 ubique
3171 2254 3429 2311 persona
3477 2242 3665 2295 actio-

2014 2326 2193 2381 nibus
2244 2332 2597 2381 naturarum
2643 2327 3078 2390 accommoda;
3123 2328 3239 2383 hoc
3279 2329 3458 2385 etiam
3488 2334 3668 2401 pacto

2013 2432 2165 2488 pene
2197 2416 2470 2481 dixerim,
2501 2416 2748 2471 minime
2781 2421 2971 2472 tutum
3012 2434 3141 2473 esse
3183 2434 3525 2475 sermonem
3556 2420 3668 2475 hu-

2009 2505 2304 2576 jusmodi:
2328 2521 2536 2560 verum
2557 2506 2864 2560 enimvero
2880 2504 3451 2562 distinctasnaturas
3473 2507 3671 2563 dicere

2016 2609 2515 2665 unamquamque
2546 2609 2651 2665 per
2675 2610 2737 2648 se
2770 2593 3026 2665 operari,
3059 2595 3324 2666 seposita
3351 2594 3513 2651 velut
3541 2611 3672 2667 per-

2018 2699 2187 2750 sona,
2218 2683 2279 2738 id
2319 2683 2563 2738 demum
2612 2682 3017 2754 periculosum
3063 2689 3174 2749 est,
3225 2688 3280 2740 et
3324 2684 3673 2741 difﬁcultate

2018 2788 2259 2827 summa
2286 2771 2594 2827 laborans.
2628 2771 2863 2827 Utinam
2894 2787 3038 2828 vero
3076 2787 3268 2845 neque
3300 2773 3350 2827 is
3378 2774 3483 2845 qui
3512 2772 3672 2828 dice-

2017 2862 2140 2929 bat,
2172 2876 2367 2932 neque
2394 2862 2525 2931 ejus
2555 2860 2857 2916 auditores
2888 2862 3247 2917 sententiam
3281 2861 3440 2917 hanc
3469 2862 3674 2917 animo

2018 2950 2357 3006 imbibant!
2409 2951 2813 3016 Quamobrem
2846 2956 3052 3022 utpote
3091 2951 3447 3017 absurdam,
3477 2967 3675 3023 neque

2019 3040 2251 3112 prolixa
2286 3039 2641 3095 refutatione
2672 3044 2967 3109 egentem,
2998 3038 3255 3095 multum
3296 3056 3433 3095 eam
3476 3038 3676 3095 valere

2015 3130 2360 3199 jubeamus.
2395 3130 2610 3182 Verum
2652 3129 2702 3182 si
2733 3129 3083 3198 attirmetur,
3124 3129 3291 3185 haud
3316 3129 3563 3201 quidem
3596 3128 3676 3185 ab

299 3219 546 3281 ενεγκείν,
602 3216 842 3262 σκεπτέον
885 3212 927 3262 εἰ
989 3216 1077 3264 καὶ
1138 3219 1197 3282 τῇ
1269 3211 1430 3262 αὑτοῦ
1482 3213 1683 3269 θεότητι
1740 3231 1979 3301 προσ-Ο
2020 3236 2079 3272 as

1896 3243 1910 3251 -
1940 3247 1979 3301 ρ
2020 3223 2335 3288 assumpta
2364 3216 2718 3281 natura,sed
2743 3217 2821 3272 ab
2844 3217 2974 3289 ipso
2993 3217 3340 3273 theandrico
3365 3220 3676 3274 Servatore

298 3307 522 3357 ἡνεκται
549 3303 609 3350 τό
634 3301 801 3351 τυθέν.

379 3592 520 3639 NA.
584 3585 736 3638 Ἀλλά
780 3590 1027 3660 πρότερον
1081 3586 1233 3647 αὑτὸς
1291 3586 1397 3638 εἰπε
1457 3592 1507 3638 τί
1564 3584 1654 3645 ἧδ’
1712 3589 1851 3648 ὅσον,
1885 3589 1911 3638 ό

298 3675 679 3746 ἐγκαλούμενος
722 3678 803 3735 τίς
852 3675 1010 3745 αὑτῷ,
1052 3680 1141 3727 καὶ
1198 3678 1351 3727 πόθεν
1400 3678 1428 3733 η
1472 3684 1563 3727 του
1604 3676 1759 3747 λόγου
1788 3680 1912 3727 τού-

298 3784 398 3815 του
430 3769 729 3821 κατασκευὴ
764 3780 776 3829 ;

378 3859 527 3908 ΣΩΤ.
575 3852 742 3904 Πολλὰ
790 3852 923 3903 ἆττα
969 3858 1234 3925 συνείρων,
1266 3857 1352 3904 τὸν
1402 3853 1587 3905 ἑαυτοῦ
1629 3859 1915 3911 συνίστησι

297 3944 481 4014 λόγον.
538 3944 656 4013 Εγὼ
710 3938 768 3994 δὲ
818 3944 988 3993 ὁπόσα
1040 3962 1139 4014 μου
1199 3947 1292 4000 τήν
1349 3949 1557 4015 μνήμην
1614 3943 1911 4019 ἐπέρχεται⁹

299 4040 477 4083 ταῦτα
535 4030 649 4104 ἐρῶ.
712 4031 871 4100 Ἐπεὶ,
915 4036 1097 4102 φησιν,
1139 4033 1165 4083 ό
1205 4037 1330 4092 Θεὸς
1380 4037 1547 4103 Λόγος
1587 4035 1773 4085 θυσίαν
1814 4040 1913 4084 πᾶ-

303 4141 407 4173 σαν
457 4120 668 4191 ἁγιάζει
713 4126 803 4171 καὶ
850 4119 1054 4183 τελειοῐ,
1122 4130 1232 4182 πῶς
1271 4122 1398 4193 ουχὶ
1446 4127 1535 4174 καὶ
1568 4128 1662 4180 τὴν
1710 4131 1800 4183 τῆς
1838 4123 1915 4175 οἱ-

301 4214 453 4270 κείας
506 4214 695 4283 σαρκὸς
730 4211 932 4261 ’Θυσίαν
982 4211 1170 4279 ἡγίακέ
1220 4230 1273 4261 τε
1321 4210 1476 4272 αὐτὸς
1529 4217 1620 4263 καὶ
1668 4212 1918 4264 τετελείω-

300 4314 435 4364 xta;
494 4298 603 4349 Οὑκ
652 4298 711 4349 ἂν
768 4294 828 4349 δε
876 4296 1040 4359 illa);
1085 4300 1323 4369 ἡγίασεν,
1372 4300 1414 4351 εἰ
1461 4305 1533 4371 μὴ
1614 4308 1674 4372 τῇ
1732 4300 1916 4353 ἑαυτοῦ

304 4390 518 4443 Θεότητι
546 4394 944 4459 προσενήνεκτο.

380 4482 523 4530 ΦΙΛ.
556 4480 694 4549 Πρὸς
738 4473 826 4528 οὖν
876 4484 1029 4528 τοῦτο
1072 4487 1182 4539 πῶς
1231 4497 1355 4530 ποτε
1398 4481 1536 4551 ἡμᾶς
1583 4476 1918 4532 διατίθεσθαι

2020 3307 2247 3362 Christo
2278 3305 2598 3361 salutarem
2639 3306 2901 3361 hostiam
2947 3305 3131 3361 fuisse
3169 3306 3462 3376 oblatam,
3492 3306 3679 3379 dispi-

2020 3395 2304 3450 ciendum
2353 3400 2643 3465 superest,
2694 3400 2896 3449 utrum
2938 3395 2989 3449 is
3031 3412 3155 3451 suae
3196 3411 3443 3469 quoque
3486 3396 3680 3470 ipsius

2022 3485 2315 3541 divinitati
2345 3485 2707 3541 sacriﬁcium
2730 3484 2952 3541 fecerit.

2094 3577 2270 3630 PHlL.
2316 3577 2399 3630 Tu
2434 3591 2573 3631 vero
2616 3576 2891 3647 apprime
2929 3574 3025 3630 dic
3068 3574 3238 3645 mihi,
3270 3575 3419 3648 quid
3466 3575 3582 3647 ille,
3624 3580 3683 3632 et

2022 3664 2320 3737 quamdiu
2350 3664 2583 3733 dixerit,
2614 3665 2752 3736 quis
2783 3665 2837 3720 ei
2867 3664 2939 3719 sit
2983 3651 3359 3735 abversatus,
3391 3681 3682 3739 quianam

2025 3753 2361 3823 argumenti
2388 3754 2568 3824 hujus
2598 3753 3030 3809 demonstratio
3056 3752 3251 3809 fuerit.

2098 3845 2245 3899 SOT.
2277 3842 2466 3899 Multis
2491 3841 2586 3897 ille
2621 3841 2823 3898 verbis
2852 3858 3197 3897 sermonem
3226 3858 3405 3899 suum
3430 3860 3680 3902 exorna-

2024 3933 2129 3999 vit,
2159 3948 2291 4005 quze
2319 3946 2432 4001 ego
2461 3937 2756 4004 quantum
2788 3931 3037 3986 memini
3058 3932 3335 3987 referam.
3356 3934 3679 4006 Quoniam,

2026 4022 2245 4091 aiebat,
2263 4026 2415 4077 Deus
2431 4021 2685 4076 Verbum
2702 4020 3063 4076 sacriﬁcium
3074 4021 3330 4094 quodvis
3348 4022 3686 4080 sanctiﬁcat

2025 4116 2204 4185 atque
2232 4112 2480 4183 perﬁcit.
2505 4110 2717 4183 quidni
2742 4110 2997 4183 propriae
3013 4127 3260 4183 quoque
3282 4113 3481 4168 carnis
3502 4114 3685 4169 sacri-

2026 4202 2231 4257 ﬁcium
2250 4200 2659 4256 sanctiﬁcasse
2681 4199 3019 4255 credendus
3039 4201 3111 4255 sit
3131 4199 3159 4255 ‘I
3180 4201 3355 4257 Haud
3376 4218 3558 4274 porro
3578 4203 3685 4260 ali-

2028 4296 2113 4347 ter
2144 4291 2559 4359 sanctiﬁcavit,
2591 4306 2780 4363 quam
2816 4289 3077 4362 propriae
3117 4290 3322 4347 deitati
3350 4291 3682 4350 offerendo.

2101 4468 2277 4525 PHlL.
2308 4467 2461 4533 Quid
2493 4482 2635 4537 ergo
2655 4466 2772 4522 hac
2803 4481 2987 4538 super
3015 4482 3077 4523 re
3101 4467 3483 4524 sentiendum
3508 4469 3688 4525 nobis

301 4570 417 4638 χρη
449 4583 463 4631 ;
517 4571 736 4639 Πότερον
782 4565 1048 4640 εἰρημένον
1092 4563 1145 4618 εὖ
1192 4564 1557 4639 ἀποδέχεσθαι
1592 4574 1791 4620 τουτονὶ
1831 4573 1916 4620 τόν
1948 4594 1993 4648 D
2032 4577 2081 4616 es

1623 4574 1791 4620 ουτονὶ
1831 4573 1916 4620 τὸν
1948 4594 1993 4648 D
2032 4564 2120 4616 est
2147 4559 2173 4614 ?
2207 4560 2411 4614 Utrum
2438 4556 2610 4612 dictis
2643 4554 3131 4624 auscultandum,
3162 4571 3351 4613 necne
3373 4558 3401 4615 ?

300 4656 461 4725 λόγον
496 4670 511 4719 ;

385 4750 537 4797 ΣΩΤ.
599 4742 729 4807 Οὔκ,
764 4740 804 4794 ὦ
835 4742 999 4814 ἁγαθέ
1025 4758 1038 4773 ’
1076 4740 1243 4807 δόξειε
1272 4748 1373 4820 γὰρ
1407 4746 1556 4806 οὗτος
1584 4748 1609 4798 ό
1641 4746 1786 4817 λόγος
1827 4747 1920 4799 οὑκ

306 4831 553 4891 ἀληθής·
623 4838 714 4883 καὶ
769 4836 900 4906 πρὸς
951 4840 1128 4885 τοῦτον
1196 4836 1344 4906 ἡμεῖς
1411 4834 1569 4887 ἐκεῖνό
1637 4840 1796 4907 φαμέν
1864 4835 1922 4887 ἂν

304 4925 397 4990 ὡς,
441 4916 625 4978 ἐπειδὴ
684 4922 709 4971 ὁ
748 4927 916 4993 Λόγος
964 4930 1025 4993 τῇ
1081 4928 1238 4997 σαρκὶ
1296 4923 1411 4975 καθ’
1457 4926 1750 4976 ὑπόστασιν
1811 4925 1922 4977 ἐνω-

306 5011 414 5071 θεὶς
455 5012 645 5081 ἠγίακέ
683 5030 736 5062 τε
784 5017 873 5063 καὶ
922 5011 1236 5064 τετελείωκεν
1286 5014 1448 5071 αὐτὴν
1498 5014 1669 5078 εὐθὺς,
1712 5019 1762 5066 τί
1802 5035 1926 5067 ποτε

306 5096 421 5153 ἔδει
582 5103 707 5173 πρὸς
750 5105 844 5157 τὴν
885 5101 1045 5153 αὑτοῦ
1093 5103 1312 5159 θεότητα
1349 5112 1670 5176 προσαγωγῇ
1731 5108 1926 5161 ταύτην

304 5188 475 5245 αὐτὴν
523 5187 889 5259 ἁγιάζεσθαι;
944 5196 1007 5243 Τί
1058 5185 1117 5242 δὲ
1155 5190 1379 5243 τελειοῦν
1420 5198 1513 5250 την
1553 5192 1786 5265 ἀνωτέρω
1826 5215 1926 5266 φυ-

303 5278 610 5349 λαχθεῖσαν
647 5281 825 5339 πάσης
872 5278 1133 5354 ἁμαρτίας
1171 5291 1544 5355 προαιρετικῆς
1594 5302 1647 5334 τε
1700 5289 1788 5335 καὶ
1838 5292 1927 5344 τῆς

304 5369 372 5420 ἐκ
418 5371 713 5439 σπέρματος
766 5378 1034 5440 φυσικῆς;
1092 5375 1269 5431 Μόνης
1317 5366 1403 5423 οὑν
1449 5369 1615 5425 ἐδεῖτο
1659 5381 1753 5435 τῆς
1800 5377 1928 5448 πρὸς

304 5460 401 5509 τὸν
448 5461 658 5532 Πατέρα
717 5454 811 5510 διὰ
864 5460 1049 5521 θυσίας
1107 5469 1483 5535 προσαγωγῆς,
1556 5461 1615 5520 ἢν
1663 5462 1927 5536 ἁγιασμόν

307 5548 586 5619 ὠνόμασεν
636 5549 662 5599 ό
707 5552 885 5623 Σωτήρ
918 5563 933 5578 ⁸

306 5636 487 5710 ἔλεγεν
530 5654 543 5666 ⁸

306 5724 450 5782 εἶναί
501 5724 661 5787 δῆλον
717 5725 895 5782 διττὸν
944 5731 1072 5783 εἶναι
1118 5734 1207 5784 τόν
1245 5734 1547 5805 άγιασμόν⁹
1599 5736 1686 5785 τόν
1735 5736 1825 5806 μὲν
1869 5734 1930 5787 οὗ

998 5554 1127 5625 πρὸς
1183 5552 1285 5623 γὰρ
1332 5560 1402 5622 τῷ
1450 5554 1605 5604 πάθει
1660 5558 1930 5625 γενόμενος

613 5637 751 5709 Ἐγὼ
819 5639 1026 5710 ἁγιάζω
1091 5639 1310 5712 ἐμαυτόν
1386 5643 1513 5716 ὑπὲρ
1582 5643 1749 5695 αὐτῶν
1792 5665 1803 5677 ·
1866 5647 1930 5705 ὡς

2101 4736 2253 4793 SOT.
2286 4736 2519 4793 Minime
2542 4734 2883 4805 gentium,o
2913 4733 3071 4790 bone
3097 4752 3109 4802 ;
3133 4750 3329 4807 neque
3359 4735 3520 4793 enim
3547 4753 3693 4796 vera

2032 4828 2161 4883 haec
2192 4826 2426 4882 videtur
2456 4824 2668 4880 oratio.
2704 4824 2930 4879 Etenim
2961 4839 3073 4879 nos
3103 4824 3185 4880 ita
3223 4825 3421 4897 potius
3445 4826 3691 4883 disseri-

2034 4935 2213 4974 mus:
2263 4914 2765 4990 quandoquidem
2814 4914 3076 4971 Verbum
3113 4915 3277 4971 carni
3316 4916 3695 4989 hypostatice

2039 5006 2290 5077 unitum,
2316 5006 2511 5077 ipsam
2543 5002 2939 5059 sanctiﬁcavit
2969 5004 3358 5077 perfecitque,
3398 5022 3506 5062 cur
3534 5023 3695 5081 opus

2035 5098 2161 5151 erat
2192 5101 2255 5149 ut
2284 5109 2389 5167 per
2418 5092 2789 5148 oblationem
2829 5108 2952 5147 sure
2986 5092 3177 5165 ipsius
3226 5093 3429 5150 deitati
3472 5094 3695 5153 facien-

2036 5187 2202 5253 dam,
2224 5183 2390 5239 illam
2422 5182 2825 5237 sanctiﬁcaret
2853 5182 2879 5236 ?
2908 5182 3021 5237 Cur
3046 5182 3327 5238 eamdem
3359 5184 3695 5256 perﬁceret,

2035 5292 2171 5349 quae
2206 5288 2464 5346 superne
2490 5270 2658 5327 omni
2688 5270 2975 5326 immunis
3000 5270 3186 5327 ﬁebat
3223 5271 3319 5327 vel
3356 5272 3696 5333 voluntario

2036 5368 2308 5438 peccato,
2338 5362 2433 5419 vel
2454 5379 2526 5418 ex
2558 5361 2788 5432 origine
2814 5360 3073 5417 naturali
3098 5366 3406 5419 contracto
3426 5363 3454 5418 ?
3494 5366 3612 5421 Hoc
3643 5367 3697 5422 ei

2036 5456 2215 5526 igitur
2232 5450 2654 5511 tantummodo
2677 5452 2900 5521 deerat,
2929 5455 2995 5507 ut
3020 5451 3175 5508 Patri
3203 5467 3313 5508 ceu
3334 5453 3698 5512 sacriﬁcium

2038 5545 2379 5615 offerretur;
2416 5558 2603 5615 quam
2626 5557 2749 5596 rem
2782 5542 3057 5597 Servator
3080 5540 3568 5599 sanctiﬁcationis
3591 5560 3699 5600 no-

2038 5639 2201 5693 mine
2241 5633 2555 5707 expressit,
2602 5647 2741 5686 cum
2780 5630 3052 5702 passioni
3089 5629 3402 5702 proximus
3449 5632 3697 5691 aiebat:

2040 5729 2170 5799 Ego
2199 5724 2509 5794 sancti/Sco.
2543 5737 2637 5779 me
2672 5722 2870 5792 ipsum
2902 5723 3157 5791 propter
3192 5734 3307 5777 eos.
3358 5720 3523 5778 Patet
3554 5734 3700 5792 ergo
