4508 6436
824 336 921 393 143
2152 320 2430 388 NICETJE
2464 320 2845 387 CHONiATE
4019 276 4024 287 i
4083 333 4184 397 ιιι

817 459 1124 532 duplicem
1170 472 1299 513 esse
1358 454 1913 522 sanctiﬁcationem,
1975 454 2225 511 alteram
2280 469 2469 527 quam
2498 455 2597 508 A1

2400 469 2469 509 .m
2498 455 2545 508 Α
2583 461 2645 526 τῇ
2690 458 2847 529 σαρκὶ
2893 451 3179 527 μετέδωκεν
3226 456 3385 520 αὐτὸς
3426 457 3645 530 ίνωθεὶς,
3684 462 3769 514 τόν
3829 458 3889 515 δε
3943 458 4180 537 δεύτερον

815 550 945 621 ipse
975 546 1140 603 carni
1171 544 1417 601 contulit
1436 561 1575 600 cum
1602 544 1655 601 ei
1692 544 2070 617 hypostatice
2116 543 2321 599 unitus
2359 546 2466 609 est,
2583 544 2595 594 ε

2412 546 2466 609 st,
2583 543 2636 594 ὃν
2704 544 2985 618 εἰργάσατο
3040 541 3133 597 διὰ
3199 547 3407 617 θυσίαν,
3467 548 3537 611 εὶς
3588 554 3674 603 τὸν
3731 555 3939 624 Πατίρα
3985 555 4180 611 ταύτην

814 638 1064 694 alteram
1117 650 1256 690 vero
1303 650 1489 707 quam
1529 649 1637 706 per
1668 632 2032 689 sacriﬁcium
2065 636 2351 705 operatus
2382 634 2472 687 est
2579 630 2594 683 ἐ

1117 650 1256 690 vero
1303 650 1489 707 quam
1529 649 1637 706 per
1668 632 2032 689 sacriﬁcium
2065 636 2351 705 operatus
2382 634 2472 687 est
2579 630 2874 704 ἀνενεγκών.

813 726 980 799 quod
1001 725 1153 781 Patri
1184 722 1415 778 obtulit.

885 817 1060 872 PHIL.
1113 812 1291 885 Atqui
1340 813 1388 867 si
1441 826 1706 880 carnem,
1757 811 1913 867 dicet
1960 809 2201 883 aliquis,
2246 809 2468 864 unione
2650 816 2665 862 4

2400 823 2468 864 ne
2650 815 2787 865 ΦῙΛ.
2848 809 2987 864 Ἀλλ’
3050 814 3189 888 εἴπερ
3248 811 3301 877 ἐξ
3353 814 3517 879 αὐτῆς
3580 817 3769 888 ἠγίακε
3824 819 4019 877 ταύτην
4063 818 4180 872 ἐνώ-

813 922 926 961 sua
946 906 1074 977 jam
1115 901 1613 970 sanctiﬁcaverat,
1649 917 1755 957 cur
1783 900 1969 957 altera
1991 899 2467 956 sanctiﬁcatione
2580 918 2593 950 ι

2397 914 2467 955 ne
2580 918 2727 970 σεως,
2784 904 2910 972 φαίη
2962 920 3040 964 τις
3080 900 3159 969 ἂν,
3201 907 3251 954 τί
3287 900 3370 956 δεῖ
3407 924 3530 957 ποτε
3576 911 3665 959 καὶ
3711 906 3884 981 ἑτέρου
3931 904 4177 981 δευτέρου

810 994 900 1050 vel
930 992 1292 1063 perfectione
1322 1005 1475 1062 opus
1506 989 1663 1047 fuit?
2064 1024 2069 1029 -
2578 991 2590 1040 ξ

2064 1024 2069 1029 .
2578 989 2843 1061 ἁγιασμοῦ
2868 1006 2881 1057 ;
2913 995 3065 1052 ποίας
3089 987 3148 1043 δε
3175 990 3478 1055 τελειώσεως
3510 1011 3523 1062 ;
3820 1014 3824 1019 ’

883 1082 1033 1137 SO'l‘.
1088 1079 1345 1148 Longius
1385 1094 1421 1133 a
1466 1078 1779 1150 proposito
1825 1092 1982 1144 meo,
2015 1076 2239 1149 optime
2280 1075 2464 1145 Philo,
2647 1084 2663 1129 1

2395 1076 2464 1145 lo,
2647 1084 2789 1131 ΣΩΤ.
2823 1082 3131 1153 Μακρότερά
3168 1100 3231 1153 με
3269 1087 3360 1134 καὶ
3410 1091 3501 1135 τοῦ
3537 1082 3715 1155 λόγου,
3760 1086 3944 1158 ἄριστε
3991 1086 4175 1158 Φίλων,

808 1170 1085 1226 aberrare
1126 1183 1221 1223 me
1268 1167 1525 1223 dicendo
1571 1167 1784 1237 cogis;
1839 1171 2103 1222 attamen
2147 1165 2231 1220 tui
2280 1180 2467 1219 causa
2577 1165 2588 1216 ε

2399 1180 2467 1219 sa
2577 1164 2884 1237 ἀναγκάζεις
2938 1166 3101 1240 λέγειν
3130 1185 3142 1199 ⁸
3190 1169 3322 1229 πλὴν
3356 1192 3446 1223 και
3493 1181 3647 1226 τοῦτο
3688 1178 3784 1232 σὴν
3828 1178 4032 1244 εἴρηται
4072 1178 4177 1247 χοὶ-

805 1260 969 1315 hunc
997 1258 1267 1314 laborem
1300 1257 1645 1328 suscipiam.
1681 1256 1754 1311 lis
1784 1256 1888 1328 qui
1912 1256 2170 1310 invicem
2199 1253 2465 1309 reconci-
2574 1276 2585 1325 ρ

2397 1253 2465 1308 :i-
2574 1273 2676 1325 ριν.
2728 1253 2881 1315 Ἕθος
2934 1263 3040 1316 τοῖς
3095 1257 3585 1331 καταλλαττομίνοις
3633 1260 3746 1314 ἐστί
3794 1262 4070 1335 λαμϐάνειν
4124 1284 4177 1316 τι

805 1349 1027 1403 liantur
1056 1362 1189 1402 mos
1222 1351 1310 1402 est
1336 1345 1527 1401 mutui
1550 1344 1780 1416 aliquid
1807 1344 2093 1412 muneris,
2123 1343 2297 1415 quasi
2325 1358 2462 1397 con-
2572 1363 2585 1395 1

2399 1358 2462 1397 ι]-
2572 1342 2695 1415 παρ’
2768 1342 2994 1401 ἀλλήλων
3054 1354 3147 1407 τῆς
3214 1345 3719 1422 ἐμπεδωθησομίνης
3798 1352 3966 1424 φιλίας
4025 1352 4177 1425 ἐχέγ-

807 1437 1113 1507 ςιυῑὶηειῑεε
1132 1434 1403 1491 amicitias
1426 1434 1690 1503 arrham,
1706 1432 2014 1505 impertiri.
2042 1432 2333 1497 Quoniam
2357 1431 2463 1485 ita-
2571 1452 2587 1503 ς

2397 1445 2463 1485 a-
2571 1452 2731 1503 γυον·
2789 1430 2991 1507 ἐπείπερ
3046 1431 3133 1486 οὖν
3180 1442 3269 1489 καὶ
3322 1439 3460 1509 ἡμᾶς
3524 1436 3597 1491 δι’
3647 1442 3841 1513 ἔχθρας
3897 1446 4177 1513 γεγονότας

806 1542 923 1597 que
950 1530 1006 1581 et
1034 1541 1166 1592 nos,
1198 1527 1335 1595 post
1364 1522 1464 1578 Dei
1500 1521 1815 1589 offensam,
1848 1520 2217 1576 reconciliari
2265 1518 2462 1574 eidem
2574 1532 2586 1572 ι

2404 1535 2462 1573 m
2574 1529 2687 1591 Θεῷ
2727 1520 2891 1595 ἔχρῆν
2939 1524 3406 1595 καταλλάττεσθαι,
3452 1534 3545 1589 τῆς
3592 1530 3730 1591 θείας
3786 1530 3881 1582 οὐκ
3931 1529 4174 1604 ἀνασχό-

806 1612 1208 1685 oportebat,is
1230 1611 1473 1682 quidem
1498 1625 1731 1665 morem
1753 1625 1876 1665 suae
1905 1607 2190 1664 bonitatis
2214 1608 2461 1662 minime
2571 1634 2586 1685 ε

2394 1622 2461 1662 ne
2571 1632 2722 1685 μενος
2797 1611 3081 1685 ἀφεστάναι
3158 1612 3447 1680 διαπαντός
3511 1619 3859 1690 ἀγαθότητος,
3926 1626 4174 1695 πρότερον

806 1703 1109 1766 omittens,
1138 1700 1370 1773 primus
1400 1700 1526 1772 ipse
1553 1698 1706 1754 Deus
1735 1698 2014 1760 Verbum,
2041 1697 2143 1769 qui
2182 1696 2261 1753 ab
2291 1696 2461 1752 initio
2573 1722 2586 1752 ε

2404 1696 2461 1752 i0
2573 1702 2727 1764 αὐτὸς
2767 1703 2793 1754 ό
2839 1708 2929 1756 καὶ
2973 1708 3067 1763 τὴν
3107 1703 3281 1780 ἀρχὴν
3329 1709 3638 1771 ὑποστήσας
3683 1715 3853 1781 Λόγος
3902 1715 3998 1769 τὴν
4044 1713 4175 1784 ἠμε-

805 1788 2463 1859 subsistcbat,substantianostrasuscepta,peccatorum
2496 1798 2533 1852 Β
2576 1798 2585 1842 ί

2400 1800 2463 1841 m
2496 1798 2533 1852 Β
2576 1789 2751 1850 ὃαπήν
2805 1791 3023 1865 εἰληφὼς
3074 1794 3258 1847 οὐσίαν
3325 1793 3610 1849 ἀντέδωκεν
3676 1801 3801 1871 ἡμῖν
3864 1799 4173 1875 ἁμαρτημά-

804 1881 1225 1937 remissionem
1259 1876 1436 1934 nobis
1480 1876 1729 1947 largitus
1766 1880 1872 1943 est,
1906 1882 2087 1947 atque
2116 1891 2188 1930 ex
2214 1875 2465 1946 antiqua
2573 1914 2584 1945 π

2397 1891 2465 1930 L18.
2573 1901 2669 1960 των
2735 1883 2938 1953 ἄφεσιν,
2993 1887 3087 1941 τὴν
3155 1882 3209 1935 ἐκ
3274 1891 3369 1946 τῆς
3434 1885 3631 1948 πλάνης
3698 1886 4020 1959 ἀπαλλαγὴν,
4088 1891 4177 1950 τὰς

807 1970 1019 2026 fraude
1044 1969 1282 2041 eripuit,
1312 1966 1514 2023 multis
1546 1966 1831 2039 mirisque
1875 1965 2105 2041 collatis
2135 1964 2462 2020 beneﬁciis.
2574 1989 2587 2022 1

2397 1981 2462 2018 ls.
2574 1968 2761 2031 πολλὰς
2842 1969 3032 2033 ἐκείνας
3097 1970 3394 2048 ἐνηργηκὼς
3458 1975 3756 2048 εὐεργεσίας
3822 1983 3911 2030 καὶ
3979 1980 4177 2050 θαυμα-

810 2062 924 2118 Sed
945 2060 1087 2132 quia
1106 2058 1285 2114 etiam
1303 2058 1536 2114 Patrem
1550 2099 1561 2121 ,
1575 2056 1677 2129 qui
1696 2055 2021 2129 adoptione
2039 2071 2152 2111 nos
2174 2054 2466 2124 dignaba-
2579 2077 2590 2109 ‹

2398 2068 2466 2109 ιᾶ-
2579 2060 2749 2121 στάςο
2814 2058 2922 2113 ἐπεὶ
2975 2057 3034 2113 δὲ
3091 2067 3181 2114 καὶ
3232 2066 3318 2115 τόν
3374 2068 3581 2139 Πατέρα
3631 2064 3797 2137 ἐχρῆν
3843 2065 4069 2120 λαϐόντα
4126 2086 4178 2120 τε

810 2157 925 2218 tur,
942 2148 1167 2220 aliquid
1191 2164 1226 2204 a
1255 2146 1432 2203 nobis
1453 2146 1725 2219 accipere
1755 2161 1995 2217 {equum
2012 2149 2155 2215 erat,
2172 2144 2348 2200 nobis
2364 2160 2467 2200 au-
2576 2167 2590 2199 1

2404 2160 2467 2199 u-
2576 2147 2699 2220 παρ’
2754 2150 2898 2221 ἡμῶν
2955 2154 3049 2209 τὴν
3110 2152 3374 2204 υἱοθεσίαν
3429 2150 3905 2228 ἀντιχαρίσασθαι,
3972 2164 4178 2231 προσῆν

810 2246 929 2296 tem
947 2238 1095 2293 nihil
1116 2251 1335 2310 purum
1359 2235 1586 2303 aderat,
1611 2238 1715 2291 aut
1737 2234 1836 2290 Dei
1859 2234 2173 2305 majestate
2189 2234 2463 2304 dignum,
2579 2256 2590 2288 ι

2398 2250 2463 2303 :n,
2579 2232 2638 2289 δὲ
2682 2239 2805 2310 ἡμῖν
2839 2235 2989 2291 οῦδὲν
3041 2243 3293 2315 καθαρόν,
3332 2237 3457 2294 οὐδὲ
3500 2249 3591 2303 τῆς
3633 2243 3791 2296 αὑτοῦ
3832 2244 4178 2317 μεγαλειότη-

811 2333 1062 2402 peccato
1078 2326 1285 2383 omnia
1298 2323 2033 2393 commaculante,idcirco
2049 2323 2250 2396 ipsum
2267 2323 2471 2378 thean-
2577 2347 2591 2379 1

2398 2337 2471 2377 .n-
2577 2346 2664 2389 τος
2720 2327 2884 2397 ἄξιον,
2942 2336 3033 2390 τῆς
3080 2328 3337 2405 ἁμαρτίας
3395 2334 3565 2384 πάντα
3609 2331 3971 2396 ἐπιθολούσης,
4021 2334 4178 2398 αὐτὸς

813 2418 1043 2475 dricum
1077 2416 1794 2487 Verbum,paupertatem
1815 2418 2089 2469 nostram
2108 2429 2217 2468 ceu
2246 2411 2472 2467 media-
2580 2423 2593 2473 ε

2399 2412 2472 2467 ia—
2580 2422 2605 2473 6
2674 2418 2995 2493 θεάνθρωπος
3072 2424 3266 2490 Λόγος,
3333 2423 3392 2472 τό
3454 2428 3550 2483 τῆς
3616 2418 3894 2494 ἡμεδαπῆς
3961 2421 4179 2499 ἀπορίας

814 2513 907 2564 tor
945 2505 1251 2578 supplens,
1283 2503 1676 2559 humanitatis
1730 2501 1927 2557 forma
1974 2502 2247 2570 indutus,
2290 2517 2467 2556 suum
2581 2509 2594 2562 ε

2397 2517 2467 2555 ιω
2581 2508 2887 2581 ἀναπληρῶν
2955 2507 3045 2560 (ira
3099 2512 3338 2580 μεσίτης,
3400 2507 3449 2561 ἓν
3504 2516 3770 2583 προσώπῳ
3820 2520 3916 2573 τῆς
3973 2510 4177 2588 ἀνθρω-

816 2596 1030 2652 obtulit
1051 2594 1429 2665 sanguinem,
1444 2592 1748 2648 victimam
1765 2590 2239 2663 immaculatam,
2256 2592 2383 2645 salu
2393 2596 2475 2645 ta-
2581 2621 2596 2652 π

2405 2606 2475 2645 ἐει-
2581 2604 2807 2659 πότητος
2882 2600 2939 2649 τό
3016 2596 3175 2650 αὐτοῦ
3250 2604 3633 2671 προσενήνοχεν
3699 2602 3851 2673 αἷμα,
3919 2603 4185 2676 ἄχραντον

818 2701 945 2742 rem
969 2683 1252 2753 hostiam,
1272 2683 1347 2737 ad
1364 2697 1476 2737 nos
1501 2697 1640 2737 cum
1662 2683 1829 2736 Patre
1850 2680 2259 2735 conciliandos
2278 2677 2479 2735 eflica-
2587 2691 2598 2741 4

2408 2695 2479 2735 ιᾶ-
2587 2690 2745 2760 θῦμα,
2790 2691 3045 2759 σωτήριον
3101 2686 3441 2761 καλλιέρημα,
3497 2696 3588 2749 τῆς
3642 2693 3770 2763 πρὸς
3826 2694 3913 2743 τὸν
3980 2694 4188 2765 Πατέρα

819 2774 1145 2829 cissimam.
1168 2774 1363 2838 Quam
1383 2787 1513 2827 rem
1538 2785 1697 2842 saepe
1727 2768 1995 2824 declarat
2023 2768 2195 2824 divus
2224 2768 2473 2825 Paulus:
2584 2797 2599 2828 ι

2408 2786 2473 2825 .S:
2584 2775 2913 2847 καταλλαγῆς
2968 2776 3092 2847 ἡμῖν
3159 2774 3462 2829 αἰτιώτατον
3496 2794 3510 2807 ⁸
3572 2777 3597 2829 ὁ
3653 2777 3924 2850 πολλαχοῦ
3962 2784 4052 2832 καὶ
4111 2781 4188 2833 θε-

818 2862 1145 2932 Justiﬁcati
1171 2862 1348 2927 enim,
1384 2861 1466 2916 ait
1492 2859 1896 2930 in,sanguine
1932 2858 2097 2927 Filii,
2134 2874 2243 2929 per
2282 2860 2476 2928 ipsum
2589 2888 2598 2917 ι

2407 2874 2476 2914 rm
2589 2869 2807 2925 σπέσιος
2880 2863 3219 2937 ἀποφαίνεται
3294 2865 3498 2929 Παῦλος
3538 2882 3553 2898 ⁸
3625 2870 3992 2931 Δικαιωθέντες
4060 2871 4187 2945 γὰρ,

820 2953 978 3010 salvi
1008 2952 1292 3008 erimus‘.
1325 2952 1391 3005 Et
1420 2964 1666 3003 rursus:
1712 2949 1825 3015 Qui
1847 2947 2074 3003 inimici
2102 2962 2358 3017 eramus,
2384 2962 2477 3003 re-
2590 2977 2600 3027 ε

2410 2962 2477 3003 ’ϐ-
2590 2959 2767 3028 φησὶν,
2832 2951 2880 3007 ἓν
2937 2962 3009 3025 τῷ
3076 2955 3262 3027 αἷματι
3322 2962 3415 3008 τοῦ
3479 2957 3603 3009 Υίοῦ
3668 2958 4019 3030 σωθησόμεθα
4115 2955 4190 3011 δι’

823 3042 1135 3099 conciliati
1150 3054 1354 3096 sumus
1369 3054 1481 3108 per
1497 3040 1853 3108 sanguinem
1877 3037 2025 3093 Filii
2048 3040 2176 3107 ejus
2191 3039 2235 3091 ³.
2260 3036 2480 3102 Quidni
2589 3065 2603 3097 ι

2418 3036 2480 3092 ni
2589 3044 2784 3097 αὐτοῦ·
2859 3048 2949 3095 καὶ
3019 3039 3166 3120 αὖθις
3199 3061 3212 3073 ⁵
3291 3044 3511 3120 Ἐχθροὶ
3586 3050 3725 3108 ὅντες
3796 3046 4190 3121 κατηλλάγημεν

826 3148 970 3203 ergo
1005 3130 1183 3187 valde
1222 3129 1297 3185 sit
1336 3128 1672 3186 absurdum
1714 3126 1931 3196 dicere,
1960 3127 2327 3209 sacriﬁcium
2363 3126 2481 3182 hoc
2512 3155 2551 3212 ρ
2588 3155 2606 3187 τ

2411 3142 2481 3182 oc
2512 3155 2551 3212 ρ
2588 3143 2660 3206 τῷ
2700 3141 2815 3205 Θεῷ
2865 3130 2959 3186 διὰ
2994 3141 3086 3185 τοῦ
3123 3130 3347 3206 αἳματος
3387 3142 3480 3188 τοῦ
3528 3138 3654 3189 Υίοῦ
3699 3136 3885 3194 αὐτοῦ.
3948 3144 4061 3199 Πῶς
4102 3134 4191 3190 οὖν

827 3224 948 3278 Deo
978 3219 1169 3276 Verbo
1195 3218 1379 3274 fuisse
1405 3217 1677 3274 oblatum
1699 3214 1728 3270 ?
1768 3216 1920 3282 Quid
1950 3216 2111 3272 enim
2140 3216 2338 3288 ipsum
2380 3231 2481 3271 ne-
2590 3242 2607 3276 ε

2412 3231 2481 3271 le-
2590 3222 2683 3276 οὐκ
2748 3220 2978 3283 ἕπιεικῶς
3051 3221 3194 3275 ἐστιν
3257 3224 3449 3276 ἄτοπον
3519 3227 3714 3283 ταύτην
3775 3228 4192 3299 προσενεχθῆναι

827 3326 995 3367 cesse
1025 3314 1152 3366 erat
1194 3306 1568 3364 reconciliari
1606 3304 1806 3373 nobis,
1833 3305 1936 3378 qui
1961 3305 2090 3377 jam
2120 3304 2261 3361 inde
2290 3305 2369 3361 ab
2408 3320 2480 3361 eo
2587 3332 2607 3364 1

2411 3320 2480 3361 eo
2587 3316 2682 3370 τὴν
2737 3313 2923 3365 θυσίαν
2968 3310 3131 3383 λέγειν
3183 3320 3256 3384 τῷ
3306 3321 3419 3384 Θεῷ
3464 3317 3658 3386 Λόγῳ;
3718 3320 3870 3378 Τίνος
3935 3318 4038 3388 γὰρ
4065 3318 4191 3389 ἡμῖν

828 3406 1119 3472 tempore,
1145 3414 1268 3471 quo
1291 3412 1353 3453 se
1383 3396 1551 3453 carni
1573 3394 2093 3467 conjunxit,nobis
2121 3398 2249 3451 erat
2276 3410 2481 3450 recon-
2589 3422 2608 3455 τ

2411 3410 2481 3450 ιιὶ-
2589 3404 2719 3475 πρὸς
2768 3408 2920 3453 τοῦτο
2969 3397 3076 3453 ἔδει
3118 3401 3464 3474 καταλλαγῆς,
3509 3403 3560 3463 ὃς
3608 3402 3661 3466 ἐξ
3699 3403 3865 3467 αὐτῆς
3920 3406 4045 3477 ἡμῖν
4100 3424 4191 3457 κα-

829 3491 1063 3547 ciliatus
1087 3490 1116 3545 τ
1156 3491 1271 3545 Cur
1299 3502 1512 3542 rursus
1544 3501 1668 3542 non
1701 3486 1777 3540 sit
1802 3486 2108 3552 insanum,
2140 3500 2249 3557 per
2275 3485 2481 3556 hujus-
2588 3510 2609 3542 τ

2412 3501 2481 3540 ls—
2588 3489 2865 3549 τήλλαττεν
2921 3496 3018 3553 τῆς
3060 3489 3332 3557 ἑνώσεως;
3399 3498 3510 3553 Πῶς
3578 3488 3638 3545 δὲ
3689 3492 3787 3564 οὐδε
3841 3493 4056 3551 ἀνόητον
4117 3491 4192 3547 λέ-

828 3579 993 3636 modi
1011 3576 1368 3635 sacriﬁcium
1386 3575 1839 3647 sibimetipsum
1851 3589 1979 3629 esse
1990 3573 2437 3630 reconciliatum
2452 3572 2480 3628 *ἲ
2588 3600 2608 3651 7

2411 3572 2480 3628 n?
2588 3589 2697 3651 γειν
2747 3575 2841 3631 διὰ
2893 3588 2985 3641 τῆς
3025 3581 3208 3641 θυσίας
3255 3583 3445 3642 ταύτης
3495 3581 3650 3633 αὐτὸν
3696 3582 3860 3653 ἐαυτῷ
3900 3582 4191 3637 καταλλάτ-

829 3673 939 3724 Aut
955 3675 1233 3724 naturam
1251 3665 1497 3738 quidem
1511 3664 1642 3735 ejus
1660 3679 1733 3719 ex
1745 3662 1920 3719 nobis
1933 3667 2480 3736 sumptam,pacem
2589 3689 2609 3722 τ

2409 3678 2480 3718 rm
2589 3671 2814 3739 τεσθαι;
2876 3670 2905 3728 ἣ
2969 3673 3057 3727 τὴν
3108 3673 3198 3742 μὲν
3247 3668 3300 3733 ἐξ
3354 3672 3500 3742 ἡμῶν
3548 3671 3972 3745 προσληφθεῐσαν
4034 3675 4189 3746 φύσιν

826 3760 1050 3814 habere
1065 3756 1416 3823 nobiscum;
1451 3752 1725 3825 ejusdem
1740 3769 1883 3808 vero
1899 3751 2180 3809 deitatem
2205 3753 2482 3807 humani-
2591 3762 2606 3811 ἑ

2407 3753 2482 3807 ni-
2591 3762 2732 3831 ἒχειν
2788 3761 2917 3835 πρὸς
2984 3760 3119 3831 ἡμᾶς
3182 3759 3400 3825 οἰκείως,
3460 3764 3554 3819 τὴν
3618 3757 3670 3813 δ’
3726 3762 3999 3815 ἐνωθεῖσαν
4055 3759 4187 3835 αὖτῇ

828 3849 932 3906 tati
964 3848 1216 3909 unitam,
1244 3850 1519 3918 oportere
1549 3843 1726 3900 nobis
1754 3859 1862 3916 per
1889 3842 2250 3898 sacriﬁcium
2277 3858 2483 3898 recon-
2595 3850 2608 3901 ε

2411 3858 2483 3897 ›Π-
2595 3850 2814 3906 θεότητα
2863 3845 3075 3901 δεῖσθαι
3122 3856 3217 3909 τῆς
3260 3852 3391 3921 πρὸς
3438 3851 3578 3922 ἡμᾶς
3619 3846 3905 3912 διαθυσίας
3943 3851 4191 3905 καταλλα-

828 3938 1010 3995 ciliari
1039 3939 1068 3995 ?
1099 3936 1278 4002 Quasi
1317 3950 1457 3990 cum
1486 3933 1669 3989 Paulo
1698 3932 1973 3988 dicamus
2007 3949 2020 3987 :
2072 3935 2226 3987 Num
2256 3932 2482 3987 divisus
2590 3958 2608 4009 η

2417 3949 2482 3986 us
2590 3946 2735 4009 γῆς;
2779 3944 2841 3991 Ἢ
2902 3939 3033 3989 κατὰ
3078 3937 3280 3990 Παῦλον
3338 3937 3532 3991 εἰπεῖν·
3578 3943 3929 4015 ’Μεμίρισται
3967 3942 3992 3992 ό
4059 3948 4197 4015 Χρι-

827 4035 917 4084 est
965 4027 1234 4085 Christus
1266 4026 1295 4082 ἲ
1341 4023 1422 4080 ita
1459 4027 1525 4079 ut
1560 4038 1703 4095 pars
1743 4022 1892 4093 ejus,
1924 4021 2140 4093 amica,
2174 4037 2315 4094 pars
2345 4037 2483 4078 vero
2596 4047 2607 4078 ι

2418 4037 2483 4078 ro
2596 4030 2759 4094 στός;
2816 4027 2881 4087 ὡς
2929 4022 3057 4079 εἶναι
3102 4030 3161 4079 τό
3208 4034 3299 4099 μὲν
3366 4026 3507 4100 φο.ον
3556 4026 3717 4100 αὐτῷ,
3769 4031 3827 4081 τό
3888 4025 3947 4082 δὲ
4002 4027 4194 4083 ἀντίθε-

828 4120 962 4189 alia,
992 4117 1341 4175 adversaria
1373 4115 1448 4171 sit
1474 4115 1501 4170 ?
2591 4135 2697 4171 τον.

898 4210 1078 4265 PHlL.
1099 4210 1169 4262 At
1190 4206 1374 4267 enim,
1399 4204 1446 4259 si
1478 4202 1643 4275 quod
1676 4202 1829 4259 Patri
1860 4202 2126 4271 offertur,
2160 4217 2265 4274 per
2295 4203 2483 4257 Deum
2666 4219 2678 4247 <

2414 4216 2483 4257 .m
2666 4210 2802 4262 ΦΙΛ.
2849 4203 2982 4257 Ἀλλ’
3033 4208 3194 4281 εἴπερ,
3256 4209 3408 4277 φησὶ,
3450 4209 3509 4258 τό
3566 4214 3637 4278 τῷ
3659 4210 3826 4280 Πατρὶ
3869 4212 4194 4280 προσαγόμε-

826 4299 1087 4355 Verbum
1117 4295 1363 4353 offertur
1390 4313 1401 4349 :
1434 4294 1618 4351 Nemo
1644 4294 1821 4358 enim,
1851 4292 1937 4348 uti
1959 4292 2251 4364 scriptum
2282 4291 2485 4362 est,ad
2592 4314 2606 4345 ι

2413 4291 2485 4347 ad
2592 4314 2674 4347 νον
2726 4291 2819 4347 διὰ
2864 4302 2958 4347 τοῦ
3021 4298 3149 4348 Θεοῦ
3211 4299 3372 4367 Δόγου
3428 4293 4008 4370 προσάγεται’οῦδεὶς
4068 4300 4193 4371 γὰρ,

824 4390 1069 4446 Patrem
1099 4388 1258 4444 venit
1279 4386 1399 4441 nisi
1422 4399 1534 4454 per
1561 4384 1690 4439 me3
1716 4399 1729 4448 ;
1760 4381 2073 4455 quomodo
2102 4381 2230 4438 ﬁeri
2250 4386 2486 4455 poterat
2594 4407 2604 4457 ε

2412 4386 2486 4439 'at
2594 4388 2743 4457 φησὶ,
2805 4387 2938 4457 πρὸς
2988 4386 3075 4437 τὸν
3141 4387 3350 4459 Πατέρα
3407 4386 3619 4461 ἔρχεται
3676 4384 3719 4438 εἰ
3764 4389 3836 4459 μη
3908 4382 3983 4439 δι’
4044 4387 4192 4460 ἐμοῦ,

826 4484 891 4535 ut
933 4478 1049 4535 hoc
1106 4474 1469 4532 sacriﬁcium
1519 4471 1848 4542 offerretur,
1901 4470 2014 4527 nisi
2065 4476 2242 4528 antea
2292 4472 2483 4545 ipsius
2514 4510 2556 4565 ο
2591 4495 2606 4526 1

2414 4488 2556 4565 usn
2591 4483 2702 4536 πῶς
2758 4472 2872 4532 ἐνῆν
2935 4475 3355 4549 προσενηνέχθαι
3418 4479 3512 4533 τὴν
3582 4476 3771 4528 θυσίαν
3836 4479 4053 4544 ταύτην,
4117 4481 4190 4549 μὴ

826 4566 1121 4639 Unigeniti
1150 4565 1354 4622 deitati
1380 4562 1591 4619 fuisset
1621 4561 1892 4627 oblatum
1921 4563 1949 4617 ?
2514 4561 2547 4565 “
2591 4585 2606 4617 1

2514 4561 2547 4565 _
2591 4567 2837 4639 πρότερον
2900 4571 2963 4637 τῇ
3030 4569 3123 4616 τοῦ
3187 4570 3502 4637 Μονογενοῦς
3566 4566 4010 4638 προσενεχθεῖσαν
4078 4567 4193 4621 θεό-

2591 4673 2709 4713 τητι
2743 4670 2755 4713 ζ

897 4749 1044 4805 SOT.
1088 4748 1217 4802 Non
1255 4742 1428 4801 Verbi
1456 4742 1668 4812 deitas,
1703 4756 1739 4797 o
1767 4740 1967 4809 sodes,
1994 4755 2259 4813 namque
2286 4740 2364 4797 ad
2392 4740 2480 4813 ip-

2743 4696 2757 4721 ,

2416 4756 2480 4813 p-
2664 4751 2806 4800 ΣΩΤ.
2865 4743 2987 4816 Οῦχ
3048 4744 3077 4803 ἡ
3134 4750 3227 4796 τοῦ
3277 4748 3451 4816 Λόγου
3513 4745 3715 4811 θεότης,
3751 4742 3805 4797 ’ὦ
3843 4745 4012 4815 οὗτος,
4066 4748 4196 4820 πρὸς

827 4854 964 4894 sum
990 4835 1326 4893 orationem
1346 4848 1550 4889 meam
1572 4834 1877 4899 converto,
1915 4830 2023 4886 sed
2061 4830 2482 4888 theandricum
2591 4856 2607 4907 ς

2422 4847 2482 4888 m
2591 4837 2693 4911 γὰρ
2739 4832 2925 4887 ἐκεῖνον
2965 4838 3163 4906 στρέφω
3211 4836 3298 4886 τὸν
3336 4833 3507 4906 λόγον,
3557 4836 3606 4887 ἐν
3644 4840 3758 4897 ταῖς
3794 4840 3928 4908 πρὸς
3964 4839 4051 4889 τόν
4093 4843 4197 4890 Πα-

822 4930 1150 5002 ipsummet
1170 4924 1454 4992 Verbum,
1480 4938 1591 4978 ceu
1612 4921 1671 4977 in
1694 4925 2011 4993 assumpta
2035 4925 2253 4978 natura
2281 4922 2482 4994 ponti-
2595 4946 2602 4955 -

2417 4922 2482 4978 li-
2595 4929 2719 5000 τέρα
2764 4929 3136 4997 προσαγωγαῖς
3195 4920 3547 4997 ἐμεσίτευσεν,
3605 4921 3730 4976 ἀλλ’
3793 4924 3951 4989 αὐτὸς
4000 4927 4027 4979 ό
4079 4928 4197 4979 εάν·

824 5019 940 5088 fex,
964 5022 1021 5073 et
1049 5022 1192 5072 tunc
1230 5014 1545 5087 proprium
1584 5011 1944 5081 sanguinem
1984 5010 2217 5082 obtulit,
2243 5016 2299 5068 et
2324 5028 2485 5068 nunc
2597 5027 2604 5067 ι

2420 5028 2485 5068 nc
2597 5018 2799 5090 θρωπος
2866 5017 3036 5086 Λόγος
3100 5008 3445 5089 χρηματίσας
3510 5015 3645 5066 κατὰ
3709 5017 3802 5073 τὴν
3873 5014 4200 5092 πληροφορη-

824 5108 1090 5165 salvatos
1133 5104 1286 5161 Patri
1325 5100 1519 5167 offert,
1558 5106 1627 5157 ut
1668 5100 1861 5170 gratia
1903 5116 2016 5155 sua
2054 5100 2335 5158 deiﬁcet:
2388 5102 2486 5158 hic
2599 5115 2604 5153 ς

2425 5102 2486 5158 ic
2599 5106 2774 5158 θεῖσαν
2836 5107 2990 5177 φύσιν
3049 5101 3340 5178 ἀρχιερεὺς,
3399 5108 3488 5156 καὶ
3541 5108 3654 5157 τότε
3695 5108 3754 5156 τό
3817 5106 4005 5158 οἰκεῖον
4070 5107 4205 5178 αἷμα

822 5198 1048 5271 quippe
1079 5199 1167 5252 est
1196 5194 1517 5250 oblationis
1545 5191 1700 5248 ﬁnis.
1745 5191 2040 5261 Intelliges
2080 5195 2282 5249 autem
2320 5194 2487 5265 quod
2596 5218 2602 5245 τ

2424 5194 2487 5250 )d
2596 5199 2970 5269 προσαγαγὼν,
3032 5198 3121 5245 καὶ
3178 5201 3267 5274 νῦν
3321 5197 3443 5257 τοὺς
3509 5192 3837 5266 σωζομένους
3899 5191 3973 5248 δι’
4040 5194 4204 5249 αὐτοῦ

822 5288 1085 5365 ὀίοὶωυε
1110 5284 1202 5341 vel
1223 5300 1297 5339 ex
1325 5283 1425 5340 illo
1454 5281 1623 5355 quod
1647 5281 1708 5338 in
1738 5280 1933 5351 ﬁgura
1958 5280 2143 5338 ﬁebat
2172 5282 2485 5354 sacriﬁcio,
2598 5309 2602 5318 ι

2428 5299 2485 5354 0,
2598 5288 2876 5359 προσάγων
2921 5292 2992 5355 τῷ
3047 5288 3236 5357 Πατρὶ,
3289 5286 3371 5337 ἶνα
3425 5286 3605 5356 θεώση,
3636 5291 3697 5356 τῆ
3750 5285 3940 5359 χάριτι
3971 5304 3983 5319 ·
4052 5292 4203 5339 τοῦτο

821 5382 967 5435 Nam
996 5379 1262 5450 quatuor
1286 5374 1347 5430 in
1368 5371 1608 5444 ﬁgurali
1634 5370 1735 5428 illo
1758 5371 2205 5445 spectabantur,
2239 5372 2487 5440 oblatio,
2597 5399 2601 5412 ε

2428 5391 2487 5440 o,
2597 5379 2698 5451 γὰρ
2730 5381 2826 5437 τὴς
2864 5382 3216 5449 προσαγωγῆς
3253 5377 3313 5427 τό
3358 5375 3516 5436 τέλος.
3568 5375 3773 5437 Μάθοις
3816 5371 3867 5428 δ’
3908 5373 3968 5428 ἄν
4015 5379 4105 5428 καὶ
4148 5374 4203 5429 ἐκ

821 5466 1215 5534 consecratio,
1260 5462 1531 5532 elevatio,
1582 5461 1869 5535 expiatio.
1913 5460 2287 5521 Offerebatur
2326 5465 2487 5522 enim
2600 5490 2601 5495 π

2427 5481 2487 5522 m
2600 5476 2694 5530 τῆς
2736 5469 2872 5521 κατὰ
2928 5468 3087 5520 τύπον
3152 5467 3339 5529 θυσίας
3397 5464 3423 5519 ὃ
3472 5464 3718 5538 λέγομενο
3789 5468 4024 5539 τέσσαρά
4087 5484 4206 5521 τινα

840 5729 844 5734 Δ
895 5649 910 5682 ¹
958 5648 1127 5705 Rom.
1153 5648 1293 5714 v,‘9.
1373 5644 1395 5679 ³
1435 5641 1588 5701 lbid.
1629 5645 1717 5701 l0.
1794 5642 1815 5676 ³
1852 5644 2025 5703 Joan.
2058 5657 2171 5713 xxv,
2213 5647 2267 5704 6.
