4508 6436
328 410 438 465 145

1654 416 2000 475 THESAURI
2039 419 2165 475 LIB.
2219 419 2399 476 XXIV.

3595 422 3698 478 166

324 537 451 605 περὶ
504 535 599 594 τήν
656 534 707 587 έν
766 534 915 608 τύπῳ
969 537 1154 590 θυσίαν
1227 534 1511 609 έθεωρεῖτο,
1583 544 1932 612 προσαγωγη,
1966 541 2013 594 Α
2044 555 2104 611 δε

1918 583 1932 611 ,
1966 541 2013 594 Α
2044 555 2242 611 agnus
2268 544 2741 616 consecrandus,
2769 546 3158 602 consecratus
3187 548 3391 601 autem
3413 545 3541 615 ejus
3559 560 3694 602 san-

325 623 671 695 καθιέρωσις,
747 622 1019 696 ἀναγῶγη,
1105 624 1415 697 ἁφοσίωσις·
1472 632 1772 698 προσήγετο
1843 631 1933 700 μεν

326 715 438 784 γάρ
513 713 540 763 6
592 711 751 785 ἀμνὸς
834 716 1365 788 καθιερωθησόμενος·
1443 716 1816 787 καθιερωμένον
1877 713 1937 769 δέ

330 802 385 851 οἰ
432 804 490 852 τό
523 801 655 873 αἷμα
684 801 751 862 εἰς
780 805 846 854 τά
899 810 1002 854 τῶν
1054 800 1211 875 ἁγίων
1260 801 1480 874 ἀνήγετο
1539 803 1717 875 Ἅγια·
1778 803 1937 876 ἀνηγ-

330 890 487 957 μένον
546 884 606 941 δε
656 894 746 942 καὶ
810 893 1178 963 προσενεχθέν,
1246 889 1542 964 ἀφωσίωτο.
1592 892 1793 967 Ὠσπερ
1851 890 1939 947 οὖν

331 974 435 1027 οὐκ
480 978 597 1029 ἔστι
654 977 816 1050 λέγειν
864 982 1228 1053 προσάγεσθαι
1274 984 1360 1033 τόν
1392 979 1787 1055 εάφωσιωμένον
1828 980 1934 1041 ἤδη

332 1068 431 1115 καὶ
482 1067 760 1138 ἡνωμένον,
820 1068 985 1131 οὕτως
1039 1064 1163 1122 οὐδε
1209 1072 1267 1121 τό
1348 1078 1442 1122 τοῦ
1496 1077 1729 1143 Σωτῆρος
1779 1072 1934 1143 αἷμα,

331 1160 435 1214 τῆς
492 1153 654 1206 αὑτοῦ
686 1157 927 1219 θεότητος
992 1158 1294 1230 ἀχώριστον
1333 1162 1406 1225 ὅν,
1468 1161 1634 1212 ἔνεστι
1681 1158 1843 1231 λέγειν
1874 1168 1935 1232 τῇ

331 1243 455 1294 κατ’
484 1244 653 1319 ἄκρας
681 1246 913 1319 ἡνωμένη
943 1249 1096 1318 φύσει
1120 1250 1502 1322 προσάγεσθαι.

410 1335 549 1383 MA.
610 1330 743 1385 ’Δ).λ⁹
794 1333 836 1385 εἰ
893 1342 963 1406 πῇ
1016 1336 1241 1403 θεότητί,
1304 1342 1456 1407 φησι,
1516 1343 1608 1388 τοῦ
1658 1340 1934 1410 Πατρός,ἠ

332 1420 502 1471 θυσία
548 1427 863 1495 προσήγετο,
911 1424 939 1480 ἡ
1008 1422 1138 1481 αὑτή
1201 1420 1259 1477 δὲ
1320 1426 1499 1487 θεότης
1537 1424 1631 1476 κᾶν
1674 1433 1747 1495 τῷ
1779 1432 1938 1479 Μονο-

327 1515 489 1578 γενεί,
534 1514 587 1560 τί
630 1508 814 1562 κωλύει
845 1516 935 1563 καὶ
993 1519 1055 1584 τῇ
1117 1519 1208 1564 τοῦ
1264 1519 1583 1585 Μονογενοῡς
1616 1515 1819 1571 θεότητι
1850 1515 1937 1568 λέ-

328 1614 446 1667 γειν
471 1600 667 1655 ταύτην
691 1602 807 1651 τότε
844 1603 1242 1673 προσάγεσθαις

410 1692 556 1738 ΣΩΤ.
614 1684 672 1739 Ἠ
730 1687 861 1746 αὐτὴ
920 1692 1031 1760 μεν,
1111 1685 1150 1740 ὦ
1203 1692 1315 1755 ταν,
1396 1691 1568 1751 θεότης
1648 1690 1941 1763 ἀμερίστως

334 1772 705 1848 ένθεωρεῖσθαι
772 1784 883 1839 ταῖς
958 1786 1192 1851 τριτταῖς
1272 1780 1628 1833 ὑποστάσεσιν
1676 1781 1940 1853 ὡμολόγη-

1111 1685 1150 1740 ὧ
1203 1692 1315 1755 ταν,

2045 629 2179 699 guis
2202 630 2282 686 ad
2314 632 2533 688 Sancta
2577 637 2928 690 sanctorum
2975 632 3348 697 elevabatur,
3391 632 3695 691 elevatum

2044 715 2305 787 denique
2340 719 2714 791 expiabatur.
2748 720 2908 777 Sicut
2936 734 3083 790 ergo
3111 719 3230 775 dici
3256 720 3485 793 nequit,
3524 722 3695 794 quod

2046 804 2333 862 offeratur
2354 806 2417 862 id
2436 808 2601 881 quod
2628 809 2757 879 jam
2786 810 3095 882 expiatum
3118 807 3293 864 fuerit
3320 813 3378 865 et
3407 811 3526 866 Deo
3567 811 3694 865 uni-

2048 900 2194 965 tum,
2230 896 2312 951 ita
2363 911 2438 951 ne
2482 898 2812 954 Servatoris
2852 897 3104 970 quidem
3163 898 3435 966 sanguis,
3490 903 3695 971 utpote

2049 982 2127 1038 ab
2156 984 2286 1052 ejus
2305 983 2523 1041 deitate
2551 985 2863 1053 indivisus,
2895 985 3015 1042 dici
3044 989 3245 1058 potest
3267 985 3431 1060 quod
3464 990 3695 1044 natura

2046 1070 2287 1144 ipsimet
2314 1073 2642 1131 arctissime
2662 1075 2844 1132 unita:
2867 1073 3171 1132 offeratur.

2122 1321 2296 1377 PHlL.
2324 1324 2394 1377 At
2421 1320 2467 1376 si
2505 1320 2697 1378 Patris
2756 1321 2959 1378 deitati
3010 1321 3376 1379 sacrificium
3430 1321 3695 1393 offertur,

2048 1410 2265 1466 eadem
2289 1415 2490 1467 autem
2525 1410 2816 1482 Unigeniti
2858 1426 3105 1483 quoque
3151 1417 3239 1467 est
3290 1411 3503 1479 deitas,
3552 1412 3701 1484 quid

2048 1514 2256 1570 quasso
2276 1498 2493 1563 obstat,
2537 1499 2867 1572 quominus
2896 1498 3057 1556 idem
3116 1500 3409 1571 Unigeniti
3454 1516 3701 1573 quoque

2050 1587 2249 1643 deitati
2278 1587 2476 1643 offerri
2501 1588 2756 1644 dicatur.

2124 1677 2273 1733 SOT.
2304 1677 2458 1733 Sane
2487 1676 2785 1738 eamdem,
2814 1693 2850 1732 o
2874 1675 3053 1741 bone,
3080 1676 3361 1734 deitatem
3383 1678 3702 1735 indivisam

2051 1764 2111 1820 in
2144 1764 2333 1820 tribus
2366 1764 2639 1836 personis
2668 1765 2949 1821 fatemur.
3000 1767 3300 1832 Attamen,
3332 1765 3500 1837 quod
3540 1782 3699 1840 sepe

331 1880 447 1913 ται*
509 1862 643 1922 πλὴν
695 1866 722 1917 ὃ
771 1865 1018 1928 πολλάκις
1067 1869 1291 1939 εζρηται,
1324 1872 1413 1919 καὶ
1447 1875 1535 1921 νῦν
1567 1868 1661 1921 οὐκ
1694 1868 1940 1941 ὁκνοῡμεν
1984 1895 2024 1948 Β
2052 1854 2111 1909 ἀί

1922 1890 1940 1920 ν
1984 1895 2024 1948 Β
2052 1853 2335 1948 diximus,
2362 1860 2421 1909 et
2449 1868 2611 1948 nunc
2641 1869 2885 1926 quoque
2906 1857 3170 1948 repetere
3200 1869 3311 1948 nos
3335 1853 3500 1948 haud
3519 1854 3702 1948 piget,

331 1950 524 2023 λέγειν,
583 1955 651 2017 ὡς
708 1953 835 2026 οὐχὶ
892 1963 953 2028 τῇ
984 1958 1135 2027 φύσεί
1186 1963 1277 2009 τοῦ
1337 1962 1561 2032 Πατρός,
1623 1966 1685 2030 τῇ
1748 1955 1811 2011 δε
1852 1966 1943 2011 τοῦ

336 2044 555 2113 Πατρός
605 2043 896 2096 ὑποστάσει
946 2049 1258 2118 προσήγετο·
1312 2047 1379 2108 ὡς
1433 2050 1519 2098 καὶ
1597 2051 1707 2099 τόν
1746 2051 1945 2122 προσά-

330 2147 503 2201 γοντα
582 2133 869 2204 προσάγειν
948 2134 1327 2202 ὑποστατικῶς,
1374 2140 1464 2188 καὶ
1530 2139 1617 2188 τὸν
1661 2133 1945 2208 δεχόμενον

332 2218 713 2282 ὑποπατικῶς
759 2216 1144 2293 ὑποδέχεσθαι.
1187 2227 1273 2276 Διό
1330 2242 1418 2296 μοι
1474 2220 1661 2286 διττῶς
1712 2224 1943 2299 ἐξαμαρ-

330 2308 510 2359 τάνειν
550 2305 745 2378 δοκεῖς,
794 2307 1124 2383 ἀπομερίζων
1179 2316 1269 2384 μεν
1332 2316 1390 2365 τὸ
1460 2313 1529 2375 εἰς
1589 2318 1646 2367 σέ
1697 2334 1755 2385 γε
1821 2316 1945 2373 ἧκον

332 2400 435 2454 τήν
504 2395 785 2473 ἀμέριστον
825 2402 999 2473 φύσιν,
1068 2406 1314 2476 παρέχων
1369 2398 1429 2454 δε
1482 2407 1572 2455 καὶ
1611 2411 1723 2465 ταῖς
1757 2407 1946 2474 φύσεσι

329 2488 403 2538 τὰ
438 2495 540 2538 τῶν
571 2488 909 2542 ὑποστάσεων
968 2485 1252 2563 ἰδιώματα.
1308 2494 1441 2566 Πρὸς
1505 2488 1563 2545 δὲ
1615 2496 1842 2558 τούτοις,
1905 2493 1947 2546 εἰ

332 2582 412 2645 τῷ
467 2571 597 2627 εἶναι
647 2582 821 2635 κοινὴν
875 2583 980 2631 Υίώ
1039 2584 1129 2633 καὶ
1186 2588 1258 2651 τῷ
1315 2586 1482 2656 Πατρὶ
1511 2586 1602 2640 τὴν
1650 2585 1822 2653 φύσιν,
1857 2579 1949 2634 διὰ

330 2670 506 2715 ταῦτα
579 2664 849 2737 συμϐαίνει
923 2672 1099 2725 κοινὴν
1157 2666 1286 2722 εἶναι
1336 2674 1425 2721 καὶ
1465 2675 1557 2729 τὴν
1617 2679 1712 2733 τῆς
1764 2673 1949 2732 θυσίας

332 2749 645 2825 ὑποδοχὴν,
686 2753 884 2827 ἀνάγκη
945 2753 1074 2809 εἶναι
1112 2756 1276 2829 λέγειν
1333 2764 1510 2817 κοινὴν
1576 2765 1664 2812 καὶ
1690 2765 1783 2818 τήν
1819 2762 1946 2833 σάρ-

333 2860 503 2893 κωσιν
551 2840 758 2914 ἀμφοῖν·
811 2844 855 2897 εἰ
910 2847 1011 2919 γὰρ
1070 2848 1097 2904 ἡ
1153 2854 1242 2898 νοῦ
1300 2851 1469 2918 Λόγου
1521 2849 1697 2909 θεότης
1750 2851 1948 2922 σεσαρ-

330 2949 527 3000 κωται,
566 2931 597 2990 ἡ
649 2931 778 2991 αὐτὴ
830 2929 892 2987 δέ
955 2932 1067 2987 ἔστι
1126 2936 1301 2996 θεότης
1339 2941 1428 2988 καὶ
1485 2938 1533 2989 ἒν
1590 2944 1756 3011 Πατρι
1785 2942 1873 2990 καὶ
1904 2936 1952 2989 ἐν

336 3022 627 3092 Ιινεύματι,
676 3021 874 3095 ἀνάγκη
926 3028 1140 3077 καὶτὸν
1186 3029 1394 3098 Πατέρα
1453 3032 1542 3079 καὶ
1615 3030 1673 3079 τό
1739 3033 1951 3099 Πνεῦμα

334 3111 717 3181 σεσαρκώσθαι
764 3111 953 3183 λέγειν.
990 3111 1145 3187 Ὀρᾴς
1189 3112 1273 3167 οἶά
1323 3133 1408 3167 σοι
1474 3122 1567 3169 τοῦ
1615 3115 1771 3187 λόγον
1821 3117 1947 3190 παρ’

334 3198 490 3268 ἡμῶν
523 3200 855 3262 ὑποτιθέντος
886 3205 1166 3273 συνάγεται
1191 3219 1204 3269 ;

414 3292 553 3342 MA.
628 3288 783 3341 Ἀ).λὰ
837 3289 1101 3353 Βασίλειος
1147 3292 1173 3343 ό
1225 3292 1358 3354 θεῖος
1411 3299 1516 3353 τοῖς
1577 3294 1700 3366 παρ’
1778 3295 1944 3366 ἡμῶν,

334 3381 496 3449 φησὶ,
550 3375 837 3449 λεγομένοις
886 3389 1299 3455 προσμαρτυρεῖ·
1359 3384 1495 3435 κάτα
1531 3384 1632 3458 γὰρ
1683 3388 1775 3441 τὴν
1809 3386 1946 3437 θείαν

331 3471 720 3538 μυσταγωγίαν
806 3467 1060 3541 ὑποφωνιί
1124 3478 1197 3541 τῷ
1277 3478 1475 3546 Σωτῆρι
1549 3478 1765 3547 Χριστῷ
1840 3494 1945 3545 μν-

335 3560 676 3630 στικὼτερον,
731 3560 797 3610 Σὺ
840 3555 903 3626 εἰ,
960 3559 1138 3631 λέγων,
1190 3562 1216 3612 6
1272 3564 1575 3636 προσφέρων
1632 3568 1720 3615 καὶ
1774 3582 1943 3636 προσ-

331 3649 615 3717 φερόμενος
639 3648 729 3697 καί
758 3644 1206 3722 προσδεχόμενος.

410 3742 557 3789 ΣΩΤ.
601 3736 661 3787 Εἰ
689 3740 779 3809 μὲν
828 3742 913 3790 τὸν
971 3746 1187 3815 Σωτῆρα
1241 3740 1422 3811 λέγεις,
1477 3741 1516 3792 ὧ
1566 3742 1737 3810 οὗτος,
1784 3761 1945 3817 προσ-

334 3827 507 3897 φέρειν
566 3828 656 3896 μεν
710 3834 782 3896 τῷ
835 3833 1003 3902 Πατρὶ
1056 3833 1174 3891 τοὺς
1232 3825 1306 3882 δι’
1378 3829 1539 3883 αὐτοῦ
1600 3832 1944 3903 σωζομένους,

330 3916 733 3987 προσφέρεσθαι
762 3911 822 3969 δὲ
852 3919 937 3969 τόν
972 3916 1128 3971 αὐτόν
1188 3915 1282 3971 διὰ
1330 3927 1421 3981 τῆς
1480 3918 1806 3992 ἁναιμάκτου
1858 3923 1945 3973 θυ-

335 4006 461 4065 σίας
498 4011 589 4064 τῆς
648 4004 719 4065 εἰς
775 4004 1066 4078 ἀνάμνησιν
1098 4007 1260 4060 αὐτοῦ
1289 4012 1588 4081 γενομένης,
1646 4007 1944 4082 προσδέχε-

332 4092 464 4145 σθαι
505 4087 566 4144 δι
613 4092 766 4146 αὐτόν
819 4097 885 4147 τὰ
928 4095 1053 4170 παρ’
1104 4098 1251 4169 ἡμῶν
1302 4100 1371 4159 ὡς
1424 4101 1552 4151 Θεὸν
1594 4096 1942 4152 συνευδοκοῦ-

330 4200 427 4253 μεν
478 4189 554 4252 τῷ
599 4181 734 4254 λόγῳ
786 4188 880 4236 καὶ
939 4187 1303 4258 συντιθέμεθα·
1347 4183 1395 4239 εἶ
1445 4183 1504 4239 δε
1544 4190 1638 4249 τὰς
1658 4186 1943 4260 ἀντικειμέ-

328 4290 425 4333 νας
486 4274 682 4333 ταύτας
764 4272 920 4336 λέξεις
990 4276 1425 4349 συναπομερίζεις
1513 4284 1628 4340 ταῖς
1726 4279 1940 4350 φύσεσι,

329 4371 694 4435 παρασιωπῶν
754 4367 849 4421 τὴν
904 4365 1221 4433 ὑπόστασιν,
1271 4371 1362 4419 καὶ
1425 4366 1584 4438 λέγεις
1631 4372 1940 4441 προσφέρειν

328 4454 425 4524 μὲν
450 4455 547 4509 τήν
584 4451 1011 4525 προσληφθεῖσαν
1058 4457 1216 4527 φύσιν
1270 4458 1336 4507 τὰ
1380 4464 1470 4518 τῆς
1524 4460 1739 4531 σαρκός,
1780 4477 1941 4531 προσ-

330 4542 583 4614 φέρεσθαι
637 4537 697 4593 δε
740 4547 833 4600 τὴν
886 4548 985 4605 τῆς
1036 4547 1228 4617 σαρκός
1260 4546 1470 4612 θυσίαν,
1538 4543 1941 4621 προσδέχεσθαι

2053 1960 2174 2001 non
2204 1946 2454 2011 naturae,
2483 1943 2586 1999 sed
2617 1959 2889 2015 personas
2922 1942 3109 1999 Patris
3142 1942 3298 2000 facta
3317 1948 3406 2000 est
3437 1942 3665 2000 oblatio
3688 1988 3703 2011 ,

2054 2033 2137 2089 ita
2163 2038 2225 2088 ut
2253 2036 2311 2088 et
2357 2030 2616 2089 offerens
2655 2031 3052 2104 personaliter
3093 2031 3400 2102 obtulerit;
3456 2033 3704 2105 pariter-

2054 2138 2173 2197 que
2189 2121 2480 2196 recipiens
2492 2123 2732 2180 nonnisi
2746 2122 3137 2196 personaliter
3152 2122 3464 2195 acceperit.
3487 2125 3707 2190 Quam-

2055 2211 2266 2268 obrem
2322 2210 2470 2267 mihi
2527 2210 2842 2283 dupliciter
2886 2226 3137 2283 peccare
3188 2210 3430 2278 videris,
3474 2210 3621 2267 dum
3653 2218 3711 2267 et

2056 2298 2370 2354 indivisam
2400 2302 2704 2367 naturam,
2732 2302 3033 2370 quantum
3062 2298 3123 2353 in
3147 2301 3200 2354 te
3240 2302 3349 2370 est,
3373 2298 3627 2367 dividis;
3654 2306 3709 2355 et

2056 2387 2204 2444 dum
2231 2387 2462 2442 naturis
2492 2403 2564 2443 ea
2587 2403 2724 2460 quae
2757 2390 2899 2443 sunt
2930 2402 3328 2459 personarum
3350 2387 3597 2460 propria
3618 2393 3706 2444 at-

2058 2477 2287 2534 tribuis.
2315 2477 2630 2545 Praaterea,
2663 2476 2713 2532 si
2737 2476 2879 2548 quia
2903 2476 3248 2532 communis
3294 2482 3384 2532 est
3424 2477 3564 2533 Filio
3606 2480 3707 2534 Pa-

2059 2567 2251 2639 trique
2280 2572 2520 2635 natura,
2551 2566 2774 2622 idcirco
2796 2581 3186 2622 communem
3212 2582 3458 2638 quoque
3476 2568 3705 2623 contin-

2059 2657 2318 2728 gitcssse
2331 2658 2756 2730 receptionem,
2774 2656 3115 2711 necessario
3134 2657 3423 2728 sequitur,
3440 2662 3503 2711 ut
3519 2657 3710 2714 incar-

2058 2745 2223 2801 natio
2253 2761 2496 2818 quoque
2536 2744 2838 2801 ambobus
2868 2744 3042 2800 fuerit
3072 2744 3433 2800 communis.
3469 2746 3616 2799 Nam
3665 2744 3715 2797 si

2063 2834 2237 2890 Verbi
2263 2834 2453 2890 deitas
2480 2839 2567 2890 est
2594 2835 2926 2914 incarnata,
2957 2833 3171 2889 eadem
3202 2836 3404 2889 autem
3435 2831 3626 2887 deitas
3654 2832 3715 2887 in

2062 2924 2235 2980 Patre
2268 2925 2608 2997 Spirituque
2652 2927 2759 2992 est,
2805 2938 3052 2996 prorsus
3099 2926 3336 2995 oportet
3373 2927 3439 2977 ut
3483 2923 3714 2977 Patrem

2063 3029 2310 3085 quoque
2368 3016 2424 3069 et
2473 3013 2757 3084 Spiritum
2813 3012 3157 3067 iucarnatos
3216 3027 3349 3067 esse
3409 3010 3708 3065 dicamus.

2064 3101 2247 3156 Viden
2288 3100 2367 3157 ad
2425 3117 2612 3174 quam
2657 3106 2711 3156 te
2751 3099 3191 3156 absurditatem
3241 3114 3439 3154 sermo
3471 3113 3505 3154 a
3536 3097 3713 3153 nobis

2060 3190 2367 3262 expositus
2397 3188 2726 3263 perducat?

2132 3282 2312 3336 PlllL.
2340 3279 2578 3335 Interim
2624 3283 2825 3335 tamen
2857 3277 3034 3333 divus
3091 3276 3344 3333 Basilius
3405 3276 3711 3331 sententias

2057 3385 2209 3425 mea:
2238 3368 2627 3440 suffragatur.
2654 3368 2881 3423 Etenim
2923 3368 2985 3422 in
3042 3370 3430 3423 sacrosancta
3472 3364 3715 3435 liturgia

2059 3458 2292 3515 Christo
2328 3458 2623 3515 Servatori
2662 3456 3030 3530 pientissime
3088 3455 3458 3523 succlamat;
3519 3456 3603 3512 Tu
3650 3470 3713 3510 es

2056 3547 2163 3621 qui
2193 3546 2391 3615 offers,
2416 3551 2473 3603 et
2501 3545 2606 3619 qui
2638 3544 2925 3613 offereris,
2956 3548 3013 3600 et
3067 3544 3172 3617 qui
3215 3544 3460 3616 recipis.

2126 3730 2274 3785 SOT.
2324 3726 2631 3800 Siquidem
2686 3727 3062 3783 Servatorem
3106 3724 3255 3779 dicis
3300 3723 3513 3780 offerre
3552 3722 3711 3779 Patri

2054 3818 2334 3875 homines
2371 3817 2475 3889 qui
2504 3832 2611 3888 per
2630 3831 2771 3872 eum
2793 3814 2943 3870 salvi
2968 3814 3140 3879 fiunt,
3187 3813 3516 3886 ipsummet
3566 3829 3709 3868 vero

2055 3907 2256 3965 offerri
2285 3922 2392 3979 per
2416 3907 2799 3962 incruentum
2832 3903 3218 3971 sacrificium,
3241 3902 3408 3975 quod
3461 3903 3522 3958 in
3572 3902 3708 3973 ejus

2054 3995 2691 4054 commemorationem
2704 3993 2789 4061 fit,
2804 3993 3063 4065 denique
3084 3993 3286 4065 ipsum
3298 3996 3502 4064 utpote
3520 3994 3708 4048 Deum

2052 4087 2318 4159 recipere
2342 4101 2479 4157 quas
2510 4083 2841 4140 offeruntur
2862 4098 2898 4139 a
2924 4082 3128 4150 nobis,
3188 4081 3559 4138 assentimur
3588 4096 3711 4137 ser-

2053 4176 2217 4233 moni
2249 4182 2371 4246 tuo,
2402 4179 2460 4230 et
2486 4172 2744 4245 pedibus
2770 4172 2833 4228 in
2855 4171 3212 4227 sententiam
3233 4171 3411 4225 imus.
3437 4171 3538 4227 Sin
3565 4186 3707 4228 vero

2050 4268 2162 4324 has
2192 4266 2527 4322 locutiones
2552 4263 2627 4319 de
2658 4261 2888 4318 naturis
2936 4261 3251 4333 praedicas,
3292 4260 3527 4316 omissa
3574 4277 3705 4333 per-

2053 4372 2224 4422 sona,
2248 4355 2457 4427 aisque
2497 4356 2882 4424 assumptam
2903 4350 3151 4423 quidem
3173 4354 3459 4407 naturam
3487 4350 3705 4408 offerre

2050 4463 2188 4520 quas
2211 4445 2409 4502 carnis
2438 4447 2598 4509 sunt,
2630 4440 2829 4497 offerri
2870 4444 3072 4497 autem
3094 4441 3292 4496 carnis
3314 4438 3702 4510 sacriﬁcium,

2051 4536 2129 4592 ob
2160 4536 2296 4608 ipsa
2318 4549 2461 4590 vero
2489 4530 2797 4587 divinitate
2826 4530 2985 4586 hanc
3012 4529 3214 4601 recipi,
3248 4529 3485 4586 incaute
3536 4530 3706 4602 igno-

329 4625 394 4682 δὲ
421 4634 521 4687 τὴν
550 4631 789 4697 θεότητκ,
848 4636 912 4684 σὺ
944 4636 1034 4705 μεν
1075 4637 1135 4685 τὸ
1194 4633 1248 4697 ἐξ
1295 4634 1473 4707 ἄμμου
1523 4640 1760 4707 σχοινίον
1813 4635 1938 4688 πλέ-
1976 4610 2017 4663 D
2048 4642 2109 4683 1'8

1456 4610 1473 4686 ᾇ
1523 4610 1786 4707 σχοινίοῖ
1813 4635 1938 4688 πλέ-
1976 4610 2017 4663 ί)
2048 4642 2146 4683 ras
2168 4631 2222 4682 te
2243 4622 2577 4681 funiculum
2598 4636 2669 4677 ex
2690 4635 2875 4677 arena
2903 4622 3236 4676 contexere.

326 4738 435 4771 κων
462 4721 683 4771 σεαυτόν
710 4719 997 4782 λανθάνεις.

404 4812 540 4864 NA.
621 4806 792 4881 Ἡμεῖς
836 4806 896 4863 δε
942 4813 1075 4883 μετὰ
1136 4821 1231 4874 τῆς
1296 4822 1460 4875 αυτῆς
1516 4813 1940 4887 ῶτιστησόμεθα

324 4904 566 4970 γνώμης,
633 4902 723 4950 καὶ
802 4900 963 4972 ὁμόσε
1033 4907 1374 4976 χωρήσομεν,
1458 4902 1553 4955 οὐκ
1602 4901 1815 4975 ἐφιέντες
1865 4912 1938 4974 τῷ

325 4987 466 5059 λόγῳ
498 4989 570 5049 ὡς
603 4995 1149 5064 παρακεχαραγμένῳ,
1205 4995 1297 5044 καὶ
1352 4999 1447 5053 τῆς
1499 5000 1591 5045 τοῦ
1648 4997 1935 5066 Νεστορίου

326 5075 727 5151 φρενοϐλαϐείας
754 5076 1132 5153 έξηρτοημένῳ.

401 5173 551 5220 ΣΩΤ.
638 5172 810 5239 Χωρὶς
878 5164 937 5220 δὲ
997 5170 1192 5221 τούτων
1262 5174 1345 5232 τίς
1399 5178 1501 5222 τῶν
1594 5170 1937 5224 εὐσεϐούντων

319 5263 584 5331 προσοῖτο
646 5257 706 5306 ἄν
774 5257 835 5308 τὸ
889 5261 1160 5331 προσέρειν
1190 5261 1274 5312 ἐπὶ
1341 5268 1437 5322 τῆς
1484 5263 1620 5313 κατὰ
1666 5265 1725 5313 τό
1772 5263 1939 5323 πάθος

320 5349 609 5417 γενομένης
690 5347 881 5407 θυσίας
968 5344 1415 5421 προσδέχεσθαι;
1472 5357 1566 5402 τοῦ
1645 5348 1938 5403 ἀποστόλου

317 5438 642 5508 κεκραγότος
733 5434 959 5488 Παύλου·
1034 5435 1207 5501 Ἀπαξ
1284 5442 1515 5514 Χριστὸς
1590 5440 1716 5514 ὑπέρ
1789 5442 1936 5513 ἡμῶν

324 5524 571 5577 ἀπέθανε·
622 5529 713 5577 καὶ
783 5524 958 5577 πάλιν·
1024 5533 1190 5580 Τοῦτο
1245 5531 1347 5603 γὰρ
1425 5528 1667 5587 ἐποίησεν
1737 5528 1940 5602 ἐφάπαξ

400 5724 424 5760 ⁸
462 5719 645 5782 Hebr.
684 5702 785 5793 vin;
826 5727 917 5781 28.
958 5727 980 5761 ⁵
1020 5726 1195 5784 Hebr.
1228 5744 1290 5799 x,
1334 5727 1423 5787 10.

2121 4808 2302 4863 PHIL.
2335 4805 2452 4861 Nos
2484 4802 2768 4860 tamenin
2808 4801 3024 4859 eadem
3077 4800 3376 4857 sententia
3427 4803 3702 4860 manebi-

2048 4914 2205 4965 mus,
2237 4900 2293 4951 et
2324 4894 2428 4950 tibi
2452 4891 2930 4962 adversabimur,
2954 4905 3153 4962 neque
3173 4890 3437 4946 sermoni
3458 4894 3562 4947 tuo
3595 4908 3702 4949 seu

2047 4985 2384 5043 adulterino
2414 4982 2719 5053 cedemus,
2744 4980 2889 5055 quia
2916 4980 2992 5037 de
3022 4979 3271 5037 Nestorii
3295 4979 3515 5037 insana
3565 4997 3702 5038 sen-

2046 5077 2231 5135 tentia
2256 5078 2487 5132 manat.

2122 5169 2269 5224 SOT.
2293 5165 2469 5236 Atqui
2504 5161 2596 5219 vel
2616 5162 2707 5218 his
2728 5160 2991 5227 omissis,
3039 5160 3178 5233 quis
3228 5174 3378 5216 sano
3417 5159 3704 5229 dogmate

2047 5257 2295 5313 inbutus
2326 5253 2692 5310 oblationem
2720 5251 3017 5320 intelligat
3046 5250 3121 5306 de
3169 5249 3467 5306 sacriﬁcio
3512 5250 3612 5306 illo
3642 5251 3719 5307 in“

2048 5346 2334 5420 passione
2347 5342 2623 5417 peracto?
2636 5357 2776 5397 cum
2790 5340 3009 5397 Paulus
3027 5339 3338 5412 apostolus
3351 5338 3587 5396 clamet:
3609 5340 3705 5396 Se-

2048 5439 2160 5493 mel
2175 5436 2450 5492 Christus
2472 5438 2845 5491 mortuusest
2862 5447 2975 5501 pro
2987 5430 3211 5485 nobis‘.
3230 5432 3544 5486 Etrursus:
3574 5431 3705 5487 Hoc

2049 5528 2201 5585 enim
2246 5526 2390 5597 fecit
2452 5524 2630 5580 semel
2661 5538 2722 5580 se
2767 5523 2965 5592 ipsum
3012 5520 3381 5590 oﬂerendo‘.
3438 5521 3707 5592 Denique
