4508 6436
820 324 924 381 147
2139 329 2407 386 ΝῐΟΕΤΑΞ
2450 330 2833 387 ΟΗΟΝΙΑΤᾸΞ
4077 337 4181 390 148

818 447 992 505 alibi:
1027 448 1216 507 Unica
1243 449 1396 505 enim
1443 450 1743 507 oblatione
1770 454 2196 507 consummavit
2221 468 2334 517 eos,
2368 454 2473 524 qui
2503 458 2550 508 A
2583 453 2598 505 ἠ

2396 454 2473 507 rui
2503 458 2550 508 Α
2583 453 2758 505 ἑαυτὸν
2841 452 3131 525 ἀνενέγκαςο
3196 461 3289 509 καὶ
3357 456 3612 531 ἁλλαχοῦ’
3683 465 3794 513 Μιᾶ
3848 463 3947 533 γὰρ
4003 478 4176 532 προσ-

820 544 1075 600 certant,
1097 540 1161 593 in
1186 544 1537 609 perpetuum
1561 541 1605 596 °.
1625 540 1768 595 Cum
1789 555 1931 609 ergo
1956 540 2277 612 Apostolus
2289 541 2468 607 dicat,

819 625 1007 682 semel
1032 630 1091 681 et
1122 626 1364 681 unicam
1414 626 1596 681 fuisse
1640 627 1772 698 ejus
1811 627 2203 696 oblationem,
2242 634 2303 685 tu
2330 646 2470 685 eum

822 718 1016 770 semet
1038 712 1251 769 offerre
1271 713 1541 786 quotidie
1563 713 1834 771 afﬁrmas
1852 716 1880 770 ?

894 894 1077 951 PHIL.
1129 896 1202 952 Se
1255 894 1459 968 ipsum
1499 895 1746 968 quidem
1802 896 1987 951 semel
2037 897 2270 963 obtulit,
2304 896 2476 953 offert

823 988 1026 1040 tamen
1061 988 1117 1040 et
1172 1000 1359 1046 nunc,
1405 988 1471 1040 ut
1516 984 1802 1050 diximus,
1852 1000 1957 1040 eos
1986 986 2089 1058 qui
2136 1002 2245 1058 per
2272 986 2474 1058 ipsum

825 1072 976 1129 salvi
995 1073 1168 1129 ﬁunt.
1199 1073 1454 1129 Oﬂ’ertur
1472 1074 1735 1145 denique
1763 1075 2138 1145 perhostiam
2162 1076 2311 1131 mire
2337 1090 2474 1130 con-

824 1177 1065 1218 versam
1116 1162 1178 1218 in
1209 1163 1339 1233 ejus
1390 1163 1692 1219 viviﬁcum
1742 1168 1798 1219 et
1828 1163 2088 1220 salutare
2140 1180 2360 1236 corpus
2405 1181 2475 1220 ac

826 1250 1207 1321 sanguinem.
1234 1254 1440 1307 Nonne
1457 1252 1617 1307 enim
1633 1254 1975 1307 sacerdotes
1989 1253 2163 1308 audis
2188 1253 2249 1308 in
2274 1254 2360 1308 sin
2370 1270 2475 1323 gu-

2583 548 2716 613 φορᾷ
2822 542 3109 596 τετελείωκε

2585 626 2839 691 διηνεκές.

3211 549 3331 606 τοὺς
3437 546 3847 619 ἀγωνιζομένους
3950 548 4020 609 εἰς
4120 550 4179 598 τὸ

2923 630 3075 682 Οὕτω
3139 640 3231 684 τοῦ
3303 634 3624 686 Ἀποστόλου
3708 635 3961 706 λέγοντος,

2584 722 2673 769 καὶ
2727 723 2850 789 μίαν
2899 715 3029 770 εἶναι
3076 724 3169 777 τὴν
3220 721 3405 773 ἑαυτοῦ
3457 727 3781 796 προσφορὰν,
3840 727 3904 775 συ
3954 728 4182 795 προσφέ-

2583 826 2688 878 ρειν
2717 806 2895 858 ἑαυτὸν
2916 806 3033 859 καθ’
3052 807 3275 866 ἑκάστην
3296 808 3459 881 λέγεις
3482 827 3496 877 ;

2655 900 2793 952 MA.
2882 894 3036 948 Ἀλλὰ
3107 902 3429 972 προσήνεγκε
3508 902 3597 971 μὲν

2583 987 2860 1057 προσφέρει
2919 981 2979 1036 δε
3027 991 3116 1038 καὶ
3157 994 3244 1037 νῦν
3293 991 3412 1049 τοὺς
3456 984 3529 1040 δι’

4041 634 4182 694 ἅπαξ

3695 898 3875 951 ἑαυτὸν
3954 897 4178 970 ἐφάπαξ,

3610 988 3771 1040 αὐτοῦ
3828 988 4159 1060 σωζομένους
4172 1030 4187 1052 ,

2585 1079 2652 1134 ὡς
2706 1075 2911 1145 ἔφημεν.
2972 1079 3321 1149 Προσφέρεται
3386 1072 3445 1128 δε
3497 1074 3588 1129 διὰ
3650 1086 3740 1137 τῆς
3788 1077 3855 1137 εἰς
3915 1080 3974 1128 τὸ
4023 1076 4185 1128 αὑτοῦ

2587 1164 2840 1221 ζωοποιὸν
2880 1165 2985 1215 ¹καὶ
3038 1168 3294 1238 σωτήριον
3346 1173 3497 1236 σῶμα
3561 1172 3650 1217 καὶ
3704 1167 3833 1237 αἷμα
3874 1163 4189 1237 μεταϐαλλο-

2586 1255 2742 1322 μένης
2795 1253 3062 1325 ὑπερφυῶς
3114 1255 3316 1313 θυσίας’
3375 1254 3527 1305 Ἀλλὰ
3589 1264 3687 1305 των
3762 1256 4183 1326 ἱερουργούντων,

825 1339 898 1396 lis
926 1339 1130 1396 missis
1156 1339 1455 1397 dicentes:
1490 1363 1517 1391 α
1546 1341 1895 1397 lmmolatur
1926 1346 2134 1411 Agnus
2156 1342 2184 1395 ?
2588 1361 2605 1410 ς

2588 1344 2762 1410 φησίν,
2809 1340 2902 1391 οὐκ
2950 1340 3139 1401 ἐπαίεις
3206 1342 3320 1393 καθ’
3375 1342 3599 1398 ἑκάστην
3658 1344 3949 1416 ἱερουργίαν
4002 1342 4184 1413 λεγόν-

2589 1446 2707 1478 των·
2740 1450 2767 1476 α
2793 1431 2985 1480 Θύεται
3011 1430 3036 1479 6
3069 1427 3262 1500 ἀμνός;
3298 1449 3327 1481 ν

902 1519 1049 1575 SOT.
1108 1518 1391 1574 Praclare
1434 1518 1682 1592 quidem
1738 1518 1856 1575 hoc
1902 1520 1981 1575 ab
2041 1520 2184 1592 ipsis
2241 1520 2477 1583 dicitur,

827 1606 977 1663 dum
996 1610 1257 1663 veterem
1279 1606 1441 1664 illam
1455 1607 1803 1680 passionem
1818 1612 2105 1681 tanquam
2126 1614 2481 1681 prasentem

829 1695 1193 1768 exprimunt.
1219 1696 1393 1762 Quasi
1424 1696 1583 1751 enim
1614 1698 1935 1769 prasentia
1968 1713 2037 1753 ac
2072 1714 2229 1753 nova
2252 1698 2483 1769 peragit
2593 1698 2609 1745 ὁ

2406 1698 2483 1766 git
2593 1696 2662 1755 ὡς
2722 1692 2955 1755 ἐνεστώς.
3006 1702 3088 1754 Ὡς
3147 1694 3398 1747 ἐνεστῶτα
3448 1698 3549 1768 γὰρ
3624 1700 3689 1746 τὰ
3768 1696 3928 1747 πάλαι
3980 1715 4186 1767 γεγενη-

827 1783 1350 1855 imaginando,vel
1368 1786 1568 1856 potius
1586 1786 2078 1857 reprasentando
2097 1802 2167 1841 ea
2183 1802 2319 1857 qua
2338 1785 2479 1841 olim
2522 1793 2564 1845 Β
2593 1804 2607 1854 ,I

2409 1787 2479 1841 im
2522 1793 2564 1845 Β
2593 1786 2719 1854 μένα
2786 1787 3005 1845 καινίζει
3067 1792 3439 1855 φανταστικῶς,
3505 1788 3535 1841 ἤ
3613 1784 3801 1855 μᾶλλον
3852 1785 4005 1836 εἰπεῖν
4059 1784 4189 1836 εἰκο-

830 1878 1070 1946 patrata
1100 1872 1283 1941 fuere,
1314 1873 1571 1929 ritusille
1592 1873 2136 1942 commemorandi,
2162 1890 2345 1946 quem
2372 1890 2481 1929 nos
2591 1878 2763 1937 νικῶς,
2826 1872 2847 1927 i

831 1961 1150 2019 observare
1182 1964 1459 2019 Servator
1478 1963 1675 2034 jussit.
1718 1962 1880 2019 More
1911 1964 2132 2018 scilicet
2160 1963 2483 2035 panegyri-

830 2067 1040 2107 carum
1061 2052 1429 2122 orationum,
1458 2051 1680 2124 quibus
1706 2052 2005 2124 praterita
2024 2058 2317 2124 tanquam
2337 2069 2484 2125 pra-

832 2141 1025 2197 sentia
1053 2140 1372 2207 habentur,
1400 2158 1763 2214 quocunque
1786 2141 2034 2197 demum
2066 2142 2160 2197 die
2210 2141 2485 2198 solemni-

833 2235 923 2287 tas
956 2229 1077 2287 ﬁat.
1112 2232 1255 2286 Hinc
1292 2229 1425 2286 illas
1478 2230 1830 2301 locutiones,
1876 2231 2141 2287 Christus
2197 2232 2481 2297 nascitur,

831 2318 927 2374 vel
953 2318 1305 2391 baptizatur,
1338 2320 1594 2375 oratorie
1646 2336 2042 2392 usurpamus.
2098 2319 2189 2375 Sic
2218 2320 2293 2375 de
2345 2336 2483 2392 pas-

834 2407 1000 2463 sione
1021 2424 1266 2481 quoque
1286 2408 1597 2463 Dominica
1627 2407 1793 2480 loqui
1825 2409 2107 2465 solemus.
2135 2410 2289 2479 Hac,
2326 2426 2362 2465 ο
2396 2425 2483 2463 re-

833 2497 1096 2553 verende
1119 2497 1264 2553 mihi
1313 2513 1384 2553 ac
1412 2496 1782 2562 dulcissime,
1826 2498 1954 2553 viro
1985 2497 2063 2552 illi
2120 2497 2291 2553 refer.
2325 2500 2391 2553 Et
2436 2498 2482 2551 si

832 2584 939 2640 tibi
966 2584 1129 2642 salus
1154 2587 1284 2658 ejus
1315 2584 1482 2642 cordi
1513 2591 1619 2653 est,
1642 2591 1705 2642 ut
1730 2602 1766 2643 a
1787 2603 1897 2642 suo
1918 2585 2203 2657 dogmate
2222 2587 2483 2655 recedat,

834 2677 1048 2732 suade.

904 2765 1083 2820 PHIL.
1118 2764 1331 2821 Omitte
1353 2765 1527 2823 hanc.
1556 2765 1623 2822 ὀ
1642 2765 1803 2821 bone
1847 2781 2089 2831 curam;
2145 2768 2363 2821 etenim
2411 2782 2485 2821 ne

832 2851 999 2908 illum
1023 2853 1272 2925 quidem
1313 2854 1540 2910 diutius
1578 2854 2041 2910 adversaturum
2091 2853 2327 2926 opinor,
2376 2855 2483 2910 sed

831 2940 1143 3014 palinodia
1172 2944 1373 3014 potius
1400 2947 1641 3000 cantata
1684 2943 2042 2998 sententiam
2086 2947 2480 3011 mutaturum,

834 3030 1211 3103 Quapropter
1234 3030 1317 3087 illi
1354 3031 1795 3102 ignoscendum
1822 3048 1858 3088 a
1886 3031 2062 3087 nobis
2107 3032 2400 3102 existimo,
2428 3039 2485 3088 et

838 3120 901 3177 in
931 3119 1185 3189 gratiam
1209 3120 1611 3177 redeundum.
2525 3104 2566 3158 (ἶ

907 3210 1055 3266 SOT.
1088 3211 1211 3282 Ego
1240 3206 1485 3283 quoque
1534 3208 1661 3281 tibi,
1706 3209 2060 3275 clarissime,
2091 3210 2395 3283 indulgeo,
2431 3217 2487 3265 et

831 3297 1204 3369 resipiscenti
1262 3297 1573 3354 dexteram
1630 3298 1900 3370 porrigo:
1956 3299 2287 3369 prasertim
2342 3301 2487 3372 quia

831 3387 963 3443 hac
992 3401 1383 3459 nequaquam
1410 3402 1482 3442 ex
1501 3386 1920 3459 prameditato
1951 3387 2068 3442 dici
2122 3387 2337 3451 solent.
2380 3388 2486 3444 sed

833 3475 1011 3549 quasi
1026 3491 1097 3531 ex
1119 3475 1380 3548 abrupto
1408 3475 1796 3549 loquentibus
1816 3476 2118 3532 excidunt.

1596 3603 1943 3659 SYNODUS.

906 3728 1388 3785 Commentarius
1410 3743 1593 3800 super
1633 3729 1969 3801 quastione
2000 3745 2135 3801 qua
2174 3730 2490 3801 proposita

834 3816 945 3873 fuit
998 3816 1060 3872 in
1092 3816 1233 3872 aula
1261 3817 1667 3888 patriarchali,
1711 3818 2091 3888 congregatis
2143 3818 2223 3872 ibi
2282 3818 2487 3873 multis

834 3906 1157 3978 episcopis,
1180 3911 1332 3962 etex
1353 3911 1566 3962 senatu
1598 3922 1722 3962 non
1753 3908 1984 3978 paucis,
2032 3908 2135 3978 qui
2183 3923 2396 3961 omnes
2430 3908 2488 3962 in

832 3994 950 4051 hac
1000 3994 1340 4051 orthodoxa
1393 3996 1686 4051 sententia
1724 4011 1843 4050 uno
1883 4011 1984 4050 ore
2028 4001 2486 4061 consenserunt,

833 4083 1003 4155 quod
1032 4098 1157 4139 non
1184 4083 1340 4139 Patri
1373 4083 1592 4146 solum,
1633 4100 1835 4139 verum
1867 4084 2045 4139 etiam
2090 4084 2229 4139 Filio
2264 4100 2329 4139 ac
2364 4086 2489 4155 Spi-

830 4173 968 4228 ritui
1000 4178 1229 4238 sancto,
1264 4172 1368 4228 uni
1400 4172 1622 4229 scilicet
1650 4172 1879 4235 Deitati,
1932 4174 2227 4244 pretiosus
2281 4175 2489 4240 Unige—

833 4261 945 4317 niti
970 4261 1219 4332 sanguis
1241 4261 1416 4317 fuerit
1439 4261 1701 4317 oblatus.

906 4352 1122 4408 Mensis
1147 4353 1417 4409 Januarii
1472 4353 1569 4407 die
1607 4352 1897 4408 vicesima
1942 4358 2130 4421 sexta,
2165 4353 2490 4408 indictione

833 4448 1073 4515 quarta,
1105 4442 1467 4515 prasidente
1491 4442 1873 4499 sanctissimo
1921 4442 2171 4498 domino
2197 4447 2406 4498 nostro
2438 4447 2493 4498 et
2528 4460 2571 4513 ι)
2600 4460 2613 4491 π

2438 4447 2493 4498 et
2528 4460 2571 4513 D
2600 4441 2896 4511 καθημένου
2935 4444 3028 4488 τοῦ
3084 4435 3375 4506 ἁγιωτάτου
3420 4436 3567 4505 ἡμῶν
3597 4429 3860 4484 δεσπότου
3894 4438 3982 4485 καὶ
4031 4435 4206 4485 οἰκου-

835 4532 1211 4588 acumenico
1230 4532 1576 4603 patriarcha
1622 4531 2226 4602 Constantinopoleos
2274 4532 2333 4586 in
2363 4532 2492 4586 ade
2602 4551 2615 4602 ι

2429 4532 2492 4586 je
2602 4535 2811 4602 μενικοῡ
2907 4528 3246 4597 πατριάρχου
3344 4521 3921 4582 Κωνσταντινουπόλεως
4010 4522 4059 4573 ἐν
4133 4531 4209 4592 τῷ

834 4620 977 4677 divo
1001 4620 1239 4693 Thoma
1260 4635 1452 4690 sacra,
1479 4619 1835 4689 suffragium
1860 4636 1981 4675 una
2009 4619 2233 4674 ferente
2251 4620 2492 4675 Nicolao

831 4708 1237 4765 sacratissimo
1252 4707 1807 4781 Hierosolymorum
1833 4710 2200 4781 patriarcha,
2232 4724 2491 4780 prasen-

832 4798 993 4855 tibus
1018 4796 1385 4871 pansebasto
1416 4797 1659 4853 sebasto
1689 4804 1745 4853 et
1768 4814 1993 4867 magno
2015 4797 2347 4865 drungario
2394 4798 2495 4852 do~

832 4890 1001 4947 mino
1032 4890 1355 4962 Stephano.
1381 4890 1814 4961 gloriosissimo
1836 4896 1892 4945 et
1914 4906 2140 4961 magno
2190 4890 2499 4959 logotheta

832 4979 1092 5035 domino
1121 4981 1369 5048 Joanne,
1404 4978 1808 5035 illustrissimo
1853 4995 1891 5034 a
1949 4980 2190 5034 secretis
2246 4980 2496 5034 domino

836 5067 1081 5126 Nicolao
1106 5071 1358 5130 Zonara.
1384 5067 1784 5125 illustrissimo
1823 5068 2275 5140 nomophylace
2307 5074 2364 5123 et
2392 5068 2496 5123 do-

831 5158 1092 5215 mesticis
1119 5157 1450 5230 praposito
1473 5158 1723 5214 domino
1760 5158 2075 5214 Theodoro
2113 5158 2453 5213 Pantechne
2480 5174 2495 5223 ς

830 5246 1285 5304 considentibus
1298 5248 1483 5303 etiam
1498 5246 1922 5303 sacratissimis
1938 5247 2235 5319 episcopis
2255 5246 2495 5318 Ephesi,

830 5336 1147 5405 Heraclea,
1198 5339 1475 5408 Ancyra,
1537 5337 1747 5409 Cyzici,
1795 5337 2100 5407 Sardium,
2135 5336 2495 5408 Claudiopo-

825 5427 972 5495 leos,
1028 5427 1355 5482 Antiochia
1414 5427 1471 5481 in
1526 5427 1763 5491 Pisidia,
1819 5427 2211 5497 Athenarum,
2257 5427 2493 5493 Mocesi,

825 5516 1228 5589 Trapezuntis,
1267 5517 1535 5589 Larissa,
1585 5516 1801 5585 Rhodi,
1844 5517 2177 5588 Dyrrachii,
2236 5516 2494 5572 Euchai-

2663 1523 2806 1573 ΣΩΤ.
2858 1522 3073 1587 Λέγεται
3112 1522 3201 1589 μεν
3250 1520 3373 1591 παρ’
3431 1519 3609 1580 αὐτοῖς
3639 1538 3699 1589 γε
3747 1526 3900 1571 τοῦτο
3931 1524 4019 1570 καὶ
4076 1518 4190 1569 λίαν

2590 1604 2773 1671 καλῶς,
2834 1609 2891 1656 τὸ
2944 1611 3060 1657 τότε
3108 1612 3373 1677 γενόμενον
3431 1614 3686 1679 σωτήριον
3748 1604 3917 1669 πθδος
3946 1607 4188 1659 τελοῦσιν

2591 1878 2763 1937 νικῶς,
2826 1872 2855 1927 ἡ
2930 1870 3241 1943 ἀνάμνησις,
3317 1874 3377 1930 ἣν
3430 1880 3593 1924 ποιεῖν
3661 1875 3798 1943 ἡμᾶς
3870 1871 4105 1934 ἐπέταξεν
4163 1874 4189 1923 6

2594 1964 2791 2033 Σωτήρ·
2835 1964 2923 2011 καὶ
2981 1962 3211 2034 καθάπερ
3260 1963 3285 2012 6
3342 1965 3697 2035 πανηγυρικὸς
3752 1964 3861 2032 ἔχει
3919 1966 4069 2032 νόμος
4125 1963 4191 2012 τὰ

2593 2054 2955 2120 παρῳχημένα
3004 2049 3167 2119 λέγειν
3198 2052 3267 2111 ὡς
3325 2051 3597 2119 ἐνεστῶτα,
3657 2052 3774 2101 καθ’
3833 2053 3893 2107 ἤν
3950 2049 4009 2100 ἂν
4066 2069 4192 2101 ποτε

2594 2136 2803 2194 τελῆται
2849 2140 3064 2209 ἡμέραν.
3122 2142 3208 2190 Διὸ
3254 2145 3362 2204 καὶ,
3424 2140 3449 2189 6
3509 2143 3739 2210 Χριστός
3796 2145 4052 2208 γεννᾶται,
4098 2144 4189 2190 καὶ

3739 2234 3901 2279 Τοῦτο
3962 2224 4027 2284 δὴ
4102 2233 4194 2279 καὶ

2596 2314 2679 2367 ἐπὶ
2704 2324 2795 2367 τοῦ
2825 2322 3088 2388 σωτηρίου
3138 2318 3339 2376 πάθους
3389 2316 3545 2368 τελεῖν
3602 2315 3777 2375 εἰωθός
3806 2314 3939 2369 ἐστι.
3992 2323 4190 2379 Ταῦτα,

2597 2226 2933 2298 βαπτίζεται,
2984 2235 3349 2301 πανηγυρικῶς
3427 2226 3659 2299 λέγομεν.

2596 2405 2635 2455 ὦ
2692 2413 2882 2475 χρῆμα
2937 2404 3067 2477 ἱερὸν
3122 2410 3211 2455 καὶ
3261 2404 3400 2477 φίλον
3485 2402 3620 2475 ἐμοι,
3679 2413 3750 2473 τῷ
3809 2400 3962 2477 ἀνδρὶ
4020 2406 4194 2474 ἐκείνῳ

2598 2490 2890 2561 διάγγελλε,
2919 2499 3007 2543 καὶ
3039 2496 3081 2544 εί
3121 2497 3172 2543 τί
3206 2512 3288 2544 σοι
3341 2493 3479 2563 μέλει
3538 2496 3745 2555 τούτου,
3799 2482 3997 2562 ὑφεῖναι
4052 2494 4195 2543 πεῖθε

2597 2592 2687 2634 τοῦ
2721 2580 2985 2654 δόγματος
2996 2626 3006 2637 .

2668 2769 2805 2817 (NA.
2866 2761 3175 2835 Ἀμέλησον,
3224 2758 3262 2811 ὦ
3322 2769 3537 2831 γενναῖε·
3626 2766 3842 2830 κακείνῳ
3928 2762 4029 2833 γὰρ
4101 2760 4196 2810 οὐκ

2596 2849 2742 2923 οἶμαι
2798 2856 2962 2924 μένειν
3003 2852 3069 2911 εἰς
3113 2854 3185 2903 ἔτι
3239 2853 3303 2902 τὰ
3340 2859 3427 2910 τῆς
3478 2853 3782 2910 ἐνστάσεως,
3836 2849 3964 2901 ἀλλὰ
4008 2848 4196 2901 παλιν-

2594 2938 2757 3012 ῳδίαν
2784 2943 2928 3011 ᾇσειν
2978 2946 3067 2992 καὶ
3111 2942 3568 3013 μεθαρμόσασθαι·
3628 2942 3714 2991 Διό
3769 2945 3857 2991 καὶ
3904 2942 4197 3009 συγγνῶναί

2593 3031 2643 3081 οἱ
2669 3026 2777 3081 δεῖν
2808 3031 3039 3101 ἠγοῦμαι
3060 3034 3149 3080 καὶ
3176 3030 3518 3081 σπείσασθαι.

2668 3214 2811 3261 ΣΩΤ.
2872 3213 3210 3279 Συγγνώμων,
3261 3207 3300 3257 ὦ
3353 3206 3587 3277 φιλότης,
3631 3211 3719 3258 καὶ
3751 3206 3907 3266 αὐτὸς
3934 3206 4035 3275 ἐγώ
4088 3223 4193 3265 σοι,

2597 3303 2685 3349 καὶ
2757 3295 3147 3369 μεταμελομένῳ
3201 3290 3404 3366 δίδωμι
3482 3292 3678 3357 δεξιάν⁶
3749 3300 3837 3345 καὶ
3894 3292 4083 3366 μᾶλλον
4136 3292 4197 3343 ἆν

2599 3386 2912 3459 ἀμελετήτου
2942 3406 3151 3457 γνωμης
3187 3388 3390 3457 εἴρηται
3441 3394 3625 3435 ταῦτα·
3672 3383 3835 3435 πολλὰ
3872 3380 3929 3436 δὲ
3983 3390 4203 3435 τοιαῦτα

2601 3475 2903 3547 συμϐαίνειν
2928 3480 3029 3534 τοῖς
3063 3470 3449 3545 σχεδιάζουσιν
3483 3476 3674 3525 εἴωθεν.

3244 3605 3554 3652 ΣΥΝΟΔΟΣ.

2680 3729 2957 3797 Σημείωμα
3033 3722 3116 3775 ἐπὶ
3199 3730 3262 3794 τῇ
3312 3722 3536 3797 ῥηθείσῃ
3588 3723 3831 3773 ὑποθέσει
3886 3723 4095 3791 γεγονὸς
4153 3719 4204 3771 ἐν

2599 3824 2673 3884 τῷ
2723 3818 3089 3887 πατριαρχείῳ
3138 3811 3335 3863 πολλῶν
3406 3810 3824 3867 συνεληλυθότων
3894 3808 4202 3882 ἀρχιερέων,

2599 3909 2688 3955 καὶ
2728 3902 2782 3954 ἐκ
2828 3910 2917 3961 τῆς
2963 3900 3260 3971 συγκλήτου
3308 3900 3402 3951 οὐκ
3459 3899 3666 3971 ὀλίγων,
3722 3904 3812 3951 καὶ
3858 3901 4063 3949 πάντων
4118 3898 4206 3971 ὁρ-

2602 3989 2827 4053 θοδόξως
2889 3992 3355 4061 όμοφωνησάντων,
3418 3989 3500 4040 ὅτι
3556 3988 3615 4039 οὐ
3663 3991 3817 4059 μόνον
3894 3997 3965 4057 τῷ
4012 3992 4201 4059 Πατρὶ,

2600 4081 2727 4133 ἀλλὰ
2754 4077 2821 4137 δὴ
2874 4084 2961 4130 καὶ
3013 4086 3085 4147 τῷ
3125 4079 3227 4148 mp
3274 4082 3363 4128 καὶ
3409 4085 3483 4147 τῷ
3512 4076 3646 4147 ἁγίῳ
3678 4079 3963 4146 Πνεύματι,
3994 4083 4053 4133 τῆ
4105 4082 4205 4147 μιᾷ

2601 4174 2841 4237 Θεότητι,
2898 4172 2956 4219 τό
3014 4174 3330 4237 Μονογενοῦς
3382 4167 3725 4237 προσηνέχθη
3781 4170 3951 4235 τίμιον
4002 4166 4159 4235 αἷμα.

2674 4354 2813 4407 Μηνί
2860 4348 3178 4416 Ἰανουαρίῳ,
3247 4343 3330 4408 κζ’
3375 4347 3564 4416 ἡμέρᾳ,
3602 4340 3891 4395 ἰνδικτιῶνι
3945 4340 4011 4408 δ’,
4069 4362 4205 4415 προ-

2644 4548 2811 4581 ενικου

2602 4551 2811 4602 μενικου
2907 4551 3246 4597 πατριαρχυυ
3346 4551 3608 4575 ηωνοιανῑ
3623 4551 3921 4582 ιυυυηυΛιως
4010 4551 4059 4573 ιν
4134 4551 4210 4592 Ic.»

2604 4618 2880 4690 Θωμαίτη,
2934 4610 3518 4684 συνδιαγνωμονοῡντος
3591 4610 3734 4679 αὐτῷ
3798 4610 4058 4662 Νικολάου
4114 4618 4210 4661 τοῦ

2606 4707 2892 4781 ἰερωτάτσυ
2956 4704 3294 4776 πατριάρχου
3354 4698 3746 4774 Ἰεροσολύμων,
3810 4698 3893 4751 ὶπὶ
3941 4705 4212 4773 παρουσίᾳ

2602 4804 2695 4848 τοῦ
2716 4793 3080 4847 πανσεϐάστου
3130 4791 3388 4843 σεϐάστοῡ
3431 4796 3520 4842 καὶ
3560 4789 3786 4861 μεγάλου
3846 4786 4207 4862 δρουγγαρίου

2604 4894 2766 4960 κυρού
2826 4886 3097 4956 Στεφάνου,
3157 4890 3249 4933 τοῦ
3303 4876 3730 4953 μεγαδοξότάτου
3820 4884 3909 4930 καί
3977 4879 4207 4951 μεγάλου

2602 4975 2956 5049 λογαριαστοῡ
3014 4980 3174 5046 κῦρον
3252 4971 3513 5037 Ἰωάννου,
3578 4968 3670 5019 τοῦ
3722 4971 4209 5040 μεγαεπὶφανεστά-

2603 5084 2693 5116 του
2778 5062 3073 5137 ἀσηκρῆτις
3125 5067 3295 5134 κμροὺ
3375 5058 3633 5111 Πικολάου
3695 5066 3785 5109 τοῦ
3842 5063 4077 5132 Ζωναρᾶ,
4118 5059 4212 5110 τοῦ

2605 5154 3148 5227 μεγαεπιφανεστάτου
3206 5148 3563 5221 νομοφύλακος
3614 5150 3701 5197 καὶ
3752 5145 3837 5198 ἐπί
3880 5156 3980 5197 τῶν
4020 5146 4213 5199 οἰκεια-

2606 5253 2707 5295 κών
2747 5249 2908 5315 κυροῦ
2952 5236 3233 5311 Θεοδώρου
3291 5245 3383 5289 τοῦ
3430 5243 3782 5307 Ηαντεχνουςο
3831 5232 4212 5309 συνεδριαζόν-

2607 5353 2707 5385 των
2772 5337 2862 5383 καί
2932 5331 3213 5404 ἱερωτάτων
3298 5325 3605 5401 ἀρχιερέων.
3664 5332 3755 5376 τοῦ
3825 5326 4060 5396 Ἐφέσου,
4118 5334 4215 5378 τοῦ

2612 5421 2921 5496 Ηρακλείας,
2978 5426 3070 5471 τοῦ
3125 5420 3410 5490 Ἀγκύρας,
3480 5422 3571 5466 τοῦ
3640 5415 3892 5481 Κυζίκου,
3961 5423 4054 5466 τοῦ
4078 5418 4214 5489 Σοξρ‹⁸

2613 5508 2763 5577 ὃεων,
2825 5519 2919 5562 του
2979 5504 3424 5573 Κλαυὸιοπόλεως,
3506 5511 3600 5555 του
3666 5503 3991 5575 Ἀντιοχείας
4060 5512 4218 5557 Πισι-

840 5754 844 5759 ,
896 5697 919 5731 ⁸
948 5695 1127 5754 Hebr.
1156 5713 1217 5765 ι,
1252 5698 1345 5754 14.
