  <div class='ocr_page' id='page_1' title='image "/cluster/home/n/w/nwhite01/storage/ocr_20150623/140/nnc1.0046979905/084.png"; bbox 0 0 4508 6436; ppageno 0'>
   <div class='ocr_carea' id='block_1_1' title="bbox 378 436 488 489">
    <p class='ocr_par' dir='ltr' id='par_1_1' title="bbox 378 436 488 489">
     <span class='ocr_line' id='line_1_1' title="bbox 378 436 488 489; baseline 0 0"><span class='ocrx_word' id='word_1_1' title='bbox 378 436 488 489; x_wconf 73' lang='grc'><strong>149</strong></span> 
     </span>
    </p>
   </div>
   <div class='ocr_carea' id='block_1_2' title="bbox 1692 430 2424 489">
    <p class='ocr_par' dir='ltr' id='par_1_2' title="bbox 1692 430 2424 489">
     <span class='ocr_line' id='line_1_2' title="bbox 1692 430 2424 489; baseline -0.003 -1"><span class='ocrx_word' id='word_1_2' title='bbox 1692 432 2037 489; x_wconf 75' lang='lat' dir='ltr'><strong>THESAURI</strong></span> <span class='ocrx_word' id='word_1_3' title='bbox 2066 430 2201 487; x_wconf 82' lang='lat' dir='ltr'><strong>LIB.</strong></span> <span class='ocrx_word' id='word_1_4' title='bbox 2248 431 2424 487; x_wconf 78' lang='lat' dir='ltr'><strong>XXIV.</strong></span> 
     </span>
    </p>
   </div>
   <div class='ocr_carea' id='block_1_3' title="bbox 3642 433 3744 486">
    <p class='ocr_par' dir='ltr' id='par_1_3' title="bbox 3642 433 3744 486">
     <span class='ocr_line' id='line_1_3' title="bbox 3642 433 3744 486; baseline 0 0"><span class='ocrx_word' id='word_1_5' title='bbox 3642 433 3744 486; x_wconf 69' lang='lat'><strong>150</strong></span> 
     </span>
    </p>
   </div>
   <div class='ocr_carea' id='block_1_4' title="bbox 378 555 2158 629">
    <p class='ocr_par' dir='ltr' id='par_1_4' title="bbox 378 556 2158 629">
     <span class='ocr_line' id='line_1_4' title="bbox 378 556 2158 629; baseline 0.001 -18"><span class='ocrx_word' id='word_1_6' title='bbox 378 556 530 625; x_wconf 84' lang='grc' dir='ltr'><strong>δίας,</strong></span> <span class='ocrx_word' id='word_1_7' title='bbox 554 565 647 611; x_wconf 80' lang='grc' dir='ltr'><strong>τοῦ</strong></span> <span class='ocrx_word' id='word_1_8' title='bbox 678 558 927 623; x_wconf 77' lang='grc' dir='ltr'><strong>Ἀθηνῶν,</strong></span> <span class='ocrx_word' id='word_1_9' title='bbox 967 568 1067 611; x_wconf 85' lang='grc' dir='ltr'><strong>τοῶ</strong></span> <span class='ocrx_word' id='word_1_10' title='bbox 1113 563 1401 621; x_wconf 81' lang='grc' dir='ltr'><strong>Μωκησοῦ,</strong></span> <span class='ocrx_word' id='word_1_11' title='bbox 1442 562 1534 607; x_wconf 83' lang='grc' dir='ltr'><strong>τοῦ</strong></span> <span class='ocrx_word' id='word_1_12' title='bbox 1572 557 1981 629; x_wconf 76' lang='grc' dir='ltr'><strong>Τραπεζοῦντος,</strong></span> <span class='ocrx_word' id='word_1_13' title='bbox 2016 558 2064 609; x_wconf 76' lang='grc' dir='ltr'><strong>Α</strong></span> <span class='ocrx_word' id='word_1_14' title='bbox 2093 559 2158 612; x_wconf 89' lang='lat' dir='ltr'><strong>ta</strong></span> 
     </span>
    </p>
   </div>
   <div class='ocr_carea' id='block_1_5' title="bbox 1962 555 3742 629">
    <p class='ocr_par' dir='ltr' id='par_1_5' title="bbox 1968 555 3742 629">
     <span class='ocr_line' id='line_1_5' title="bbox 1968 555 3742 629; baseline 0.001 -18"><span class='ocrx_word' id='word_1_15' title='bbox 1968 600 1981 624; x_wconf 93' lang='lat'><strong>,</strong></span> <span class='ocrx_word' id='word_1_16' title='bbox 2016 558 2064 609; x_wconf 76' lang='grc' dir='ltr'><strong>Α</strong></span> <span class='ocrx_word' id='word_1_17' title='bbox 2093 559 2314 623; x_wconf 88' lang='lat' dir='ltr'><strong>tarum,</strong></span> <span class='ocrx_word' id='word_1_18' title='bbox 2351 557 2597 621; x_wconf 70' lang='lat' dir='ltr'><strong>Russiaa,</strong></span> <span class='ocrx_word' id='word_1_19' title='bbox 2633 557 2781 626; x_wconf 69' lang='lat' dir='ltr'><strong>Eni,</strong></span> <span class='ocrx_word' id='word_1_20' title='bbox 2813 565 3114 629; x_wconf 59' lang='lat' dir='ltr'><strong>Apameae,</strong></span> <span class='ocrx_word' id='word_1_21' title='bbox 3144 557 3524 629; x_wconf 63' lang='lat' dir='ltr'><strong>Methymna,</strong></span> <span class='ocrx_word' id='word_1_22' title='bbox 3565 555 3742 612; x_wconf 85' lang='lat' dir='ltr'><strong>Paro-</strong></span> 
     </span>
    </p>
   </div>
   <div class='ocr_carea' id='block_1_6' title="bbox 376 644 1985 721">
    <p class='ocr_par' dir='ltr' id='par_1_6' title="bbox 376 644 1985 721">
     <span class='ocr_line' id='line_1_6' title="bbox 376 644 1985 721; baseline -0.001 -24"><span class='ocrx_word' id='word_1_23' title='bbox 376 656 476 699; x_wconf 71' lang='grc' dir='ltr'><strong>τοι)</strong></span> <span class='ocrx_word' id='word_1_24' title='bbox 500 653 805 721; x_wconf 77' lang='grc' dir='ltr'><strong>Λαρίσσης,</strong></span> <span class='ocrx_word' id='word_1_25' title='bbox 836 655 928 700; x_wconf 83' lang='grc' dir='ltr'><strong>τοῦ</strong></span> <span class='ocrx_word' id='word_1_26' title='bbox 946 644 1259 707; x_wconf 73' lang='grc' dir='ltr'><strong>Ῥόδου,τού</strong></span> <span class='ocrx_word' id='word_1_27' title='bbox 1293 644 1615 719; x_wconf 68' lang='grc' dir='ltr'><strong>Δυρραχίου,</strong></span> <span class='ocrx_word' id='word_1_28' title='bbox 1652 652 1744 696; x_wconf 78' lang='grc' dir='ltr'><strong>τοῦ</strong></span> <span class='ocrx_word' id='word_1_29' title='bbox 1783 645 1985 715; x_wconf 65' lang='grc' dir='ltr'><strong>Εὒχαῖ-</strong></span> 
     </span>
    </p>
   </div>
   <div class='ocr_carea' id='block_1_7' title="bbox 375 733 1987 805">
    <p class='ocr_par' dir='ltr' id='par_1_7' title="bbox 375 733 1987 805">
     <span class='ocr_line' id='line_1_7' title="bbox 375 733 1987 805; baseline -0.002 -19"><span class='ocrx_word' id='word_1_30' title='bbox 375 756 504 804; x_wconf 88' lang='grc' dir='ltr'><strong>των,</strong></span> <span class='ocrx_word' id='word_1_31' title='bbox 526 745 617 787; x_wconf 75' lang='grc' dir='ltr'><strong>τοῦ</strong></span> <span class='ocrx_word' id='word_1_32' title='bbox 647 736 895 803; x_wconf 82' lang='grc' dir='ltr'><strong>Ῥωσίας,</strong></span> <span class='ocrx_word' id='word_1_33' title='bbox 915 744 1009 788; x_wconf 76' lang='grc' dir='ltr'><strong>τοῦ</strong></span> <span class='ocrx_word' id='word_1_34' title='bbox 1036 738 1211 801; x_wconf 78' lang='grc' dir='ltr'><strong>Λῖνου,</strong></span> <span class='ocrx_word' id='word_1_35' title='bbox 1232 742 1329 787; x_wconf 82' lang='grc' dir='ltr'><strong>τοῦ</strong></span> <span class='ocrx_word' id='word_1_36' title='bbox 1347 733 1648 805; x_wconf 84' lang='grc' dir='ltr'><strong>Ἀπαμείας,</strong></span> <span class='ocrx_word' id='word_1_37' title='bbox 1665 741 1756 785; x_wconf 82' lang='grc' dir='ltr'><strong>τοῦ</strong></span> <span class='ocrx_word' id='word_1_38' title='bbox 1777 736 1987 804; x_wconf 74' lang='grc' dir='ltr'><strong>Μεθυμ-</strong></span> 
     </span>
    </p>
   </div>
   <div class='ocr_carea' id='block_1_8' title="bbox 376 823 1985 899">
    <p class='ocr_par' dir='ltr' id='par_1_8' title="bbox 376 823 1985 899">
     <span class='ocr_line' id='line_1_8' title="bbox 376 823 1985 899; baseline -0.001 -24"><span class='ocrx_word' id='word_1_39' title='bbox 376 846 491 889; x_wconf 85' lang='grc' dir='ltr'><strong>νης,</strong></span> <span class='ocrx_word' id='word_1_40' title='bbox 516 834 608 877; x_wconf 76' lang='grc' dir='ltr'><strong>τοῦ</strong></span> <span class='ocrx_word' id='word_1_41' title='bbox 630 826 1071 899; x_wconf 80' lang='grc' dir='ltr'><strong>Παροναξίας,τοῦ</strong></span> <span class='ocrx_word' id='word_1_42' title='bbox 1094 823 1461 898; x_wconf 77' lang='grc' dir='ltr'><strong>Μεσημϐρίας,</strong></span> <span class='ocrx_word' id='word_1_43' title='bbox 1484 830 1576 874; x_wconf 81' lang='grc' dir='ltr'><strong>τοὺ</strong></span> <span class='ocrx_word' id='word_1_44' title='bbox 1608 827 1859 895; x_wconf 80' lang='grc' dir='ltr'><strong>Βρυσέως,</strong></span> <span class='ocrx_word' id='word_1_45' title='bbox 1894 831 1985 874; x_wconf 80' lang='grc' dir='ltr'><strong>τοῦ</strong></span> 
     </span>
    </p>
   </div>
   <div class='ocr_carea' id='block_1_9' title="bbox 376 911 1987 989">
    <p class='ocr_par' dir='ltr' id='par_1_9' title="bbox 376 911 1987 989">
     <span class='ocr_line' id='line_1_9' title="bbox 376 911 1987 989; baseline -0.001 -24"><span class='ocrx_word' id='word_1_46' title='bbox 376 917 599 975; x_wconf 76' lang='grc' dir='ltr'><strong>Γοτθίας</strong></span> <span class='ocrx_word' id='word_1_47' title='bbox 628 920 717 967; x_wconf 85' lang='grc' dir='ltr'><strong>καί</strong></span> <span class='ocrx_word' id='word_1_48' title='bbox 740 922 830 967; x_wconf 78' lang='grc' dir='ltr'><strong>τοῦ</strong></span> <span class='ocrx_word' id='word_1_49' title='bbox 862 913 1159 989; x_wconf 77' lang='grc' dir='ltr'><strong>Ἡρακλέος,</strong></span> <span class='ocrx_word' id='word_1_50' title='bbox 1192 916 1590 985; x_wconf 77' lang='grc' dir='ltr'><strong>παρισταμένων</strong></span> <span class='ocrx_word' id='word_1_51' title='bbox 1634 918 1723 963; x_wconf 82' lang='grc' dir='ltr'><strong>καὶ</strong></span> <span class='ocrx_word' id='word_1_52' title='bbox 1768 911 1987 983; x_wconf 77' lang='grc' dir='ltr'><strong>θεοφιλε-</strong></span> 
     </span>
    </p>
   </div>
   <div class='ocr_carea' id='block_1_10' title="bbox 378 1000 1913 1078">
    <p class='ocr_par' dir='ltr' id='par_1_10' title="bbox 378 1000 1913 1078">
     <span class='ocr_line' id='line_1_10' title="bbox 378 1000 1913 1078; baseline -0.001 -24"><span class='ocrx_word' id='word_1_53' title='bbox 378 1005 587 1055; x_wconf 79' lang='grc' dir='ltr'><strong>στάτων</strong></span> <span class='ocrx_word' id='word_1_54' title='bbox 617 1000 909 1069; x_wconf 79' lang='grc' dir='ltr'><strong>δεσποτῶν,</strong></span> <span class='ocrx_word' id='word_1_55' title='bbox 940 1002 1234 1078; x_wconf 78' lang='grc' dir='ltr'><strong>ἀρχόντων,</strong></span> <span class='ocrx_word' id='word_1_56' title='bbox 1266 1006 1355 1053; x_wconf 86' lang='grc' dir='ltr'><strong>καί</strong></span> <span class='ocrx_word' id='word_1_57' title='bbox 1385 1002 1566 1073; x_wconf 84' lang='grc' dir='ltr'><strong>έτέρων</strong></span> <span class='ocrx_word' id='word_1_58' title='bbox 1593 1000 1685 1051; x_wconf 73' lang='grc' dir='ltr'><strong>οὐκ</strong></span> <span class='ocrx_word' id='word_1_59' title='bbox 1708 1000 1913 1072; x_wconf 82' lang='grc' dir='ltr'><strong>ὀλίγων.</strong></span> 
     </span>
    </p>
   </div>
   <div class='ocr_carea' id='block_1_11' title="bbox 451 1088 1989 1166">
    <p class='ocr_par' dir='ltr' id='par_1_11' title="bbox 451 1088 1989 1166">
     <span class='ocr_line' id='line_1_11' title="bbox 451 1088 1989 1166; baseline -0.002 -22"><span class='ocrx_word' id='word_1_60' title='bbox 451 1098 558 1144; x_wconf 81' lang='grc' dir='ltr'><strong>Τοῦ</strong></span> <span class='ocrx_word' id='word_1_61' title='bbox 642 1097 903 1166; x_wconf 78' lang='grc' dir='ltr'><strong>μακαρίου</strong></span> <span class='ocrx_word' id='word_1_62' title='bbox 1007 1090 1298 1143; x_wconf 74' lang='grc' dir='ltr'><strong>ἀποστόλου</strong></span> <span class='ocrx_word' id='word_1_63' title='bbox 1386 1088 1591 1143; x_wconf 80' lang='grc' dir='ltr'><strong>Παύλοι.</strong></span> <span class='ocrx_word' id='word_1_64' title='bbox 1674 1093 1989 1161; x_wconf 74' lang='grc' dir='ltr'><strong>μεμνημένοι</strong></span> 
     </span>
    </p>
   </div>
   <div class='ocr_carea' id='block_1_12' title="bbox 728 1174 1989 1255">
    <p class='ocr_par' dir='ltr' id='par_1_12' title="bbox 728 1174 1989 1255">
     <span class='ocr_line' id='line_1_12' title="bbox 728 1174 1989 1255; baseline -0.003 -21"><span class='ocrx_word' id='word_1_65' title='bbox 728 1180 971 1252; x_wconf 76' lang='grc' dir='ltr'><strong>Ἔχοντες</strong></span> <span class='ocrx_word' id='word_1_66' title='bbox 1054 1180 1307 1255; x_wconf 79' lang='grc' dir='ltr'><strong>ἀρχιερέα</strong></span> <span class='ocrx_word' id='word_1_67' title='bbox 1380 1184 1541 1251; x_wconf 86' lang='grc' dir='ltr'><strong>μέγαν</strong></span> <span class='ocrx_word' id='word_1_68' title='bbox 1645 1174 1989 1235; x_wconf 73' lang='grc' dir='ltr'><strong>διεληλυθότα</strong></span> 
     </span>
    </p>
   </div>
   <div class='ocr_carea' id='block_1_13' title="bbox 372 1269 1984 1342">
    <p class='ocr_par' dir='ltr' id='par_1_13' title="bbox 372 1269 1984 1342">
     <span class='ocr_line' id='line_1_13' title="bbox 372 1269 1984 1342; baseline -0.001 -23"><span class='ocrx_word' id='word_1_69' title='bbox 372 1274 495 1330; x_wconf 84' lang='grc' dir='ltr'><strong>τοὺς</strong></span> <span class='ocrx_word' id='word_1_70' title='bbox 586 1269 853 1342; x_wconf 71' lang='grc' dir='ltr'><strong>οὐρανοὺς,</strong></span> <span class='ocrx_word' id='word_1_71' title='bbox 944 1270 1152 1327; x_wconf 74' lang='grc' dir='ltr'><strong>Ἰησοῦν</strong></span> <span class='ocrx_word' id='word_1_72' title='bbox 1254 1271 1342 1319; x_wconf 87' lang='grc' dir='ltr'><strong>τὸν</strong></span> <span class='ocrx_word' id='word_1_73' title='bbox 1433 1269 1552 1319; x_wconf 83' lang='grc' dir='ltr'><strong>Υίόν</strong></span> <span class='ocrx_word' id='word_1_74' title='bbox 1643 1274 1735 1318; x_wconf 80' lang='grc' dir='ltr'><strong>τοῦ</strong></span> <span class='ocrx_word' id='word_1_75' title='bbox 1829 1272 1984 1335; x_wconf 74' lang='grc' dir='ltr'><strong>Θεοῦ,</strong></span> 
     </span>
    </p>
   </div>
   <div class='ocr_carea' id='block_1_14' title="bbox 374 1356 1985 1431">
    <p class='ocr_par' dir='ltr' id='par_1_14' title="bbox 374 1356 1985 1431">
     <span class='ocr_line' id='line_1_14' title="bbox 374 1356 1985 1431; baseline -0.002 -22"><span class='ocrx_word' id='word_1_76' title='bbox 374 1366 655 1431; x_wconf 80' lang='grc' dir='ltr'><strong>πρατῶμεν</strong></span> <span class='ocrx_word' id='word_1_77' title='bbox 737 1359 829 1418; x_wconf 70' lang='grc' dir='ltr'><strong>τῆς</strong></span> <span class='ocrx_word' id='word_1_78' title='bbox 902 1357 1221 1429; x_wconf 81' lang='grc' dir='ltr'><strong>όμολογίας’</strong></span> <span class='ocrx_word' id='word_1_79' title='bbox 1308 1356 1569 1428; x_wconf 75' lang='grc' dir='ltr'><strong>ὀφείλομεν</strong></span> <span class='ocrx_word' id='word_1_80' title='bbox 1618 1358 1821 1417; x_wconf 87' lang='grc' dir='ltr'><strong>πάντως</strong></span> <span class='ocrx_word' id='word_1_81' title='bbox 1895 1359 1985 1406; x_wconf 82' lang='grc' dir='ltr'><strong>καὶ</strong></span> 
     </span>
    </p>
   </div>
   <div class='ocr_carea' id='block_1_15' title="bbox 378 1446 1987 1519">
    <p class='ocr_par' dir='ltr' id='par_1_15' title="bbox 378 1446 1987 1519">
     <span class='ocr_line' id='line_1_15' title="bbox 378 1446 1987 1519; baseline -0.005 -16"><span class='ocrx_word' id='word_1_82' title='bbox 378 1451 556 1518; x_wconf 64' lang='grc' dir='ltr'><strong>ἡμεῖς,</strong></span> <span class='ocrx_word' id='word_1_83' title='bbox 596 1450 645 1499; x_wconf 81' lang='grc' dir='ltr'><strong>οἱ</strong></span> <span class='ocrx_word' id='word_1_84' title='bbox 674 1454 765 1499; x_wconf 80' lang='grc' dir='ltr'><strong>τοῦ</strong></span> <span class='ocrx_word' id='word_1_85' title='bbox 806 1446 1035 1519; x_wconf 83' lang='grc' dir='ltr'><strong>μεγοίλου</strong></span> <span class='ocrx_word' id='word_1_86' title='bbox 1073 1466 1159 1498; x_wconf 86' lang='grc' dir='ltr'><strong>και</strong></span> <span class='ocrx_word' id='word_1_87' title='bbox 1203 1451 1410 1518; x_wconf 75' lang='grc' dir='ltr'><strong>πρώτου</strong></span> <span class='ocrx_word' id='word_1_88' title='bbox 1450 1448 1736 1518; x_wconf 71' lang='grc' dir='ltr'><strong>ἀρχιερέως</strong></span> <span class='ocrx_word' id='word_1_89' title='bbox 1789 1449 1987 1517; x_wconf 83' lang='grc' dir='ltr'><strong>ίερουρ-</strong></span> 
     </span>
    </p>
   </div>
   <div class='ocr_carea' id='block_1_16' title="bbox 370 1532 1983 1607">
    <p class='ocr_par' dir='ltr' id='par_1_16' title="bbox 370 1532 1983 1607">
     <span class='ocr_line' id='line_1_16' title="bbox 370 1532 1983 1607; baseline -0.001 -21"><span class='ocrx_word' id='word_1_90' title='bbox 370 1540 463 1604; x_wconf 80' lang='grc' dir='ltr'><strong>γοὶ</strong></span> <span class='ocrx_word' id='word_1_91' title='bbox 493 1534 608 1586; x_wconf 82' lang='grc' dir='ltr'><strong>κατ’</strong></span> <span class='ocrx_word' id='word_1_92' title='bbox 636 1538 809 1607; x_wconf 78' lang='grc' dir='ltr'><strong>ἴχνος,</strong></span> <span class='ocrx_word' id='word_1_93' title='bbox 841 1544 937 1597; x_wconf 72' lang='grc' dir='ltr'><strong>τῆς</strong></span> <span class='ocrx_word' id='word_1_94' title='bbox 980 1536 1329 1593; x_wconf 82' lang='grc' dir='ltr'><strong>άποστολικῆς</strong></span> <span class='ocrx_word' id='word_1_95' title='bbox 1378 1537 1576 1594; x_wconf 83' lang='grc' dir='ltr'><strong>ταύτης</strong></span> <span class='ocrx_word' id='word_1_96' title='bbox 1633 1532 1983 1607; x_wconf 70' lang='grc' dir='ltr'><strong>παραγγελίας</strong></span> 
     </span>
    </p>
   </div>
   <div class='ocr_carea' id='block_1_17' title="bbox 371 1621 1983 1695">
    <p class='ocr_par' dir='ltr' id='par_1_17' title="bbox 371 1621 1983 1695">
     <span class='ocr_line' id='line_1_17' title="bbox 371 1621 1983 1695; baseline -0.002 -20"><span class='ocrx_word' id='word_1_97' title='bbox 371 1625 717 1686; x_wconf 70' lang='grc' dir='ltr'><strong>πνεπεσθαι,</strong></span> <span class='ocrx_word' id='word_1_98' title='bbox 761 1627 852 1675; x_wconf 76' lang='grc' dir='ltr'><strong>καὶ</strong></span> <span class='ocrx_word' id='word_1_99' title='bbox 894 1626 981 1676; x_wconf 59' lang='grc' dir='ltr'><strong>ἔπι</strong></span> <span class='ocrx_word' id='word_1_100' title='bbox 1031 1630 1163 1675; x_wconf 75' lang='grc' dir='ltr'><strong>πᾶσι</strong></span> <span class='ocrx_word' id='word_1_101' title='bbox 1352 1630 1463 1681; x_wconf 86' lang='grc' dir='ltr'><strong>τοῖς</strong></span> <span class='ocrx_word' id='word_1_102' title='bbox 1514 1621 1687 1683; x_wconf 79' lang='grc' dir='ltr'><strong>ἄλλοις</strong></span> <span class='ocrx_word' id='word_1_103' title='bbox 1726 1627 1876 1695; x_wconf 83' lang='grc' dir='ltr'><strong>ἱεροῖς</strong></span> <span class='ocrx_word' id='word_1_104' title='bbox 1930 1640 1983 1673; x_wconf 91' lang='grc' dir='ltr'><strong>τε</strong></span> 
     </span>
    </p>
   </div>
   <div class='ocr_carea' id='block_1_18' title="bbox 365 1707 1974 1784">
    <p class='ocr_par' dir='ltr' id='par_1_18' title="bbox 365 1707 1974 1784">
     <span class='ocr_line' id='line_1_18' title="bbox 365 1707 1974 1784; baseline -0.002 -21"><span class='ocrx_word' id='word_1_105' title='bbox 365 1715 457 1763; x_wconf 77' lang='grc' dir='ltr'><strong>καὶ</strong></span> <span class='ocrx_word' id='word_1_106' title='bbox 503 1713 658 1773; x_wconf 81' lang='grc' dir='ltr'><strong>θείοις</strong></span> <span class='ocrx_word' id='word_1_107' title='bbox 712 1707 1000 1784; x_wconf 77' lang='grc' dir='ltr'><strong>δόγμασιν,</strong></span> <span class='ocrx_word' id='word_1_108' title='bbox 1049 1711 1155 1783; x_wconf 80' lang='grc' dir='ltr'><strong>οὐχ</strong></span> <span class='ocrx_word' id='word_1_109' title='bbox 1220 1714 1415 1770; x_wconf 74' lang='grc' dir='ltr'><strong>ἣκιστα</strong></span> <span class='ocrx_word' id='word_1_110' title='bbox 1459 1715 1549 1762; x_wconf 79' lang='grc' dir='ltr'><strong>καὶ</strong></span> <span class='ocrx_word' id='word_1_111' title='bbox 1592 1708 1669 1761; x_wconf 72' lang='grc' dir='ltr'><strong>ἐπ’</strong></span> <span class='ocrx_word' id='word_1_112' title='bbox 1719 1709 1852 1781; x_wconf 77' lang='grc' dir='ltr'><strong>αὐτῇ</strong></span> <span class='ocrx_word' id='word_1_113' title='bbox 1912 1718 1974 1779; x_wconf 66' lang='grc' dir='ltr'><strong>τῇ</strong></span> 
     </span>
    </p>
   </div>
   <div class='ocr_carea' id='block_1_19' title="bbox 364 1796 1978 1875">
    <p class='ocr_par' dir='ltr' id='par_1_19' title="bbox 364 1796 1978 1875">
     <span class='ocr_line' id='line_1_19' title="bbox 364 1796 1978 1875; baseline -0.002 -23"><span class='ocrx_word' id='word_1_114' title='bbox 364 1807 462 1860; x_wconf 77' lang='grc' dir='ltr'><strong>τῆς</strong></span> <span class='ocrx_word' id='word_1_115' title='bbox 518 1801 809 1875; x_wconf 69' lang='grc' dir='ltr'><strong>ἱερουργίας</strong></span> <span class='ocrx_word' id='word_1_116' title='bbox 860 1796 1110 1875; x_wconf 69' lang='grc' dir='ltr'><strong>φρικώδει</strong></span> <span class='ocrx_word' id='word_1_117' title='bbox 1162 1805 1253 1852; x_wconf 80' lang='grc' dir='ltr'><strong>καί</strong></span> <span class='ocrx_word' id='word_1_118' title='bbox 1311 1807 1472 1871; x_wconf 81' lang='grc' dir='ltr'><strong>σεπτῇ</strong></span> <span class='ocrx_word' id='word_1_119' title='bbox 1541 1799 1738 1869; x_wconf 72' lang='grc' dir='ltr'><strong>τελετῇ,</strong></span> <span class='ocrx_word' id='word_1_120' title='bbox 1793 1805 1824 1869; x_wconf 70' lang='grc' dir='ltr'><strong><em>ᾗ</em></strong></span> <span class='ocrx_word' id='word_1_121' title='bbox 1890 1801 1978 1849; x_wconf 71' lang='grc' dir='ltr'><strong>καὶ</strong></span> 
     </span>
    </p>
   </div>
   <div class='ocr_carea' id='block_1_20' title="bbox 361 1887 1411 1964">
    <p class='ocr_par' dir='ltr' id='par_1_20' title="bbox 361 1887 1411 1964">
     <span class='ocr_line' id='line_1_20' title="bbox 361 1887 1411 1964; baseline 0 -25"><span class='ocrx_word' id='word_1_122' title='bbox 361 1894 679 1962; x_wconf 76' lang='grc' dir='ltr'><strong>πρώτιστον,</strong></span> <span class='ocrx_word' id='word_1_123' title='bbox 748 1887 897 1964; x_wconf 71' lang='grc' dir='ltr'><strong>ὶργον</strong></span> <span class='ocrx_word' id='word_1_124' title='bbox 976 1897 1079 1940; x_wconf 84' lang='grc' dir='ltr'><strong>τῶν</strong></span> <span class='ocrx_word' id='word_1_125' title='bbox 1111 1910 1123 1918; x_wconf 92' lang='grc'><strong>·</strong></span> <span class='ocrx_word' id='word_1_126' title='bbox 1154 1890 1223 1941; x_wconf 83' lang='grc' dir='ltr'><strong>τὰ</strong></span> <span class='ocrx_word' id='word_1_127' title='bbox 1298 1890 1411 1941; x_wconf 76' lang='grc' dir='ltr'><strong>θεῖα</strong></span> 
     </span>
    </p>
   </div>
   <div class='ocr_carea' id='block_1_21' title="bbox 356 1972 1967 2052">
    <p class='ocr_par' dir='ltr' id='par_1_21' title="bbox 356 1972 1967 2052">
     <span class='ocr_line' id='line_1_21' title="bbox 356 1972 1967 2052; baseline 0.001 -25"><span class='ocrx_word' id='word_1_128' title='bbox 356 1980 696 2049; x_wconf 72' lang='grc' dir='ltr'><strong>ὶγνώρισται.</strong></span> <span class='ocrx_word' id='word_1_129' title='bbox 781 1974 924 2031; x_wconf 80' lang='grc' dir='ltr'><strong>Ἐπεί</strong></span> <span class='ocrx_word' id='word_1_130' title='bbox 976 1972 1065 2030; x_wconf 78' lang='grc' dir='ltr'><strong>οὖν</strong></span> <span class='ocrx_word' id='word_1_131' title='bbox 1119 1979 1254 2029; x_wconf 70' lang='grc' dir='ltr'><strong>οὕτω</strong></span> <span class='ocrx_word' id='word_1_132' title='bbox 1324 1979 1415 2049; x_wconf 57' lang='grc' dir='ltr'><strong>μιν</strong></span> <span class='ocrx_word' id='word_1_133' title='bbox 1466 1983 1632 2029; x_wconf 82' lang='grc' dir='ltr'><strong>ταῦτα</strong></span> <span class='ocrx_word' id='word_1_134' title='bbox 1690 1982 1967 2052; x_wconf 77' lang='grc' dir='ltr'><strong>προσήκει,</strong></span> 
     </span>
    </p>
   </div>
   <div class='ocr_carea' id='block_1_22' title="bbox 350 2059 1969 2141">
    <p class='ocr_par' dir='ltr' id='par_1_22' title="bbox 350 2059 1969 2141">
     <span class='ocr_line' id='line_1_22' title="bbox 350 2059 1969 2141; baseline 0 -24"><span class='ocrx_word' id='word_1_135' title='bbox 350 2066 510 2137; x_wconf 81' lang='grc' dir='ltr'><strong>λόγος</strong></span> <span class='ocrx_word' id='word_1_136' title='bbox 563 2063 623 2118; x_wconf 78' lang='grc' dir='ltr'><strong>δε</strong></span> <span class='ocrx_word' id='word_1_137' title='bbox 688 2086 768 2128; x_wconf 90' lang='grc' dir='ltr'><strong>τις</strong></span> <span class='ocrx_word' id='word_1_138' title='bbox 824 2071 1285 2141; x_wconf 63' lang='grc' dir='ltr'><strong>πῳεμπέπτωκεν,</strong></span> <span class='ocrx_word' id='word_1_139' title='bbox 1344 2069 1398 2118; x_wconf 78' lang='grc' dir='ltr'><strong>ἄν</strong></span> <span class='ocrx_word' id='word_1_140' title='bbox 1460 2062 1529 2123; x_wconf 73' lang='grc' dir='ltr'><strong>δὴ</strong></span> <span class='ocrx_word' id='word_1_141' title='bbox 1604 2059 1693 2117; x_wconf 85' lang='grc' dir='ltr'><strong>καί</strong></span> <span class='ocrx_word' id='word_1_142' title='bbox 1752 2068 1819 2126; x_wconf 79' lang='grc' dir='ltr'><strong>εἰς</strong></span> <span class='ocrx_word' id='word_1_143' title='bbox 1875 2070 1969 2128; x_wconf 79' lang='grc' dir='ltr'><strong>τὰς</strong></span> 
     </span>
    </p>
   </div>
   <div class='ocr_carea' id='block_1_23' title="bbox 349 2152 1967 2229">
    <p class='ocr_par' dir='ltr' id='par_1_23' title="bbox 349 2152 1967 2229">
     <span class='ocr_line' id='line_1_23' title="bbox 349 2152 1967 2229; baseline 0.001 -23"><span class='ocrx_word' id='word_1_144' title='bbox 349 2153 596 2207; x_wconf 78' lang='grc' dir='ltr'><strong>ἁπάντων</strong></span> <span class='ocrx_word' id='word_1_145' title='bbox 629 2152 828 2226; x_wconf 82' lang='grc' dir='ltr'><strong>σχεδόν</strong></span> <span class='ocrx_word' id='word_1_146' title='bbox 869 2155 1027 2216; x_wconf 78' lang='grc' dir='ltr'><strong>ἀκοὰς</strong></span> <span class='ocrx_word' id='word_1_147' title='bbox 1075 2152 1555 2229; x_wconf 82' lang='grc' dir='ltr'><strong>διατεθρυλλῆσθαι</strong></span> <span class='ocrx_word' id='word_1_148' title='bbox 1605 2152 1711 2213; x_wconf 70' lang='grc' dir='ltr'><strong>ἤδη</strong></span> <span class='ocrx_word' id='word_1_149' title='bbox 1778 2155 1967 2226; x_wconf 59' lang='grc' dir='ltr'><strong>συμϐεο</strong></span> 
     </span>
    </p>
   </div>
   <div class='ocr_carea' id='block_1_24' title="bbox 350 2243 1964 2318">
    <p class='ocr_par' dir='ltr' id='par_1_24' title="bbox 350 2243 1964 2318">
     <span class='ocr_line' id='line_1_24' title="bbox 350 2243 1964 2318; baseline 0 -22"><span class='ocrx_word' id='word_1_150' title='bbox 350 2244 536 2307; x_wconf 63' lang='grc' dir='ltr'><strong>δηκεν,</strong></span> <span class='ocrx_word' id='word_1_151' title='bbox 588 2250 657 2304; x_wconf 78' lang='grc' dir='ltr'><strong>ὡς</strong></span> <span class='ocrx_word' id='word_1_152' title='bbox 712 2244 817 2318; x_wconf 80' lang='grc' dir='ltr'><strong>ἄρα</strong></span> <span class='ocrx_word' id='word_1_153' title='bbox 867 2246 897 2303; x_wconf 81' lang='grc' dir='ltr'><strong>ἠ</strong></span> <span class='ocrx_word' id='word_1_154' title='bbox 940 2248 1024 2297; x_wconf 69' lang='grc' dir='ltr'><strong>επί</strong></span> <span class='ocrx_word' id='word_1_155' title='bbox 1065 2252 1157 2296; x_wconf 78' lang='grc' dir='ltr'><strong>τοῦ</strong></span> <span class='ocrx_word' id='word_1_156' title='bbox 1218 2263 1481 2317; x_wconf 87' lang='grc' dir='ltr'><strong>σωτηριου</strong></span> <span class='ocrx_word' id='word_1_157' title='bbox 1526 2245 1727 2305; x_wconf 79' lang='grc' dir='ltr'><strong>πάθους</strong></span> <span class='ocrx_word' id='word_1_158' title='bbox 1774 2243 1964 2296; x_wconf 79' lang='grc' dir='ltr'><strong>ἐκτελε-</strong></span> 
     </span>
    </p>
   </div>
   <div class='ocr_carea' id='block_1_25' title="bbox 352 2335 1960 2408">
    <p class='ocr_par' dir='ltr' id='par_1_25' title="bbox 352 2335 1960 2408">
     <span class='ocr_line' id='line_1_25' title="bbox 352 2335 1960 2408; baseline -0.001 -23"><span class='ocrx_word' id='word_1_159' title='bbox 352 2336 548 2385; x_wconf 89' lang='grc' dir='ltr'><strong>σθεῖσα</strong></span> <span class='ocrx_word' id='word_1_160' title='bbox 612 2336 757 2406; x_wconf 84' lang='grc' dir='ltr'><strong>παρά</strong></span> <span class='ocrx_word' id='word_1_161' title='bbox 814 2340 907 2385; x_wconf 84' lang='grc' dir='ltr'><strong>τοῦ</strong></span> <span class='ocrx_word' id='word_1_162' title='bbox 979 2335 1471 2408; x_wconf 73' lang='grc' dir='ltr'><strong>ενανθρωπήσαντος</strong></span> <span class='ocrx_word' id='word_1_163' title='bbox 1528 2338 1699 2403; x_wconf 86' lang='grc' dir='ltr'><strong>Λόγου</strong></span> <span class='ocrx_word' id='word_1_164' title='bbox 1783 2335 1960 2398; x_wconf 82' lang='grc' dir='ltr'><strong>θυσια,</strong></span> 
     </span>
    </p>
   </div>
   <div class='ocr_carea' id='block_1_26' title="bbox 373 1180 637 1251">
    <p class='ocr_par' dir='ltr' id='par_1_26' title="bbox 373 1180 637 1251">
     <span class='ocr_line' id='line_1_26' title="bbox 373 1180 637 1251; baseline 0.011 -19"><span class='ocrx_word' id='word_1_165' title='bbox 373 1180 637 1251; x_wconf 74' lang='grc' dir='ltr'><strong>λέγοντος.</strong></span> 
     </span>
    </p>
   </div>
   <div class='ocr_carea' id='block_1_27' title="bbox 944 1270 1152 1327">
    <p class='ocr_par' dir='ltr' id='par_1_27' title="bbox 944 1270 1152 1327">
     <span class='ocr_line' id='line_1_27' title="bbox 944 1270 1152 1327; baseline -0.014 -4"><span class='ocrx_word' id='word_1_166' title='bbox 944 1270 1152 1327; x_wconf 79' lang='grc' dir='ltr'><strong>Ἰησοῦν</strong></span> 
     </span>
    </p>
   </div>
   <div class='ocr_carea' id='block_1_28' title="bbox 350 2421 1963 2495">
    <p class='ocr_par' dir='ltr' id='par_1_28' title="bbox 350 2421 1963 2495">
     <span class='ocr_line' id='line_1_28' title="bbox 350 2421 1963 2495; baseline 0.001 -22"><span class='ocrx_word' id='word_1_167' title='bbox 350 2431 447 2474; x_wconf 70' lang='grc' dir='ltr'><strong>τοῦ</strong></span> <span class='ocrx_word' id='word_1_168' title='bbox 498 2421 819 2475; x_wconf 81' lang='grc' dir='ltr'><strong>Δεσποτικοῦ</strong></span> <span class='ocrx_word' id='word_1_169' title='bbox 848 2442 1011 2495; x_wconf 75' lang='grc' dir='ltr'><strong>φαμεν</strong></span> <span class='ocrx_word' id='word_1_170' title='bbox 1062 2428 1301 2495; x_wconf 82' lang='grc' dir='ltr'><strong>σώματος</strong></span> <span class='ocrx_word' id='word_1_171' title='bbox 1364 2427 1454 2475; x_wconf 82' lang='grc' dir='ltr'><strong>καί</strong></span> <span class='ocrx_word' id='word_1_172' title='bbox 1506 2424 1750 2495; x_wconf 81' lang='grc' dir='ltr'><strong>αἵματος,</strong></span> <span class='ocrx_word' id='word_1_173' title='bbox 1798 2441 1963 2495; x_wconf 87' lang='grc' dir='ltr'><strong>προσ-</strong></span> 
     </span>
    </p>
   </div>
   <div class='ocr_carea' id='block_1_29' title="bbox 350 2508 1963 2586">
    <p class='ocr_par' dir='ltr' id='par_1_29' title="bbox 350 2508 1963 2586">
     <span class='ocr_line' id='line_1_29' title="bbox 350 2508 1963 2586; baseline 0 -23"><span class='ocrx_word' id='word_1_174' title='bbox 350 2516 667 2572; x_wconf 72' lang='grc' dir='ltr'><strong>επίτούτοις</strong></span> <span class='ocrx_word' id='word_1_175' title='bbox 710 2508 770 2564; x_wconf 78' lang='grc' dir='ltr'><strong>δέ</strong></span> <span class='ocrx_word' id='word_1_176' title='bbox 809 2531 900 2563; x_wconf 86' lang='grc' dir='ltr'><strong>και</strong></span> <span class='ocrx_word' id='word_1_177' title='bbox 938 2514 968 2569; x_wconf 80' lang='grc' dir='ltr'>ἡ</span> <span class='ocrx_word' id='word_1_178' title='bbox 1007 2511 1120 2563; x_wconf 82' lang='grc' dir='ltr'><strong>καθ’</strong></span> <span class='ocrx_word' id='word_1_179' title='bbox 1167 2518 1361 2586; x_wconf 76' lang='grc' dir='ltr'><strong>ἡμέραν</strong></span> <span class='ocrx_word' id='word_1_180' title='bbox 1419 2516 1561 2586; x_wconf 88' lang='grc' dir='ltr'><strong>παρά</strong></span> <span class='ocrx_word' id='word_1_181' title='bbox 1614 2520 1713 2563; x_wconf 86' lang='grc' dir='ltr'><strong>τῶν</strong></span> <span class='ocrx_word' id='word_1_182' title='bbox 1768 2517 1963 2585; x_wconf 82' lang='grc' dir='ltr'><strong>ἱερουρ-</strong></span> 
     </span>
    </p>
   </div>
   <div class='ocr_carea' id='block_1_30' title="bbox 345 2598 1964 2674">
    <p class='ocr_par' dir='ltr' id='par_1_30' title="bbox 345 2598 1964 2674">
     <span class='ocr_line' id='line_1_30' title="bbox 345 2598 1964 2674; baseline 0.001 -22"><span class='ocrx_word' id='word_1_183' title='bbox 345 2606 582 2670; x_wconf 71' lang='grc' dir='ltr'><strong>γούντων</strong></span> <span class='ocrx_word' id='word_1_184' title='bbox 642 2601 977 2674; x_wconf 66' lang='grc' dir='ltr'><strong>ἐνεργουμένη</strong></span> <span class='ocrx_word' id='word_1_185' title='bbox 1061 2598 1439 2673; x_wconf 79' lang='grc' dir='ltr'><strong>μυστηριῶδης</strong></span> <span class='ocrx_word' id='word_1_186' title='bbox 1528 2604 1747 2672; x_wconf 81' lang='grc' dir='ltr'><strong>ἁγιστὶα</strong></span> <span class='ocrx_word' id='word_1_187' title='bbox 1833 2608 1964 2674; x_wconf 85' lang='grc' dir='ltr'><strong>πρός</strong></span> 
     </span>
    </p>
   </div>
   <div class='ocr_carea' id='block_1_31' title="bbox 347 2690 1963 2765">
    <p class='ocr_par' dir='ltr' id='par_1_31' title="bbox 347 2690 1963 2765">
     <span class='ocr_line' id='line_1_31' title="bbox 347 2690 1963 2765; baseline 0.002 -25"><span class='ocrx_word' id='word_1_188' title='bbox 347 2696 446 2747; x_wconf 77' lang='grc' dir='ltr'><strong>τὴν</strong></span> <span class='ocrx_word' id='word_1_189' title='bbox 472 2690 665 2743; x_wconf 81' lang='grc' dir='ltr'><strong>ἐκείνου</strong></span> <span class='ocrx_word' id='word_1_190' title='bbox 692 2690 1004 2762; x_wconf 75' lang='grc' dir='ltr'><strong>ἀνάμνησιν,</strong></span> <span class='ocrx_word' id='word_1_191' title='bbox 1037 2695 1096 2742; x_wconf 79' lang='grc' dir='ltr'><strong>οὐ</strong></span> <span class='ocrx_word' id='word_1_192' title='bbox 1126 2696 1299 2761; x_wconf 83' lang='grc' dir='ltr'><strong>καὶτῷ</strong></span> <span class='ocrx_word' id='word_1_193' title='bbox 1312 2694 1418 2762; x_wconf 83' lang='grc' dir='ltr'><strong>Υἰῷ</strong></span> <span class='ocrx_word' id='word_1_194' title='bbox 1444 2693 1789 2765; x_wconf 70' lang='grc' dir='ltr'><strong>προσηνέχθη</strong></span> <span class='ocrx_word' id='word_1_195' title='bbox 1811 2697 1963 2745; x_wconf 84' lang='grc' dir='ltr'><strong>τεκαί</strong></span> 
     </span>
    </p>
   </div>
   <div class='ocr_carea' id='block_1_32' title="bbox 346 2778 1430 2853">
    <p class='ocr_par' dir='ltr' id='par_1_32' title="bbox 346 2778 1430 2853">
     <span class='ocr_line' id='line_1_32' title="bbox 346 2778 1430 2853; baseline 0.002 -22"><span class='ocrx_word' id='word_1_196' title='bbox 346 2783 695 2851; x_wconf 73' lang='grc' dir='ltr'><strong>προσάγεται,</strong></span> <span class='ocrx_word' id='word_1_197' title='bbox 729 2778 857 2831; x_wconf 78' lang='grc' dir='ltr'><strong>ἀλλά</strong></span> <span class='ocrx_word' id='word_1_198' title='bbox 884 2799 945 2851; x_wconf 84' lang='grc' dir='ltr'><strong>γε</strong></span> <span class='ocrx_word' id='word_1_199' title='bbox 970 2784 1109 2851; x_wconf 83' lang='grc' dir='ltr'><strong>μόνῳ</strong></span> <span class='ocrx_word' id='word_1_200' title='bbox 1137 2788 1210 2851; x_wconf 80' lang='grc' dir='ltr'><strong>τῷ</strong></span> <span class='ocrx_word' id='word_1_201' title='bbox 1242 2786 1430 2853; x_wconf 84' lang='grc' dir='ltr'><strong>Πατρί.</strong></span> 
     </span>
    </p>
   </div>
   <div class='ocr_carea' id='block_1_33' title="bbox 422 2865 1961 2945">
    <p class='ocr_par' dir='ltr' id='par_1_33' title="bbox 422 2865 1961 2945">
     <span class='ocr_line' id='line_1_33' title="bbox 422 2865 1961 2945; baseline 0.001 -23"><span class='ocrx_word' id='word_1_202' title='bbox 422 2868 631 2922; x_wconf 81' lang='grc' dir='ltr'><strong>Μέλλων</strong></span> <span class='ocrx_word' id='word_1_203' title='bbox 690 2865 749 2921; x_wconf 72' lang='grc' dir='ltr'><strong>δε</strong></span> <span class='ocrx_word' id='word_1_204' title='bbox 805 2867 890 2920; x_wconf 79' lang='grc' dir='ltr'><strong>έπὶ</strong></span> <span class='ocrx_word' id='word_1_205' title='bbox 945 2870 1150 2931; x_wconf 72' lang='grc' dir='ltr'><strong>τούτοις</strong></span> <span class='ocrx_word' id='word_1_206' title='bbox 1197 2874 1290 2921; x_wconf 87' lang='grc' dir='ltr'><strong>καί</strong></span> <span class='ocrx_word' id='word_1_207' title='bbox 1336 2870 1364 2921; x_wconf 86' lang='grc' dir='ltr'><strong>ὀ</strong></span> <span class='ocrx_word' id='word_1_208' title='bbox 1435 2872 1710 2944; x_wconf 83' lang='grc' dir='ltr'><strong>ἱερώτατος</strong></span> <span class='ocrx_word' id='word_1_209' title='bbox 1768 2890 1961 2945; x_wconf 86' lang='grc' dir='ltr'><strong>μητρο-</strong></span> 
     </span>
    </p>
   </div>
   <div class='ocr_carea' id='block_1_34' title="bbox 346 2955 1959 3033">
    <p class='ocr_par' dir='ltr' id='par_1_34' title="bbox 346 2955 1959 3033">
     <span class='ocr_line' id='line_1_34' title="bbox 346 2955 1959 3033; baseline 0.001 -24"><span class='ocrx_word' id='word_1_210' title='bbox 346 2958 566 3017; x_wconf 86' lang='grc' dir='ltr'><strong>πολίτης</strong></span> <span class='ocrx_word' id='word_1_211' title='bbox 584 2958 801 3019; x_wconf 84' lang='grc' dir='ltr'><strong>Ῥωσίας</strong></span> <span class='ocrx_word' id='word_1_212' title='bbox 828 2962 1153 3030; x_wconf 80' lang='grc' dir='ltr'><strong>μακροτέραν</strong></span> <span class='ocrx_word' id='word_1_213' title='bbox 1210 2955 1513 3031; x_wconf 71' lang='grc' dir='ltr'><strong>ἀποδημίαν</strong></span> <span class='ocrx_word' id='word_1_214' title='bbox 1560 2964 1652 3017; x_wconf 79' lang='grc' dir='ltr'><strong>τὴν</strong></span> <span class='ocrx_word' id='word_1_215' title='bbox 1700 2964 1827 3033; x_wconf 86' lang='grc' dir='ltr'><strong>πρός</strong></span> <span class='ocrx_word' id='word_1_216' title='bbox 1865 2966 1959 3018; x_wconf 76' lang='grc' dir='ltr'><strong>τὴν</strong></span> 
     </span>
    </p>
   </div>
   <div class='ocr_carea' id='block_1_35' title="bbox 344 3047 1960 3122">
    <p class='ocr_par' dir='ltr' id='par_1_35' title="bbox 344 3047 1960 3122">
     <span class='ocr_line' id='line_1_35' title="bbox 344 3047 1960 3122; baseline 0.001 -23"><span class='ocrx_word' id='word_1_217' title='bbox 344 3049 627 3118; x_wconf 83' lang='grc' dir='ltr'><strong>λαχοῦσαν</strong></span> <span class='ocrx_word' id='word_1_218' title='bbox 657 3047 813 3099; x_wconf 78' lang='grc' dir='ltr'><strong>αὐτόν</strong></span> <span class='ocrx_word' id='word_1_219' title='bbox 846 3047 1171 3113; x_wconf 83' lang='grc' dir='ltr'><strong>στείλασθαι,</strong></span> <span class='ocrx_word' id='word_1_220' title='bbox 1213 3053 1307 3105; x_wconf 76' lang='grc' dir='ltr'><strong>τὴν</strong></span> <span class='ocrx_word' id='word_1_221' title='bbox 1505 3049 1697 3101; x_wconf 78' lang='grc' dir='ltr'><strong>οἰκείαν</strong></span> <span class='ocrx_word' id='word_1_222' title='bbox 1747 3056 1960 3122; x_wconf 83' lang='grc' dir='ltr'><strong>γνωμην</strong></span> 
     </span>
    </p>
   </div>
   <div class='ocr_carea' id='block_1_36' title="bbox 345 3134 1959 3213">
    <p class='ocr_par' dir='ltr' id='par_1_36' title="bbox 345 3134 1959 3213">
     <span class='ocr_line' id='line_1_36' title="bbox 345 3134 1959 3213; baseline 0.001 -25"><span class='ocrx_word' id='word_1_223' title='bbox 345 3134 729 3210; x_wconf 78' lang='grc' dir='ltr'><strong>ἁριδηλοτέραν</strong></span> <span class='ocrx_word' id='word_1_224' title='bbox 770 3139 897 3209; x_wconf 83' lang='grc' dir='ltr'><strong>ἡμῖν</strong></span> <span class='ocrx_word' id='word_1_225' title='bbox 937 3141 1025 3188; x_wconf 85' lang='grc' dir='ltr'><strong>καί</strong></span> <span class='ocrx_word' id='word_1_226' title='bbox 1072 3136 1253 3189; x_wconf 77' lang='grc' dir='ltr'><strong>ἄλλοτε</strong></span> <span class='ocrx_word' id='word_1_227' title='bbox 1281 3142 1631 3210; x_wconf 85' lang='grc' dir='ltr'><strong>παρέστησεν,</strong></span> <span class='ocrx_word' id='word_1_228' title='bbox 1677 3142 1746 3198; x_wconf 83' lang='grc' dir='ltr'><strong>ως</strong></span> <span class='ocrx_word' id='word_1_229' title='bbox 1788 3148 1959 3213; x_wconf 77' lang='grc' dir='ltr'><strong>μικρῷ</strong></span> 
     </span>
    </p>
   </div>
   <div class='ocr_carea' id='block_1_37' title="bbox 2093 643 3746 717">
    <p class='ocr_par' dir='ltr' id='par_1_37' title="bbox 2093 643 3746 717">
     <span class='ocr_line' id='line_1_37' title="bbox 2093 643 3746 717; baseline -0.001 -18"><span class='ocrx_word' id='word_1_230' title='bbox 2093 646 2307 709; x_wconf 69' lang='lat' dir='ltr'><strong>naxias,</strong></span> <span class='ocrx_word' id='word_1_231' title='bbox 2338 644 2722 711; x_wconf 60' lang='lat' dir='ltr'><strong>Mesembria,</strong></span> <span class='ocrx_word' id='word_1_232' title='bbox 2752 646 3028 717; x_wconf 81' lang='lat' dir='ltr'><strong>Bryseos,</strong></span> <span class='ocrx_word' id='word_1_233' title='bbox 3055 646 3283 701; x_wconf 68' lang='lat' dir='ltr'><strong>Gothiae</strong></span> <span class='ocrx_word' id='word_1_234' title='bbox 3319 649 3376 701; x_wconf 91' lang='lat' dir='ltr'><strong>et</strong></span> <span class='ocrx_word' id='word_1_235' title='bbox 3398 643 3746 709; x_wconf 79' lang='lat' dir='ltr'><strong>Heraclidis,</strong></span> 
     </span>
    </p>
   </div>
   <div class='ocr_carea' id='block_1_38' title="bbox 2094 732 3743 806">
    <p class='ocr_par' dir='ltr' id='par_1_38' title="bbox 2094 732 3743 806">
     <span class='ocr_line' id='line_1_38' title="bbox 2094 732 3743 806; baseline 0 -17"><span class='ocrx_word' id='word_1_236' title='bbox 2094 734 2428 790; x_wconf 77' lang='lat' dir='ltr'><strong>astantibus</strong></span> <span class='ocrx_word' id='word_1_237' title='bbox 2457 736 2639 790; x_wconf 90' lang='lat' dir='ltr'><strong>etiam</strong></span> <span class='ocrx_word' id='word_1_238' title='bbox 2670 737 2789 791; x_wconf 90' lang='lat' dir='ltr'><strong>Deo</strong></span> <span class='ocrx_word' id='word_1_239' title='bbox 2807 736 3177 791; x_wconf 89' lang='lat' dir='ltr'><strong>charissimis</strong></span> <span class='ocrx_word' id='word_1_240' title='bbox 3206 734 3494 806; x_wconf 79' lang='lat' dir='ltr'><strong>despotis,</strong></span> <span class='ocrx_word' id='word_1_241' title='bbox 3522 732 3743 805; x_wconf 87' lang='lat' dir='ltr'><strong>princi-</strong></span> 
     </span>
    </p>
   </div>
   <div class='ocr_carea' id='block_1_39' title="bbox 2094 823 2979 897">
    <p class='ocr_par' dir='ltr' id='par_1_39' title="bbox 2094 823 2979 897">
     <span class='ocr_line' id='line_1_39' title="bbox 2094 823 2979 897; baseline 0.001 -19"><span class='ocrx_word' id='word_1_242' title='bbox 2094 823 2294 895; x_wconf 86' lang='lat' dir='ltr'><strong>pibus,</strong></span> <span class='ocrx_word' id='word_1_243' title='bbox 2330 823 2580 896; x_wconf 78' lang='lat' dir='ltr'><strong>aliisque</strong></span> <span class='ocrx_word' id='word_1_244' title='bbox 2610 840 2732 881; x_wconf 93' lang='lat' dir='ltr'><strong>non</strong></span> <span class='ocrx_word' id='word_1_245' title='bbox 2752 825 2979 897; x_wconf 83' lang='lat' dir='ltr'><strong>paucis.</strong></span> 
     </span>
    </p>
   </div>
   <div class='ocr_carea' id='block_1_40' title="bbox 2165 1088 3745 1163">
    <p class='ocr_par' dir='ltr' id='par_1_40' title="bbox 2165 1088 3745 1163">
     <span class='ocr_line' id='line_1_40' title="bbox 2165 1088 3745 1163; baseline 0.001 -18"><span class='ocrx_word' id='word_1_246' title='bbox 2165 1092 2451 1145; x_wconf 72' lang='lat' dir='ltr'><strong>Memores</strong></span> <span class='ocrx_word' id='word_1_247' title='bbox 2472 1090 2631 1145; x_wconf 87' lang='lat' dir='ltr'><strong>beati</strong></span> <span class='ocrx_word' id='word_1_248' title='bbox 2651 1089 2908 1163; x_wconf 87' lang='lat' dir='ltr'><strong>apostoli</strong></span> <span class='ocrx_word' id='word_1_249' title='bbox 2936 1088 3107 1147; x_wconf 87' lang='lat' dir='ltr'><strong>Pauli</strong></span> <span class='ocrx_word' id='word_1_250' title='bbox 3126 1088 3381 1146; x_wconf 89' lang='lat' dir='ltr'><strong>dicentis</strong></span> <span class='ocrx_word' id='word_1_251' title='bbox 3405 1106 3419 1144; x_wconf 87' lang='lat'><strong>:</strong></span> <span class='ocrx_word' id='word_1_252' title='bbox 3442 1088 3745 1147; x_wconf 78' lang='lat' dir='ltr'><strong>Habentes</strong></span> 
     </span>
    </p>
   </div>
   <div class='ocr_carea' id='block_1_41' title="bbox 2091 1177 3743 1250">
    <p class='ocr_par' dir='ltr' id='par_1_41' title="bbox 2091 1177 3743 1250">
     <span class='ocr_line' id='line_1_41' title="bbox 2091 1177 3743 1250; baseline 0.001 -16"><span class='ocrx_word' id='word_1_253' title='bbox 2091 1179 2420 1250; x_wconf 79' lang='lat' dir='ltr'><strong>pontiﬁcem</strong></span> <span class='ocrx_word' id='word_1_254' title='bbox 2449 1194 2750 1249; x_wconf 86' lang='lat' dir='ltr'><strong>magnum,</strong></span> <span class='ocrx_word' id='word_1_255' title='bbox 2780 1182 2886 1250; x_wconf 72' lang='lat' dir='ltr'><strong>qui</strong></span> <span class='ocrx_word' id='word_1_256' title='bbox 2922 1179 2988 1235; x_wconf 80' lang='lat' dir='ltr'><strong>in</strong></span> <span class='ocrx_word' id='word_1_257' title='bbox 3013 1179 3229 1236; x_wconf 71' lang='lat' dir='ltr'><strong>calum</strong></span> <span class='ocrx_word' id='word_1_258' title='bbox 3256 1177 3619 1245; x_wconf 76' lang='lat' dir='ltr'><strong>conscendit,</strong></span> <span class='ocrx_word' id='word_1_259' title='bbox 3648 1179 3743 1236; x_wconf 83' lang='lat' dir='ltr'><strong>Je-</strong></span> 
     </span>
    </p>
   </div>
   <div class='ocr_carea' id='block_1_42' title="bbox 2092 1267 3745 1339">
    <p class='ocr_par' dir='ltr' id='par_1_42' title="bbox 2092 1267 3745 1339">
     <span class='ocr_line' id='line_1_42' title="bbox 2092 1267 3745 1339; baseline 0.001 -17"><span class='ocrx_word' id='word_1_260' title='bbox 2092 1282 2223 1323; x_wconf 77' lang='lat' dir='ltr'><strong>sum</strong></span> <span class='ocrx_word' id='word_1_261' title='bbox 2267 1268 2375 1324; x_wconf 78' lang='lat' dir='ltr'><strong>Dei</strong></span> <span class='ocrx_word' id='word_1_262' title='bbox 2399 1268 2646 1337; x_wconf 79' lang='lat' dir='ltr'><strong>Filium,</strong></span> <span class='ocrx_word' id='word_1_263' title='bbox 2680 1273 2982 1324; x_wconf 74' lang='lat' dir='ltr'><strong>teneamus</strong></span> <span class='ocrx_word' id='word_1_264' title='bbox 3018 1268 3184 1338; x_wconf 67' lang='lat' dir='ltr'><strong>ﬁdei,</strong></span> <span class='ocrx_word' id='word_1_265' title='bbox 3226 1267 3644 1337; x_wconf 74' lang='lat' dir='ltr'><strong>confessionem</strong></span> <span class='ocrx_word' id='word_1_266' title='bbox 3670 1268 3692 1301; x_wconf 86' lang='lat'><strong><em>&quot;</em></strong></span> <span class='ocrx_word' id='word_1_267' title='bbox 3718 1280 3745 1339; x_wconf 87' lang='lat'><strong><em>;</em></strong></span> 
     </span>
    </p>
   </div>
   <div class='ocr_carea' id='block_1_43' title="bbox 2094 1354 3742 1429">
    <p class='ocr_par' dir='ltr' id='par_1_43' title="bbox 2094 1354 3742 1429">
     <span class='ocr_line' id='line_1_43' title="bbox 2094 1354 3742 1429; baseline 0 -18"><span class='ocrx_word' id='word_1_268' title='bbox 2094 1369 2207 1411; x_wconf 91' lang='lat' dir='ltr'><strong>nos</strong></span> <span class='ocrx_word' id='word_1_269' title='bbox 2246 1372 2489 1429; x_wconf 88' lang='lat' dir='ltr'><strong>quoque</strong></span> <span class='ocrx_word' id='word_1_270' title='bbox 2517 1356 2767 1412; x_wconf 82' lang='lat' dir='ltr'><strong>omnino</strong></span> <span class='ocrx_word' id='word_1_271' title='bbox 2808 1356 3122 1422; x_wconf 87' lang='lat' dir='ltr'><strong>debemus,</strong></span> <span class='ocrx_word' id='word_1_272' title='bbox 3172 1371 3312 1412; x_wconf 90' lang='lat' dir='ltr'><strong>cum</strong></span> <span class='ocrx_word' id='word_1_273' title='bbox 3354 1354 3470 1411; x_wconf 82' lang='lat' dir='ltr'><strong>sub</strong></span> <span class='ocrx_word' id='word_1_274' title='bbox 3515 1367 3742 1425; x_wconf 86' lang='lat' dir='ltr'><strong>magno</strong></span> 
     </span>
    </p>
   </div>
   <div class='ocr_carea' id='block_1_44' title="bbox 2092 1442 3740 1517">
    <p class='ocr_par' dir='ltr' id='par_1_44' title="bbox 2092 1442 3740 1517">
     <span class='ocr_line' id='line_1_44' title="bbox 2092 1442 3740 1517; baseline 0 -17"><span class='ocrx_word' id='word_1_275' title='bbox 2092 1446 2412 1517; x_wconf 91' lang='lat' dir='ltr'><strong>primoque</strong></span> <span class='ocrx_word' id='word_1_276' title='bbox 2432 1446 2714 1517; x_wconf 84' lang='lat' dir='ltr'><strong>pontiﬁce</strong></span> <span class='ocrx_word' id='word_1_277' title='bbox 2736 1444 3075 1502; x_wconf 88' lang='lat' dir='ltr'><strong>sacerdotes</strong></span> <span class='ocrx_word' id='word_1_278' title='bbox 3099 1445 3314 1512; x_wconf 80' lang='lat' dir='ltr'><strong>simus,</strong></span> <span class='ocrx_word' id='word_1_279' title='bbox 3336 1442 3740 1516; x_wconf 89' lang='lat' dir='ltr'><strong>apostolicum</strong></span> 
     </span>
    </p>
   </div>
   <div class='ocr_carea' id='block_1_45' title="bbox 2091 1531 3740 1605">
    <p class='ocr_par' dir='ltr' id='par_1_45' title="bbox 2091 1531 3740 1605">
     <span class='ocr_line' id='line_1_45' title="bbox 2091 1531 3740 1605; baseline 0 -16"><span class='ocrx_word' id='word_1_280' title='bbox 2091 1534 2204 1589; x_wconf 90' lang='lat' dir='ltr'><strong>hoc</strong></span> <span class='ocrx_word' id='word_1_281' title='bbox 2226 1537 2595 1605; x_wconf 66' lang='lat' dir='ltr'><strong>praeceptum</strong></span> <span class='ocrx_word' id='word_1_282' title='bbox 2620 1546 2823 1604; x_wconf 79' lang='lat' dir='ltr'><strong>presse</strong></span> <span class='ocrx_word' id='word_1_283' title='bbox 2849 1534 3043 1605; x_wconf 88' lang='lat' dir='ltr'><strong>sequi,</strong></span> <span class='ocrx_word' id='word_1_284' title='bbox 3076 1548 3217 1589; x_wconf 92' lang='lat' dir='ltr'><strong>cum</strong></span> <span class='ocrx_word' id='word_1_285' title='bbox 3234 1533 3295 1588; x_wconf 88' lang='lat' dir='ltr'><strong>in</strong></span> <span class='ocrx_word' id='word_1_286' title='bbox 3311 1531 3740 1589; x_wconf 81' lang='lat' dir='ltr'><strong>aliisomnibus</strong></span> 
     </span>
    </p>
   </div>
   <div class='ocr_carea' id='block_1_46' title="bbox 2090 1621 3740 1695">
    <p class='ocr_par' dir='ltr' id='par_1_46' title="bbox 2090 1621 3740 1695">
     <span class='ocr_line' id='line_1_46' title="bbox 2090 1621 3740 1695; baseline -0.001 -18"><span class='ocrx_word' id='word_1_287' title='bbox 2090 1624 2275 1678; x_wconf 90' lang='lat' dir='ltr'><strong>sacris</strong></span> <span class='ocrx_word' id='word_1_288' title='bbox 2302 1622 2640 1695; x_wconf 76' lang='lat' dir='ltr'><strong>divinisque</strong></span> <span class='ocrx_word' id='word_1_289' title='bbox 2673 1622 3087 1693; x_wconf 79' lang='lat' dir='ltr'><strong>dogmatibus,</strong></span> <span class='ocrx_word' id='word_1_290' title='bbox 3124 1628 3251 1678; x_wconf 91' lang='lat' dir='ltr'><strong>tum</strong></span> <span class='ocrx_word' id='word_1_291' title='bbox 3283 1621 3451 1677; x_wconf 91' lang='lat' dir='ltr'><strong>haud</strong></span> <span class='ocrx_word' id='word_1_292' title='bbox 3492 1621 3740 1692; x_wconf 79' lang='lat' dir='ltr'><strong>segnius</strong></span> 
     </span>
    </p>
   </div>
   <div class='ocr_carea' id='block_1_47' title="bbox 2086 1709 3735 1784">
    <p class='ocr_par' dir='ltr' id='par_1_47' title="bbox 2086 1709 3735 1784">
     <span class='ocr_line' id='line_1_47' title="bbox 2086 1709 3735 1784; baseline 0 -17"><span class='ocrx_word' id='word_1_293' title='bbox 2086 1712 2147 1768; x_wconf 91' lang='lat' dir='ltr'><strong>in</strong></span> <span class='ocrx_word' id='word_1_294' title='bbox 2177 1713 2309 1783; x_wconf 90' lang='lat' dir='ltr'><strong>ipso</strong></span> <span class='ocrx_word' id='word_1_295' title='bbox 2339 1712 2652 1768; x_wconf 87' lang='lat' dir='ltr'><strong>tremendo</strong></span> <span class='ocrx_word' id='word_1_296' title='bbox 2684 1712 3155 1784; x_wconf 75' lang='lat' dir='ltr'><strong>venerandaque</strong></span> <span class='ocrx_word' id='word_1_297' title='bbox 3188 1711 3386 1767; x_wconf 64' lang='lat' dir='ltr'><strong>missa</strong></span> <span class='ocrx_word' id='word_1_298' title='bbox 3420 1709 3735 1777; x_wconf 84' lang='lat' dir='ltr'><strong>sacriﬁcio,</strong></span> 
     </span>
    </p>
   </div>
   <div class='ocr_carea' id='block_1_48' title="bbox 2084 1799 3730 1872">
    <p class='ocr_par' dir='ltr' id='par_1_48' title="bbox 2084 1799 3730 1872">
     <span class='ocr_line' id='line_1_48' title="bbox 2084 1799 3730 1872; baseline 0.002 -17"><span class='ocrx_word' id='word_1_299' title='bbox 2084 1800 2250 1872; x_wconf 91' lang='lat' dir='ltr'><strong>quod</strong></span> <span class='ocrx_word' id='word_1_300' title='bbox 2278 1801 2662 1857; x_wconf 86' lang='lat' dir='ltr'><strong>sacerdotum</strong></span> <span class='ocrx_word' id='word_1_301' title='bbox 2685 1816 2906 1857; x_wconf 89' lang='lat' dir='ltr'><strong>munus</strong></span> <span class='ocrx_word' id='word_1_302' title='bbox 2926 1805 3308 1857; x_wconf 89' lang='lat' dir='ltr'><strong>constatesse</strong></span> <span class='ocrx_word' id='word_1_303' title='bbox 3322 1799 3730 1872; x_wconf 69' lang='lat' dir='ltr'><strong>precipuum.</strong></span> 
     </span>
    </p>
   </div>
   <div class='ocr_carea' id='block_1_49' title="bbox 1511 1888 3291 1962">
    <p class='ocr_par' dir='ltr' id='par_1_49' title="bbox 1511 1888 3291 1962">
     <span class='ocr_line' id='line_1_49' title="bbox 1511 1888 3291 1962; baseline 0.003 -24"><span class='ocrx_word' id='word_1_304' title='bbox 1511 1890 1975 1959; x_wconf 76' lang='grc' dir='ltr'><strong>μυσταγωγούντιν</strong></span> <span class='ocrx_word' id='word_1_305' title='bbox 2003 1899 2046 1954; x_wconf 77' lang='grc' dir='ltr'><strong>Β</strong></span> <span class='ocrx_word' id='word_1_306' title='bbox 2082 1890 2777 1962; x_wconf 84' lang='lat' dir='ltr'><strong>Quandoquidemigitur</strong></span> <span class='ocrx_word' id='word_1_307' title='bbox 2791 1890 3037 1959; x_wconf 57' lang='lat' dir='ltr'><strong>haec,ita</strong></span> <span class='ocrx_word' id='word_1_308' title='bbox 3047 1904 3110 1946; x_wconf 88' lang='lat' dir='ltr'><strong>se</strong></span> <span class='ocrx_word' id='word_1_309' title='bbox 3124 1888 3291 1946; x_wconf 55' lang='lat' dir='ltr'><strong>habe}</strong></span> 
     </span>
    </p>
   </div>
   <div class='ocr_carea' id='block_1_50' title="bbox 1955 1888 3735 1962">
    <p class='ocr_par' dir='ltr' id='par_1_50' title="bbox 1955 1888 3735 1962">
     <span class='ocr_line' id='line_1_50' title="bbox 1955 1888 3735 1962; baseline -0.003 -13"><span class='ocrx_word' id='word_1_310' title='bbox 1955 1910 1975 1939; x_wconf 87' lang='grc' dir='ltr'><strong>ν</strong></span> <span class='ocrx_word' id='word_1_311' title='bbox 2003 1899 2046 1954; x_wconf 84' lang='grc' dir='ltr'><strong>Β</strong></span> <span class='ocrx_word' id='word_1_312' title='bbox 2082 1890 2586 1962; x_wconf 87' lang='lat' dir='ltr'><strong>Quandoquidem</strong></span> <span class='ocrx_word' id='word_1_313' title='bbox 2597 1891 2777 1960; x_wconf 78' lang='lat' dir='ltr'><strong>igitur</strong></span> <span class='ocrx_word' id='word_1_314' title='bbox 2791 1890 2941 1959; x_wconf 69' lang='lat' dir='ltr'><strong>hinc,</strong></span> <span class='ocrx_word' id='word_1_315' title='bbox 2954 1890 3037 1946; x_wconf 88' lang='lat' dir='ltr'><strong>ita</strong></span> <span class='ocrx_word' id='word_1_316' title='bbox 3047 1904 3110 1946; x_wconf 87' lang='lat' dir='ltr'><strong>se</strong></span> <span class='ocrx_word' id='word_1_317' title='bbox 3124 1888 3350 1946; x_wconf 79' lang='lat' dir='ltr'><strong>habere</strong></span> <span class='ocrx_word' id='word_1_318' title='bbox 3360 1903 3608 1944; x_wconf 90' lang='lat' dir='ltr'><strong>necesse</strong></span> <span class='ocrx_word' id='word_1_319' title='bbox 3623 1891 3735 1958; x_wconf 86' lang='lat' dir='ltr'><strong>est,</strong></span> 
     </span>
    </p>
   </div>
   <div class='ocr_carea' id='block_1_51' title="bbox 2078 1978 3735 2053">
    <p class='ocr_par' dir='ltr' id='par_1_51' title="bbox 2078 1978 3735 2053">
     <span class='ocr_line' id='line_1_51' title="bbox 2078 1978 3735 2053; baseline -0.001 -18"><span class='ocrx_word' id='word_1_320' title='bbox 2078 1984 2136 2036; x_wconf 88' lang='lat' dir='ltr'><strong>et</strong></span> <span class='ocrx_word' id='word_1_321' title='bbox 2165 1996 2367 2037; x_wconf 88' lang='lat' dir='ltr'><strong>sermo</strong></span> <span class='ocrx_word' id='word_1_322' title='bbox 2381 1981 2631 2053; x_wconf 81' lang='lat' dir='ltr'><strong>quidem</strong></span> <span class='ocrx_word' id='word_1_323' title='bbox 2651 1986 2991 2038; x_wconf 88' lang='lat' dir='ltr'><strong>commotus</strong></span> <span class='ocrx_word' id='word_1_324' title='bbox 3014 1979 3143 2045; x_wconf 81' lang='lat' dir='ltr'><strong>fuit,</strong></span> <span class='ocrx_word' id='word_1_325' title='bbox 3175 1993 3360 2052; x_wconf 88' lang='lat' dir='ltr'><strong>quem</strong></span> <span class='ocrx_word' id='word_1_326' title='bbox 3377 1978 3457 2035; x_wconf 87' lang='lat' dir='ltr'><strong>ad</strong></span> <span class='ocrx_word' id='word_1_327' title='bbox 3487 1982 3735 2035; x_wconf 35' lang='lat' dir='ltr'><strong>cunctos</strong></span> 
     </span>
    </p>
   </div>
   <div class='ocr_carea' id='block_1_52' title="bbox 2076 2066 3735 2143">
    <p class='ocr_par' dir='ltr' id='par_1_52' title="bbox 2076 2066 3735 2143">
     <span class='ocr_line' id='line_1_52' title="bbox 2076 2066 3735 2143; baseline -0.002 -17"><span class='ocrx_word' id='word_1_328' title='bbox 2076 2082 2212 2126; x_wconf 86' lang='lat' dir='ltr'><strong>rum</strong></span> <span class='ocrx_word' id='word_1_329' title='bbox 2251 2085 2439 2143; x_wconf 82' lang='lat' dir='ltr'><strong>prope</strong></span> <span class='ocrx_word' id='word_1_330' title='bbox 2488 2085 2665 2126; x_wconf 88' lang='lat' dir='ltr'><strong>aures</strong></span> <span class='ocrx_word' id='word_1_331' title='bbox 2710 2070 3061 2143; x_wconf 81' lang='lat' dir='ltr'><strong>pervenisse</strong></span> <span class='ocrx_word' id='word_1_332' title='bbox 3104 2069 3235 2140; x_wconf 89' lang='lat' dir='ltr'><strong>jam</strong></span> <span class='ocrx_word' id='word_1_333' title='bbox 3276 2067 3524 2138; x_wconf 76' lang='lat' dir='ltr'><strong>contigit</strong></span> <span class='ocrx_word' id='word_1_334' title='bbox 3563 2066 3735 2139; x_wconf 87' lang='lat' dir='ltr'><strong>quod</strong></span> 
     </span>
    </p>
   </div>
   <div class='ocr_carea' id='block_1_53' title="bbox 2074 2152 3732 2231">
    <p class='ocr_par' dir='ltr' id='par_1_53' title="bbox 2074 2152 3732 2231">
     <span class='ocr_line' id='line_1_53' title="bbox 2074 2152 3732 2231; baseline -0.001 -18"><span class='ocrx_word' id='word_1_335' title='bbox 2074 2172 2294 2229; x_wconf 91' lang='lat' dir='ltr'><strong>nempe</strong></span> <span class='ocrx_word' id='word_1_336' title='bbox 2323 2162 2637 2231; x_wconf 89' lang='lat' dir='ltr'><strong>peractum</strong></span> <span class='ocrx_word' id='word_1_337' title='bbox 2653 2158 2714 2213; x_wconf 84' lang='lat' dir='ltr'><strong>in</strong></span> <span class='ocrx_word' id='word_1_338' title='bbox 2736 2157 2981 2214; x_wconf 85' lang='lat' dir='ltr'><strong>salutari</strong></span> <span class='ocrx_word' id='word_1_339' title='bbox 3001 2157 3286 2229; x_wconf 84' lang='lat' dir='ltr'><strong>passione</strong></span> <span class='ocrx_word' id='word_1_340' title='bbox 3315 2154 3395 2213; x_wconf 87' lang='lat' dir='ltr'><strong>ab</strong></span> <span class='ocrx_word' id='word_1_341' title='bbox 3416 2152 3732 2212; x_wconf 86' lang='lat' dir='ltr'><strong>incarnato</strong></span> 
     </span>
    </p>
   </div>
   <div class='ocr_carea' id='block_1_54' title="bbox 2076 2242 3732 2318">
    <p class='ocr_par' dir='ltr' id='par_1_54' title="bbox 2076 2242 3732 2318">
     <span class='ocr_line' id='line_1_54' title="bbox 2076 2242 3732 2318; baseline 0 -21"><span class='ocrx_word' id='word_1_342' title='bbox 2076 2246 2273 2301; x_wconf 88' lang='lat' dir='ltr'><strong>Verbo</strong></span> <span class='ocrx_word' id='word_1_343' title='bbox 2321 2246 2702 2314; x_wconf 85' lang='lat' dir='ltr'><strong>sacriﬁcium,</strong></span> <span class='ocrx_word' id='word_1_344' title='bbox 2759 2246 3071 2314; x_wconf 87' lang='lat' dir='ltr'><strong>Dominici,</strong></span> <span class='ocrx_word' id='word_1_345' title='bbox 3131 2244 3405 2318; x_wconf 90' lang='lat' dir='ltr'><strong>inquam,</strong></span> <span class='ocrx_word' id='word_1_346' title='bbox 3459 2242 3732 2316; x_wconf 87' lang='lat' dir='ltr'><strong>corporis</strong></span> 
     </span>
    </p>
   </div>
   <div class='ocr_carea' id='block_1_55' title="bbox 2074 2332 3731 2407">
    <p class='ocr_par' dir='ltr' id='par_1_55' title="bbox 2074 2332 3731 2407">
     <span class='ocr_line' id='line_1_55' title="bbox 2074 2332 3731 2407; baseline -0.001 -19"><span class='ocrx_word' id='word_1_347' title='bbox 2074 2335 2507 2407; x_wconf 87' lang='lat' dir='ltr'><strong>sanguinisque</strong></span> <span class='ocrx_word' id='word_1_348' title='bbox 2535 2351 2548 2400; x_wconf 92' lang='lat'><strong>;</strong></span> <span class='ocrx_word' id='word_1_349' title='bbox 2576 2339 2636 2390; x_wconf 88' lang='lat' dir='ltr'><strong>et</strong></span> <span class='ocrx_word' id='word_1_350' title='bbox 2661 2333 2828 2407; x_wconf 88' lang='lat' dir='ltr'><strong>quod</strong></span> <span class='ocrx_word' id='word_1_351' title='bbox 2870 2334 3122 2406; x_wconf 88' lang='lat' dir='ltr'><strong>insuper</strong></span> <span class='ocrx_word' id='word_1_352' title='bbox 3150 2332 3507 2406; x_wconf 83' lang='lat' dir='ltr'><strong>quotidiana</strong></span> <span class='ocrx_word' id='word_1_353' title='bbox 3535 2346 3731 2388; x_wconf 36' lang='lat' dir='ltr'><strong>sacers</strong></span> 
     </span>
    </p>
   </div>
   <div class='ocr_carea' id='block_1_56' title="bbox 2072 2421 3728 2496">
    <p class='ocr_par' dir='ltr' id='par_1_56' title="bbox 2072 2421 3728 2496">
     <span class='ocr_line' id='line_1_56' title="bbox 2072 2421 3728 2496; baseline 0 -19"><span class='ocrx_word' id='word_1_354' title='bbox 2072 2421 2281 2479; x_wconf 90' lang='lat' dir='ltr'><strong>dctum</strong></span> <span class='ocrx_word' id='word_1_355' title='bbox 2320 2424 2577 2496; x_wconf 88' lang='lat' dir='ltr'><strong>mystica</strong></span> <span class='ocrx_word' id='word_1_356' title='bbox 2605 2438 2701 2479; x_wconf 90' lang='lat' dir='ltr'><strong>res</strong></span> <span class='ocrx_word' id='word_1_357' title='bbox 2737 2423 2963 2490; x_wconf 88' lang='lat' dir='ltr'><strong>divina,</strong></span> <span class='ocrx_word' id='word_1_358' title='bbox 2995 2438 3131 2496; x_wconf 76' lang='lat' dir='ltr'><strong>quas</strong></span> <span class='ocrx_word' id='word_1_359' title='bbox 3172 2422 3237 2478; x_wconf 91' lang='lat' dir='ltr'><strong>in</strong></span> <span class='ocrx_word' id='word_1_360' title='bbox 3272 2421 3431 2477; x_wconf 85' lang='lat' dir='ltr'><strong>illius</strong></span> <span class='ocrx_word' id='word_1_361' title='bbox 3463 2436 3728 2477; x_wconf 82' lang='lat' dir='ltr'><strong>comme-</strong></span> 
     </span>
    </p>
   </div>
   <div class='ocr_carea' id='block_1_57' title="bbox 2074 2508 3729 2584">
    <p class='ocr_par' dir='ltr' id='par_1_57' title="bbox 2074 2508 3729 2584">
     <span class='ocr_line' id='line_1_57' title="bbox 2074 2508 3729 2584; baseline -0.002 -16"><span class='ocrx_word' id='word_1_362' title='bbox 2074 2513 2472 2569; x_wconf 90' lang='lat' dir='ltr'><strong>morationem</strong></span> <span class='ocrx_word' id='word_1_363' title='bbox 2502 2514 2588 2577; x_wconf 83' lang='lat' dir='ltr'><strong>ﬁt,</strong></span> <span class='ocrx_word' id='word_1_364' title='bbox 2628 2512 3111 2584; x_wconf 87' lang='lat' dir='ltr'><strong>haudquaquam</strong></span> <span class='ocrx_word' id='word_1_365' title='bbox 3150 2510 3297 2567; x_wconf 87' lang='lat' dir='ltr'><strong>Filio</strong></span> <span class='ocrx_word' id='word_1_366' title='bbox 3317 2510 3524 2568; x_wconf 85' lang='lat' dir='ltr'><strong>oblata</strong></span> <span class='ocrx_word' id='word_1_367' title='bbox 3550 2508 3729 2566; x_wconf 80' lang='lat' dir='ltr'><strong>fuerit</strong></span> 
     </span>
    </p>
   </div>
   <div class='ocr_carea' id='block_1_58' title="bbox 2072 2599 3480 2671">
    <p class='ocr_par' dir='ltr' id='par_1_58' title="bbox 2072 2599 3480 2671">
     <span class='ocr_line' id='line_1_58' title="bbox 2072 2599 3480 2671; baseline -0.003 -12"><span class='ocrx_word' id='word_1_368' title='bbox 2072 2604 2166 2659; x_wconf 88' lang='lat' dir='ltr'><strong>vel</strong></span> <span class='ocrx_word' id='word_1_369' title='bbox 2193 2619 2355 2659; x_wconf 90' lang='lat' dir='ltr'><strong>nunc</strong></span> <span class='ocrx_word' id='word_1_370' title='bbox 2383 2602 2690 2671; x_wconf 80' lang='lat' dir='ltr'><strong>offeratur,</strong></span> <span class='ocrx_word' id='word_1_371' title='bbox 2718 2601 2825 2658; x_wconf 87' lang='lat' dir='ltr'><strong>sed</strong></span> <span class='ocrx_word' id='word_1_372' title='bbox 2852 2602 3007 2658; x_wconf 88' lang='lat' dir='ltr'><strong>Patri</strong></span> <span class='ocrx_word' id='word_1_373' title='bbox 3035 2599 3480 2659; x_wconf 87' lang='lat' dir='ltr'><strong>tantummodo.</strong></span> 
     </span>
    </p>
   </div>
   <div class='ocr_carea' id='block_1_59' title="bbox 2139 2868 3728 2945">
    <p class='ocr_par' dir='ltr' id='par_1_59' title="bbox 2139 2868 3728 2945">
     <span class='ocr_line' id='line_1_59' title="bbox 2139 2868 3728 2945; baseline -0.001 -20"><span class='ocrx_word' id='word_1_374' title='bbox 2139 2874 2288 2929; x_wconf 91' lang='lat' dir='ltr'><strong>Cum</strong></span> <span class='ocrx_word' id='word_1_375' title='bbox 2312 2876 2601 2945; x_wconf 70' lang='lat' dir='ltr'><strong>prmterea</strong></span> <span class='ocrx_word' id='word_1_376' title='bbox 2622 2870 3328 2928; x_wconf 87' lang='lat' dir='ltr'><strong>deberetsacratissimus</strong></span> <span class='ocrx_word' id='word_1_377' title='bbox 3352 2869 3581 2925; x_wconf 74' lang='lat' dir='ltr'><strong>Russiaa</strong></span> <span class='ocrx_word' id='word_1_378' title='bbox 3597 2868 3728 2925; x_wconf 76' lang='lat' dir='ltr'><strong>me-l</strong></span> 
     </span>
    </p>
   </div>
   <div class='ocr_carea' id='block_1_60' title="bbox 2070 2958 3726 3032">
    <p class='ocr_par' dir='ltr' id='par_1_60' title="bbox 2070 2958 3726 3032">
     <span class='ocr_line' id='line_1_60' title="bbox 2070 2958 3726 3032; baseline -0.001 -17"><span class='ocrx_word' id='word_1_379' title='bbox 2070 2960 2347 3032; x_wconf 88' lang='lat' dir='ltr'><strong>tropolita</strong></span> <span class='ocrx_word' id='word_1_380' title='bbox 2365 2960 2616 3031; x_wconf 89' lang='lat' dir='ltr'><strong>longum</strong></span> <span class='ocrx_word' id='word_1_381' title='bbox 2637 2960 2745 3016; x_wconf 87' lang='lat' dir='ltr'><strong>iter</strong></span> <span class='ocrx_word' id='word_1_382' title='bbox 2764 2959 2845 3017; x_wconf 88' lang='lat' dir='ltr'><strong>ad</strong></span> <span class='ocrx_word' id='word_1_383' title='bbox 2864 2959 3244 3032; x_wconf 75' lang='lat' dir='ltr'><strong>provinciam</strong></span> <span class='ocrx_word' id='word_1_384' title='bbox 3268 2958 3578 3031; x_wconf 87' lang='lat' dir='ltr'><strong>propriam</strong></span> <span class='ocrx_word' id='word_1_385' title='bbox 3594 2973 3726 3014; x_wconf 88' lang='lat' dir='ltr'><strong>sus-</strong></span> 
     </span>
    </p>
   </div>
   <div class='ocr_carea' id='block_1_61' title="bbox 2068 3046 3721 3122">
    <p class='ocr_par' dir='ltr' id='par_1_61' title="bbox 2068 3046 3721 3122">
     <span class='ocr_line' id='line_1_61' title="bbox 2068 3046 3721 3122; baseline 0 -17"><span class='ocrx_word' id='word_1_386' title='bbox 2068 3050 2287 3122; x_wconf 90' lang='lat' dir='ltr'><strong>cipere,</strong></span> <span class='ocrx_word' id='word_1_387' title='bbox 2336 3050 2441 3122; x_wconf 90' lang='lat' dir='ltr'><strong>qui</strong></span> <span class='ocrx_word' id='word_1_388' title='bbox 2481 3065 2656 3105; x_wconf 90' lang='lat' dir='ltr'><strong>suam</strong></span> <span class='ocrx_word' id='word_1_389' title='bbox 2711 3050 2917 3122; x_wconf 88' lang='lat' dir='ltr'><strong>utique</strong></span> <span class='ocrx_word' id='word_1_390' title='bbox 2976 3046 3337 3105; x_wconf 80' lang='lat' dir='ltr'><strong>sententiam</strong></span> <span class='ocrx_word' id='word_1_391' title='bbox 3388 3047 3539 3104; x_wconf 88' lang='lat' dir='ltr'><strong>alias</strong></span> <span class='ocrx_word' id='word_1_392' title='bbox 3589 3048 3721 3119; x_wconf 86' lang='lat' dir='ltr'><strong>jam</strong></span> 
     </span>
    </p>
   </div>
   <div class='ocr_carea' id='block_1_62' title="bbox 2068 3136 3721 3211">
    <p class='ocr_par' dir='ltr' id='par_1_62' title="bbox 2068 3136 3721 3211">
     <span class='ocr_line' id='line_1_62' title="bbox 2068 3136 3721 3211; baseline -0.001 -17"><span class='ocrx_word' id='word_1_393' title='bbox 2068 3144 2272 3210; x_wconf 89' lang='lat' dir='ltr'><strong>aperte</strong></span> <span class='ocrx_word' id='word_1_394' title='bbox 2320 3138 2498 3195; x_wconf 90' lang='lat' dir='ltr'><strong>nobis</strong></span> <span class='ocrx_word' id='word_1_395' title='bbox 2550 3142 2930 3211; x_wconf 84' lang='lat' dir='ltr'><strong>exposuerat,</strong></span> <span class='ocrx_word' id='word_1_396' title='bbox 2993 3152 3157 3193; x_wconf 92' lang='lat' dir='ltr'><strong>nunc</strong></span> <span class='ocrx_word' id='word_1_397' title='bbox 3210 3142 3415 3193; x_wconf 89' lang='lat' dir='ltr'><strong>autem</strong></span> <span class='ocrx_word' id='word_1_398' title='bbox 3467 3136 3721 3194; x_wconf 80' lang='lat' dir='ltr'><strong>fratrum</strong></span> 
     </span>
    </p>
   </div>
   <div class='ocr_carea' id='block_1_63' title="bbox 345 3224 2125 3302">
    <p class='ocr_par' dir='ltr' id='par_1_63' title="bbox 345 3224 2125 3302">
     <span class='ocr_line' id='line_1_63' title="bbox 345 3224 2125 3302; baseline 0.002 -26"><span class='ocrx_word' id='word_1_399' title='bbox 345 3231 625 3298; x_wconf 76' lang='grc' dir='ltr'><strong>κατωτέρω</strong></span> <span class='ocrx_word' id='word_1_400' title='bbox 654 3230 772 3299; x_wconf 84' lang='grc' dir='ltr'><strong>περί</strong></span> <span class='ocrx_word' id='word_1_401' title='bbox 797 3229 991 3283; x_wconf 79' lang='grc' dir='ltr'><strong>ταυτην</strong></span> <span class='ocrx_word' id='word_1_402' title='bbox 1019 3226 1332 3299; x_wconf 76' lang='grc' dir='ltr'><strong>ῥηθήσεται,</strong></span> <span class='ocrx_word' id='word_1_403' title='bbox 1369 3226 1429 3278; x_wconf 74' lang='grc' dir='ltr'><strong>οὐ</strong></span> <span class='ocrx_word' id='word_1_404' title='bbox 1455 3231 1558 3299; x_wconf 78' lang='grc' dir='ltr'><strong>μην</strong></span> <span class='ocrx_word' id='word_1_405' title='bbox 1590 3224 1650 3279; x_wconf 64' lang='grc' dir='ltr'><strong>δὲ</strong></span> <span class='ocrx_word' id='word_1_406' title='bbox 1698 3227 1825 3280; x_wconf 77' lang='grc' dir='ltr'><strong>ἀλλὰ</strong></span> <span class='ocrx_word' id='word_1_407' title='bbox 1870 3232 1961 3279; x_wconf 88' lang='grc' dir='ltr'><strong>καί</strong></span> <span class='ocrx_word' id='word_1_408' title='bbox 1990 3246 2033 3301; x_wconf 76' lang='lat' dir='ltr'><strong>C</strong></span> <span class='ocrx_word' id='word_1_409' title='bbox 2068 3244 2125 3302; x_wconf 73' lang='lat' dir='ltr'><strong>qi</strong></span> 
     </span>
    </p>
   </div>
   <div class='ocr_carea' id='block_1_64' title="bbox 1943 3224 3723 3302">
    <p class='ocr_par' dir='ltr' id='par_1_64' title="bbox 1944 3228 3723 3302">
     <span class='ocr_line' id='line_1_64' title="bbox 1944 3228 3723 3302; baseline 0 -17"><span class='ocrx_word' id='word_1_410' title='bbox 1944 3232 1961 3279; x_wconf 83' lang='grc' dir='ltr'><strong>ί</strong></span> <span class='ocrx_word' id='word_1_411' title='bbox 1990 3246 2033 3301; x_wconf 78' lang='lat' dir='ltr'>c</span> <span class='ocrx_word' id='word_1_412' title='bbox 2068 3244 2314 3302; x_wconf 88' lang='lat' dir='ltr'><strong>quoque</strong></span> <span class='ocrx_word' id='word_1_413' title='bbox 2341 3244 2593 3285; x_wconf 91' lang='lat' dir='ltr'><strong>suorum</strong></span> <span class='ocrx_word' id='word_1_414' title='bbox 2625 3228 2738 3284; x_wconf 91' lang='lat' dir='ltr'><strong>hac</strong></span> <span class='ocrx_word' id='word_1_415' title='bbox 2763 3243 2945 3300; x_wconf 89' lang='lat' dir='ltr'><strong>super</strong></span> <span class='ocrx_word' id='word_1_416' title='bbox 2980 3243 3043 3283; x_wconf 88' lang='lat' dir='ltr'><strong>re</strong></span> <span class='ocrx_word' id='word_1_417' title='bbox 3072 3230 3338 3283; x_wconf 88' lang='lat' dir='ltr'><strong>mentem</strong></span> <span class='ocrx_word' id='word_1_418' title='bbox 3358 3240 3723 3296; x_wconf 87' lang='lat' dir='ltr'><strong>cognoscere</strong></span> 
     </span>
    </p>
   </div>
   <div class='ocr_carea' id='block_1_65' title="bbox 344 3311 1958 3388">
    <p class='ocr_par' dir='ltr' id='par_1_65' title="bbox 344 3311 1958 3388">
     <span class='ocr_line' id='line_1_65' title="bbox 344 3311 1958 3388; baseline 0.003 -25"><span class='ocrx_word' id='word_1_419' title='bbox 344 3319 445 3371; x_wconf 74' lang='grc' dir='ltr'><strong>τὴν</strong></span> <span class='ocrx_word' id='word_1_420' title='bbox 476 3322 572 3375; x_wconf 83' lang='grc' dir='ltr'><strong>τῆς</strong></span> <span class='ocrx_word' id='word_1_421' title='bbox 604 3311 958 3385; x_wconf 75' lang='grc' dir='ltr'><strong>ἀδελφότητος</strong></span> <span class='ocrx_word' id='word_1_422' title='bbox 984 3320 1103 3388; x_wconf 82' lang='grc' dir='ltr'><strong>περί</strong></span> <span class='ocrx_word' id='word_1_423' title='bbox 1131 3317 1318 3367; x_wconf 82' lang='grc' dir='ltr'><strong>τούτου</strong></span> <span class='ocrx_word' id='word_1_424' title='bbox 1352 3312 1511 3385; x_wconf 78' lang='grc' dir='ltr'><strong>δόξαν</strong></span> <span class='ocrx_word' id='word_1_425' title='bbox 1542 3318 1681 3376; x_wconf 86' lang='grc' dir='ltr'><strong>ὅπως</strong></span> <span class='ocrx_word' id='word_1_426' title='bbox 1706 3319 1817 3387; x_wconf 85' lang='grc' dir='ltr'><strong>ἔχει</strong></span> <span class='ocrx_word' id='word_1_427' title='bbox 1857 3337 1958 3388; x_wconf 90' lang='grc' dir='ltr'><strong>μα-</strong></span> 
     </span>
    </p>
   </div>
   <div class='ocr_carea' id='block_1_66' title="bbox 349 3400 1955 3478">
    <p class='ocr_par' dir='ltr' id='par_1_66' title="bbox 349 3400 1955 3478">
     <span class='ocr_line' id='line_1_66' title="bbox 349 3400 1955 3478; baseline 0.001 -22"><span class='ocrx_word' id='word_1_428' title='bbox 349 3406 458 3456; x_wconf 86' lang='grc' dir='ltr'><strong>θεῖν</strong></span> <span class='ocrx_word' id='word_1_429' title='bbox 485 3400 747 3478; x_wconf 76' lang='grc' dir='ltr'><strong>διαφόρως</strong></span> <span class='ocrx_word' id='word_1_430' title='bbox 771 3402 1018 3471; x_wconf 73' lang='grc' dir='ltr'><strong>ἆζήτησε,</strong></span> <span class='ocrx_word' id='word_1_431' title='bbox 1041 3409 1131 3455; x_wconf 86' lang='grc' dir='ltr'><strong>καί</strong></span> <span class='ocrx_word' id='word_1_432' title='bbox 1161 3402 1222 3463; x_wconf 80' lang='grc' dir='ltr'><strong>ἦν</strong></span> <span class='ocrx_word' id='word_1_433' title='bbox 1254 3403 1535 3476; x_wconf 83' lang='grc' dir='ltr'><strong>ἀναγκαῖον</strong></span> <span class='ocrx_word' id='word_1_434' title='bbox 1567 3401 1662 3457; x_wconf 80' lang='grc' dir='ltr'><strong>διὰ</strong></span> <span class='ocrx_word' id='word_1_435' title='bbox 1682 3414 1849 3457; x_wconf 79' lang='grc' dir='ltr'><strong>ταῦτα</strong></span> <span class='ocrx_word' id='word_1_436' title='bbox 1885 3412 1955 3478; x_wconf 78' lang='grc' dir='ltr'><strong>μή</strong></span> 
     </span>
    </p>
   </div>
   <div class='ocr_carea' id='block_1_67' title="bbox 346 3491 1961 3567">
    <p class='ocr_par' dir='ltr' id='par_1_67' title="bbox 346 3491 1961 3567">
     <span class='ocr_line' id='line_1_67' title="bbox 346 3491 1961 3567; baseline 0.002 -23"><span class='ocrx_word' id='word_1_437' title='bbox 346 3498 398 3544; x_wconf 85' lang='grc' dir='ltr'><strong>έν</strong></span> <span class='ocrx_word' id='word_1_438' title='bbox 431 3498 675 3567; x_wconf 86' lang='grc' dir='ltr'><strong>παρέργῳ</strong></span> <span class='ocrx_word' id='word_1_439' title='bbox 706 3494 890 3545; x_wconf 83' lang='grc' dir='ltr'><strong>θέσθαι</strong></span> <span class='ocrx_word' id='word_1_440' title='bbox 919 3502 1070 3546; x_wconf 79' lang='grc' dir='ltr'><strong>τοῦτο</strong></span> <span class='ocrx_word' id='word_1_441' title='bbox 1093 3497 1149 3546; x_wconf 90' lang='grc' dir='ltr'><strong>τό</strong></span> <span class='ocrx_word' id='word_1_442' title='bbox 1183 3491 1529 3566; x_wconf 81' lang='grc' dir='ltr'><strong>σπούδασμα,</strong></span> <span class='ocrx_word' id='word_1_443' title='bbox 1558 3492 1669 3547; x_wconf 80' lang='grc' dir='ltr'><strong>δεῖν</strong></span> <span class='ocrx_word' id='word_1_444' title='bbox 1704 3499 1961 3567; x_wconf 81' lang='grc' dir='ltr'><strong>ἔγνωσται</strong></span> 
     </span>
    </p>
   </div>
   <div class='ocr_carea' id='block_1_68' title="bbox 344 3581 1960 3656">
    <p class='ocr_par' dir='ltr' id='par_1_68' title="bbox 344 3581 1960 3656">
     <span class='ocr_line' id='line_1_68' title="bbox 344 3581 1960 3656; baseline 0.002 -24"><span class='ocrx_word' id='word_1_445' title='bbox 344 3590 412 3653; x_wconf 71' lang='grc' dir='ltr'><strong>τῇ</strong></span> <span class='ocrx_word' id='word_1_446' title='bbox 447 3584 477 3639; x_wconf 71' lang='grc' dir='ltr'>ἡ</span> <span class='ocrx_word' id='word_1_447' title='bbox 486 3591 595 3653; x_wconf 86' lang='grc' dir='ltr'><strong>μῶν</strong></span> <span class='ocrx_word' id='word_1_448' title='bbox 622 3588 926 3655; x_wconf 87' lang='grc' dir='ltr'><strong>μετριότητι</strong></span> <span class='ocrx_word' id='word_1_449' title='bbox 956 3588 1027 3655; x_wconf 83' lang='grc' dir='ltr'><strong>μη</strong></span> <span class='ocrx_word' id='word_1_450' title='bbox 1050 3590 1204 3655; x_wconf 88' lang='grc' dir='ltr'><strong>μόνον</strong></span> <span class='ocrx_word' id='word_1_451' title='bbox 1234 3588 1348 3643; x_wconf 84' lang='grc' dir='ltr'><strong>τοὺς</strong></span> <span class='ocrx_word' id='word_1_452' title='bbox 1374 3581 1729 3656; x_wconf 73' lang='grc' dir='ltr'><strong>ἐνδημοῦντας</strong></span> <span class='ocrx_word' id='word_1_453' title='bbox 1756 3589 1815 3637; x_wconf 76' lang='grc' dir='ltr'><strong>τὸ</strong></span> <span class='ocrx_word' id='word_1_454' title='bbox 1836 3590 1960 3647; x_wconf 86' lang='grc' dir='ltr'><strong>τέως</strong></span> 
     </span>
    </p>
   </div>
   <div class='ocr_carea' id='block_1_69' title="bbox 345 3670 1959 3745">
    <p class='ocr_par' dir='ltr' id='par_1_69' title="bbox 345 3670 1959 3745">
     <span class='ocr_line' id='line_1_69' title="bbox 345 3670 1959 3745; baseline 0.002 -23"><span class='ocrx_word' id='word_1_455' title='bbox 345 3671 574 3722; x_wconf 76' lang='grc' dir='ltr'><strong>ἐνταῦθα</strong></span> <span class='ocrx_word' id='word_1_456' title='bbox 623 3670 1054 3745; x_wconf 80' lang='grc' dir='ltr'><strong>συλλειτουργους</strong></span> <span class='ocrx_word' id='word_1_457' title='bbox 1106 3673 1269 3731; x_wconf 70' lang='grc' dir='ltr'><strong>αὐτῆς</strong></span> <span class='ocrx_word' id='word_1_458' title='bbox 1340 3673 1769 3743; x_wconf 81' lang='grc' dir='ltr'><strong>συγκαλέσασθαι</strong></span> <span class='ocrx_word' id='word_1_459' title='bbox 1819 3675 1959 3737; x_wconf 83' lang='grc' dir='ltr'><strong>οἰπαξ</strong></span> 
     </span>
    </p>
   </div>
   <div class='ocr_carea' id='block_1_70' title="bbox 343 3759 1957 3833">
    <p class='ocr_par' dir='ltr' id='par_1_70' title="bbox 343 3759 1957 3833">
     <span class='ocr_line' id='line_1_70' title="bbox 343 3759 1957 3833; baseline 0.004 -23"><span class='ocrx_word' id='word_1_460' title='bbox 343 3762 564 3823; x_wconf 77' lang='grc' dir='ltr'><strong>πάντας,</strong></span> <span class='ocrx_word' id='word_1_461' title='bbox 595 3760 704 3811; x_wconf 78' lang='grc' dir='ltr'><strong>αλλ’</strong></span> <span class='ocrx_word' id='word_1_462' title='bbox 736 3759 783 3811; x_wconf 84' lang='grc' dir='ltr'><strong>ὲν</strong></span> <span class='ocrx_word' id='word_1_463' title='bbox 814 3768 1040 3833; x_wconf 84' lang='grc' dir='ltr'><strong>πρωτοις</strong></span> <span class='ocrx_word' id='word_1_464' title='bbox 1069 3766 1158 3832; x_wconf 73' lang='grc' dir='ltr'><strong>μεν</strong></span> <span class='ocrx_word' id='word_1_465' title='bbox 1189 3767 1277 3813; x_wconf 82' lang='grc' dir='ltr'><strong>καί</strong></span> <span class='ocrx_word' id='word_1_466' title='bbox 1318 3762 1471 3813; x_wconf 71' lang='grc' dir='ltr'><strong>αὐτόν</strong></span> <span class='ocrx_word' id='word_1_467' title='bbox 1529 3768 1615 3813; x_wconf 90' lang='grc' dir='ltr'><strong>τόν</strong></span> <span class='ocrx_word' id='word_1_468' title='bbox 1670 3763 1957 3833; x_wconf 70' lang='grc' dir='ltr'><strong>ἁγιώτατον</strong></span> 
     </span>
    </p>
   </div>
   <div class='ocr_carea' id='block_1_71' title="bbox 344 3846 1955 3925">
    <p class='ocr_par' dir='ltr' id='par_1_71' title="bbox 344 3846 1955 3925">
     <span class='ocr_line' id='line_1_71' title="bbox 344 3846 1955 3925; baseline 0.003 -26"><span class='ocrx_word' id='word_1_469' title='bbox 344 3846 571 3920; x_wconf 68' lang='grc' dir='ltr'><strong>ἀδελφὸν</strong></span> <span class='ocrx_word' id='word_1_470' title='bbox 597 3849 761 3910; x_wconf 69' lang='grc' dir='ltr'><strong>αὐτῆς</strong></span> <span class='ocrx_word' id='word_1_471' title='bbox 789 3855 879 3900; x_wconf 84' lang='grc' dir='ltr'><strong>καί</strong></span> <span class='ocrx_word' id='word_1_472' title='bbox 926 3849 1321 3924; x_wconf 86' lang='grc' dir='ltr'><strong>συλλειτουργόν</strong></span> <span class='ocrx_word' id='word_1_473' title='bbox 1362 3854 1699 3925; x_wconf 83' lang='grc' dir='ltr'><strong>πατριάρχην</strong></span> <span class='ocrx_word' id='word_1_474' title='bbox 1741 3852 1955 3923; x_wconf 83' lang='grc' dir='ltr'><strong>Ἰεροσο-</strong></span> 
     </span>
    </p>
   </div>
   <div class='ocr_carea' id='block_1_72' title="bbox 341 3936 1954 4013">
    <p class='ocr_par' dir='ltr' id='par_1_72' title="bbox 341 3936 1954 4013">
     <span class='ocr_line' id='line_1_72' title="bbox 341 3936 1954 4013; baseline 0.002 -24"><span class='ocrx_word' id='word_1_475' title='bbox 341 3940 523 4009; x_wconf 76' lang='grc' dir='ltr'><strong>λύμων</strong></span> <span class='ocrx_word' id='word_1_476' title='bbox 549 3938 825 4004; x_wconf 79' lang='grc' dir='ltr'><strong>Νικόλαον,</strong></span> <span class='ocrx_word' id='word_1_477' title='bbox 860 3943 987 4010; x_wconf 88' lang='grc' dir='ltr'><strong>πρός</strong></span> <span class='ocrx_word' id='word_1_478' title='bbox 1024 3936 1082 3991; x_wconf 73' lang='grc' dir='ltr'><strong>δὲ</strong></span> <span class='ocrx_word' id='word_1_479' title='bbox 1119 3945 1209 3991; x_wconf 89' lang='grc' dir='ltr'><strong>καί</strong></span> <span class='ocrx_word' id='word_1_480' title='bbox 1228 3945 1345 4001; x_wconf 82' lang='grc' dir='ltr'><strong>τοὺς</strong></span> <span class='ocrx_word' id='word_1_481' title='bbox 1376 3940 1424 3992; x_wconf 74' lang='grc' dir='ltr'><strong>ἐν</strong></span> <span class='ocrx_word' id='word_1_482' title='bbox 1452 3960 1513 4011; x_wconf 77' lang='grc' dir='ltr'><strong>τη</strong></span> <span class='ocrx_word' id='word_1_483' title='bbox 1545 3938 1794 4013; x_wconf 76' lang='grc' dir='ltr'><strong>βασιλίδι</strong></span> <span class='ocrx_word' id='word_1_484' title='bbox 1824 3947 1954 3994; x_wconf 84' lang='grc' dir='ltr'><strong>ταύ-</strong></span> 
     </span>
    </p>
   </div>
   <div class='ocr_carea' id='block_1_73' title="bbox 340 4026 1953 4105">
    <p class='ocr_par' dir='ltr' id='par_1_73' title="bbox 340 4026 1953 4105">
     <span class='ocr_line' id='line_1_73' title="bbox 340 4026 1953 4105; baseline 0.002 -26"><span class='ocrx_word' id='word_1_485' title='bbox 340 4048 409 4098; x_wconf 74' lang='grc' dir='ltr'><strong>τῃ</strong></span> <span class='ocrx_word' id='word_1_486' title='bbox 438 4026 583 4079; x_wconf 85' lang='grc' dir='ltr'><strong>πόλει</strong></span> <span class='ocrx_word' id='word_1_487' title='bbox 614 4032 1017 4099; x_wconf 86' lang='grc' dir='ltr'><strong>παρατυχόντας</strong></span> <span class='ocrx_word' id='word_1_488' title='bbox 1037 4035 1094 4081; x_wconf 85' lang='grc' dir='ltr'><strong>τό</strong></span> <span class='ocrx_word' id='word_1_489' title='bbox 1132 4048 1189 4101; x_wconf 85' lang='grc' dir='ltr'><strong>γε</strong></span> <span class='ocrx_word' id='word_1_490' title='bbox 1214 4038 1301 4080; x_wconf 73' lang='grc' dir='ltr'><strong>νῦν</strong></span> <span class='ocrx_word' id='word_1_491' title='bbox 1334 4033 1460 4101; x_wconf 77' lang='grc' dir='ltr'><strong>ἕχον</strong></span> <span class='ocrx_word' id='word_1_492' title='bbox 1491 4036 1627 4101; x_wconf 86' lang='grc' dir='ltr'><strong>μέγα</strong></span> <span class='ocrx_word' id='word_1_493' title='bbox 1657 4033 1953 4105; x_wconf 69' lang='grc' dir='ltr'><strong>ὑπερόχους</strong></span> 
     </span>
    </p>
   </div>
   <div class='ocr_carea' id='block_1_74' title="bbox 341 4115 1954 4191">
    <p class='ocr_par' dir='ltr' id='par_1_74' title="bbox 341 4115 1954 4191">
     <span class='ocr_line' id='line_1_74' title="bbox 341 4115 1954 4191; baseline 0.003 -22"><span class='ocrx_word' id='word_1_494' title='bbox 341 4115 450 4169; x_wconf 59' lang='lat' dir='ltr'><strong>civ}</strong></span> <span class='ocrx_word' id='word_1_495' title='bbox 451 4136 550 4190; x_wconf 84' lang='grc' dir='ltr'><strong>ρας</strong></span> <span class='ocrx_word' id='word_1_496' title='bbox 578 4125 652 4186; x_wconf 82' lang='grc' dir='ltr'><strong>τῷ</strong></span> <span class='ocrx_word' id='word_1_497' title='bbox 683 4121 796 4179; x_wconf 65' lang='grc' dir='ltr'><strong>ὄντι</strong></span> <span class='ocrx_word' id='word_1_498' title='bbox 811 4122 903 4168; x_wconf 88' lang='grc' dir='ltr'><strong>καί</strong></span> <span class='ocrx_word' id='word_1_499' title='bbox 950 4116 1383 4189; x_wconf 73' lang='grc' dir='ltr'><strong>ἔλλογιμωτέρους</strong></span> <span class='ocrx_word' id='word_1_500' title='bbox 1413 4128 1514 4170; x_wconf 81' lang='grc' dir='ltr'><strong>τῶν</strong></span> <span class='ocrx_word' id='word_1_501' title='bbox 1543 4128 1633 4180; x_wconf 79' lang='grc' dir='ltr'><strong>τῆς</strong></span> <span class='ocrx_word' id='word_1_502' title='bbox 1666 4121 1954 4191; x_wconf 88' lang='grc' dir='ltr'><strong>συγκλητι-</strong></span> 
     </span>
    </p>
   </div>
   <div class='ocr_carea' id='block_1_75' title="bbox 342 4205 691 4278">
    <p class='ocr_par' dir='ltr' id='par_1_75' title="bbox 342 4205 691 4278">
     <span class='ocr_line' id='line_1_75' title="bbox 342 4205 691 4278; baseline 0.006 -21"><span class='ocrx_word' id='word_1_503' title='bbox 342 4216 410 4265; x_wconf 65' lang='lat' dir='ltr'><strong>xi</strong></span> <span class='ocrx_word' id='word_1_504' title='bbox 424 4227 445 4268; x_wconf 92' lang='grc' dir='ltr'><strong>ς</strong></span> <span class='ocrx_word' id='word_1_505' title='bbox 473 4205 638 4278; x_wconf 77' lang='grc' dir='ltr'><strong>βουλῆ</strong></span> <span class='ocrx_word' id='word_1_506' title='bbox 652 4227 691 4267; x_wconf 91' lang='grc' dir='ltr'><strong>ς.</strong></span> 
     </span>
    </p>
   </div>
   <div class='ocr_carea' id='block_1_76' title="bbox 423 4291 1955 4370">
    <p class='ocr_par' dir='ltr' id='par_1_76' title="bbox 423 4291 1955 4370">
     <span class='ocr_line' id='line_1_76' title="bbox 423 4291 1955 4370; baseline 0.005 -24"><span class='ocrx_word' id='word_1_507' title='bbox 423 4300 527 4347; x_wconf 75' lang='grc' dir='ltr'><strong>Καί</strong></span> <span class='ocrx_word' id='word_1_508' title='bbox 580 4291 648 4352; x_wconf 69' lang='grc' dir='ltr'><strong>δὴ</strong></span> <span class='ocrx_word' id='word_1_509' title='bbox 703 4300 977 4366; x_wconf 82' lang='grc' dir='ltr'><strong>γενομένου</strong></span> <span class='ocrx_word' id='word_1_510' title='bbox 1031 4301 1119 4347; x_wconf 85' lang='grc' dir='ltr'><strong>καί</strong></span> <span class='ocrx_word' id='word_1_511' title='bbox 1171 4296 1404 4370; x_wconf 79' lang='grc' dir='ltr'><strong>πλήρους</strong></span> <span class='ocrx_word' id='word_1_512' title='bbox 1449 4302 1807 4361; x_wconf 74' lang='grc' dir='ltr'><strong>καταστάντος</strong></span> <span class='ocrx_word' id='word_1_513' title='bbox 1862 4310 1955 4353; x_wconf 81' lang='grc' dir='ltr'><strong>τοῦ</strong></span> 
     </span>
    </p>
   </div>
   <div class='ocr_carea' id='block_1_77' title="bbox 345 4381 1953 4459">
    <p class='ocr_par' dir='ltr' id='par_1_77' title="bbox 345 4381 1953 4459">
     <span class='ocr_line' id='line_1_77' title="bbox 345 4381 1953 4459; baseline 0.004 -25"><span class='ocrx_word' id='word_1_514' title='bbox 345 4381 630 4454; x_wconf 81' lang='grc' dir='ltr'><strong>συνεδρίου</strong></span> <span class='ocrx_word' id='word_1_515' title='bbox 683 4390 778 4440; x_wconf 81' lang='grc' dir='ltr'><strong>τὴν</strong></span> <span class='ocrx_word' id='word_1_516' title='bbox 846 4403 1071 4455; x_wconf 84' lang='grc' dir='ltr'><strong>σημερον</strong></span> <span class='ocrx_word' id='word_1_517' title='bbox 1141 4388 1197 4436; x_wconf 81' lang='grc' dir='ltr'><strong>ἔκ</strong></span> <span class='ocrx_word' id='word_1_518' title='bbox 1265 4405 1318 4437; x_wconf 87' lang='grc' dir='ltr'><strong>τε</strong></span> <span class='ocrx_word' id='word_1_519' title='bbox 1371 4396 1460 4447; x_wconf 86' lang='grc' dir='ltr'><strong>τῆς</strong></span> <span class='ocrx_word' id='word_1_520' title='bbox 1512 4396 1608 4440; x_wconf 81' lang='grc' dir='ltr'><strong>τοῦ</strong></span> <span class='ocrx_word' id='word_1_521' title='bbox 1662 4392 1953 4459; x_wconf 84' lang='grc' dir='ltr'><strong>άγιωτάτου</strong></span> 
     </span>
    </p>
   </div>
   <div class='ocr_carea' id='block_1_78' title="bbox 343 4474 1955 4547">
    <p class='ocr_par' dir='ltr' id='par_1_78' title="bbox 343 4474 1955 4547">
     <span class='ocr_line' id='line_1_78' title="bbox 343 4474 1955 4547; baseline 0.004 -22"><span class='ocrx_word' id='word_1_522' title='bbox 343 4476 715 4547; x_wconf 83' lang='grc' dir='ltr'><strong>πατριάρχου,</strong></span> <span class='ocrx_word' id='word_1_523' title='bbox 773 4493 839 4543; x_wconf 81' lang='grc' dir='ltr'><strong>ῳς</strong></span> <span class='ocrx_word' id='word_1_524' title='bbox 892 4476 1116 4547; x_wconf 81' lang='grc' dir='ltr'><strong>εἴρηται,</strong></span> <span class='ocrx_word' id='word_1_525' title='bbox 1179 4474 1539 4541; x_wconf 80' lang='grc' dir='ltr'><strong>συνελεύσεως,</strong></span> <span class='ocrx_word' id='word_1_526' title='bbox 1590 4497 1689 4529; x_wconf 89' lang='grc' dir='ltr'><strong>των</strong></span> <span class='ocrx_word' id='word_1_527' title='bbox 1745 4498 1799 4531; x_wconf 82' lang='grc' dir='ltr'><strong>τε</strong></span> <span class='ocrx_word' id='word_1_528' title='bbox 1858 4487 1955 4542; x_wconf 88' lang='grc' dir='ltr'><strong>τῆς</strong></span> 
     </span>
    </p>
   </div>
   <div class='ocr_carea' id='block_1_79' title="bbox 2070 3314 3724 3390">
    <p class='ocr_par' dir='ltr' id='par_1_79' title="bbox 2070 3314 3724 3390">
     <span class='ocr_line' id='line_1_79' title="bbox 2070 3314 3724 3390; baseline 0 -18"><span class='ocrx_word' id='word_1_529' title='bbox 2070 3333 2440 3389; x_wconf 85' lang='lat' dir='ltr'><strong>magnopere</strong></span> <span class='ocrx_word' id='word_1_530' title='bbox 2468 3316 2837 3390; x_wconf 89' lang='lat' dir='ltr'><strong>postulabat,</strong></span> <span class='ocrx_word' id='word_1_531' title='bbox 2869 3331 3013 3372; x_wconf 87' lang='lat' dir='ltr'><strong>sane</strong></span> <span class='ocrx_word' id='word_1_532' title='bbox 3042 3314 3308 3387; x_wconf 86' lang='lat' dir='ltr'><strong>oportuit</strong></span> <span class='ocrx_word' id='word_1_533' title='bbox 3333 3329 3457 3371; x_wconf 92' lang='lat' dir='ltr'><strong>non</strong></span> <span class='ocrx_word' id='word_1_534' title='bbox 3483 3314 3724 3387; x_wconf 86' lang='lat' dir='ltr'><strong>perfun-</strong></span> 
     </span>
    </p>
   </div>
   <div class='ocr_carea' id='block_1_80' title="bbox 2069 3403 3726 3477">
    <p class='ocr_par' dir='ltr' id='par_1_80' title="bbox 2069 3403 3726 3477">
     <span class='ocr_line' id='line_1_80' title="bbox 2069 3403 3726 3477; baseline -0.001 -16"><span class='ocrx_word' id='word_1_535' title='bbox 2069 3406 2256 3463; x_wconf 80' lang='lat' dir='ltr'><strong>ctorio</strong></span> <span class='ocrx_word' id='word_1_536' title='bbox 2300 3422 2480 3477; x_wconf 88' lang='lat' dir='ltr'><strong>opere</strong></span> <span class='ocrx_word' id='word_1_537' title='bbox 2510 3406 2710 3462; x_wconf 89' lang='lat' dir='ltr'><strong>studio</strong></span> <span class='ocrx_word' id='word_1_538' title='bbox 2738 3406 2879 3462; x_wconf 87' lang='lat' dir='ltr'><strong>huic</strong></span> <span class='ocrx_word' id='word_1_539' title='bbox 2919 3419 3251 3471; x_wconf 89' lang='lat' dir='ltr'><strong>occurrere,</strong></span> <span class='ocrx_word' id='word_1_540' title='bbox 3282 3403 3603 3477; x_wconf 88' lang='lat' dir='ltr'><strong>visumque</strong></span> <span class='ocrx_word' id='word_1_541' title='bbox 3631 3409 3726 3461; x_wconf 87' lang='lat' dir='ltr'><strong>est</strong></span> 
     </span>
    </p>
   </div>
   <div class='ocr_carea' id='block_1_81' title="bbox 2069 3491 3726 3565">
    <p class='ocr_par' dir='ltr' id='par_1_81' title="bbox 2069 3491 3726 3565">
     <span class='ocr_line' id='line_1_81' title="bbox 2069 3491 3726 3565; baseline 0 -16"><span class='ocrx_word' id='word_1_542' title='bbox 2069 3494 2467 3550; x_wconf 89' lang='lat' dir='ltr'><strong>mediocritati</strong></span> <span class='ocrx_word' id='word_1_543' title='bbox 2495 3499 2714 3551; x_wconf 69' lang='lat' dir='ltr'><strong>nostra:</strong></span> <span class='ocrx_word' id='word_1_544' title='bbox 2736 3509 2860 3549; x_wconf 93' lang='lat' dir='ltr'><strong>non</strong></span> <span class='ocrx_word' id='word_1_545' title='bbox 2880 3494 3063 3565; x_wconf 89' lang='lat' dir='ltr'><strong>hujus</strong></span> <span class='ocrx_word' id='word_1_546' title='bbox 3080 3491 3504 3548; x_wconf 85' lang='lat' dir='ltr'><strong>tantummodo</strong></span> <span class='ocrx_word' id='word_1_547' title='bbox 3524 3492 3726 3562; x_wconf 88' lang='lat' dir='ltr'><strong>regio-</strong></span> 
     </span>
    </p>
   </div>
   <div class='ocr_carea' id='block_1_82' title="bbox 2068 3582 3723 3639">
    <p class='ocr_par' dir='ltr' id='par_1_82' title="bbox 2068 3582 3723 3639">
     <span class='ocr_line' id='line_1_82' title="bbox 2068 3582 3723 3639; baseline -0.001 -2"><span class='ocrx_word' id='word_1_548' title='bbox 2068 3584 2163 3638; x_wconf 87' lang='lat' dir='ltr'><strong>nis</strong></span> <span class='ocrx_word' id='word_1_549' title='bbox 2221 3582 2685 3639; x_wconf 86' lang='lat' dir='ltr'><strong>consacerdotes</strong></span> <span class='ocrx_word' id='word_1_550' title='bbox 2722 3597 2937 3639; x_wconf 91' lang='lat' dir='ltr'><strong>omnes</strong></span> <span class='ocrx_word' id='word_1_551' title='bbox 2984 3596 3149 3636; x_wconf 87' lang='lat' dir='ltr'><strong>nunc</strong></span> <span class='ocrx_word' id='word_1_552' title='bbox 3205 3595 3340 3637; x_wconf 73' lang='lat'><strong>8880</strong></span> <span class='ocrx_word' id='word_1_553' title='bbox 3381 3595 3723 3637; x_wconf 84' lang='lat' dir='ltr'><strong>convocan-</strong></span> 
     </span>
    </p>
   </div>
   <div class='ocr_carea' id='block_1_83' title="bbox 2068 3670 3723 3744">
    <p class='ocr_par' dir='ltr' id='par_1_83' title="bbox 2068 3670 3723 3744">
     <span class='ocr_line' id='line_1_83' title="bbox 2068 3670 3723 3744; baseline 0.001 -17"><span class='ocrx_word' id='word_1_554' title='bbox 2068 3673 2201 3740; x_wconf 88' lang='lat' dir='ltr'><strong>dos,</strong></span> <span class='ocrx_word' id='word_1_555' title='bbox 2248 3674 2355 3728; x_wconf 90' lang='lat' dir='ltr'><strong>sed</strong></span> <span class='ocrx_word' id='word_1_556' title='bbox 2405 3674 2465 3728; x_wconf 89' lang='lat' dir='ltr'><strong>in</strong></span> <span class='ocrx_word' id='word_1_557' title='bbox 2517 3672 2731 3744; x_wconf 89' lang='lat' dir='ltr'><strong>primis</strong></span> <span class='ocrx_word' id='word_1_558' title='bbox 2780 3670 3278 3728; x_wconf 87' lang='lat' dir='ltr'><strong>consacerdotem</strong></span> <span class='ocrx_word' id='word_1_559' title='bbox 3319 3675 3593 3726; x_wconf 88' lang='lat' dir='ltr'><strong>nostrum</strong></span> <span class='ocrx_word' id='word_1_560' title='bbox 3648 3686 3723 3728; x_wconf 89' lang='lat' dir='ltr'><strong>ac</strong></span> 
     </span>
    </p>
   </div>
   <div class='ocr_carea' id='block_1_84' title="bbox 2068 3759 3721 3833">
    <p class='ocr_par' dir='ltr' id='par_1_84' title="bbox 2068 3759 3721 3833">
     <span class='ocr_line' id='line_1_84' title="bbox 2068 3759 3721 3833; baseline -0.001 -16"><span class='ocrx_word' id='word_1_561' title='bbox 2068 3764 2310 3819; x_wconf 80' lang='lat' dir='ltr'><strong>fratrem</strong></span> <span class='ocrx_word' id='word_1_562' title='bbox 2368 3762 2818 3819; x_wconf 86' lang='lat' dir='ltr'><strong>sanctissimum</strong></span> <span class='ocrx_word' id='word_1_563' title='bbox 2871 3760 3431 3833; x_wconf 85' lang='lat' dir='ltr'><strong>Hierosolymorum</strong></span> <span class='ocrx_word' id='word_1_564' title='bbox 3468 3759 3721 3833; x_wconf 89' lang='lat' dir='ltr'><strong>patriar-</strong></span> 
     </span>
    </p>
   </div>
   <div class='ocr_carea' id='block_1_85' title="bbox 2066 3849 3721 3923">
    <p class='ocr_par' dir='ltr' id='par_1_85' title="bbox 2066 3849 3721 3923">
     <span class='ocr_line' id='line_1_85' title="bbox 2066 3849 3721 3923; baseline -0.001 -17"><span class='ocrx_word' id='word_1_565' title='bbox 2066 3852 2245 3908; x_wconf 87' lang='lat' dir='ltr'><strong>cbam</strong></span> <span class='ocrx_word' id='word_1_566' title='bbox 2276 3852 2621 3908; x_wconf 82' lang='lat' dir='ltr'><strong>Nicolaum:</strong></span> <span class='ocrx_word' id='word_1_567' title='bbox 2662 3855 2842 3923; x_wconf 91' lang='lat' dir='ltr'><strong>atque</strong></span> <span class='ocrx_word' id='word_1_568' title='bbox 2870 3851 3119 3923; x_wconf 87' lang='lat' dir='ltr'><strong>insuper</strong></span> <span class='ocrx_word' id='word_1_569' title='bbox 3147 3853 3449 3923; x_wconf 85' lang='lat' dir='ltr'><strong>quotquot</strong></span> <span class='ocrx_word' id='word_1_570' title='bbox 3475 3853 3617 3905; x_wconf 85' lang='lat' dir='ltr'><strong>sunt</strong></span> <span class='ocrx_word' id='word_1_571' title='bbox 3656 3849 3721 3905; x_wconf 90' lang='lat' dir='ltr'><strong>in</strong></span> 
     </span>
    </p>
   </div>
   <div class='ocr_carea' id='block_1_86' title="bbox 2065 3938 3721 4012">
    <p class='ocr_par' dir='ltr' id='par_1_86' title="bbox 2065 3938 3721 4012">
     <span class='ocr_line' id='line_1_86' title="bbox 2065 3938 3721 4012; baseline -0.001 -15"><span class='ocrx_word' id='word_1_572' title='bbox 2065 3942 2180 3997; x_wconf 89' lang='lat' dir='ltr'><strong>hac</strong></span> <span class='ocrx_word' id='word_1_573' title='bbox 2207 3942 2374 4012; x_wconf 89' lang='lat' dir='ltr'><strong>regia</strong></span> <span class='ocrx_word' id='word_1_574' title='bbox 2402 3941 2548 3998; x_wconf 92' lang='lat' dir='ltr'><strong>urbe</strong></span> <span class='ocrx_word' id='word_1_575' title='bbox 2572 3940 2956 3997; x_wconf 88' lang='lat' dir='ltr'><strong>sublimiores</strong></span> <span class='ocrx_word' id='word_1_576' title='bbox 2981 3956 3055 3996; x_wconf 84' lang='lat' dir='ltr'><strong>ex</strong></span> <span class='ocrx_word' id='word_1_577' title='bbox 3074 3938 3286 3996; x_wconf 89' lang='lat' dir='ltr'><strong>ordine</strong></span> <span class='ocrx_word' id='word_1_578' title='bbox 3314 3938 3615 3996; x_wconf 87' lang='lat' dir='ltr'><strong>senatorio</strong></span> <span class='ocrx_word' id='word_1_579' title='bbox 3634 3944 3721 3995; x_wconf 86' lang='lat' dir='ltr'><strong>at-</strong></span> 
     </span>
    </p>
   </div>
   <div class='ocr_carea' id='block_1_87' title="bbox 2064 4030 2528 4103">
    <p class='ocr_par' dir='ltr' id='par_1_87' title="bbox 2064 4030 2528 4103">
     <span class='ocr_line' id='line_1_87' title="bbox 2064 4030 2528 4103; baseline -0.004 -17"><span class='ocrx_word' id='word_1_580' title='bbox 2064 4047 2183 4103; x_wconf 92' lang='lat' dir='ltr'><strong>que</strong></span> <span class='ocrx_word' id='word_1_581' title='bbox 2212 4030 2528 4088; x_wconf 87' lang='lat' dir='ltr'><strong>doctiores.</strong></span> 
     </span>
    </p>
   </div>
   <div class='ocr_carea' id='block_1_88' title="bbox 2137 4299 3721 4374">
    <p class='ocr_par' dir='ltr' id='par_1_88' title="bbox 2137 4299 3721 4374">
     <span class='ocr_line' id='line_1_88' title="bbox 2137 4299 3721 4374; baseline -0.001 -16"><span class='ocrx_word' id='word_1_582' title='bbox 2137 4302 2311 4368; x_wconf 87' lang='lat' dir='ltr'><strong>Quod</strong></span> <span class='ocrx_word' id='word_1_583' title='bbox 2335 4318 2474 4358; x_wconf 92' lang='lat' dir='ltr'><strong>cum</strong></span> <span class='ocrx_word' id='word_1_584' title='bbox 2503 4301 2732 4358; x_wconf 87' lang='lat' dir='ltr'><strong>factum</strong></span> <span class='ocrx_word' id='word_1_585' title='bbox 2761 4301 2956 4371; x_wconf 87' lang='lat' dir='ltr'><strong>fuerit,</strong></span> <span class='ocrx_word' id='word_1_586' title='bbox 2999 4301 3337 4374; x_wconf 86' lang='lat' dir='ltr'><strong>plenusque</strong></span> <span class='ocrx_word' id='word_1_587' title='bbox 3366 4301 3442 4356; x_wconf 89' lang='lat' dir='ltr'><strong>sit</strong></span> <span class='ocrx_word' id='word_1_588' title='bbox 3481 4299 3721 4357; x_wconf 90' lang='lat' dir='ltr'><strong>hodier-</strong></span> 
     </span>
    </p>
   </div>
   <div class='ocr_carea' id='block_1_89' title="bbox 2065 4390 3717 4465">
    <p class='ocr_par' dir='ltr' id='par_1_89' title="bbox 2065 4390 3717 4465">
     <span class='ocr_line' id='line_1_89' title="bbox 2065 4390 3717 4465; baseline -0.001 -17"><span class='ocrx_word' id='word_1_589' title='bbox 2065 4408 2181 4449; x_wconf 91' lang='lat' dir='ltr'><strong>nus</strong></span> <span class='ocrx_word' id='word_1_590' title='bbox 2202 4408 2521 4448; x_wconf 87' lang='lat' dir='ltr'><strong>consessus</strong></span> <span class='ocrx_word' id='word_1_591' title='bbox 2540 4395 2670 4448; x_wconf 85' lang='lat' dir='ltr'><strong>tum</strong></span> <span class='ocrx_word' id='word_1_592' title='bbox 2689 4396 2936 4465; x_wconf 89' lang='lat' dir='ltr'><strong>propter</strong></span> <span class='ocrx_word' id='word_1_593' title='bbox 2951 4391 3309 4448; x_wconf 88' lang='lat' dir='ltr'><strong>sanctissimi</strong></span> <span class='ocrx_word' id='word_1_594' title='bbox 3337 4390 3717 4464; x_wconf 79' lang='lat' dir='ltr'><strong>patriarchae,</strong></span> 
     </span>
    </p>
   </div>
   <div class='ocr_carea' id='block_1_90' title="bbox 2067 4480 3721 4552">
    <p class='ocr_par' dir='ltr' id='par_1_90' title="bbox 2067 4480 3721 4552">
     <span class='ocr_line' id='line_1_90' title="bbox 2067 4480 3721 4552; baseline 0 -15"><span class='ocrx_word' id='word_1_595' title='bbox 2067 4487 2132 4537; x_wconf 90' lang='lat' dir='ltr'><strong>ut</strong></span> <span class='ocrx_word' id='word_1_596' title='bbox 2161 4482 2389 4538; x_wconf 92' lang='lat' dir='ltr'><strong>dictum</strong></span> <span class='ocrx_word' id='word_1_597' title='bbox 2429 4486 2535 4552; x_wconf 88' lang='lat' dir='ltr'><strong>est,</strong></span> <span class='ocrx_word' id='word_1_598' title='bbox 2579 4480 2933 4549; x_wconf 88' lang='lat' dir='ltr'><strong>adventum,</strong></span> <span class='ocrx_word' id='word_1_599' title='bbox 2966 4485 3095 4537; x_wconf 91' lang='lat' dir='ltr'><strong>tum</strong></span> <span class='ocrx_word' id='word_1_600' title='bbox 3122 4482 3303 4537; x_wconf 89' lang='lat' dir='ltr'><strong>etiam</strong></span> <span class='ocrx_word' id='word_1_601' title='bbox 3345 4480 3605 4537; x_wconf 88' lang='lat' dir='ltr'><strong>aliorum</strong></span> <span class='ocrx_word' id='word_1_602' title='bbox 3645 4495 3721 4537; x_wconf 81' lang='lat' dir='ltr'><strong>ex</strong></span> 
     </span>
    </p>
   </div>
   <div class='ocr_carea' id='block_1_91' title="bbox 344 4560 2124 4657">
    <p class='ocr_par' dir='ltr' id='par_1_91' title="bbox 344 4560 2124 4657">
     <span class='ocr_line' id='line_1_91' title="bbox 344 4560 2124 4657; baseline 0.005 -44"><span class='ocrx_word' id='word_1_603' title='bbox 344 4562 675 4633; x_wconf 67' lang='grc' dir='ltr'><strong>συγκλητου,</strong></span> <span class='ocrx_word' id='word_1_604' title='bbox 740 4560 979 4633; x_wconf 74' lang='grc' dir='ltr'><strong>λογάδων</strong></span> <span class='ocrx_word' id='word_1_605' title='bbox 1053 4568 1144 4615; x_wconf 85' lang='grc' dir='ltr'><strong>καί</strong></span> <span class='ocrx_word' id='word_1_606' title='bbox 1221 4572 1312 4625; x_wconf 79' lang='grc' dir='ltr'><strong>τῆς</strong></span> <span class='ocrx_word' id='word_1_607' title='bbox 1394 4576 1697 4641; x_wconf 80' lang='grc' dir='ltr'><strong>ιεραρχικῆς</strong></span> <span class='ocrx_word' id='word_1_608' title='bbox 1755 4568 2029 4657; x_wconf 66' lang='grc' dir='ltr'><strong>ὀμηγύου</strong></span> <span class='ocrx_word' id='word_1_609' title='bbox 2067 4586 2124 4626; x_wconf 82' lang='lat' dir='ltr'><strong>se</strong></span> 
     </span>
    </p>
   </div>
   <div class='ocr_carea' id='block_1_92' title="bbox 1939 4560 3719 4657">
    <p class='ocr_par' dir='ltr' id='par_1_92' title="bbox 1939 4568 3719 4657">
     <span class='ocr_line' id='line_1_92' title="bbox 1939 4568 3719 4657; baseline -0.001 -31"><span class='ocrx_word' id='word_1_610' title='bbox 1939 4599 1953 4607; x_wconf 91' lang='lat'><strong>-</strong></span> <span class='ocrx_word' id='word_1_611' title='bbox 1980 4599 2029 4657; x_wconf 69' lang='grc' dir='ltr'><strong>Β</strong></span> <span class='ocrx_word' id='word_1_612' title='bbox 2067 4575 2301 4637; x_wconf 84' lang='lat' dir='ltr'><strong>senatu,</strong></span> <span class='ocrx_word' id='word_1_613' title='bbox 2333 4576 2399 4625; x_wconf 88' lang='lat' dir='ltr'><strong>ut</strong></span> <span class='ocrx_word' id='word_1_614' title='bbox 2420 4569 2685 4625; x_wconf 80' lang='lat' dir='ltr'><strong>diximus</strong></span> <span class='ocrx_word' id='word_1_615' title='bbox 2709 4571 3175 4643; x_wconf 65' lang='lat' dir='ltr'><strong>praecipuorum,</strong></span> <span class='ocrx_word' id='word_1_616' title='bbox 3216 4585 3327 4626; x_wconf 89' lang='lat' dir='ltr'><strong>nec</strong></span> <span class='ocrx_word' id='word_1_617' title='bbox 3346 4584 3471 4626; x_wconf 91' lang='lat' dir='ltr'><strong>non</strong></span> <span class='ocrx_word' id='word_1_618' title='bbox 3489 4584 3565 4625; x_wconf 83' lang='lat' dir='ltr'><strong>ex</strong></span> <span class='ocrx_word' id='word_1_619' title='bbox 3595 4568 3719 4625; x_wconf 90' lang='lat' dir='ltr'><strong>hie-</strong></span> 
     </span>
    </p>
   </div>
   <div class='ocr_carea' id='block_1_93' title="bbox 341 4648 1954 4731">
    <p class='ocr_par' dir='ltr' id='par_1_93' title="bbox 341 4648 1954 4731">
     <span class='ocr_line' id='line_1_93' title="bbox 341 4648 1954 4731; baseline 0.003 -27"><span class='ocrx_word' id='word_1_620' title='bbox 341 4672 495 4726; x_wconf 67' lang='grc' dir='ltr'><strong>ρεως,</strong></span> <span class='ocrx_word' id='word_1_621' title='bbox 558 4662 624 4711; x_wconf 78' lang='grc' dir='ltr'><strong>ὡς</strong></span> <span class='ocrx_word' id='word_1_622' title='bbox 680 4648 996 4716; x_wconf 78' lang='grc' dir='ltr'><strong>διείληπται,</strong></span> <span class='ocrx_word' id='word_1_623' title='bbox 1070 4655 1096 4705; x_wconf 87' lang='grc' dir='ltr'><strong><em>ὀ</em></strong></span> <span class='ocrx_word' id='word_1_624' title='bbox 1151 4650 1453 4726; x_wconf 75' lang='grc' dir='ltr'><strong>διαληφθείς</strong></span> <span class='ocrx_word' id='word_1_625' title='bbox 1519 4663 1791 4730; x_wconf 79' lang='grc' dir='ltr'><strong>ιερώτατος</strong></span> <span class='ocrx_word' id='word_1_626' title='bbox 1855 4679 1954 4731; x_wconf 87' lang='grc' dir='ltr'><strong>μη-</strong></span> 
     </span>
    </p>
   </div>
   <div class='ocr_carea' id='block_1_94' title="bbox 342 4740 1952 4812">
    <p class='ocr_par' dir='ltr' id='par_1_94' title="bbox 342 4740 1952 4812">
     <span class='ocr_line' id='line_1_94' title="bbox 342 4740 1952 4812; baseline 0.004 -19"><span class='ocrx_word' id='word_1_627' title='bbox 342 4740 665 4812; x_wconf 75' lang='grc' dir='ltr'><strong>τροπολίτης</strong></span> <span class='ocrx_word' id='word_1_628' title='bbox 722 4740 941 4802; x_wconf 81' lang='grc' dir='ltr'><strong>Ῥωσιας</strong></span> <span class='ocrx_word' id='word_1_629' title='bbox 1008 4750 1178 4794; x_wconf 81' lang='grc' dir='ltr'><strong>ταυτα</strong></span> <span class='ocrx_word' id='word_1_630' title='bbox 1248 4749 1338 4795; x_wconf 78' lang='grc' dir='ltr'><strong>καί</strong></span> <span class='ocrx_word' id='word_1_631' title='bbox 1409 4742 1562 4797; x_wconf 71' lang='grc' dir='ltr'><strong>πάλιν</strong></span> <span class='ocrx_word' id='word_1_632' title='bbox 1639 4752 1709 4807; x_wconf 82' lang='grc' dir='ltr'><strong>εὶς</strong></span> <span class='ocrx_word' id='word_1_633' title='bbox 1776 4754 1952 4806; x_wconf 79' lang='grc' dir='ltr'><strong>κοινὴν</strong></span> 
     </span>
    </p>
   </div>
   <div class='ocr_carea' id='block_1_95' title="bbox 341 4834 1955 4914">
    <p class='ocr_par' dir='ltr' id='par_1_95' title="bbox 341 4834 1955 4909">
     <span class='ocr_line' id='line_1_95' title="bbox 341 4834 1955 4909; baseline 0.005 -28"><span class='ocrx_word' id='word_1_634' title='bbox 341 4836 607 4903; x_wconf 64' lang='grc' dir='ltr'><strong>ἀκρόασιν</strong></span> <span class='ocrx_word' id='word_1_635' title='bbox 688 4834 1003 4893; x_wconf 79' lang='grc' dir='ltr'><strong>άπετείνατο,</strong></span> <span class='ocrx_word' id='word_1_636' title='bbox 1084 4834 1149 4892; x_wconf 85' lang='grc' dir='ltr'><strong>ὡς</strong></span> <span class='ocrx_word' id='word_1_637' title='bbox 1228 4834 1385 4895; x_wconf 74' lang='grc' dir='ltr'><strong>αὐτὸς</strong></span> <span class='ocrx_word' id='word_1_638' title='bbox 1466 4838 1555 4907; x_wconf 77' lang='grc' dir='ltr'><strong>μὲν</strong></span> <span class='ocrx_word' id='word_1_639' title='bbox 1633 4837 1768 4888; x_wconf 77' lang='grc' dir='ltr'><strong>οὕτω</strong></span> <span class='ocrx_word' id='word_1_640' title='bbox 1826 4858 1955 4909; x_wconf 88' lang='grc' dir='ltr'><strong>πρε-</strong></span> 
     </span>
    </p>
   </div>
   <div class='ocr_carea' id='block_1_96' title="bbox 342 4920 1950 5002">
    <p class='ocr_par' dir='ltr' id='par_1_96' title="bbox 342 4920 1950 5002">
     <span class='ocr_line' id='line_1_96' title="bbox 342 4920 1950 5002; baseline 0.005 -31"><span class='ocrx_word' id='word_1_641' title='bbox 342 4920 542 5002; x_wconf 54' lang='grc' dir='ltr'><strong>σϐεύει,</strong></span> <span class='ocrx_word' id='word_1_642' title='bbox 601 4926 643 4970; x_wconf 80' lang='grc' dir='ltr'><strong>ει</strong></span> <span class='ocrx_word' id='word_1_643' title='bbox 695 4925 785 4970; x_wconf 82' lang='grc' dir='ltr'><strong>καὶ</strong></span> <span class='ocrx_word' id='word_1_644' title='bbox 856 4920 1122 4995; x_wconf 75' lang='grc' dir='ltr'><strong>ἀραρότως</strong></span> <span class='ocrx_word' id='word_1_645' title='bbox 1171 4921 1304 4993; x_wconf 71' lang='grc' dir='ltr'><strong>ἔχει,</strong></span> <span class='ocrx_word' id='word_1_646' title='bbox 1359 4930 1477 4997; x_wconf 84' lang='grc' dir='ltr'><strong>περί</strong></span> <span class='ocrx_word' id='word_1_647' title='bbox 1533 4926 1628 4987; x_wconf 72' lang='grc' dir='ltr'><strong>της</strong></span> <span class='ocrx_word' id='word_1_648' title='bbox 1690 4927 1950 4987; x_wconf 76' lang='grc' dir='ltr'><strong>ζωοποιου</strong></span> 
     </span>
    </p>
   </div>
   <div class='ocr_carea' id='block_1_97' title="bbox 338 5008 1947 5090">
    <p class='ocr_par' dir='ltr' id='par_1_97' title="bbox 338 5008 1947 5090">
     <span class='ocr_line' id='line_1_97' title="bbox 338 5008 1947 5090; baseline 0.004 -28"><span class='ocrx_word' id='word_1_649' title='bbox 338 5012 556 5070; x_wconf 86' lang='grc' dir='ltr'><strong>θυσιας,</strong></span> <span class='ocrx_word' id='word_1_650' title='bbox 610 5008 727 5079; x_wconf 70' lang='grc' dir='ltr'><strong>μήτ’</strong></span> <span class='ocrx_word' id='word_1_651' title='bbox 769 5012 1025 5081; x_wconf 67' lang='grc' dir='ltr'><strong>ἀρχῆθεν,</strong></span> <span class='ocrx_word' id='word_1_652' title='bbox 1074 5015 1155 5063; x_wconf 81' lang='grc' dir='ltr'><strong>ὅτε</strong></span> <span class='ocrx_word' id='word_1_653' title='bbox 1197 5015 1342 5084; x_wconf 85' lang='grc' dir='ltr'><strong>παρά</strong></span> <span class='ocrx_word' id='word_1_654' title='bbox 1396 5018 1491 5066; x_wconf 75' lang='grc' dir='ltr'><strong>τοῦ</strong></span> <span class='ocrx_word' id='word_1_655' title='bbox 1530 5022 1765 5089; x_wconf 84' lang='grc' dir='ltr'><strong>Σωτῆρος</strong></span> <span class='ocrx_word' id='word_1_656' title='bbox 1816 5024 1947 5090; x_wconf 83' lang='grc' dir='ltr'><strong>Χρι-</strong></span> 
     </span>
    </p>
   </div>
   <div class='ocr_carea' id='block_1_98' title="bbox 336 5095 1948 5171">
    <p class='ocr_par' dir='ltr' id='par_1_98' title="bbox 336 5095 1948 5171">
     <span class='ocr_line' id='line_1_98' title="bbox 336 5095 1948 5171; baseline 0.006 -22"><span class='ocrx_word' id='word_1_657' title='bbox 336 5106 471 5149; x_wconf 82' lang='grc' dir='ltr'><strong>στοῦ</strong></span> <span class='ocrx_word' id='word_1_658' title='bbox 544 5095 786 5154; x_wconf 74' lang='grc' dir='ltr'><strong>δηλονότι</strong></span> <span class='ocrx_word' id='word_1_659' title='bbox 846 5099 1125 5157; x_wconf 75' lang='grc' dir='ltr'><strong>τετέλεστο,</strong></span> <span class='ocrx_word' id='word_1_660' title='bbox 1200 5098 1470 5171; x_wconf 79' lang='grc' dir='ltr'><strong>μητάὖθις</strong></span> <span class='ocrx_word' id='word_1_661' title='bbox 1534 5108 1592 5156; x_wconf 85' lang='grc' dir='ltr'><strong>τὸ</strong></span> <span class='ocrx_word' id='word_1_662' title='bbox 1646 5105 1732 5157; x_wconf 80' lang='grc' dir='ltr'><strong>ἀπ’</strong></span> <span class='ocrx_word' id='word_1_663' title='bbox 1757 5104 1948 5158; x_wconf 85' lang='grc' dir='ltr'><strong>ἐκείνου</strong></span> 
     </span>
    </p>
   </div>
   <div class='ocr_carea' id='block_1_99' title="bbox 334 5193 1951 5264">
    <p class='ocr_par' dir='ltr' id='par_1_99' title="bbox 334 5193 1951 5264">
     <span class='ocr_line' id='line_1_99' title="bbox 334 5193 1951 5264; baseline 0.004 -24"><span class='ocrx_word' id='word_1_664' title='bbox 334 5193 655 5264; x_wconf 39' lang='grc' dir='ltr'><strong>μεχρι-καί</strong></span> <span class='ocrx_word' id='word_1_665' title='bbox 714 5194 954 5260; x_wconf 77' lang='grc' dir='ltr'><strong>σήμερον,</strong></span> <span class='ocrx_word' id='word_1_666' title='bbox 1010 5196 1148 5260; x_wconf 81' lang='grc' dir='ltr'><strong>μόνῳ</strong></span> <span class='ocrx_word' id='word_1_667' title='bbox 1202 5199 1272 5260; x_wconf 75' lang='grc' dir='ltr'><strong>τῷ</strong></span> <span class='ocrx_word' id='word_1_668' title='bbox 1345 5195 1561 5264; x_wconf 81' lang='grc' dir='ltr'><strong>ὰνάρχῳ</strong></span> <span class='ocrx_word' id='word_1_669' title='bbox 1633 5202 1725 5246; x_wconf 79' lang='grc' dir='ltr'><strong>τοῦ</strong></span> <span class='ocrx_word' id='word_1_670' title='bbox 1788 5202 1951 5249; x_wconf 69' lang='lat' dir='ltr'><strong>Mavo-</strong></span> 
     </span>
    </p>
   </div>
   <div class='ocr_carea' id='block_1_100' title="bbox 333 5281 1949 5356">
    <p class='ocr_par' dir='ltr' id='par_1_100' title="bbox 333 5281 1949 5356">
     <span class='ocr_line' id='line_1_100' title="bbox 333 5281 1949 5356; baseline 0.007 -29"><span class='ocrx_word' id='word_1_671' title='bbox 333 5284 520 5347; x_wconf 72' lang='grc' dir='ltr'><strong>γενοῦς</strong></span> <span class='ocrx_word' id='word_1_672' title='bbox 584 5281 753 5347; x_wconf 81' lang='grc' dir='ltr'><strong>Πατρί</strong></span> <span class='ocrx_word' id='word_1_673' title='bbox 813 5284 980 5329; x_wconf 76' lang='grc' dir='ltr'><strong>ταῦτα</strong></span> <span class='ocrx_word' id='word_1_674' title='bbox 1050 5282 1362 5353; x_wconf 78' lang='grc' dir='ltr'><strong>προσῆχθαι</strong></span> <span class='ocrx_word' id='word_1_675' title='bbox 1420 5288 1508 5334; x_wconf 85' lang='grc' dir='ltr'><strong>καί</strong></span> <span class='ocrx_word' id='word_1_676' title='bbox 1566 5288 1949 5356; x_wconf 80' lang='grc' dir='ltr'><strong>προσάγεσθαι,</strong></span> 
     </span>
    </p>
   </div>
   <div class='ocr_carea' id='block_1_101' title="bbox 338 5366 1953 5447">
    <p class='ocr_par' dir='ltr' id='par_1_101' title="bbox 338 5366 1953 5447">
     <span class='ocr_line' id='line_1_101' title="bbox 338 5366 1953 5447; baseline 0.007 -30"><span class='ocrx_word' id='word_1_677' title='bbox 338 5366 471 5417; x_wconf 64' lang='grc' dir='ltr'><strong>αλλὰ</strong></span> <span class='ocrx_word' id='word_1_678' title='bbox 521 5370 611 5416; x_wconf 85' lang='grc' dir='ltr'><strong>καί</strong></span> <span class='ocrx_word' id='word_1_679' title='bbox 651 5371 790 5435; x_wconf 67' lang='grc' dir='ltr'><strong>αὐτῷ</strong></span> <span class='ocrx_word' id='word_1_680' title='bbox 845 5376 917 5436; x_wconf 81' lang='grc' dir='ltr'><strong>τῷ</strong></span> <span class='ocrx_word' id='word_1_681' title='bbox 965 5371 1421 5440; x_wconf 70' lang='grc' dir='ltr'><strong>ὲνανθρωπήσαντι</strong></span> <span class='ocrx_word' id='word_1_682' title='bbox 1484 5382 1639 5442; x_wconf 77' lang='grc' dir='ltr'><strong>Λογω</strong></span> <span class='ocrx_word' id='word_1_683' title='bbox 1672 5392 1683 5402; x_wconf 77' lang='grc'><strong><em>⁸</em></strong></span> <span class='ocrx_word' id='word_1_684' title='bbox 1718 5396 1801 5427; x_wconf 80' lang='grc' dir='ltr'><strong>ναι</strong></span> <span class='ocrx_word' id='word_1_685' title='bbox 1858 5384 1953 5447; x_wconf 71' lang='grc' dir='ltr'><strong>μὴν</strong></span> 
     </span>
    </p>
   </div>
   <div class='ocr_carea' id='block_1_102' title="bbox 340 5452 1955 5537">
    <p class='ocr_par' dir='ltr' id='par_1_102' title="bbox 340 5452 1955 5537">
     <span class='ocr_line' id='line_1_102' title="bbox 340 5452 1955 5537; baseline 0.008 -32"><span class='ocrx_word' id='word_1_686' title='bbox 340 5452 519 5527; x_wconf 29' lang='grc' dir='ltr'><strong>μηδὲ,</strong></span> <span class='ocrx_word' id='word_1_687' title='bbox 560 5459 618 5505; x_wconf 83' lang='grc' dir='ltr'><strong>τό</strong></span> <span class='ocrx_word' id='word_1_688' title='bbox 698 5454 846 5525; x_wconf 79' lang='grc' dir='ltr'><strong>ἆγιον</strong></span> <span class='ocrx_word' id='word_1_689' title='bbox 920 5464 1125 5529; x_wconf 68' lang='grc' dir='ltr'><strong>Πνεῦμα</strong></span> <span class='ocrx_word' id='word_1_690' title='bbox 1180 5470 1271 5521; x_wconf 76' lang='grc' dir='ltr'><strong>τῆς</strong></span> <span class='ocrx_word' id='word_1_691' title='bbox 1342 5466 1589 5525; x_wconf 77' lang='grc' dir='ltr'><strong>τοιαύτης</strong></span> <span class='ocrx_word' id='word_1_692' title='bbox 1651 5467 1955 5537; x_wconf 67' lang='grc' dir='ltr'><strong>θεοπρεπους</strong></span> 
     </span>
    </p>
   </div>
   <div class='ocr_carea' id='block_1_103' title="bbox 340 5544 1956 5627">
    <p class='ocr_par' dir='ltr' id='par_1_103' title="bbox 340 5544 1956 5627">
     <span class='ocr_line' id='line_1_103' title="bbox 340 5544 1956 5627; baseline 0.009 -33"><span class='ocrx_word' id='word_1_693' title='bbox 340 5555 503 5618; x_wconf 78' lang='grc' dir='ltr'><strong>τιμῆς</strong></span> <span class='ocrx_word' id='word_1_694' title='bbox 551 5544 925 5597; x_wconf 74' lang='grc' dir='ltr'><strong>άπολείπεσθαι</strong></span> <span class='ocrx_word' id='word_1_695' title='bbox 985 5563 996 5574; x_wconf 90' lang='grc'>·</span> <span class='ocrx_word' id='word_1_696' title='bbox 1058 5554 1147 5601; x_wconf 84' lang='grc' dir='ltr'><strong>καί</strong></span> <span class='ocrx_word' id='word_1_697' title='bbox 1205 5551 1520 5614; x_wconf 70' lang='grc' dir='ltr'><strong>ἁπαξαπλῶς</strong></span> <span class='ocrx_word' id='word_1_698' title='bbox 1582 5561 1703 5627; x_wconf 76' lang='grc' dir='ltr'><strong>πρός</strong></span> <span class='ocrx_word' id='word_1_699' title='bbox 1760 5562 1848 5613; x_wconf 73' lang='grc' dir='ltr'><strong>τὴν</strong></span> <span class='ocrx_word' id='word_1_700' title='bbox 1910 5556 1956 5608; x_wconf 83' lang='grc' dir='ltr'><strong>ἐν</strong></span> 
     </span>
    </p>
   </div>
   <div class='ocr_carea' id='block_1_104' title="bbox 418 5725 874 5791">
    <p class='ocr_par' dir='ltr' id='par_1_104' title="bbox 418 5725 874 5791">
     <span class='ocr_line' id='line_1_104' title="bbox 418 5725 874 5791; baseline 0.007 -11"><span class='ocrx_word' id='word_1_701' title='bbox 418 5726 438 5760; x_wconf 76' lang='grc'><strong>⁷</strong></span> <span class='ocrx_word' id='word_1_702' title='bbox 477 5725 657 5782; x_wconf 86' lang='lat' dir='ltr'><strong>Hebr.</strong></span> <span class='ocrx_word' id='word_1_703' title='bbox 693 5741 755 5791; x_wconf 75' lang='grc' dir='ltr'><strong>ι,</strong></span> <span class='ocrx_word' id='word_1_704' title='bbox 782 5729 874 5783; x_wconf 82' lang='lat'><strong>23.</strong></span> 
     </span>
    </p>
   </div>
   <div class='ocr_carea' id='block_1_105' title="bbox 2064 4659 3719 4731">
    <p class='ocr_par' dir='ltr' id='par_1_105' title="bbox 2064 4659 3719 4731">
     <span class='ocr_line' id='line_1_105' title="bbox 2064 4659 3719 4731; baseline -0.001 -16"><span class='ocrx_word' id='word_1_705' title='bbox 2064 4660 2335 4716; x_wconf 89' lang='lat' dir='ltr'><strong>rarcbico</strong></span> <span class='ocrx_word' id='word_1_706' title='bbox 2357 4664 2534 4729; x_wconf 85' lang='lat' dir='ltr'><strong>coetu,</strong></span> <span class='ocrx_word' id='word_1_707' title='bbox 2565 4665 2937 4716; x_wconf 89' lang='lat' dir='ltr'><strong>memoratus</strong></span> <span class='ocrx_word' id='word_1_708' title='bbox 2966 4664 3145 4716; x_wconf 88' lang='lat' dir='ltr'><strong>antea</strong></span> <span class='ocrx_word' id='word_1_709' title='bbox 3172 4659 3392 4715; x_wconf 67' lang='lat' dir='ltr'><strong>Russiaz</strong></span> <span class='ocrx_word' id='word_1_710' title='bbox 3411 4662 3719 4731; x_wconf 90' lang='lat' dir='ltr'><strong>metropo-</strong></span> 
     </span>
    </p>
   </div>
   <div class='ocr_carea' id='block_1_106' title="bbox 2062 4748 3715 4821">
    <p class='ocr_par' dir='ltr' id='par_1_106' title="bbox 2062 4748 3715 4821">
     <span class='ocr_line' id='line_1_106' title="bbox 2062 4748 3715 4821; baseline -0.001 -15"><span class='ocrx_word' id='word_1_711' title='bbox 2062 4750 2186 4821; x_wconf 88' lang='lat' dir='ltr'><strong>lita,</strong></span> <span class='ocrx_word' id='word_1_712' title='bbox 2215 4750 2331 4805; x_wconf 92' lang='lat' dir='ltr'><strong>hoc</strong></span> <span class='ocrx_word' id='word_1_713' title='bbox 2355 4765 2565 4806; x_wconf 88' lang='lat' dir='ltr'><strong>rursus</strong></span> <span class='ocrx_word' id='word_1_714' title='bbox 2598 4749 2830 4805; x_wconf 90' lang='lat' dir='ltr'><strong>cunctis</strong></span> <span class='ocrx_word' id='word_1_715' title='bbox 2854 4748 3244 4806; x_wconf 87' lang='lat' dir='ltr'><strong>audientibus</strong></span> <span class='ocrx_word' id='word_1_716' title='bbox 3282 4748 3715 4821; x_wconf 78' lang='lat' dir='ltr'><strong>pronuntiavit,</strong></span> 
     </span>
    </p>
   </div>
   <div class='ocr_carea' id='block_1_107' title="bbox 2063 4837 3720 4911">
    <p class='ocr_par' dir='ltr' id='par_1_107' title="bbox 2063 4837 3720 4911">
     <span class='ocr_line' id='line_1_107' title="bbox 2063 4837 3720 4911; baseline 0.001 -17"><span class='ocrx_word' id='word_1_717' title='bbox 2063 4856 2125 4894; x_wconf 91' lang='lat' dir='ltr'><strong>se</strong></span> <span class='ocrx_word' id='word_1_718' title='bbox 2147 4838 2394 4911; x_wconf 88' lang='lat' dir='ltr'><strong>quidem</strong></span> <span class='ocrx_word' id='word_1_719' title='bbox 2438 4839 2520 4894; x_wconf 86' lang='lat' dir='ltr'><strong>ita</strong></span> <span class='ocrx_word' id='word_1_720' title='bbox 2553 4854 2816 4910; x_wconf 89' lang='lat' dir='ltr'><strong>censere,</strong></span> <span class='ocrx_word' id='word_1_721' title='bbox 2855 4838 3024 4910; x_wconf 93' lang='lat' dir='ltr'><strong>quod</strong></span> <span class='ocrx_word' id='word_1_722' title='bbox 3050 4854 3268 4911; x_wconf 92' lang='lat' dir='ltr'><strong>reapse</strong></span> <span class='ocrx_word' id='word_1_723' title='bbox 3306 4838 3607 4894; x_wconf 84' lang='lat' dir='ltr'><strong>evidenter</strong></span> <span class='ocrx_word' id='word_1_724' title='bbox 3634 4837 3720 4896; x_wconf 88' lang='lat' dir='ltr'><strong>ita</strong></span> 
     </span>
    </p>
   </div>
   <div class='ocr_carea' id='block_1_108' title="bbox 2062 4927 3716 5001">
    <p class='ocr_par' dir='ltr' id='par_1_108' title="bbox 2062 4927 3716 5001">
     <span class='ocr_line' id='line_1_108' title="bbox 2062 4927 3716 5001; baseline 0.001 -18"><span class='ocrx_word' id='word_1_725' title='bbox 2062 4945 2123 4984; x_wconf 92' lang='lat' dir='ltr'><strong>se</strong></span> <span class='ocrx_word' id='word_1_726' title='bbox 2144 4928 2348 4991; x_wconf 81' lang='lat' dir='ltr'><strong>habet,</strong></span> <span class='ocrx_word' id='word_1_727' title='bbox 2373 4944 2591 5000; x_wconf 91' lang='lat' dir='ltr'><strong>nempe</strong></span> <span class='ocrx_word' id='word_1_728' title='bbox 2613 4928 2922 4984; x_wconf 87' lang='lat' dir='ltr'><strong>viviﬁcum</strong></span> <span class='ocrx_word' id='word_1_729' title='bbox 2944 4927 3307 4984; x_wconf 87' lang='lat' dir='ltr'><strong>sacriﬁcium</strong></span> <span class='ocrx_word' id='word_1_730' title='bbox 3332 4943 3533 5001; x_wconf 90' lang='lat' dir='ltr'><strong>neque</strong></span> <span class='ocrx_word' id='word_1_731' title='bbox 3547 4927 3716 4984; x_wconf 90' lang='lat' dir='ltr'><strong>initio</strong></span> 
     </span>
    </p>
   </div>
   <div class='ocr_carea' id='block_1_109' title="bbox 2060 5016 3721 5091">
    <p class='ocr_par' dir='ltr' id='par_1_109' title="bbox 2060 5016 3721 5091">
     <span class='ocr_line' id='line_1_109' title="bbox 2060 5016 3721 5091; baseline 0 -16"><span class='ocrx_word' id='word_1_732' title='bbox 2060 5035 2199 5075; x_wconf 91' lang='lat' dir='ltr'><strong>cum</strong></span> <span class='ocrx_word' id='word_1_733' title='bbox 2229 5034 2265 5074; x_wconf 90' lang='lat' dir='ltr'><strong>a</strong></span> <span class='ocrx_word' id='word_1_734' title='bbox 2296 5020 2606 5075; x_wconf 85' lang='lat' dir='ltr'><strong>Servatore</strong></span> <span class='ocrx_word' id='word_1_735' title='bbox 2629 5018 2859 5075; x_wconf 90' lang='lat' dir='ltr'><strong>Christo</strong></span> <span class='ocrx_word' id='word_1_736' title='bbox 2888 5023 3201 5091; x_wconf 89' lang='lat' dir='ltr'><strong>peractum</strong></span> <span class='ocrx_word' id='word_1_737' title='bbox 3228 5016 3359 5084; x_wconf 90' lang='lat' dir='ltr'><strong>fuit,</strong></span> <span class='ocrx_word' id='word_1_738' title='bbox 3383 5033 3581 5091; x_wconf 86' lang='lat' dir='ltr'><strong>neque</strong></span> <span class='ocrx_word' id='word_1_739' title='bbox 3618 5016 3721 5075; x_wconf 91' lang='lat' dir='ltr'><strong>de-</strong></span> 
     </span>
    </p>
   </div>
   <div class='ocr_carea' id='block_1_110' title="bbox 2061 5107 3722 5181">
    <p class='ocr_par' dir='ltr' id='par_1_110' title="bbox 2061 5107 3722 5181">
     <span class='ocr_line' id='line_1_110' title="bbox 2061 5107 3722 5181; baseline 0.001 -16"><span class='ocrx_word' id='word_1_740' title='bbox 2061 5125 2182 5165; x_wconf 91' lang='lat' dir='ltr'><strong>nuo</strong></span> <span class='ocrx_word' id='word_1_741' title='bbox 2230 5108 2511 5181; x_wconf 88' lang='lat' dir='ltr'><strong>posthinc</strong></span> <span class='ocrx_word' id='word_1_742' title='bbox 2563 5124 2759 5180; x_wconf 90' lang='lat' dir='ltr'><strong>usque</strong></span> <span class='ocrx_word' id='word_1_743' title='bbox 2808 5107 2888 5164; x_wconf 88' lang='lat' dir='ltr'><strong>ad</strong></span> <span class='ocrx_word' id='word_1_744' title='bbox 2934 5108 3300 5165; x_wconf 87' lang='lat' dir='ltr'><strong>hodiernum</strong></span> <span class='ocrx_word' id='word_1_745' title='bbox 3359 5108 3547 5178; x_wconf 89' lang='lat' dir='ltr'><strong>diem,</strong></span> <span class='ocrx_word' id='word_1_746' title='bbox 3612 5109 3722 5166; x_wconf 89' lang='lat' dir='ltr'><strong>uni</strong></span> 
     </span>
    </p>
   </div>
   <div class='ocr_carea' id='block_1_111' title="bbox 2062 5196 3719 5271">
    <p class='ocr_par' dir='ltr' id='par_1_111' title="bbox 2062 5196 3719 5271">
     <span class='ocr_line' id='line_1_111' title="bbox 2062 5196 3719 5271; baseline 0.001 -18"><span class='ocrx_word' id='word_1_747' title='bbox 2062 5203 2281 5254; x_wconf 78' lang='lat' dir='ltr'><strong>aeterno</strong></span> <span class='ocrx_word' id='word_1_748' title='bbox 2314 5198 2606 5267; x_wconf 83' lang='lat' dir='ltr'><strong>Unigeniti</strong></span> <span class='ocrx_word' id='word_1_749' title='bbox 2651 5197 2807 5254; x_wconf 89' lang='lat' dir='ltr'><strong>Patri</strong></span> <span class='ocrx_word' id='word_1_750' title='bbox 2836 5197 3109 5254; x_wconf 89' lang='lat' dir='ltr'><strong>oblatum</strong></span> <span class='ocrx_word' id='word_1_751' title='bbox 3144 5196 3334 5254; x_wconf 84' lang='lat' dir='ltr'><strong>fuisse</strong></span> <span class='ocrx_word' id='word_1_752' title='bbox 3371 5197 3467 5254; x_wconf 89' lang='lat' dir='ltr'><strong>vel</strong></span> <span class='ocrx_word' id='word_1_753' title='bbox 3495 5196 3719 5271; x_wconf 81' lang='lat' dir='ltr'><strong>offerri,</strong></span> 
     </span>
    </p>
   </div>
   <div class='ocr_carea' id='block_1_112' title="bbox 2061 5288 3723 5361">
    <p class='ocr_par' dir='ltr' id='par_1_112' title="bbox 2061 5288 3723 5361">
     <span class='ocr_line' id='line_1_112' title="bbox 2061 5288 3723 5361; baseline 0.002 -18"><span class='ocrx_word' id='word_1_754' title='bbox 2061 5305 2270 5344; x_wconf 90' lang='lat' dir='ltr'><strong>verum</strong></span> <span class='ocrx_word' id='word_1_755' title='bbox 2298 5289 2477 5344; x_wconf 85' lang='lat' dir='ltr'><strong>etiam</strong></span> <span class='ocrx_word' id='word_1_756' title='bbox 2509 5288 2624 5360; x_wconf 91' lang='lat' dir='ltr'><strong>ipsi</strong></span> <span class='ocrx_word' id='word_1_757' title='bbox 2642 5304 2887 5361; x_wconf 88' lang='lat' dir='ltr'><strong>quoque</strong></span> <span class='ocrx_word' id='word_1_758' title='bbox 2904 5288 3103 5346; x_wconf 86' lang='lat' dir='ltr'><strong>Verbo</strong></span> <span class='ocrx_word' id='word_1_759' title='bbox 3128 5288 3442 5346; x_wconf 88' lang='lat' dir='ltr'><strong>incarnato</strong></span> <span class='ocrx_word' id='word_1_760' title='bbox 3462 5306 3474 5345; x_wconf 90' lang='lat'>:</span> <span class='ocrx_word' id='word_1_761' title='bbox 3498 5289 3623 5346; x_wconf 91' lang='lat' dir='ltr'><strong>imo</strong></span> <span class='ocrx_word' id='word_1_762' title='bbox 3643 5304 3723 5346; x_wconf 89' lang='lat' dir='ltr'><strong>ne</strong></span> 
     </span>
    </p>
   </div>
   <div class='ocr_carea' id='block_1_113' title="bbox 2063 5377 3721 5450">
    <p class='ocr_par' dir='ltr' id='par_1_113' title="bbox 2063 5377 3721 5450">
     <span class='ocr_line' id='line_1_113' title="bbox 2063 5377 3721 5450; baseline 0.001 -17"><span class='ocrx_word' id='word_1_763' title='bbox 2063 5383 2339 5433; x_wconf 86' lang='lat' dir='ltr'><strong>sanctum</strong></span> <span class='ocrx_word' id='word_1_764' title='bbox 2370 5377 2619 5449; x_wconf 90' lang='lat' dir='ltr'><strong>quidem</strong></span> <span class='ocrx_word' id='word_1_765' title='bbox 2643 5378 2926 5450; x_wconf 89' lang='lat' dir='ltr'><strong>Spiritum</strong></span> <span class='ocrx_word' id='word_1_766' title='bbox 2946 5378 3130 5449; x_wconf 90' lang='lat' dir='ltr'><strong>hujus</strong></span> <span class='ocrx_word' id='word_1_767' title='bbox 3155 5377 3376 5434; x_wconf 69' lang='lat' dir='ltr'><strong>divina:</strong></span> <span class='ocrx_word' id='word_1_768' title='bbox 3397 5378 3721 5435; x_wconf 89' lang='lat' dir='ltr'><strong>oblationis</strong></span> 
     </span>
    </p>
   </div>
   <div class='ocr_carea' id='block_1_114' title="bbox 2064 5467 3722 5541">
    <p class='ocr_par' dir='ltr' id='par_1_114' title="bbox 2064 5467 3722 5541">
     <span class='ocr_line' id='line_1_114' title="bbox 2064 5467 3722 5541; baseline 0.001 -18"><span class='ocrx_word' id='word_1_769' title='bbox 2064 5484 2186 5523; x_wconf 90' lang='lat' dir='ltr'><strong>non</strong></span> <span class='ocrx_word' id='word_1_770' title='bbox 2210 5483 2342 5523; x_wconf 88' lang='lat' dir='ltr'><strong>esse</strong></span> <span class='ocrx_word' id='word_1_771' title='bbox 2372 5467 2725 5540; x_wconf 87' lang='lat' dir='ltr'><strong>participem</strong></span> <span class='ocrx_word' id='word_1_772' title='bbox 2754 5477 2772 5531; x_wconf 86' lang='lat'><strong>&#39;;</strong></span> <span class='ocrx_word' id='word_1_773' title='bbox 2801 5468 2883 5524; x_wconf 87' lang='lat' dir='ltr'><strong>ita</strong></span> <span class='ocrx_word' id='word_1_774' title='bbox 2910 5474 2974 5523; x_wconf 89' lang='lat' dir='ltr'><strong>ut</strong></span> <span class='ocrx_word' id='word_1_775' title='bbox 2989 5469 3241 5525; x_wconf 88' lang='lat' dir='ltr'><strong>omnino</strong></span> <span class='ocrx_word' id='word_1_776' title='bbox 3271 5468 3503 5539; x_wconf 87' lang='lat' dir='ltr'><strong>Deitati,</strong></span> <span class='ocrx_word' id='word_1_777' title='bbox 3528 5484 3722 5541; x_wconf 90' lang='lat' dir='ltr'><strong>quam</strong></span> 
     </span>
    </p>
   </div>
   <div class='ocr_carea' id='block_1_115' title="bbox 2066 5557 3722 5630">
    <p class='ocr_par' dir='ltr' id='par_1_115' title="bbox 2066 5557 3722 5630">
     <span class='ocr_line' id='line_1_115' title="bbox 2066 5557 3722 5630; baseline 0.002 -19"><span class='ocrx_word' id='word_1_778' title='bbox 2066 5558 2125 5613; x_wconf 83' lang='lat' dir='ltr'><strong>in</strong></span> <span class='ocrx_word' id='word_1_779' title='bbox 2155 5557 2431 5613; x_wconf 86' lang='lat' dir='ltr'><strong>Trinitate</strong></span> <span class='ocrx_word' id='word_1_780' title='bbox 2486 5572 2889 5628; x_wconf 86' lang='lat' dir='ltr'><strong>personarum</strong></span> <span class='ocrx_word' id='word_1_781' title='bbox 2938 5559 3327 5630; x_wconf 90' lang='lat' dir='ltr'><strong>conjunctam</strong></span> <span class='ocrx_word' id='word_1_782' title='bbox 3379 5563 3437 5618; x_wconf 88' lang='lat' dir='ltr'><strong>et</strong></span> <span class='ocrx_word' id='word_1_783' title='bbox 3474 5558 3722 5623; x_wconf 87' lang='lat' dir='ltr'><strong>unicam</strong></span> 
     </span>
    </p>
   </div>
  </div>
