4508 6436
808 427 909 486 181
2147 424 2418 484 ΝΙΟΕἸῈ
2472 423 2588 482 ΟΒ(

2390 424 2418 483 ε
2472 423 2856 482 σειοΝῐΑτΑε
4023 393 4028 404 ’
4069 429 4170 486 εει

802 553 986 625 atque
999 550 1179 609 unius
1206 551 1602 625 ejusdemque
1628 550 1859 607 natura:
1884 547 2183 622 simulque
2221 550 2464 608 immor-
2495 553 2542 606 Α
2570 555 2582 603 '.

2389 565 2464 608 π·
2495 546 2764 623 ΑΤριὰδι
2819 554 3108 623 προσώπων
3179 550 3474 625 ένιζομένην
3553 555 3642 604 καὶ
3731 553 3853 624 μίαν
3915 554 4169 629 γνωριζο.

801 639 984 697 talem
1015 657 1146 697 esse
1167 642 1615 711 cognoscimus,
1639 640 1768 695 haec
1790 639 2217 712 mysteriorum
2237 639 2459 696 oblatio
2570 659 2581 712 ι

2386 639 2459 696 tio
2570 641 2726 712 μένην
2781 641 2998 698 θεότητα
3050 649 3260 714 συμφυῆ
3333 661 3387 695 τε
3447 645 3538 693 καί
3588 637 3860 694 συναίδιον
3919 646 4012 702 τὴν
4065 651 4166 696 τῶν

801 732 860 785 et
887 728 1031 786 olim
1056 728 1214 786 facta
1245 730 1419 786 fuerit
1451 735 1507 785 et
1527 744 1689 785 nunc
1716 728 1842 797 ﬁat,
1867 733 2046 802 atque
2095 743 2133 784 a
2161 728 2458 784 Trinitatis
2567 749 2581 800 ε

2388 728 2458 782 tis
2567 733 2873 804 μυστηρίων
2963 735 3308 802 προσαγωγὴν
3393 732 3709 802 γεγενῆσθαί
3788 751 3839 784 τε
3905 750 3993 784 και
4041 737 4168 804 γίνε-

798 822 1094 889 potestate
1125 820 1292 875 omni
1324 823 1591 891 tempore
1612 817 1973 891 perﬁciatur.
2008 820 2126 874 Hoc
2141 816 2240 873 ille
2258 816 2456 872 aiebat
2569 838 2578 868 ι

2386 820 2456 872 ,αι
2569 819 2714 885 σθαι,
2775 817 3125 891 τελειουμένην
3201 815 3294 872 διὰ
3373 827 3464 882 τῆς
3554 819 3868 872 τελειοποιοῡ
3941 818 4166 896 Τριάδος

799 924 863 963 se
918 907 1326 964 indubitanter
1377 907 1615 978 sentire,
1678 907 1795 963 hoc
1843 906 2092 962 ﬁrmiter
2139 922 2177 963 a
2238 905 2454 961 divinis
2563 906 2579 960 ὲ

2383 906 2454 960 iis
2563 905 2827 963 ἑκάστοτε.
2888 913 3053 961 Τοῦτο
3123 905 3496 969 ἀνενδοιάστως
3567 915 3783 981 φρονεῖν,
3845 916 3996 962 τοῦτο
4071 908 4163 983 βε-

797 997 1182 1069 comprobari
1205 997 1542 1070 Scripturis,
1575 1013 1684 1070 pro
1726 997 1844 1054 hoc
1872 996 2122 1053 demum
2169 995 2452 1068 dogmate
2563 998 2577 1048 ε

2382 1000 2452 1053 ite
2563 995 2722 1059 ϐαίως
2776 1001 2865 1050 καὶ
2921 999 3022 1049 άπὸ
3070 1006 3170 1050 τῶν
3241 999 3385 1051 θείων
3473 997 3972 1072 πεπληροφορῆσθαι
4033 1004 4162 1074 Γρα-

795 1089 1083 1159 paratum
1105 1102 1166 1144 se
1187 1087 1364 1145 mori.
2067 1135 2071 1139 .
2562 1107 2575 1158 ς

2562 1094 2686 1158 φῶν,
2735 1089 2904 1160 τούτῳ
2959 1106 3049 1139 και
3100 1089 3546 1148 συναποθνήσκειν
3595 1087 3828 1160 ἑτοίμως»
3886 1089 4027 1161 ἔχειν
4087 1096 4160 1160 τῷ

2561 1171 2813 1249 δόγματι.

861 1265 948 1323 lta
968 1265 1218 1339 quidem
1237 1265 1563 1324 conﬁdenti
1585 1265 1791 1322 animo
1809 1267 2041 1322 Russus
2062 1264 2446 1337 loquebatur.
2631 1265 2641 1284 '

2383 1280 2446 1322 [ι’.
2631 1265 2691 1317 '0
2765 1268 2855 1338 μέν
2913 1264 3132 1330 Ῥωσίας
3222 1273 3388 1319 ταῦτα
3455 1266 3968 1342 πεπαρῥησιασμένῳ
4043 1288 4163 1342 φροι

792 1356 941 1411 Cum
971 1359 1174 1413 autem
1203 1371 1297 1412 res
1324 1358 1619 1428 posceret,
1650 1358 1716 1410 ut
1738 1356 2162 1428 episcoporum
2202 1369 2448 1427 quoque
2556 1373 2572 1404 ι

2381 1369 2448 1411 ue
2556 1357 2752 1426 νήματι
2794 1352 3032 1416 ἐξελάλει.
3089 1361 3176 1417 Ὡς
3221 1352 3280 1408 δε
3337 1357 3526 1429 ἀπῄτει
3572 1358 3630 1409 τό
3679 1362 3918 1430 πρᾶγμα,
3967 1360 4057 1410 καί
4101 1360 4161 1410 τὸ

788 1459 1111 1502 consessus
1140 1461 1319 1502 suum
1362 1444 1707 1515 singillatim
1736 1444 1914 1500 ferret
1943 1443 2319 1515 suffragium,
2357 1460 2446 1500 sa-
2556 1462 2568 1494 1

2381 1460 2446 1500 .a-
2556 1451 2652 1505 τῆς
2726 1452 2899 1504 κοινῆς
2969 1451 3069 1497 τῶν
3123 1443 3410 1520 ἀρχιερέων
3491 1443 3954 1500 ἀποκαλύπτεσθαι
4043 1449 4161 1498 σύν-

787 1533 1167 1592 cratissimus
1193 1534 1674 1606 metropolitanae
1688 1534 1954 1590 ecclesiae
1977 1534 2193 1606 Ephesi
2223 1533 2447 1590 archie-
2559 1538 2567 1583 ι

2384 1549 2447 1590 .e-
2559 1535 2708 1606 θέμα,
2777 1534 2803 1585 6
2873 1532 3148 1607 ἱερώτατος
3224 1537 3646 1610 άρχιεπίσκοπος
3729 1543 3826 1598 τῆς
3895 1555 4164 1609 μητροπο-

783 1624 1091 1697 piscopus,
1122 1623 1283 1680 haud
1304 1624 1525 1679 diutius
1552 1623 1842 1679 divinisui
1863 1622 2276 1696 zeliimpetum
2306 1637 2445 1679 con-
2555 1621 2563 1674 1

2380 1637 2445 1678 n-
2555 1621 2674 1683 λεως
2739 1622 2956 1694 Ἐφέσου
3026 1631 3233 1695 πρῶτος
3299 1627 3490 1677 αὐτίκα
3539 1628 3632 1684 τὴν
3691 1621 3858 1678 ὠδῖνα
3917 1629 3988 1698 μή
4049 1629 4160 1678 στέ-

786 1713 974 1771 tinere
1007 1714 1335 1784 sustinens,
1369 1729 1430 1768 se
1463 1729 1602 1769 cum
1629 1716 1816 1769 Russo
1847 1713 2077 1784 primus
2109 1713 2325 1768 sentire
2347 1729 2445 1768 ex-
2554 1732 2566 1784 τ

2381 1729 2445 1768 x-
2554 1731 2662 1784 γειν
2701 1715 2776 1763 ἔτι
2805 1713 2906 1774 οἶός
2948 1731 3002 1764 τε
3049 1712 3116 1765 ὢν
3154 1721 3248 1766 τοῦ
3291 1717 3488 1774 ἐνόντος
3534 1716 3699 1785 τούτῳ
3749 1713 3919 1768 ἐνθέου
3975 1714 4158 1778 ζήλου,

785 1802 1277 1875 clamavit,atque
1289 1803 1349 1858 in
1370 1803 1485 1858 hac
1499 1801 1875 1858 confessione
1890 1802 2248 1857 moriturum
2263 1801 2444 1857 conﬂ-
2555 1820 2565 1850 ι

2383 1801 2444 1856 ﬁ-
2555 1805 2850 1874 όμοφρόνως
2924 1808 2997 1872 τῷ
3062 1801 3283 1865 Ῥωσίας
3357 1811 3555 1878 φρονεῖν
3647 1804 3946 1877 ἀνεκήρυξε,
4045 1823 4163 1856 συν-

783 1891 997 1948 denter
1013 1892 1350 1948 admodum
1366 1891 1734 1948 afﬁrmabat.
1754 1893 1964 1948 Parem
1978 1892 2340 1948 sententiam
2355 1907 2444 1948 re-
2482 1924 2522 1978 Β
2555 1912 2563 1942 ‹

2381 1907 2444 1948 ιθ·
2482 1924 2522 1978 Β
2555 1891 2829 1944 αποθανεῖν
2891 1895 2982 1943 καί
3045 1890 3201 1954 αύτὸς
3272 1900 3333 1951 τῆ
3402 1895 3619 1951 τοιαύτή
3687 1893 3939 1965 ὁμολογία
4019 1892 4161 1965 μάλα

782 1979 986 2054 liquus
997 1981 1178 2037 etiam
1193 1981 1618 2054 episcoporum
1633 1986 1822 2037 cretus
1836 1981 2209 2054 protulit,qui
2225 1982 2446 2054 pariter
2557 1989 2562 2027 ι

2383 1997 2446 2037 er
2557 1978 2874 2054 θαῤῥούντως
2951 1980 3354 2055 ίσχυριξόμενος
3393 1997 3407 2012 ⁶
3492 1985 3558 2035 τὰ
3622 1981 3760 2036 αύτὰ
3838 1979 3898 2035 δε
3954 1985 4158 2046 τούτοις

785 2072 1227 2128 consentientes
1265 2072 1714 2145 ooncordesque
1762 2072 1920 2127 nacti
1966 2076 2107 2128 sunt
2147 2075 2445 2144 quotquot
2552 2088 2565 2122 1

2379 2076 2445 2128 ot
2552 2067 2852 2143 πρεσϐεύειν
2941 2074 3032 2122 καί
3122 2069 3277 2130 λοιπὴ
3357 2078 3457 2124 τῶν
3529 2071 3813 2145 ἀρχιερέων
3899 2072 4159 2145 ὁμήγυρις

786 2164 957 2217 erant
981 2160 1042 2216 in
1063 2175 1134 2216 eo
1165 2175 1460 2217 consessu
1493 2176 1563 2217 ex
1594 2164 1806 2217 senatu
1826 2160 1921 2216 vel
1946 2159 2191 2217 aliunde
2221 2175 2443 2217 convo-
2555 2178 2566 2211 ι

2380 2176 2443 2217 ο-
2555 2160 2920 2230 συγκατέθετο,
3001 2161 3300 2235 σύμφρονας
3364 2159 3448 2213 έπι
3507 2163 3714 2222 τούτοις
3779 2162 4007 2235 εὑροῦσα
4069 2180 4160 2214 και

786 2249 942 2319 cati;
970 2253 1108 2306 ante
1138 2265 1352 2306 omnes
1374 2267 1512 2306 vero
1549 2250 1998 2306 sanctissimum
2035 2249 2442 2322 patriarcham
2553 2248 2566 2300 ἑ

2383 2266 2442 2306 m
2553 2247 2915 2320 ὁμογνώμονας
2971 2250 3092 2300 ὅσον
3153 2268 3208 2302 τε
3271 2256 3364 2302 τοῦ
3433 2249 3683 2322 συλλόγου
3745 2253 3902 2325 μέρος
3958 2249 4012 2303 ἐκ
4067 2258 4160 2313 τῆς

786 2339 1342 2412 Hierosolymorum
1402 2338 1755 2406 Nicolaum;
1804 2339 2029 2412 quibus
2076 2339 2446 2396 accedebant
2556 2357 2566 2389 ι

2381 2343 2446 2395 nt
2556 2336 2850 2408 συγκλήτου
2910 2334 3212 2412 συήνδρευε,
3261 2343 3352 2392 καὶ
3419 2339 3474 2401 ὃς
3530 2339 3738 2392 ἂλλοθεν
3816 2344 4160 2414 παρεστηκὼς

787 2433 1088 2503 quotquot
1118 2429 1406 2501 praedicto
1421 2428 2443 2501 dogmatideﬁniteastipulabantur
2553 2425 2567 2479 ἑ

2379 2443 2443 2484 ur
2553 2425 2857 2498 ἕγνωρίζετο
2913 2442 2927 2457 ·
2984 2431 3086 2500 πρὸ
3155 2424 3214 2480 δὲ
3286 2431 3481 2482 τούτων
3556 2428 3794 2482 ἁπάντων
3860 2429 4015 2482 αύτὸν
4073 2432 4159 2482 τόν

789 2523 848 2577 et
873 2519 1294 2578 adhaerebant.
2555 2512 2569 2564 ε

2555 2512 2840 2586 ἁγιώτατον
2967 2518 3309 2591 πατριάρχην
3411 2517 3781 2591 Ἰεροσολύμων
3833 2570 3837 2578 ί
3882 2517 4157 2571 Νικόλαον·

2554 2602 2664 2675 μεθ’
2729 2603 2796 2654 ὧν
2847 2601 2982 2662 ἦσαν
3034 2607 3082 2656 οἱ
3136 2612 3208 2675 τῷ
3257 2606 3469 2680 ῥηθέντι
3530 2603 3762 2680 δόγματι
3822 2609 3956 2660 κατὰ
3981 2607 4165 2680 ίποίντα

2559 2698 2896 2763 στοιχοῦντές
2924 2713 2978 2746 τε
3006 2699 3097 2746 καί
3117 2693 3428 2768 ἐμμένοντες.

866 2789 1108 2861 Oportet
1166 2789 1369 2845 autem
1409 2790 1466 2845 et
1507 2787 1776 2860 ipsorum
1834 2787 2084 2845 nomina
2142 2787 2446 2858 sigillatim
2629 2788 2646 2834 Α

2387 2803 2446 2844 m
2629 2788 2714 2834 Δεῖ
2774 2785 2876 2856 γὰρ
2970 2782 3237 2837 κάνταῦθα
3305 2787 3501 2838 τούτων
3601 2785 3984 2859 ἐπιμνησθῆναι
4048 2787 4162 2840 κατ’

790 2879 1184 2954 perscribere.
1227 2881 1309 2934 Ex
1353 2883 1568 2935 senatu
1615 2879 1860 2952 quidem
1891 2879 2001 2935 hi:
2042 2878 2449 2951 pansebastus
2559 2892 2570 2923 <

2383 2895 2449 2934 us
2559 2875 2740 2944 ὄνομα.
2799 2872 2889 2926 Ἐκ
2950 2875 3041 2946 μεν
3105 2881 3200 2935 τῆς
3273 2873 3570 2948 συγκλήτου
3651 2874 3847 2948 βουλῆς
3927 2871 4040 2928 οἶδε
4081 2877 4163 2927 ·ό

794 2969 1075 3026 sebastus
1111 2984 1374 3039 magnus
1407 2968 1772 3038 drungarius
1795 2968 2078 3024 dominus
2111 2968 2450 3041 Stephanus
2559 2981 2574 3014 π

2385 2985 2450 3024 us
2559 2960 2914 3024 πανσέϐαστος
2946 2961 3197 3025 σεϐαστός
3235 2968 3326 3016 καὶ
3375 2969 3534 3037 μέγας
3597 2962 3950 3041 ὃρουγγάριος
4008 2971 4165 3038 κῦρος

800 3058 1644 3130 Οοωηθῐιιις,(;101’ἱοδὶεεὶωυς
1657 3059 2104 3129 protonotarius
2118 3064 2174 3114 et
2192 3075 2452 3128 magnus
2564 3058 2580 3104 1

2385 3075 2452 3114 us
2564 3054 2804 3123 Στέφανος
2873 3052 2898 3102 6
2976 3055 3243 3124 Κομνηνός
3314 3073 3328 3086 ·
3397 3055 3422 3104 6
3479 3050 3898 3126 μεγαδοξότατος
3965 3073 4165 3130 πρωτο-

797 3148 1694 3219 logothetadominusJoannes.
1713 3147 2454 3204 lllustrissimusasecretis
2563 3162 2577 3192 ι

2383 3149 2454 3203 tis
2563 3142 2798 3216 νοτάριος
2850 3145 2939 3194 καὶ
3016 3143 3179 3214 μέγας
3241 3141 3596 3216 λογαριαστὴς
3665 3151 3820 3218 κῦρος
3868 3144 4110 3207 Ἰωάννης
4148 3162 4160 3175 ⁸

803 3238 1091 3295 dominus
1117 3237 1394 3294 Nicolaus
1424 3241 1708 3293 Zonaras.
1761 3237 2199 3292 lltustrissimus
2248 3253 2456 3293 nomo-
2497 3283 2536 3338 ϐ
2567 3234 2583 3283 ἀ

2385 3253 2456 3293 ιο.
2497 3234 2592 3338 C6
2663 3235 3198 3302 μεγαεπιφανέστατος
3293 3230 3582 3307 ἆσηκρῆτις
3679 3241 3834 3307 κῦρος
3914 3234 4165 3294 Νικόλαος

804 3327 1052 3400 phylax,
1095 3331 1152 3384 et
1189 3326 1657 3383 domesticorum
1705 3327 2065 3400 praepositus
2112 3327 2459 3383 Theodorus
2498 3319 2536 3338 υ
2569 3319 2584 3372 c'

2392 3344 2459 3382 us
2498 3319 2594 3372 “6
2660 3326 2945 3393 Ζωναρᾶς⁶
3015 3325 3104 3373 καί
3179 3323 3204 3372 ὁ
3271 3327 3813 3395 μεγαεπιφανέστατος
3886 3324 4172 3396 νομοφύλαί

805 3418 1204 3476 Pantechnes.
1249 3420 1326 3472 Ex
1367 3417 1712 3474 veneranda
1752 3422 1952 3473 autem
1993 3419 2109 3474 Deo
2140 3419 2461 3475 chararum
2569 3431 2585 3462 δ

2401 3434 2461 3475 m
2569 3414 2658 3462 καὶ
2717 3411 2800 3463 ἐπὶ
2854 3419 2953 3462 τῶν
3006 3411 3276 3463 οἰκειακῶν
3355 3419 3513 3488 κῦρος
3563 3409 3840 3486 Θεόδωρος
3904 3414 3930 3466 ό
3985 3419 4174 3466 Παντε-

806 3507 1172 3578 dignitatum
1203 3509 1461 3572 caterva,
1489 3507 1842 3579 reliquoque
1874 3523 2050 3563 sacro
2071 3513 2302 3576 senatu,
2331 3523 2462 3563 ma-
2572 3521 2586 3574 ;

2398 3523 2462 3563 δ..
2572 3505 2709 3574 χνὴς
2750 3517 2762 3532 ·
2813 3499 2866 3553 ἐκ
2907 3498 2966 3554 δὲ
3011 3511 3102 3562 τῆς
3155 3500 3472 3577 ἐντιμοτέρας
3529 3511 3628 3554 τῶν
3678 3523 3730 3556 τε
3771 3503 4173 3576 θεοφιλεστάτων

809 3613 965 3669 gnus
1005 3597 1490 3663 archidiaconus,
1529 3611 1788 3667 magnus
1827 3613 2200 3664 ceconcmus,
2234 3599 2465 3654 charto-
2575 3590 2589 3642 ε

2396 3614 2465 3654 μου
2575 3589 2846 3662 ἀρχόντων
2894 3590 3121 3651 πληθύος
3179 3611 3263 3644 και
3322 3600 3419 3653 τῆς
3496 3592 3656 3655 α’λλης
3712 3597 3846 3678 ἱερᾶς
3901 3597 4176 3665 γερουσίας

811 3688 1061 3761 phylax,
1115 3686 1486 3751 sacellarius,
1541 3688 2013 3758 protonotarius,
2059 3687 2462 3757 canistrarius,
2576 3700 2591 3732 ι

2396 3705 2462 3757 ιε,
2576 3681 2738 3735 οὗτοι·
2787 3681 2812 3732 ό
2855 3685 3019 3753 μέγας
3073 3678 3471 3753 ἀρχιδιάκονος,
3527 3687 3616 3734 καὶ
3688 3681 3714 3735 ὁ
3763 3687 3924 3755 μέγας
3977 3687 4176 3735 οἰκονο-

809 3777 1268 3846 referendarius,
1296 3777 1376 3834 ab
1403 3777 1572 3846 actis,
1605 3777 1837 3848 primus
1859 3777 2161 3848 ostiarius,
2181 3779 2468 3850 magister
2577 3794 2589 3845 ι

2396 3793 2468 3834 ,εν
2577 3793 2690 3845 μος,
2743 3770 2768 3822 6
2821 3770 3182 3842 χαρτοφύλαξ,
3251 3772 3275 3823 6
3336 3772 3691 3844 σακελλάριος,
3757 3773 3781 3822 6
3850 3774 4176 3846 npwrovoré-

812 3865 1297 3936 Evangeliorum,
1365 3870 1702 3938 suggestor,
1775 3866 2008 3938 primus
2064 3866 2465 3923 Ecclesiarum
2576 3890 2592 3944 μ

2397 3885 2465 3922 .m
2576 3889 2703 3944 ριος,
2762 3869 2786 3920 6
2862 3872 3223 3941 κανστρίσιος,
3295 3869 3321 3919 6
3382 3866 3884 3944 ῥαιφερενὸάριος,ό
3940 3871 4177 3942 ὑπομνη-

811 3956 1189 4030 praepositus,
1223 3972 1260 4012 a
1289 3954 1662 4028 supplicibus
1692 3954 1927 4022 libellis,
1963 3955 2262 4012 secundus
2289 3957 2470 4014 ostia-
2578 3981 2591 4032 ε

2397 3957 2470 4014 ia-
2578 3961 2933 4032 ματογράφος,
2968 3960 2993 4009 6
3031 3966 3235 4028 πρῶτος
3270 3958 3559 4032 όπτιὰριος,
3628 3960 3653 4010 6
3710 3955 4038 4020 διδάσκαλος
4077 3967 4177 4012 τῶν

812 4047 957 4118 rius,
1002 4045 1310 4102 secundus
1355 4044 1754 4101 Ecclesiarum
1809 4045 2195 4118 praepositus,
2251 4045 2468 4101 doctis-
2579 4055 2592 4101 l

2398 4046 2468 4101 is-
2579 4048 2925 4121 Εύαγγελίων,
3005 4049 3030 4099 6
3104 4049 3537 4122 ὑπομιμνήσκων,
3616 4050 3641 4101 ό
3731 4056 3938 4122 πρῶτος
3995 4047 4178 4123 ἄρχων

814 4135 948 4193 simi
965 4134 1398 4209 patriarchales
1417 4135 1650 4207 notarii,
1683 4139 1983 4191 secundus
2025 4136 2470 4203 diaconus,a1ii-
2577 4158 2594 4191 1

2398 4136 2470 4192 iii.
2577 4147 2677 4191 τῶν
2732 4136 3075 4204 Ἑκκλησιῶν,
3140 4139 3165 4190 ό
3228 4140 3311 4191 ἐπὶ
3361 4147 3462 4191 τῶν
3530 4135 3780 4209 δεήσεων,
3839 4141 3866 4192 6
3939 4136 4178 4215 δεύτερος

814 4241 932 4299 que
959 4242 971 4293 ;
1001 4227 1143 4281 item
1166 4240 1289 4280 non
1317 4225 1558 4280 modica
1579 4240 1720 4297 pars
1747 4225 1851 4298 qui
1870 4229 2066 4280 astant
2089 4224 2471 4297 patriarchali
2581 4230 2594 4281 ι

2400 4224 2471 4282 ali
2581 4228 2872 4304 όστιάριος,
2929 4229 2954 4280 6
3022 4223 3259 4304 δεύτερος
3319 4229 3502 4304 ἄρχων
3569 4236 3671 4281 τῶν
3739 4227 4079 4297 Ἐκκλησιῶν,
4131 4231 4180 4282 οἱ

813 4315 1031 4372 throno
1066 4313 1557 4371 doctissimorum
1598 4316 1778 4386 atque
1819 4313 2231 4385 piissimorum
2272 4315 2471 4371 diaco-
2578 4317 2593 4372 l

2398 4331 2471 4371 βο·
2578 4317 2885 4390 λογιώτατοι
2970 4321 3356 4393 πατριαρχικοὶ
3436 4316 3688 4392 νοτᾶριοι,
3774 4318 3798 4370 ὁ
3871 4315 4178 4393 δευτερεύων

811 4418 1034 4462 norum
1075 4401 1181 4477 qui
1222 4401 1638 4474 ﬁrmojudicio
1695 4402 2018 4476 propositae
2059 4402 2217 4460 circa
2254 4402 2471 4460 viviﬁci
2579 4427 2591 4460 1

2400 4403 2471 4460 ici
2579 4415 2678 4460 τῶν
2729 4403 3004 4478 διακόνων,
3065 4411 3154 4459 καὶ
3208 4408 3371 4481 ἕτεροι
3402 4424 3415 4440 ο
3471 4407 3565 4460 ούκ
3617 4407 3765 4479 ὀλίγη
3825 4427 3880 4461 τε
3930 4416 4030 4459 τῶν
4061 4413 4180 4484 περὶ

813 4491 1094 4550 sacriﬁcii
1170 4491 1539 4549 oblationem
1599 4492 1903 4547 sententias
1973 4493 2125 4548 adeo
2185 4492 2470 4550 favebant
2578 4517 2593 4549 1

2399 4497 2470 4550 ,nt
2578 4499 2636 4549 τό
2737 4495 2889 4569 βῆμα
2953 4494 3362 4572 έλλογιμωτέρων
3443 4494 3827 4549 εύλαϐεστοίτων
3924 4493 4179 4549 διακόνων

811 4586 879 4639 ut
923 4596 999 4638 ne
1029 4581 1425 4655 quaestionem
1473 4581 1719 4654 quidem
1760 4581 1947 4637 ullam
1995 4597 2134 4637 cum
2173 4582 2243 4637 iis
2294 4581 2468 4638 habi-
2581 4587 2591 4638 ε

2402 4582 2468 4638 )i-
2581 4585 2866 4660 ἀπόμοιρα,
2938 4587 3084 4657 οἶγε
3147 4590 3237 4637 καὶ
3295 4580 3601 4656 ἀὸιστάντῳ
3664 4589 3842 4657 γνώμή
3898 4593 4006 4648 τοῖς
4063 4576 4182 4661 περὶ

810 4671 928 4729 turi
955 4674 1171 4743 essent,
1199 4672 1303 4745 qui
1321 4671 1463 4728 huic
1491 4670 1762 4740 dogmati
1787 4687 2035 4743 prorsus
2073 4671 2466 4728 adhaererent.
2581 4694 2590 4724 1

2402 4677 2466 4728 lt.
2581 4684 2675 4736 τῆς
2743 4682 3092 4748 προσαγωγῆς
3145 4681 3241 4736 τῆς
3303 4673 3561 4733 ζωοποιοῦ
3622 4675 3809 4734 θυσίας
3876 4669 4182 4746 διειλημμέ-

811 4781 912 4822 νοις
972 4758 1307 4835 δεὲογμένοις
1371 4763 1722 4835 προσκείσθαι
1790 4764 2080 4834 ςύμπαντες
2139 4757 2469 4830 διετείναντο,
2536 4769 2604 4826 ὡς
2653 4761 2792 4837 μηδὲ
2869 4765 3166 4824 συζήτησιν
3243 4759 3547 4821 οἱανὸἡτινα
3620 4764 3810 4816 ἔχουσι
3873 4766 4018 4838 παρὰ
4074 4770 4183 4826 τοῖς

812 4857 1098 4928 προσέχειν
1139 4852 1268 4913 ὅλως
1309 4852 1478 4905 ἐθελου
1489 4871 1590 4904 σιν.

883 4947 1022 5001 Post
1061 4943 1172 5000 hos
1197 4945 1316 4999 Deo
1355 4941 1746 4999 cahrissimus
1789 4941 2021 5015 primus
2067 4942 2348 4999 defensor
2383 4942 2478 5000 Mi-
2658 4944 2663 4964 ³

2401 4942 2478 5000 iii-
2658 4943 2875 5016 Ἐφ”οἶς
2927 4945 2952 4995 ό
3008 4941 3398 5015 θεοφιλέστατος
3455 4939 3811 5015 πρωτέκδικος
3876 4941 4100 5015 Μιχαὴλ
4157 4944 4181 4994 6

811 5034 985 5091 chael
1025 5032 1578 5091 Thessalonicensis
1626 5048 1802 5088 suam
1846 5031 2067 5105 pariter
2108 5033 2475 5089 sententiam
2581 5053 2591 5084 τ

2413 5048 2475 5089 m
2581 5040 2674 5087 τοῦ
2714 5033 3125 5101 Θεσσαλονίκης,
3181 5033 3316 5096 ὅπως
3373 5034 3610 5104 ἔχεικαὶ
3666 5032 3808 5093 οὗτος
3864 5051 4185 5108 φρονηματος

810 5125 1078 5199 proferre
1103 5127 1371 5197 rogatus,
1405 5123 1485 5180 ait
1527 5139 1590 5180 se
1634 5123 1912 5195 quamvis
1944 5127 2124 5179 antea
2153 5123 2228 5180 de
2266 5124 2381 5179 hac
2411 5139 2472 5180 re
2581 5144 2590 5175 1

2411 5139 2472 5180 re
2581 5127 2699 5198 περὶ
2738 5126 2923 5176 τούτου
2975 5119 3378 5194 διερωτώμενος,
3438 5123 3480 5174 εἰ
3531 5126 3620 5174 καὶ
3673 5120 3968 5196 ἀπορητῶς,
4001 5123 4181 5194 ἔφησε,

812 5215 1172 5282 dubitasset,
1207 5214 1489 5288 posthinc
1535 5219 1738 5270 tamen
1783 5213 2093 5269 sententia:
2139 5213 2469 5286 synodicae,
2581 5233 2592 5266 1

2404 5230 2469 5281 EB,
2581 5217 2697 5287 περὶ
2728 5217 2912 5266 τούτου
2973 5209 3195 5265 διέκειτο
3251 5216 3518 5288 πρότερον,
3580 5211 3706 5263 ἀλλὰ
3762 5214 3819 5263 τό
3869 5210 3969 5263 ἀπὸ
4026 5208 4184 5264 τοῦδε

809 5322 948 5380 quae
987 5307 1118 5377 jam
1151 5305 1486 5373 dicebatur,
1531 5304 1780 5360 omnino
1812 5317 1936 5360 non
1986 5302 2466 5368 adversaturum,
2582 5327 2589 5376 ι

2401 5321 2466 5368 :n,
2582 5308 2652 5376 μὴ
2697 5302 2991 5356 ἀντιτείνειν
3019 5299 3147 5377 μηδ’
3173 5302 3454 5374 ὅλωςτοῐς,
3477 5299 3698 5366 δόξασιν
3721 5298 3828 5360 ἤδη
3870 5298 4181 5372 συνοδικῶς,

808 5397 934 5456 imo
961 5413 1097 5454 eam
1130 5399 1476 5453 secuturum
1508 5393 1868 5468 spondebat.
2582 5398 2588 5445 1

2582 5393 2798 5447 ἕπεσθαι
2831 5391 2890 5447 δὲ
2919 5396 3120 5454 τούτοις
3150 5380 3240 5445 καὶ
3277 5394 3430 5452 αὑτὸς
3467 5393 3780 5458 κατετιθετο.

883 5486 1337 5561 Dyrrachiensis
1369 5490 1593 5555 autem,
1617 5501 1756 5540 cum
1784 5489 1841 5540 et
1861 5483 1938 5540 ab
1977 5483 2110 5556 ipso
2140 5483 2468 5556 pOStulare-
2651 5483 2663 5498 '

2404 5499 2468 5540 'e-
2651 5483 2715 5536 Ὀ
2772 5488 2946 5555 μέντοι
2994 5483 3316 5558 Δυρραχίου,
3359 5485 3445 5551 τόν
3486 5487 3670 5534 οίκείον
3723 5487 3916 5534 σκοπόν
3955 5487 4043 5534 καὶ
4100 5483 4184 5535 οὗ·

808 5587 902 5639 tur
932 5583 997 5636 ut
1026 5594 1272 5636 sensum
1305 5593 1482 5633 suum
1515 5575 1791 5649 aperiret,
1817 5574 2011 5648 primo
2041 5574 2288 5647 quidem
2309 5573 2468 5629 hanc
2579 5594 2588 5623 τ

2404 5590 2468 5629 nc
2579 5592 2667 5636 τος
2724 5579 2880 5626 εἰπεῖν
2956 5575 3353 5646 ἀπαιτούμενος,
3415 5580 3599 5646 πρῶτα
3656 5575 3745 5644 μὲν
3821 5577 4030 5645 γνώμην
4100 5568 4184 5626 δέ·

808 5672 888 5731 ad
909 5669 1159 5727 verbum
1183 5669 1539 5726 sententiam
1553 5665 1835 5739 protulit:
1864 5666 2115 5722 Domine
2138 5667 2220 5721 mi
2243 5671 2466 5732 sancte,
2581 5685 2588 5714 ι

2405 5681 2466 5732 Le,
2581 5661 2716 5717 δωκε
2753 5666 2888 5718 κατά
2947 5664 3095 5739 ῥῆμα
3158 5660 3321 5715 ταῦτα
3389 5658 3876 5734 διαλαμϐάνουσαν.
3949 5665 4185 5716 Δέσποτά

803 5776 1037 5836 vosque
1067 5757 1297 5821 domini
1341 5757 1462 5817 mei
1497 5760 1676 5830 atque
1717 5755 2199 5827 consacerdotes,
2233 5754 2467 5829 magnis
2577 5779 2583 5829 Α

2404 5754 2467 5812 iis
2577 5773 2677 5829 μου
2735 5754 2872 5827 ἅγιε,
2927 5757 3016 5809 καὶ
3062 5748 3206 5828 ὑμεῖς
3254 5748 3511 5808 δεσπόται
3565 5770 3665 5826 μου
3712 5756 3803 5808 καὶ
3858 5750 4184 5827 σῦλλειτουρ-
