  <div class='ocr_page' id='page_1' title='image "/cluster/home/n/w/nwhite01/storage/ocr_20150623/140/nnc1.0046979905/086.png"; bbox 0 0 4508 6436; ppageno 0'>
   <div class='ocr_carea' id='block_1_1' title="bbox 304 424 410 482">
    <p class='ocr_par' dir='ltr' id='par_1_1' title="bbox 304 424 410 482">
     <span class='ocr_line' id='line_1_1' title="bbox 304 424 410 482; baseline 0.019 -2"><span class='ocrx_word' id='word_1_1' title='bbox 304 424 410 482; x_wconf 73' lang='grc'>153</span> 
     </span>
    </p>
   </div>
   <div class='ocr_carea' id='block_1_2' title="bbox 1629 428 2375 493">
    <p class='ocr_par' dir='ltr' id='par_1_2' title="bbox 1629 428 2375 493">
     <span class='ocr_line' id='line_1_2' title="bbox 1629 428 2375 493; baseline 0.005 -6"><span class='ocrx_word' id='word_1_2' title='bbox 1629 428 1982 489; x_wconf 77' lang='lat' dir='ltr'>THESAURI</span> <span class='ocrx_word' id='word_1_3' title='bbox 2020 432 2153 491; x_wconf 85' lang='lat' dir='ltr'>LIB.</span> <span class='ocrx_word' id='word_1_4' title='bbox 2196 434 2375 493; x_wconf 81' lang='lat' dir='ltr'><strong>XXIV.</strong></span> 
     </span>
    </p>
   </div>
   <div class='ocr_carea' id='block_1_3' title="bbox 3570 446 3669 503">
    <p class='ocr_par' dir='ltr' id='par_1_3' title="bbox 3570 446 3669 503">
     <span class='ocr_line' id='line_1_3' title="bbox 3570 446 3669 503; baseline 0 -1"><span class='ocrx_word' id='word_1_5' title='bbox 3570 446 3669 503; x_wconf 72' lang='grc'>156</span> 
     </span>
    </p>
   </div>
   <div class='ocr_carea' id='block_1_4' title="bbox 300 548 2080 641">
    <p class='ocr_par' dir='ltr' id='par_1_4' title="bbox 300 548 2080 641">
     <span class='ocr_line' id='line_1_4' title="bbox 300 548 2080 641; baseline 0.007 -39"><span class='ocrx_word' id='word_1_6' title='bbox 300 554 415 641; x_wconf 75' lang='grc' dir='ltr'>γοὶ,</span> <span class='ocrx_word' id='word_1_7' title='bbox 470 553 590 625; x_wconf 86' lang='grc' dir='ltr'>περὶ</span> <span class='ocrx_word' id='word_1_8' title='bbox 658 549 894 623; x_wconf 75' lang='grc' dir='ltr'>μεγάλων</span> <span class='ocrx_word' id='word_1_9' title='bbox 940 551 1263 624; x_wconf 73' lang='grc' dir='ltr'>πραγμάτων</span> <span class='ocrx_word' id='word_1_10' title='bbox 1314 548 1515 627; x_wconf 81' lang='grc' dir='ltr'>ῥᾳδίως</span> <span class='ocrx_word' id='word_1_11' title='bbox 1567 554 1625 607; x_wconf 87' lang='grc' dir='ltr'>ού</span> <span class='ocrx_word' id='word_1_12' title='bbox 1681 552 1910 631; x_wconf 82' lang='grc' dir='ltr'>δύναμαι</span> <span class='ocrx_word' id='word_1_13' title='bbox 1943 561 1989 615; x_wconf 80' lang='grc' dir='ltr'><strong>Α</strong></span> <span class='ocrx_word' id='word_1_14' title='bbox 2020 575 2080 630; x_wconf 71' lang='lat' dir='ltr'><strong>Bg</strong></span> 
     </span>
    </p>
   </div>
   <div class='ocr_carea' id='block_1_5' title="bbox 1890 548 3670 641">
    <p class='ocr_par' dir='ltr' id='par_1_5' title="bbox 1894 560 3670 641">
     <span class='ocr_line' id='line_1_5' title="bbox 1894 560 3670 641; baseline 0.008 -29"><span class='ocrx_word' id='word_1_15' title='bbox 1894 579 1910 611; x_wconf 93' lang='grc' dir='ltr'>ι</span> <span class='ocrx_word' id='word_1_16' title='bbox 1943 561 1989 615; x_wconf 81' lang='grc' dir='ltr'><strong>Α</strong></span> <span class='ocrx_word' id='word_1_17' title='bbox 2020 575 2131 630; x_wconf 85' lang='lat' dir='ltr'><strong>ego</strong></span> <span class='ocrx_word' id='word_1_18' title='bbox 2155 560 2228 617; x_wconf 91' lang='lat' dir='ltr'><strong><em>de</em></strong></span> <span class='ocrx_word' id='word_1_19' title='bbox 2245 561 2426 618; x_wconf 89' lang='lat' dir='ltr'><strong>rebus</strong></span> <span class='ocrx_word' id='word_1_20' title='bbox 2446 562 2611 620; x_wconf 85' lang='lat' dir='ltr'>haud</span> <span class='ocrx_word' id='word_1_21' title='bbox 2640 564 2813 621; x_wconf 80' lang='lat' dir='ltr'>facile</span> <span class='ocrx_word' id='word_1_22' title='bbox 2838 565 3139 637; x_wconf 88' lang='lat' dir='ltr'>judicium</span> <span class='ocrx_word' id='word_1_23' title='bbox 3170 582 3371 625; x_wconf 91' lang='lat' dir='ltr'><strong><em>meum</em></strong></span> <span class='ocrx_word' id='word_1_24' title='bbox 3402 584 3670 641; x_wconf 85' lang='lat' dir='ltr'><strong><em>pronun-</em></strong></span> 
     </span>
    </p>
   </div>
   <div class='ocr_carea' id='block_1_6' title="bbox 300 636 1909 716">
    <p class='ocr_par' dir='ltr' id='par_1_6' title="bbox 300 636 1909 716">
     <span class='ocr_line' id='line_1_6' title="bbox 300 636 1909 716; baseline 0.007 -28"><span class='ocrx_word' id='word_1_25' title='bbox 300 636 705 709; x_wconf 71' lang='grc' dir='ltr'>ἀποφαίνεσθαι.</span> <span class='ocrx_word' id='word_1_26' title='bbox 759 642 855 693; x_wconf 82' lang='grc' dir='ltr'>Διὰ</span> <span class='ocrx_word' id='word_1_27' title='bbox 898 647 1123 707; x_wconf 87' lang='grc' dir='ltr'>τοιοῦτο,</span> <span class='ocrx_word' id='word_1_28' title='bbox 1194 642 1315 716; x_wconf 86' lang='grc' dir='ltr'>ὅπερ</span> <span class='ocrx_word' id='word_1_29' title='bbox 1376 647 1466 695; x_wconf 80' lang='grc' dir='ltr'>καὶ</span> <span class='ocrx_word' id='word_1_30' title='bbox 1540 644 1715 697; x_wconf 78' lang='grc' dir='ltr'>ἀλλοτε</span> <span class='ocrx_word' id='word_1_31' title='bbox 1779 647 1909 699; x_wconf 88' lang='grc' dir='ltr'>πολ-</span> 
     </span>
    </p>
   </div>
   <div class='ocr_carea' id='block_1_7' title="bbox 295 726 1909 803">
    <p class='ocr_par' dir='ltr' id='par_1_7' title="bbox 295 726 1909 803">
     <span class='ocr_line' id='line_1_7' title="bbox 295 726 1909 803; baseline 0.006 -26"><span class='ocrx_word' id='word_1_32' title='bbox 295 726 451 790; x_wconf 75' lang='grc' dir='ltr'>λάκις</span> <span class='ocrx_word' id='word_1_33' title='bbox 505 732 634 802; x_wconf 83' lang='grc' dir='ltr'>πρὸς</span> <span class='ocrx_word' id='word_1_34' title='bbox 684 734 778 787; x_wconf 79' lang='grc' dir='ltr'>τὴν</span> <span class='ocrx_word' id='word_1_35' title='bbox 831 731 1077 803; x_wconf 82' lang='grc' dir='ltr'>ύμετίραν</span> <span class='ocrx_word' id='word_1_36' title='bbox 1127 728 1266 783; x_wconf 83' lang='grc' dir='ltr'>εἷπον</span> <span class='ocrx_word' id='word_1_37' title='bbox 1334 731 1635 803; x_wconf 81' lang='grc' dir='ltr'>ἁγιωσύση,</span> <span class='ocrx_word' id='word_1_38' title='bbox 1685 740 1774 787; x_wconf 84' lang='grc' dir='ltr'>καὶ</span> <span class='ocrx_word' id='word_1_39' title='bbox 1822 743 1909 787; x_wconf 81' lang='grc' dir='ltr'>νῦν</span> 
     </span>
    </p>
   </div>
   <div class='ocr_carea' id='block_1_8' title="bbox 300 812 1909 893">
    <p class='ocr_par' dir='ltr' id='par_1_8' title="bbox 300 812 1909 893">
     <span class='ocr_line' id='line_1_8' title="bbox 300 812 1909 893; baseline 0.006 -26"><span class='ocrx_word' id='word_1_40' title='bbox 300 812 399 867; x_wconf 80' lang='grc' dir='ltr'>διὰ</span> <span class='ocrx_word' id='word_1_41' title='bbox 444 826 536 877; x_wconf 84' lang='grc' dir='ltr'>τῆς</span> <span class='ocrx_word' id='word_1_42' title='bbox 579 821 855 889; x_wconf 81' lang='grc' dir='ltr'>παρούσης</span> <span class='ocrx_word' id='word_1_43' title='bbox 906 818 1039 890; x_wconf 75' lang='grc' dir='ltr'>λέγω</span> <span class='ocrx_word' id='word_1_44' title='bbox 1115 828 1324 893; x_wconf 73' lang='grc' dir='ltr'>γραφῆς</span> <span class='ocrx_word' id='word_1_45' title='bbox 1398 840 1519 892; x_wconf 91' lang='grc' dir='ltr'>μου.</span> <span class='ocrx_word' id='word_1_46' title='bbox 1606 822 1759 885; x_wconf 83' lang='grc' dir='ltr'>Ἀξιώ</span> <span class='ocrx_word' id='word_1_47' title='bbox 1817 830 1909 883; x_wconf 78' lang='grc' dir='ltr'>τὴν</span> 
     </span>
    </p>
   </div>
   <div class='ocr_carea' id='block_1_9' title="bbox 300 904 1911 985">
    <p class='ocr_par' dir='ltr' id='par_1_9' title="bbox 300 904 1911 985">
     <span class='ocr_line' id='line_1_9' title="bbox 300 904 1911 985; baseline 0.006 -29"><span class='ocrx_word' id='word_1_48' title='bbox 300 906 446 977; x_wconf 68' lang='grc' dir='ltr'><strong>ὑμῶν</strong></span> <span class='ocrx_word' id='word_1_49' title='bbox 495 908 795 979; x_wconf 69' lang='grc' dir='ltr'><strong>οἰφιωσύνην</strong></span> <span class='ocrx_word' id='word_1_50' title='bbox 857 904 1043 961; x_wconf 79' lang='grc' dir='ltr'>δοῦναί</span> <span class='ocrx_word' id='word_1_51' title='bbox 1100 927 1192 980; x_wconf 87' lang='grc' dir='ltr'>μοι</span> <span class='ocrx_word' id='word_1_52' title='bbox 1250 907 1517 981; x_wconf 67' lang='grc' dir='ltr'>ἆγγροίφως</span> <span class='ocrx_word' id='word_1_53' title='bbox 1544 914 1607 963; x_wconf 78' lang='grc' dir='ltr'>τὰ</span> <span class='ocrx_word' id='word_1_54' title='bbox 1636 915 1911 985; x_wconf 84' lang='grc' dir='ltr'>κινούμενα</span> 
     </span>
    </p>
   </div>
   <div class='ocr_carea' id='block_1_10' title="bbox 300 996 1908 1074">
    <p class='ocr_par' dir='ltr' id='par_1_10' title="bbox 300 996 1908 1074">
     <span class='ocr_line' id='line_1_10' title="bbox 300 996 1908 1074; baseline 0.006 -28"><span class='ocrx_word' id='word_1_55' title='bbox 300 996 613 1068; x_wconf 73' lang='grc' dir='ltr'>ζητήματα,</span> <span class='ocrx_word' id='word_1_56' title='bbox 643 1003 733 1050; x_wconf 82' lang='grc' dir='ltr'>καὶ</span> <span class='ocrx_word' id='word_1_57' title='bbox 775 1000 950 1055; x_wconf 78' lang='grc' dir='ltr'>τίναή</span> <span class='ocrx_word' id='word_1_58' title='bbox 1003 998 1144 1070; x_wconf 70' lang='grc' dir='ltr'>ὑμῶν</span> <span class='ocrx_word' id='word_1_59' title='bbox 1202 998 1471 1070; x_wconf 82' lang='grc' dir='ltr'>ἁγιωσύνη</span> <span class='ocrx_word' id='word_1_60' title='bbox 1539 1007 1656 1074; x_wconf 79' lang='grc' dir='ltr'>περὶ</span> <span class='ocrx_word' id='word_1_61' title='bbox 1713 1006 1908 1056; x_wconf 90' lang='grc' dir='ltr'>τούτων</span> 
     </span>
    </p>
   </div>
   <div class='ocr_carea' id='block_1_11' title="bbox 300 1084 1908 1162">
    <p class='ocr_par' dir='ltr' id='par_1_11' title="bbox 300 1084 1908 1162">
     <span class='ocr_line' id='line_1_11' title="bbox 300 1084 1908 1162; baseline 0.005 -26"><span class='ocrx_word' id='word_1_62' title='bbox 300 1093 499 1156; x_wconf 66' lang='grc' dir='ltr'>φρονεῖ,</span> <span class='ocrx_word' id='word_1_63' title='bbox 554 1088 624 1147; x_wconf 79' lang='grc' dir='ltr'>ὡς</span> <span class='ocrx_word' id='word_1_64' title='bbox 692 1088 753 1138; x_wconf 79' lang='grc' dir='ltr'>ἄν</span> <span class='ocrx_word' id='word_1_65' title='bbox 807 1086 1055 1161; x_wconf 71' lang='grc' dir='ltr'>ίὰκριϐῶς</span> <span class='ocrx_word' id='word_1_66' title='bbox 1103 1094 1272 1139; x_wconf 86' lang='grc' dir='ltr'>ταῦτα</span> <span class='ocrx_word' id='word_1_67' title='bbox 1324 1084 1766 1162; x_wconf 70' lang='grc' dir='ltr'>διασκεψάμενος,</span> <span class='ocrx_word' id='word_1_68' title='bbox 1820 1098 1908 1144; x_wconf 89' lang='lat' dir='ltr'>xui</span> 
     </span>
    </p>
   </div>
   <div class='ocr_carea' id='block_1_12' title="bbox 297 1174 1910 1252">
    <p class='ocr_par' dir='ltr' id='par_1_12' title="bbox 297 1174 1910 1252">
     <span class='ocr_line' id='line_1_12' title="bbox 297 1174 1910 1252; baseline 0.005 -28"><span class='ocrx_word' id='word_1_69' title='bbox 297 1180 413 1235; x_wconf 81' lang='grc' dir='ltr'>τοῖς</span> <span class='ocrx_word' id='word_1_70' title='bbox 444 1182 545 1225; x_wconf 84' lang='grc' dir='ltr'>τῶν</span> <span class='ocrx_word' id='word_1_71' title='bbox 576 1174 736 1245; x_wconf 79' lang='grc' dir='ltr'>ἁγίων</span> <span class='ocrx_word' id='word_1_72' title='bbox 779 1179 1115 1249; x_wconf 70' lang='grc' dir='ltr'>συγκρούσας</span> <span class='ocrx_word' id='word_1_73' title='bbox 1162 1175 1353 1247; x_wconf 95' lang='grc' dir='ltr'>λόγοις,</span> <span class='ocrx_word' id='word_1_74' title='bbox 1418 1178 1460 1230; x_wconf 82' lang='grc' dir='ltr'>εἰ</span> <span class='ocrx_word' id='word_1_75' title='bbox 1512 1182 1602 1251; x_wconf 61' lang='grc' dir='ltr'>μὲν</span> <span class='ocrx_word' id='word_1_76' title='bbox 1663 1184 1910 1252; x_wconf 70' lang='grc' dir='ltr'>ούμφωνα</span> 
     </span>
    </p>
   </div>
   <div class='ocr_carea' id='block_1_13' title="bbox 296 1262 1908 1343">
    <p class='ocr_par' dir='ltr' id='par_1_13' title="bbox 296 1262 1908 1343">
     <span class='ocr_line' id='line_1_13' title="bbox 296 1262 1908 1343; baseline 0.004 -29"><span class='ocrx_word' id='word_1_77' title='bbox 296 1266 500 1326; x_wconf 77' lang='grc' dir='ltr'>νοήσω,</span> <span class='ocrx_word' id='word_1_78' title='bbox 546 1262 829 1323; x_wconf 59' lang='grc' dir='ltr'>ἀπαλλτῂιω</span> <span class='ocrx_word' id='word_1_79' title='bbox 885 1263 1106 1337; x_wconf 73' lang='grc' dir='ltr'>ἐμαυτὸν</span> <span class='ocrx_word' id='word_1_80' title='bbox 1176 1264 1417 1340; x_wconf 78' lang='grc' dir='ltr'>ἀπορίας·</span> <span class='ocrx_word' id='word_1_81' title='bbox 1487 1272 1577 1319; x_wconf 85' lang='grc' dir='ltr'>καὶ</span> <span class='ocrx_word' id='word_1_82' title='bbox 1660 1272 1908 1343; x_wconf 70' lang='grc' dir='ltr'>σύμφρων</span> 
     </span>
    </p>
   </div>
   <div class='ocr_carea' id='block_1_14' title="bbox 296 1350 1908 1431">
    <p class='ocr_par' dir='ltr' id='par_1_14' title="bbox 296 1350 1908 1431">
     <span class='ocr_line' id='line_1_14' title="bbox 296 1350 1908 1431; baseline 0.005 -29"><span class='ocrx_word' id='word_1_83' title='bbox 296 1355 622 1424; x_wconf 81' lang='grc' dir='ltr'>(γενόμενος,</span> <span class='ocrx_word' id='word_1_84' title='bbox 655 1353 698 1405; x_wconf 84' lang='grc' dir='ltr'>εἰ</span> <span class='ocrx_word' id='word_1_85' title='bbox 760 1350 1145 1425; x_wconf 77' lang='grc' dir='ltr'>ἔτι)διστάζω,</span> <span class='ocrx_word' id='word_1_86' title='bbox 1208 1353 1380 1426; x_wconf 74' lang='grc' dir='ltr'>ἐρωτώ</span> <span class='ocrx_word' id='word_1_87' title='bbox 1420 1356 1575 1408; x_wconf 78' lang='grc' dir='ltr'>πάλιν</span> <span class='ocrx_word' id='word_1_88' title='bbox 1629 1362 1716 1409; x_wconf 82' lang='grc' dir='ltr'>καὶ</span> <span class='ocrx_word' id='word_1_89' title='bbox 1774 1379 1908 1431; x_wconf 90' lang='grc' dir='ltr'>μαν-</span> 
     </span>
    </p>
   </div>
   <div class='ocr_carea' id='block_1_15' title="bbox 299 1441 1911 1516">
    <p class='ocr_par' dir='ltr' id='par_1_15' title="bbox 299 1441 1911 1516">
     <span class='ocr_line' id='line_1_15' title="bbox 299 1441 1911 1516; baseline 0.004 -24"><span class='ocrx_word' id='word_1_90' title='bbox 299 1442 463 1495; x_wconf 76' lang='grc' dir='ltr'>θάνω.</span> <span class='ocrx_word' id='word_1_91' title='bbox 531 1441 608 1493; x_wconf 67' lang='lat' dir='ltr'>Oti</span> <span class='ocrx_word' id='word_1_92' title='bbox 663 1444 767 1516; x_wconf 81' lang='grc' dir='ltr'>γὰρ</span> <span class='ocrx_word' id='word_1_93' title='bbox 818 1442 1147 1515; x_wconf 84' lang='grc' dir='ltr'>αἰσχύνομαι</span> <span class='ocrx_word' id='word_1_94' title='bbox 1196 1452 1370 1496; x_wconf 83' lang='grc' dir='ltr'>τούτο·</span> <span class='ocrx_word' id='word_1_95' title='bbox 1439 1444 1546 1497; x_wconf 75' lang='grc' dir='ltr'>ἐπεὶ</span> <span class='ocrx_word' id='word_1_96' title='bbox 1594 1451 1683 1498; x_wconf 85' lang='grc' dir='ltr'>καὶ</span> <span class='ocrx_word' id='word_1_97' title='bbox 1740 1448 1766 1498; x_wconf 92' lang='grc' dir='ltr'>ό</span> <span class='ocrx_word' id='word_1_98' title='bbox 1814 1454 1911 1509; x_wconf 79' lang='grc' dir='ltr'>τῆς</span> 
     </span>
    </p>
   </div>
   <div class='ocr_carea' id='block_1_16' title="bbox 300 1528 1907 1607">
    <p class='ocr_par' dir='ltr' id='par_1_16' title="bbox 300 1528 1907 1607">
     <span class='ocr_line' id='line_1_16' title="bbox 300 1528 1907 1607; baseline 0.004 -26"><span class='ocrx_word' id='word_1_99' title='bbox 300 1528 568 1600; x_wconf 83' lang='grc' dir='ltr'>θεολογίας</span> <span class='ocrx_word' id='word_1_100' title='bbox 672 1530 938 1604; x_wconf 80' lang='grc' dir='ltr'>ἐπώνυμος</span> <span class='ocrx_word' id='word_1_101' title='bbox 1020 1534 1047 1584; x_wconf 86' lang='grc' dir='ltr'>ὀ</span> <span class='ocrx_word' id='word_1_102' title='bbox 1130 1537 1290 1605; x_wconf 73' lang='grc' dir='ltr'>μέγας</span> <span class='ocrx_word' id='word_1_103' title='bbox 1376 1539 1665 1607; x_wconf 84' lang='grc' dir='ltr'>Γρηγόρισς</span> <span class='ocrx_word' id='word_1_104' title='bbox 1754 1536 1907 1607; x_wconf 79' lang='grc' dir='ltr'>λέγει,</span> 
     </span>
    </p>
   </div>
   <div class='ocr_carea' id='block_1_17' title="bbox 298 1618 1910 1696">
    <p class='ocr_par' dir='ltr' id='par_1_17' title="bbox 298 1618 1910 1696">
     <span class='ocr_line' id='line_1_17' title="bbox 298 1618 1910 1696; baseline 0.004 -25"><span class='ocrx_word' id='word_1_105' title='bbox 298 1618 465 1671; x_wconf 77' lang='grc' dir='ltr'>Βούλο</span> <span class='ocrx_word' id='word_1_106' title='bbox 512 1640 608 1691; x_wconf 92' lang='grc' dir='ltr'>μαι</span> <span class='ocrx_word' id='word_1_107' title='bbox 675 1618 771 1672; x_wconf 76' lang='grc' dir='ltr'>διὰ</span> <span class='ocrx_word' id='word_1_108' title='bbox 823 1619 945 1692; x_wconf 86' lang='grc' dir='ltr'>βίου</span> <span class='ocrx_word' id='word_1_109' title='bbox 997 1629 1122 1683; x_wconf 88' lang='grc' dir='ltr'>παῖς</span> <span class='ocrx_word' id='word_1_110' title='bbox 1184 1620 1313 1675; x_wconf 83' lang='grc' dir='ltr'>εἶναι</span> <span class='ocrx_word' id='word_1_111' title='bbox 1369 1629 1457 1675; x_wconf 87' lang='grc' dir='ltr'>καὶ</span> <span class='ocrx_word' id='word_1_112' title='bbox 1512 1628 1771 1696; x_wconf 78' lang='grc' dir='ltr'>μαθητής.</span> <span class='ocrx_word' id='word_1_113' title='bbox 1810 1630 1910 1678; x_wconf 82' lang='grc' dir='ltr'>Καί</span> 
     </span>
    </p>
   </div>
   <div class='ocr_carea' id='block_1_18' title="bbox 294 1709 1910 1786">
    <p class='ocr_par' dir='ltr' id='par_1_18' title="bbox 294 1709 1910 1786">
     <span class='ocr_line' id='line_1_18' title="bbox 294 1709 1910 1786; baseline 0.005 -28"><span class='ocrx_word' id='word_1_114' title='bbox 294 1727 384 1769; x_wconf 87' lang='grc' dir='ltr'>τις</span> <span class='ocrx_word' id='word_1_115' title='bbox 414 1716 513 1759; x_wconf 80' lang='grc' dir='ltr'>τῶν</span> <span class='ocrx_word' id='word_1_116' title='bbox 539 1709 633 1770; x_wconf 79' lang='grc' dir='ltr'>ἔξω</span> <span class='ocrx_word' id='word_1_117' title='bbox 667 1718 860 1781; x_wconf 71' lang='grc' dir='ltr'>σοφῶν,</span> <span class='ocrx_word' id='word_1_118' title='bbox 899 1709 1123 1781; x_wconf 82' lang='grc' dir='ltr'>Ἀγαθὸν</span> <span class='ocrx_word' id='word_1_119' title='bbox 1172 1714 1272 1782; x_wconf 82' lang='grc' dir='ltr'>ὅτῳ</span> <span class='ocrx_word' id='word_1_120' title='bbox 1302 1714 1396 1765; x_wconf 82' lang='grc' dir='ltr'>κοῖν</span> <span class='ocrx_word' id='word_1_121' title='bbox 1455 1712 1505 1763; x_wconf 76' lang='grc' dir='ltr'>ἐν</span> <span class='ocrx_word' id='word_1_122' title='bbox 1564 1720 1703 1785; x_wconf 77' lang='grc' dir='ltr'>γήρα</span> <span class='ocrx_word' id='word_1_123' title='bbox 1754 1720 1910 1786; x_wconf 69' lang='grc' dir='ltr'>σοφία</span> 
     </span>
    </p>
   </div>
   <div class='ocr_carea' id='block_1_19' title="bbox 294 1799 1908 1875">
    <p class='ocr_par' dir='ltr' id='par_1_19' title="bbox 294 1799 1908 1875">
     <span class='ocr_line' id='line_1_19' title="bbox 294 1799 1908 1875; baseline 0.004 -28"><span class='ocrx_word' id='word_1_124' title='bbox 294 1799 394 1847; x_wconf 83' lang='lat' dir='ltr'>xui</span> <span class='ocrx_word' id='word_1_125' title='bbox 468 1801 713 1869; x_wconf 60' lang='grc' dir='ltr'>φρόνησις</span> <span class='ocrx_word' id='word_1_126' title='bbox 795 1803 1099 1873; x_wconf 83' lang='grc' dir='ltr'>πρόσεστιν.</span> <span class='ocrx_word' id='word_1_127' title='bbox 1179 1800 1529 1874; x_wconf 77' lang='grc' dir='ltr'>Ἐγχωρεῖται</span> <span class='ocrx_word' id='word_1_128' title='bbox 1612 1806 1713 1873; x_wconf 82' lang='grc' dir='ltr'>γαρ</span> <span class='ocrx_word' id='word_1_129' title='bbox 1783 1806 1908 1875; x_wconf 77' lang='grc' dir='ltr'><strong>ἡμῖν</strong></span> 
     </span>
    </p>
   </div>
   <div class='ocr_carea' id='block_1_20' title="bbox 295 1886 1977 1963">
    <p class='ocr_par' dir='ltr' id='par_1_20' title="bbox 295 1886 1977 1963">
     <span class='ocr_line' id='line_1_20' title="bbox 295 1886 1977 1963; baseline 0.005 -26"><span class='ocrx_word' id='word_1_130' title='bbox 295 1888 449 1959; x_wconf 81' lang='grc' dir='ltr'>παρὰ</span> <span class='ocrx_word' id='word_1_131' title='bbox 527 1894 627 1938; x_wconf 85' lang='grc' dir='ltr'>τῶν</span> <span class='ocrx_word' id='word_1_132' title='bbox 691 1886 853 1959; x_wconf 78' lang='grc' dir='ltr'>ἁγίων</span> <span class='ocrx_word' id='word_1_133' title='bbox 920 1893 1010 1941; x_wconf 88' lang='lat' dir='ltr'>xui</span> <span class='ocrx_word' id='word_1_134' title='bbox 1064 1887 1165 1941; x_wconf 80' lang='grc' dir='ltr'>ἀπὸ</span> <span class='ocrx_word' id='word_1_135' title='bbox 1216 1893 1411 1941; x_wconf 88' lang='grc' dir='ltr'>τούτων</span> <span class='ocrx_word' id='word_1_136' title='bbox 1474 1890 1801 1963; x_wconf 70' lang='grc' dir='ltr'>ὡφελεῖσθαι.</span> <span class='ocrx_word' id='word_1_137' title='bbox 1848 1893 1903 1945; x_wconf 80' lang='grc' dir='ltr'><strong>Ἠ</strong></span> <span class='ocrx_word' id='word_1_138' title='bbox 1937 1908 1977 1963; x_wconf 79' lang='grc' dir='ltr'>Β</span> 
     </span>
    </p>
   </div>
   <div class='ocr_carea' id='block_1_21' title="bbox 296 1963 1907 2056">
    <p class='ocr_par' dir='ltr' id='par_1_21' title="bbox 296 1963 1907 2056">
     <span class='ocr_line' id='line_1_21' title="bbox 296 1963 1907 2056; baseline 0.006 -31"><span class='ocrx_word' id='word_1_139' title='bbox 296 1974 433 2045; x_wconf 76' lang='grc' dir='ltr'>ἁγία</span> <span class='ocrx_word' id='word_1_140' title='bbox 480 1974 655 2047; x_wconf 73' lang='grc' dir='ltr'><strong>ύμῶνὴ</strong></span> <span class='ocrx_word' id='word_1_141' title='bbox 708 1975 810 2048; x_wconf 86' lang='grc' dir='ltr'>εύχ</span> <span class='ocrx_word' id='word_1_142' title='bbox 846 1963 1085 2052; x_wconf 76' lang='grc' dir='ltr'>χαρισθῇ</span> <span class='ocrx_word' id='word_1_143' title='bbox 1121 1977 1243 2051; x_wconf 72' lang='grc' dir='ltr'>μοιῑ</span> <span class='ocrx_word' id='word_1_144' title='bbox 1274 1978 1331 2031; x_wconf 85' lang='grc' dir='ltr'><strong>Ὀ</strong></span> <span class='ocrx_word' id='word_1_145' title='bbox 1380 1978 1583 2041; x_wconf 79' lang='grc' dir='ltr'>εύτελής</span> <span class='ocrx_word' id='word_1_146' title='bbox 1635 2000 1907 2056; x_wconf 81' lang='grc' dir='ltr'>μητροπο-</span> 
     </span>
    </p>
   </div>
   <div class='ocr_carea' id='block_1_22' title="bbox 295 2062 1680 2140">
    <p class='ocr_par' dir='ltr' id='par_1_22' title="bbox 295 2062 1680 2140">
     <span class='ocr_line' id='line_1_22' title="bbox 295 2062 1680 2140; baseline -0.003 -25"><span class='ocrx_word' id='word_1_147' title='bbox 295 2062 419 2123; x_wconf 86' lang='grc' dir='ltr'>λίτη</span> <span class='ocrx_word' id='word_1_148' title='bbox 432 2083 454 2126; x_wconf 92' lang='grc' dir='ltr'>ς</span> <span class='ocrx_word' id='word_1_149' title='bbox 482 2062 810 2140; x_wconf 74' lang='grc' dir='ltr'>Δυρραχίου.</span> <span class='ocrx_word' id='word_1_150' title='bbox 1614 2108 1617 2111; x_wconf 75' lang='grc'>,</span> <span class='ocrx_word' id='word_1_151' title='bbox 1676 2095 1680 2099; x_wconf 67' lang='grc' dir='ltr'>ς</span> 
     </span>
    </p>
   </div>
   <div class='ocr_carea' id='block_1_23' title="bbox 369 2418 1909 2501">
    <p class='ocr_par' dir='ltr' id='par_1_23' title="bbox 369 2418 1909 2501">
     <span class='ocr_line' id='line_1_23' title="bbox 369 2418 1909 2501; baseline 0.005 -25"><span class='ocrx_word' id='word_1_152' title='bbox 369 2430 446 2484; x_wconf 83' lang='grc' dir='ltr'>Ως</span> <span class='ocrx_word' id='word_1_153' title='bbox 504 2418 565 2476; x_wconf 65' lang='grc' dir='ltr'>δε</span> <span class='ocrx_word' id='word_1_154' title='bbox 626 2428 797 2477; x_wconf 83' lang='grc' dir='ltr'>ταῦτα</span> <span class='ocrx_word' id='word_1_155' title='bbox 846 2429 1084 2497; x_wconf 81' lang='grc' dir='ltr'>περιεῖχε</span> <span class='ocrx_word' id='word_1_156' title='bbox 1140 2428 1199 2478; x_wconf 90' lang='grc' dir='ltr'>τό</span> <span class='ocrx_word' id='word_1_157' title='bbox 1251 2425 1380 2501; x_wconf 81' lang='grc' dir='ltr'>παρ’</span> <span class='ocrx_word' id='word_1_158' title='bbox 1440 2425 1602 2481; x_wconf 76' lang='grc' dir='ltr'>αὐτοῦ</span> <span class='ocrx_word' id='word_1_159' title='bbox 1630 2424 1909 2501; x_wconf 80' lang='grc' dir='ltr'>δεδομένον</span> 
     </span>
    </p>
   </div>
   <div class='ocr_carea' id='block_1_24' title="bbox 292 2510 1909 2588">
    <p class='ocr_par' dir='ltr' id='par_1_24' title="bbox 292 2510 1909 2588">
     <span class='ocr_line' id='line_1_24' title="bbox 292 2510 1909 2588; baseline 0.003 -21"><span class='ocrx_word' id='word_1_160' title='bbox 292 2510 594 2587; x_wconf 72' lang='grc' dir='ltr'>δελτάριον,</span> <span class='ocrx_word' id='word_1_161' title='bbox 654 2518 744 2566; x_wconf 80' lang='grc' dir='ltr'>καὶ</span> <span class='ocrx_word' id='word_1_162' title='bbox 793 2513 990 2571; x_wconf 74' lang='grc' dir='ltr'>ἢκουσε</span> <span class='ocrx_word' id='word_1_163' title='bbox 1012 2517 1144 2586; x_wconf 84' lang='grc' dir='ltr'>μετὰ</span> <span class='ocrx_word' id='word_1_164' title='bbox 1196 2518 1256 2567; x_wconf 87' lang='grc' dir='ltr'>τό</span> <span class='ocrx_word' id='word_1_165' title='bbox 1325 2514 1726 2588; x_wconf 79' lang='grc' dir='ltr'>ἀναγνωσθῆναι</span> <span class='ocrx_word' id='word_1_166' title='bbox 1784 2520 1909 2574; x_wconf 84' lang='grc' dir='ltr'>αύτό</span> 
     </span>
    </p>
   </div>
   <div class='ocr_carea' id='block_1_25' title="bbox 297 2599 1909 2683">
    <p class='ocr_par' dir='ltr' id='par_1_25' title="bbox 297 2599 1909 2683">
     <span class='ocr_line' id='line_1_25' title="bbox 297 2599 1909 2683; baseline 0.004 -28"><span class='ocrx_word' id='word_1_167' title='bbox 297 2599 570 2675; x_wconf 60' lang='grc' dir='ltr'>διαρόρων</span> <span class='ocrx_word' id='word_1_168' title='bbox 619 2604 911 2675; x_wconf 83' lang='grc' dir='ltr'>χρημάτων</span> <span class='ocrx_word' id='word_1_169' title='bbox 960 2612 1228 2677; x_wconf 77' lang='grc' dir='ltr'>γραφικῶν</span> <span class='ocrx_word' id='word_1_170' title='bbox 1286 2604 1337 2657; x_wconf 76' lang='grc' dir='ltr'>ἐν</span> <span class='ocrx_word' id='word_1_171' title='bbox 1389 2613 1462 2677; x_wconf 81' lang='grc' dir='ltr'>τῷ</span> <span class='ocrx_word' id='word_1_172' title='bbox 1514 2611 1657 2680; x_wconf 76' lang='grc' dir='ltr'><strong>μέσῳ</strong></span> <span class='ocrx_word' id='word_1_173' title='bbox 1718 2628 1909 2683; x_wconf 86' lang='grc' dir='ltr'>προκο-</span> 
     </span>
    </p>
   </div>
   <div class='ocr_carea' id='block_1_26' title="bbox 291 2691 1907 2773">
    <p class='ocr_par' dir='ltr' id='par_1_26' title="bbox 291 2691 1907 2773">
     <span class='ocr_line' id='line_1_26' title="bbox 291 2691 1907 2773; baseline 0.004 -30"><span class='ocrx_word' id='word_1_174' title='bbox 291 2691 592 2765; x_wconf 74' lang='grc' dir='ltr'>μιζομένων</span> <span class='ocrx_word' id='word_1_175' title='bbox 623 2691 695 2751; x_wconf 86' lang='grc' dir='ltr'>εἰς</span> <span class='ocrx_word' id='word_1_176' title='bbox 744 2695 1133 2765; x_wconf 79' lang='grc' dir='ltr'>συγκροτισμόν</span> <span class='ocrx_word' id='word_1_177' title='bbox 1186 2698 1277 2746; x_wconf 84' lang='grc' dir='ltr'>καὶ</span> <span class='ocrx_word' id='word_1_178' title='bbox 1325 2697 1662 2768; x_wconf 77' lang='grc' dir='ltr'>παράστασιν</span> <span class='ocrx_word' id='word_1_179' title='bbox 1721 2696 1907 2773; x_wconf 79' lang='grc' dir='ltr'>ἐναργῆ</span> 
     </span>
    </p>
   </div>
   <div class='ocr_carea' id='block_1_27' title="bbox 291 2778 1911 2859">
    <p class='ocr_par' dir='ltr' id='par_1_27' title="bbox 291 2778 1911 2859">
     <span class='ocr_line' id='line_1_27' title="bbox 291 2778 1911 2859; baseline 0.005 -27"><span class='ocrx_word' id='word_1_180' title='bbox 291 2787 391 2832; x_wconf 83' lang='grc' dir='ltr'>τοῦ</span> <span class='ocrx_word' id='word_1_181' title='bbox 450 2778 895 2853; x_wconf 71' lang='grc' dir='ltr'>ἀμφιϐαλλομένου</span> <span class='ocrx_word' id='word_1_182' title='bbox 954 2782 1115 2853; x_wconf 83' lang='grc' dir='ltr'>αύτῷ,</span> <span class='ocrx_word' id='word_1_183' title='bbox 1200 2790 1290 2835; x_wconf 87' lang='grc' dir='ltr'>τοῦ</span> <span class='ocrx_word' id='word_1_184' title='bbox 1373 2781 1649 2859; x_wconf 76' lang='grc' dir='ltr'>συνεδρίου</span> <span class='ocrx_word' id='word_1_185' title='bbox 1724 2787 1911 2840; x_wconf 68' lang='grc' dir='ltr'>αὐτίκα</span> 
     </span>
    </p>
   </div>
   <div class='ocr_carea' id='block_1_28' title="bbox 294 2868 1909 2948">
    <p class='ocr_par' dir='ltr' id='par_1_28' title="bbox 294 2868 1909 2948">
     <span class='ocr_line' id='line_1_28' title="bbox 294 2868 1909 2948; baseline 0.004 -26"><span class='ocrx_word' id='word_1_186' title='bbox 294 2870 609 2935; x_wconf 78' lang='grc' dir='ltr'>ἐξαναστὰς,</span> <span class='ocrx_word' id='word_1_187' title='bbox 660 2868 874 2930; x_wconf 78' lang='grc' dir='ltr'>ἐπιστὰς</span> <span class='ocrx_word' id='word_1_188' title='bbox 930 2868 1016 2923; x_wconf 73' lang='grc' dir='ltr'>ἐπὶ</span> <span class='ocrx_word' id='word_1_189' title='bbox 1074 2877 1167 2923; x_wconf 85' lang='grc' dir='ltr'>τοῦ</span> <span class='ocrx_word' id='word_1_190' title='bbox 1213 2876 1396 2945; x_wconf 73' lang='grc' dir='ltr'>μέσον,</span> <span class='ocrx_word' id='word_1_191' title='bbox 1437 2873 1497 2927; x_wconf 83' lang='grc' dir='ltr'>Εἰ</span> <span class='ocrx_word' id='word_1_192' title='bbox 1540 2876 1721 2947; x_wconf 85' lang='grc' dir='ltr'>καιρόν</span> <span class='ocrx_word' id='word_1_193' title='bbox 1752 2878 1909 2948; x_wconf 76' lang='grc' dir='ltr'><strong>ἔφθην</strong></span> 
     </span>
    </p>
   </div>
   <div class='ocr_carea' id='block_1_29' title="bbox 297 2955 1907 3037">
    <p class='ocr_par' dir='ltr' id='par_1_29' title="bbox 297 2955 1907 3037">
     <span class='ocr_line' id='line_1_29' title="bbox 297 2955 1907 3037; baseline 0.006 -28"><span class='ocrx_word' id='word_1_194' title='bbox 297 2958 693 3021; x_wconf 76' lang='grc' dir='ltr'>ἐξαιτήσασθαι</span> <span class='ocrx_word' id='word_1_195' title='bbox 748 2955 1101 3029; x_wconf 70' lang='grc' dir='ltr'>διασκέψεως,</span> <span class='ocrx_word' id='word_1_196' title='bbox 1165 2962 1371 3031; x_wconf 73' lang='grc' dir='ltr'>ἔφησεν,</span> <span class='ocrx_word' id='word_1_197' title='bbox 1428 2960 1481 3024; x_wconf 73' lang='grc' dir='ltr'><strong>ἐξ</strong></span> <span class='ocrx_word' id='word_1_198' title='bbox 1534 2963 1602 3014; x_wconf 83' lang='grc' dir='ltr'>ὧν</span> <span class='ocrx_word' id='word_1_199' title='bbox 1630 2962 1907 3037; x_wconf 74' lang='grc' dir='ltr'>γνωμοδο-</span> 
     </span>
    </p>
   </div>
   <div class='ocr_carea' id='block_1_30' title="bbox 294 3044 1908 3125">
    <p class='ocr_par' dir='ltr' id='par_1_30' title="bbox 294 3044 1908 3125">
     <span class='ocr_line' id='line_1_30' title="bbox 294 3044 1908 3125; baseline 0.005 -25"><span class='ocrx_word' id='word_1_200' title='bbox 294 3054 469 3109; x_wconf 74' lang='grc' dir='ltr'>τήσας</span> <span class='ocrx_word' id='word_1_201' title='bbox 523 3053 764 3122; x_wconf 63' lang='grc' dir='ltr'>γέγραφα</span> <span class='ocrx_word' id='word_1_202' title='bbox 804 3050 892 3101; x_wconf 81' lang='grc' dir='ltr'>οἶα</span> <span class='ocrx_word' id='word_1_203' title='bbox 938 3044 1343 3122; x_wconf 80' lang='grc' dir='ltr'>δειλαινόμενος,</span> <span class='ocrx_word' id='word_1_204' title='bbox 1386 3053 1469 3103; x_wconf 81' lang='grc' dir='ltr'>ἶνα</span> <span class='ocrx_word' id='word_1_205' title='bbox 1522 3058 1593 3125; x_wconf 82' lang='grc' dir='ltr'>μὴ</span> <span class='ocrx_word' id='word_1_206' title='bbox 1645 3053 1775 3125; x_wconf 81' lang='grc' dir='ltr'>λέγω</span> <span class='ocrx_word' id='word_1_207' title='bbox 1818 3060 1908 3108; x_wconf 80' lang='grc' dir='ltr'>καὶ</span> 
     </span>
    </p>
   </div>
   <div class='ocr_carea' id='block_1_31' title="bbox 296 3137 1908 3215">
    <p class='ocr_par' dir='ltr' id='par_1_31' title="bbox 296 3137 1908 3215">
     <span class='ocr_line' id='line_1_31' title="bbox 296 3137 1908 3215; baseline 0.002 -23"><span class='ocrx_word' id='word_1_208' title='bbox 296 3137 693 3211; x_wconf 72' lang='grc' dir='ltr'>εὐλαϐούμενος,</span> <span class='ocrx_word' id='word_1_209' title='bbox 754 3138 1063 3210; x_wconf 78' lang='grc' dir='ltr'>ἑτοιμότατα</span> <span class='ocrx_word' id='word_1_210' title='bbox 1100 3144 1219 3215; x_wconf 85' lang='grc' dir='ltr'>περὶ</span> <span class='ocrx_word' id='word_1_211' title='bbox 1298 3148 1399 3192; x_wconf 86' lang='grc' dir='ltr'>τῶν</span> <span class='ocrx_word' id='word_1_212' title='bbox 1454 3145 1702 3194; x_wconf 75' lang='grc' dir='ltr'>τοιούτων</span> <span class='ocrx_word' id='word_1_213' title='bbox 1780 3142 1908 3197; x_wconf 80' lang='grc' dir='ltr'>ἀπό-</span> 
     </span>
    </p>
   </div>
   <div class='ocr_carea' id='block_1_32' title="bbox 2021 650 3671 729">
    <p class='ocr_par' dir='ltr' id='par_1_32' title="bbox 2021 650 3671 729">
     <span class='ocr_line' id='line_1_32' title="bbox 2021 650 3671 729; baseline 0.006 -24"><span class='ocrx_word' id='word_1_214' title='bbox 2021 650 2122 705; x_wconf 92' lang='lat' dir='ltr'><strong>tio.</strong></span> <span class='ocrx_word' id='word_1_215' title='bbox 2145 651 2476 718; x_wconf 78' lang='lat' dir='ltr'><strong>ldeircirco,</strong></span> <span class='ocrx_word' id='word_1_216' title='bbox 2501 652 2683 709; x_wconf 90' lang='lat' dir='ltr'><strong>veluti</strong></span> <span class='ocrx_word' id='word_1_217' title='bbox 2695 654 2909 713; x_wconf 88' lang='lat' dir='ltr'><strong>etalias</strong></span> <span class='ocrx_word' id='word_1_218' title='bbox 2926 672 3083 729; x_wconf 61' lang='lat' dir='ltr'><strong>saepe</strong></span> <span class='ocrx_word' id='word_1_219' title='bbox 3101 672 3307 713; x_wconf 90' lang='lat' dir='ltr'><strong><em>coram</em></strong></span> <span class='ocrx_word' id='word_1_220' title='bbox 3324 662 3524 715; x_wconf 88' lang='lat' dir='ltr'><strong>vestra</strong></span> <span class='ocrx_word' id='word_1_221' title='bbox 3536 674 3671 715; x_wconf 87' lang='lat' dir='ltr'><strong>san-</strong></span> 
     </span>
    </p>
   </div>
   <div class='ocr_carea' id='block_1_33' title="bbox 2020 741 3665 819">
    <p class='ocr_par' dir='ltr' id='par_1_33' title="bbox 2020 741 3665 819">
     <span class='ocr_line' id='line_1_33' title="bbox 2020 741 3665 819; baseline 0.005 -24"><span class='ocrx_word' id='word_1_222' title='bbox 2020 742 2218 796; x_wconf 91' lang='lat' dir='ltr'><strong>ctitate</strong></span> <span class='ocrx_word' id='word_1_223' title='bbox 2235 741 2378 806; x_wconf 84' lang='lat' dir='ltr'><strong><em>dixi,</em></strong></span> <span class='ocrx_word' id='word_1_224' title='bbox 2401 757 2562 797; x_wconf 92' lang='lat' dir='ltr'><strong><em>nunc</em></strong></span> <span class='ocrx_word' id='word_1_225' title='bbox 2602 743 2780 799; x_wconf 89' lang='lat' dir='ltr'><strong><em>etiam</em></strong></span> <span class='ocrx_word' id='word_1_226' title='bbox 2808 746 3089 817; x_wconf 67' lang='lat' dir='ltr'><strong><em>praesenti</em></strong></span> <span class='ocrx_word' id='word_1_227' title='bbox 3134 762 3272 803; x_wconf 91' lang='lat' dir='ltr'><strong>meo</strong></span> <span class='ocrx_word' id='word_1_228' title='bbox 3295 748 3516 819; x_wconf 90' lang='lat' dir='ltr'><strong>scripto</strong></span> <span class='ocrx_word' id='word_1_229' title='bbox 3548 748 3665 804; x_wconf 89' lang='lat' dir='ltr'><strong>aio.</strong></span> 
     </span>
    </p>
   </div>
   <div class='ocr_carea' id='block_1_34' title="bbox 2020 828 3667 909">
    <p class='ocr_par' dir='ltr' id='par_1_34' title="bbox 2020 828 3667 909">
     <span class='ocr_line' id='line_1_34' title="bbox 2020 828 3667 909; baseline 0.004 -24"><span class='ocrx_word' id='word_1_230' title='bbox 2020 830 2187 898; x_wconf 82' lang='lat' dir='ltr'><strong>Rogo</strong></span> <span class='ocrx_word' id='word_1_231' title='bbox 2208 828 2482 885; x_wconf 87' lang='lat' dir='ltr'><strong>videlicet</strong></span> <span class='ocrx_word' id='word_1_232' title='bbox 2504 832 2881 889; x_wconf 90' lang='lat' dir='ltr'><strong>sanctitatem</strong></span> <span class='ocrx_word' id='word_1_233' title='bbox 2912 838 3195 904; x_wconf 84' lang='lat' dir='ltr'>vestram,</span> <span class='ocrx_word' id='word_1_234' title='bbox 3240 840 3306 891; x_wconf 92' lang='lat' dir='ltr'><strong><em>ut</em></strong></span> <span class='ocrx_word' id='word_1_235' title='bbox 3353 835 3499 891; x_wconf 89' lang='lat' dir='ltr'><strong>mihi</strong></span> <span class='ocrx_word' id='word_1_236' title='bbox 3539 851 3667 909; x_wconf 89' lang='lat' dir='ltr'><strong>per-</strong></span> 
     </span>
    </p>
   </div>
   <div class='ocr_carea' id='block_1_35' title="bbox 2018 917 3665 993">
    <p class='ocr_par' dir='ltr' id='par_1_35' title="bbox 2018 917 3665 993">
     <span class='ocr_line' id='line_1_35' title="bbox 2018 917 3665 993; baseline 0.006 -22"><span class='ocrx_word' id='word_1_237' title='bbox 2018 917 2251 989; x_wconf 72' lang='lat' dir='ltr'><strong>scripta:</strong></span> <span class='ocrx_word' id='word_1_238' title='bbox 2281 918 2593 975; x_wconf 82' lang='lat' dir='ltr'>tradantur</span> <span class='ocrx_word' id='word_1_239' title='bbox 2607 936 2741 992; x_wconf 84' lang='lat' dir='ltr'><strong>quae</strong></span> <span class='ocrx_word' id='word_1_240' title='bbox 2754 936 2915 978; x_wconf 91' lang='lat' dir='ltr'><strong><em>nunc</em></strong></span> <span class='ocrx_word' id='word_1_241' title='bbox 2935 930 3253 979; x_wconf 75' lang='lat' dir='ltr'>moventur</span> <span class='ocrx_word' id='word_1_242' title='bbox 3274 926 3665 993; x_wconf 64' lang='lat' dir='ltr'><strong>quaestiones,</strong></span> 
     </span>
    </p>
   </div>
   <div class='ocr_carea' id='block_1_36' title="bbox 2019 1008 3668 1081">
    <p class='ocr_par' dir='ltr' id='par_1_36' title="bbox 2019 1008 3668 1081">
     <span class='ocr_line' id='line_1_36' title="bbox 2019 1008 3668 1081; baseline 0.004 -20"><span class='ocrx_word' id='word_1_243' title='bbox 2019 1008 2075 1061; x_wconf 90' lang='lat' dir='ltr'><strong>et</strong></span> <span class='ocrx_word' id='word_1_244' title='bbox 2103 1010 2312 1061; x_wconf 67' lang='lat' dir='ltr'><strong>vestra:</strong></span> <span class='ocrx_word' id='word_1_245' title='bbox 2342 1008 2671 1063; x_wconf 89' lang='lat' dir='ltr'><strong>sanctitatis</strong></span> <span class='ocrx_word' id='word_1_246' title='bbox 2685 1008 2759 1064; x_wconf 93' lang='lat' dir='ltr'><strong><em>de</em></strong></span> <span class='ocrx_word' id='word_1_247' title='bbox 2778 1009 3220 1081; x_wconf 82' lang='lat' dir='ltr'>hisjudicium;</span> <span class='ocrx_word' id='word_1_248' title='bbox 3251 1016 3314 1067; x_wconf 93' lang='lat' dir='ltr'><strong><em>ut</em></strong></span> <span class='ocrx_word' id='word_1_249' title='bbox 3334 1012 3426 1067; x_wconf 91' lang='lat' dir='ltr'>his</span> <span class='ocrx_word' id='word_1_250' title='bbox 3456 1011 3668 1068; x_wconf 90' lang='lat' dir='ltr'><strong>sedulo</strong></span> 
     </span>
    </p>
   </div>
   <div class='ocr_carea' id='block_1_37' title="bbox 2019 1093 3671 1173">
    <p class='ocr_par' dir='ltr' id='par_1_37' title="bbox 2019 1093 3671 1173">
     <span class='ocr_line' id='line_1_37' title="bbox 2019 1093 3671 1173; baseline 0.005 -23"><span class='ocrx_word' id='word_1_251' title='bbox 2019 1093 2436 1163; x_wconf 76' lang='lat' dir='ltr'>consideratis,</span> <span class='ocrx_word' id='word_1_252' title='bbox 2468 1101 2526 1152; x_wconf 89' lang='lat' dir='ltr'><strong><em>et</em></strong></span> <span class='ocrx_word' id='word_1_253' title='bbox 2565 1113 2703 1153; x_wconf 91' lang='lat' dir='ltr'><strong>cum</strong></span> <span class='ocrx_word' id='word_1_254' title='bbox 2736 1104 3081 1156; x_wconf 89' lang='lat' dir='ltr'><strong>sanctorum</strong></span> <span class='ocrx_word' id='word_1_255' title='bbox 3120 1100 3395 1158; x_wconf 82' lang='lat' dir='ltr'>doctrina</span> <span class='ocrx_word' id='word_1_256' title='bbox 3448 1101 3671 1173; x_wconf 88' lang='lat' dir='ltr'><strong>scripta</strong></span> 
     </span>
    </p>
   </div>
   <div class='ocr_carea' id='block_1_38' title="bbox 2018 1183 3669 1259">
    <p class='ocr_par' dir='ltr' id='par_1_38' title="bbox 2018 1183 3669 1259">
     <span class='ocr_line' id='line_1_38' title="bbox 2018 1183 3669 1259; baseline 0.005 -21"><span class='ocrx_word' id='word_1_257' title='bbox 2018 1183 2247 1240; x_wconf 81' lang='lat' dir='ltr'>collatis</span> <span class='ocrx_word' id='word_1_258' title='bbox 2276 1185 2575 1257; x_wconf 85' lang='lat' dir='ltr'>siquidem</span> <span class='ocrx_word' id='word_1_259' title='bbox 2605 1188 2734 1243; x_wconf 65' lang='lat' dir='ltr'><strong><em>huic</em></strong></span> <span class='ocrx_word' id='word_1_260' title='bbox 2755 1204 3025 1245; x_wconf 92' lang='lat' dir='ltr'><strong>consona</strong></span> <span class='ocrx_word' id='word_1_261' title='bbox 3050 1204 3376 1259; x_wconf 90' lang='lat' dir='ltr'><strong>agnovero,</strong></span> <span class='ocrx_word' id='word_1_262' title='bbox 3422 1197 3669 1247; x_wconf 88' lang='lat' dir='ltr'><strong><em>memet-</em></strong></span> 
     </span>
    </p>
   </div>
   <div class='ocr_carea' id='block_1_39' title="bbox 2019 1272 3669 1351">
    <p class='ocr_par' dir='ltr' id='par_1_39' title="bbox 2019 1272 3669 1351">
     <span class='ocr_line' id='line_1_39' title="bbox 2019 1272 3669 1351; baseline 0.005 -24"><span class='ocrx_word' id='word_1_263' title='bbox 2019 1272 2219 1344; x_wconf 90' lang='lat' dir='ltr'><strong>ipsum</strong></span> <span class='ocrx_word' id='word_1_264' title='bbox 2243 1274 2431 1330; x_wconf 84' lang='lat' dir='ltr'><strong>dubio</strong></span> <span class='ocrx_word' id='word_1_265' title='bbox 2460 1275 2800 1347; x_wconf 79' lang='lat' dir='ltr'>expediam,</span> <span class='ocrx_word' id='word_1_266' title='bbox 2829 1278 3123 1351; x_wconf 86' lang='lat' dir='ltr'>vobisque</span> <span class='ocrx_word' id='word_1_267' title='bbox 3145 1278 3273 1335; x_wconf 87' lang='lat' dir='ltr'><strong><em>sine</em></strong></span> <span class='ocrx_word' id='word_1_268' title='bbox 3296 1278 3418 1336; x_wconf 89' lang='lat' dir='ltr'><strong>ulla</strong></span> <span class='ocrx_word' id='word_1_269' title='bbox 3437 1278 3669 1336; x_wconf 62' lang='lat' dir='ltr'>hesita—</span> 
     </span>
    </p>
   </div>
   <div class='ocr_carea' id='block_1_40' title="bbox 2018 1362 3670 1442">
    <p class='ocr_par' dir='ltr' id='par_1_40' title="bbox 2018 1362 3670 1442">
     <span class='ocr_line' id='line_1_40' title="bbox 2018 1362 3670 1442; baseline 0.005 -24"><span class='ocrx_word' id='word_1_270' title='bbox 2018 1362 2177 1419; x_wconf 87' lang='lat' dir='ltr'><strong><em>tione</em></strong></span> <span class='ocrx_word' id='word_1_271' title='bbox 2257 1365 2590 1421; x_wconf 86' lang='lat' dir='ltr'><strong>assentiar:</strong></span> <span class='ocrx_word' id='word_1_272' title='bbox 2663 1371 2720 1422; x_wconf 91' lang='lat' dir='ltr'><strong><em>et</em></strong></span> <span class='ocrx_word' id='word_1_273' title='bbox 2774 1371 2907 1439; x_wconf 90' lang='lat' dir='ltr'><strong><em>post</em></strong></span> <span class='ocrx_word' id='word_1_274' title='bbox 3003 1384 3390 1437; x_wconf 89' lang='lat' dir='ltr'><strong>consensum,</strong></span> <span class='ocrx_word' id='word_1_275' title='bbox 3471 1368 3670 1442; x_wconf 87' lang='lat' dir='ltr'><strong><em>siquid</em></strong></span> 
     </span>
    </p>
   </div>
   <div class='ocr_carea' id='block_1_41' title="bbox 2019 1451 3669 1527">
    <p class='ocr_par' dir='ltr' id='par_1_41' title="bbox 2019 1451 3669 1527">
     <span class='ocr_line' id='line_1_41' title="bbox 2019 1451 3669 1527; baseline 0.005 -20"><span class='ocrx_word' id='word_1_276' title='bbox 2019 1451 2263 1525; x_wconf 91' lang='lat' dir='ltr'><strong>insuper</strong></span> <span class='ocrx_word' id='word_1_277' title='bbox 2278 1453 2654 1522; x_wconf 73' lang='lat' dir='ltr'><strong>dubitaVero,</strong></span> <span class='ocrx_word' id='word_1_278' title='bbox 2677 1472 2785 1512; x_wconf 90' lang='lat' dir='ltr'><strong>vos</strong></span> <span class='ocrx_word' id='word_1_279' title='bbox 2805 1457 3017 1513; x_wconf 90' lang='lat' dir='ltr'><strong><em>iterum</em></strong></span> <span class='ocrx_word' id='word_1_280' title='bbox 3049 1458 3409 1527; x_wconf 81' lang='lat' dir='ltr'><strong>interrogem</strong></span> <span class='ocrx_word' id='word_1_281' title='bbox 3445 1464 3501 1515; x_wconf 90' lang='lat' dir='ltr'><strong>et</strong></span> <span class='ocrx_word' id='word_1_282' title='bbox 3540 1474 3669 1516; x_wconf 88' lang='lat' dir='ltr'><strong><em>eru-</em></strong></span> 
     </span>
    </p>
   </div>
   <div class='ocr_carea' id='block_1_42' title="bbox 2018 1542 3669 1620">
    <p class='ocr_par' dir='ltr' id='par_1_42' title="bbox 2018 1542 3669 1620">
     <span class='ocr_line' id='line_1_42' title="bbox 2018 1542 3669 1620; baseline 0.005 -24"><span class='ocrx_word' id='word_1_283' title='bbox 2018 1542 2172 1597; x_wconf 88' lang='lat' dir='ltr'><strong><em>diar.</em></strong></span> <span class='ocrx_word' id='word_1_284' title='bbox 2208 1545 2409 1615; x_wconf 82' lang='lat' dir='ltr'><strong><em>Neque</em></strong></span> <span class='ocrx_word' id='word_1_285' title='bbox 2452 1545 2612 1600; x_wconf 91' lang='lat' dir='ltr'><strong><em>enim</em></strong></span> <span class='ocrx_word' id='word_1_286' title='bbox 2661 1545 2725 1601; x_wconf 91' lang='lat' dir='ltr'>id</span> <span class='ocrx_word' id='word_1_287' title='bbox 2778 1546 3108 1611; x_wconf 92' lang='lat' dir='ltr'><strong>erubesco;</strong></span> <span class='ocrx_word' id='word_1_288' title='bbox 3165 1547 3669 1620; x_wconf 83' lang='lat' dir='ltr'><strong><em>quandoquidem</em></strong></span> 
     </span>
    </p>
   </div>
   <div class='ocr_carea' id='block_1_43' title="bbox 2018 1632 3668 1708">
    <p class='ocr_par' dir='ltr' id='par_1_43' title="bbox 2018 1632 3668 1708">
     <span class='ocr_line' id='line_1_43' title="bbox 2018 1632 3668 1708; baseline 0.003 -20"><span class='ocrx_word' id='word_1_289' title='bbox 2018 1648 2278 1701; x_wconf 90' lang='lat' dir='ltr'><strong><em>magnus</em></strong></span> <span class='ocrx_word' id='word_1_290' title='bbox 2307 1632 2487 1689; x_wconf 90' lang='lat' dir='ltr'><strong>etiam</strong></span> <span class='ocrx_word' id='word_1_291' title='bbox 2512 1634 2605 1689; x_wconf 89' lang='lat' dir='ltr'><strong>ille</strong></span> <span class='ocrx_word' id='word_1_292' title='bbox 2636 1636 2973 1705; x_wconf 87' lang='lat' dir='ltr'>Gregorius,</span> <span class='ocrx_word' id='word_1_293' title='bbox 3007 1637 3109 1708; x_wconf 88' lang='lat' dir='ltr'>qui</span> <span class='ocrx_word' id='word_1_294' title='bbox 3140 1637 3420 1705; x_wconf 85' lang='lat' dir='ltr'><strong>Theologi</strong></span> <span class='ocrx_word' id='word_1_295' title='bbox 3444 1653 3668 1693; x_wconf 91' lang='lat' dir='ltr'><strong><em>nomen</em></strong></span> 
     </span>
    </p>
   </div>
   <div class='ocr_carea' id='block_1_44' title="bbox 2020 1722 3670 1795">
    <p class='ocr_par' dir='ltr' id='par_1_44' title="bbox 2020 1722 3670 1795">
     <span class='ocr_line' id='line_1_44' title="bbox 2020 1722 3670 1795; baseline 0.004 -20"><span class='ocrx_word' id='word_1_296' title='bbox 2020 1722 2259 1777; x_wconf 87' lang='lat' dir='ltr'><strong><em>sortitus</em></strong></span> <span class='ocrx_word' id='word_1_297' title='bbox 2292 1725 2402 1783; x_wconf 89' lang='lat' dir='ltr'><strong>est,</strong></span> <span class='ocrx_word' id='word_1_298' title='bbox 2429 1722 2510 1778; x_wconf 89' lang='lat' dir='ltr'><strong>ait</strong></span> <span class='ocrx_word' id='word_1_299' title='bbox 2550 1723 2696 1779; x_wconf 89' lang='lat' dir='ltr'><strong>velle</strong></span> <span class='ocrx_word' id='word_1_300' title='bbox 2739 1740 2846 1795; x_wconf 89' lang='lat' dir='ltr'><strong><em>per</em></strong></span> <span class='ocrx_word' id='word_1_301' title='bbox 2891 1724 3236 1781; x_wconf 90' lang='lat' dir='ltr'><strong>universam</strong></span> <span class='ocrx_word' id='word_1_302' title='bbox 3303 1726 3490 1781; x_wconf 88' lang='lat' dir='ltr'><strong>vitam</strong></span> <span class='ocrx_word' id='word_1_303' title='bbox 3545 1732 3670 1781; x_wconf 87' lang='lat' dir='ltr'><strong>tan-</strong></span> 
     </span>
    </p>
   </div>
   <div class='ocr_carea' id='block_1_45' title="bbox 2018 1813 3671 1887">
    <p class='ocr_par' dir='ltr' id='par_1_45' title="bbox 2018 1813 3671 1887">
     <span class='ocr_line' id='line_1_45' title="bbox 2018 1813 3671 1887; baseline 0.002 -22"><span class='ocrx_word' id='word_1_304' title='bbox 2018 1826 2204 1882; x_wconf 86' lang='lat' dir='ltr'><strong><em>quam</em></strong></span> <span class='ocrx_word' id='word_1_305' title='bbox 2231 1826 2486 1881; x_wconf 89' lang='lat' dir='ltr'><strong><em>puerum</em></strong></span> <span class='ocrx_word' id='word_1_306' title='bbox 2520 1828 2581 1867; x_wconf 89' lang='lat' dir='ltr'><strong><em>se</em></strong></span> <span class='ocrx_word' id='word_1_307' title='bbox 2628 1827 2831 1881; x_wconf 84' lang='lat' dir='ltr'><strong>gerere</strong></span> <span class='ocrx_word' id='word_1_308' title='bbox 2874 1819 2927 1869; x_wconf 91' lang='lat' dir='ltr'>et</span> <span class='ocrx_word' id='word_1_309' title='bbox 2968 1813 3351 1886; x_wconf 88' lang='lat' dir='ltr'><strong>discipulum.</strong></span> <span class='ocrx_word' id='word_1_310' title='bbox 3404 1818 3671 1887; x_wconf 86' lang='lat' dir='ltr'><strong><em>Itemque</em></strong></span> 
     </span>
    </p>
   </div>
   <div class='ocr_carea' id='block_1_46' title="bbox 2020 1898 3672 1975">
    <p class='ocr_par' dir='ltr' id='par_1_46' title="bbox 2020 1898 3672 1975">
     <span class='ocr_line' id='line_1_46' title="bbox 2020 1898 3672 1975; baseline 0.002 -19"><span class='ocrx_word' id='word_1_311' title='bbox 2020 1915 2091 1957; x_wconf 92' lang='lat' dir='ltr'><strong><em>ex</em></strong></span> <span class='ocrx_word' id='word_1_312' title='bbox 2117 1898 2368 1957; x_wconf 87' lang='lat' dir='ltr'><strong><em>ethnicis</em></strong></span> <span class='ocrx_word' id='word_1_313' title='bbox 2396 1902 2674 1973; x_wconf 90' lang='lat' dir='ltr'><strong><em>quidam:</em></strong></span> <span class='ocrx_word' id='word_1_314' title='bbox 2698 1906 2867 1958; x_wconf 83' lang='lat' dir='ltr'><strong>Recte</strong></span> <span class='ocrx_word' id='word_1_315' title='bbox 2889 1903 3060 1969; x_wconf 90' lang='lat' dir='ltr'><strong>est,si</strong></span> <span class='ocrx_word' id='word_1_316' title='bbox 3082 1903 3345 1975; x_wconf 85' lang='lat' dir='ltr'><strong><em>cuipiam</em></strong></span> <span class='ocrx_word' id='word_1_317' title='bbox 3374 1902 3467 1959; x_wconf 92' lang='lat' dir='ltr'>vel</span> <span class='ocrx_word' id='word_1_318' title='bbox 3488 1904 3549 1959; x_wconf 90' lang='lat' dir='ltr'><strong><em>in</em></strong></span> <span class='ocrx_word' id='word_1_319' title='bbox 3576 1918 3672 1959; x_wconf 90' lang='lat' dir='ltr'><strong>se-</strong></span> 
     </span>
    </p>
   </div>
   <div class='ocr_carea' id='block_1_47' title="bbox 2022 1992 3673 2067">
    <p class='ocr_par' dir='ltr' id='par_1_47' title="bbox 2022 1992 3673 2067">
     <span class='ocr_line' id='line_1_47' title="bbox 2022 1992 3673 2067; baseline 0.002 -20"><span class='ocrx_word' id='word_1_320' title='bbox 2022 1996 2257 2048; x_wconf 91' lang='lat' dir='ltr'><strong>nectute</strong></span> <span class='ocrx_word' id='word_1_321' title='bbox 2287 1994 2581 2067; x_wconf 85' lang='lat' dir='ltr'><strong><em>sapientia</em></strong></span> <span class='ocrx_word' id='word_1_322' title='bbox 2629 2009 2699 2049; x_wconf 90' lang='lat' dir='ltr'><strong><em>ac</em></strong></span> <span class='ocrx_word' id='word_1_323' title='bbox 2748 1992 3070 2065; x_wconf 85' lang='lat' dir='ltr'><strong><em>prudentia</em></strong></span> <span class='ocrx_word' id='word_1_324' title='bbox 3115 1992 3412 2063; x_wconf 80' lang='lat' dir='ltr'><strong>obtingat.</strong></span> <span class='ocrx_word' id='word_1_325' title='bbox 3474 1995 3673 2050; x_wconf 89' lang='lat' dir='ltr'><strong>Sancti</strong></span> 
     </span>
    </p>
   </div>
   <div class='ocr_carea' id='block_1_48' title="bbox 2022 2080 3673 2155">
    <p class='ocr_par' dir='ltr' id='par_1_48' title="bbox 2022 2080 3673 2155">
     <span class='ocr_line' id='line_1_48' title="bbox 2022 2080 3673 2155; baseline 0.001 -19"><span class='ocrx_word' id='word_1_326' title='bbox 2022 2080 2182 2137; x_wconf 91' lang='lat' dir='ltr'><strong><em>enim</em></strong></span> <span class='ocrx_word' id='word_1_327' title='bbox 2204 2082 2480 2139; x_wconf 89' lang='lat' dir='ltr'><strong><em>homines</em></strong></span> <span class='ocrx_word' id='word_1_328' title='bbox 2512 2082 2589 2138; x_wconf 87' lang='lat' dir='ltr'>ab</span> <span class='ocrx_word' id='word_1_329' title='bbox 2620 2080 2868 2137; x_wconf 92' lang='lat' dir='ltr'><strong>ethnicis</strong></span> <span class='ocrx_word' id='word_1_330' title='bbox 2899 2097 3143 2155; x_wconf 88' lang='lat' dir='ltr'><strong><em>quaque</em></strong></span> <span class='ocrx_word' id='word_1_331' title='bbox 3174 2098 3286 2138; x_wconf 91' lang='lat' dir='ltr'><strong>nos</strong></span> <span class='ocrx_word' id='word_1_332' title='bbox 3324 2081 3553 2138; x_wconf 90' lang='lat' dir='ltr'><strong><em>discere</em></strong></span> <span class='ocrx_word' id='word_1_333' title='bbox 3598 2083 3673 2139; x_wconf 87' lang='lat' dir='ltr'>si-</span> 
     </span>
    </p>
   </div>
   <div class='ocr_carea' id='block_1_49' title="bbox 2020 2170 3674 2245">
    <p class='ocr_par' dir='ltr' id='par_1_49' title="bbox 2020 2170 3674 2245">
     <span class='ocr_line' id='line_1_49' title="bbox 2020 2170 3674 2245; baseline 0.001 -18"><span class='ocrx_word' id='word_1_334' title='bbox 2020 2175 2194 2228; x_wconf 88' lang='lat' dir='ltr'><strong>nunt.</strong></span> <span class='ocrx_word' id='word_1_335' title='bbox 2226 2173 2456 2229; x_wconf 63' lang='lat' dir='ltr'><strong>Sanctae</strong></span> <span class='ocrx_word' id='word_1_336' title='bbox 2477 2177 2683 2229; x_wconf 71' lang='lat' dir='ltr'><strong>vestrm</strong></span> <span class='ocrx_word' id='word_1_337' title='bbox 2713 2187 2921 2245; x_wconf 90' lang='lat' dir='ltr'><strong><em>preces</em></strong></span> <span class='ocrx_word' id='word_1_338' title='bbox 2948 2171 3095 2228; x_wconf 92' lang='lat' dir='ltr'><strong><em>mihi</em></strong></span> <span class='ocrx_word' id='word_1_339' title='bbox 3151 2170 3427 2230; x_wconf 86' lang='lat' dir='ltr'><strong>faveant!</strong></span> <span class='ocrx_word' id='word_1_340' title='bbox 3472 2172 3674 2230; x_wconf 54' lang='lat' dir='ltr'><strong><em>Humie</em></strong></span> 
     </span>
    </p>
   </div>
   <div class='ocr_carea' id='block_1_50' title="bbox 2021 2260 2846 2335">
    <p class='ocr_par' dir='ltr' id='par_1_50' title="bbox 2021 2260 2846 2335">
     <span class='ocr_line' id='line_1_50' title="bbox 2021 2260 2846 2335; baseline 0 -18"><span class='ocrx_word' id='word_1_341' title='bbox 2021 2260 2092 2317; x_wconf 90' lang='lat' dir='ltr'><strong>lis</strong></span> <span class='ocrx_word' id='word_1_342' title='bbox 2111 2262 2493 2335; x_wconf 88' lang='lat' dir='ltr'><strong>metropolita</strong></span> <span class='ocrx_word' id='word_1_343' title='bbox 2516 2261 2846 2335; x_wconf 86' lang='lat' dir='ltr'><strong>Dyrrachii.</strong></span> 
     </span>
    </p>
   </div>
   <div class='ocr_carea' id='block_1_51' title="bbox 2094 2422 3672 2495">
    <p class='ocr_par' dir='ltr' id='par_1_51' title="bbox 2094 2422 3672 2495">
     <span class='ocr_line' id='line_1_51' title="bbox 2094 2422 3672 2495; baseline 0.003 -18"><span class='ocrx_word' id='word_1_344' title='bbox 2094 2423 2233 2479; x_wconf 87' lang='lat' dir='ltr'><strong>Post</strong></span> <span class='ocrx_word' id='word_1_345' title='bbox 2258 2422 2531 2481; x_wconf 89' lang='lat' dir='ltr'><strong>ablatum</strong></span> <span class='ocrx_word' id='word_1_346' title='bbox 2551 2423 2904 2495; x_wconf 92' lang='lat' dir='ltr'><strong>hujusmodi</strong></span> <span class='ocrx_word' id='word_1_347' title='bbox 2951 2423 3030 2480; x_wconf 91' lang='lat' dir='ltr'>ab</span> <span class='ocrx_word' id='word_1_348' title='bbox 3081 2438 3152 2479; x_wconf 94' lang='lat' dir='ltr'><strong><em>eo</em></strong></span> <span class='ocrx_word' id='word_1_349' title='bbox 3197 2422 3488 2491; x_wconf 89' lang='lat' dir='ltr'><strong>libellum,</strong></span> <span class='ocrx_word' id='word_1_350' title='bbox 3533 2439 3672 2481; x_wconf 94' lang='lat' dir='ltr'><strong>cum</strong></span> 
     </span>
    </p>
   </div>
   <div class='ocr_carea' id='block_1_52' title="bbox 2020 2512 3673 2586">
    <p class='ocr_par' dir='ltr' id='par_1_52' title="bbox 2020 2512 3673 2586">
     <span class='ocr_line' id='line_1_52' title="bbox 2020 2512 3673 2586; baseline 0.001 -17"><span class='ocrx_word' id='word_1_351' title='bbox 2020 2529 2092 2569; x_wconf 90' lang='lat' dir='ltr'><strong><em>eo</em></strong></span> <span class='ocrx_word' id='word_1_352' title='bbox 2121 2512 2275 2569; x_wconf 92' lang='lat' dir='ltr'><strong>lecto</strong></span> <span class='ocrx_word' id='word_1_353' title='bbox 2314 2512 2645 2570; x_wconf 86' lang='lat' dir='ltr'><strong>audivisset</strong></span> <span class='ocrx_word' id='word_1_354' title='bbox 2665 2513 2901 2569; x_wconf 91' lang='lat' dir='ltr'><strong>recitari</strong></span> <span class='ocrx_word' id='word_1_355' title='bbox 2930 2512 3171 2585; x_wconf 90' lang='lat' dir='ltr'><strong>publice</strong></span> <span class='ocrx_word' id='word_1_356' title='bbox 3196 2513 3270 2569; x_wconf 87' lang='lat' dir='ltr'><strong>de</strong></span> <span class='ocrx_word' id='word_1_357' title='bbox 3307 2512 3542 2586; x_wconf 88' lang='lat' dir='ltr'><strong><em>scriptis</em></strong></span> <span class='ocrx_word' id='word_1_358' title='bbox 3570 2529 3673 2570; x_wconf 86' lang='lat' dir='ltr'><strong>va-</strong></span> 
     </span>
    </p>
   </div>
   <div class='ocr_carea' id='block_1_53' title="bbox 2018 2601 3675 2675">
    <p class='ocr_par' dir='ltr' id='par_1_53' title="bbox 2018 2601 3675 2675">
     <span class='ocr_line' id='line_1_53' title="bbox 2018 2601 3675 2675; baseline -0.001 -16"><span class='ocrx_word' id='word_1_359' title='bbox 2018 2603 2138 2659; x_wconf 90' lang='lat' dir='ltr'><strong>rias</strong></span> <span class='ocrx_word' id='word_1_360' title='bbox 2163 2602 2547 2659; x_wconf 88' lang='lat' dir='ltr'><strong>auctoritates</strong></span> <span class='ocrx_word' id='word_1_361' title='bbox 2605 2618 2741 2675; x_wconf 79' lang='lat' dir='ltr'><strong><em>quae</em></strong></span> <span class='ocrx_word' id='word_1_362' title='bbox 2774 2601 3057 2658; x_wconf 85' lang='lat' dir='ltr'><strong>favebant</strong></span> <span class='ocrx_word' id='word_1_363' title='bbox 3084 2602 3398 2675; x_wconf 87' lang='lat' dir='ltr'><strong><em>lucideque</em></strong></span> <span class='ocrx_word' id='word_1_364' title='bbox 3424 2602 3483 2657; x_wconf 92' lang='lat' dir='ltr'><strong><em>id</em></strong></span> <span class='ocrx_word' id='word_1_365' title='bbox 3537 2617 3675 2658; x_wconf 89' lang='lat' dir='ltr'><strong><em>con-</em></strong></span> 
     </span>
    </p>
   </div>
   <div class='ocr_carea' id='block_1_54' title="bbox 2018 2691 3673 2764">
    <p class='ocr_par' dir='ltr' id='par_1_54' title="bbox 2018 2691 3673 2764">
     <span class='ocr_line' id='line_1_54' title="bbox 2018 2691 3673 2764; baseline 0 -16"><span class='ocrx_word' id='word_1_366' title='bbox 2018 2691 2345 2748; x_wconf 85' lang='lat' dir='ltr'><strong><em>ﬁrmabant</em></strong></span> <span class='ocrx_word' id='word_1_367' title='bbox 2372 2692 2539 2764; x_wconf 86' lang='lat' dir='ltr'><strong><em>quod</em></strong></span> <span class='ocrx_word' id='word_1_368' title='bbox 2569 2691 2648 2747; x_wconf 89' lang='lat' dir='ltr'>ab</span> <span class='ocrx_word' id='word_1_369' title='bbox 2682 2707 2753 2748; x_wconf 90' lang='lat' dir='ltr'><strong>eo</strong></span> <span class='ocrx_word' id='word_1_370' title='bbox 2772 2691 3185 2760; x_wconf 87' lang='lat' dir='ltr'><strong>dubitabatur,</strong></span> <span class='ocrx_word' id='word_1_371' title='bbox 3209 2692 3408 2748; x_wconf 89' lang='lat' dir='ltr'><strong>statim</strong></span> <span class='ocrx_word' id='word_1_372' title='bbox 3439 2691 3497 2747; x_wconf 92' lang='lat' dir='ltr'><strong><em>in</em></strong></span> <span class='ocrx_word' id='word_1_373' title='bbox 3526 2704 3673 2748; x_wconf 89' lang='lat' dir='ltr'><strong>con-</strong></span> 
     </span>
    </p>
   </div>
   <div class='ocr_carea' id='block_1_55' title="bbox 2021 2779 3675 2852">
    <p class='ocr_par' dir='ltr' id='par_1_55' title="bbox 2021 2779 3675 2852">
     <span class='ocr_line' id='line_1_55' title="bbox 2021 2779 3675 2852; baseline 0.001 -16"><span class='ocrx_word' id='word_1_374' title='bbox 2021 2796 2189 2837; x_wconf 89' lang='lat' dir='ltr'><strong><em>sessu</em></strong></span> <span class='ocrx_word' id='word_1_375' title='bbox 2216 2795 2473 2851; x_wconf 83' lang='lat' dir='ltr'><strong>surgens</strong></span> <span class='ocrx_word' id='word_1_376' title='bbox 2495 2784 2552 2836; x_wconf 88' lang='lat' dir='ltr'>et</span> <span class='ocrx_word' id='word_1_377' title='bbox 2577 2781 2638 2836; x_wconf 92' lang='lat' dir='ltr'><strong><em>in</em></strong></span> <span class='ocrx_word' id='word_1_378' title='bbox 2676 2779 2947 2836; x_wconf 91' lang='lat' dir='ltr'><strong>medium</strong></span> <span class='ocrx_word' id='word_1_379' title='bbox 2978 2794 3357 2852; x_wconf 87' lang='lat' dir='ltr'><strong>progressus,</strong></span> <span class='ocrx_word' id='word_1_380' title='bbox 3406 2782 3464 2837; x_wconf 89' lang='lat' dir='ltr'>Si</span> <span class='ocrx_word' id='word_1_381' title='bbox 3495 2786 3675 2838; x_wconf 87' lang='lat' dir='ltr'><strong>antea</strong></span> 
     </span>
    </p>
   </div>
   <div class='ocr_carea' id='block_1_56' title="bbox 2020 2868 3678 2943">
    <p class='ocr_par' dir='ltr' id='par_1_56' title="bbox 2020 2868 3678 2943">
     <span class='ocr_line' id='line_1_56' title="bbox 2020 2868 3678 2943; baseline 0 -17"><span class='ocrx_word' id='word_1_382' title='bbox 2020 2869 2579 2943; x_wconf 85' lang='lat' dir='ltr'><strong>postulavi,inquit,</strong></span> <span class='ocrx_word' id='word_1_383' title='bbox 2636 2872 2873 2941; x_wconf 90' lang='lat' dir='ltr'><strong>tempus</strong></span> <span class='ocrx_word' id='word_1_384' title='bbox 2903 2868 2983 2925; x_wconf 91' lang='lat' dir='ltr'><strong>ad</strong></span> <span class='ocrx_word' id='word_1_385' title='bbox 3014 2868 3552 2937; x_wconf 88' lang='lat' dir='ltr'><strong>considerandum,</strong></span> <span class='ocrx_word' id='word_1_386' title='bbox 3612 2874 3678 2926; x_wconf 88' lang='lat' dir='ltr'><strong><em>ut</em></strong></span> 
     </span>
    </p>
   </div>
   <div class='ocr_carea' id='block_1_57' title="bbox 2021 2957 3676 3031">
    <p class='ocr_par' dir='ltr' id='par_1_57' title="bbox 2021 2957 3676 3031">
     <span class='ocr_line' id='line_1_57' title="bbox 2021 2957 3676 3031; baseline -0.001 -17"><span class='ocrx_word' id='word_1_387' title='bbox 2021 2959 2242 3030; x_wconf 92' lang='lat' dir='ltr'><strong><em>scripto</em></strong></span> <span class='ocrx_word' id='word_1_388' title='bbox 2264 2974 2400 3014; x_wconf 92' lang='lat' dir='ltr'><strong><em>meo</em></strong></span> <span class='ocrx_word' id='word_1_389' title='bbox 2416 2958 2560 3025; x_wconf 88' lang='lat' dir='ltr'><strong><em>dixi,</em></strong></span> <span class='ocrx_word' id='word_1_390' title='bbox 2583 2957 2770 3014; x_wconf 86' lang='lat' dir='ltr'><strong><em>timidi</em></strong></span> <span class='ocrx_word' id='word_1_391' title='bbox 2785 2958 2845 3014; x_wconf 93' lang='lat' dir='ltr'><strong><em>id</em></strong></span> <span class='ocrx_word' id='word_1_392' title='bbox 2868 2957 2978 3014; x_wconf 82' lang='lat' dir='ltr'><strong><em>fuit</em></strong></span> <span class='ocrx_word' id='word_1_393' title='bbox 3001 2973 3076 3014; x_wconf 92' lang='lat' dir='ltr'><strong><em>ne</em></strong></span> <span class='ocrx_word' id='word_1_394' title='bbox 3112 2957 3314 3015; x_wconf 89' lang='lat' dir='ltr'><strong>dicam</strong></span> <span class='ocrx_word' id='word_1_395' title='bbox 3333 2958 3676 3031; x_wconf 87' lang='lat' dir='ltr'><strong>scrupulosi</strong></span> 
     </span>
    </p>
   </div>
   <div class='ocr_carea' id='block_1_58' title="bbox 2022 3046 3675 3121">
    <p class='ocr_par' dir='ltr' id='par_1_58' title="bbox 2022 3046 3675 3121">
     <span class='ocr_line' id='line_1_58' title="bbox 2022 3046 3675 3121; baseline -0.001 -17"><span class='ocrx_word' id='word_1_396' title='bbox 2022 3049 2228 3115; x_wconf 91' lang='lat' dir='ltr'><strong>animi,</strong></span> <span class='ocrx_word' id='word_1_397' title='bbox 2260 3048 2375 3104; x_wconf 92' lang='lat' dir='ltr'>hac</span> <span class='ocrx_word' id='word_1_398' title='bbox 2408 3063 2588 3120; x_wconf 90' lang='lat' dir='ltr'><strong>super</strong></span> <span class='ocrx_word' id='word_1_399' title='bbox 2610 3063 2673 3104; x_wconf 91' lang='lat' dir='ltr'><strong><em>re</em></strong></span> <span class='ocrx_word' id='word_1_400' title='bbox 2703 3047 2961 3105; x_wconf 86' lang='lat' dir='ltr'><strong>nolentis</strong></span> <span class='ocrx_word' id='word_1_401' title='bbox 3012 3064 3085 3104; x_wconf 79' lang='lat' dir='ltr'><strong><em>ex</em></strong></span> <span class='ocrx_word' id='word_1_402' title='bbox 3122 3046 3381 3121; x_wconf 88' lang='lat' dir='ltr'><strong>abrupto</strong></span> <span class='ocrx_word' id='word_1_403' title='bbox 3429 3062 3675 3120; x_wconf 88' lang='lat' dir='ltr'><strong><em>respon-</em></strong></span> 
     </span>
    </p>
   </div>
   <div class='ocr_carea' id='block_1_59' title="bbox 2019 3136 3681 3210">
    <p class='ocr_par' dir='ltr' id='par_1_59' title="bbox 2019 3136 3681 3210">
     <span class='ocr_line' id='line_1_59' title="bbox 2019 3136 3681 3210; baseline -0.001 -16"><span class='ocrx_word' id='word_1_404' title='bbox 2019 3138 2181 3194; x_wconf 86' lang='lat' dir='ltr'><strong><em>dere.</em></strong></span> <span class='ocrx_word' id='word_1_405' title='bbox 2206 3140 2633 3193; x_wconf 84' lang='lat' dir='ltr'><strong>Verumtamen</strong></span> <span class='ocrx_word' id='word_1_406' title='bbox 2652 3136 2725 3193; x_wconf 91' lang='lat' dir='ltr'><strong>iis</strong></span> <span class='ocrx_word' id='word_1_407' title='bbox 2751 3138 2883 3209; x_wconf 88' lang='lat' dir='ltr'>jam</span> <span class='ocrx_word' id='word_1_408' title='bbox 2915 3138 3245 3208; x_wconf 87' lang='lat' dir='ltr'><strong>convictus,</strong></span> <span class='ocrx_word' id='word_1_409' title='bbox 3272 3153 3408 3210; x_wconf 80' lang='lat' dir='ltr'><strong><em>quae</em></strong></span> <span class='ocrx_word' id='word_1_410' title='bbox 3442 3136 3681 3194; x_wconf 86' lang='lat' dir='ltr'><strong><em>recitari</em></strong></span> 
     </span>
    </p>
   </div>
   <div class='ocr_carea' id='block_1_60' title="bbox 295 3224 2075 3320">
    <p class='ocr_par' dir='ltr' id='par_1_60' title="bbox 295 3227 2075 3320">
     <span class='ocr_line' id='line_1_60' title="bbox 295 3227 2075 3320; baseline 0.001 -39"><span class='ocrx_word' id='word_1_411' title='bbox 295 3248 482 3302; x_wconf 82' lang='grc' dir='ltr'>κρισιν</span> <span class='ocrx_word' id='word_1_412' title='bbox 525 3229 784 3281; x_wconf 88' lang='grc' dir='ltr'>τίθεσθαι·</span> <span class='ocrx_word' id='word_1_413' title='bbox 841 3227 970 3281; x_wconf 77' lang='grc' dir='ltr'>ἀλλὰ</span> <span class='ocrx_word' id='word_1_414' title='bbox 1027 3232 1130 3301; x_wconf 79' lang='grc' dir='ltr'>γὰρ</span> <span class='ocrx_word' id='word_1_415' title='bbox 1175 3233 1523 3303; x_wconf 80' lang='grc' dir='ltr'>ίπεπεισμένος</span> <span class='ocrx_word' id='word_1_416' title='bbox 1595 3232 1774 3286; x_wconf 87' lang='grc' dir='ltr'>λοιπόν</span> <span class='ocrx_word' id='word_1_417' title='bbox 1824 3234 1908 3307; x_wconf 72' lang='grc' dir='ltr'>ἀφ’</span> <span class='ocrx_word' id='word_1_418' title='bbox 1939 3265 1979 3320; x_wconf 79' lang='lat' dir='ltr'>C</span> <span class='ocrx_word' id='word_1_419' title='bbox 2024 3242 2075 3283; x_wconf 74' lang='lat' dir='ltr'><strong>a1</strong></span> 
     </span>
    </p>
   </div>
   <div class='ocr_carea' id='block_1_61' title="bbox 1900 3224 3680 3320">
    <p class='ocr_par' dir='ltr' id='par_1_61' title="bbox 1900 3224 3680 3320">
     <span class='ocr_line' id='line_1_61' title="bbox 1900 3224 3680 3320; baseline -0.001 -37"><span class='ocrx_word' id='word_1_420' title='bbox 1900 3235 1908 3253; x_wconf 90' lang='lat'><strong><em>&#39;</em></strong></span> <span class='ocrx_word' id='word_1_421' title='bbox 1939 3265 1979 3320; x_wconf 62' lang='grc' dir='ltr'>Ο</span> <span class='ocrx_word' id='word_1_422' title='bbox 2024 3226 2224 3283; x_wconf 88' lang='lat' dir='ltr'><strong>audivi</strong></span> <span class='ocrx_word' id='word_1_423' title='bbox 2253 3226 2437 3320; x_wconf 82' lang='lat' dir='ltr'><strong>hujus</strong></span> <span class='ocrx_word' id='word_1_424' title='bbox 2466 3224 2771 3297; x_wconf 79' lang='lat' dir='ltr'><strong>dogmatis</strong></span> <span class='ocrx_word' id='word_1_425' title='bbox 2827 3225 3201 3297; x_wconf 91' lang='lat' dir='ltr'><strong><em>testimoniis,</em></strong></span> <span class='ocrx_word' id='word_1_426' title='bbox 3234 3241 3483 3283; x_wconf 89' lang='lat' dir='ltr'><strong>omnem</strong></span> <span class='ocrx_word' id='word_1_427' title='bbox 3514 3229 3680 3298; x_wconf 89' lang='lat' dir='ltr'><strong>post-</strong></span> 
     </span>
    </p>
   </div>
   <div class='ocr_carea' id='block_1_62' title="bbox 298 3316 1910 3396">
    <p class='ocr_par' dir='ltr' id='par_1_62' title="bbox 298 3316 1910 3396">
     <span class='ocr_line' id='line_1_62' title="bbox 298 3316 1910 3396; baseline 0.004 -27"><span class='ocrx_word' id='word_1_428' title='bbox 298 3319 374 3370; x_wconf 79' lang='grc' dir='ltr'>ὧν</span> <span class='ocrx_word' id='word_1_429' title='bbox 427 3316 515 3370; x_wconf 73' lang='grc' dir='ltr'>ἐπὶ</span> <span class='ocrx_word' id='word_1_430' title='bbox 587 3325 679 3370; x_wconf 83' lang='grc' dir='ltr'>τοῦ</span> <span class='ocrx_word' id='word_1_431' title='bbox 749 3321 1002 3390; x_wconf 80' lang='grc' dir='ltr'>παρόντος</span> <span class='ocrx_word' id='word_1_432' title='bbox 1059 3316 1265 3377; x_wconf 77' lang='grc' dir='ltr'>ἀκήκοα</span> <span class='ocrx_word' id='word_1_433' title='bbox 1326 3330 1626 3396; x_wconf 82' lang='grc' dir='ltr'>μαρτυριῶν</span> <span class='ocrx_word' id='word_1_434' title='bbox 1714 3324 1910 3376; x_wconf 77' lang='grc' dir='ltr'>πολλῶν</span> 
     </span>
    </p>
   </div>
   <div class='ocr_carea' id='block_1_63' title="bbox 300 3406 1911 3486">
    <p class='ocr_par' dir='ltr' id='par_1_63' title="bbox 300 3406 1911 3486">
     <span class='ocr_line' id='line_1_63' title="bbox 300 3406 1911 3486; baseline 0.005 -28"><span class='ocrx_word' id='word_1_435' title='bbox 300 3414 601 3482; x_wconf 63' lang='grc' dir='ltr'>γραφικῶν,</span> <span class='ocrx_word' id='word_1_436' title='bbox 657 3406 885 3477; x_wconf 71' lang='grc' dir='ltr'>σκέψεως</span> <span class='ocrx_word' id='word_1_437' title='bbox 943 3412 1034 3480; x_wconf 80' lang='grc' dir='ltr'>μέν</span> <span class='ocrx_word' id='word_1_438' title='bbox 1090 3406 1300 3470; x_wconf 78' lang='grc' dir='ltr'>ἀπάσης</span> <span class='ocrx_word' id='word_1_439' title='bbox 1360 3414 1419 3462; x_wconf 83' lang='grc' dir='ltr'>τό</span> <span class='ocrx_word' id='word_1_440' title='bbox 1505 3410 1729 3465; x_wconf 74' lang='grc' dir='ltr'>ἐντεῦθεν</span> <span class='ocrx_word' id='word_1_441' title='bbox 1787 3412 1911 3486; x_wconf 73' lang='grc' dir='ltr'>ἀφί-</span> 
     </span>
    </p>
   </div>
   <div class='ocr_carea' id='block_1_64' title="bbox 303 3493 1914 3575">
    <p class='ocr_par' dir='ltr' id='par_1_64' title="bbox 303 3493 1914 3575">
     <span class='ocr_line' id='line_1_64' title="bbox 303 3493 1914 3575; baseline 0.002 -23"><span class='ocrx_word' id='word_1_442' title='bbox 303 3512 529 3570; x_wconf 84' lang='grc' dir='ltr'>σταμαι·</span> <span class='ocrx_word' id='word_1_443' title='bbox 591 3498 937 3559; x_wconf 82' lang='grc' dir='ltr'>κατατίθεμαι</span> <span class='ocrx_word' id='word_1_444' title='bbox 995 3493 1054 3551; x_wconf 67' lang='grc' dir='ltr'>δὲ</span> <span class='ocrx_word' id='word_1_445' title='bbox 1132 3508 1442 3573; x_wconf 77' lang='grc' dir='ltr'>συμφρονεῖν</span> <span class='ocrx_word' id='word_1_446' title='bbox 1520 3500 1606 3554; x_wconf 77' lang='grc' dir='ltr'>ἐπὶ</span> <span class='ocrx_word' id='word_1_447' title='bbox 1678 3510 1741 3575; x_wconf 72' lang='grc' dir='ltr'>τῇ</span> <span class='ocrx_word' id='word_1_448' title='bbox 1820 3523 1914 3555; x_wconf 87' lang='grc' dir='ltr'>πα-</span> 
     </span>
    </p>
   </div>
   <div class='ocr_carea' id='block_1_65' title="bbox 298 3585 1913 3663">
    <p class='ocr_par' dir='ltr' id='par_1_65' title="bbox 298 3585 1913 3663">
     <span class='ocr_line' id='line_1_65' title="bbox 298 3585 1913 3663; baseline 0.005 -27"><span class='ocrx_word' id='word_1_449' title='bbox 298 3588 475 3663; x_wconf 75' lang='grc' dir='ltr'>ρούσῃ</span> <span class='ocrx_word' id='word_1_450' title='bbox 508 3586 753 3638; x_wconf 77' lang='grc' dir='ltr'>ὑποθέσει</span> <span class='ocrx_word' id='word_1_451' title='bbox 777 3587 915 3638; x_wconf 83' lang='grc' dir='ltr'>κατὰ</span> <span class='ocrx_word' id='word_1_452' title='bbox 939 3587 1111 3639; x_wconf 78' lang='grc' dir='ltr'>πάντα</span> <span class='ocrx_word' id='word_1_453' title='bbox 1154 3594 1216 3659; x_wconf 72' lang='grc' dir='ltr'>τῇ</span> <span class='ocrx_word' id='word_1_454' title='bbox 1258 3587 1354 3660; x_wconf 74' lang='grc' dir='ltr'>ἐμῇ</span> <span class='ocrx_word' id='word_1_455' title='bbox 1401 3585 1738 3662; x_wconf 71' lang='grc' dir='ltr'>ἀδελφότητιο</span> <span class='ocrx_word' id='word_1_456' title='bbox 1801 3593 1913 3644; x_wconf 85' lang='grc' dir='ltr'>ὅθεν</span> 
     </span>
    </p>
   </div>
   <div class='ocr_carea' id='block_1_66' title="bbox 300 3672 1915 3753">
    <p class='ocr_par' dir='ltr' id='par_1_66' title="bbox 300 3672 1915 3753">
     <span class='ocr_line' id='line_1_66' title="bbox 300 3672 1915 3753; baseline 0.003 -25"><span class='ocrx_word' id='word_1_457' title='bbox 300 3680 398 3728; x_wconf 81' lang='grc' dir='ltr'>καὶ</span> <span class='ocrx_word' id='word_1_458' title='bbox 455 3672 688 3747; x_wconf 80' lang='grc' dir='ltr'>διατόρῳ</span> <span class='ocrx_word' id='word_1_459' title='bbox 740 3678 968 3747; x_wconf 88' lang='grc' dir='ltr'>στόματι</span> <span class='ocrx_word' id='word_1_460' title='bbox 1008 3673 1349 3751; x_wconf 82' lang='grc' dir='ltr'>ἁνακηρύττω</span> <span class='ocrx_word' id='word_1_461' title='bbox 1422 3696 1476 3731; x_wconf 86' lang='grc' dir='ltr'>τε</span> <span class='ocrx_word' id='word_1_462' title='bbox 1531 3683 1621 3731; x_wconf 85' lang='grc' dir='ltr'>καὶ</span> <span class='ocrx_word' id='word_1_463' title='bbox 1680 3680 1915 3753; x_wconf 86' lang='grc' dir='ltr'>ὁμολογῶ</span> 
     </span>
    </p>
   </div>
   <div class='ocr_carea' id='block_1_67' title="bbox 301 3762 1915 3838">
    <p class='ocr_par' dir='ltr' id='par_1_67' title="bbox 301 3762 1915 3838">
     <span class='ocr_line' id='line_1_67' title="bbox 301 3762 1915 3838; baseline 0.003 -21"><span class='ocrx_word' id='word_1_464' title='bbox 301 3765 573 3817; x_wconf 87' lang='grc' dir='ltr'>πιστεύειν</span> <span class='ocrx_word' id='word_1_465' title='bbox 626 3762 827 3823; x_wconf 78' lang='grc' dir='ltr'>άληθῶς</span> <span class='ocrx_word' id='word_1_466' title='bbox 867 3768 938 3835; x_wconf 75' lang='grc' dir='ltr'><strong>μή</strong></span> <span class='ocrx_word' id='word_1_467' title='bbox 981 3771 1053 3835; x_wconf 82' lang='grc' dir='ltr'>τῷ</span> <span class='ocrx_word' id='word_1_468' title='bbox 1103 3771 1274 3837; x_wconf 79' lang='grc' dir='ltr'>Πατρὶ</span> <span class='ocrx_word' id='word_1_469' title='bbox 1320 3768 1483 3838; x_wconf 89' lang='grc' dir='ltr'>μόνω,</span> <span class='ocrx_word' id='word_1_470' title='bbox 1535 3765 1664 3820; x_wconf 79' lang='grc' dir='ltr'>ἀλλὰ</span> <span class='ocrx_word' id='word_1_471' title='bbox 1710 3765 1778 3826; x_wconf 83' lang='grc' dir='ltr'>δὴ</span> <span class='ocrx_word' id='word_1_472' title='bbox 1826 3773 1915 3822; x_wconf 81' lang='grc' dir='ltr'>καὶ</span> 
     </span>
    </p>
   </div>
   <div class='ocr_carea' id='block_1_68' title="bbox 301 3851 1918 3931">
    <p class='ocr_par' dir='ltr' id='par_1_68' title="bbox 301 3851 1918 3931">
     <span class='ocr_line' id='line_1_68' title="bbox 301 3851 1918 3931; baseline 0.004 -26"><span class='ocrx_word' id='word_1_473' title='bbox 301 3860 381 3924; x_wconf 80' lang='grc' dir='ltr'>τῷ</span> <span class='ocrx_word' id='word_1_474' title='bbox 432 3857 538 3922; x_wconf 84' lang='grc' dir='ltr'>Υίῷ</span> <span class='ocrx_word' id='word_1_475' title='bbox 585 3857 675 3905; x_wconf 84' lang='grc' dir='ltr'>καὶ</span> <span class='ocrx_word' id='word_1_476' title='bbox 710 3860 785 3905; x_wconf 83' lang='grc' dir='ltr'>τῶ</span> <span class='ocrx_word' id='word_1_477' title='bbox 833 3857 1070 3925; x_wconf 78' lang='grc' dir='ltr'>παναγίᾳ</span> <span class='ocrx_word' id='word_1_478' title='bbox 1111 3851 1326 3927; x_wconf 75' lang='grc' dir='ltr'>Τριάδι,</span> <span class='ocrx_word' id='word_1_479' title='bbox 1381 3858 1441 3908; x_wconf 83' lang='grc' dir='ltr'>τὸ</span> <span class='ocrx_word' id='word_1_480' title='bbox 1501 3860 1754 3921; x_wconf 80' lang='grc' dir='ltr'>ζωοποιὸν</span> <span class='ocrx_word' id='word_1_481' title='bbox 1787 3857 1918 3931; x_wconf 83' lang='grc' dir='ltr'>αἷμα</span> 
     </span>
    </p>
   </div>
   <div class='ocr_carea' id='block_1_69' title="bbox 303 3944 1915 4019">
    <p class='ocr_par' dir='ltr' id='par_1_69' title="bbox 303 3944 1915 4019">
     <span class='ocr_line' id='line_1_69' title="bbox 303 3944 1915 4019; baseline 0.004 -25"><span class='ocrx_word' id='word_1_482' title='bbox 303 3944 589 4014; x_wconf 76' lang='grc' dir='ltr'>καὶσῶμα</span> <span class='ocrx_word' id='word_1_483' title='bbox 617 3948 708 3994; x_wconf 80' lang='grc' dir='ltr'>τοῦ</span> <span class='ocrx_word' id='word_1_484' title='bbox 728 3948 970 4016; x_wconf 83' lang='grc' dir='ltr'>Σωτῆρος</span> <span class='ocrx_word' id='word_1_485' title='bbox 998 3949 1235 4016; x_wconf 76' lang='grc' dir='ltr'>Χριστοῦ</span> <span class='ocrx_word' id='word_1_486' title='bbox 1283 3947 1374 3997; x_wconf 87' lang='grc' dir='ltr'>καὶ</span> <span class='ocrx_word' id='word_1_487' title='bbox 1425 3952 1637 4019; x_wconf 80' lang='grc' dir='ltr'>πρώτως</span> <span class='ocrx_word' id='word_1_488' title='bbox 1688 3946 1773 4000; x_wconf 80' lang='grc' dir='ltr'>ἐπὶ</span> <span class='ocrx_word' id='word_1_489' title='bbox 1824 3956 1915 4001; x_wconf 76' lang='grc' dir='ltr'>τοῦ</span> 
     </span>
    </p>
   </div>
   <div class='ocr_carea' id='block_1_70' title="bbox 306 4032 1917 4106">
    <p class='ocr_par' dir='ltr' id='par_1_70' title="bbox 306 4032 1917 4106">
     <span class='ocr_line' id='line_1_70' title="bbox 306 4032 1917 4106; baseline 0.002 -20"><span class='ocrx_word' id='word_1_490' title='bbox 306 4037 634 4086; x_wconf 84' lang='grc' dir='ltr'>Δεσποτικοῦ</span> <span class='ocrx_word' id='word_1_491' title='bbox 689 4032 893 4093; x_wconf 76' lang='grc' dir='ltr'>πάθους</span> <span class='ocrx_word' id='word_1_492' title='bbox 952 4034 1389 4106; x_wconf 79' lang='grc' dir='ltr'>προσενεχθῆναι,</span> <span class='ocrx_word' id='word_1_493' title='bbox 1448 4039 1538 4088; x_wconf 84' lang='lat' dir='ltr'>xui</span> <span class='ocrx_word' id='word_1_494' title='bbox 1594 4038 1767 4091; x_wconf 74' lang='grc' dir='ltr'>ἔκτοτε</span> <span class='ocrx_word' id='word_1_495' title='bbox 1830 4040 1917 4099; x_wconf 85' lang='grc' dir='ltr'>τὰς</span> 
     </span>
    </p>
   </div>
   <div class='ocr_carea' id='block_1_71' title="bbox 307 4120 1917 4201">
    <p class='ocr_par' dir='ltr' id='par_1_71' title="bbox 307 4120 1917 4201">
     <span class='ocr_line' id='line_1_71' title="bbox 307 4120 1917 4201; baseline 0.004 -26"><span class='ocrx_word' id='word_1_496' title='bbox 307 4125 575 4195; x_wconf 72' lang='grc' dir='ltr'>ὁσημέραι</span> <span class='ocrx_word' id='word_1_497' title='bbox 596 4120 904 4195; x_wconf 77' lang='grc' dir='ltr'>τελουμένας</span> <span class='ocrx_word' id='word_1_498' title='bbox 962 4123 1012 4175; x_wconf 70' lang='grc' dir='ltr'>εν</span> <span class='ocrx_word' id='word_1_499' title='bbox 1062 4130 1180 4186; x_wconf 85' lang='grc' dir='ltr'>ταῖς</span> <span class='ocrx_word' id='word_1_500' title='bbox 1230 4125 1389 4197; x_wconf 86' lang='grc' dir='ltr'>ἱεραῖς</span> <span class='ocrx_word' id='word_1_501' title='bbox 1445 4124 1670 4191; x_wconf 78' lang='grc' dir='ltr'>τελεταῖς</span> <span class='ocrx_word' id='word_1_502' title='bbox 1723 4147 1917 4201; x_wconf 86' lang='grc' dir='ltr'>μυστι-</span> 
     </span>
    </p>
   </div>
   <div class='ocr_carea' id='block_1_72' title="bbox 307 4210 1919 4287">
    <p class='ocr_par' dir='ltr' id='par_1_72' title="bbox 307 4210 1919 4287">
     <span class='ocr_line' id='line_1_72' title="bbox 307 4210 1919 4287; baseline 0.004 -20"><span class='ocrx_word' id='word_1_503' title='bbox 307 4215 410 4276; x_wconf 78' lang='grc' dir='ltr'>κὰς</span> <span class='ocrx_word' id='word_1_504' title='bbox 485 4210 769 4284; x_wconf 71' lang='grc' dir='ltr'>ἁγιστείας</span> <span class='ocrx_word' id='word_1_505' title='bbox 836 4218 901 4286; x_wconf 73' lang='grc' dir='ltr'>τῇ</span> <span class='ocrx_word' id='word_1_506' title='bbox 960 4216 1367 4287; x_wconf 81' lang='grc' dir='ltr'>τρισυποστοίτῷ</span> <span class='ocrx_word' id='word_1_507' title='bbox 1437 4218 1641 4281; x_wconf 80' lang='grc' dir='ltr'>πάντως</span> <span class='ocrx_word' id='word_1_508' title='bbox 1696 4222 1919 4278; x_wconf 82' lang='grc' dir='ltr'>Θεότητι</span> 
     </span>
    </p>
   </div>
   <div class='ocr_carea' id='block_1_73' title="bbox 306 4302 1640 4379">
    <p class='ocr_par' dir='ltr' id='par_1_73' title="bbox 306 4302 1640 4379">
     <span class='ocr_line' id='line_1_73' title="bbox 306 4302 1640 4379; baseline 0.003 -23"><span class='ocrx_word' id='word_1_509' title='bbox 306 4304 460 4378; x_wconf 86' lang='grc' dir='ltr'>παρὰ</span> <span class='ocrx_word' id='word_1_510' title='bbox 488 4308 587 4354; x_wconf 80' lang='grc' dir='ltr'>τῶν</span> <span class='ocrx_word' id='word_1_511' title='bbox 613 4303 806 4365; x_wconf 87' lang='grc' dir='ltr'>ταύτας</span> <span class='ocrx_word' id='word_1_512' title='bbox 829 4302 1228 4379; x_wconf 71' lang='grc' dir='ltr'>ἱερουργούντων</span> <span class='ocrx_word' id='word_1_513' title='bbox 1252 4306 1640 4378; x_wconf 72' lang='grc' dir='ltr'>προσάγεσθαυ</span> 
     </span>
    </p>
   </div>
   <div class='ocr_carea' id='block_1_74' title="bbox 382 4444 1921 4524">
    <p class='ocr_par' dir='ltr' id='par_1_74' title="bbox 382 4444 1921 4524">
     <span class='ocr_line' id='line_1_74' title="bbox 382 4444 1921 4524; baseline 0.003 -23"><span class='ocrx_word' id='word_1_514' title='bbox 382 4450 573 4501; x_wconf 82' lang='grc' dir='ltr'>Ταῦτα</span> <span class='ocrx_word' id='word_1_515' title='bbox 620 4448 713 4519; x_wconf 74' lang='grc' dir='ltr'>μέν</span> <span class='ocrx_word' id='word_1_516' title='bbox 755 4448 847 4499; x_wconf 87' lang='lat' dir='ltr'>xui</span> <span class='ocrx_word' id='word_1_517' title='bbox 900 4446 927 4498; x_wconf 89' lang='grc' dir='ltr'>ό</span> <span class='ocrx_word' id='word_1_518' title='bbox 980 4444 1305 4521; x_wconf 69' lang='grc' dir='ltr'>Δυρραχίου*</span> <span class='ocrx_word' id='word_1_519' title='bbox 1364 4449 1432 4511; x_wconf 83' lang='grc' dir='ltr'>ὡς</span> <span class='ocrx_word' id='word_1_520' title='bbox 1496 4444 1554 4502; x_wconf 74' lang='grc' dir='ltr'>δε</span> <span class='ocrx_word' id='word_1_521' title='bbox 1602 4448 1745 4523; x_wconf 76' lang='grc' dir='ltr'>ζήλῳ</span> <span class='ocrx_word' id='word_1_522' title='bbox 1802 4452 1921 4524; x_wconf 85' lang='grc' dir='ltr'>θείῳ</span> 
     </span>
    </p>
   </div>
   <div class='ocr_carea' id='block_1_75' title="bbox 307 4534 1917 4613">
    <p class='ocr_par' dir='ltr' id='par_1_75' title="bbox 307 4534 1917 4613">
     <span class='ocr_line' id='line_1_75' title="bbox 307 4534 1917 4613; baseline 0.003 -24"><span class='ocrx_word' id='word_1_523' title='bbox 307 4539 586 4594; x_wconf 81' lang='grc' dir='ltr'>κεκίνηντο</span> <span class='ocrx_word' id='word_1_524' title='bbox 676 4534 969 4607; x_wconf 84' lang='grc' dir='ltr'>ξύμπαντες</span> <span class='ocrx_word' id='word_1_525' title='bbox 1048 4536 1317 4609; x_wconf 85' lang='grc' dir='ltr'>ἱερώτατοι</span> <span class='ocrx_word' id='word_1_526' title='bbox 1366 4534 1632 4612; x_wconf 78' lang='grc' dir='ltr'>ἀρχιερεῖς</span> <span class='ocrx_word' id='word_1_527' title='bbox 1701 4540 1812 4612; x_wconf 83' lang='grc' dir='ltr'>ἅμα</span> <span class='ocrx_word' id='word_1_528' title='bbox 1855 4548 1917 4613; x_wconf 78' lang='grc' dir='ltr'>τῇ</span> 
     </span>
    </p>
   </div>
   <div class='ocr_carea' id='block_1_76' title="bbox 2022 3314 3680 3388">
    <p class='ocr_par' dir='ltr' id='par_1_76' title="bbox 2022 3314 3680 3388">
     <span class='ocr_line' id='line_1_76' title="bbox 2022 3314 3680 3388; baseline -0.002 -15"><span class='ocrx_word' id='word_1_529' title='bbox 2022 3316 2162 3373; x_wconf 89' lang='lat' dir='ltr'><strong>hinc</strong></span> <span class='ocrx_word' id='word_1_530' title='bbox 2211 3314 2650 3373; x_wconf 88' lang='lat' dir='ltr'><strong>dubitationem</strong></span> <span class='ocrx_word' id='word_1_531' title='bbox 2696 3315 2952 3386; x_wconf 90' lang='lat' dir='ltr'><strong>abjicio;</strong></span> <span class='ocrx_word' id='word_1_532' title='bbox 2996 3315 3217 3388; x_wconf 86' lang='lat' dir='ltr'><strong><em>aioque</em></strong></span> <span class='ocrx_word' id='word_1_533' title='bbox 3282 3331 3381 3371; x_wconf 92' lang='lat' dir='ltr'><strong>me</strong></span> <span class='ocrx_word' id='word_1_534' title='bbox 3428 3330 3680 3388; x_wconf 87' lang='lat' dir='ltr'><strong>prorsus</strong></span> 
     </span>
    </p>
   </div>
   <div class='ocr_carea' id='block_1_77' title="bbox 2023 3403 3680 3472">
    <p class='ocr_par' dir='ltr' id='par_1_77' title="bbox 2023 3403 3680 3472">
     <span class='ocr_line' id='line_1_77' title="bbox 2023 3403 3680 3472; baseline -0.002 -10"><span class='ocrx_word' id='word_1_535' title='bbox 2023 3406 2401 3463; x_wconf 89' lang='lat' dir='ltr'><strong>subscribere</strong></span> <span class='ocrx_word' id='word_1_536' title='bbox 2442 3412 2654 3463; x_wconf 80' lang='lat' dir='ltr'><strong>vestrae</strong></span> <span class='ocrx_word' id='word_1_537' title='bbox 2705 3405 3091 3463; x_wconf 85' lang='lat' dir='ltr'><strong>fraternitatis</strong></span> <span class='ocrx_word' id='word_1_538' title='bbox 3145 3404 3481 3472; x_wconf 64' lang='lat' dir='ltr'><strong><em>sententiae;</em></strong></span> <span class='ocrx_word' id='word_1_539' title='bbox 3520 3403 3680 3460; x_wconf 89' lang='lat' dir='ltr'><strong><em>ideo-</em></strong></span> 
     </span>
    </p>
   </div>
   <div class='ocr_carea' id='block_1_78' title="bbox 2021 3494 3680 3570">
    <p class='ocr_par' dir='ltr' id='par_1_78' title="bbox 2021 3494 3680 3570">
     <span class='ocr_line' id='line_1_78' title="bbox 2021 3494 3680 3570; baseline -0.002 -17"><span class='ocrx_word' id='word_1_540' title='bbox 2021 3512 2139 3570; x_wconf 91' lang='lat' dir='ltr'><strong><em>que</em></strong></span> <span class='ocrx_word' id='word_1_541' title='bbox 2160 3497 2420 3553; x_wconf 89' lang='lat' dir='ltr'><strong>rotundo</strong></span> <span class='ocrx_word' id='word_1_542' title='bbox 2450 3512 2553 3553; x_wconf 92' lang='lat' dir='ltr'><strong><em>ore</em></strong></span> <span class='ocrx_word' id='word_1_543' title='bbox 2594 3496 2852 3569; x_wconf 66' lang='lat' dir='ltr'><strong>praedico</strong></span> <span class='ocrx_word' id='word_1_544' title='bbox 2891 3501 3073 3569; x_wconf 88' lang='lat' dir='ltr'><strong><em>atque</em></strong></span> <span class='ocrx_word' id='word_1_545' title='bbox 3122 3494 3416 3552; x_wconf 88' lang='lat' dir='ltr'><strong><em>confiteor</em></strong></span> <span class='ocrx_word' id='word_1_546' title='bbox 3454 3495 3680 3550; x_wconf 89' lang='lat' dir='ltr'><strong><em>sincere</em></strong></span> 
     </span>
    </p>
   </div>
   <div class='ocr_carea' id='block_1_79' title="bbox 2021 3582 3674 3659">
    <p class='ocr_par' dir='ltr' id='par_1_79' title="bbox 2021 3582 3674 3659">
     <span class='ocr_line' id='line_1_79' title="bbox 2021 3582 3674 3659; baseline -0.002 -16"><span class='ocrx_word' id='word_1_547' title='bbox 2021 3602 2119 3643; x_wconf 92' lang='lat' dir='ltr'><strong><em>me</em></strong></span> <span class='ocrx_word' id='word_1_548' title='bbox 2145 3586 2405 3653; x_wconf 90' lang='lat' dir='ltr'><strong><em>credere,</em></strong></span> <span class='ocrx_word' id='word_1_549' title='bbox 2433 3586 2601 3659; x_wconf 88' lang='lat' dir='ltr'><strong><em>quod</em></strong></span> <span class='ocrx_word' id='word_1_550' title='bbox 2623 3601 2747 3642; x_wconf 91' lang='lat' dir='ltr'><strong><em>non</em></strong></span> <span class='ocrx_word' id='word_1_551' title='bbox 2775 3586 2935 3642; x_wconf 88' lang='lat' dir='ltr'><strong><em>Patri</em></strong></span> <span class='ocrx_word' id='word_1_552' title='bbox 2983 3585 3114 3651; x_wconf 89' lang='lat' dir='ltr'><strong>soli,</strong></span> <span class='ocrx_word' id='word_1_553' title='bbox 3163 3584 3273 3640; x_wconf 92' lang='lat' dir='ltr'><strong>sed</strong></span> <span class='ocrx_word' id='word_1_554' title='bbox 3304 3584 3484 3641; x_wconf 89' lang='lat' dir='ltr'><strong><em>etiam</em></strong></span> <span class='ocrx_word' id='word_1_555' title='bbox 3513 3582 3674 3655; x_wconf 90' lang='lat' dir='ltr'><strong>Filio,</strong></span> 
     </span>
    </p>
   </div>
   <div class='ocr_carea' id='block_1_80' title="bbox 2022 3672 3682 3750">
    <p class='ocr_par' dir='ltr' id='par_1_80' title="bbox 2022 3672 3682 3750">
     <span class='ocr_line' id='line_1_80' title="bbox 2022 3672 3682 3750; baseline -0.002 -17"><span class='ocrx_word' id='word_1_556' title='bbox 2022 3676 2250 3750; x_wconf 89' lang='lat' dir='ltr'><strong>totique</strong></span> <span class='ocrx_word' id='word_1_557' title='bbox 2281 3676 2675 3733; x_wconf 84' lang='lat' dir='ltr'><strong>sanctissimae</strong></span> <span class='ocrx_word' id='word_1_558' title='bbox 2702 3675 2987 3746; x_wconf 87' lang='lat' dir='ltr'><strong>Trinitati,</strong></span> <span class='ocrx_word' id='word_1_559' title='bbox 3018 3673 3293 3731; x_wconf 84' lang='lat' dir='ltr'><strong>viviﬁcus</strong></span> <span class='ocrx_word' id='word_1_560' title='bbox 3334 3672 3584 3743; x_wconf 91' lang='lat' dir='ltr'><strong>sanguis</strong></span> <span class='ocrx_word' id='word_1_561' title='bbox 3623 3676 3682 3729; x_wconf 88' lang='lat' dir='ltr'><strong><em>et</em></strong></span> 
     </span>
    </p>
   </div>
   <div class='ocr_carea' id='block_1_81' title="bbox 2024 3762 3675 3839">
    <p class='ocr_par' dir='ltr' id='par_1_81' title="bbox 2024 3762 3675 3839">
     <span class='ocr_line' id='line_1_81' title="bbox 2024 3762 3675 3839; baseline -0.002 -17"><span class='ocrx_word' id='word_1_562' title='bbox 2024 3782 2244 3839; x_wconf 88' lang='lat' dir='ltr'><strong>corpus</strong></span> <span class='ocrx_word' id='word_1_563' title='bbox 2276 3766 2602 3823; x_wconf 85' lang='lat' dir='ltr'><strong>Servatoris</strong></span> <span class='ocrx_word' id='word_1_564' title='bbox 2642 3765 2873 3833; x_wconf 91' lang='lat' dir='ltr'><strong><em>Christi,</em></strong></span> <span class='ocrx_word' id='word_1_565' title='bbox 2900 3769 2958 3822; x_wconf 91' lang='lat' dir='ltr'><strong>et</strong></span> <span class='ocrx_word' id='word_1_566' title='bbox 2979 3770 3117 3821; x_wconf 91' lang='lat' dir='ltr'><strong>tunc</strong></span> <span class='ocrx_word' id='word_1_567' title='bbox 3148 3764 3413 3837; x_wconf 86' lang='lat' dir='ltr'><strong><em>primum</em></strong></span> <span class='ocrx_word' id='word_1_568' title='bbox 3462 3764 3523 3819; x_wconf 91' lang='lat' dir='ltr'><strong><em>in</em></strong></span> <span class='ocrx_word' id='word_1_569' title='bbox 3571 3762 3675 3819; x_wconf 90' lang='lat' dir='ltr'>Do-</span> 
     </span>
    </p>
   </div>
   <div class='ocr_carea' id='block_1_82' title="bbox 2024 3852 3681 3928">
    <p class='ocr_par' dir='ltr' id='par_1_82' title="bbox 2024 3852 3681 3928">
     <span class='ocr_line' id='line_1_82' title="bbox 2024 3852 3681 3928; baseline -0.003 -17"><span class='ocrx_word' id='word_1_570' title='bbox 2024 3855 2249 3912; x_wconf 86' lang='lat' dir='ltr'><strong>minica</strong></span> <span class='ocrx_word' id='word_1_571' title='bbox 2289 3855 2577 3928; x_wconf 88' lang='lat' dir='ltr'><strong>passione</strong></span> <span class='ocrx_word' id='word_1_572' title='bbox 2634 3854 2908 3911; x_wconf 89' lang='lat' dir='ltr'><strong>oblatum</strong></span> <span class='ocrx_word' id='word_1_573' title='bbox 2986 3854 3187 3911; x_wconf 88' lang='lat' dir='ltr'><strong>fuerit:</strong></span> <span class='ocrx_word' id='word_1_574' title='bbox 3284 3858 3342 3909; x_wconf 88' lang='lat' dir='ltr'>et</span> <span class='ocrx_word' id='word_1_575' title='bbox 3394 3852 3681 3924; x_wconf 89' lang='lat' dir='ltr'><strong><em>deinceps</em></strong></span> 
     </span>
    </p>
   </div>
   <div class='ocr_carea' id='block_1_83' title="bbox 2024 3943 3682 4020">
    <p class='ocr_par' dir='ltr' id='par_1_83' title="bbox 2024 3943 3682 4020">
     <span class='ocr_line' id='line_1_83' title="bbox 2024 3943 3682 4020; baseline -0.004 -17"><span class='ocrx_word' id='word_1_576' title='bbox 2024 3946 2436 4020; x_wconf 89' lang='lat' dir='ltr'><strong>quotidianas,</strong></span> <span class='ocrx_word' id='word_1_577' title='bbox 2450 3962 2588 4019; x_wconf 73' lang='lat' dir='ltr'><strong><em>quae</em></strong></span> <span class='ocrx_word' id='word_1_578' title='bbox 2614 3945 2769 4002; x_wconf 86' lang='lat' dir='ltr'><strong>ﬁunt</strong></span> <span class='ocrx_word' id='word_1_579' title='bbox 2788 3946 2850 4001; x_wconf 95' lang='lat' dir='ltr'><strong><em>in</em></strong></span> <span class='ocrx_word' id='word_1_580' title='bbox 2868 3945 3054 4002; x_wconf 90' lang='lat' dir='ltr'><strong>sacris</strong></span> <span class='ocrx_word' id='word_1_581' title='bbox 3069 3943 3372 4017; x_wconf 85' lang='lat' dir='ltr'><strong>mysteriis</strong></span> <span class='ocrx_word' id='word_1_582' title='bbox 3392 3943 3682 4015; x_wconf 80' lang='lat' dir='ltr'><strong>mysticae</strong></span> 
     </span>
    </p>
   </div>
   <div class='ocr_carea' id='block_1_84' title="bbox 2026 4032 3677 4106">
    <p class='ocr_par' dir='ltr' id='par_1_84' title="bbox 2026 4032 3677 4106">
     <span class='ocr_line' id='line_1_84' title="bbox 2026 4032 3677 4106; baseline -0.005 -12"><span class='ocrx_word' id='word_1_583' title='bbox 2026 4036 2382 4104; x_wconf 86' lang='lat' dir='ltr'><strong>oblationes,</strong></span> <span class='ocrx_word' id='word_1_584' title='bbox 2412 4036 2622 4092; x_wconf 89' lang='lat' dir='ltr'><strong>Deitati</strong></span> <span class='ocrx_word' id='word_1_585' title='bbox 2660 4035 2721 4091; x_wconf 91' lang='lat' dir='ltr'><strong><em>in</em></strong></span> <span class='ocrx_word' id='word_1_586' title='bbox 2752 4035 2943 4091; x_wconf 86' lang='lat' dir='ltr'><strong>tribus</strong></span> <span class='ocrx_word' id='word_1_587' title='bbox 2991 4034 3268 4106; x_wconf 89' lang='lat' dir='ltr'><strong><em>personis</em></strong></span> <span class='ocrx_word' id='word_1_588' title='bbox 3298 4032 3677 4099; x_wconf 87' lang='lat' dir='ltr'><strong><em>subsistenti,</em></strong></span> 
     </span>
    </p>
   </div>
   <div class='ocr_carea' id='block_1_85' title="bbox 2026 4120 3142 4199">
    <p class='ocr_par' dir='ltr' id='par_1_85' title="bbox 2026 4120 3142 4199">
     <span class='ocr_line' id='line_1_85' title="bbox 2026 4120 3142 4199; baseline -0.004 -16"><span class='ocrx_word' id='word_1_589' title='bbox 2026 4124 2106 4183; x_wconf 90' lang='lat' dir='ltr'>ab</span> <span class='ocrx_word' id='word_1_590' title='bbox 2136 4125 2207 4182; x_wconf 90' lang='lat' dir='ltr'><strong>iis</strong></span> <span class='ocrx_word' id='word_1_591' title='bbox 2222 4123 2328 4199; x_wconf 89' lang='lat' dir='ltr'><strong><em>qui</em></strong></span> <span class='ocrx_word' id='word_1_592' title='bbox 2353 4123 2538 4183; x_wconf 84' lang='lat' dir='ltr'><strong>sacris</strong></span> <span class='ocrx_word' id='word_1_593' title='bbox 2568 4127 2897 4197; x_wconf 88' lang='lat' dir='ltr'><strong>operantur</strong></span> <span class='ocrx_word' id='word_1_594' title='bbox 2919 4120 3142 4180; x_wconf 75' lang='lat' dir='ltr'>offerri.</span> 
     </span>
    </p>
   </div>
   <div class='ocr_carea' id='block_1_86' title="bbox 2102 4443 3689 4519">
    <p class='ocr_par' dir='ltr' id='par_1_86' title="bbox 2102 4443 3689 4519">
     <span class='ocr_line' id='line_1_86' title="bbox 2102 4443 3689 4519; baseline -0.003 -14"><span class='ocrx_word' id='word_1_595' title='bbox 2102 4449 2401 4505; x_wconf 86' lang='lat' dir='ltr'><strong>Hactenus</strong></span> <span class='ocrx_word' id='word_1_596' title='bbox 2450 4445 2917 4519; x_wconf 86' lang='lat' dir='ltr'><strong>Dyrrachiensis.</strong></span> <span class='ocrx_word' id='word_1_597' title='bbox 2985 4448 3147 4502; x_wconf 90' lang='lat' dir='ltr'><strong><em>Tunc</em></strong></span> <span class='ocrx_word' id='word_1_598' title='bbox 3224 4459 3365 4502; x_wconf 89' lang='lat' dir='ltr'><strong>vero</strong></span> <span class='ocrx_word' id='word_1_599' title='bbox 3419 4443 3689 4502; x_wconf 89' lang='lat' dir='ltr'><strong><em>universi</em></strong></span> 
     </span>
    </p>
   </div>
   <div class='ocr_carea' id='block_1_87' title="bbox 2031 4533 3688 4606">
    <p class='ocr_par' dir='ltr' id='par_1_87' title="bbox 2031 4533 3688 4606">
     <span class='ocr_line' id='line_1_87' title="bbox 2031 4533 3688 4606; baseline -0.002 -13"><span class='ocrx_word' id='word_1_600' title='bbox 2031 4536 2424 4593; x_wconf 88' lang='lat' dir='ltr'><strong>sacratissimi</strong></span> <span class='ocrx_word' id='word_1_601' title='bbox 2467 4535 2783 4605; x_wconf 84' lang='lat' dir='ltr'><strong>antistites,</strong></span> <span class='ocrx_word' id='word_1_602' title='bbox 2834 4533 3201 4605; x_wconf 77' lang='lat' dir='ltr'><strong>suffragante</strong></span> <span class='ocrx_word' id='word_1_603' title='bbox 3256 4549 3394 4590; x_wconf 90' lang='lat' dir='ltr'><strong>mea</strong></span> <span class='ocrx_word' id='word_1_604' title='bbox 3440 4548 3688 4606; x_wconf 89' lang='lat' dir='ltr'><strong><em>quoque</em></strong></span> 
     </span>
    </p>
   </div>
   <div class='ocr_carea' id='block_1_88' title="bbox 309 4620 2089 4703">
    <p class='ocr_par' dir='ltr' id='par_1_88' title="bbox 309 4620 2089 4703">
     <span class='ocr_line' id='line_1_88' title="bbox 309 4620 2089 4703; baseline 0.004 -27"><span class='ocrx_word' id='word_1_605' title='bbox 309 4628 464 4698; x_wconf 76' lang='grc' dir='ltr'><strong>ἡμῶν</strong></span> <span class='ocrx_word' id='word_1_606' title='bbox 514 4626 899 4697; x_wconf 72' lang='grc' dir='ltr'>συμπνευσάση</span> <span class='ocrx_word' id='word_1_607' title='bbox 973 4627 1296 4698; x_wconf 83' lang='grc' dir='ltr'>μετριότητι,</span> <span class='ocrx_word' id='word_1_608' title='bbox 1356 4631 1445 4679; x_wconf 85' lang='lat' dir='ltr'>xui</span> <span class='ocrx_word' id='word_1_609' title='bbox 1506 4635 1579 4699; x_wconf 81' lang='grc' dir='ltr'>τῷ</span> <span class='ocrx_word' id='word_1_610' title='bbox 1633 4626 1921 4703; x_wconf 75' lang='grc' dir='ltr'>προδιαληο</span> <span class='ocrx_word' id='word_1_611' title='bbox 1953 4620 1997 4675; x_wconf 81' lang='lat' dir='ltr'><strong>D</strong></span> <span class='ocrx_word' id='word_1_612' title='bbox 2032 4643 2089 4683; x_wconf 91' lang='lat' dir='ltr'><strong>m</strong></span> 
     </span>
    </p>
   </div>
   <div class='ocr_carea' id='block_1_89' title="bbox 1902 4620 3682 4703">
    <p class='ocr_par' dir='ltr' id='par_1_89' title="bbox 1905 4620 3682 4697">
     <span class='ocr_line' id='line_1_89' title="bbox 1905 4620 3682 4697; baseline -0.002 -14"><span class='ocrx_word' id='word_1_613' title='bbox 1905 4664 1921 4673; x_wconf 72' lang='lat'>.</span> <span class='ocrx_word' id='word_1_614' title='bbox 1953 4620 1997 4675; x_wconf 82' lang='grc' dir='ltr'>Ι)</span> <span class='ocrx_word' id='word_1_615' title='bbox 2032 4622 2913 4697; x_wconf 65' lang='lat' dir='ltr'><strong>mediocritate,[praedictoque</strong></span> <span class='ocrx_word' id='word_1_616' title='bbox 2961 4622 3342 4680; x_wconf 88' lang='lat' dir='ltr'><strong>sanctissimo</strong></span> <span class='ocrx_word' id='word_1_617' title='bbox 3400 4624 3682 4680; x_wconf 81' lang='lat' dir='ltr'>Hieroso-</span> 
     </span>
    </p>
   </div>
   <div class='ocr_carea' id='block_1_90' title="bbox 241 4714 1923 4792">
    <p class='ocr_par' dir='ltr' id='par_1_90' title="bbox 241 4714 1923 4792">
     <span class='ocr_line' id='line_1_90' title="bbox 241 4714 1923 4792; baseline -0.006 -19"><span class='ocrx_word' id='word_1_618' title='bbox 241 4745 244 4747; x_wconf 53' lang='grc' dir='ltr'>λ</span> <span class='ocrx_word' id='word_1_619' title='bbox 311 4718 497 4791; x_wconf 73' lang='grc' dir='ltr'>φθέντι</span> <span class='ocrx_word' id='word_1_620' title='bbox 524 4714 804 4787; x_wconf 81' lang='grc' dir='ltr'>ἁγιωτάτῳ</span> <span class='ocrx_word' id='word_1_621' title='bbox 843 4716 1155 4791; x_wconf 73' lang='grc' dir='ltr'>πατριάρχη</span> <span class='ocrx_word' id='word_1_622' title='bbox 1211 4715 1599 4792; x_wconf 83' lang='grc' dir='ltr'>Ἰεροσολύμων,</span> <span class='ocrx_word' id='word_1_623' title='bbox 1657 4724 1777 4783; x_wconf 80' lang='grc' dir='ltr'>τοὺς</span> <span class='ocrx_word' id='word_1_624' title='bbox 1832 4730 1923 4784; x_wconf 77' lang='grc' dir='ltr'>τῆς</span> 
     </span>
    </p>
   </div>
   <div class='ocr_carea' id='block_1_91' title="bbox 308 4802 1924 4883">
    <p class='ocr_par' dir='ltr' id='par_1_91' title="bbox 308 4802 1924 4883">
     <span class='ocr_line' id='line_1_91' title="bbox 308 4802 1924 4883; baseline 0.003 -24"><span class='ocrx_word' id='word_1_625' title='bbox 308 4802 613 4868; x_wconf 78' lang='grc' dir='ltr'>κακοδόξου</span> <span class='ocrx_word' id='word_1_626' title='bbox 678 4806 872 4865; x_wconf 85' lang='grc' dir='ltr'>ταύτης</span> <span class='ocrx_word' id='word_1_627' title='bbox 946 4805 1229 4880; x_wconf 80' lang='grc' dir='ltr'>θρησκείας</span> <span class='ocrx_word' id='word_1_628' title='bbox 1291 4811 1621 4883; x_wconf 72' lang='grc' dir='ltr'>γεννήτορας,</span> <span class='ocrx_word' id='word_1_629' title='bbox 1679 4808 1723 4862; x_wconf 76' lang='grc' dir='ltr'>εἳ</span> <span class='ocrx_word' id='word_1_630' title='bbox 1790 4829 1924 4875; x_wconf 87' lang='grc' dir='ltr'>τινες</span> 
     </span>
    </p>
   </div>
   <div class='ocr_carea' id='block_1_92' title="bbox 310 4890 1923 4970">
    <p class='ocr_par' dir='ltr' id='par_1_92' title="bbox 310 4890 1923 4970">
     <span class='ocr_line' id='line_1_92' title="bbox 310 4890 1923 4970; baseline 0.002 -22"><span class='ocrx_word' id='word_1_631' title='bbox 310 4896 379 4949; x_wconf 77' lang='grc' dir='ltr'>ἄν</span> <span class='ocrx_word' id='word_1_632' title='bbox 426 4897 520 4947; x_wconf 84' lang='grc' dir='ltr'>καὶ</span> <span class='ocrx_word' id='word_1_633' title='bbox 568 4890 685 4964; x_wconf 81' lang='grc' dir='ltr'>εἶεν,</span> <span class='ocrx_word' id='word_1_634' title='bbox 736 4891 781 4946; x_wconf 89' lang='grc' dir='ltr'>εἰ</span> <span class='ocrx_word' id='word_1_635' title='bbox 835 4896 926 4963; x_wconf 72' lang='grc' dir='ltr'>μεν</span> <span class='ocrx_word' id='word_1_636' title='bbox 974 4891 1233 4967; x_wconf 75' lang='grc' dir='ltr'>ἕμμίνόιεν</span> <span class='ocrx_word' id='word_1_637' title='bbox 1297 4901 1360 4967; x_wconf 75' lang='grc' dir='ltr'>τῇ</span> <span class='ocrx_word' id='word_1_638' title='bbox 1429 4900 1649 4970; x_wconf 71' lang='grc' dir='ltr'>σφετέρᾳ</span> <span class='ocrx_word' id='word_1_639' title='bbox 1712 4902 1801 4951; x_wconf 88' lang='lat' dir='ltr'>xui</span> <span class='ocrx_word' id='word_1_640' title='bbox 1851 4902 1923 4953; x_wconf 80' lang='grc' dir='ltr'>ἔτι</span> 
     </span>
    </p>
   </div>
   <div class='ocr_carea' id='block_1_93' title="bbox 311 4980 1923 5059">
    <p class='ocr_par' dir='ltr' id='par_1_93' title="bbox 311 4980 1923 5059">
     <span class='ocr_line' id='line_1_93' title="bbox 311 4980 1923 5059; baseline 0.002 -20"><span class='ocrx_word' id='word_1_641' title='bbox 311 4986 539 5059; x_wconf 81' lang='grc' dir='ltr'>αἱρέσει,</span> <span class='ocrx_word' id='word_1_642' title='bbox 640 4980 926 5054; x_wconf 77' lang='grc' dir='ltr'>ἀναθεματι</span> <span class='ocrx_word' id='word_1_643' title='bbox 1028 4983 1462 5056; x_wconf 16' lang='grc' dir='ltr'>νκαθυπέγραφον·</span> <span class='ocrx_word' id='word_1_644' title='bbox 1549 4996 1923 5058; x_wconf 80' lang='grc' dir='ltr'>μετανοοῦντας</span> 
     </span>
    </p>
   </div>
   <div class='ocr_carea' id='block_1_94' title="bbox 314 5067 1923 5152">
    <p class='ocr_par' dir='ltr' id='par_1_94' title="bbox 314 5067 1923 5152">
     <span class='ocr_line' id='line_1_94' title="bbox 314 5067 1923 5152; baseline 0.003 -25"><span class='ocrx_word' id='word_1_645' title='bbox 314 5072 378 5128; x_wconf 68' lang='grc' dir='ltr'>δὲ</span> <span class='ocrx_word' id='word_1_646' title='bbox 420 5072 519 5126; x_wconf 67' lang='grc' dir='ltr'>οὐκ</span> <span class='ocrx_word' id='word_1_647' title='bbox 563 5070 726 5132; x_wconf 80' lang='grc' dir='ltr'>ἄλλως</span> <span class='ocrx_word' id='word_1_648' title='bbox 753 5067 1022 5144; x_wconf 76' lang='grc' dir='ltr'>ἐδέχοντο,</span> <span class='ocrx_word' id='word_1_649' title='bbox 1057 5076 1087 5131; x_wconf 84' lang='grc' dir='ltr'>ἤ</span> <span class='ocrx_word' id='word_1_650' title='bbox 1127 5074 1299 5135; x_wconf 83' lang='grc' dir='ltr'>καθὼς</span> <span class='ocrx_word' id='word_1_651' title='bbox 1330 5073 1378 5125; x_wconf 80' lang='grc' dir='ltr'>οἲ</span> <span class='ocrx_word' id='word_1_652' title='bbox 1402 5093 1456 5127; x_wconf 83' lang='grc' dir='ltr'>τε</span> <span class='ocrx_word' id='word_1_653' title='bbox 1480 5076 1606 5128; x_wconf 83' lang='grc' dir='ltr'>θεῖοι</span> <span class='ocrx_word' id='word_1_654' title='bbox 1652 5082 1743 5129; x_wconf 85' lang='grc' dir='ltr'>καί</span> <span class='ocrx_word' id='word_1_655' title='bbox 1796 5080 1923 5152; x_wconf 85' lang='grc' dir='ltr'>ἱεροί</span> 
     </span>
    </p>
   </div>
   <div class='ocr_carea' id='block_1_95' title="bbox 309 5158 1921 5235">
    <p class='ocr_par' dir='ltr' id='par_1_95' title="bbox 309 5158 1921 5235">
     <span class='ocr_line' id='line_1_95' title="bbox 309 5158 1921 5235; baseline -0.001 -18"><span class='ocrx_word' id='word_1_656' title='bbox 309 5167 529 5225; x_wconf 79' lang='grc' dir='ltr'>κανόνες</span> <span class='ocrx_word' id='word_1_657' title='bbox 607 5163 674 5213; x_wconf 81' lang='grc' dir='ltr'>τὰ</span> <span class='ocrx_word' id='word_1_658' title='bbox 730 5165 849 5235; x_wconf 81' lang='grc' dir='ltr'>περί</span> <span class='ocrx_word' id='word_1_659' title='bbox 907 5163 1102 5213; x_wconf 88' lang='grc' dir='ltr'>τούτων</span> <span class='ocrx_word' id='word_1_660' title='bbox 1181 5158 1590 5235; x_wconf 79' lang='grc' dir='ltr'>διακελεύονται,</span> <span class='ocrx_word' id='word_1_661' title='bbox 1672 5172 1761 5220; x_wconf 80' lang='grc' dir='ltr'>καί</span> <span class='ocrx_word' id='word_1_662' title='bbox 1824 5178 1921 5221; x_wconf 79' lang='grc' dir='ltr'>τῶν</span> 
     </span>
    </p>
   </div>
   <div class='ocr_carea' id='block_1_96' title="bbox 310 5246 1918 5327">
    <p class='ocr_par' dir='ltr' id='par_1_96' title="bbox 310 5246 1918 5327">
     <span class='ocr_line' id='line_1_96' title="bbox 310 5246 1918 5327; baseline 0.002 -19"><span class='ocrx_word' id='word_1_663' title='bbox 310 5257 563 5327; x_wconf 76' lang='grc' dir='ltr'>Πατέρων</span> <span class='ocrx_word' id='word_1_664' title='bbox 618 5252 673 5304; x_wconf 87' lang='grc' dir='ltr'>αἱ</span> <span class='ocrx_word' id='word_1_665' title='bbox 718 5246 1063 5324; x_wconf 71' lang='grc' dir='ltr'>παραδόσεις·</span> <span class='ocrx_word' id='word_1_666' title='bbox 1110 5258 1278 5305; x_wconf 79' lang='grc' dir='ltr'>ταῦτα</span> <span class='ocrx_word' id='word_1_667' title='bbox 1343 5254 1767 5327; x_wconf 79' lang='grc' dir='ltr'>παρεκϐληθέντα</span> <span class='ocrx_word' id='word_1_668' title='bbox 1821 5267 1918 5311; x_wconf 87' lang='grc' dir='ltr'>τῶν</span> 
     </span>
    </p>
   </div>
   <div class='ocr_carea' id='block_1_97' title="bbox 307 5338 1918 5421">
    <p class='ocr_par' dir='ltr' id='par_1_97' title="bbox 307 5338 1918 5421">
     <span class='ocr_line' id='line_1_97' title="bbox 307 5338 1918 5421; baseline -0.004 -24"><span class='ocrx_word' id='word_1_669' title='bbox 307 5347 579 5416; x_wconf 75' lang='grc' dir='ltr'>ἡμετέρων</span> <span class='ocrx_word' id='word_1_670' title='bbox 631 5338 936 5414; x_wconf 75' lang='grc' dir='ltr'>σχεδαρίων</span> <span class='ocrx_word' id='word_1_671' title='bbox 1000 5348 1101 5393; x_wconf 83' lang='grc' dir='ltr'>τῶν</span> <span class='ocrx_word' id='word_1_672' title='bbox 1175 5338 1467 5396; x_wconf 65' lang='grc' dir='ltr'>συνοδικῶν</span> <span class='ocrx_word' id='word_1_673' title='bbox 1542 5354 1918 5421; x_wconf 77' lang='grc' dir='ltr'>παρασημειώ-</span> 
     </span>
    </p>
   </div>
   <div class='ocr_carea' id='block_1_98' title="bbox 309 5430 1921 5509">
    <p class='ocr_par' dir='ltr' id='par_1_98' title="bbox 309 5430 1921 5509">
     <span class='ocr_line' id='line_1_98' title="bbox 309 5430 1921 5509; baseline 0.004 -22"><span class='ocrx_word' id='word_1_674' title='bbox 309 5452 468 5499; x_wconf 83' lang='grc' dir='ltr'>σεων,</span> <span class='ocrx_word' id='word_1_675' title='bbox 525 5435 618 5483; x_wconf 82' lang='grc' dir='ltr'>καί</span> <span class='ocrx_word' id='word_1_676' title='bbox 664 5438 726 5502; x_wconf 74' lang='grc' dir='ltr'>τῇ</span> <span class='ocrx_word' id='word_1_677' title='bbox 781 5431 1055 5503; x_wconf 75' lang='grc' dir='ltr'>ὑπογραφῇ</span> <span class='ocrx_word' id='word_1_678' title='bbox 1102 5436 1193 5483; x_wconf 84' lang='grc' dir='ltr'>καί</span> <span class='ocrx_word' id='word_1_679' title='bbox 1252 5430 1508 5506; x_wconf 78' lang='grc' dir='ltr'>σφραγῖδι</span> <span class='ocrx_word' id='word_1_680' title='bbox 1567 5434 1921 5509; x_wconf 80' lang='grc' dir='ltr'>βεϐαιωθέντα</span> 
     </span>
    </p>
   </div>
   <div class='ocr_carea' id='block_1_99' title="bbox 305 5522 1922 5597">
    <p class='ocr_par' dir='ltr' id='par_1_99' title="bbox 305 5522 1922 5597">
     <span class='ocr_line' id='line_1_99' title="bbox 305 5522 1922 5597; baseline 0.004 -21"><span class='ocrx_word' id='word_1_681' title='bbox 305 5526 556 5585; x_wconf 76' lang='grc' dir='ltr'>Ἰωάννου</span> <span class='ocrx_word' id='word_1_682' title='bbox 650 5522 1048 5594; x_wconf 63' lang='grc' dir='ltr'>θοεςοιλεστοίτου</span> <span class='ocrx_word' id='word_1_683' title='bbox 1128 5524 1529 5597; x_wconf 65' lang='grc' dir='ltr'>χαρτορύλαχος</span> <span class='ocrx_word' id='word_1_684' title='bbox 1612 5537 1704 5581; x_wconf 74' lang='grc' dir='ltr'>τοῦ</span> <span class='ocrx_word' id='word_1_685' title='bbox 1788 5537 1922 5585; x_wconf 87' lang='grc' dir='ltr'>Παν-</span> 
     </span>
    </p>
   </div>
   <div class='ocr_carea' id='block_1_100' title="bbox 305 5607 1924 5696">
    <p class='ocr_par' dir='ltr' id='par_1_100' title="bbox 305 5607 1924 5696">
     <span class='ocr_line' id='line_1_100' title="bbox 305 5607 1924 5696; baseline 0.016 -47"><span class='ocrx_word' id='word_1_686' title='bbox 305 5620 558 5687; x_wconf 58' lang='grc' dir='ltr'>τεχνοῡς,</span> <span class='ocrx_word' id='word_1_687' title='bbox 617 5607 839 5669; x_wconf 71' lang='grc' dir='ltr'>ἐπεδόθη</span> <span class='ocrx_word' id='word_1_688' title='bbox 900 5615 1027 5683; x_wconf 90' lang='grc' dir='ltr'>μηνί</span> <span class='ocrx_word' id='word_1_689' title='bbox 1072 5617 1163 5666; x_wconf 84' lang='grc' dir='ltr'>καί</span> <span class='ocrx_word' id='word_1_690' title='bbox 1231 5610 1515 5669; x_wconf 81' lang='grc' dir='ltr'>ἰνικδτιῶνι</span> <span class='ocrx_word' id='word_1_691' title='bbox 1562 5626 1677 5682; x_wconf 86' lang='grc' dir='ltr'>τοῖς</span> <span class='ocrx_word' id='word_1_692' title='bbox 1736 5640 1924 5696; x_wconf 80' lang='grc' dir='ltr'>προγεο</span> 
     </span>
    </p>
   </div>
   <div class='ocr_carea' id='block_1_101' title="bbox 303 5700 1924 5786">
    <p class='ocr_par' dir='ltr' id='par_1_101' title="bbox 303 5700 1924 5786">
     <span class='ocr_line' id='line_1_101' title="bbox 303 5700 1924 5786; baseline 0.001 -29"><span class='ocrx_word' id='word_1_693' title='bbox 303 5706 657 5781; x_wconf 77' lang='grc' dir='ltr'>γραμμένοις,</span> <span class='ocrx_word' id='word_1_694' title='bbox 708 5704 810 5755; x_wconf 74' lang='grc' dir='ltr'>ἔτει</span> <span class='ocrx_word' id='word_1_695' title='bbox 869 5700 1089 5775; x_wconf 46' lang='grc' dir='ltr'>,ςΧΞΔπ</span> <span class='ocrx_word' id='word_1_696' title='bbox 1145 5704 1176 5763; x_wconf 81' lang='grc' dir='ltr'><strong>ἠ</strong></span> <span class='ocrx_word' id='word_1_697' title='bbox 1251 5704 1551 5782; x_wconf 65' lang='grc' dir='ltr'>ύπογριιιφινὶ⁹</span> <span class='ocrx_word' id='word_1_698' title='bbox 1629 5710 1656 5763; x_wconf 87' lang='grc' dir='ltr'>ό</span> <span class='ocrx_word' id='word_1_699' title='bbox 1724 5729 1924 5786; x_wconf 74' lang='grc' dir='ltr'>καρτο-</span> 
     </span>
    </p>
   </div>
   <div class='ocr_carea' id='block_1_102' title="bbox 305 5788 1108 5872">
    <p class='ocr_par' dir='ltr' id='par_1_102' title="bbox 305 5788 1108 5872">
     <span class='ocr_line' id='line_1_102' title="bbox 305 5788 1108 5872; baseline 0.001 -23"><span class='ocrx_word' id='word_1_700' title='bbox 305 5790 486 5872; x_wconf 63' lang='grc' dir='ltr'>νύλαξ</span> <span class='ocrx_word' id='word_1_701' title='bbox 516 5788 757 5855; x_wconf 71' lang='grc' dir='ltr'><strong>Ἰωάννης</strong></span> <span class='ocrx_word' id='word_1_702' title='bbox 778 5794 1052 5867; x_wconf 81' lang='grc' dir='ltr'>Παντεχνή</span> <span class='ocrx_word' id='word_1_703' title='bbox 1067 5809 1108 5858; x_wconf 82' lang='grc' dir='ltr'>ς.</span> 
     </span>
    </p>
   </div>
   <div class='ocr_carea' id='block_1_103' title="bbox 2030 4713 3689 4789">
    <p class='ocr_par' dir='ltr' id='par_1_103' title="bbox 2030 4713 3689 4789">
     <span class='ocr_line' id='line_1_103' title="bbox 2030 4713 3689 4789; baseline -0.002 -16"><span class='ocrx_word' id='word_1_704' title='bbox 2030 4716 2338 4789; x_wconf 90' lang='lat' dir='ltr'><strong>lymorum</strong></span> <span class='ocrx_word' id='word_1_705' title='bbox 2369 4715 2732 4788; x_wconf 89' lang='lat' dir='ltr'><strong>patriarcha,</strong></span> <span class='ocrx_word' id='word_1_706' title='bbox 2754 4714 2957 4770; x_wconf 90' lang='lat' dir='ltr'><strong><em>divino</em></strong></span> <span class='ocrx_word' id='word_1_707' title='bbox 2988 4713 3110 4770; x_wconf 92' lang='lat' dir='ltr'><strong>zelo</strong></span> <span class='ocrx_word' id='word_1_708' title='bbox 3143 4714 3598 4780; x_wconf 89' lang='lat' dir='ltr'><strong>commotisunt,</strong></span> <span class='ocrx_word' id='word_1_709' title='bbox 3623 4716 3689 4770; x_wconf 88' lang='lat' dir='ltr'><strong>ut</strong></span> 
     </span>
    </p>
   </div>
   <div class='ocr_carea' id='block_1_104' title="bbox 2032 4803 3685 4877">
    <p class='ocr_par' dir='ltr' id='par_1_104' title="bbox 2032 4803 3685 4877">
     <span class='ocr_line' id='line_1_104' title="bbox 2032 4803 3685 4877; baseline -0.003 -14"><span class='ocrx_word' id='word_1_710' title='bbox 2032 4806 2260 4863; x_wconf 80' lang='lat' dir='ltr'><strong>insanae</strong></span> <span class='ocrx_word' id='word_1_711' title='bbox 2295 4806 2477 4877; x_wconf 87' lang='lat' dir='ltr'><strong>hujus</strong></span> <span class='ocrx_word' id='word_1_712' title='bbox 2530 4804 2817 4861; x_wconf 82' lang='lat' dir='ltr'><strong>doctrinae</strong></span> <span class='ocrx_word' id='word_1_713' title='bbox 2855 4808 3153 4871; x_wconf 89' lang='lat' dir='ltr'><strong>auctores,</strong></span> <span class='ocrx_word' id='word_1_714' title='bbox 3205 4804 3254 4859; x_wconf 90' lang='lat' dir='ltr'><strong><em>si</em></strong></span> <span class='ocrx_word' id='word_1_715' title='bbox 3303 4803 3411 4876; x_wconf 90' lang='lat' dir='ltr'>qui</span> <span class='ocrx_word' id='word_1_716' title='bbox 3461 4806 3685 4872; x_wconf 90' lang='lat' dir='ltr'><strong>essent,</strong></span> 
     </span>
    </p>
   </div>
   <div class='ocr_carea' id='block_1_105' title="bbox 2034 4892 3691 4970">
    <p class='ocr_par' dir='ltr' id='par_1_105' title="bbox 2034 4892 3691 4970">
     <span class='ocr_line' id='line_1_105' title="bbox 2034 4892 3691 4970; baseline -0.004 -16"><span class='ocrx_word' id='word_1_717' title='bbox 2034 4900 2216 4970; x_wconf 91' lang='lat' dir='ltr'><strong><em>atque</em></strong></span> <span class='ocrx_word' id='word_1_718' title='bbox 2237 4898 2299 4953; x_wconf 91' lang='lat' dir='ltr'>in</span> <span class='ocrx_word' id='word_1_719' title='bbox 2330 4911 2442 4952; x_wconf 90' lang='lat' dir='ltr'><strong><em>sua</em></strong></span> <span class='ocrx_word' id='word_1_720' title='bbox 2467 4894 2669 4952; x_wconf 87' lang='lat' dir='ltr'><strong>adhuc</strong></span> <span class='ocrx_word' id='word_1_721' title='bbox 2697 4894 2913 4952; x_wconf 66' lang='lat' dir='ltr'><strong><em>haeresi</em></strong></span> <span class='ocrx_word' id='word_1_722' title='bbox 2942 4897 3417 4967; x_wconf 87' lang='lat' dir='ltr'><strong><em>perseverarent,</em></strong></span> <span class='ocrx_word' id='word_1_723' title='bbox 3442 4892 3691 4949; x_wconf 90' lang='lat' dir='ltr'><strong>anathe-</strong></span> 
     </span>
    </p>
   </div>
   <div class='ocr_carea' id='block_1_106' title="bbox 2032 4983 3691 5058">
    <p class='ocr_par' dir='ltr' id='par_1_106' title="bbox 2032 4983 3691 5058">
     <span class='ocr_line' id='line_1_106' title="bbox 2032 4983 3691 5058; baseline -0.004 -14"><span class='ocrx_word' id='word_1_724' title='bbox 2032 4987 2180 5044; x_wconf 90' lang='lat' dir='ltr'><strong><em>mati</em></strong></span> <span class='ocrx_word' id='word_1_725' title='bbox 2209 4986 2575 5057; x_wconf 89' lang='lat' dir='ltr'><strong>subjicerent</strong></span> <span class='ocrx_word' id='word_1_726' title='bbox 2598 4984 2800 5058; x_wconf 88' lang='lat' dir='ltr'><strong><em>:quod</em></strong></span> <span class='ocrx_word' id='word_1_727' title='bbox 2822 4984 2870 5040; x_wconf 92' lang='lat' dir='ltr'><strong>si</strong></span> <span class='ocrx_word' id='word_1_728' title='bbox 2892 4984 3043 5041; x_wconf 83' lang='lat' dir='ltr'><strong>forte</strong></span> <span class='ocrx_word' id='word_1_729' title='bbox 3073 4983 3517 5057; x_wconf 89' lang='lat' dir='ltr'><strong>resipiscerent,</strong></span> <span class='ocrx_word' id='word_1_730' title='bbox 3565 4996 3691 5039; x_wconf 94' lang='lat' dir='ltr'><strong><em>non</em></strong></span> 
     </span>
    </p>
   </div>
   <div class='ocr_carea' id='block_1_107' title="bbox 2033 5072 3689 5149">
    <p class='ocr_par' dir='ltr' id='par_1_107' title="bbox 2033 5072 3689 5149">
     <span class='ocr_line' id='line_1_107' title="bbox 2033 5072 3689 5149; baseline -0.004 -16"><span class='ocrx_word' id='word_1_731' title='bbox 2033 5076 2203 5134; x_wconf 90' lang='lat' dir='ltr'><strong>aliter</strong></span> <span class='ocrx_word' id='word_1_732' title='bbox 2232 5092 2332 5132; x_wconf 91' lang='lat' dir='ltr'><strong>eos</strong></span> <span class='ocrx_word' id='word_1_733' title='bbox 2352 5091 2483 5131; x_wconf 91' lang='lat' dir='ltr'><strong>esse</strong></span> <span class='ocrx_word' id='word_1_734' title='bbox 2509 5074 2889 5148; x_wconf 87' lang='lat' dir='ltr'><strong>recipiendos</strong></span> <span class='ocrx_word' id='word_1_735' title='bbox 2937 5089 3126 5149; x_wconf 90' lang='lat' dir='ltr'><strong><em>quam</em></strong></span> <span class='ocrx_word' id='word_1_736' title='bbox 3184 5072 3369 5130; x_wconf 88' lang='lat' dir='ltr'><strong>divini</strong></span> <span class='ocrx_word' id='word_1_737' title='bbox 3411 5072 3689 5145; x_wconf 91' lang='lat' dir='ltr'><strong><em>sacrique</em></strong></span> 
     </span>
    </p>
   </div>
   <div class='ocr_carea' id='block_1_108' title="bbox 2033 5163 3697 5238">
    <p class='ocr_par' dir='ltr' id='par_1_108' title="bbox 2033 5163 3697 5238">
     <span class='ocr_line' id='line_1_108' title="bbox 2033 5163 3697 5238; baseline -0.004 -15"><span class='ocrx_word' id='word_1_738' title='bbox 2033 5182 2295 5223; x_wconf 81' lang='lat' dir='ltr'><strong><em>canones</em></strong></span> <span class='ocrx_word' id='word_1_739' title='bbox 2337 5168 2700 5238; x_wconf 88' lang='lat' dir='ltr'><strong>Patrumque</strong></span> <span class='ocrx_word' id='word_1_740' title='bbox 2742 5164 3098 5221; x_wconf 87' lang='lat' dir='ltr'><strong>traditiones</strong></span> <span class='ocrx_word' id='word_1_741' title='bbox 3139 5163 3375 5235; x_wconf 86' lang='lat' dir='ltr'><strong>jubent.</strong></span> <span class='ocrx_word' id='word_1_742' title='bbox 3433 5165 3565 5218; x_wconf 77' lang='lat' dir='ltr'><strong>Haec</strong></span> <span class='ocrx_word' id='word_1_743' title='bbox 3622 5176 3697 5217; x_wconf 81' lang='lat' dir='ltr'>ex</span> 
     </span>
    </p>
   </div>
   <div class='ocr_carea' id='block_1_109' title="bbox 2032 5254 3698 5327">
    <p class='ocr_par' dir='ltr' id='par_1_109' title="bbox 2032 5254 3698 5327">
     <span class='ocr_line' id='line_1_109' title="bbox 2032 5254 3698 5327; baseline -0.004 -14"><span class='ocrx_word' id='word_1_744' title='bbox 2032 5255 2493 5314; x_wconf 88' lang='lat' dir='ltr'><strong>Commentariis</strong></span> <span class='ocrx_word' id='word_1_745' title='bbox 2538 5258 2818 5311; x_wconf 81' lang='lat' dir='ltr'><strong>Actorum</strong></span> <span class='ocrx_word' id='word_1_746' title='bbox 2880 5254 3316 5327; x_wconf 90' lang='lat' dir='ltr'><strong>synodicorum</strong></span> <span class='ocrx_word' id='word_1_747' title='bbox 3393 5254 3698 5323; x_wconf 86' lang='lat' dir='ltr'><strong>excerpta.</strong></span> 
     </span>
    </p>
   </div>
   <div class='ocr_carea' id='block_1_110' title="bbox 2030 5340 3702 5418">
    <p class='ocr_par' dir='ltr' id='par_1_110' title="bbox 2030 5340 3702 5418">
     <span class='ocr_line' id='line_1_110' title="bbox 2030 5340 3702 5418; baseline -0.005 -15"><span class='ocrx_word' id='word_1_748' title='bbox 2030 5345 2472 5418; x_wconf 87' lang='lat' dir='ltr'><strong>subscriptione</strong></span> <span class='ocrx_word' id='word_1_749' title='bbox 2511 5350 2569 5401; x_wconf 89' lang='lat' dir='ltr'><strong><em>et</em></strong></span> <span class='ocrx_word' id='word_1_750' title='bbox 2621 5344 2815 5416; x_wconf 86' lang='lat' dir='ltr'><strong>sigillo</strong></span> <span class='ocrx_word' id='word_1_751' title='bbox 2864 5344 3114 5400; x_wconf 83' lang='lat' dir='ltr'><strong>Joannis</strong></span> <span class='ocrx_word' id='word_1_752' title='bbox 3167 5343 3288 5399; x_wconf 92' lang='lat' dir='ltr'>Deo</span> <span class='ocrx_word' id='word_1_753' title='bbox 3346 5340 3702 5399; x_wconf 87' lang='lat' dir='ltr'><strong>charissimi</strong></span> 
     </span>
    </p>
   </div>
   <div class='ocr_carea' id='block_1_111' title="bbox 2031 5430 3708 5509">
    <p class='ocr_par' dir='ltr' id='par_1_111' title="bbox 2031 5430 3708 5509">
     <span class='ocr_line' id='line_1_111' title="bbox 2031 5430 3708 5509; baseline -0.005 -16"><span class='ocrx_word' id='word_1_754' title='bbox 2031 5434 2517 5509; x_wconf 86' lang='lat' dir='ltr'><strong>chartophylacis</strong></span> <span class='ocrx_word' id='word_1_755' title='bbox 2585 5434 2942 5491; x_wconf 87' lang='lat' dir='ltr'><strong>Pantechnis</strong></span> <span class='ocrx_word' id='word_1_756' title='bbox 3018 5434 3281 5505; x_wconf 84' lang='lat' dir='ltr'><strong>ﬁrmata,</strong></span> <span class='ocrx_word' id='word_1_757' title='bbox 3336 5434 3497 5491; x_wconf 86' lang='lat' dir='ltr'><strong>edita</strong></span> <span class='ocrx_word' id='word_1_758' title='bbox 3560 5430 3708 5491; x_wconf 84' lang='lat' dir='ltr'><strong>sunt</strong></span> 
     </span>
    </p>
   </div>
   <div class='ocr_carea' id='block_1_112' title="bbox 2030 5518 3695 5599">
    <p class='ocr_par' dir='ltr' id='par_1_112' title="bbox 2030 5518 3695 5599">
     <span class='ocr_line' id='line_1_112' title="bbox 2030 5518 3695 5599; baseline -0.004 -12"><span class='ocrx_word' id='word_1_759' title='bbox 2030 5544 2239 5587; x_wconf 91' lang='lat' dir='ltr'><strong>mense</strong></span> <span class='ocrx_word' id='word_1_760' title='bbox 2271 5532 2328 5584; x_wconf 85' lang='lat' dir='ltr'><strong>et</strong></span> <span class='ocrx_word' id='word_1_761' title='bbox 2376 5526 2703 5583; x_wconf 92' lang='lat' dir='ltr'><strong>indictione</strong></span> <span class='ocrx_word' id='word_1_762' title='bbox 2734 5518 3074 5599; x_wconf 75' lang='lat' dir='ltr'><strong>praedictis,</strong></span> <span class='ocrx_word' id='word_1_763' title='bbox 3124 5541 3288 5583; x_wconf 82' lang='lat' dir='ltr'><strong><em>anno</em></strong></span> <span class='ocrx_word' id='word_1_764' title='bbox 3338 5526 3506 5584; x_wconf 82' lang='lat' dir='ltr'><strong>VIMD</strong></span> <span class='ocrx_word' id='word_1_765' title='bbox 3559 5528 3695 5583; x_wconf 82' lang='lat' dir='ltr'>XIV.</span> 
     </span>
    </p>
   </div>
   <div class='ocr_carea' id='block_1_113' title="bbox 2032 5616 3694 5691">
    <p class='ocr_par' dir='ltr' id='par_1_113' title="bbox 2032 5616 3694 5691">
     <span class='ocr_line' id='line_1_113' title="bbox 2032 5616 3694 5691; baseline -0.001 -15"><span class='ocrx_word' id='word_1_766' title='bbox 2032 5618 2268 5691; x_wconf 88' lang='lat' dir='ltr'>(Christi</span> <span class='ocrx_word' id='word_1_767' title='bbox 2300 5618 2483 5688; x_wconf 69' lang='grc'>1156.)</span> <span class='ocrx_word' id='word_1_768' title='bbox 2539 5616 2947 5689; x_wconf 90' lang='lat' dir='ltr'><strong>Subscriptio:</strong></span> <span class='ocrx_word' id='word_1_769' title='bbox 3007 5618 3271 5673; x_wconf 86' lang='lat' dir='ltr'><strong>Joannes</strong></span> <span class='ocrx_word' id='word_1_770' title='bbox 3322 5617 3694 5675; x_wconf 87' lang='lat' dir='ltr'><strong>Pantechnes</strong></span> 
     </span>
    </p>
   </div>
   <div class='ocr_carea' id='block_1_114' title="bbox 2033 5706 2490 5782">
    <p class='ocr_par' dir='ltr' id='par_1_114' title="bbox 2033 5706 2490 5782">
     <span class='ocr_line' id='line_1_114' title="bbox 2033 5706 2490 5782; baseline -0.009 -15"><span class='ocrx_word' id='word_1_771' title='bbox 2033 5706 2490 5782; x_wconf 87' lang='lat' dir='ltr'><strong>chartophylax.</strong></span> 
     </span>
    </p>
   </div>
  </div>
