4508 6436
826 400 927 458 155

1224 529 1502 585 ΡΑΊἮΗΜ
1536 526 2077 585 AUCTORITATES.
2378 586 2381 590 ς

900 614 1071 681 Quod
1122 615 1376 685 singulis
1413 616 1627 672 diebus
1680 614 2032 671 immolatur
2087 618 2295 683 Agnus
2356 612 2477 677 Dei,

828 702 1018 758 Patris
1048 702 1249 767 Filius,
1278 704 1383 774 qui
1412 703 1562 760 tollit
1602 708 1854 776 peccata
1901 701 2150 769 mundi;
2210 700 2382 756 sicuti
2423 704 2480 755 et

829 791 935 858 illi,
974 792 1077 863 qui
1105 792 1429 863 mysticum
1466 792 1734 866 quotidie
1762 790 2127 848 sacriﬁcium
2158 791 2479 863 peragunt,

831 878 997 952 apud
1025 894 1087 935 se
1107 879 1416 938 submissa
1441 896 1591 938 voce
1616 897 1679 937 se
1702 880 1785 937 ita
1809 894 1986 951 agere
2008 878 2337 936 afﬁrmant.

831 1056 1093 1114 Andreae
1105 1057 1402 1114 Cretensis
1424 1073 1777 1116 exsermone
1795 1058 1870 1115 de
1892 1058 2079 1116 ramis
2099 1057 2483 1113 Palmarum.

906 1233 965 1289 Si
988 1233 1171 1303 igitur
1206 1234 1291 1290 ita
1312 1235 1635 1303 currimus,
1688 1250 1802 1291 nos
1852 1249 2101 1307 quoque
2152 1234 2484 1306 poterimus

831 1334 943 1394 pro
968 1321 1144 1378 nobis
1174 1323 1423 1379 omnino
1454 1323 1580 1379 sine
1609 1339 1820 1380 eruore
1840 1321 2221 1379 immolatum
2241 1320 2483 1393 (etenim

830 1410 893 1465 in
927 1410 1277 1481 symbolicis
1305 1411 1621 1484 speciebus
1646 1411 2040 1482 sacriﬁcatur)
2065 1416 2265 1475 totum,
2284 1410 2484 1481 ipsum

829 1501 989 1556 intra
1018 1514 1131 1555 nos
1167 1500 1455 1572 recipere,
1482 1505 1541 1557 et
1580 1500 2053 1557 substantialiter
2082 1499 2481 1565 introducere,

831 1587 1271 1645 manducatum
1305 1588 1555 1661 quidem
1601 1605 1714 1645 ceu
1739 1604 1982 1661 panem,
2029 1592 2229 1644 mente
2280 1592 2484 1643 tamen

830 1676 918 1733 uti
944 1693 1154 1734 revera
1183 1692 1413 1747 agnum
1442 1678 1830 1735 intellectum.

811 1819 1290 1892 _Dom_iniLeonis
1311 1821 1617 1892 Bulgaria:
1636 1821 1742 1892 qui
1780 1822 2012 1889 primus
2044 1826 2345 1892 promotus
2361 1819 2486 1892 fuit

901 1905 956 2017 an
976 1890 1144 2019 b26110
1166 1889 1502 1972 Qalaphate
1524 1889 1905 1961 imperatore,
1943 1906 2013 1948 ex
2045 1889 2188 1961 ‘ejus
2232 1889 2485 1959 epistola

958 1976 988 2019 e
1058 1977 1268 2033 zymzs.

902 2140 1083 2197 Sicuti
1103 2140 1302 2212 Israel,
1332 2142 1688 2199 transmisso
1719 2143 2045 2214 Erythraeo,
2074 2142 2301 2198 Pascha
2337 2141 2485 2197 cele-

827 2230 1048 2296 bravit,
1087 2231 1416 2287 immolans
1445 2243 1674 2302 agnum
1698 2237 1756 2288 et
1807 2232 2168 2292 comedens;
2200 2236 2256 2287 et
2298 2231 2486 2300 paulo

823 2324 997 2388 post:
1042 2319 1126 2375 sic
1156 2324 1214 2375 et
1234 2336 1345 2375 nos
1370 2320 1444 2376 ad
1478 2325 1697 2377 terram
1724 2320 2191 2377 immortalitatis
2239 2335 2346 2392 per
2399 2319 2483 2375 di-

827 2405 1039 2463 vinum
1062 2407 1367 2481 baptisma
1378 2414 1722 2481 pergentes,
1747 2410 2267 2467 immolavimuset
2286 2408 2485 2465 adhuc

832 2495 1242 2567 immolamus,
1290 2514 1429 2555 cum
1478 2498 1665 2555 Patris
1702 2499 2099 2572 beneplacito,
2125 2497 2482 2554 rationalem

829 2601 1058 2657 agnum
1090 2587 1411 2644 Dominum
1443 2594 1716 2644 nostrum
1742 2587 1949 2644 Jesum
1981 2588 2301 2644 Christum.

838 2693 1193 2767 Theodoreti
1211 2710 1287 2751 ex
1313 2696 1586 2751 vicesimo
1616 2702 1830 2766 quarto
1870 2697 2139 2767 capitulo
2190 2698 2485 2762 interpre-

906 2765 1207 2821 tationum
1240 2768 1301 2821 in
1332 2765 1703 2823 obscuriores
1728 2768 1931 2823 Exodi
1946 2765 1954 2767 ⁷
1983 2769 2161 2829 locos.
2202 2768 2371 2829 cujus
2401 2770 2484 2821 est

900 2837 1171 2893 initium:
1220 2839 1347 2892 Cur
1366 2838 1737 2908 fugientibus
1766 2839 2081 2895 mandavit
2109 2837 2351 2893 Pascha
2371 2838 2487 2905 fes-

901 2913 1023 2963 tum
1048 2908 1350 2965 celebrare
1369 2914 1397 2964 ?

900 3050 1214 3121 Mandavit,
1240 3053 1752 3125 acceptohyssopi
1780 3052 2088 3108 fasciculo.
2114 3057 2170 3108 et
2192 3052 2484 3121 sanguine

826 3138 1154 3195 immolatae
1184 3141 1314 3197 ovis
1347 3141 1552 3207 tincto,
1593 3146 1794 3214 postes
1824 3158 1895 3197 ac
1925 3142 2107 3197 limen
2136 3142 2347 3210 inungi
2378 3160 2390 3206 ;
2421 3145 2485 3195 ut

2160 398 2435 458 NICETIE
2471 393 2839 457 omnum
4016 368 4023 381 '
4095 395 4193 448 iss

3098 524 3405 571 ΠΑΤΕΡΩΝ
3433 523 3730 573 ΧΡΗΣΕῘΣ.

2660 615 2785 685 Περί
2836 614 2929 661 τοῦ
2980 610 3058 659 ὅτι
3126 608 3348 671 ἑκάστης
3427 610 3624 683 ἡμέρας
3701 610 3878 661 θύεται
3921 609 3948 659 6
4003 608 4194 677 Ἀμνός

2587 708 2679 752 τοῦ
2728 705 2863 751 Θεοῦ
2896 699 2922 749 6
2970 699 3089 757 Υἱός
3116 704 3206 749 τοῦ
3252 701 3451 771 Πατρός
3493 700 3519 750 6
3576 701 3736 770 αἴρων
3785 702 3881 754 τὴν
3933 696 4194 768 ἁμαρτίαν

2589 797 2682 842 τοῦ
2746 792 2969 860 κόσμου,
3052 788 3221 847 καθὼς
3294 792 3383 840 καί
3444 790 3495 839 οἱ
3572 790 3668 844 τήν
3719 790 3979 859 μυστικὴν
4032 784 4198 837 ἔπιτε-

2589 879 2792 939 λοῦντες
2860 874 2978 928 καθ’
3040 874 3264 934 ἑκάστην
3324 878 3510 929 Θυσίαν
3560 874 3677 929 καθ’
3717 875 3929 935 ἑαυτοὺς
3988 876 4196 946 ὑποφω-

2591 977 2770 1022 νοῦσιν
2792 970 2933 1041 αύτῷ
2962 975 3129 1022 ταῦτα
3156 966 3421 1020 ἐπιτελεῖν.

2666 1056 2910 1132 Ἀνδρέου
2973 1064 3184 1131 Κρήτης
3248 1055 3350 1108 ἀπὸ
3412 1062 3504 1108 τοῦ
3564 1054 3716 1125 λόγου
3776 1060 3869 1112 τοῦ
3933 1053 4001 1114 εἰς
4032 1057 4126 1111 τὴν

3252 1147 3555 1217 Βαῖογόρον.

2669 1238 2727 1290 Εἰ
2782 1243 2954 1290 τοίνυν
3002 1244 3134 1289 οὑτω
3186 1238 3465 1309 τρίχομεν,
3515 1230 3855 1304 δυνησόμεθα
3908 1236 3999 1284 καί
4047 1232 4198 1285 αὐτοί

2592 1331 2680 1380 τόν
2712 1325 2805 1380 διὰ
2845 1330 3036 1388 παντὸς
3089 1326 3216 1397 ὑπερ
3248 1325 3393 1396 ἡμῶν
3447 1321 3650 1384 ἁθύτως
3699 1324 3942 1393 θυόμενον
3993 1322 4197 1391 (θύεται

2594 1420 2696 1491 γὰρ
2732 1416 2780 1469 ἕν
2833 1416 3133 1477 ἀντιτύποις
3178 1416 3305 1488 ὑπὲρ
3376 1415 3522 1484 ἡμῶν
3581 1410 3858 1483 συμϐόλοις
3910 1412 4197 1483 ίεροθετού-

2595 1508 2764 1578 μενος)
2819 1504 2931 1557 ὅλον
2970 1504 3126 1557 αὐτὸν
3157 1502 3205 1555 ἒν
3256 1504 3381 1574 ἡμῖν
3438 1497 3800 1563 ὑποδέξασθαι
3853 1503 3945 1551 καί
4008 1498 4198 1551 ούσιω-

2597 1592 2704 1657 δὼς
2754 1594 3169 1660 εἰσοικίσασθαι,
3246 1594 3313 1653 ὡς
3392 1591 3547 1663 ἄρτον
3616 1593 3707 1661 μὲν
3754 1587 4071 1659 ἐσθιόμενον,
4131 1590 4197 1647 ὡς

2596 1685 2756 1754 ἀμνὸν
2784 1679 2843 1735 δε
2862 1685 3132 1753 νοούμενον

2594 1814 2698 1861 Τοῦ
2775 1813 2937 1879 κυροῦ
3024 1810 3239 1865 Λέοντος
3316 1811 3408 1855 τοῦ
3466 1802 3789 1874 Βουλγαρίας
3852 1808 3946 1879 τοῦ
4008 1820 4198 1879 κρωτο-

2665 1872 2961 1951 προϐλῆτου
3055 1879 3198 1951 παρᾲ
3270 1882 3363 1926 τοῦ
3450 1872 3741 1948 μακαρίτου
3829 1872 3988 1951 καλοῦ
4080 1876 4199 1951 ἦτοι

2672 1943 2939 2002 Βασιλείου
3024 1949 3097 2018 (4)
3131 1943 3139 1948 ’
3174 1947 3228 2000 εκ
3278 1953 3390 2006 -τῆς
3452 1943 3605 2017 Περί
3672 1952 3773 1996 τῶν
3830 1943 4045 2015 ἀζύμων
4085 1943 4197 1997 ἐπι-

2588 2046 2592 2050 Α
2669 2021 2857 2081 στολῆς
2888 2020 3071 2074 αὐτοῦ.

2667 2147 2869 2218 Ὠσπερ
2919 2146 2945 2197 ό
3006 2143 3219 2219 Ἰσραὴλ
3276 2141 3463 2203 διαϐὰς
3536 2146 3631 2200 τὴν
3691 2141 3941 2216 Ἐρυθρὰν
4006 2140 4201 2198 irrisa;

2594 2241 2653 2289 τὸ
2705 2238 2907 2308 Πάσχα
2960 2237 3121 2294 θύσας
3175 2238 3265 2285 καί
3318 2237 3493 2304 φαγὼν
3550 2235 3638 2283 τὸν
3705 2231 3887 2303 ἀμνόν*
3936 2235 4027 2283 καί
4084 2250 4202 2303 μετ-

2597 2327 2765 2397 όλίγα’
2826 2325 2960 2377 οὑτω
3004 2329 3095 2375 καί
3146 2326 3296 2394 ἡμεῖς
3355 2322 3440 2373 ἐπί
3486 2326 3581 2379 τὴν
3630 2330 3731 2391 γῆν
3778 2320 3871 2381 τῆς
3946 2320 4201 2381 ἀπαθείας

2594 2416 2666 2486 τῷ
2722 2417 2839 2485 θείῳ
2887 2408 3163 2475 διαϐάντες
3215 2412 3566 2485 βαπτίσματι,
3648 2410 3905 2482 ἐθύσαμεν
3975 2414 4065 2462 καί
4123 2413 4200 2461 ἔτι

2597 2506 2781 2577 θύομεν
2836 2499 3053 2572 εὐδοκία
3109 2510 3202 2554 τού
3262 2505 3462 2575 Πατρός
3520 2504 3606 2552 τόν
3660 2503 3842 2555 νοητὸν
3902 2497 4061 2571 ἀμνόν
4112 2502 4199 2551 τόν

2598 2598 2785 2667 Κύριον
2807 2595 2953 2664 ἡμῶν
2982 2594 3191 2649 Ἰησοῦν
3215 2596 3464 2665 Χριστόν.

2594 2698 2933 2773 Θεοδωρήτου
3015 2698 3066 2749 ἐκ
3097 2766 3114 2773 _
3142 2704 3253 2773 τοῦ-
3286 2694 3367 2748 κδ’
3413 2717 3526 2768 κεφ.
3593 2704 3693 2773 τῶν
3718 2694 3817 2773 Δεἰς
3852 2701 3909 2746 τό
3970 2694 4197 2773 ἀπόρρη-

2664 2766 2901 2832 τον’τῆς
2957 2766 3180 2832 Ἐξόδου
3232 2766 3531 2840 ἐρμηνειῶνν,
3590 2767 3650 2817 οὗ
3710 2766 3739 2823 ἠ
3782 2766 3960 2840 ἀρχή·
4017 2766 4114 2819 Δίὰ
4151 2773 4201 2817 τί

2666 2842 3041 2913 διαφεύγουσιν
3161 2838 3451 2892 ἐπιτελέσαι
3528 2838 3815 2910 προσέταξε

2666 2934 2780 2985 σχα
2800 2920 2893 2971 την
2919 2914 3098 2985 ἑορτήν
3136 2914 3249 2979 (5);

3911 2845 4002 2890 τοῦ
4087 2840 4199 2890 Πά-

2670 3059 3082 3132 Παρεκελεύσατο
3136 3060 3238 3127 γὰρ
3280 3051 3483 3125 δέσμην
3532 3056 3783 3104 ύσσὼπου
3835 3052 4025 3119 λαϐεῖν,
4112 3058 4201 3103 καί

2594 3157 2667 3217 τῷ
2744 3147 2929 3220 αἳματι
3000 3154 3091 3197 του
3176 3147 3422 3215 θυομένου
3518 3141 3781 3215 προϐάτου
3847 3140 4198 3213 ἐμϐάψαντας,

828 3243 969 3283 cum
997 3230 1427 3286 exterminator
1463 3230 1541 3287 ad
1595 3230 2018 3303 percutiendos
2068 3229 2481 3302 AEgyptiorum
2515 3231 2556 3286 C
2594 3258 2608 3289 τ

2424 3246 2481 3284 m
2515 3231 2556 3286 C
2594 3241 2715 3298 τούς
2768 3236 3034 3309 σταθμούς
3097 3234 3377 3308 ἐπιχρίσαι
3432 3238 3522 3282 καί
3579 3236 3674 3288 τὴν
3728 3230 3895 3301 φλιάν·
3946 3232 4047 3296 ἵνα,
4080 3233 4199 3282 ὃταν

830 3316 1262 3389 primogenitos
1290 3320 1537 3389 veniret,
1569 3319 1699 3376 viso
1739 3319 2053 3391 sanguine,
2098 3319 2483 3375 Hebraeorum

829 3406 1047 3463 domos
1092 3409 1622 3480 praeterveheretur
1662 3428 1675 3466 :
1737 3426 1858 3466 non
1890 3409 2055 3482 quod
2133 3408 2487 3481 hujusmodi

833 3497 1023 3567 signis
1057 3497 1417 3571 incorporea
1449 3504 1667 3555 natura
1696 3500 2017 3569 indigeret;
2052 3498 2160 3554 sed
2209 3499 2353 3572 quia
2378 3513 2487 3570 per

830 3586 947 3642 hoc
969 3585 1319 3658 symbolum
1337 3588 1650 3660 opertebat
1672 3593 1728 3643 et
1746 3587 1879 3644 illos
1902 3587 2004 3643 Dei
2020 3587 2484 3660 providentiam,

832 3680 890 3731 et
919 3691 1032 3730 nos
1061 3690 1307 3747 quoque
1328 3677 1428 3748 qui
1460 3677 1921 3732 immaculatum
1948 3679 2191 3747 Agnum
2214 3674 2485 3731 immola-

833 3768 1211 3835 mus,typum
1219 3764 1457 3835 jamdiu
1468 3764 1835 3838 descriptum
1853 3780 2200 3835 agnoscere.
2216 3765 2290 3819 Et
2299 3765 2488 3835 paulo

829 3860 961 3922 post
981 3872 993 3910 :
1014 3854 1112 3909 His
1123 3858 1327 3910 autem
1339 3854 1624 3911 omnibus
1639 3856 1927 3928 mysteria
1940 3860 2148 3911 nostra
2161 3854 2485 3927 portende-

830 3942 1074 4000 bantur.
1107 3945 1256 3998 Nam
1282 3948 1339 3999 et
1365 3959 1479 3999 nos
1499 3960 1745 4017 quoque
1784 3944 2072 4013 ungimus
2122 3944 2274 4014 Agni
2297 3944 2486 4000 nostri

829 4031 1126 4088 immolati
1147 4032 1440 4103 sanguine
1454 4048 1575 4088 non
1590 4038 1821 4089 tantum
1836 4034 2041 4103 limen,
2062 4050 2275 4089 verum
2303 4034 2483 4089 etiam

830 4125 1154 4193 utrumque
1177 4126 1433 4193 postem,
1464 4122 1736 4191 linguam
1760 4122 2034 4178 videlicet
2055 4139 2126 4179 ac
2149 4122 2323 4179 labra
2348 4138 2485 4193 pur-

831 4214 1042 4278 gantes
1077 4215 1135 4265 et
1188 4208 1656 4265 sanctiﬁcantes.
1700 4211 1884 4265 Porro
1923 4210 2269 4281 intelligitur
2316 4212 2375 4265 in
2416 4211 2483 4266 li-

829 4299 991 4354 mine
1013 4298 1261 4371 quidem
1287 4299 1596 4355 rationalis
1627 4299 1976 4366 facultas,in
2008 4300 2252 4356 duobus
2279 4307 2483 4357 autem

832 4388 1111 4460 postibus
1132 4387 1449 4444 iracundia
1478 4394 1534 4444 et
1558 4389 2064 4461 concupiscentia.

960 4569 1174 4639 Magni
1201 4569 1440 4636 Basilii,
1485 4585 1561 4626 ex
1595 4572 2035 4627 commentariis
2060 4573 2122 4626 in
2157 4572 2378 4628 Isaiam

1479 4660 1836 4729 prophetam

905 4805 1293 4875 Quaecunque
1314 4803 1389 4857 de
1416 4802 1668 4858 victimis
1693 4809 1751 4859 et
1779 4803 2146 4860 holocaustis
2185 4805 2486 4876 dicuntur,

830 4909 901 4949 ea
939 4892 1145 4948 referri
1178 4892 1454 4947 videntur
1501 4891 1576 4947 ad
1628 4893 2055 4949 misericordiae
2104 4902 2160 4950 et
2189 4895 2491 4952 charitatis

831 4983 1154 5045 rationem,
1188 4982 1331 5055 quia
1357 4981 1449 5037 lex
1480 4998 1725 5054 quoque
1748 4982 2026 5039 universa
2054 4983 2169 5039 hoc
2190 4992 2491 5057 praecepto

827 5070 1398 5144 comprehenditur:
1434 5071 1652 5141 Diliges
1689 5073 2033 5141 proximum
2056 5078 2219 5127 tuum
2243 5076 2399 5130 sicut
2440 5082 2495 5132 te

894 5251 973 5320 (3)
1004 5249 1157 5305 Edit.
1183 5248 1506 5305 Combeﬁs.
1544 5265 1606 5321 p.
1635 5250 1725 5321 81.

893 5324 974 5387 (4)
1016 5322 1227 5377 Audeo
1284 5320 1581 5393 corrigere
1634 5320 1946 5387 Καλαφάτου
2016 5320 2291 5393 βασιλέως.
2342 5327 2489 5380 Nam

820 5393 1184 5465 Calaphates
1219 5392 1493 5465 regnavit
1540 5392 2057 5465 Constantinopoli
2089 5410 2253 5451 anno
2314 5399 2439 5452 1041
2477 5414 2489 5463 ;

826 5468 939 5521 Leo
966 5463 1170 5520 autem
1199 5465 1417 5519 dicitur
1447 5463 1671 5518 electus
1718 5480 1880 5538 anno
1934 5463 2087 5538 1040,
2133 5467 2300 5538 apud
2332 5470 2491 5524 Cole-

824 5544 951 5593 tum
978 5538 1148 5607 Illyr.
1188 5552 1346 5592 sacr.
1378 5538 1579 5595 LVIII.
1608 5550 1675 5607 7p.
1734 5537 1858 5595 198.
1910 5536 2021 5591 col.
2066 5542 2120 5593 2.
2164 5536 2270 5594 Vix
2314 5541 2493 5606 igitur

825 5615 1103 5683 tempora
1157 5608 1415 5683 variant.
1465 5606 1800 5683 Catalogus
1836 5624 2010 5683 vero_
2063 5609 2489 5683 episcoporum

828 5679 1500 5753 Achridensiumiapud
1558 5679 1913 5753 Lequinium
1974 5679 2289 5737 OrfChr.‘
2335 5690 2373 5739 t.
2424 5687 2488 5753 ll,

824 5768 888 5833 p.
933 5756 1060 5820 292,
1111 5752 1257 5809 dicit
1312 5750 1470 5807 hunc
1521 5750 1789 5823 primum
1832 5768 1906 5808 ex
1962 5754 2289 5824 Byzantina
2329 5750 2489 5813 clero

2597 3326 2797 3398 εἰσέλθῃ
2876 3327 2903 3376 6
2961 3325 3243 3397 ὀλοθρεύων
3314 3320 3545 3382 πατάξαι
3628 3324 3690 3371 τὰ
3743 3324 4050 3392 πρωτότοκα
4102 3327 4201 3372 τῶν

2600 3417 2918 3487 Αἰγυπτίων,
2978 3410 3104 3465 ἰδὼν
3188 3415 3246 3462 τὸ
3308 3412 3459 3482 αἷμα,
3526 3407 3721 3482 ὑπερϐῇ
3809 3417 3909 3459 τῶν
3954 3407 4203 3483 Ἐϐραίων

2596 3509 2683 3565 τὰς
2736 3504 2921 3564 οἰκίας·
2978 3503 3070 3554 οὐκ
3130 3497 3309 3557 ἐπειδὴ
3371 3501 3619 3550 τοιούτων
3667 3494 3835 3549 ἐδεῖτο
3889 3502 4118 3569 σημείων
4167 3500 4197 3555 ἠ

2598 3594 2874 3665 ἀσώματος
2927 3595 3102 3663 φύσις,
3156 3588 3261 3640 ἀλλ’
3297 3590 3377 3640 ὅτι
3429 3584 3522 3639 διὰ
3563 3595 3655 3639 τοῦ
3703 3585 3965 3657 συμϐόλου
4014 3589 4200 3639 τούτου

2596 3683 2864 3743 κάκείνους
2939 3677 3044 3732 ἔδει
3131 3680 3312 3750 μαθεῖν
3385 3682 3477 3734 τὴν
3516 3684 3607 3727 τοῦ
3663 3682 3796 3727 Θεοῦ
3862 3671 4201 3746 κηδεμονίαν,

2596 3778 2685 3825 καί
2720 3776 2861 3844 ἡμᾶς
2907 3774 3024 3830 τοὺς
3076 3774 3161 3821 τόν
3209 3770 3423 3839 οἰμωμον
3485 3766 3672 3838 Ἀμνόν
3730 3766 3946 3826 θύοντας
4009 3773 4201 3835 γνῶναι

2595 3860 3054 3937 προδιαγραφέντα
3108 3862 3195 3909 τόν
3237 3860 3418 3909 τύπον.
3456 3860 3587 3908 ⁴Καί
3636 3854 3745 3927 μετ’
3803 3852 3976 3925 ὀλίγα⁶
4023 3860 4203 3905 Ταῦτα

2597 3950 2655 4006 δὲ
2694 3956 2864 4005 πάντα
2919 3960 3017 4002 τῶν
3067 3951 3323 4021 ἡμετέρων
3381 3945 3492 3997 ἐστί
3545 3949 3851 4018 μυστηρίων
3894 3944 4197 4016 αἰνίγματα·

2594 4049 2816 4117 χρίομεν
2867 4044 2981 4111 γὰρ.
3036 4044 3126 4090 καί
3174 4040 3324 4109 ἡμεῖς

2596 4133 2788 4203 Ἀμνου
2839 4132 3087 4201 θυομένου
3143 4126 3202 4177 οὐ
3262 4130 3413 4196 μόνον
3467 4127 3561 4179 τὴν
3611 4121 3761 4193 φλιὰν
3807 4119 3935 4172 ἀλλὰ
3970 4126 4060 4173 καί
4083 4125 4202 4182 τοὺς

3410 4043 3482 4105 τῷ
3550 4033 3736 4106 αἱματί
3799 4040 3892 4085 τοῦ
3949 4035 4198 4107 ἡμετέρου

2596 4218 2693 4273 δύο
2747 4220 3027 4290 σταθμοὺς,
3082 4220 3174 4273 τὴν
3218 4213 3461 4284 γλῶσσαν
3535 4215 3624 4262 καί
3699 4213 3764 4261 τὰ
3821 4210 3977 4282 χείλη
4023 4212 4204 4262 καθαί-

2594 4316 2761 4383 ροντές
2822 4329 2875 4361 τε
2928 4312 3019 4358 καὶ
3077 4304 3399 4375 ἁγιάζοντες·
3456 4304 3590 4353 κατὰ
3649 4296 3707 4352 δε
3774 4304 3832 4352 τὸ
3911 4302 4199 4371 νοούμενον,

2594 4403 2710 4453 ἀντὶ
2764 4403 2852 4471 μεν
2911 4396 3062 4469 φλιᾶς
3116 4399 3174 4446 τὸ
3205 4396 3431 4461 λογικὸν,
3472 4392 3587 4442 αντὶ
3627 4386 3686 4442 δε
3728 4386 3825 4442 δύο
3867 4391 4113 4462 σταθμῶν
4144 4393 4201 4441 τό

2596 4485 2867 4562 θυμοειδὲς
2887 4490 2977 4538 καὶ
2999 4490 3058 4537 τό
3089 4483 3484 4551 ἐπιθυμητικόν.

2522 4595 2563 4648 ι)
2665 4602 2768 4648 Τοῦ
2815 4592 3038 4664 μεγάλου
3092 4588 3361 4642 Βασιλὲίου
3411 4586 3465 4637 ἐκ
3505 4594 3599 4647 τῆς
3648 4586 3718 4647 εἰς
3746 4589 3831 4636 τὸν
3862 4590 4130 4658 προφήτην

3064 4680 3278 4732 Ησαίαν
3308 4676 3600 4748 ἐξηγήσεως
3624 4678 3720 4745 (6).

2675 4815 2773 4862 Καὶ
2834 4811 2991 4859 ἔοικεν
3039 4808 3064 4855 6
3122 4808 3219 4861 πᾶς
3276 4806 3393 4874 περὶ
3450 4801 3643 4851 θυσιῶν
3696 4803 3785 4849 καὶ
3829 4796 4202 4863 ὁλοκαυτωμά-

2601 4921 2698 4951 των
2756 4899 2906 4969 λόγος
2971 4902 3044 4963 τῷ
3084 4896 3201 4965 περὶ
3250 4888 3413 4948 ἐλέους
3463 4893 3553 4939 καί
3636 4886 3844 4957 ἀγάπης
3904 4884 4205 4958 ἐμπεριέχε-

2603 4991 2727 5041 σθαι
2770 4987 2926 5057 λόγον
2980 4983 3087 5035 ἐπεί
3153 4984 3241 5031 καί
3292 4978 3400 5038 ὃλος
3459 4979 3484 5028 ό
3528 4982 3682 5048 νόμος
3712 4974 3808 5027 ἀνα
3838 4975 4208 5047 κεφαλαιοῦται

2602 5083 2650 5132 ἓν
2728 5086 2821 5147 τῷ,
2908 5078 3229 5145 Ἀγαπήσεις
3295 5074 3382 5120 τόν
3447 5067 3668 5124 πλησίον
3725 5086 3818 5118 σου
3868 5068 3945 5127 ὡς
4002 5065 4207 5119 ἑαυτόν.

2604 5256 2790 5311 fuisse
2820 5253 3094 5309 electum.
3134 5249 3317 5302 Porro
3348 5245 3530 5316 hujus
3565 5243 3819 5314 epistola
3874 5242 3949 5298 de
3980 5242 4210 5316 azymis

2604 5332 2799 5382 exstat
2832 5342 2946 5380 ms.
2975 5324 3034 5378 in
3083 5319 3265 5375 variis
3307 5313 3640 5372 codicibus.
3693 5316 3986 5371 Caeterum
4039 5313 4208 5385 apud

2608 5398 2967 5454 Bandinium
3004 5407 3249 5465 quoque
3276 5390 3414 5444 Rer.
3446 5390 3710 5443 ercar.
3744 5394 3782 5442 t.
3821 5390 3884 5453 ll,
3918 5402 3976 5458 p.
4013 5385 4209 5453 14,1e—

2604 5472 2762 5541 gitur
2792 5468 3082 5541 Βασιλείου.

2672 5548 2753 5611 (5)
2790 5541 2936 5595 Edit.
2968 5532 3268 5613 Sirmond.
3304 5537 3347 5613 t;
3375 5532 3415 5587 Ι.
3450 5547 3512 5602 p.
3759 5603 3773 5613 .
3806 5603 3815 5613 .

2673 5603 2746 5681 (6)
2780 5612 2929 5670 Edit.
2960 5614 3199 5668 Garner.
3236 5610 3275 5659 t.
3330 5604 3371 5667 Ι,
3420 5618 3479 5675 p.
3530 5604 3654 5669 401,
3715 5603 3817 5659 ubi
3881 5615 4205 5675 perperam

2601 5686 2786 5759 ἑορτῶν
2816 5690 2975 5746 τόπος
3002 5701 3114 5758 pro
3143 5684 3293 5754 λόγος
3304 5718 3315 5729 ι
