4508 6436
332 390 437 442 157

1649 389 1996 446 THESAURI
2038 390 2163 446 LIB.
2211 394 2386 449 XXIV.
3592 393 3693 452 {58

327 514 424 560 xui
457 510 483 561 6
524 515 639 584 περὶ
696 519 795 562 τῶν
844 511 1031 583 εορτὼν
1081 508 1140 565 δε
1182 512 1329 583 λόγος
1377 521 1449 583 τῷ
1505 513 1644 583 αυτῷ
1676 510 1802 565 εἴδει
1846 522 1939 574 τῆς
1970 518 2019 571 Α
2051 518 2107 585 ip

1920 534 1939 574 ς
1970 518 2019 571 Α
2051 518 2241 585 ipsum
2255 519 2296 570 ⁸.
2326 520 2630 576 Festorum
2668 536 2911 594 quoque
2941 521 3274 577 institutum
3299 522 3496 577 eidem
3518 520 3694 576 inter-

330 596 629 667 ἐξηγήσεως
699 601 1074 669 ὑπαχθήσεται
1114 616 1127 629 ⁸
1168 603 1302 653 ὥστε
1354 606 1443 652 xui
1494 605 1551 652 τό
1613 604 1809 672 Πάσχα
1864 608 1935 673 μὴ

330 685 596 757 ἑορτάζειν
652 688 788 758 ἡμᾶς
836 687 883 738 ἐν
925 688 1063 760 ζύμη
1114 696 1302 749 κακίας
1352 694 1441 741 xui
1502 696 1771 761 πονηρίας,
1830 689 1936 741 ἀλλ’

330 772 386 824 ὲ)
454 774 672 846 ἀζύμοις
710 775 1034 847 εἰλικρινείας
1089 784 1177 828 xui
1244 777 1505 839 ἀληθείας,
1538 779 1783 849 θυομένου
1815 783 1938 851 πρὸς

333 863 558 935 ἑσπέραν
592 908 604 925 ,
647 870 916 915 τουτέστιν
966 864 1050 916 ἐπὶ
1106 865 1368 937 συντελείᾳ
1423 874 1514 917 του
1567 866 1749 927 αἰῶνος
1779 912 1793 937 ,
1849 875 1938 918 του

335 949 587 1007 ἀληθινοὺ
632 951 895 1025 προϐάτου
948 960 1202 1027 Χριστοῦ,
1232 951 1290 1006 οὖ
1338 957 1367 1011 ἠ
1432 955 1564 1028 σάρξ
1603 954 1800 1016 ἀληθής
1830 956 1938 1007 ἐστι

333 1037 565 1111 βρῶσις.

329 1187 439 1233 Τοῦ
472 1190 819 1253 Δαμασκηνοὺ
841 1183 894 1236 ἐκ
928 1192 1019 1236 τοῦ
1061 1190 1183 1259 Περὶ
1209 1193 1309 1236 τῶν
1353 1186 1512 1256 ἁγίων
1544 1193 1631 1238 καὶ
1664 1187 1937 1260 expue-mw

620 1279 711 1323 τοῦ
736 1278 929 1344 Κυρίου
961 1280 1282 1345 μυστηρίων,
1317 1293 1428 1346 καφ·
1450 1276 1525 1336 πί
1554 1280 1648 1345 (7)-

407 1413 520 1463 Ουκ
567 1416 681 1465 ἔστι
721 1417 875 1474 τύπος
915 1415 941 1464 6
988 1416 1143 1486 ἄρτος
1198 1420 1287 1465 διαὶ
1335 1414 1526 1476 ὀοὶνος
1563 1424 1654 1466 του
1699 1422 1938 1486 σώματος

327 1507 423 1552 xui
458 1504 678 1573 αἳματος
736 1511 828 1554 του
864 1511 1097 1576 Χριστου
1135 1521 1145 1531 ·
1182 1509 1253 1574 μὴ
1307 1504 1538 1573 γένοιτοε
1572 1502 1681 1554 ἀλλ’
1722 1504 1847 1555 αὐτὸ
1878 1509 1935 1555 τὸ

328 1598 490 1659 σῶμα
554 1600 645 1641 του
718 1597 909 1663 Κυρίου
980 1594 1283 1662 τεθεωμένον
1320 1610 1330 1620 ·
1374 1593 1533 1643 αὐτου
1594 1600 1686 1643 τοῦ
1742 1599 1935 1665 Κυρίου

329 1677 570 1739 εἰπόντος
601 1684 805 1731 ’Τοῦτο
860 1683 960 1750 μου
1024 1678 1185 1743 ἐστίν,
1246 1680 1351 1750 οὐχ
1403 1682 1428 1731 6
1484 1684 1641 1740 τύπος
1696 1689 1787 1732 τοῦ
1835 1688 1931 1733 σὼ-

326 1786 515 1838 ματος,
551 1767 676 1819 ἀλλά
724 1774 781 1820 τὸ
829 1780 984 1841 σῶμα
1011 1791 1023 1802 ·
1058 1776 1147 1821 xui
1175 1771 1279 1841 οὐχ
1310 1772 1335 1821 6
1373 1773 1530 1829 τύπος
1568 1778 1658 1821 τοῦ
1695 1772 1933 1841 αἰματος,

2048 608 2363 678 pretationi
2413 611 2745 665 obnoxium
2770 616 2877 666 erit
2910 628 2922 664 ε
2956 610 3038 665 ita
3068 615 3130 666 ut
3158 610 3385 665 Pascha
3429 608 3694 664 celebre-

2048 712 2184 750 mus
2213 712 2334 752 non
2364 699 2423 753 in
2455 698 2745 753 fermento
2788 698 3027 754 malitia:
3059 704 3115 753 et
3137 697 3559 770 improbitatis,
3588 696 3696 752 sed

2048 785 2106 840 in
2166 787 2391 857 azymis
2444 787 2796 843 sinceritatis
2823 794 2880 844 et
2929 787 3221 854 veritatis;
3254 786 3567 842 immolata
3595 800 3695 841 ve-

2049 890 2242 947 spere,
2263 875 2323 931 id
2356 877 2523 931 estin
2547 876 2750 933 saeculi
2771 877 2909 944 ﬁne,
2943 893 3085 933 vera
3114 893 3223 933 ove
3255 875 3694 947 Christo,cujus

2046 981 2188 1020 caro
2215 980 2389 1020 verus
2415 972 2502 1022 est
2533 966 2721 1021 cibus.

2046 1200 2393 1254 Damasceni
2430 1214 2505 1255 e1:
2541 1201 2808 1269 capitulo
2860 1200 3031 1256 LXX
3044 1201 3113 1254 VI
3141 1201 3226 1256 De
3262 1200 3486 1255 sanctis
3517 1198 3696 1269 atque

2408 1289 2705 1357 purissimi
2736 1289 2975 1344 Domini
3008 1290 3327 1358 mysteriis.

2118 1430 2289 1484 Panis
2312 1430 2639 1502 vinumque
2669 1430 2830 1486 haud
2854 1434 2992 1485 sunt
3017 1430 3141 1502 typi
3178 1430 3449 1501 corporis
3478 1432 3536 1484 et
3563 1442 3698 1484 san-

2045 1519 2243 1588 guinis
2284 1520 2518 1583 Christi,
2569 1519 2760 1589 absit;
2795 1519 2899 1575 sed
2948 1521 3149 1591 ipsum
3210 1518 3419 1574 Christi
3476 1532 3697 1588 corpus

2043 1613 2135 1663 est
2163 1608 2326 1679 quod
2377 1607 2566 1667 oculis
2616 1608 2916 1678 objicitur,
2946 1607 3078 1680 ipso
3116 1607 3369 1663 Domino
3415 1605 3694 1661 dicente:

2046 1699 2162 1752 ΙΙοε
2192 1703 2295 1765 est,
2330 1712 2451 1751 non
2504 1697 2773 1769 corporis
2818 1704 3024 1769 typus,
3058 1696 3163 1751 sed
3214 1711 3468 1765 corpus;
3499 1708 3697 1765 neque

2044 1785 2356 1852 sanguinis
2389 1791 2589 1856 typus,
2622 1784 2730 1840 sed
2761 1787 3008 1854 sanguis
3030 1788 3078 1840 θ.
3118 1790 3241 1840 lmo
3271 1789 3329 1839 et
3382 1788 3561 1838 antea
3594 1784 3695 1837 Ju-

330 1855 466 1907 ἀλλά
504 1862 561 1907 τὸ
602 1856 733 1928 αἷμα
767 1880 778 1890 ·
821 1864 906 1909 xui
942 1864 1043 1932 πρὸ
1074 1863 1257 1910 τούτου
1289 1867 1399 1919 τοῖς
1449 1856 1747 1924 Ἰουδαίοις,
1772 1861 1851 1910 ὅτι
1877 1858 1935 1910 Ei
1965 1862 2005 1916 Β
2044 1874 2110 1930 da

1920 1858 2005 1916 ίΒ
2044 1874 2192 1930 ὀωὶε
2234 1855 2500 1929 dixerat:
2528 1874 2665 1929 Nisi
2703 1875 3211 1930 manducaveritis
3259 1887 3503 1929 carnem
3550 1858 3697 1926 Filii

328 1953 404 2017 μη
477 1949 675 2017 φάγητε
738 1954 830 2005 την
889 1952 1060 2020 σάρκα
1124 1958 1215 1999 του
1293 1952 1412 2000 Υίου
1469 1957 1561 2001 τοῦ
1640 1949 1934 2021 ἀνθρώπου,

329 2035 439 2105 οὐχ
518 2036 648 2096 ἕξετε
700 2037 838 2096 ζωὴν
901 2037 1127 2088 αἰώνιον.
1162 2040 1191 2095 η
1224 2040 1322 2105 γὰρ
1378 2038 1508 2105 σάρξ
1564 2058 1664 2105 μου

330 2124 449 2175 ἐστι
492 2123 693 2195 βρῶσις
724 2143 734 2153 ·
771 2129 855 2177 xui
894 2132 952 2177 τὸ
1005 2124 1137 2197 αἷμά
1184 2146 1284 2197 μου
1351 2127 1551 2188 ἀληθής
1599 2126 1709 2179 ἐστι
1747 2144 1929 2189 ποσις’

518 2036 648 2096 ἕξετε
700 2037 838 2096 ζωὴν
901 2037 1127 2088 αἰώνιον.
1162 2040 1191 2095 η
1224 2040 1322 2109 γὰρ
1378 2038 1508 2108 σάρξ
1564 2058 1664 2108 μου
1740 2037 1938 2097 ἀληθής

329 2219 423 2264 καί
451 2213 605 2263 πάλιν
635 2236 646 2246 ·
678 2214 734 2265 Ὀ
765 2220 975 2285 τρώγων
1014 2234 1076 2285 με
1132 2219 1191 2278 ζὴ
1205 2234 1369 2268 σεται.
1402 2245 1465 2258 -—
1490 2221 1585 2267 Καὶ
1628 2216 1737 2287 μετ’
1768 2216 1935 2287 ὀλίγα·

333 2304 473 2357 Αὕτη
501 2301 639 2353 ἐστὶν
671 2305 700 2360 η
749 2306 956 2377 καθαρά
1003 2306 1161 2355 θυσία
1202 2300 1411 2361 δηλαδὴ
1472 2310 1561 2355 xui
1600 2304 1937 2377 ἀναίμακτος,

329 2394 393 2446 ἦν
436 2390 538 2441 ἀπο
590 2390 845 2442 ἀνατολῶν
896 2393 1042 2450 ἡλίου
1118 2396 1282 2466 μέχρι
1331 2390 1548 2465 δυσμῶν
1604 2396 1743 2464 αυτῴ
1773 2414 1940 2466 προσ-

326 2482 580 2551 φέρεσθαι
648 2477 740 2532 διὰ
801 2489 887 2531 του
954 2487 1224 2554 προφήτου
1291 2487 1317 2533 6
1379 2486 1562 2555 Κύριος
1626 2487 1939 2553 ἔφησε’καὶ

324 2570 442 2638 μετ’
499 2568 683 2639 ὀλίγα·
724 2571 782 2621 Ei
840 2567 899 2621 δὲ
948 2576 1037 2621 καὶ
1087 2590 1219 2631 τινες
1264 2570 1521 2623 ἀντίτυπα
1564 2582 1652 2623 του
1699 2580 1940 2645 σώματος

324 2677 419 2708 και
461 2666 553 2709 του
584 2658 806 2730 αἳματος
858 2668 947 2710 τοὺ
1001 2664 1193 2732 Κυρίου
1234 2666 1318 2711 τὸν
1368 2662 1522 2727 ἄρτον
1554 2668 1641 2713 xui
1681 2667 1767 2713 τὸν
1806 2664 1939 2714 οἶνον

327 2743 614 2819 ἐκάλεσαν,
664 2751 728 2808 ὡς
768 2751 793 2798 ο
827 2751 1067 2821 θεοφορος
1119 2752 1208 2819 ἔψη
1264 2751 1546 2811 Βασῦ.ειος,
1599 2752 1656 2802 ου
1706 2755 1835 2822 μετά
1881 2757 1939 2803 τὸ

328 2839 658 2905 αγιασθῆναι
724 2837 1038 2903 εἰπον,ἀλλά
1093 2846 1213 2909 πρὶν
1269 2839 1586 2909 ἀγιασθῆναι
1646 2841 1806 2897 αὐτην
1848 2847 1940 2897 την

328 2928 642 2997 προσφορὰν
664 2929 799 2977 ουτω
832 2927 1159 2986 καλέσαντες.

440 3073 545 3118 Τοῦ
582 3075 958 3140 Χρυσοστομον
983 3069 1039 3121 ἐκ
1070 3078 1161 3121 τοῦ
1193 3076 1368 3141 τρίτου
1400 3070 1553 3140 λόγον
1587 3081 1675 3123 του
1710 3077 1831 3144 Περὶ

936 3161 1216 3231 ἱερωσύνης
1245 3160 1339 3228 (8).

400 3299 566 3349 Ὀταν
609 3302 709 3373 γὰρ
760 3298 882 3369 irin;
921 3306 1005 3352 τὸν
1057 3306 1243 3375 Κύριον
1297 3304 1566 3373 τεθυμένον
1615 3310 1703 3355 καὶ
1765 3311 1938 3374 κείμε-

323 3406 433 3449 νον,
470 3393 558 3437 xui
589 3392 672 3438 τὸν
713 3386 963 3461 ἀρχιερέα
1009 3390 1271 3460 ἐφεστῶτα
1317 3400 1389 3460 τῷ
1433 3393 1624 3461 θύματι
1674 3397 1761 3444 xui
1793 3392 1940 3444 ἐπευ-

324 3482 555 3545 χόμενον
587 3518 600 3539 ,
649 3483 737 3528 xui
795 3481 986 3538 πάντας
1052 3477 1224 3549 ἐκείνῳ
1294 3489 1365 3549 τῴ
1426 3481 1543 3549 θείῳ
1607 3488 1940 3553 φοινίσσομέ-

323 3583 449 3624 νους
511 3565 743 3634 αἵματι,
788 3560 890 3639 ἆρα
953 3570 1026 3617 ἔτι
1106 3571 1234 3637 μετά
1302 3576 1399 3618 τῶν
1468 3566 1747 3641 ἀνθρώπων
1814 3568 1941 3622 εἶναι

321 3652 561 3721 νομίζεις
612 3659 699 3705 καὶ
744 3658 826 3705 ἐπὶ
860 3664 959 3724 γῆς
1000 3656 1215 3707 ἑστάναι
1248 3698 1259 3713 ,
1290 3656 1394 3707 ἀλλ’
1450 3657 1543 3708 οὐκ
1601 3658 1781 3719 ευθέως
1858 3658 1939 3711 ἐπὶ

324 3746 450 3803 τοὺς
514 3742 762 3813 οὐρανοὺς
820 3749 1247 3815 μετανίστασαι,
1305 3753 1392 3797 καί
1452 3753 1627 3798 πᾶσαν
1684 3752 1940 3819 σαρκικην

328 3827 573 3881 διάνοιαν
614 3842 707 3891 τῆς
752 3832 942 3903 ψυχῆς
991 3833 1254 3901 ἐκϐαλὼν,
1294 3845 1463 3907 γυμνῇ
1543 3857 1612 3908 τῳ
1654 3836 1808 3909 ψυχῇ
1851 3843 1939 3888 καὶ

326 3922 546 3992 καθαρῳ
600 3930 669 3991 τῷ
722 3931 792 3989 νῷ
850 3924 1171 3995 περιϐλέπεις
1210 3927 1271 3976 τά
1325 3924 1371 3976 ἐν
1425 3926 1699 3997 οὐρανοῖς
1741 3934 1806 3978 Ὦ.
1855 3935 1938 3979 του

327 4012 600 4081 θαύματος
625 4013 636 4064 ἔ
662 4011 731 4062 Ὠ.
759 4021 855 4073 τῆς
907 4022 997 4064 του
1065 4020 1190 4065 Θεου
1249 4015 1669 4087 φιλανθρωπίαςε
1702 4015 1759 4066 Ὀ
1813 4018 1941 4085 μετὰ

324 4110 420 4149 του
481 4104 682 4171 Πατρός
730 4103 833 4155 iam
886 4104 1215 4173 καθήμενος,
1252 4107 1385 4155 κατά
1428 4110 1518 4161 την
1572 4107 1706 4175 ὤραν
1747 4104 1940 4163 ἐκείνην

325 4196 442 4248 ταῖς
505 4188 740 4239 ἁπάντων
808 4195 1089 4261 κατέχεται
1144 4199 1305 4263 χερσί
1340 4236 1353 4259 ,
1387 4198 1473 4242 xui
1525 4190 1746 4245 δίδωσιν
1787 4195 1941 4245 αὑτὸν

323 4285 435 4336 τοῖς
482 4274 812 4347 βουλομένοις
870 4280 1290 4352 περιπτύξασθαι
1344 4287 1433 4332 xui
1502 4282 1793 4355 περιλαϐεῖν
1851 4288 1940 4334 καὶ

320 4376 733 4437 κπατρυφῆσαι
761 4377 809 4402 ³ο
885 4371 1098 4426 ἕστηκεν
1164 4372 1190 4421 6
1259 4373 1439 4444 ίερενς,
1482 4372 1539 4422 ου
1614 4381 1717 4443 πυρ
1775 4393 1939 4424 κατα-

323 4460 492 4527 φέρων
548 4459 683 4507 κατά
724 4460 812 4507 τον
867 4457 1042 4509 Ἠλιου
1069 4501 1081 4522 ,
1124 4457 1253 4510 ἀλλά
1292 4464 1349 4510 τὸ
1410 4467 1619 4531 Πνεῦμα
1660 4465 1715 4512 τὸ
1756 4462 1930 4532 ἅγιον·

2047 1964 2444 2024 hominis.non
2504 1962 2794 2019 habebitis
2855 1965 3041 2019 vitam
3102 1963 3476 2018 zternam'o.
3541 1960 3698 2017 Caro

2046 2053 2199 2107 enim
2231 2067 2362 2106 mea
2384 2052 2799 2117 verusetcibus,
2829 2058 2913 2107 est
2941 2053 3189 2122 sanguis
3229 2065 3391 2106 meus
3416 2064 3588 2105 verus
3613 2052 3698 2104 est

2046 2148 2219 2209 potus
2246 2144 2312 2195 ¹¹.
2340 2144 2402 2195 Et
2433 2157 2640 2195 rursus
2670 2157 2683 2194 :
2715 2142 2830 2208 Qui
2857 2156 2949 2197 me
2977 2141 3319 2206 manducat,
3340 2140 3493 2195 vivet
3525 2140 3590 2192 ¹².
3622 2139 3698 2193 Et

2042 2231 2251 2299 paucis
2295 2232 2623 2299 interjectis
2672 2246 2683 2283 :
2726 2233 2858 2285 Haec
2915 2235 3002 2284 est
3043 2245 3195 2300 pura
3234 2228 3479 2284 victima
3516 2231 3698 2299 atque

2046 2319 2377 2379 incruenta,
2408 2336 2594 2391 quam
2626 2319 2705 2375 ab
2732 2324 2864 2374 ortu
2917 2318 3061 2374 solis
3087 2333 3277 2390 usque
3303 2317 3382 2372 ad
3411 2331 3698 2372 occasum

2048 2408 2291 2479 ipsimet
2315 2408 2585 2464 oblatum
2617 2408 2687 2463 iri
2718 2407 2797 2463 ait
2820 2423 2929 2478 per
2957 2407 3318 2480 prophetam
3352 2405 3694 2460 Dominus‘.

2050 2498 2123 2551 Et
2150 2499 2331 2565 paulo
2370 2505 2500 2566 post
2534 2516 2546 2552 ε
2578 2499 2747 2563 Quod
2781 2498 2826 2552 si
2852 2498 2956 2570 qui
3005 2497 3280 2568 antitypa
3331 2495 3601 2567 corporis
3643 2499 3702 2550 et

2047 2586 2359 2656 sanguinis
2390 2587 2623 2642 Domini
2644 2602 2864 2659 panem
2895 2597 2953 2642 et
2982 2586 3189 2641 vinum
3225 2584 3696 2657 appellaverunt,

2050 2676 2221 2731 sicuti
2251 2676 2426 2731 divus
2452 2676 2722 2737 Basilius,
2746 2676 2906 2731 haud
2940 2682 3098 2746 post,
3123 2674 3228 2730 sed
3258 2680 3396 2730 ante
3440 2672 3699 2730 sanctiﬁ-

2051 2766 2370 2833 cationem,
2403 2767 2484 2821 ita
2511 2765 2587 2821 de
2612 2765 2915 2821 oblatione
2940 2764 3119 2821 locuti
3146 2773 3302 2819 sunt.

2176 3129 2581 3199 Chrysostomi
2609 3144 2684 3184 ex
2709 3129 2882 3184 tertio
2920 3128 3073 3183 libro
3103 3128 3189 3182 De
3217 3126 3569 3182 sacerdotio.

2120 3304 2267 3355 Cum
2298 3299 2516 3355 videris
2544 3296 2925 3354 immolatum
2977 3296 3298 3352 Dominum
3319 3300 3377 3350 et
3403 3296 3464 3350 in
3489 3310 3702 3351 mensa

2048 3386 2841 3463 pOsitum,sacerdotemque
2872 3387 3083 3442 hostiae
3115 3386 3496 3441 assistentem
3520 3389 3701 3456 atque

2049 3482 2720 3547 orantem,cunctosque
2741 3475 2947 3530 divino
2959 3474 3058 3530 illo
3073 3474 3367 3544 sanguine
3380 3472 3700 3537 delibutus;

2049 3587 2196 3627 num
2241 3569 2440 3625 adhuc
2485 3573 2537 3623 te
2576 3565 2882 3621 existimas
2922 3565 3073 3619 inter
3116 3563 3391 3619 homines
3422 3567 3602 3634 atque
3639 3562 3701 3616 in

2050 3660 2161 3715 hac
2195 3658 2451 3714 terrestri
2474 3655 2715 3727 regione
2743 3654 2987 3721 versari,
3020 3658 3077 3708 et
3102 3669 3221 3708 non
3254 3653 3454 3724 potius
3484 3657 3538 3707 te
3567 3666 3701 3722 pro-

2053 3750 2209 3804 tinus
2242 3748 2301 3802 in
2332 3744 2514 3800 caalos
2545 3742 2869 3810 transferri,
2892 3742 3179 3814 omnique
3209 3740 3436 3796 carnali
3483 3739 3701 3809 cogita-

2052 3837 2205 3892 tione
2219 3853 2289 3891 ex
2303 3835 2508 3891 animo
2520 3833 2775 3903 ahjecta,
2790 3831 2955 3887 nudo
2977 3831 3186 3902 spiritu
3216 3843 3490 3901 puraque
3504 3819 3704 3884 mSnte

2051 3926 2313 3982 coelestia
2342 3939 2528 3993 regna
2558 3922 2853 3994 spectare!
2881 3921 2924 3976 Ο
2949 3918 3334 3975 miraculum!
3356 3920 3399 3974 Ο
3435 3917 3531 3974 Dei
3559 3932 3703 3986 erga

2050 4016 2325 4071 homines
2364 4012 2714 4068 charitatem
2744 4012 2755 4065 !
2790 4010 2894 4075 Qui
2928 4026 3067 4064 cum
3100 4009 3269 4064 Patre
3314 4022 3574 4079 superne
3605 4020 3701 4061 se-

2049 4108 2169 4173 det,
2202 4107 2351 4161 hora
2377 4103 2476 4158 illa
2496 4101 2768 4157 omnium
2812 4100 3092 4155 manibus
3110 4104 3359 4163 tenetur,
3384 4112 3565 4169 seque
3583 4102 3702 4152 tra-

2049 4196 2132 4251 dit
2154 4193 2454 4267 amplecti,
2489 4191 2692 4258 teneri,
2725 4195 2778 4245 et
2808 4189 2921 4244 frui
2952 4188 3303 4243 volentibus.
3333 4188 3456 4242 Stat
3500 4202 3703 4242 sacer-

2050 4285 2181 4349 dos,
2214 4283 2378 4339 haud
2427 4283 2628 4351 ignem
2656 4281 2807 4335 sicut
2854 4279 3005 4334 Elias
3054 4278 3247 4333 ferens
3276 4276 3379 4331 sed
3422 4280 3703 4331 sanctum

2053 4374 2337 4445 Spiritum
2367 4390 2381 4439 ;
2414 4385 2742 4442 precesque
2781 4368 2881 4422 diu
2931 4367 3240 4439 protrahit,
3278 4381 3401 4420 non
3433 4370 3499 4420 ut
3534 4364 3707 4420 ﬂam-

2052 4479 2150 4517 ma
2177 4462 2435 4533 desuper
2464 4474 2720 4515 accensa
2748 4459 3119 4529 pr0positam
3137 4456 3505 4511 oblationem
3528 4454 3706 4510 absu-

321 4550 415 4596 xui
474 4551 567 4602 τὴν
627 4549 890 4619 ἱκετηρίαν
940 4545 1022 4598 ἐπὶ
1079 4548 1210 4599 πολὺ
1267 4557 1531 4615 ποιεῖται,
1574 4551 1677 4621 οὐχ
1737 4556 1819 4602 ίνα
1865 4572 1939 4613 τις
1972 4562 2019 4617 D
2054 4569 2101 4607 m

1923 4572 1939 4613 ;
1972 4562 2019 4617 D
2054 4551 2304 4619 mat,sed
2338 4555 2400 4604 ut
2422 4548 2692 4618 gratiain
2717 4547 3016 4602 victimam
3041 4545 3345 4611 decidens,
3378 4560 3485 4616 per
3502 4544 3703 4615 ipsam

320 4634 537 4705 λαμπὰς
582 4636 771 4687 οἰνωθεν
832 4637 1057 4707 ἀρθεῖσα
1111 4638 1141 4680 b
1193 4639 1536 4711 καταναλώσῃ
1599 4644 1664 4691 τὰ
1729 4648 1937 4713 προκεί-

321 4743 476 4795 μενα,
511 4723 621 4775 ἀλλ’
649 4723 731 4775 ἱνα
780 4728 809 4782 η
858 4728 1018 4799 χάρις
1078 4727 1404 4780 ἐπιπεσοῦσα
1466 4737 1526 4800 τῇ
1592 4731 1792 4801 θυσίᾳ,
1863 4728 1936 4782 δι’

322 4811 525 4873 ἐκείνης
594 4817 681 4873 re;
741 4814 980 4866 ἁπάντων
1267 4818 1487 4888 ψυχὰς,
1529 4824 1618 4869 xui
1686 4818 1936 4893 ἀργυρίου

320 4901 691 4975 λαμπροτέρας
765 4901 1014 4977 ἀποδείξῃ
1078 4912 1448 4980 πεπυρωμένου
1502 4946 1514 4958 .
1573 4912 1781 4969 Ταύτης
1849 4906 1937 4961 οὖν

321 4998 421 5051 τῆς
481 4988 915 5064 φρικωδεστάτης
970 4993 1175 5056 τελετῆς
1216 5000 1293 5054 τίς
1325 5000 1396 5066 μὴ
1440 5000 1741 5068 μαινομενος
1800 4994 1939 5068 μηδὲ

320 5079 615 5141 εξεστηκὼς
661 5082 1051 5154 ὑπερφρονῆσαι
1114 5080 1398 5142 δυνήσεται
1433 5102 1446 5152 ;
1479 5092 1541 5138 Ἦ
1595 5085 1793 5157 ἀγνοεῖς
1858 5090 1938 5139 ὄτι

319 5168 420 5219 οὐκ
481 5169 541 5239 οἷν
594 5188 718 5221 ποτε
794 5169 1088 5243 ἀνθρωπεία
1140 5171 1295 5244 ψυχὴ
1364 5176 1423 5224 τὸ
1465 5182 1568 5247 πῦρ
1631 5174 1790 5227 ἐκεῖνο
1847 5183 1937 5236 τῆς

322 5258 521 5319 θυσίας
578 5256 887 5326 ἐϐάστασεν,
948 5258 1075 5312 ἀλλά
1130 5258 1302 5334 ἄρδην
1359 5262 1582 5324 ἃπαντες
1639 5265 1934 5335 ἠφανίσθη-

2050 4642 2324 4695 omnium
2348 4640 2585 4694 animos
2606 4636 3278 4706 inﬂammet,ignitoque
3300 4636 3548 4702 argento
3564 4631 3706 4688 luci-

2048 4731 2246 4785 diores
2285 4727 2525 4783 efﬁciat.
2563 4726 2707 4792 Quis
2727 4726 2840 4780 hoc
2862 4739 3005 4793 ergo
3023 4722 3403 4779 tremendum
3427 4722 3705 4793 mysteri-

2050 4836 2173 4883 um,
2209 4818 2321 4872 nisi
2345 4817 2514 4888 plane
2541 4815 2761 4871 insanit
2792 4831 2863 4869 ac
2911 4813 3071 4876 furit,
3099 4813 3405 4884 despicere
3434 4811 3651 4883 poterit
3678 4811 3707 4867 ?

2048 4914 2135 4963 An
2166 4906 2616 4971 nescis,nullam
2642 4905 2977 4960 humanam
3000 4904 3269 4958 animam
3291 4902 3494 4972 ignem
3523 4901 3707 4971 hujus

2049 4996 2324 5052 sacriﬁcii
2354 4995 2478 5050 fore
2500 4993 2908 5062 toleraturam,
2938 4992 3060 5047 imo
3091 5007 3304 5049 omnes
3333 4991 3706 5046 destructum

2049 5085 2259 5151 iri,nisi
2280 5083 2547 5139 validum
2577 5083 2794 5138 divinas
2825 5082 3028 5151 gratiae
3045 5081 3289 5137 adesset
3306 5079 3656 5152 praesidium
3680 5080 3709 5134 ?

2052 5176 2108 5232 Si
2138 5174 2274 5248 quis
2320 5174 2484 5228 enim
2533 5173 2750 5242 cogitet
2791 5172 3001 5243 quanti
3031 5169 3254 5239 negotii
3298 5170 3373 5225 sit
3395 5169 3708 5224 hominem

2050 5280 2230 5320 carne
2268 5263 2469 5319 adhuc
2499 5268 2556 5318 et
2595 5263 2889 5332 sanguine
2930 5259 3308 5332 implicitum,
3340 5258 3419 5315 ad
3460 5258 3707 5314 beatam

394 5436 416 5470 ⁸
456 5435 637 5503 chit.
674 5454 805 5503 XIX;
835 5438 1035 5495 Matth.
1063 5440 1306 5509 xxu,39.
1342 5443 1362 5476 9
1399 5442 1597 5497 Matth.
1628 5459 1791 5506 xxvx,
1817 5448 1908 5513 26,
1936 5447 2029 5499 27.
2066 5445 2110 5478 ¹⁰
2137 5444 2174 5497 .Ι‹

1686 5459 1791 5506 va,
1817 5448 1908 5513 26,
1936 5447 2029 5499 27.
2066 5445 2110 5478 ¹⁰
2137 5444 2308 5498 Joan.
2344 5458 2418 5510 νι,
2453 5444 2537 5496 54.
2575 5443 2613 5475 ¹¹
2656 5439 2801 5495 ibid.
2835 5444 2926 5495 56.
2960 5440 3003 5474 ¹²
3027 5438 3276 5495 Malach.
3308 5454 3345 5504 ι,
3384 5444 3466 5493 11.

391 5581 409 5603 ι
438 5559 619 5615 Deest
656 5571 1056 5637 κατατρυφῆσαι
1094 5564 1155 5620 in
1180 5564 1322 5622 edit.
1414 5561 1445 5604 δ
1484 5566 1924 5639 Εὰίῐ.ἀφεθεῖτα,

395 5686 477 5756 (7)
516 5681 663 5743 Edit.
693 5684 986 5761 Lequinii,
1020 5693 1065 5746 t.
1106 5687 1152 5759 I,
1182 5704 1243 5762 p.
1271 5695 1396 5759 271,
1428 5695 1553 5747 273.

2120 5694 2199 5765 (8)
2241 5692 2394 5750 Edit.
2425 5691 2707 5760 Montf.,t.
2742 5690 2785 5755 ι,
2826 5707 2889 5763 p.
2925 5692 3048 5747 382.
