4508 6436
812 417 915 473 159

810 539 976 599 illam
1002 542 1059 596 et
1102 541 1510 612 incorruptam
1539 543 1821 599 naturam
1853 540 2124 614 proxime
2157 540 2462 608 accedere,

811 631 951 685 tunc
989 629 1273 702 praeclare
1303 628 1906 701 intelliget,quantum
1930 629 2464 685 sacerdotibusho-

810 732 1021 774 norem
1036 718 1223 773 sancti
1239 718 1486 790 Spiritus
1500 718 1912 791 gratialargita
1926 719 2126 773 sit.Per
2138 718 2290 775 hanc
2304 718 2462 773 enim

810 805 1008 863 ethaec
1038 810 1095 862 et
1124 807 1236 862 alia
1257 807 1436 880 etiam
1455 806 1548 861 his
1567 806 1735 864 haud
1761 806 2042 862 inferiora
2072 806 2432 864 efﬁciuntur.

2161 413 2431 473 NICETE
2461 415 2829 474 CHONIATE

4077 433 4175 487 {60

2580 560 2694 612 σαν,
2739 542 2877 615 εἰμὴ
2926 541 3086 606 πολλή
3136 553 3224 607 τῆς
3275 552 3364 598 τοῦ
3414 553 3548 600 Θεοῦ
3595 549 3818 622 χάριτος
3846 547 3904 610 ἦν
3960 554 3990 612 ἠ
4045 553 4172 626 βοὴ-

2576 632 2723 700 θεια;
2793 633 2854 684 Εἰ
2894 636 2994 708 γάρ
3049 654 3122 695 τις
3188 633 3466 694 ἐννοήσειεν
3525 637 3647 689 ὅσον
3705 638 3845 692 ἐστὶν
3907 643 4176 715 ἄνθρωπον

2573 723 2695 771 ὄντα
2759 725 2848 773 καὶ
2906 725 2980 773 ἔτι
3043 728 3200 797 σαρκὶ
3275 729 3363 777 καὶ
3424 727 3609 797 αἵματι
3673 728 4014 801 πεπλεγμένον
4081 739 4175 795 τῆς

2571 813 2832 880 μακαρίας
2889 814 2977 865 καὶ
3031 809 3296 883 ἀκηράτου
3353 815 3549 884 φύσεως
3597 814 3792 879 ἐκείνης
3859 817 4012 891 ἐγγύς
4074 816 4175 873 δυ-

809 897 1029 954 νηθῆναι
1057 897 1292 967 γενέσθαι
1321 939 1333 963 ,
1375 899 1488 950 τότε
1517 899 1710 950 εἵσεται
1732 896 1895 958 καλῶς
1924 896 2049 956 όσης
2077 900 2194 958 τοὺς
2231 899 2380 969 ἱερεῖς
2405 904 2562 968 τιμῆς
2594 899 2622 956 ἡ
2656 906 2746 950 τοῦ
2772 898 2923 970 ἁγίου
2948 904 3246 973 Πνεύματος
3276 902 3468 966 ἠξίωσε
3499 906 3666 977 χάρις
3690 922 3702 934 ·
3743 902 3816 959 δι’
3848 905 4045 971 ἐκείνης
4074 911 4176 981 γὰρ

809 989 898 1036 καὶ
930 992 1097 1037 ταῦτα
1116 985 1394 1037 τελειοῦται
1414 1026 1428 1053 ,
1461 991 1549 1037 καὶ
1585 985 1743 1060 ἓτῆρα
1773 988 1963 1038 τούτων
2004 982 2153 1038 οὐδὲν
2195 981 2502 1041 ἀποδέοντα.

1018 1117 1305 1189 Ejusdem
1332 1134 1408 1176 ex
1430 1125 1595 1178 sexto
1622 1121 1694 1177 de
1723 1108 2060 1176 sacerdotio
2077 1119 2247 1176 libro.

881 1324 1028 1378 Cum
1061 1327 1263 1380 autem
1327 1327 1384 1380 et
1440 1327 1716 1380 sanctum
1779 1324 2064 1396 Spiritum
2122 1325 2376 1393 invocat,
2410 1330 2465 1382 et

808 1411 1190 1467 tremendum
1257 1412 1615 1484 mysterium
1669 1413 1916 1485 perﬁcit,
1971 1417 2027 1468 et
2076 1428 2462 1471 communem

810 1500 1096 1556 continuo
1149 1501 1472 1556 Dominum
1531 1502 1863 1572 contigerit,
1909 1502 2182 1574 quidam,
2215 1518 2341 1564 oro.
2390 1501 2465 1557 de

811 1589 1122 1645 sacerdote
1159 1590 1686 1646 existimabimus?
1724 1597 2018 1662 quantam
2047 1592 2105 1645 in
2139 1607 2210 1646 eo
2241 1591 2464 1662 purita-

808 1680 948 1740 tem,
979 1682 1273 1750 quantam
1323 1678 1603 1750 pietatem
1666 1679 1976 1748 exigemus
2002 1683 2029 1734 ?
2056 1680 2258 1749 Cogita
2305 1679 2464 1734 enim

807 1765 1018 1838 quales
1052 1782 1181 1822 esse
1231 1766 1511 1834 debeant,
1536 1783 1673 1839 quae
1723 1768 1860 1825 talia
1907 1773 2164 1824 tractant
2206 1784 2462 1833 manus;

806 1854 1004 1928 qualis
1071 1855 1298 1926 lingua,
1347 1872 1484 1929 quas
1536 1855 1636 1913 illa
1691 1856 1877 1913 verba
1915 1857 2203 1921 effundit;
2253 1856 2466 1929 quidni

807 1943 1136 2016 purissima
1166 1950 1222 2002 et
1251 1945 1628 2002 sanctissima
1653 1946 1877 2011 anima,
1907 1962 2042 2018 quae
2073 1950 2308 2002 tantum
2337 1946 2466 2019 Spi-

806 2033 987 2088 ritum
1053 2034 1280 2106 recipit.
1314 2036 1478 2090 Tunc
1533 2039 1589 2090 et
1621 2033 1817 2106 angeli
1885 2035 2180 2090 sacerdoti
2248 2040 2464 2100 astant,

807 2126 866 2178 et
891 2121 1233 2179 caelestibus
1272 2123 1590 2180 virtutibus
1620 2128 1812 2180 totum
1853 2124 2259 2180 sanctuarium
2287 2129 2466 2197 atque

807 2211 1005 2266 omnis
1035 2211 1192 2266 circa
1228 2211 1411 2267 altare
1459 2211 1627 2268 locus
1659 2211 1960 2284 impletur,
1991 2211 2071 2268 ob
2102 2227 2242 2268 eum
2273 2213 2464 2269 hono-

807 2299 1065 2356 randum
1088 2301 1191 2374 qui
1230 2301 1344 2356 illic
1377 2302 1555 2372 jacet.
1589 2301 1760 2368 Quod
1799 2301 2044 2374 quidem
2091 2301 2260 2358 facile
2291 2303 2467 2358 nobis

806 2391 1170 2463 persuadere
1200 2396 1394 2463 potest
1419 2392 1551 2464 ipsa
1576 2393 2163 2464 mysteriorum,quae
2192 2392 2274 2448 ibi
2296 2393 2464 2459 ﬁunt,

807 2480 1090 2551 dignitas.
1123 2485 1242 2551 Ego
1272 2497 1412 2538 vero
1438 2483 1617 2538 etiam
1648 2482 1978 2554 quemdam
2006 2488 2352 2538 narrantem
2368 2499 2468 2538 au-

806 2571 932 2626 dire
987 2572 1256 2637 memini,
1280 2587 1341 2627 se
1371 2589 1407 2628 a
1438 2588 1580 2628 sene
1608 2573 1735 2628 viro
1767 2572 2126 2635 admirabili,
2161 2578 2216 2628 et
2244 2572 2467 2630 revela-

807 2660 996 2716 tiones
1035 2661 1232 2717 videre
1281 2661 1455 2718 solito
1486 2662 1863 2732 intellexisse,
1893 2663 2058 2735 quod
2098 2663 2148 2718 is
2181 2663 2466 2718 nimirum

805 2749 1052 2805 visionis
1090 2750 1437 2821 hujusmodi
1478 2751 1770 2807 beneﬁcio
1802 2752 2013 2808 fruitus
2057 2758 2234 2821 esset,
2269 2757 2333 2807 ut
2361 2767 2466 2824 per

803 2839 950 2895 illud
982 2846 1221 2912 tempus
1266 2840 1709 2898 multitudinem
1767 2842 2120 2912 angelorum
2147 2841 2461 2914 aspiceret,

803 2933 1101 3000 quantum
1134 2929 1362 2985 homini
1401 2931 1620 2996 liceret,
1652 2931 1920 2986 vestibus
1963 2930 2237 2986 indutam
2265 2931 2463 3003 splen-

804 3016 980 3086 didis,
1012 3019 1169 3074 circa
1199 3018 1382 3075 altare
1413 3019 1718 3086 diffusam,
1751 3020 2026 3075 demissis
2061 3020 2226 3075 humi
2251 3020 2458 3087 oculis,

805 3122 914 3161 ceu
963 3106 1178 3163 milites
1227 3107 1425 3163 videre
1472 3113 1557 3164 est
1595 3111 1695 3181 qui
1743 3110 1866 3178 regi
1915 3110 2193 3181 praesenti
2230 3114 2450 3166 astant.

807 3193 912 3250 Cui
936 3210 1182 3267 prorsus
1202 3211 1314 3266 ego
1342 3197 1667 3269 narrationi
1694 3197 2003 3252 assentior.

1036 3303 1319 3372 Ejusdem
1346 3320 1421 3360 ex
1453 3304 1606 3360 libro
1643 3305 1929 3361 adversus
1963 3305 2222 3360 Jadzeos.

879 3409 1244 3465 Portendens
1279 3413 1430 3466 Deus
1485 3410 1692 3481 legalis
1745 3411 2058 3466 sacerdotii
2118 3411 2462 3467 dissolutio-

804 3512 964 3567 nem,
990 3499 1071 3554 ait
1098 3514 1201 3570 per
1226 3499 1512 3555 Davidcm
1549 3518 1560 3555 :
1599 3502 1684 3555 Tu
1714 3517 1772 3556 es
1798 3501 2072 3556 sacerdos
2092 3502 2147 3555 in.
2170 3507 2463 3556 (elernam

804 3587 1127 3644 secundum
1146 3589 1412 3646 ordinem
1441 3590 1834 3647 Melchisedec
1858 3590 2041 3662 ’3,qui
2072 3605 2462 3662 nequaquam

805 3676 1027 3745 legales
1061 3678 1331 3733 victimas
1358 3679 1783 3746 oti‘crcbat,sed
1811 3695 2018 3752 preces
2042 3694 2386 3751 panemque
2409 3685 2465 3735 et

806 3767 1033 3832 vinum,
1069 3772 1132 3823 ut
1161 3784 1332 3824 sacra
1361 3769 1608 3825 historia
1638 3768 1835 3825 tradit.
1871 3771 2116 3826 Constat
2161 3775 2362 3824 autem
2385 3769 2464 3824 le-

808 3855 1005 3926 galem
1031 3863 1275 3930 'quoque
1312 3858 1579 3931 politiam
1605 3858 1783 3915 simul
1807 3875 1944 3915 cum
1997 3858 2249 3913 Aaronis
2276 3875 2465 3914 sacer-

809 3943 974 4000 dotio
997 3962 1286 4013 cessasse,
1312 3947 1716 4004 Melchisedeci
1738 3964 1877 4003 vero
1908 3947 2309 4004 sacerdotium
2324 3965 2462 4004 cum

808 4036 1200 4092 conveniente
1228 4036 1342 4092 sibi
1370 4036 1574 4109 politia
1609 4039 1989 4093 successisse.

808 4147 1096 4216 Ejusdem
1137 4163 1213 4204 ea:
1254 4149 1750 4219 interpretatione
1787 4149 2112 4220 Evangelii
2135 4148 2464 4205 secundum

1448 4238 1821 4294 Matt/imam.

881 4348 949 4403 Et
977 4345 1148 4402 sicuti
1191 4345 1388 4418 prisca
1433 4344 1527 4401 lex
1557 4361 1701 4401 oves
1730 4345 2068 4418 vitulosque
2122 4344 2353 4414 habuit,
2385 4345 2466 4402 ita

806 4437 937 4494 haec
976 4451 1135 4492 nova
1161 4436 1540 4491 Dominicum
1568 4431 1958 4505 sanguinem:
1995 4436 2123 4491 Hoc
2149 4437 2356 4505 facite,
2376 4435 2462 4491 in-

806 4527 952 4596 quit,
984 4529 1045 4581 in
1087 4541 1276 4581 meam
1303 4526 2003 4582 commemorationem".
2056 4525 2239 4580 Viden
2273 4531 2337 4580 ut
2362 4526 2466 4580 ab-

809 4617 1032 4672 ducita
1064 4615 1332 4671 Judaicis
1385 4615 1594 4671 ritibus
1636 4620 1690 4670 et
1733 4615 2082 4671 abstrahit?
2111 4616 2272 4671 Sicut
2317 4615 2466 4671 illud

806 4705 1140 4774 faciebatis,
1207 4705 1418 4778 inquit,
1454 4704 1533 4760 ob
1567 4705 2210 4762 commemorationem
2249 4708 2462 4778 A'ngp-

808 4797 1100 4853 tiacorum
1141 4794 1594 4862 miraculorum,
1625 4795 1705 4851 ita
1732 4801 1788 4850 et
1815 4795 1930 4851 hoc
1978 4795 2191 4866 inquit,
2237 4795 2316 4850 ob
2343 4811 2464 4851 me-

809 4887 1065 4942 moriam
1098 4885 1236 4941 mei.
1278 4885 1427 4941 lllud
1467 4885 1546 4941 ob
1593 4885 2135 4956 primogenitorum
2207 4884 2462 4940 salutem

805 4977 1064 5034 effusum
1095 4977 1222 5045 fuit,
1253 4977 1452 5032 hocin
1483 4976 1900 5032 remissionem
1927 4981 2312 5047 peccatorum
2335 4976 2463 5030 uni-

805 5068 956 5124 versi
974 5066 1160 5122 orbis.
1191 5065 1344 5133 Quid
1373 5081 1516 5137 ergo
1537 5066 1564 5119 ?
1587 5069 1736 5121 Num
1755 5065 1936 5121 etiam
1960 5065 2275 5136 antiquum
2295 5063 2458 5134 illud,

806 5157 905 5224 ait,
949 5155 1312 5211 sacriﬁcium
1370 5157 1511 5212 est?
1559 5159 1718 5224 Nego
1771 5155 2096 5210 enimvero.
2145 5155 2465 5226 Propterea

806 5249 965 5303 enim
989 5247 1137 5302 dixit
1172 5248 1296 5302 Hoc
1317 5246 1522 5317 facite,
1553 5250 1617 5300 ut
1657 5245 1736 5300 ab
1775 5244 1876 5300 illo
1901 5244 2464 5300 abstraheret.Nam

807 5339 856 5393 si
905 5336 1020 5392 hoc
1058 5335 1477 5392 remissionem
1546 5339 1950 5407 peccatorum,
1985 5338 2051 5389 ut
2109 5348 2321 5406 reapse
2375 5333 2462 5402 fit,

805 5432 1109 5501 operatur,
1144 5431 1418 5498 superest
1443 5430 1507 5480 ut
1535 5425 1677 5480 illud
1702 5425 1831 5496 jam
1856 5423 2176 5481 sitinutile.

881 5583 927 5617 ¹⁸
965 5580 1120 5639 Psal.
1157 5583 1344 5638 cxx.4.
1390 5581 1434 5615 “
1466 5580 1605 5646 Luc,
1640 5594 1774 5647 χχιι,
1805 5579 1891 5634 19.

879 5739 956 5811 (ο)
993 5737 1143 5806 Edit,
1166 5751 1230 5811 p.
1259 5737 1386 5794 424.

2493 3163 2533 3218 C

2783 1127 2885 1174 Τοῦ
2929 1121 3090 1175 αὐτοῦ
3120 1123 3176 1176 ix
3206 1132 3298 1176 τοῦ
3330 1125 3476 1178 ἕκτου
3518 1131 3635 1200 περὶ
3679 1128 3960 1200 ἱερωσύνης

3236 1213 3391 1284 λόγου

2641 1324 2801 1376 Ὀταν
2851 1322 2909 1378 δε
2947 1332 3036 1378 καὶ
3093 1331 3150 1380 τό
3213 1335 3420 1401 ῐΙνευμα
3458 1333 3516 1382 τὸ
3551 1330 3700 1402 ἅγιον
3765 1332 3920 1405 καλῇ,
3952 1339 4040 1386 καὶ
4085 1339 4179 1393 τήν

2573 1411 3001 1488 φρικωδεστάτην
3087 1414 3289 1489 ἐπιτελῇ
3366 1421 3592 1484 θυσίαν,
3661 1425 3750 1472 καὶ
3834 1427 3925 1473 τοῦ
4004 1431 4178 1475 κοινοῦ

2571 1505 2776 1555 πάντων
2827 1512 3059 1576 συνεχῶς
3117 1505 3408 1578 ἐφάπτηται
3465 1513 3890 1576 Δεσπότου,πού
3938 1511 4176 1584 τάξομεν,

2573 1592 2681 1646 εἰπε
2732 1610 2854 1664 μοις
2888 1598 3063 1652 ΙΙόσην
3096 1591 3155 1647 δε
3215 1596 3368 1648 αύτόν
3413 1595 3769 1671 ἀπαιτήσομεν
3823 1601 4177 1674 καθαρότητα,

2572 1686 2662 1733 καὶ
2723 1687 2892 1739 πόσην
2969 1682 3232 1736 εύλάϐειαν
3268 1701 3282 1750 ;
3323 1686 3600 1743 Ἐννόησον
3656 1691 3754 1762 γὰρ
3831 1689 4013 1749 ὁποίας
4086 1691 4180 1751 τὰς

2573 1778 2736 1823 ταῦτα
2785 1767 3185 1844 διακονουμένοις
3223 1780 3409 1845 χεῖρας
3471 1772 3599 1826 εἶναι
3651 1781 3760 1848 χρή
3795 1790 3812 1808 ’
3855 1779 4035 1830 ὁποίαν
4085 1782 4180 1836 τήν

2572 1859 2816 1932 γλῶσσαν
2883 1865 2976 1919 τήν
3027 1859 3192 1915 ἇκεῖνα
3242 1867 3576 1935 προχέουσαν
3624 1868 3689 1917 τά
3743 1867 3958 1940 ῥήματα
3991 1881 4006 1896 '
4039 1872 4178 1929 τίνος

2575 1946 2634 2002 δε
2696 1949 2757 2002 ού
2818 1952 3183 2026 καθαρωτέραν
3246 1957 3336 2003 καὶ
3399 1952 3686 2026 ἁγιωτίραν
3759 1959 3853 2013 τήν
3927 1963 4179 2009 τοσουτον

2571 2040 2771 2110 πνεῦμα
2844 2036 3226 2112 ύποδεξομένην
3298 2040 3479 2113 ψυχήν
3531 2084 3543 2097 .
3603 2048 3726 2096 Τότε
3800 2049 3889 2097 καὶ
3965 2044 4179 2116 ἄγγελοι

2571 2133 2941 2202 παρεστήκασι
2979 2135 3051 2200 τῷ
3113 2132 3254 2202 ἱερεῖ,
3286 2135 3374 2182 καὶ
3414 2131 3663 2204 ούρανίων
3716 2129 3985 2205 δυνάμεων
4040 2133 4180 2186 ἅπαν

2575 2220 2629 2269 τό
2670 2215 2839 2289 βῆμα,
2872 2219 3016 2269 καὶὸ
3048 2223 3163 2291 περὶ
3231 2222 3289 2270 τό
3337 2221 3715 2295 θυσιαστήριον
3767 2221 4058 2296 πληροῦται
4097 2227 4180 2276 τό·

2574 2325 2665 2366 πος
2696 2306 2761 2367 εἰς
2813 2311 2969 2379 τιμὴν
3011 2315 3102 2360 τού
3142 2311 3376 2379 κειμένου
3421 2347 3433 2359 .
3470 2315 3570 2362 Καὶ
3635 2319 3787 2363 τοῦτο
3855 2313 4026 2364 ἱκανόν
4089 2315 4179 2384 μεν

2573 2397 2852 2454 πεισθῆναι
2926 2400 3014 2448 καὶ
3070 2393 3119 2458 ἐξ
3184 2396 3351 2448 αύτὼν
3425 2405 3524 2449 τῶν
3581 2396 3977 2472 ὶπιτελουμίνων
4034 2405 4173 2453 τότε*

2576 2480 2674 2553 ἐγώ
2750 2479 2809 2535 δε
2874 2488 2964 2535 καὶ
3029 2503 3161 2545 τινος
3226 2489 3433 2542 ἤκουσα
3509 2483 3858 2559 διηγουμένου
3916 2491 4039 2540 ποτε
4102 2488 4183 2540 ότι

2576 2572 2715 2642 αύτῷ
2772 2591 2848 2632 τις
2902 2571 3199 2643 πρεσϐύτης
3250 2575 3547 2646 θαυμαστός
3588 2574 3714 2648 ἀνήρ
3770 2582 3860 2628 καὶ
3919 2575 4181 2628 ἀποκαλύ-

2573 2663 2690 2734 ψεις
2747 2665 2869 2738 όρᾷν
2936 2664 3122 2725 εἰωθὼς
3169 2665 3331 2736 ἔλεγεν
3397 2666 3563 2737 ὅψεως
3620 2667 3879 2729 ἠξιῶσθαι
3927 2672 4176 2730 τοιαύτης

2573 2756 2715 2817 ποτε,
2745 2758 2834 2805 καὶ
2877 2755 3012 2804 κατά
3068 2757 3154 2805 τόν
3193 2757 3375 2827 καιρὸν
3429 2753 3615 2807 ἐκεῖνον
3668 2759 3810 2828 οἰφνω
3852 2757 4049 2819 πλῆθος
4080 2756 4176 2828 ἁγ-

2571 2842 2729 2914 γέλων
2790 2838 3033 2906 ἱδεῖν,ὡς
3093 2842 3231 2912 αύτῷ
3277 2840 3497 2896 δυνατόν
3547 2841 3628 2911 ἧν,
3672 2845 3858 2907 στολὰς
3899 2845 4175 2904 ἀναϐεϐλη-

2572 2935 2731 3004 μένων
2793 2931 3068 3004 λαμπρὰς,
3128 2937 3217 2983 καὶ
3286 2935 3342 2983 τό
3395 2934 3773 3008 θυσιαστήριον
3829 2935 4174 3004 κυκλούντων,

2572 3025 2661 3072 καὶ
2691 3021 2832 3072 κάτω
2871 3024 3114 3072 νευόντων
3138 3065 3151 3089 ,
3179 3023 3247 3082 ὡς
3277 3023 3338 3072 ἄν
3377 3025 3421 3074 εἶ
3448 3042 3527 3083 τις
3560 3030 3885 3097 στρατιώτας
3917 3023 4177 3097 βασιλέως

2573 3114 2822 3185 παρόντος
2849 3109 3134 3171 ἑστηκότας
3163 3107 3274 3162 ἴδοι
3305 3127 3318 3141 ·
3347 3109 3371 3162 ὁ
3398 3109 3494 3183 ἐγω
3527 3114 3791 3184 πείθομαι.

2706 3311 2808 3357 Τού
2840 3303 3000 3356 αὐτοῦ
3041 3302 3094 3355 ἐκ
3124 3311 3213 3364 τῆς
3238 3307 3372 3356 κατὰ
3404 3302 3672 3359 Ἰουδαίων
3705 3305 3889 3379 βίϐλου
3913 3308 4049 3377 (10).

2648 3414 2966 3484 Ῑίρομηνύων
3013 3411 3039 3462 ό
3116 3415 3240 3472 Θεὸς
3313 3416 3404 3471 τήν
3471 3413 3752 3466 κατάλυσιν
3809 3423 3899 3475 τῆς
3962 3422 4180 3488 νομικῆς

2578 3503 2892 3576 ἱερωσύνης,
2939 3503 3110 3572 εἴρηκε
3154 3497 3248 3553 διὰ
3286 3509 3376 3554 τού
3422 3499 3588 3555 Δαϐίδ
3621 3520 3632 3533 ο
3682 3507 3746 3555 Σύ
3806 3500 3853 3556 εἷ
3892 3508 4054 3577 ῖερεύς
4113 3505 4179 3564 εἱς

2576 3596 2662 3643 τόν
2738 3590 2900 3641 αἰῶνα
2974 3593 3107 3641 κατα
3179 3595 3271 3648 τήν
3338 3591 3482 3653 τάξιν
3557 3589 3908 3664 Μελχισεδὲκ,
3991 3593 4046 3654 ὃς
4120 3593 4178 3645 ού

2580 3683 2768 3741 θυσίας
2832 3681 3049 3750 νομικὰς
3115 3681 3336 3751 ἱέρευεν,
3370 3678 3479 3730 ἀλλ’
3511 3681 3672 3752 εὐχὰς
3738 3687 3826 3734 καὶ
3879 3683 4035 3750 οἰρτον
4087 3686 4177 3734 καὶ

2577 3770 2752 3837 οἶνον,
2785 3771 2851 3831 ὼς
2903 3771 2930 3826 ἡ
2982 3769 3189 3842 ἱστορία
3243 3764 3512 3824 διδάσκει.
3577 3767 3844 3842 Πρόδηλον
3901 3768 3960 3824 δε
4009 3773 4072 3831 ὡς
4116 3779 4176 3844 τῇ

2576 3863 2665 3932 μὲν
2727 3861 2978 3933 ἱερωσύνη
3029 3865 3120 3909 τοῦ
3166 3857 3364 3930 Ἀαρὼν
3415 3863 3734 3934 συνανῃρέθη
3795 3865 3884 3913 καὶ
3925 3862 3953 3918 ἡ
3989 3866 4176 3933 νομικὴ

2578 3948 2834 4001 πολιτεία’
2851 3955 2912 4020 τῇ
2941 3944 2998 4000 δε
3018 3955 3106 3999 τού
3127 3945 3459 4020 Μελχισεδὲκ
3492 3951 3916 4021 συναντεισήχθη
3950 3949 4181 4003 πολιτεια

2575 4044 2940 4112 προσήκουσα.

2752 4154 2855 4201 Τοῦ
2905 4145 3064 4200 αὐτοῦ
3112 4145 3166 4198 ἐκ
3209 4154 3300 4206 τῆς
3349 4146 3418 4208 εἰς
3467 4150 3525 4199 τό
3564 4150 3699 4201 κατὰ
3737 4149 4001 4201 Ματθαῖον

3231 4235 3518 4310 ἑρμηνείας.

2649 4351 2749 4403 Καὶ
2780 4349 2950 4420 ὧσπερ
2985 4347 3016 4405 ἠ
3052 4344 3255 4398 Παλαιὰ
3304 4344 3543 4418 πρόϐατα
3589 4350 3681 4398 καὶ
3737 4350 3978 4419 μόσχους
4017 4343 4178 4418 εἶχεν,

2575 4439 2737 4500 οὕτως
2775 4437 2907 4493 αὕτη
2951 4438 2979 4492 ἠ
3028 4439 3188 4492 Καινή
3245 4437 3302 4486 τό
3349 4437 3481 4507 αἷμα
3529 4439 3586 4488 τό
3627 4441 3940 4490 Δεσπότικόν
3973 4452 3985 4465 ’
4015 4443 4179 4489 Τούτο

2576 4483 2737 4500 --...,
2778 4483 2906 4493 τη-.
2955 4483 2977 4492 -.
3254 4483 3296 4486 η
3537 4483 3581 4488 --
3627 4483 3933 4490 --η-.--η-
4024 4483 4176 4489 ---η

2502 4483 2806 4592 1)ποιεῖτε,
2866 4529 3046 4597 φησὶν,
3124 4524 3190 4584 εἰς
3264 4528 3358 4582 τήν
3435 4523 3561 4596 ἐμήν
3655 4524 3965 4599 ἀνάμνησιν.
4035 4522 4181 4588 Εἶδες

2574 4628 2683 4680 πῶς
2742 4615 2912 4686 ἐξάγει
2969 4623 3069 4667 τῶν
3136 4610 3440 4666 Ἰουδαϊκῶν
3504 4613 3628 4668 ἐθῶν
3703 4621 3792 4668 καὶ
3869 4615 4178 4688 ἁφίστησις

2577 4708 2819 4779 Καθάπερ
2902 4706 3058 4756 ἐκεῖνο

2573 4795 2750 4849 τῶνέν
2805 4793 3051 4864 Αἰγύπτῳ
3108 4793 3384 4863 θαυμάτων

3151 4701 3400 4771 ἐποιεῖτε,
3471 4709 3675 4775 φησὶν,
3744 4705 3815 4767 εἱς
3889 4702 4180 4776 ἀνάμνησιν

3415 4836 3429 4863 ,
3473 4794 3608 4844 οὕτω
3646 4798 3918 4846 καὶτοῦτο
3958 4794 4030 4854 εἰς
4085 4799 4179 4852 τήν

2573 4884 2699 4957 ίμήν
2733 4923 2744 4936 .
2793 4885 2980 4936 Ἐκεῖνο
3005 4881 3227 4952 ἐξεχύθη
3263 4881 3335 4942 εἰς
3366 4887 3628 4955 σωτηρίαν
3678 4891 3776 4934 τῶν
3815 4888 4174 4956 πρωτοτόκων,

2571 4982 2724 5028 τοῦτο
2781 4973 2852 5034 εἰς
2908 4973 3091 5043 ἄφεσιν
3140 4970 3408 5044 αμαρτιῶν
3439 4978 3534 5032 τῆς
3586 4971 3894 5044 οἰκουμένης
3943 4971 4176 5041 ἁπάσης,

2569 5070 2632 5119 Τί
2707 5061 2827 5131 ούνς
2886 5066 3000 5136 Χρὴ
3078 5069 3241 5112 ποιεῖν
3308 5061 3512 5113 κακεῖνο
3578 5065 3635 5113 τό
3711 5062 4178 5136 παλαιόνςφησίν.

2573 5149 2832 5225 Οὐδαμῶς
2863 5168 2875 5182 ’
2912 5147 3004 5203 διὰ
3051 5152 3152 5224 γὰρ
3207 5147 3508 5203 τούτοεῖπε
3540 5196 3552 5219 ,
3596 5157 3759 5204 Τοῦτο
3815 5160 4046 5220 ποιεῖτε,
4099 5155 4183 5205 ἱνα

2572 5243 2766 5296 ἐκείνου
2835 5240 3077 5312 ἀπαγάγῃ
3118 5239 3204 5292 ἐἰ
3267 5243 3366 5312 γὰρ
3427 5247 3580 5292 τουτο
3655 5243 3838 5314 ἄφεσιν
3915 5241 4184 5315 ἁμαρτιῶν

2574 5331 2850 5406 ἐργάζεται
2885 5373 2898 5397 ,
2966 5333 3139 5403 ὥσπερ
3226 5325 3314 5382 οὖν
3388 5334 3479 5382 καὶ
3554 5329 3873 5404 ἐργάζεται,
3943 5335 4184 5405 περιττὸν

2575 5421 2736 5474 ἐκεῖνο
2765 5421 2941 5474 λοιπόν
2952 5463 2962 5474 .
3600 5416 3607 5422 ’

2646 5728 2758 5802 (l0)
2789 5725 3002 5786 Confer
3031 5729 3182 5785 orat.
3215 5725 3307 5782 Vll
3338 5722 3628 5783 adversus
3648 5723 3912 5784 Judeos.
