4508 6436
327 315 415 370 161
1632 304 1978 369 THESAURI
2016 309 2107 370 LII

1897 310 1978 369 m1
2016 309 2146 370 LIB.
2176 308 2355 371 XXIV.
3575 320 3677 379 162

322 439 421 494 τοῦ
477 437 638 490 αὐτοῦ
684 435 743 488 ix
800 440 895 496 τῆς
959 432 1224 507 ἑρμηνείας
1290 440 1384 496 τῆς
1458 437 1589 510 πρὸς
1646 433 1913 508 Ἐϐραίους
1944 435 1989 489 Α
2024 436 2102 508 Ej

1897 456 1913 498 ς
1944 435 1989 489 Α
2024 436 2306 508 Ejusdem
2337 452 2413 495 ex
2435 439 2919 512 interpretatione
2938 443 3230 514 Epistolas
3267 444 3351 503 ad
3381 444 3677 504 Hebrcos.

955 522 1230 582 Ἐπιστολῆ
1242 543 1286 584 ς.

408 640 521 708 Ορα
548 634 650 706 γάρ
683 646 699 662 ⁸
730 632 835 683 οἷνω
877 632 1065 702 ἔχομεν
1103 633 1188 681 τόν
1237 629 1391 702 ἱερέα,
1423 630 1527 681 ἄνω
1556 633 1650 688 τὴν
1683 630 1869 683 θυσίαν
1898 651 1912 665 υ
2101 634 2188 705 δρα

1898 651 1912 665 -
2101 634 2315 705 Specta
2356 634 2517 691 enim
2564 653 2577 693 :
2627 652 2888 711 superne
2940 639 3314 698 sacerdotem
3357 640 3677 709 habemus,

316 726 560 783 τοιαύτας
608 720 919 793 ὰναφέρομεν
961 720 1147 779 θυσίας
1195 719 1278 778 τὰς
1329 716 1379 770 έν
1409 722 1582 789 ἐκείνῳ
1631 713 1915 791 δυναμένας
2027 737 2096 777 su

1900 738 1915 779 :
2027 737 2285 794 superne
2314 725 2643 782 victimam.
2674 726 2842 783 Tales
2869 744 2976 784 nos
3004 728 3366 787 adducimus
3386 730 3680 804 victimas,

320 810 705 886 προσφέρεσθαι
736 810 1124 880 θυσιαστηρίῳ.
2027 827 2100 883 qu

2027 827 2161 883 quae
2192 813 2250 868 in
2277 812 2375 870 illo
2413 820 2643 887 queunt
2670 816 2841 873 altari
2869 818 3085 874 offerri.

577 924 681 970 Τοῦ
712 924 873 968 αυτοῦ
899 914 969 976 εἰς
998 918 1086 966 τὸν
1117 912 1402 967 ἀπόστολον
1434 919 1647 986 Θωμᾶν.
2169 920 2357 989 Ejusd

2169 920 2453 989 Ejusdem
2484 936 2559 978 ex
2582 937 2850 980 sermone
2877 924 2949 981 de
2994 926 3219 982 Thema
3248 928 3535 996 apostolo.

386 1020 528 1077 Οἶδα
584 1027 669 1076 τὸν
713 1025 943 1097 Χριστόν
988 1026 1074 1074 τὸν
1128 1024 1246 1075 Υἰόν
1289 1029 1384 1074 τοῦ
1428 1028 1560 1074 Θεοῦ
1598 1026 1687 1075 καὶ
1718 1025 1916 1098 Πατρός
2103 1028 2166 1083 Sc

1899 1042 1916 1083 ς
2103 1026 2233 1083 Scio
2266 1027 2562 1084 Christum
2591 1031 2684 1085 Dei
2706 1031 2889 1087 Patris
2915 1032 3127 1088 Filium
3152 1038 3445 1105 tanquam
3474 1036 3679 1090 Deum.

318 1116 384 1175 ὡς
428 1118 555 1167 Θεόν
603 1130 617 1143 ο
659 1110 784 1165 οἶδα
822 1116 910 1164 τόν
958 1115 1190 1184 Χριστὸν
1235 1118 1326 1172 τῆς
1372 1107 1564 1173 δούλης
1613 1111 1771 1163 αὑτοῦ
1827 1116 1917 1164 καί
2032 1117 2098 1172 Sc

1904 1116 1917 1164 ί
2032 1117 2162 1172 Scio
2199 1117 2493 1173 Christum
2518 1119 2713 1175 Matris
2745 1120 2974 1176 ancillae
3004 1138 3129 1177 suae
3154 1129 3446 1194 tanquam
3473 1122 3684 1179 Filium

316 1208 508 1275 μητρός
557 1206 626 1263 ὡς
674 1206 785 1254 υἱόν
840 1206 1109 1274 φερόμενον
1138 1218 1151 1231 ο
1205 1198 1328 1253 οῖδα
1375 1204 1461 1253 τόν
1524 1205 1754 1273 Χριστόν
1791 1204 1915 1273 ὁμο·
2028 1222 2096 1261 ιη

1907 1232 1915 1243 -
2028 1206 2308 1261 manibus
2350 1213 2666 1275 gestatum.
2704 1210 2835 1265 Scio
2874 1211 3172 1266 Christum
3204 1214 3321 1268 Deo
3356 1214 3510 1268 Patri
3539 1227 3687 1268 con-

314 1297 491 1346 ονσιον
522 1300 595 1362 τῷ
649 1299 764 1362 Θεῷ
805 1296 893 1343 καὶ
942 1294 1109 1363 Ιίατρί
1138 1311 1150 1323 υ
1211 1287 1335 1342 οἶδα
1380 1293 1467 1341 τόν
1506 1294 1739 1363 Χριστόν
1792 1293 1917 1362 ὁμο·
2030 1312 2094 1350 su

1903 1320 1917 1332 -
2030 1296 2508 1352 substantialcm.
2546 1298 2675 1354 Scio
2706 1298 3005 1355 Christum
3047 1301 3396 1357 hominibus
3426 1300 3683 1356 consub-

313 1388 488 1435 οῦσιον
541 1388 645 1442 τοῖς
704 1380 1015 1454 ἀνθρώποις,
1073 1383 1143 1441 ὡς
1180 1382 1452 1453 ἄνθρωπον
1500 1379 1555 1443 ἐξ
1604 1378 1918 1453 ανθρώπου·
2031 1391 2093 1440 διε

1909 1394 1918 1410 ’
2031 1384 2388 1452 stantialem,
2420 1385 2504 1440 uti
2533 1386 2843 1443 hominem
2872 1404 2943 1444 ex
2974 1389 3344 1445 hominibus.
3368 1389 3497 1446 Scio
3530 1389 3689 1445 Chri-

313 1469 437 1524 οἶδα
482 1474 568 1523 τόν
624 1473 852 1545 Χριστὸν
902 1468 1207 1541 ἐπουράνιον
1254 1474 1345 1521 καὶ
1391 1469 1637 1539 ἐπίγειον,
1698 1468 1917 1541 ἀόρατον
2031 1480 2093 1530 εει

1909 1492 1917 1517 ν
2031 1480 2186 1530 stum
2224 1472 2527 1529 caelestem
2558 1480 2615 1530 et
2642 1480 2963 1548 terrenum,
3003 1477 3361 1534 invisibilem
3393 1482 3451 1533 et
3488 1477 3689 1533 visibi-

313 1566 401 1612 καὶ
450 1562 703 1633 ὁρώμενον
755 1576 768 1588 ·
826 1554 950 1611 όῖδα
1006 1561 1092 1609 τὸν
1132 1561 1365 1631 Χριστὸν
1410 1556 1772 1629 ἆψηλάφητον,
1829 1563 1918 1610 καὶ
2030 1562 2093 1618 1ο]

1911 1580 1918 1610 ι
2030 1562 2171 1620 lem.
2224 1563 2354 1620 Scio
2403 1563 2699 1619 Christum
2748 1565 3227 1638 impalpabilem,
3269 1572 3326 1622 et
3378 1582 3416 1622 a
3460 1566 3691 1623 Thema

312 1652 457 1723 παρὰ
517 1655 609 1701 τοῦ
674 1655 841 1719 Θωμα
891 1646 1266 1719 ψηλαφώμενον
1316 1662 1328 1675 ·
1386 1643 1511 1699 οἰδα
1551 1650 1638 1698 τὸν
1688 1650 1918 1720 Χριστόν
2033 1668 2092 1724 pg

1913 1668 1918 1689 ν
2033 1651 2365 1724 palpatum.
2414 1652 2544 1708 Scio
2598 1652 2894 1709 Christum
2948 1654 3316 1727 phalangem
3345 1654 3528 1711 verbo
3557 1670 3693 1728 pro-

314 1733 570 1810 χιλιάδας
637 1737 838 1811 ῥήματι
904 1736 1185 1811 θρέψαντα,
1261 1740 1350 1788 καὶ
1409 1740 1621 1810 νεκροὺς
1687 1734 1917 1794 ἀναστή-
1950 1784 1990 1839 Β
2035 1746 2094 1797 ει

1912 1765 1917 1775 ι
1950 1784 1990 1839 Β
2035 1746 2420 1806 sternentem,
2444 1741 2848 1815 eumdemque
2874 1747 3145 1800 morluos
3182 1743 3591 1811 suscitantem,
3633 1746 3692 1801 et

316 1845 503 1891 σαντα,
552 1830 641 1877 καὶ
700 1829 865 1899 μυρία
906 1830 1204 1882 ποιήσαντα
1261 1826 1504 1896 θαύματα
1567 1832 1628 1897 τῇ
1700 1822 1919 1897 δυνάμει
1950 1822 1990 1839 ⁵¹
2034 1828 2096 1903 pl

1911 1845 1919 1877 ι
1950 1822 1990 1839 ¹¹
2034 1828 2293 1903 plurima
2340 1829 2697 1885 efﬁcientem
2740 1831 3033 1888 miracula
3062 1849 3184 1889 suae
3215 1833 3541 1889 divinitatis
3579 1833 3691 1889 vir-

316 1923 408 1975 τῆς
438 1915 630 1976 οἰκείας
685 1916 926 1975 θεότητος
978 1930 991 1943 ⁸
1035 1909 1159 1965 οἶδα
1210 1917 1296 1965 τόν
1335 1918 1566 1985 Χριστὸν
1604 1916 1921 1977 πεινάσαντα
2035 1926 2094 1975 tu

1912 1935 1921 1967 ι
2035 1924 2178 1976 tute.
2220 1920 2352 1976 Scio
2383 1920 2676 1975 Christum
2703 1922 3083 1991 esurientem,
3136 1922 3451 1988 sitientem,
3485 1924 3692 1992 agoni-

317 2011 410 2057 καὶ
444 2002 755 2074 διψήσαντα
796 2008 885 2054 καὶ
932 2000 1299 2074 ἀγωνιάσαντα
1339 2006 1428 2054 καὶ
1473 2004 1800 2055 κοπιάσαντα
1829 2008 1920 2056 καὶ
2033 2025 2097 2064 za

1912 2024 1920 2055 ι
2033 2014 2286 2079 zantem,
2310 2008 2707 2077 laborantem,
2731 2010 3125 2067 sudantemin
3154 2011 3425 2069 humana
3453 2016 3692 2071 natura.

320 2089 627 2169 idP-beatum
676 2100 737 2163 τῇ
796 2095 949 2164 φύσει
1005 2100 1102 2163 τῇς
1169 2090 1562 2166 ἁνθρωπότητος
1595 2112 1608 2126 ·
1664 2089 1787 2145 οἶδα
1834 2097 1921 2144 τόν
2033 2100 2100 2153 Sc

1914 2114 1921 2139 ν
2033 2098 2164 2153 Scio
2195 2097 2488 2153 Christum
2534 2099 2595 2154 in
2638 2114 2817 2155 carne
2860 2105 3188 2157 mortuum.
3225 2104 3291 2158 Et
3328 2116 3694 2174 quanquam

316 2185 551 2257 Χριστόν
597 2180 922 2233 ἀποθανόντα
973 2185 1176 2254 σαρκί·
1233 2182 1500 2252 γνωρίζων
1548 2190 1646 2233 τῶν
1698 2178 1796 2235 δύο
1832 2185 1921 2254 φῦ·
2034 2202 2096 2241 ηε

1914 2212 1921 2222 -
2034 2192 2387 2241 naturarum
2417 2186 2546 2256 ejus
2574 2186 2975 2244 differentiam
3006 2204 3296 2259 agnosco,
3328 2190 3579 2246 unicum
3610 2189 3694 2246 Fi-

317 2291 448 2325 σεων
496 2271 658 2323 αὐτοῦ
706 2274 765 2323 τὸ
816 2267 1084 2346 διάφορον,
1136 2269 1195 2323 οῦ
1224 2271 1423 2345 μερίζω
1462 2272 1548 2323 τὸν
1591 2271 1677 2324 ἕνα
1704 2273 1821 2325 Υἰὸν
1852 2271 1922 2334 εἰς
2035 2274 2097 2331 lit

1256 2271 1423 2345 ιιρίζω
1462 2272 1548 2323 τὸν
1591 2271 1677 2324 ἕνα
1704 2273 1821 2325 Υἱόν
1852 2271 1922 2334 εἰς
2035 2274 2181 2331 lium
2209 2274 2271 2331 in
2302 2274 2456 2331 duos
2483 2274 2638 2332 ﬁlios
2666 2292 2787 2333 non
2813 2277 3036 2336 divido.

317 2358 420 2415 δύο
449 2360 744 2432 υἰοῦς(Η).

717 2473 821 2520 Τοῦ
852 2465 1013 2519 αὐτοῦ
1039 2465 1111 2529 εἰς
1133 2468 1197 2519 τὰ
1222 2473 1363 2539 φῶτα
1393 2468 1521 2539 (l2).
2412 2458 2492 2529 Ej

1517 2509 1521 2521 ,
2412 2457 2693 2529 Ejusdem
2721 2460 2781 2515 in
2808 2465 3023 2517 saneta
3046 2460 3297 2517 lumina.

395 2574 565 2635 Οὗτός
618 2572 757 2626 ἐστιν
807 2573 833 2624 ὁ
895 2575 1012 2635 Υἱός
1063 2592 1164 2645 μου
1212 2574 1237 2625 ό
1293 2570 1563 2645 ἀγαπητὸς
1615 2572 1663 2625 έν
1825 2573 1926 2631 m3-
2112 2565 2175 2620 H

1920 2604 1926 2615 .
2112 2565 2223 2621 Hic
2246 2570 2329 2621 est
2349 2565 2545 2621 Filius
2565 2581 2726 2623 meus
2753 2567 3005 2623 dilectus
3036 2568 3099 2622 in
3129 2582 3244 2639 quo
3269 2564 3424 2623 mihi
3438 2568 3700 2638 compla-

321 2660 539 2722 δόχησα
566 2680 578 2693 ·
609 2665 730 2723 Υἱός
755 2664 1049 2735 όμοοῦσιος,
1092 2662 1198 2734 οὐχ
1246 2661 1570 2736 έτεροοῦσιος
1599 2679 1612 2692 ·
1651 2665 1929 2735 ὁμοοῦσιος
2041 2671 2101 2711 cu

1916 2684 1929 2726 ;
2041 2656 2217 2711 cui”.
2236 2653 2414 2709 Filius
2435 2654 2964 2711 consubstantialis
2987 2671 3110 2711 non
3132 2654 3284 2711 alius
3309 2654 3696 2725 substantia-'3;

321 2757 441 2827 ἒμοὶ
490 2755 625 2804 κατὰ
680 2754 738 2804 τό
787 2750 1027 2826 ἀόρατον,
1077 2757 1166 2803 καὶ
1210 2752 1489 2823 όμοούσιος
1536 2753 1656 2824 ὑμῖν
1701 2755 1833 2805 κατὰ
1870 2756 1928 2804 τό
2042 2761 2101 2801 cc

1921 2774 1928 2801 ι
2042 2743 2571 2801 consubstantialis
2592 2744 2737 2800 mihi
2762 2750 3061 2817 quatenus
3083 2745 3420 2814 invisibilis,
3442 2745 3701 2803 consub-

323 2846 607 2918 ὁρώμενον,
657 2847 824 2916 ’χωρὶς
863 2842 1126 2915 ἁμαρτίας
1174 2857 1187 2871 ⁸
1236 2841 1329 2893 οῦκ
1388 2841 1535 2903 ἄλλος
1576 2842 1715 2894 ἐστὶν
1756 2841 1932 2905 aris;
2045 2839 2103 2889 st.

1921 2863 1932 2905 ;
2045 2832 2337 2889 stantialis
2358 2832 2530 2889 vobis
2552 2838 2851 2906 quatenus
2868 2833 3140 2906 visibilis,
3159 2834 3269 2891 sed
3283 2835 3412 2891 sine
3430 2837 3701 2908 peccato.

322 2952 449 3006 μου,
495 2936 586 2984 καὶ
647 2930 799 2993 ἄλλος
838 2932 863 2983 ὀ
912 2935 1119 3004 Μαρίας
1174 2932 1300 2990 υἱός.
1342 2935 1426 2989 Μὴ
1470 2927 1660 2985 διελετε
1696 2936 1790 2990 τὴν
1845 2931 1932 2984 ἂν·
2044 2927 2102 2981 Ν(

1924 2962 1932 2973 .
2044 2927 2172 2981 Non
2203 2927 2291 2979 est
2316 2922 2469 2978 alius
2497 2922 2677 2978 Filius
2706 2938 2900 2992 meus,
2928 2928 2984 2980 et
3015 2924 3167 2979 alius
3199 2923 3391 2981 Mariae
3414 2922 3588 2981 filius.
3621 2927 3704 2981 Ne

326 3024 646 3096 θρωπότητα
668 3020 828 3073 αὐτοῦ
858 3017 959 3073 ἀπὸ
989 3028 1083 3083 τῆς
1117 3020 1361 3083 θεότητος
1400 3020 1560 3073 αὐτοῦ
1603 3038 1616 3050 ·
1651 3019 1935 3097 ἀχώριστα
2046 3029 2106 3068 se

1916 3042 1935 3074 ι
2046 3012 2333 3085 separetis
2353 3012 2791 3068 humanitatem
2814 3013 2946 3084 ejus
2967 3013 3046 3070 ab
3067 3012 3345 3085 ejusdem
3365 3011 3696 3084 divinitate;

320 3114 448 3184 γάρ.
1965 3142 2008 3196 ο
2046 3106 2186 3158 sunt
2210 3102 2369 3157 enim
2405 3101 2825 3159 indivisibiles.

322 3226 435 3274 Τοῦ
480 3218 641 3271 αὐτοῦ
690 3216 746 3270 ix
806 3224 897 3280 τῆς
946 3216 1013 3278 εἰς
1061 3219 1119 3269 τό
1160 3220 1295 3270 κατά
1342 3217 1577 3276 Ἰωάννην
1625 3218 1937 3291 Εὐαγγελιον

1927 3239 1937 3267 ρ
2049 3209 2334 3281 Ejusdem
2373 3225 2450 3267 ea:
2495 3211 2989 3280 interpretatione
3021 3211 3343 3283 Evangelii
3378 3210 3707 3271 secundum

998 3307 1283 3382 ἑρμηνείας.
1401 3308 1411 3315 ’
2079 3326 2088 3334 ·
2708 3302 3024 3357 Joannem.

403 3418 591 3469 Ἠνίκα
641 3418 917 3489 προσέρχῃ
965 3423 1037 3486 τῷ
1069 3417 1457 3488 θυσιαστηρίῳ,
1489 3420 1578 3468 καὶ
1609 3414 1942 3489 μεταλαμϐοί-
2124 3408 2183 3463 Cl

1928 3445 1942 3456 .
2124 3408 2270 3463 Cum
2298 3405 2372 3464 ad
2405 3406 2590 3464 altare
2616 3407 2875 3475 accedis,
2917 3412 2973 3464 et
3001 3407 3213 3465 Christi
3243 3407 3605 3479 sanguinem
3632 3422 3708 3464 ex

326 3526 435 3569 νεις
464 3509 526 3558 τό
557 3507 689 3578 αἷμα
719 3512 954 3578 Χριστοῦ
989 3503 1043 3556 ἐκ
1072 3512 1164 3556 τοῦ
1194 3509 1470 3580 ποτηρίου,
1502 3503 1637 3557 οὕτω
1664 3505 1845 3578 νόμιζε
1866 3506 1945 3557 ὅτι
2054 3512 2106 3553 οε

1928 3522 1945 3556 ι
2054 3496 2235 3553 calice
2263 3496 2487 3566 hauris,
2517 3495 2792 3554 existima
2820 3502 2877 3555 te
2903 3496 2982 3555 ad
3002 3497 3216 3557 Christi
3243 3497 3398 3555 latus
3423 3514 3493 3556 os
3521 3512 3707 3571 appo-

326 3600 392 3649 τό
436 3601 611 3668 στόμα
650 3614 744 3648 σου
774 3602 837 3667 τῇ
880 3593 1077 3668 πλευρᾷ
1116 3601 1351 3668 Χριστοῦ
1373 3596 1725 3669 προσέθηκας,
1767 3598 1857 3647 καὶ
1890 3592 1944 3647 ἐκ
2052 3603 2106 3645 ω

1053 3600 1077 3664 ᾇ
1116 3601 1351 3668 Χριστοῦ
1373 3596 1725 3669 προσέθηκας,
1767 3598 1857 3647 καὶ
1890 3592 1944 3647 ἐκ
2052 3602 2215 3659 nere,
2239 3591 2418 3660 atque
2442 3585 2582 3643 inde
2608 3592 2833 3659 potare.

329 3694 433 3747 τῆς
470 3684 691 3755 πλευρᾶς
720 3683 882 3736 αὑτοῦ
912 3687 1095 3745 πίνεις.

627 3799 729 3845 Τοῦ
768 3792 931 3844 αὐτοῦ
962 3790 1017 3843 ἐκ
1055 3800 1151 3853 τῆς
1182 3792 1341 3854 αὐτῆς
1372 3791 1657 3867 ἑρμηνείας.
2294 3764 2407 3837 Eju

2294 3764 2581 3837 Ejusdem
2608 3781 2684 3822 ex
2706 3766 2912 3823 eadem
2942 3766 3457 3836 interpretatione.

409 3900 616 3974 Ὠσπερ
693 3900 795 3972 γὰρ
875 3895 1127 3951 Ἰουδαῖοι
1190 3904 1600 3972 περιτέμνονται,
1670 3901 1822 3972 ἡμεῖς
1888 3895 1946 3952 δὲ
2056 3966 2071 3974 _
2132 3878 2187 3934 51

1932 3918 1946 3951 ε
2132 3876 2313 3934 Sicuti
2361 3875 2522 3930 enim
2561 3874 2751 3930 Judaei
2794 3874 3322 3948 circumciduntur,
3366 3876 3450 3932 ita
3498 3878 3556 3932 et
3600 3890 3712 3932 nos

332 3988 711 4063 βαπτιζόμεθα
741 4005 753 4017 ·
815 3992 906 4039 καὶ
960 3989 1133 4062 ὥσπερ
1174 3987 1353 4040 ἐκεῖνοι
1404 3992 1492 4041 τὸν
1544 3992 1746 4062 Πατέρα
1794 3992 1947 4060 μόνον
2055 3966 2112 4023 δε

1934 4010 1947 4038 ,
2055 3965 2451 4038 baptizamur.
2494 3964 2675 4019 Sicuti
2716 3962 2799 4018 illi
2822 3979 3013 4019 unum
3044 3965 3231 4019 Deum
3263 3966 3497 4020 Patrem
3526 3962 3714 4019 conﬁ-

330 4082 462 4133 Θεόν
510 4077 875 4148 ὁμολογοῦσιν,
921 4078 1073 4148 ἡμεῖς
1127 4073 1186 4129 δὲ
1238 4080 1331 4129 σῦν
1380 4085 1451 4147 τῷ
1495 4082 1662 4150 Ιιατρὶ
1706 4080 1792 4129 τόν
1830 4080 1948 4130 Υἱόν
2058 4061 2110 4111 te

1938 4098 1948 4126 ,
2058 4060 2273 4117 tentur.
2314 4054 2399 4108 sic
2427 4068 2539 4109 nos
2569 4068 2707 4108 cum
2737 4054 2904 4108 Patre
2937 4052 3142 4108 Filium
3173 4068 3417 4125 quoque
3446 4056 3502 4109 et
3532 4052 3718 4123 Spiri-

329 4172 425 4221 καὶ
477 4170 536 4219 τό
584 4168 733 4237 ἅγιον
783 4174 995 4239 Πνεῦμα
1035 4182 1047 4195 ·
1100 4168 1273 4241 ὥσπερ
1319 4186 1373 4219 τε
1412 4168 1557 4219 ἔθυον
1607 4165 1790 4218 ἐκεῖνοι
1815 4170 1949 4240 πρό-
2060 4149 2109 4201 tu

1937 4196 1949 4207 ,
2060 4149 2186 4201 tum
2219 4147 2517 4199 sanctum.
2537 4142 2697 4199 Sicut
2720 4140 2798 4197 illi
2829 4157 3002 4198 ovem
3027 4141 3379 4199 mactabam
3398 4158 3534 4215 qua;
3561 4141 3717 4200 Chri-

332 4257 519 4328 6ατον,
576 4253 638 4313 ἦν
679 4252 738 4308 δε
781 4258 939 4315 τύπος
977 4262 1070 4306 τοῦ
1124 4261 1379 4329 Χριστοῦ,
1442 4256 1589 4327 ἡμεῖς
1642 4255 1815 4307 οὐκέτι
1863 4258 1950 4307 τόν
2063 4238 2112 4289 εί

1939 4276 1950 4304 ,
2063 4233 2137 4289 sti
2205 4238 2383 4305 typus
2449 4234 2595 4300 erat,
2654 4230 2737 4287 sic
2810 4246 2924 4287 nos
2990 4229 3155 4287 haud
3220 4230 3480 4303 amplius
3540 4245 3719 4288 ovem

329 4349 500 4400 τύπον
548 4346 732 4417 θύομεν
778 4343 1064 4417 πρόϐατον,
1107 4342 1234 4397 ἀλλὰ
1271 4348 1359 4397 τόν
1398 4348 1630 4420 Χριστόν
1657 4344 1818 4402 αὐτὴν
1856 4348 1950 4403 τὴν
2062 4328 2109 4396 ίδ

1941 4366 1950 4391 ,
2062 4328 2277 4396 typum
2320 4318 2734 4391 immolemus,
2783 4319 2890 4376 sed
2945 4319 3144 4393 ipsam
3197 4320 3500 4377 veritatem
3556 4318 3721 4377 Chri-

333 4436 613 4495 ἀλήθειαν.
1449 4418 1456 4420 ἡ
2066 4418 2247 4469 stum.

332 4550 447 4598 Τοῦ
488 4542 747 4615 Θεολόσγου
794 4541 849 4594 ἐκ
894 4549 984 4595 τοῦ
1034 4542 1190 4615 λόγου
1228 4550 1319 4596 τοῦ
1367 4561 1396 4597 α
1423 4548 1543 4619 περὶ
1574 4542 1833 4616 θεολογίας
1862 4546 1952 4596 καὶ
1983 4503 2027 4558 D
2072 4522 2112 4575 Τ

1942 4548 1952 4595 ί
1983 4503 2027 4558 Ι)
2072 4518 2356 4590 Theologi
2380 4533 2455 4576 ex
2480 4520 2753 4576 oratione
2791 4515 2856 4573 de
2901 4516 3200 4588 theologia
3229 4522 3283 4573 et
3322 4517 3722 4589 episcoporum

758 4612 1132 4695 καταστάσεως
1164 4612 1498 4689 ἐπισκόπων..
1512 4652 1543 4686 ›
1724 4612 1733 4616 ’
2672 4612 3114 4664 constitutione.

419 4745 684 4813 Κείμενον,
745 4763 772 4790 ‹‹
837 4747 929 4792 τοῦ
959 4740 1187 4813 μεγάλου
1215 4748 1348 4794 Θεοῦ
1419 4746 1509 4794 καὶ
1573 4742 1803 4814 θύματος
1865 4744 1956 4793 καὶ
2072 4807 2106 4814 _
2138 4720 2199 4814 Τξ

1942 4744 1956 4793 ι
2138 4720 2371 4775 Textus.
2420 4738 2449 4768 α
2505 4714 2701 4787 Magni
2751 4714 2852 4771 Dei
2899 4717 2956 4770 et
2999 4713 3209 4771 hostia!
3248 4717 3304 4770 et
3332 4713 3660 4787 pontiﬁcis.
3693 4735 3722 4765 η

332 4830 651 4905 ἀρχιερέως.
714 4852 743 4880 ιο
790 4829 1065 4905 Ἐρμηνεία
1124 4830 1557 4903 τοῦ⁴ἂαχίστου
1621 4831 1735 4903 (13)
1803 4837 1958 4883 Βασι-

1946 4860 1958 4871 ,
2068 4807 2269 4865 Basilii
2349 4804 2585 4862 minimi
2641 4802 3068 4877 interpretatio.
3138 4804 3421 4873 Magnum
3477 4802 3726 4876 quidem

332 4891 483 4975 liiau
515 4936 528 4950 ·
584 4891 960 4993 Μεγαλουιμεν
1008 4926 1135 4976 Θεοῦ
1182 4929 1275 4975 τοῦ
1327 4926 1521 4995 Κυρίου
1570 4922 1717 4994 ἡμῶν
1781 4921 1957 4979 Ἰησοῦ
2070 4903 2112 4957 D

1947 4927 1957 4971 ε
2070 4903 2278 4965 Deum,
2315 4896 2639 4955 Dominum
2679 4898 2957 4952 nostrum
3002 4895 3204 4951 Jesum
3236 4891 3533 4951 Christum
3561 4892 3727 4964 dicit,

418 5110 466 5147 ¹³
496 5107 698 5166 Matth.
733 5123 813 5177 nl,
842 5113 928 5167 t7.

417 5326 539 5395 (il)
571 5326 968 5383 Conferantur
996 5327 1126 5385 haec
1152 5343 1291 5385 cum
1323 5327 1459 5385 edit.
1496 5331 1539 5385 t.
1574 5325 1720 5397 Vill,
1747 5324 1852 5383 ubi
1883 5324 1959 5383 de
2069 5328 2197 5397 ωεξὲ

1944 5340 1959 5383 ι
2069 5326 2297 5397 magns
2338 5298 3724 5397 Basili".ﬁ9ﬁiﬁl‘iEQ‘E-.A.‘ﬁ‘i§.??9.’.’3€99ﬁ

336 5372 1126 5467 5.¹ῆιὶ›ιῖῐει’ζ’ἓὲ“ἆ”ὲῇἰεῖῗ”
1153 5372 1291 5385 ”“”’
1324 5372 1459 5385 ”“”’
1502 5372 1539 5385 ”
1752 5372 1852 5383 ω
1884 5372 1958 5383 ﬂ
2070 5372 2431 5467 έέεἰῗτηίῐιίῖϊιί
2463 5372 3730 5467 93:39.31PPPEE‘PRPinﬂibiiPﬁﬁ‘l‘rfE‘i‘E'

420 5444 1179 5541 (iii'ﬁ‘a'héé‘aé’diﬁénto
1199 5487 1323 5528 non
1350 5471 1537 5528 semel
1566 5470 1958 5529 concionatus
2067 5458 2204 5541 tar_i_i
2233 5455 2312 5539 ad
2342 5446 2701 5541 i‘lajzian‘geniL
2712 5448 3055 5541 ρι’ξὶξξρξξςξι
3074 5445 3732 5541 88131331123119??ng-

336 5514 1958 5616 εεξ’ἀιᾷξξάδηῑιῖεῖῖιΐέξεεῆξινεῖεξιῑιῑέῖίιῑξξεῑῖ
2068 5532 2192 5616 γειί
2244 5522 2514 5616 ίηιορςιει.
2550 5518 2760 5616 Pergis
2789 5515 3055 5589 loquitur
3101 5514 3430 5574 sanemus
3471 5518 3605 5576 οοα.
3639 5533 3728 5591 gr.

336 5593 965 5672 issa‘ws'.""—"’
1019 5593 1077 5601 “’
1118 5593 1353 5602 ’⁷“”’““
1381 5593 1450 5601 ⁷-
1482 5593 1649 5602 ““““”
1682 5593 1805 5615 ’⁴“”
2068 5604 2346 5671 Laurent,
2378 5602 2421 5655 t.
2455 5594 2523 5659 1.,
2551 5606 2614 5666 p.
2645 5593 2769 5647 536.

422 5688 541 5758 (12)
580 5684 726 5746 Cod.
761 5685 1011 5761 μέγαλον,
1042 5690 1201 5749 certo
1228 5702 1425 5749 errore
1455 5686 1850 5748 amanuensis
1882 5684 1958 5744 de
