4508 6436
796 408 897 463 163

2133 400 2402 459 manu:
2429 390 2809 458 (mormur

3986 394 3990 403 ’
4041 402 4147 455 164-

791 544 917 585 non
936 532 1137 585 tamen
1158 543 1321 583 nunc
1336 526 1594 583 Patrem.
1616 526 1737 579 Hoc
1762 522 2126 579 adnotamus
2150 523 2443 579 adversus
2474 526 2523 579 Α
2551 530 2571 576 1

2363 539 2443 578 .us
2474 526 2784 593 ΛΧρισ-τοῦ
2839 522 2995 593 λέγει,
3054 521 3165 575 ἀλλ’
3216 523 3345 594 οὐχὶ
3400 530 3492 575 τοῦ
3547 526 3751 595 Πατρός
3804 542 3912 576 νυν.
3979 529 4143 575 Τοῦτο

789 618 922 673 illos
951 617 1055 688 qui
1085 615 1451 671 vocabulum
1491 628 1771 683 magnum
1805 612 1956 667 Patri
1988 616 2218 667 tantum
2256 612 2441 668 ascri-

789 706 962 773 bunt,
1006 705 1150 761 Filio
1188 710 1389 760 autem
1421 708 1617 774 partes
1653 700 1951 756 secundas
1977 701 2141 756 dant.
2176 701 2441 756 Hostiam

789 810 972 867 porro
1009 798 1067 848 et
1114 792 1457 865 pontificem
1502 789 1827 862 appellant,
1886 789 2033 845 illud
2073 790 2324 861 quidem
2361 788 2441 846 ob

788 882 1135 955 passionem
1156 886 1331 952 etpro
1346 885 1553 935 nostra
1568 878 1757 933 salute
1777 877 2172 944 oblationem;
2188 877 2441 934 alterum

790 976 1012 1040 autem,
1051 970 1197 1042 quia
1234 983 1356 1024 non
1401 966 1479 1023 ab
1519 965 1656 1035 alio,
1698 966 1803 1021 sed
1855 966 2101 1038 prOpria
2137 965 2442 1021 voluntate

788 1058 1138 1115 immolatus
1175 1056 1303 1122 fuit,
1367 1061 1425 1111 et
1471 1054 1551 1110 ad
1588 1054 1992 1110 voluntariam
2026 1059 2291 1129 mortem
2348 1070 2442 1109 ac-

789 1148 986 1205 cessit.

1356 1251 1565 1306 Sancti
1586 1250 1871 1306 Maximi.

863 1360 965 1416 Dei
996 1358 1254 1414 Verbum
1286 1355 1472 1413 semel
1498 1356 1561 1411 in
1599 1371 1778 1411 carne
1804 1360 2034 1418 natum,
2066 1354 2160 1410 his
2197 1355 2444 1428 quidem

791 1448 898 1521 qui
924 1447 1157 1511 volunt,
1177 1450 1392 1519 sponte
1416 1444 1496 1500 ob
1529 1459 1705 1499 suam
1731 1459 1870 1514 erga
1891 1443 2167 1499 homines
2194 1443 2444 1499 Charita-

790 1542 914 1594 tem
957 1550 1193 1608 semper
1242 1533 1591 1589 renascitur.
1635 1532 1837 1603 Fitque
1884 1531 2102 1596 infans,
2137 1548 2200 1587 se
2243 1532 2444 1604 ipsum

789 1623 1104 1680 virtutibus
1138 1620 1525 1694 corporaliter
1565 1620 1626 1674 in
1669 1619 1786 1674 illis
1833 1619 2148 1689 efﬁngens,
2182 1623 2443 1675 tantum-

790 1729 909 1786 que
949 1728 1015 1768 se
1055 1712 1449 1767 demontrans
1487 1712 1785 1780 quantum
1820 1708 2123 1764 continere
2164 1708 2321 1763 valet
2346 1707 2443 1763 ille

790 1802 896 1876 qui
925 1801 1085 1874 capit
1117 1819 1130 1867 ;
1156 1798 1321 1855 haud
1343 1813 1487 1853 sane
1513 1796 1737 1851 invidia
1766 1796 1970 1869 aliqua
1999 1813 2122 1851 suae
2143 1798 2441 1865 magnitu-

791 1867 951 1947 dinis
995 1867 1258 1962 speciem
1312 1888 1613 1949 minuens,
1656 1884 1760 1940 sed
1812 1867 1959 1957 quia
2003 1886 2226 1941 trutina
2268 1885 2443 1941 veluti
2477 1867 2514 1918 Β

791 1977 1351 2036 examinatillorum
1381 1975 1486 2047 qui
1516 1990 1578 2029 se
1615 1974 1813 2029 videre
1844 1974 2096 2045 cupiunt
2129 1974 2433 2029 virtutem.

794 2068 886 2125 Sic
905 2068 1086 2139 igitur
1115 2080 1353 2136 semper
1381 2078 1701 2135 apparens,
1735 2077 1844 2133 pro
1869 2061 2281 2141 recipientium
2314 2077 2444 2116 me-

789 2158 904 2213 rito
950 2155 1051 2211 Dei
1092 2153 1373 2218 Verbum,
1408 2167 1647 2222 semper
1672 2156 1875 2206 manet
1903 2166 2010 2222 per
2047 2152 2315 2222 mysterii
2344 2167 2442 2207 ex-

791 2243 1126 2301 cellentiam
1174 2239 1492 2296 invisibile.
1536 2238 1702 2295 Unde
1752 2238 2053 2310 sapienter
2081 2238 2258 2293 divus
2298 2255 2441 2311 apo—

791 2332 977 2389 stolus
1045 2328 1317 2402 mysterii
1374 2328 1653 2383 virtutem
1696 2326 2068 2392 discernens,
2116 2328 2196 2382 ait
2229 2343 2241 2380 :
2273 2328 2443 2384 Jesus

793 2423 1070 2479 Christus
1102 2420 1235 2475 heri
1280 2423 1335 2473 et
1381 2415 1575 2485 hodie,
1620 2415 1891 2486 idemque
1929 2416 1992 2469 in
2042 2421 2331 2472 aeternum
2374 2418 2439 2470 '5.

788 2510 991 2566 Sciens
1029 2522 1266 2578 semper
1315 2521 1545 2560 novum
1597 2520 1729 2559 esse
1782 2504 2138 2575 mysterium
2183 2510 2241 2559 et
2279 2505 2444 2561 nulla

788 2598 1006 2655 mentis
1031 2593 1569 2667 comprehensione
1588 2595 1986 2650 veterascens.

788 2706 989 2765 Photii
1010 2702 1387 2775 patriarchae
1433 2714 1509 2757 ea:
1544 2714 1815 2756 sermone
1846 2700 1920 2756 de
1947 2700 2144 2756 sancti
2184 2701 2445 2770 Spiritus

1419 2789 1819 2859 mystagoyia.

860 2901 1087 2957 Idcirco
1112 2896 1295 2971 paulo
1320 2901 1456 2969 post
1476 2894 1679 2951 addit:
1711 2895 1826 2950 Ῑιιε
1853 2909 1946 2950 me
1978 2894 2345 2965 gloriﬁcabit
2366 2895 2442 2958 ";

785 2991 1012 3063 ubique
1058 2987 1280 3044 scilicet
1309 2982 2008 3047 consubstantialitatem,
2041 2988 2100 3038 et
2154 2983 2443 3038 unitatem

785 3084 1036 3143 naturae,
1071 3076 1354 3149 parisque
1390 3072 1638 3129 honoris
1681 3072 2035 3142 dignitatem
2072 3071 2442 3127 incolumem

786 3167 1368 3235 servans.Tanquam
1389 3160 1435 3216 si
1452 3160 1588 3233 quis
1608 3159 1850 3227 diceret,
1873 3158 2443 3231 supersubstantiali

787 3260 845 3312 et
869 3252 1317 3325 gloriosissima:
1344 3249 1605 3305 Trinitati
1631 3264 1955 3304 commune
1984 3264 2133 3319 esse,
2168 3252 2233 3302 ut
2262 3264 2323 3302 se
2351 3246 2441 3301 in-

785 3344 980 3400 vicem
1007 3339 1295 3398 ineﬁ‘abili
1320 3338 1591 3395 oratione
1627 3336 1956 3392 dilaudent.
1999 3337 2078 3391 Et
2104 3338 2318 3406 paucis
2346 3338 2440 3391 in-

787 3434 1049 3503 terjectis
1078 3450 1099 3485 .·
1131 3432 1230 3485 Est
1270 3429 1384 3484 illis
1427 3426 1770 3484 communis
1821 3426 2178 3496 dominatio,
2225 3427 2437 3497 virtus,

784 3522 1056 3596 potentia
1087 3537 1102 3575 :
1134 3520 1219 3575 sic
1253 3532 1465 3573 rursus
1495 3522 1553 3571 et
1582 3516 1793 3587 gloria,
1822 3530 1947 3570 non
1976 3531 2049 3572 ea
2078 3515 2276 3572 solum
2305 3532 2439 3587 quae

783 3628 823 3668 a
850 3610 1028 3667 nobis
1051 3607 1411 3671 attribuitur,
1440 3620 1652 3661 verum
1681 3605 1863 3661 etiam
1887 3603 1986 3660 illa
2016 3610 2229 3661 mutua
2252 3620 2440 3677 quam

782 3701 936 3756 inter
965 3714 1028 3754 se
1056 3697 1313 3753 invicem
1339 3694 1657 3766 accipiunt.

783 3807 997 3877 Magni
1052 3802 1382 3860 Athanasii
1426 3815 1503 3857 ea:
1548 3815 1819 3856 sermone
1875 3800 1948 3856 de
1995 3801 2435 3856 lncarnatione.

853 4002 1051 4059 Primo
1072 3998 1318 4072 quidem
1350 4012 1529 4052 suum
1562 3995 1864 4052 amortuis
1893 3996 2201 4053 suscitavit
2219 4012 2440 4069 corpus

780 4090 1093 4157 Dominus,
1150 4102 1479 4158 secumque
1529 4084 1828 4141 exaltavit.
1888 4085 2110 4141 Deinde
2160 4086 2441 4143 membra

779 4195 1025 4255 quoque
1051 4176 1319 4249 corporis
1347 4175 1439 4230 sui
1471 4174 1806 4241 suscitabit,
1845 4179 1910 4229 ut
1937 4174 2145 4229 omnia
2170 4174 2284 4229 illis
2321 4174 2436 4230 lar-

780 4271 979 4343 giatur
1017 4272 1224 4339 utpote
1262 4267 1438 4334 Deus,
1471 4278 1853 4335 quaecunque
1902 4263 2032 4335 ipse
2075 4264 2338 4334 suscepit
2373 4268 2438 4320 ut

777 4360 986 4415 homo.
1046 4355 1180 4427 Ipse
1222 4353 1401 4424 igitur
1443 4351 1557 4407 sibi
1593 4351 1930 4423 impertitur
1966 4352 2170 4417 vitam,
2213 4352 2341 4423 ipse
2372 4369 2436 4409 se

779 4445 1136 4514 sanctiﬁcat,
1172 4443 1303 4515 ipse
1357 4458 1420 4498 se
1464 4440 1705 4496 exaltat.
1758 4442 1904 4497 Cum
1943 4457 2087 4512 ergo
2134 4442 2230 4498 ait.
2267 4442 2432 4515 quod

777 4540 949 4593 Pater
982 4534 1187 4606 ipsum
1229 4529 1641 4595 sanctiﬁcavit,
1672 4534 1728 4584 et
1764 4532 2165 4600 resuscitavit,
2200 4531 2435 4603 sibique
2467 4563 2511 4617 ι)

775 4638 1003 4681 nomen
1032 4635 1213 4693 super
1240 4634 1422 4675 omne
1456 4632 1681 4675 nomen
1709 4617 1960 4689 largitus
1984 4623 2095 4686 est,
2124 4619 2434 4692 vitamque

775 4711 1046 4777 donavit,
1074 4709 1220 4766 satis
1249 4711 1504 4773 constat,
1531 4706 1700 4779 quod
1728 4722 1834 4779 per
1862 4708 2065 4780 ipsum
2091 4710 2302 4764 omnia
2327 4712 2433 4765 Pa-

774 4808 861 4861 ter
882 4804 1187 4875 operatur.
1219 4800 1329 4853 Per
1364 4798 1569 4870 ipsum
1614 4796 1818 4869 itaque
1843 4798 2127 4854 eumdem
2160 4799 2431 4867 suscitat,

772 4907 881 4966 per
892 4891 1100 4963 ipsum
1116 4887 1401 4944 eumdem
1412 4884 1881 4959 sanctiﬁcat,per
1898 4888 2102 4959 ipsum
2124 4889 2436 4945 eumdem-

773 4986 901 5039 met
925 4977 1170 5037 exaltat.
1205 4979 1269 5033 Et
1297 4992 1438 5032 cum
1462 4974 1739 5052 spiritum
1768 4992 1948 5033 suum
1992 4976 2055 5032 in
2085 4977 2277 5034 Patris
2307 4995 2433 5035 ma-

774 5088 891 5129 nus
920 5069 1005 5126 uti
1029 5069 1215 5125 homo
1241 5065 1649 5134 commendat,
1672 5066 1788 5121 sibi
1816 5067 1932 5139 ipsi
1961 5069 2339 5126 commendat
2369 5075 2435 5126 ut

777 5164 921 5226 Deo,
966 5162 1034 5215 ut
1074 5156 1352 5213 homines
1378 5157 1495 5212 Deo
1526 5156 1927 5213 commendet.
1973 5160 2102 5229 Ipse
2140 5158 2300 5215 enim
2332 5160 2433 5216 Dei

775 5264 997 5307 manus
1017 5252 1127 5304 est.

850 5431 899 5466 ¹⁶
928 5425 1107 5485 Hebr.
1128 5440 1250 5492 xm,
1286 5427 1344 5480 8.
1430 5425 1472 5459 "
1515 5424 1684 5481 Joan.
1716 5440 1837 5493 xvi,
1870 5426 1962 5482 14.

2552 612 2909 682 σημειοῦμεθα
2972 614 3097 685 πρὸς
3170 616 3287 672 τοὺς
3368 615 3428 663 τό
3519 611 3744 683 μεγάλου
3818 620 3890 663 τῶ
3977 616 4145 683 Πατρὶ

2550 704 2691 771 μόνῳ
2751 702 3186 773 περιγράφοντας,
3245 709 3317 770 τῷ
3372 696 3423 751 δ’
3471 702 3575 769 Υἱῴ
3625 702 3690 751 τὰ
3736 695 4002 772 δευτερεῖα
4065 696 4146 751 δι-

2551 783 2739 848 ὃόντας
2773 804 2785 817 ·
2835 788 3061 859 θύματος
3104 786 3163 840 δὲ
3206 792 3291 839 καὶ
3347 787 3634 862 ἀρχιερέως
3681 792 3738 839 τό
3781 792 3870 860 μὲν
3910 790 3979 847 ὡς
4018 807 4149 859 σιρα-

2548 876 2870 945 γιασθέντος,
2938 881 3027 927 καὶ
3092 877 3218 950 ὑπὲρ
3298 883 3396 937 τῆς
3462 878 3715 948 ἡμετέρας
3778 878 4123 949 προσενεχθέν

2548 982 2636 1023 τος
2684 968 2948 1035 σωτηρίας
2990 982 3002 994 ·
3045 966 3105 1015 τό
3146 960 3206 1016 δὲ
3248 967 3312 1025 ὡς
3359 964 3466 1035 οὐχ
3504 964 3589 1016 ὑπ’
3621 963 3799 1027 ἄλλου,
3831 964 3916 1035 ὑφ’
3962 964 4147 1015 ἑαυτοῦ

2553 1049 2613 1104 δε
2653 1052 2833 1105 ἑαυτὸν
2875 1054 3165 1123 τεθυκότος,
3208 1058 3298 1106 xui
3336 1054 3408 1116 εὶς
3457 1059 3663 1125 σφαγὴν
3702 1053 3939 1106 ἑκούσιον
3957 1060 4148 1127 ’προτεο

2555 1144 2757 1194 θεικότο
2766 1162 2808 1204 ς.

2995 1256 3098 1302 Τοῦ
3124 1252 3275 1321 ἁγίου
3296 1249 3541 1321 Μαξίμου
3572 1250 3704 1318 (14).

2622 1354 2681 1407 Ὀ
2710 1361 2802 1407 τοῦ
2846 1362 2980 1408 Θεοῦ
3023 1360 3217 1427 Λόγος,
3247 1355 3449 1427 ἐφάπαξ
3484 1356 3622 1406 κατὰ
3662 1355 3836 1427 σάρκα
3870 1355 4148 1424 γεννηθεὶς,

2554 1442 2631 1495 ἀεὶ
2654 1450 2917 1514 γεννᾶται,
2956 1444 3108 1496 θέλων
3133 1447 3268 1495 κατά
3296 1451 3497 1515 πνεῦμα
3523 1440 3617 1494 διὰ
3637 1442 4022 1517 φιλανθρωπίαν
4042 1447 4152 1503 τοῖς

2555 1532 2764 1584 θέλουσι
2821 1550 2834 1562 ·

2555 1629 2863 1692 σωματικῶς
2920 1617 3251 1672 διαπλάττων
3313 1628 3429 1682 ταῖς
3481 1621 3705 1695 ἀρεταῖς,
3767 1624 3856 1672 καὶ
3906 1627 4152 1671 τοσοῦτον

2904 1538 2994 1584 καὶ
3049 1537 3249 1604 γίνεται
3312 1531 3504 1607 βρέφος
3572 1532 3750 1585 ἑαυτόν
3816 1530 3865 1583 ἐν
3947 1530 4153 1590 ἐκείνοις

2552 1714 2850 1781 φαινόμενος
2911 1712 3032 1761 ὅσον
3088 1717 3281 1781 χωρεῖν
3349 1708 3626 1761 ἐπίσταται
3688 1712 3777 1760 τὸν
3843 1704 4153 1779 δεχόμενον,

2552 1796 2610 1848 οῦ
2659 1799 2826 1869 φθόνῳ
2878 1800 3173 1871 σμικρῦνων
3239 1805 3331 1850 τοῦ
3383 1798 3574 1850 οἰκείου
3625 1798 3869 1869 μεγέθους
3913 1801 4030 1864 τὴν,
4077 1799 4155 1847 ἔκ-

2554 1905 2761 1956 φανσιν,
2822 1884 2950 1937 ἀλλά
3006 1890 3176 1957 μέτρῳ
3234 1888 3537 1958 σταθμίζων
3609 1893 3707 1936 ’ὠν
3787 1886 3909 1957 όρᾷν
3992 1884 4152 1955 [cod.

2554 1973 2691 2048 ἐρᾴν]
2717 1976 3011 2027 ποθούντων
3038 1980 3127 2033 τὴν
3160 1972 3383 2047 δύναμιν
3400 1991 3413 2004 ⁸
3444 1975 3603 2034 οὕτως
3624 1973 3703 2026 ἀεὶ
3727 1980 4027 2046 φαινόμενος
4048 1980 4155 2033 τοῖς

2546 2066 2765 2138 τρόποις
2803 2074 2902 2115 τῶν
2950 2069 3190 2137 μετόχων
3230 2066 3255 2115 ό
3299 2069 3392 2116 τόῦ
3434 2073 3567 2118 Θεοῦ
3599 2068 3786 2135 Λόγος,
3820 2063 3893 2115 ἀεὶ
3923 2059 4157 2135 διαμένει

2552 2156 2687 2205 κατά
2708 2158 2800 2211 τὴν
2832 2153 3111 2227 ὑπερϐολὴν
3141 2161 3234 2206 τοῦ
3263 2158 3557 2227 μυστηρίου
3586 2160 3693 2215 τοῖς
3715 2159 3874 2205 πᾶσιν
3904 2150 4120 2213 ἀθέατος
4138 2169 4152 2181 ⁸

2553 2245 2663 2294 ὅθεν
2716 2251 2886 2314 σοφῶς
2927 2251 3019 2294 τοῦ
3077 2247 3374 2317 μυστηρίου
3433 2244 3458 2294 6
3511 2245 3641 2304 θεῖος
3708 2241 3996 2302 ἀπόστολος
4061 2245 4154 2298 τήν

3504 2333 3713 2393 Ἰησοῦς
3754 2333 3987 2404 Χριστὸς
4025 2330 4154 2400 χθὲς

2551 2426 2641 2472 καὶ
2674 2425 2897 2493 σήμερον
2942 2422 2966 2470 ό
3017 2419 3168 2482 αὐτὸς
3216 2426 3305 2472 καὶ
3346 2420 3415 2481 εἰς
3460 2424 3580 2480 τοὺς
3617 2420 3804 2480 αἰῶνας
3829 2433 3843 2449 ⁸
3892 2415 4046 2479 εἰδὼς
4076 2416 4156 2469 ἀεὶ

3195 2514 3285 2561 καὶ
3370 2506 3635 2581 μηδέποτε
3700 2508 3977 2584 περιλήψει
4040 2510 4155 2567 νοός

2554 2327 2776 2403 δύναμιν
2825 2328 3201 2391 διασκοπήσας
3240 2335 3398 2403 φησιν
3438 2349 3453 2363 ⁸

2552 2512 2726 2560 καινόν
2805 2529 2874 2579 μυ
2884 2514 3116 2582 στήριον,

2552 2597 2949 2669 παλαιούμενον.

2553 2708 2756 2756 Φωτίου
2807 2706 3145 2777 πατριάρχου
3195 2703 3253 2755 ἐκ
3310 2711 3402 2756 τοῦ
3448 2704 3606 2776 λογόυ
3636 2710 3730 2756 τοῦ
3764 2708 3883 2777 περὶ
3924 2711 4019 2764 τῆς
4063 2710 4154 2755 τοῦ

2910 2792 3062 2863 ἀγίου
3094 2796 3392 2866 Πνεῦματος
3410 2799 3806 2866 μυσταγωγίας.

2625 2901 2721 2951 Διά
2773 2906 2925 2951 τοῦτο
2972 2906 3080 2971 μετ’
3136 2899 3307 2970 ὀλίγον
3360 2899 3604 2975 ἐπιφέρει,
3665 2902 3748 2952 ὅτι
3806 2902 4000 2952 Ἐκεῖνο
4066 2900 4157 2972 ἐμὲ

2554 2984 2771 3050 δοξάσει
2817 3005 2829 3017 ·
2863 2997 3141 3061 πανταχοῦ
3211 2994 3269 3041 τό
3332 2992 3607 3061 όμοοῦσιον
3665 2995 3754 3041 καὶ
3784 2991 4024 3062 όμοφυὲς,
4065 2994 4156 3042 καὶ

2550 3081 2609 3128 τὸ
2648 3086 2742 3139 τῆς
2793 3079 3073 3150 ὁμοτιμίας
3132 3077 3362 3149 ἀξίωμα,
3411 3077 3671 3151 ἀκηρατον
3723 3086 3991 3152 συντηρῶν
4022 3092 4037 3107 '
4091 3081 4156 3137 ὡς

2551 3166 2612 3216 οἷν
2671 3185 2752 3226 τις
2811 3169 2954 3229 εἵπη,
3026 3172 3204 3219 Κοινόν
3252 3166 3362 3219 ἐστι
3428 3172 3487 3218 τό
3548 3175 3645 3228 τῆς
3698 3169 4012 3241 ὑπερουσίου
4064 3172 4155 3217 καὶ

2552 3250 3073 3328 ῦπερδεδοξασμένης
3117 3252 3345 3329 Τριάδος
3390 3260 3448 3308 τό
3494 3256 3617 3331 παρ’
3668 3254 3897 3312 ἀλλήλων
3944 3254 4156 3329 ἀρρήτῳ

2549 3342 2683 3414 λόγῳ
2730 3339 3071 3405 δοξάζεσθαι.
3122 3349 3222 3397 Καὶ
3271 3345 3380 3415 μετ’
3421 3344 3573 3415 ὀλίγα
3624 3366 3635 3378 ο
3686 3349 3786 3397 Καὶ
3817 3348 3955 3396 ἔστιν
3985 3344 4155 3395 αὐτῶν

2550 3433 2724 3507 ὥσπερ
2791 3436 2959 3485 κοινόν
3031 3436 3059 3491 ἠ
3122 3432 3388 3505 βασιλεία,
3450 3438 3538 3486 καὶ
3586 3436 3615 3491 ἡ
3684 3430 3924 3505 δύναμις,
3972 3438 4061 3484 xui
4095 3436 4155 3484 τὸ

2549 3524 2737 3592 κράτος
2770 3538 2783 3551 °
2835 3523 2969 3573 οὕτω
3020 3527 3109 3574 καὶ
3148 3524 3178 3580 ἡ
3231 3519 3383 3591 δόξα,
3430 3524 3490 3574 οῦ
3541 3529 3694 3595 μόνον
3741 3525 3773 3579 ἡ
3827 3524 3948 3594 παρ’
4007 3524 4154 3595 ἡμῶν

2548 3608 2920 3684 ἀναφερομένη,
2998 3610 3125 3663 ἀλλά
3187 3616 3276 3663 καὶ
3366 3611 3425 3669 ἣν
3493 3611 3643 3664 αὐτοὶ
3715 3609 3969 3683 δέχονται
4028 3611 4152 3685 παρ’

2550 3717 2765 3753 εαυτων.

2546 3810 2649 3857 Τοῦ
2680 3804 2907 3876 μεγάλου
2941 3806 3256 3858 Ἀθανασίου
3278 3805 3331 3858 ἐκ
3354 3814 3444 3858 τοῦ
3467 3825 3585 3880 περι
3606 3814 3699 3868 τῆς
3721 3805 4153 3879 ἐνανθρωπὴσιως

3259 3895 3435 3966 λόγου.

2621 4006 2831 4072 Πρῶτον
2880 3997 2967 4052 οὖν
3020 4005 3079 4053 τό
3128 3999 3265 4054 ἴδιον
3331 4011 3484 4074 σῶμα
3537 4006 3739 4075 ἤγειρεν
3786 4002 3844 4055 ἐκ
3890 4011 4079 4078 νεκρῶν
4124 4004 4151 4053 6

3574 4094 3704 4164 μετὰ
3761 4111 3931 4144 ταυτα
3992 4091 4154 4167 ἐγερεί

2547 4184 2634 4229 καὶ
2682 4180 2748 4229 τά
2803 4178 2930 4250 μέλη
2997 4198 3086 4231 του
3162 4185 3405 4251 σώματος
3460 4180 3639 4249 αῦτου,
3707 4182 3791 4233 ἶνα
3850 4186 4152 4255 χαρίσηται

2545 4266 2716 4327 αὐτοῖς
2772 4269 2840 4318 τὰ
2885 4270 3057 4319 πάντα
3106 4270 3172 4329 ὡς
3210 4274 3360 4340 Θεὸς,
3412 4274 3514 4322 ὅσα
3561 4270 3717 4332 αῦτός
3763 4272 3833 4330 ὡς
3884 4270 4154 4342 ἅνθρωπος

2544 4355 2738 4412 ἔλαϐεν.
2792 4356 2957 4418 Αὐτὸς
3000 4353 3088 4409 οὖν
3138 4357 3304 4429 ἑαυτῷ
3346 4360 3629 4432 χαρίζεται
3675 4360 3835 4423 ζωὴν,
3878 4363 3968 4411 καὶ
3994 4358 4153 4420 αὐτὸς

3922 4466 4006 4500 οτε
4062 4467 4154 4499 ουν

2550 4092 2735 4163 Κύριος
2792 4094 2880 4140 καὶ
2937 4090 3241 4161 συνύψωσεν
3298 4092 3464 4161 ἐαυτῷ
3503 4109 3518 4121 ⁸

2546 4446 2726 4498 ἑαυτὸν
2774 4446 3004 4516 ἁγιάζει,
3063 4453 3153 4499 καὶ
3220 4449 3371 4508 αὐτός
3447 4449 3628 4501 ἑαυτὸν
3680 4448 3808 4519 ὑψοῖ
3856 4466 3869 4478 ’

2544 4534 2676 4605 λέγει
2723 4536 2801 4587 ὅτι
2844 4536 2870 4586 6
2924 4541 3106 4611 Πατὴρ
3157 4538 3373 4607 ἡγίασεν
3403 4539 3582 4599 αὐτόν,
3615 4543 3703 4589 καὶ
3736 4541 3941 4610 ἤγειρεν
3971 4538 4150 4605 αὐτόν,

2543 4630 2633 4676 καὶ
2689 4623 2980 4697 ἐχαρίσατο
3028 4626 3168 4697 αὐτῷ
3217 4631 3378 4699 ὄνομα
3429 4632 3487 4679 τό
3527 4630 3653 4702 ὑπὲρ
3704 4633 3804 4680 πᾶν
3835 4631 4017 4698 ὄνομα,
4062 4632 4153 4678 καὶ

2543 4709 2732 4765 ἔδωκεν
2785 4714 2925 4783 αὐτῷ
2984 4715 3146 4786 ζωὴν,
3192 4712 3350 4775 δῆλον
3404 4718 3485 4768 ὅτι
3542 4713 3616 4768 δι’
3659 4717 3819 4768 αὑτοῦ
3858 4720 3923 4768 τά
3979 4718 4154 4768 πάντα

2541 4810 2680 4854 ποιεῖ
2707 4804 2733 4854 ό
2769 4808 2950 4877 Πατήρ
2994 4819 3007 4833 ’
3041 4800 3114 4856 δι’
3155 4813 3315 4856 αυτοῦ
3367 4802 3454 4857 οὖν
3513 4806 3665 4857 αὐτόν
3702 4805 3905 4878 ἐγείρει,
3938 4810 4028 4857 καὶ
4074 4801 4150 4857 δι’

2543 4892 2704 4944 αὐτου
2743 4892 2899 4944 αὐτὸν
2948 4892 3177 4964 ἁγιάζει,
3230 4899 3317 4945 καὶ
3369 4892 3442 4947 δι’
3473 4895 3633 4947 αὐτου
3683 4896 3841 4947 αὐτόν
3886 4894 4031 4965 ὑψοῖ,
4061 4900 4155 4948 xui

2544 4978 2617 5033 δι’
2653 4981 2813 5034 αὐτου
2873 4988 2966 5042 τὴν
2998 4982 3136 5043 ζωὴν
3175 4984 3318 5055 αὐτῷ
3373 4981 3599 5038 δίδωσιν
3631 5002 3645 5016 ·
3680 4990 3770 5037 καὶ
3804 4986 3887 5037 ὅτε
3923 4990 4153 5057 παρατί-

2546 5074 2689 5125 θεται
2735 5076 2794 5125 τό
2844 5092 3046 5145 πνευμα
3083 5074 3251 5127 ,αῦτου
3301 5079 3368 5137 ως
3413 5078 3679 5149 ἄνθρωπος
3724 5076 3791 5136 εἰς
3830 5083 4014 5149 χεῖρας
4057 5094 4154 5126 του

2544 5164 2763 5235 Πατρός,
2820 5162 2987 5234 ἐαυτῷ
3054 5166 3399 5239 παρατίθεται
3464 5167 3533 5226 ῶς
3603 5173 3736 5237 Θεῷ,
3800 5167 3881 5217 ἶνα
3952 5168 4155 5227 πάντας

2543 5249 2845 5325 ἀνθρώπους
2886 5255 3191 5325 παράθηται
3242 5262 3314 5305 τῶ
3356 5262 3470 5324 Θεῷ
3508 5272 3520 5283 ·

2544 5345 2666 5415 χεὶρ
2698 5349 2790 5394 τοῦ
2818 5346 2964 5394 Θεοῦ.

3573 5254 3729 5315 αῦτός
3778 5257 3879 5328 γάρ
3937 5253 4077 5307 ἐστιν
4120 5256 4151 5313 ἠ

850 5679 967 5754 (lli)
999 5680 1063 5735 In
1090 5675 1369 5749 capitulis
1392 5674 1743 5746 theologicis
1775 5676 1871 5733 ed.
1898 5678 2218 5736 Combeﬁs.
2246 5685 2285 5739 t.
2318 5684 2361 5753 Ι,
2388 5699 2453 5757 p.
2477 5685 2605 5741 512.
