4508 6436
315 397 428 451 165

450 523 557 569 Τοῦ
587 516 748 567 αὐτου
778 519 834 566 ἐκ
873 523 964 567 τοῦ
991 515 1291 587 Ψαλτηρίου
1323 514 1592 587 ἑρμηνείας
1623 515 1694 575 εἰς
1720 518 1801 580 τὸ,

616 626 644 652 α
680 605 906 655 Γενίσοω
933 606 961 659 ἡ
990 608 1110 675 χείρ
1155 622 1247 654 σου
1297 608 1467 653 σῶσαί
1498 622 1580 673 με.
1622 625 1641 651 ο

396 699 553 749 Ζητῶ
581 700 741 765 χεῖρα
765 699 857 743 τοῦ
887 699 1020 743 Θεοῦ
1059 696 1175 763 περί
1202 688 1263 752 ἧς
1292 692 1507 761 εὔχεται
1540 698 1707 743 ταῦτα
1750 690 1927 761 λέγων·

324 782 410 834 Ἐν
470 787 614 854 χειρὶ
666 786 893 854 κραταιᾲ
935 779 1179 849 ἐξήγαγεν
1224 781 1250 829 ὁ
1302 784 1430 839 Θεὸς
1475 784 1561 830 τὸν
1619 780 1834 852 Ἰσραὴλ
1881 779 1933 841 ἐξ

322 870 614 940 Αἰγᾶπτου·
656 875 748 929 Τίς
792 865 851 920 δὲ
893 869 1063 934 αὖτη;
1110 872 1337 940 Χριστὸς
1385 869 1609 928 Ἰησοῦς·
1644 864 1791 928 οὗτος
1830 871 1930 939 γάρ

324 958 447 1010 ἔστι
486 964 574 1010 καὶ
613 963 734 1029 χεὶρ
760 963 848 1008 καὶ
888 953 1038 1019 δεξιὰ
1074 976 1165 1007 του
1195 963 1342 1009 Θεοῦ·
1374 959 1601 1009 rutae»
1639 953 1747 1016 οὖν,
1777 963 1929 1027 φησὶ,

325 1049 357 1105 ἠ
406 1053 532 1121 χείρ
591 1067 684 1099 σου
741 1054 833 1099 τοῦ
896 1051 1067 1098 σῶσαί
1114 1066 1195 1117 με·
1257 1048 1405 1117 τάχα
1453 1051 1541 1097 καὶ
1592 1049 1650 1097 τὸ
1707 1048 1932 1116 γενέσθω

330 1133 494 1194 δηλοῖ
548 1142 777 1189 τοιοῦτον
829 1156 900 1206 τι,
946 1138 1071 1201 οἷον,
1112 1136 1219 1203 Εἰς,
1261 1142 1461 1206 γένεσιν
1506 1134 1690 1187 ἐλθέτω
1729 1137 1758 1192 ἡ
1811 1140 1931 1207 χείρ

324 1245 453 1295 σου,
491 1231 584 1277 καὶ
613 1228 840 1297 γενέσθω
870 1224 954 1277 ἐπὶ
992 1234 1083 1276 τοῦ
1117 1230 1287 1277 σῶσαί
1312 1244 1393 1296 με·

397 1410 506 1455 Τοῦ
534 1402 689 1472 ἁγίου
724 1402 974 1474 Κυρίλλου
1021 1401 1075 1453 ἐκ
1113 1412 1209 1453 τῶν
1240 1405 1371 1453 κατὰ
1402 1404 1860 1473 Πνευματομάχων

724 1490 1104 1564 ἁητιῤῥητικών
1142 1491 1305 1561 λόγων
1335 1496 1469 1557 (15).

402 1581 664 1633 Δὸατυλον
712 1590 847 1633 Θεοῦ
904 1582 1071 1632 καλεῖν
1117 1578 1228 1632 οἶδε
1276 1586 1449 1653 Γραφὴ
1508 1584 1564 1632 τὸ
1615 1587 1823 1651 Πνενμα
1876 1584 1933 1631 τὸ

324 1672 502 1740 ἅγιον,
552 1673 724 1731 καθὼς
774 1676 863 1721 καὶ
918 1672 944 1720 6
994 1674 1221 1742 Χριστὸς
1272 1672 1491 1742 εἰρηκεν·
1550 1669 1607 1721 Εἰ
1661 1666 1719 1720 δε
1765 1668 1813 1719 ἐν
1863 1676 1935 1738 τῷ

372 1726 385 1740 .
489 1726 502 1738 ι
711 1726 724 1731 -
1043 1726 1051 1742 .
1208 1726 1219 1731 -
1317 1726 1377 1742 ,γ
1905 1726 1913 1738 .

329 1756 579 1829 δακτύλῳ
646 1768 777 1811 Θεου
842 1758 1068 1810 ἐκϐάλλω
1135 1762 1200 1809 τὰ
1258 1755 1525 1829 δαιμόνια·
1596 1760 1717 1829 ὅπερ
1788 1726 2005 1817 ὧλοςΒ

328 1848 710 1919 ευαογγελιστὴς
773 1852 821 1899 ιν
879 1851 1140 1918 Πνεύμοίτι
1198 1855 1331 1900 Θεου
1390 1846 1568 1899 εἶπεν·
1630 1848 1816 1917 ὁμοίως
1874 1844 1931 1897 δε

327 1938 717 2009 προσονομάζει
766 1932 940 1997 δεξιάν
983 1941 1072 1987 καὶ
1119 1935 1386 2010 βραχίονα
1428 1942 1513 1987 τον
1572 1940 1707 2002 Υίὸν,
1750 1940 1817 1995 ὡς
1854 1939 1931 2000 τὸ,

328 2027 567 2078 Ἐσωσεν
601 2026 754 2077 αὐτου
790 2027 815 2082 i3
861 2021 1011 2085 δεξιὰ
1040 2024 1220 2090 αὐτου,
1254 2030 1343 2075 καὶ
1384 2026 1409 2075 6
1455 2023 1698 2097 βραχίων
1731 2026 1755 2075 6
1786 2025 1935 2093 οἰγιος

328 2115 529 2166 αὐτου·
602 2117 806 2187 ὥσπερ,
874 2113 961 2164 οὖν
1026 2114 1051 2164 6
1123 2112 1367 2184 βραχίων
1446 2116 1723 2183 ὁμοουσιος
1796 2114 1935 2164 ἐστιν

326 2204 391 2255 οὗ
432 2203 545 2255 ἐστι
578 2202 844 2276 βραχίων,
878 2203 1041 2261 οὕτως
1069 2203 1095 2253 ὁ
1123 2198 1377 2261 ὃάιτυλος
1419 2199 1478 2253 οὗ
1510 2200 1623 2253 ἐστι
1656 2199 1933 2263 δάκτυλος·

326 2296 611 2363 ὁμοούσιον
659 2293 760 2364 ἆρά
802 2299 877 2361 τῷ
911 2299 1073 2362 [largi
1125 2298 1213 2343 καὶ
1262 2300 1333 2360 τῷ
1374 2298 1476 2360 Υίῳ
1516 2296 1572 2342 τὸ
1625 2299 1831 2363 [lasona
1878 2297 1938 2342 τὸ

327 2383 502 2452 ἅγιον.

408 2476 534 2543 Περὶ
562 2490 673 2537 του,
697 2471 818 2522 Ὀτι
850 2470 1003 2530 αὐτὸς
1034 2469 1175 2521 ἐστιν
1202 2472 1227 2520 6
1259 2476 1558 2543 προσφέρων
1590 2476 1675 2521 καὶ
1704 2488 1935 2540 προσφε-

326 2564 548 2634 ρόμενος
583 2567 672 2610 καὶ
712 2555 1154 2632 κροσδεχομενος,
1189 2559 1258 2619 ὠς
1302 2558 1595 2633 ἀρχιερεὺς,
1642 2564 1729 2609 καὶ
1776 2560 1935 2628 Ουμα,

330 2654 423 2700 καὶ
464 2652 609 2712 Θεὸς,
654 2652 770 2705 ἦτοι
796 2647 821 2698 6
856 2652 1042 2719 Κύριος
1063 2649 1209 2718 ἡμῶν
1240 2648 1454 2707 Ἰησοὼς
1488 2653 1731 2719 Χριστος.

332 2828 420 2879 ,Εχ
462 2834 558 2888 τῆς
598 2828 756 2897 εὐχῆς
812 2846 900 2878 τον
959 2826 1185 2897 μεγάλου
1243 2826 1529 2893 Βασιλείου,
1584 2826 1644 2886 ἧς
1694 2829 1721 2882 ἡ
1767 2825 1933 2898 ἀρχτῨ

877 2936 903 2963 ‹‹
948 2912 1137 2975 Ουδεὶς
1175 2916 1339 2976 ἄξιος.
1374 2939 1403 2963 ι»

406 3006 661 3067 Ἀξίωσον
710 3006 1127 3076 προσενεχθῆναί
1170 3024 1254 3056 σοι
1298 3006 1424 3077 ὑπὲρ
1468 3004 1589 3075 ἐμον
1632 3024 1721 3055 του
1773 3004 1935 3076 αμαρ-

327 3095 497 3146 τωλου
544 3100 633 3145 καί
688 3094 897 3155 ἀναξίου
951 3090 1140 3145 δούλου
1190 3113 1284 3145 σου
1332 3098 1397 3145 τὰ
1437 3090 1584 3166 ὃὼρα
1622 3113 1826 3144 ταυταε
1873 3096 1937 3143 συ

327 3188 433 3259 γαρ
462 3185 512 3237 εἶ
545 3186 571 3236 6
604 3190 905 3258 προσφέρων
946 3189 1034 3235 καί
1060 3188 1469 3259 προσφερόμενος
1499 3189 1589 3235 καί
1630 3180 1937 3257 προσδεχο-

328 3294 485 3345 μενος
512 3278 604 3325 καί
645 3270 1016 3345 διαδιδομενος
1055 3275 1081 3324 6
1114 3277 1243 3335 Θεὸς
1274 3275 1438 3345 ἡμῶν.

325 3370 435 3415 Του
486 3364 638 3433 ἁγίου
702 3362 951 3435 Κυρῦκλου
999 3359 1389 3437 Ἀλεξανδρείας
1428 3364 1499 3424 εἰς
1547 3368 1632 3415 τὸν
1685 3368 1941 3434 μυστικὸν

1025 3448 1251 3506 δεῖπνον.

408 3546 643 3612 Πίνωμεν
693 3540 853 3591 αὐτοῦ
893 3544 953 3591 τὸ
991 3542 1124 3611 αἱμα
1167 3545 1225 3592 τὸ
1262 3542 1411 3611 ἅγιον
1461 3543 1527 3601 είς
1578 3542 1796 3614 ἱλασμὸν
1845 3551 1944 3593 τῶν

334 3630 600 3700 ἡμετέρων
638 3630 1095 3702 παραπτωμάτων,
1158 3633 1246 3679 καί
1297 3629 1496 3699 μέθεξιν
1554 3638 1645 3689 τῆς
1702 3630 1752 3682 ἐν
1807 3630 1946 3699 αὐτῷ

329 3718 649 3778 ἀθανασίας·
701 3720 1029 3778 πιστεύοντες
1069 3717 1180 3789 οἶμα
1208 3716 1289 3769 ὁτι
1319 3737 1412 3790 περ
1457 3719 1615 3780 αὐτὸς
1661 3722 1817 3794 ἱερεὺς
1857 3711 1947 3771 καί

332 3810 518 3876 Θυσία,
581 3806 736 3867 αὐτὸς
790 3807 814 3857 6
870 3810 1173 3879 προσφέρων
1231 3813 1319 3858 καί
1386 3815 1794 3882 προσφερόμενος
1857 3814 1945 3860 καί

332 3892 766 3969 προσδεχόμενος
814 3902 904 3946 καί
937 3891 1331 3967 διαδιδομενος·
1385 3903 1456 3967 μὴ
1506 3894 1831 3971 διαιρουντες
1875 3899 1946 3960 εἰς

333 3984 435 4039 δύο
463 4003 722 4060 προσωπα
750 3989 844 4042 τήν
892 3986 1029 4037 θείαν
1062 3990 1151 4036 καί
1190 3983 1562 4038 ἀδιάσπαστον
1617 3992 1705 4037 καί
1737 3992 1861 4060 πρὸς
1889 4007 1945 4059 γε

1647 390 1996 446 THESAURI
2033 388 2165 445 LIB.
2209 391 2363 445 XXIV

1962 516 2011 568 Α
2041 513 2326 582 Ejusdem
2363 527 2439 569 ex
2465 514 2956 583 interpretatione
2982 518 3264 574 Psalterii
3281 519 3364 574 ad
3387 534 3457 575 ea
3482 522 3691 577 verba:

1979 2944 2019 2997 C

3596 402 3695 453 166

2221 623 2248 649 «ι
2284 602 2427 656 Fiat
2456 616 2671 657 manus
2699 611 2801 658 tua
2839 604 2919 660 ad
2949 607 3305 661 salvandum
3341 622 3455 663 me.
3488 631 3517 657 ››

2113 690 2323 753 Ουειιισο
2354 705 2639 760 quaenam
2656 692 2733 745 sit
2756 694 2855 746 Dei
2878 708 3098 748 manus
3122 709 3234 765 pro
3261 710 3387 766 qua
3407 696 3494 750 sic
3520 696 3697 752 obse-

2042 782 2165 832 crat
2193 776 2435 831 dicens:
2475 778 2539 831 In
2578 794 2766 833 manu
2808 779 2940 835 forti
2984 782 3189 837 eduxit
3234 782 3509 838 lsraelem
3542 786 3697 840 Deus

2040 880 2112 919 ex
2140 864 2419 936 Egypto.
2449 867 2739 930 Quasnam
2768 867 2897 923 haec
2926 871 3059 924 est?
3085 869 3347 925 Christus
3367 873 3560 926 Jesus.
3590 872 3696 928 Hic

2039 954 2202 1009 enim
2251 958 2340 1009 est
2368 970 2587 1010 manus
2632 961 2689 1011 et
2725 956 2970 1012 dextera
3012 958 3132 1014 Dei.
3162 959 3302 1015 Fiat
3342 961 3550 1029 igitur,
3592 961 3696 1030 ait,

2040 1057 2254 1097 manus
2276 1048 2381 1097 tua
2402 1043 2483 1098 ad
2499 1046 2862 1100 salvandum
2876 1060 2966 1101 me
2990 1046 3055 1099 η.
3083 1048 3351 1103 Fortasse
3367 1052 3421 1103 et
3442 1049 3697 1105 verbum

2038 1130 2145 1196 ﬁat
2164 1130 2247 1186 ita
2263 1130 2590 1200 significat:
2615 1134 2819 1189 Veniat
2838 1149 3057 1189 manus
3077 1140 3182 1191 tua
3198 1134 3278 1191 ad
3299 1136 3695 1208 nativitatem,

2041 1225 2105 1274 ut
2134 1219 2323 1275 salvet
2359 1236 2476 1275 me.

2041 1396 2248 1452 Sancti
2278 1398 2507 1467 Cyrilli
2528 1414 2604 1455 es:
2640 1400 3053 1457 antirrheticis
3081 1403 3460 1459 sermonibus
3486 1410 3703 1463 contra

2572 1490 3161 1557 pneumatomaclios.

2117 1574 2371 1645 Digitum
2421 1576 2519 1631 Dei
2564 1577 2715 1633 solet
2761 1579 3065 1649 Scriptura
3107 1579 3368 1651 apellare
3416 1582 3702 1653 Spiritum

2044 1670 2343 1729 sanctum,
2379 1664 2554 1720 sicuti
2576 1666 2836 1722 Christus
2863 1666 3038 1723 dixit:
3069 1668 3136 1723 Si
3157 1685 3264 1739 ego
3294 1686 3357 1725 in
3388 1671 3574 1740 digito
3596 1672 3705 1728 Dei

2044 1754 2212 1821 ejicio
2232 1752 2526 1808 dmmza
2556 1755 2621 1819 ‘9,
2646 1754 2707 1809 id
2727 1755 2895 1826 quod
2924 1756 3075 1811 alius
3096 1758 3459 1827 evangelista
3480 1759 3543 1813 in
3570 1760 3701 1829 Spi-

2042 1843 2161 1895 ritu
2192 1841 2302 1896 Dei
2320 1843 2367 1875 ³ο
2404 1841 2564 1897 dicit.
2598 1844 2689 1898 Sic
2720 1844 2861 1899 item
2907 1844 3217 1901 dexteram
3262 1846 3702 1920 brachiumque

2046 1929 2253 1984 Filium
2279 1930 2561 2002 appellat,
2589 1938 2652 1987 ut
2673 1937 2765 1987 est
2785 1932 2960 1987 illud:
2994 1936 3267 1990 Servavit
3290 1950 3422 1990 eum
3451 1936 3703 1994 dextera

2044 2022 2193 2088 ejus,
2235 2026 2289 2075 et
2333 2020 2647 2076 brachium
2694 2028 2969 2077 sanctum
3012 2038 3185 2079 suum
3222 2026 3290 2077 ²¹.
3340 2024 3519 2080 Sicuti
3558 2041 3703 2095 ergo

2046 2108 2359 2164 brachium
2376 2109 2887 2166 consubstantiale
2900 2117 2989 2167 est
3004 2112 3058 2167 ei
3070 2114 3164 2183 cuj
3178 2130 3244 2167 us
3261 2114 3701 2182 estbrachium,

2048 2198 2130 2252 sic
2162 2197 2383 2268 digitus
2409 2198 2461 2253 ei
2492 2200 2665 2269 cujus
2686 2205 2775 2255 est
2804 2200 3045 2270 digitus.
3083 2204 3236 2271 Ergo
3259 2202 3413 2273 patri
3442 2204 3704 2277 Filioque

2047 2286 2576 2343 consubstantialis
2602 2292 2689 2342 est
2709 2288 2959 2359 Spiritus
2988 2294 3255 2345 sanctus.

2120 2464 2287 2529 Quod
2319 2465 2476 2519 idem
2502 2480 2780 2537 unusque
2808 2467 3018 2539 estqui
3044 2467 3219 2523 oﬂ‘ert
3248 2475 3303 2524 et
3330 2469 3436 2540 qui
3460 2468 3708 2526 offertur

2048 2560 2105 2609 et
2141 2553 2247 2624 qui
2282 2554 2510 2625 recipit,
2554 2556 2638 2609 uti
2684 2555 2973 2627 pontifex,
3012 2556 3232 2621 hostia,
3266 2559 3441 2624 Deus,
3486 2573 3708 2631 nempe

2050 2641 2341 2699 Dominus
2368 2648 2569 2699 noster
2593 2642 2769 2699 Jesus
2802 2644 3086 2700 Christus.

2154 2821 2252 2877 Eo:
2267 2823 2615 2890 precatione
2633 2824 2843 2893 magni
2862 2823 3097 2889 Basilii,
3121 2826 3297 2894 cujus
3325 2825 3596 2881 initium:

2576 2932 2603 2959 ιι
2642 2911 2827 2966 Nemo
2866 2911 3106 2981 dignus.
3146 2934 3175 2961 ι’

2120 2998 2393 3069 Dignare,
2445 3003 2510 3054 ut
2539 2999 2644 3055 tibi
2674 2998 3003 3055 offerantur
3032 3015 3142 3072 pro
3183 3016 3277 3056 me
3306 3006 3620 3073 peccatore
3650 3007 3707 3059 et

2048 3087 2299 3157 indigno
2327 3104 2497 3144 servo
2534 3095 2636 3145 tuo
2667 3088 2789 3145 haec
2820 3089 3003 3146 dona.
3036 3092 3119 3145 Tu
3144 3092 3303 3146 enim
3332 3108 3394 3147 es
3424 3091 3703 3160 offerens,

2048 3181 2102 3233 et
2129 3177 2388 3243 oblatus,
2422 3184 2480 3235 et
2509 3183 2798 3251 receptor,
2831 3183 2889 3234 et
2913 3178 3265 3236 distributor
3294 3182 3448 3237 Deus
3475 3186 3699 3240 noster.

2050 3336 2256 3411 Sancti
2294 3355 2513 3427 Cyrilli
2560 3357 2972 3412 Alexandrini
3001 3359 3066 3413 in
3095 3359 3405 3428 mysticam
3447 3374 3704 3426 coenam,

2126 3532 2410 3589 Bibamus
2440 3538 2717 3590 sanctum
2744 3535 2875 3605 ejus
2906 3536 3287 3605 sanguinem,
3320 3535 3400 3591 ad
3425 3540 3705 3608 peccato-

2055 3638 2190 3677 rum
2249 3628 2595 3678 nostrorum
2652 3623 3094 3691 remissionem,
3139 3628 3197 3680 et
3240 3624 3708 3681 immortalitatis

2054 3728 2195 3766 cum
2224 3712 2356 3784 ipso
2377 3712 2895 3784 participationem
2920 3732 2933 3781 ;
2958 3712 3268 3769 credentes
3283 3713 3483 3779 simul,
3502 3714 3709 3787 ipsum

2055 3816 2184 3855 esse
2215 3801 2589 3857 sacerdotem
2619 3805 2676 3857 et
2712 3800 2994 3868 hostiam,
3040 3801 3246 3873 ipsum
3283 3802 3390 3873 qui
3418 3801 3609 3873 offert,
3652 3806 3710 3859 et

2053 3891 2159 3962 qui
2184 3890 2451 3955 offertur,
2496 3895 2555 3946 et
2591 3890 2696 3962 qui
2724 3891 2953 3963 recipit,
2996 3895 3053 3946 et
3100 3890 3205 3962 qui
3233 3890 3554 3948 distribuit.
3604 3894 3709 3947 Ne-

2053 3996 2172 4052 que
2219 3980 2442 4036 idcirco
2472 3980 2534 4035 in
2564 3979 2722 4036 duas
2760 3994 3050 4052 personas
3079 3979 3408 4036 dividimus
3436 3980 3707 4037 divinam

330 4079 529 4127 τούτων
590 4074 899 4145 ὰσύγχντον
953 4077 1133 4126 ἕνωσιν
1180 4094 1271 4126 του
1324 4076 1483 4137 ἐνὸςο
1543 4084 1631 4135 τῆς
1690 4084 1943 4149 παντίμου
1978 4085 2021 4138 D
2054 4076 2109 4125 et

1930 4101 1943 4129 ρ
1978 4085 2021 4138 ι)
2054 4076 2109 4125 et
2136 4068 2601 4142 inseparabilem
2623 4075 2803 4140 atque
2822 4068 3204 4126 inconfusam
3225 4069 3514 4125 unionem
3530 4070 3710 4125 unius

330 4160 569 4238 Τριλδος
598 4165 731 4233 (ίὸ).

400 4259 510 4305 Του
541 4252 698 4322 ἁγίου
733 4251 988 4324 Κυρίλλοῦ
1030 4252 1394 4326 Ἰεροσολύμων
1426 4252 1527 4304 ἀπὸ
1567 4273 1656 4305 του
1688 4257 1760 4315 εἰς
1782 4260 1874 4312 τὴν

330 4342 665 4399 ’Υπαπαντήν
716 4340 895 4410 λόγου,
941 4340 1001 4391 οὗ
1042 4343 1069 4396 ἡ
1129 4340 1298 4413 ἀρχὴ,
1351 4363 1377 4389 ‹‹
1432 4348 1593 4413 Χαῖρε
1644 4339 1871 4416 σφόδρα.
1917 4365 1943 4391 ››

408 4525 598 4594 Ιρέφος
672 4517 868 4590 βλέπω,
939 4524 1155 4590 νομικὴν
1226 4522 1411 4571 Θυσίαν
1468 4523 1797 4593 προσάγοντα
1858 4522 1944 4572 ἐπί

330 4620 438 4681 γῆς
468 4631 482 4644 ⁸
526 4607 634 4661 ἀλλ’
675 4609 828 4661 αὐτὸν
874 4612 965 4670 τὰς
1016 4612 1219 4662 πάντων
1269 4608 1496 4671 εὐσεϐεῖς
1546 4612 1730 4673 Θυσίας
1777 4608 1944 4682 δεχο-

330 4719 487 4773 μενον
544 4700 596 4751 ἐν
644 4700 901 4773 οὐρανοῖς,
948 4699 1102 4751 αὐτὸν
1156 4699 1204 4750 ἐν
1256 4700 1417 4771 Θρονῳ
1473 4699 1771 4775 χερουϐικῷ
1831 4702 1942 4752 θεο-

330 4798 583 4865 πρεπῶς,
670 4789 825 4839 αὐτὸν
910 4794 1316 4862 προσφερόμενον
1395 4795 1483 4841 καί
1566 4790 1942 4861 ἁγνιζόμενον,

330 4881 494 4933 αὐτὸν
562 4883 626 4930 τά
680 4880 851 4930 πάντα
912 4879 1198 4948 ἁγιάζοντα
1256 4884 1344 4930 καί
1401 4885 1733 4954 καταίροντα·
1793 4881 1943 4942 αὐτὸς

330 4976 389 5023 τὸ
422 4966 617 5043 δῶρον,
664 4969 815 5029 αὐτὸς
846 4970 871 5020 6
901 4968 1200 5044 ἀρχιερεὺς,
1245 4974 1399 5029 αυτὸς
1440 4976 1490 5021 τό
1541 4972 1942 5044 θυσιαστήριον,

326 5061 497 5122 αὐτὸς
550 5064 609 5111 τό
687 5058 1009 5131 ἱλαστήριον,
1085 5059 1235 5118 αὐτὸς
1303 5062 1327 5110 6
1400 5065 1724 5135 προσφέρων,
1787 5061 1945 5123 αὐτὸς

326 5154 357 5201 6
413 5151 545 5224 ὑπὲρ
604 5152 807 5220 κόσμου
856 5150 1011 5201 Θυσία
1057 5153 1490 5222 προσφερόμενος,
1542 5149 1693 5209 αὐτὸς
1742 5156 1798 5202 το
1839 5172 1941 5224 πνρ

407 5312 456 5347 ¹⁸
492 5310 646 5367 Psal.
673 5327 861 5379 cxvm,
897 5310 1016 5365 173.
1098 5314 1140 5345 ¹⁹
1178 5314 1293 5366 Luc
1319 5328 1397 5375 χι,
1428 5315 1520 5366 20.

403 5468 433 5502 ο
459 5456 637 5511 Deest
658 5455 720 5510 in
751 5453 893 5511 edit.
924 5474 1015 5506 του
1047 5454 1175 5515 δός.

1597 5314 1643 5346 ²⁰
1667 5314 1863 5369 Matth.
1897 5328 1990 5368 xu.
2019 5316 2108 5367 28.

2053 4160 2128 4216 de
2160 4158 2481 4215 venerabili
2512 4158 2815 4215 Trinitate.

2053 4250 2261 4306 Sancti
2289 4248 2505 4319 Cyrilli
2532 4248 3066 4317 Hierosolymitani
3083 4262 3158 4303 ex
3173 4262 3443 4303 sermone
3467 4248 3531 4302 in
3556 4247 3711 4315 festo

2125 4339 2198 4394 de
2225 4352 2475 4394 occursu
2505 4337 2769 4403 Domini,
2810 4338 2984 4406 cujus
3019 4342 3103 4393 est
3131 4337 3404 4391 initium:
3443 4357 3471 4385 «
3504 4335 3714 4391 Gaude

2122 4440 2493 4498 magnopere.
2528 4447 2556 4474 »

2126 4517 2420 4573 Infantem
2456 4514 2655 4583 video,
2696 4517 2802 4587 qui
2842 4514 3098 4584 legalem
3146 4514 3208 4569 in
3237 4512 3407 4570 terris
3447 4513 3713 4570 hostiam

2051 4605 2258 4672 offert;
2294 4604 2400 4660 sed
2426 4603 2590 4659 hunc
2615 4607 2816 4675 ipsum
2846 4602 3123 4657 omnium
3151 4602 3283 4674 pias
3299 4599 3630 4658 oblationes
3648 4601 3711 4656 in

2052 4695 2215 4751 caelis
2263 4693 2671 4765 recipientem,
2718 4690 3003 4748 eumdem
3036 4690 3099 4747 in
3129 4690 3454 4747 cherubico
3491 4690 3712 4747 throno

2052 4784 2374 4856 magniﬁce
2403 4783 2787 4849 residentem,
2814 4781 3101 4838 eumdem
3121 4781 3395 4838 oblatum
3415 4786 3472 4838 et
3497 4781 3712 4838 sancti-

2051 4879 2318 4943 ficatum,
2337 4873 2624 4930 eumdem
2649 4872 2857 4930 omnia
2880 4872 3358 4929 sanctiﬁcantem
3374 4877 3431 4928 et
3449 4886 3713 4944 purgan-

2052 4973 2191 5023 tem.
2226 4968 2355 5037 Ipse
2385 4962 2613 5019 donum
2659 4966 2766 5033 est,
2794 4962 2923 5034 ipse
2953 4960 3241 5034 pontifex,
3278 4960 3407 5033 ipse
3427 4960 3713 5033 propitia-

2053 5056 2298 5121 torium,
2347 5053 2476 5125 ipse
2519 5051 2798 5119 olferens,
2842 5051 2972 5124 ipse
3019 5050 3266 5106 victima
3315 5065 3427 5122 pro
3479 5049 3711 5105 mundo

2053 5146 2276 5213 oblata,
2304 5144 2431 5217 ipse
2462 5142 2639 5215 ignis,
2670 5142 2801 5214 ipse
2839 5140 3289 5208 holocaustum,
3320 5139 3448 5212 ipse
3476 5138 3714 5211 lignum

2187 5311 2230 5345 ²¹
2261 5307 2417 5365 Psal.
2448 5321 2739 5373 Lxxxxvu,
2771 5310 2821 5361 1.

413 5600 511 5671 (15
552 5601 635 5655 De
658 5598 844 5669 hujus
875 5599 1077 5671 operis
1104 5598 1274 5655 titulo
1314 5598 1493 5665 alibi,
1525 5604 1589 5655 ut
1617 5603 1782 5671 puto,
1812 5600 2028 5658 dicturi
2059 5613 2295 5657 sumus.

409 5690 554 5762 (16).
601 5688 750 5746 Edit.
775 5688 1039 5755 Auberti,
1069 5693 1111 5746 t.
1135 5690 1199 5757 ν,
1232 5693 1382 5760 part.
1411 5689 1481 5761 ll,
1513 5704 1576 5762 p.
1603 5693 1727 5746 378.
