4508 6436
840 402 941 459 16⁸7

2165 392 2438 456 ΝΙΟΕΤΛΕ
2476 396 2855 457 ΟΗΟΝΙΑΤΛΕ

4029 351 4035 364 ⁵
4102 402 4203 459 168

839 525 968 582 vitae
1000 527 1057 581 et
1081 520 1365 591 scientias,
1395 521 1523 594 ipse
1550 534 1772 593 agnus,
1792 519 1922 594 ipse
1948 518 2186 593 gladius
2214 521 2493 595 Spiritus,
2525 527 2571 580 Α
2602 524 2619 575 ί

2423 539 2493 592 ts,
2525 527 2571 580 Α
2602 524 2878 599 ὑπάρχων,
2911 522 3070 587 αύτός
3105 522 3474 591 όλοκαὺτωσις,
3506 521 3660 585 αύτός
3695 523 3763 577 τὰ
3791 521 3919 588 ξύλα
3939 532 4035 588 τῆς
4061 524 4203 589 ζωῆς

837 613 964 688 ipse
1002 616 1231 687 pastor,
1258 610 1389 684 ipse
1427 610 1763 681 agniculus,
1797 610 1925 683 ipse
1956 610 2338 681 sacriﬁcator,
2365 611 2495 685 ipse

837 702 952 772 lex,
984 702 1114 775 ipse
1142 699 1404 773 denique
1427 700 1623 772 legem
1652 699 1922 773 implens.

842 971 1045 1029 Sancti
1074 969 1300 1040 Cyrilli
1330 968 1747 1024 Alexandrini
1781 982 1857 1024 ea:
1874 967 2179 1024 duodecim
2212 967 2495 1038 capitulis

1275 1058 1563 1114 adversus
1601 1057 2081 1113 Theodoretum..

912 1151 1061 1206 Cum
1091 1151 1291 1203 autem
1318 1146 1513 1202 factus
1544 1152 1633 1203 est
1661 1145 1868 1214 homo,
1903 1145 2232 1203 sacerdotis
2251 1161 2497 1219 quoque

842 1238 1024 1309 gessit
1055 1236 1345 1303 ofﬁcium,
1364 1235 1531 1291 haud
1564 1251 1710 1291 sane
1731 1240 1795 1291 ut
1824 1237 1944 1291 Deo
1969 1240 2262 1307 tanquam
2284 1233 2495 1307 majori

838 1344 967 1384 rem
999 1341 1234 1381 sacram
1274 1324 1517 1391 faceret,
1552 1324 1661 1379 sed
1693 1328 1756 1379 ut
1794 1330 1850 1379 et
1880 1324 1991 1379 sibi
2022 1330 2078 1379 et
2100 1324 2254 1379 Patri
2277 1329 2495 1379 nostrae

838 1416 981 1472 ﬁdei
1011 1413 1449 1470 confessionem
1480 1412 1806 1469 exhiberet.
1830 1413 2016 1468 Pudet
2046 1417 2098 1468 te
2129 1412 2497 1479 audientem,

839 1503 1009 1576 quod
1047 1501 1330 1558 sacerdos
1363 1500 1537 1556 fuerit
1566 1505 1865 1573 quatenus
1882 1500 2067 1556 homo
2087 1501 2114 1556 ?
2142 1502 2255 1556 Cur
2280 1499 2498 1555 deinde

838 1607 965 1649 non
1023 1589 1279 1655 miraris,
1327 1589 1497 1661 quod
1542 1604 1665 1645 non
1715 1594 2062 1645 caeterorum
2112 1593 2498 1645 sacerdotum

840 1694 1009 1737 more
1034 1677 1352 1746 sacriﬁcat,
1375 1676 1482 1732 sed
1512 1677 1625 1732 sibi
1648 1676 1767 1749 ipsi
1793 1677 1991 1749 potius
2021 1692 2092 1733 ac
2122 1677 2319 1733 Patri?

1122 1855 1411 1925 Ejusdem
1443 1869 1517 1911 ex
1550 1868 1817 1911 sermone
1845 1854 1927 1911 ad
1945 1855 2207 1925 reginas.

911 1966 1046 2038 Ipse
1074 1963 1253 2033 igitur
1280 1961 1390 2019 fuit
1415 1962 1695 2019 sacerdos
1732 1967 2033 2035 quatenus
2062 1962 2269 2032 homo,
2296 1978 2495 2036 quan-

838 2072 1022 2129 quam
1036 2054 1308 2110 omnium
1332 2053 1669 2125 excipiebat
1688 2054 1979 2111 sacriﬁcia
1998 2058 2298 2127 quatenus
2319 2058 2495 2111 Dens.

840 2147 972 2219 Ipse
1001 2144 1202 2201 hostia
1246 2142 1581 2199 secundum
1615 2159 1879 2215 carnem,
1928 2144 2213 2218 idemque
2250 2150 2498 2218 peccata

841 2237 1050 2292 nostra
1080 2232 1439 2290 condonans
1469 2247 1580 2304 pro
1610 2232 1846 2289 deitatis
1873 2249 1996 2289 suae
2035 2238 2345 2306 potestate.

946 2446 1231 2520 Ejusdem
1261 2461 1335 2504 ea:
1366 2446 1494 2504 loco
1525 2446 1629 2503 ubi
1664 2445 1737 2504 de
1770 2445 2101 2505 obedientia
2141 2447 2391 2505 Christi.

911 2589 1333 2649 Animadverte
1361 2589 1672 2663 quomodo
1693 2590 2093 2647 sacerdotium
2116 2591 2266 2661 gerit
2285 2590 2369 2647 uti
2386 2590 2498 2647 ho-

841 2698 963 2755 mo,
1015 2682 1201 2754 ﬁtque
1244 2680 1539 2736 mediator
1578 2680 1678 2735 Dei
1731 2684 1789 2737 et
1831 2679 2170 2736 hominum.
2223 2680 2499 2752 Cujusvis

840 2773 1001 2828 enim
1033 2768 1361 2826 sacerdotis
1390 2775 1480 2825 est
1520 2769 1905 2825 intercedere.
1941 2770 2372 2826 Verumtamen
2406 2785 2498 2825 sa-

838 2859 1133 2916 criﬁcium
1160 2857 1323 2914 haud
1354 2857 1457 2913 illa
1480 2859 1728 2930 ratione,
1762 2874 1887 2931 qua
1912 2860 2108 2915 caeteri
2129 2858 2491 2930 sacerdotes,

2601 617 2691 665 καί
2718 621 2810 673 τῆς
2833 618 3088 683 γνώσεως,
3120 612 3276 675 αὐτὸς
3301 614 3328 666 ό
3360 611 3538 685 ἆμνός,
3570 613 3721 674 αὑτός
3760 614 3790 672 η
3829 616 4077 687 μάχαιρα
4109 632 4200 667 του

2603 703 2919 773 Πνεύματος,
2953 701 3109 764 αὐτός
3135 703 3161 753 ό
3198 706 3415 774 ποιμὴν,
3462 701 3620 762 αύτός
3649 705 3707 754 τό
3748 700 3941 775 ἀρνίον,
3983 700 4136 763 αὑτός
4175 702 4202 755 ό

2605 790 2779 857 θύτης,
2821 789 2972 851 αὐτός
3009 791 3036 841 ό
3073 794 3245 863 νόμος,
3286 795 3373 842 καί
3400 789 3551 851 αὐτός
3590 794 3616 842 ό
3660 793 3746 842 τόν
3774 794 3928 863 νόμον
3957 790 4195 863 πληρῶν.

2600 970 2704 1017 Τοῦ
2766 963 2919 1037 ἁγίου
2967 964 3220 1040 Κυρίλλου
3290 960 3674 1041 Ἀλεξανδρείας
3711 965 3768 1019 ἔκ
3815 974 3915 1019 τῶν
3967 965 4041 1040 ιβ’
4086 985 4199 1038 κεφ,

3063 1062 3165 1107 τῶν
3200 1058 3338 1108 κατὰ
3376 1052 3737 1131 Θεοδωρήτου.

2677 1142 2818 1195 Ἐπεὶ
2840 1139 2898 1196 δε
2924 1147 3128 1215 γέγονεν
3165 1145 3456 1219 ἅνθρωπος,
3498 1147 3861 1219 κεχρηματικε
3899 1150 3989 1199 καὶ
4022 1148 4200 1222 ἱερεύς,

2605 1232 2711 1305 οὐχ
2742 1235 2809 1296 ὡς
2849 1234 3049 1306 μείζονι
3079 1242 3193 1305 Θεῷ
3222 1235 3594 1307 προσκομίζων
3631 1241 3725 1294 τὴν
3749 1240 4061 1310 ίερουργίαν,
4094 1235 4203 1288 ἀλλ’

2608 1322 2774 1393 ἐαυτῷ
2803 1342 2857 1375 τε
2887 1327 2976 1375 καὶ
3006 1331 3078 1393 τῷ
3116 1328 3305 1397 Πατρὶ,
3334 1332 3430 1386 τῆς
3468 1329 3691 1386 πίστεως
3720 1327 3865 1398 ἡμῶν
3896 1330 3988 1384 τὴν
4020 1325 4205 1397 ὁμολο-

2605 1416 2724 1482 γίαν
2755 1416 3265 1485 πραγματευόμενος.
3296 1415 3578 1486 Ἒρυθριᾴς
3609 1410 3668 1467 δε
3689 1413 3887 1467 ἁκούων
3909 1416 4204 1489 ὄτικεχρη-

2605 1503 2819 1572 μάτικεν
2844 1503 3005 1575 ἱερεύς
3027 1498 3121 1553 διὰ
3141 1505 3198 1554 τό
3219 1500 3538 1573 ἀνθρώπινον
3565 1519 3577 1568 ;
3599 1500 3726 1555 Εἶτα
3744 1511 3848 1564 πῶς
3866 1507 3924 1556 ού
3941 1506 4203 1573 τεθαύμα-

2605 1608 2700 1650 κας
2722 1590 2802 1640 ὅτι
2832 1593 2903 1661 μὴ
2931 1592 3065 1642 κατά
3088 1593 3148 1641 τό
3174 1597 3273 1642 τῶν
3308 1590 3475 1663 ἱερέων
3505 1593 3617 1652 ἔθος
3643 1590 3823 1666 ἐτέρων
3850 1599 4072 1645 ποιεῖται
4106 1598 4202 1654 τῆς

2608 1681 2901 1755 ἱερουργίας
2930 1683 3016 1732 τὸν
3037 1684 3248 1753 τρόπον,
3278 1680 3444 1751 ἐαυτῷ
3471 1677 3531 1733 δε
3557 1680 3748 1753 μᾶλλον
3778 1686 3867 1733 καὶ
3896 1688 3969 1753 τῷ
3995 1684 4163 1756 Πατρὶ
4187 1694 4202 1747 ;

2754 1865 2857 1912 Τοῦ
2898 1858 3057 1911 αὐτοῦ
3098 1857 3198 1911 ἀπὸ
3224 1866 3316 1912 τοῦ
3354 1862 3485 1933 πρὸς
3524 1859 3849 1923 Βασιλίσσας
3872 1860 4049 1933 λόγου.

2604 2035 2609 2040 ,
2678 1966 2846 2028 Αὐτός
2888 1968 2976 2020 οὖν
3018 1968 3123 2042 ἄρα
3167 1970 3371 2039 γέγονεν
3417 1966 3692 2042 ἀρχιερεὺς
3734 1970 3868 2021 κατά
3904 1987 3964 2041 γε
4008 1971 4066 2021 τὸ
4114 1966 4204 2020 ἆν-

2609 2057 2880 2130 θρὼπινον,
2944 2061 3117 2109 καίτοι
3179 2060 3321 2132 παρά
3386 2060 3590 2109 πάντων
3668 2059 3849 2119 θυσιας
3920 2054 4207 2131 δεχόμενος

2608 2146 2823 2205 θεῑκῶςι
2886 2144 3038 2206 αὐτὸς
3084 2148 3143 2197 1'6
3194 2147 3334 2218 θῦμα
3388 2148 3522 2198 κατὰ
3558 2150 3650 2204 τὴν
3709 2148 3881 2219 σάρκα
3911 2166 3926 2181 ο
3986 2146 4143 2207 αὐτὸς
4179 2145 4206 2198 6

2605 2242 2718 2295 ταῖς
2768 2234 3053 2309 ἁμαρτίαις
3111 2234 3442 2308 ἱλασκόμενος
3490 2237 3636 2308 ἡμῶν
3685 2238 3821 2289 κατὰ
3860 2255 3919 2308 γε
3973 2240 4067 2295 την
4110 2244 4207 2297 τῆς

2610 2326 2848 2387 θεότητος
2876 2324 3135 2388 ἐξουσίαν.

2641 2454 2742 2503 Τοῦ
2775 2450 2934 2503 αὑτοῦ
2961 2448 3061 2504 ἀπὸ
3100 2457 3192 2503 τοῦ
3231 2454 3347 2526 περὶ
3381 2452 3613 2514 ὑπακοῆς
3655 2460 3747 2506 τοῦ
3777 2458 4008 2528 Χριστοῦ
4036 2451 4166 2522 (17).

2675 2593 2853 2667 Ἀθρει
2917 2590 2977 2647 δὲ
3038 2596 3171 2655 ὅπως
3239 2595 3485 2670 ίερατεύει
3548 2596 3639 2668 μὲν
3698 2594 4051 2669 ἀνθρωπίνως,
4113 2596 4204 2646 καὶ

2605 2690 2821 2759 μεσίτης
2848 2686 3071 2737 τέθειται
3124 2691 3256 2738 Θεοῦ
3286 2689 3376 2737 καὶ
3431 2682 3711 2757 ἀνθρώπων
3736 2705 3749 2719 '
3800 2686 4060 2757 μεσιτεύει
4099 2685 4202 2755 γὰρ

2606 2782 2704 2836 πᾶς
2754 2778 2951 2850 ἱερεύςο
2994 2779 3081 2827 τόν
3127 2771 3189 2827 δέ
3231 2783 3322 2835 τῆς
3379 2776 3568 2837 θυσίας
3624 2780 3812 2848 τρόπον
3860 2774 4034 2827 ούκέτι
4079 2774 4201 2825 καθ’

2607 2864 2694 2917 ἕνα
2740 2869 2838 2917 των
2887 2865 3003 2917 καθ’
3034 2866 3169 2937 ἡμᾶς
3218 2866 3386 2939 ἱερέων
3428 2865 3774 2938 προσκομιζει
3818 2860 4203 2936 ὃουλοπρεπῶς,

833 2949 898 3006 id
926 2954 1014 3005 est
1045 2947 1334 3003 serviliter
1364 2946 1572 3016 offert;
1620 2946 1701 3003 ita
1730 2952 1796 3002 ut
1819 2947 1966 3003 nihil
1996 2964 2068 3003 ex
2099 2948 2391 3004 sacriﬁcio
2417 2947 2497 3004 ad
2542 3021 2569 3026 _
2606 2978 2613 3026 ι

2424 2947 2497 3004 ad
2542 3021 2569 3026 μ
2606 2950 2773 3026 μηδὲν
2827 2953 2975 3014 αὐτὸς
3023 2956 3361 3006 ἐπικοινωνῶν
3412 2961 3511 3005 τῶν
3565 2954 3637 3016 εἰς
3691 2956 3749 3005 τό
3796 2952 3966 3005 λαϐεῖν
4021 2951 4204 3010 αὐτὴν·

831 3038 1036 3110 ipsum
1083 3036 1417 3093 redundet:
1467 3035 1574 3091 sed
1633 3036 1745 3091 sibi
1802 3042 2106 3108 operatur,
2158 3042 2215 3093 et
2265 3053 2371 3109 per
2428 3052 2494 3093 se
2531 3021 2611 3093 Ci

2428 3052 2494 3093 se
2531 3021 2571 3076 C
2606 3041 2714 3094 ἀλλ’
2757 3040 2922 3115 ἑαυτῷ
2960 3045 3381 3116 πραγματεύεται
3419 3047 3509 3095 καὶ
3540 3039 3612 3095 δι’
3653 3041 3812 3095 αὐτοῦ
3855 3046 3945 3094 καὶ
3974 3044 4023 3094 ὲν
4066 3039 4207 3111 αύτῷ

832 3128 1054 3199 ipsum,
1106 3130 1287 3197 atque
1326 3124 1387 3179 in
1437 3140 1565 3180 sese
1608 3127 1729 3181 Deo
1769 3129 1827 3180 et
1857 3126 2031 3181 Patri.
2064 3128 2131 3181 Et
2151 3129 2367 3196 paucis
2405 3128 2495 3183 in-

834 3216 1095 3286 terjectis
1122 3232 1135 3268 :
1169 3214 1351 3284 Igitur
1378 3213 1617 3269 etiamsi
1657 3213 1996 3271 sacriﬁcare
2024 3215 2361 3271 secundum
2386 3216 2493 3272 hu-

832 3320 1080 3362 manam
1109 3307 1391 3361 naturam
1420 3302 1658 3367 dicitur,
1697 3302 1884 3359 nihilo
1925 3308 2128 3360 tamen
2158 3305 2359 3361 minus
2389 3305 2496 3361 ho-

832 3394 1008 3450 stiam
1034 3392 1293 3464 ipsemet
1318 3390 1570 3462 suscipit
1607 3396 1907 3463 quatenus
1937 3394 2130 3461 Deus;
2158 3392 2320 3449 idem
2342 3392 2491 3450 scili-

832 3488 923 3540 cet
952 3486 1107 3539 Deus
1142 3480 1325 3537 simul
1346 3484 1527 3553 atque
1554 3480 1760 3537 homo.

903 3573 1003 3629 Ex
1031 3572 1517 3643 tetraevangelio,
1548 3571 1960 3640 interpretatio
1988 3569 2421 3644 archiepiswpi

1494 3660 1823 3730 Bulgariae.

907 3753 1093 3809 Lucas
1161 3752 1363 3807 autem
1430 3748 1530 3818 ait,
1591 3748 1654 3805 id
1709 3765 1955 3823 quoque
2015 3750 2236 3809 dixisse
2293 3751 2488 3809 Domi-

835 3855 1021 3899 num:
1072 3839 1201 3896 Hoc
1239 3840 1429 3909 facite
1461 3840 1525 3895 in
1568 3854 1757 3895 meam
1787 3842 2390 3899 commemorationem
2420 3843 2486 3897 η.

834 3934 975 3997 Ηοο,
1021 3928 1235 4002 inquit,
1295 3932 1385 3985 est
1428 3943 1659 3985 novum
1704 3929 2104 4001 mysterium;
2159 3929 2306 3986 illud
2351 3946 2491 3989 vero

832 4026 1024 4079 vetus.
1084 4022 1151 4076 Et
1218 4019 1361 4076 illud
1424 4016 1673 4092 quidem
1740 4018 1819 4075 ob
1885 4020 2244 4077 memoriam
2308 4020 2494 4079 ﬁebat

832 4114 1209 4168 servatorum
1238 4110 1299 4166 in
1328 4111 1585 4181 Egypto
1607 4107 2036 4166 Hebraicorum
2065 4110 2491 4183 primogenito-

829 4216 989 4271 rum,
1013 4204 1070 4256 et
1100 4199 1257 4255 illius
1288 4212 1472 4271 quam
1503 4197 1692 4253 Judaei
1736 4197 1939 4271 adepti
1979 4204 2121 4254 sunt
2163 4199 2487 4270 libertatis;

830 4288 946 4345 hoc
990 4295 1193 4345 autem
1222 4287 1284 4344 in
1314 4286 1546 4342 domini
1584 4288 2221 4345 commemorationem
2259 4290 2342 4345 ﬁt.
2386 4292 2492 4347 Per
2523 4282 2567 4338 Ι)

829 4378 947 4435 hoc
975 4379 1137 4434 enim
1167 4376 1529 4434 sacriﬁcium
1558 4375 1619 4431 in
1649 4377 2007 4433 memoriam
2036 4378 2215 4434 nobis
2246 4394 2488 4437 revoca-

832 4484 987 4539 mus,
1022 4466 1190 4540 quod
1214 4466 1264 4522 is
1286 4481 1464 4522 suum
1491 4481 1710 4537 corpus
1731 4468 1909 4522 morti
1930 4467 2258 4538 tradiderit,
2283 4486 2491 4526 suum-

830 4572 949 4631 que
974 4555 1332 4627 sanguinem
1356 4554 1575 4610 fuderit
1599 4569 1613 4619 ;
1635 4560 2049 4629 perpetuoque
2079 4557 2194 4614 hoc
2223 4558 2341 4615 ritu
2365 4575 2488 4616 me-

831 4648 1090 4704 moriam
1119 4646 1203 4702 rei
1233 4660 1618 4701 renovamus.
1648 4643 1845 4707 Viden’
1868 4647 2180 4717 quomodo
2221 4664 2257 4704 a
2293 4654 2491 4706 vetere

833 4736 1126 4794 sacriﬁcio
1157 4734 1237 4791 ad
1278 4749 1509 4790 novum
1534 4733 1889 4791 transtulit?
1921 4737 2036 4792 Cur
2074 4738 2235 4792 enim
2265 4737 2490 4795 diutius

831 4843 987 4900 opus
1018 4830 1144 4883 erat
1179 4824 1445 4893 imagine
1475 4822 1567 4878 his
1599 4823 1703 4896 qui
1731 4828 2124 4898 prototypum
2160 4825 2289 4898 jam
2336 4832 2495 4885 tene-

832 4916 1024 4974 bant?
1070 4916 1254 4971 Porro
1300 4914 1382 4970 ait
1428 4914 1914 4986 Chrysostomus,
1947 4915 2241 4973 Christum
2290 4918 2493 4991 ipsum

828 5007 1066 5066 initium
1092 5002 1303 5061 fecisse
1340 5003 1741 5077 participandi
1774 5005 1827 5062 ei
1854 5008 2165 5079 mysterio,
2190 5013 2253 5064 ut
2274 5008 2357 5066 ita
2386 5010 2492 5067 im-

827 5098 1073 5171 pelleret
1110 5093 1440 5168 quominus
1484 5109 1521 5149 a
1558 5094 1861 5151 vescendo
1892 5110 2073 5152 carne
2105 5102 2161 5153 et
2198 5101 2494 5170 sanguine

826 5192 1074 5262 propter
1102 5185 1187 5241 rei
1205 5173 1607 5240 insolentiam
1633 5199 1757 5241 non
1780 5184 2199 5243 abhorrerent.
2235 5189 2298 5245 id
2326 5190 2493 5263 quod

824 5279 955 5351 ejus
1000 5276 1160 5332 dicto
1200 5274 1344 5330 satis
1387 5272 1873 5345 demonstratur;
1915 5277 2063 5332 Dico
2101 5279 2259 5335 enim
2311 5281 2490 5349 vobis,

821 5384 943 5425 non
971 5366 1168 5423 bibam
1194 5364 1452 5420 ulterius
1480 5378 1556 5419 ex
1574 5362 1684 5420 hoc
1704 5365 2004 5434 genimine
2027 5368 2181 5433 vitis,
2208 5384 2395 5443 usque
2415 5372 2495 5428 ad

826 5458 981 5515 diem
1002 5456 1177 5512 illam
1206 5468 1340 5510 cum
1358 5453 1519 5509 illud
1535 5468 1755 5510 novum
1783 5454 2083 5512 vobiscum
2108 5457 2303 5515 bibam
2321 5460 2377 5515 in
2405 5477 2491 5519 re-

899 5603 948 5638 ²²
980 5601 1124 5657 Luc.
1156 5614 1290 5669 xxii,
1324 5601 1409 5655 l9.

2597 3945 2768 4010 τοῦτο,
2854 3942 3002 4011 φησὶ,
3093 3941 3152 3991 τὸ
3234 3940 3410 3990 καινὸν

2603 3141 2675 3204 τῷ
2717 3141 2830 3205 Θεῷ
2859 3138 2950 3185 καὶ
2980 3138 3168 3207 Πατρί.
3213 3138 3315 3186 Καὶ
3344 3134 3453 3205 μετ’
3482 3130 3655 3206 ὀλίγα,
3700 3128 3900 3185 Ούκοῦν
3939 3130 4034 3183 κᾶν
4068 3131 4211 3204 ἱερα-

2604 3224 2763 3275 τεύειν
2813 3220 3143 3297 ἀνθρωπίνως
3182 3220 3407 3295 λέγεται,
3447 3220 3577 3274 ἀλλά
3623 3217 3841 3293 δέχεται
3888 3226 3982 3279 τὴν
4024 3222 4211 3273 θυσίαν

2604 3312 2757 3374 αὐτὸς
2796 3314 2980 3376 θεῑκὼς
3009 3314 3035 3365 ό
3066 3312 3221 3375 αύτός
3253 3316 3320 3364 ὧν
3359 3312 3490 3385 όμοῦ
3519 3317 3610 3366 καὶ
3636 3315 3766 3375 Θεὸς
3790 3311 3880 3365 καὶ
3903 3312 4200 3386 ἄνθρωπος.

2702 3577 2791 3632 Ἐκ
2819 3573 2909 3632 τοῦ
2941 3578 3376 3653 τετραευαγσγέλου
3408 3579 3651 3654 ἑρμηνεία
3680 3578 3771 3633 τοῦ
3792 3577 4107 3653 Βυλγαρίας.

2672 3764 2881 3823 Λουκᾶς
2928 3753 2987 3813 δε
3032 3762 3160 3832 λέγει
3204 3762 3291 3812 καὶ
3324 3778 3476 3813 τουτο
3514 3760 3668 3815 εἰπεῖν
3714 3763 3828 3814 τότε
3862 3760 3950 3814 τὸν
3991 3757 4203 3836 Κύριον,

2600 3850 2680 3902 ὅτι
2758 3850 2936 3903 ’Τοῦτο
3028 3854 3221 3903 ποιεῖτε
3312 3848 3381 3911 εἰς
3472 3853 3564 3908 τὴν
3654 3848 3780 3924 ἐμὴν
3872 3847 4200 3923 ἀνάμνησιν*

3508 3943 3848 4011 μυστὴσιονο
3934 3942 4025 3991 καί
4112 3940 4204 4013 μὲν

2600 4026 2758 4081 ἐκεῖνο
2805 4030 2864 4080 τὸ
2908 4026 3125 4080 παλαιὸν
3152 4047 3165 4062 ο
3212 4024 3371 4080 ἐκεῖνο
3409 4029 3499 4100 μὲν
3547 4030 3647 4103 γὰρ
3699 4032 3756 4081 τὸ
3809 4029 4087 4101 θυσιασμα
4133 4027 4207 4091 εἰς

2602 4116 2890 4190 ἀνάμνησιν
2975 4115 3169 4189 ἐγενετο
3250 4123 3346 4179 τῆς
3444 4115 3495 4169 ἔν
3590 4117 3839 4189 Αἰγύπτῳ
3940 4122 4208 4193 σωτηρίας

2600 4214 2699 4258 τῶν
2750 4204 3030 4279 Ἑϐραϊκῶν
3077 4209 3439 4280 πρωτοτόκων,
3487 4209 3577 4257 καὶ
3629 4212 3718 4266 τῆς
3767 4214 3868 4257 τῶν
3936 4203 4208 4259 Ἰουδαίων

2600 4293 2920 4368 ἐλευθερίαςο
2969 4300 3122 4347 τοῦτο
3180 4291 3238 4347 δὲ
3304 4299 3375 4356 εὶς
3433 4292 3722 4367 ἀνάμνησιν
3773 4301 3864 4347 τοῦ
3912 4298 4205 4349 Δεσπότον·

2602 4380 2697 4438 διὰ
2744 4392 2837 4447 τῆς
2885 4386 3130 4445 τοιαύτης
3182 4386 3282 4458 γὰρ
3331 4386 3522 4446 θυσίας
3577 4383 4081 4458 ἀναμιμνησκόμεθα
4127 4386 4209 4439 ὅτι

2600 4478 2658 4528 τό
2714 4483 2867 4547 σῶμα
2904 4473 3064 4526 αὑτοῦ
3116 4469 3416 4547 παρέδωκεν
3457 4473 3529 4536 εἰς
3570 4475 3947 4539 θάνατον,’καὶ
3976 4478 4035 4528 1'6
4076 4475 4207 4548 αἷμα

2602 4564 2763 4617 αὑτοῦ
2815 4562 3018 4635 ἐξέχεε·
3069 4566 3159 4615 καὶ
3210 4570 3270 4635 τῇ
3325 4568 3572 4635 συνεχείᾳ
3618 4568 3709 4622 τὴν
3762 4569 3971 4637 μνήμην
4026 4562 4205 4618 ἀνανε-

2601 4655 2815 4726 ούμεθα.
2887 4648 3033 4713 Εἶδες
3107 4660 3213 4714 πῶς
3289 4653 3537 4724 μετέθηκε
3598 4656 3717 4715 τοὺς
3782 4654 4026 4725 μαθητὰς
4103 4652 4206 4707 ἀπό

2600 4751 2694 4805 τῆς
2742 4741 2968 4803 παλαιᾶς
3018 4742 3206 4802 θυσίας
3255 4739 3338 4793 ἐπὶ
3392 4745 3486 4799 τὴν
3534 4747 3755 4809 καινήν;
3808 4746 3946 4794 Ποία
3985 4743 4087 4816 γὰρ
4132 4743 4209 4795 εἰ-

2602 4837 2744 4894 κόνος
2804 4833 2880 4885 ἔτι
2931 4836 3092 4908 χρεία
3142 4838 3251 4893 τοῖς
3300 4825 3407 4889 ἤδη
3469 4834 3527 4883 τό
3575 4835 3915 4906 πρωτότυπον
3973 4835 4205 4905 ἔχουσι;

2604 4928 2741 4981 Φησὶ
2774 4918 2831 4975 δὲ
2859 4927 2949 4974 καὶ
2996 4922 3021 4973 6
3054 4924 3437 4995 Χρυσόστομος
3486 4922 3567 4973 ότι
3605 4926 3694 4974 καὶ
3735 4922 3760 4973 ό
3801 4925 4029 4996 Χριστός
4066 4930 4212 4998 πρῶ-

2602 5031 2691 5075 τος
2718 5015 2834 5065 τότε
2878 5016 3107 5084 μετέσχε
3154 5017 3249 5063 τοῦ
3290 5014 3611 5084 μυστηρίου,
3667 5012 3750 5063 ἶνα
3786 5016 3857 5083 μὴ
3905 5007 4215 5070 ἀηδισθῶσι

2606 5105 2796 5178 σαρκός
2882 5106 2973 5154 καὶ
3057 5088 3279 5173 αἳματος
3370 5098 3670 5173 μεταλαϐεῖν
3757 5098 4153 5173 ἐπιτρεπόμενος
4195 5122 4210 5137 ·

2603 5196 2692 5245 καὶ
2790 5194 2975 5245 τούτου
3063 5187 3121 5244 δὲ
3212 5195 3492 5265 τεκμήριον
3580 5196 3672 5242 τοῦ
3760 5189 3918 5242 εἰπεῖν
4016 5190 4212 5244 αὐτόν·

2605 5286 2756 5353 Λέγω
2812 5278 2871 5334 δὲ
2922 5283 3003 5334 ὅτι
3055 5280 3113 5332 ού
3162 5284 3250 5353 μὴ.
3285 5284 3390 5333 πίω
3442 5277 3640 5351 ἁπάρτι
3693 5277 3750 5331 ἐκ
3807 5298 3899 5331 του
3957 5285 4217 5353 γεννήμα-

2604 5390 2687 5432 τος
2750 5378 2841 5432 τῆς
2911 5368 3139 5443 ἀμπέλου
3216 5370 3304 5430 ἕως
3378 5376 3470 5429 τῆς
3549 5370 3745 5442 ἡμέρας
3806 5367 4022 5434 ἐκείνης,
4090 5372 4216 5423 ὅταν

2605 5461 2732 5515 αὐτὸ
2794 5466 2921 5514 πίνω
2983 5460 3096 5533 μεθ’
3159 5460 3302 5532 ὑμῶν
3357 5461 3533 5512 καινόν
3593 5456 3641 5511 ἓν
3698 5465 3761 5533 τῇ
3821 5458 4069 5534 βασιλείᾳ
4116 5479 4212 5515 του

854 5809 858 5813 1
904 5728 1017 5801 (t7)
1046 5723 1347 5786 Particula
1375 5726 1463 5785 est
1491 5722 1621 5784 haec
1649 5719 1921 5795 ejusdem
1944 5726 2235 5786 sermonis
2267 5701 2572 5803 Cyrilliani
2609 5731 2690 5793 ad
2718 5729 2982 5805 reginas.
