4508 6436
265 366 369 421 169

1584 351 1935 411 THESAURI
1975 353 2103 409 LIB.
2143 351 2317 411 XXIV.

3536 356 3635 410 170

265 491 477 563 Πατρός
507 506 607 560 μου
633 506 645 519 ·
700 485 743 538 εἰ
792 481 851 538 δι
888 490 979 537 τοῦ
1036 484 1284 556 ποτηρίου
1325 483 1569 553 μετέσχε,
1603 478 1873 552 μετελασεν
1905 480 1947 531 Α
1983 493 2045 548 gr

1852 500 1873 529 ν
1905 480 1947 531 Α
1983 493 2099 548 gno
2128 478 2335 533 Patris
2356 479 2471 534 mei
2488 476 2553 534 ³³.
2583 476 2755 545 Quod
2778 476 2824 533 si
2845 474 3093 535 calicem
3118 476 3396 549 gustavit,
3428 478 3632 553 utique

265 584 375 650 ἄρα
413 580 503 628 καὶ
532 582 622 627 τοῦ
649 576 833 649 ἄρτου.

268 690 376 735 Τοῦ
407 682 570 734 αὑτοῦ
602 681 669 741 εἰς
704 681 863 754 ῥητὸν
887 687 979 740 τῆς
1031 680 1162 751 πρὸς
1217 675 1540 736 Κολασσαείς
1568 673 1875 754 Ἐπιστολῆς

344 760 443 805 τοῦ
473 742 714 824 μεγάλοᾶ
734 749 960 815 Παύλου,
995 742 1328 819 τὸ’φάσκον’
1369 768 1390 796 ι
1444 751 1544 798 Καὶ
1593 742 1666 797 δι’
1718 745 1875 797 αὑτοῦ

347 819 770 885 ἀποπαταλλάξσι
799 824 865 874 τὰ
901 822 1073 872 πάντα
1111 819 1181 879 εἰς
1210 819 1391 872 αὐτόν.
1424 838 1445 866 ι

352 930 427 983 Δι’
460 930 641 995 αὐτοῦ,
670 932 939 981 τουτέστιν
981 926 1132 986 αὐτὸς
1180 926 1205 976 6
1246 924 1525 997 ἐνεργήσας
1566 926 1660 980 τὴν
1712 941 1878 979 σωτη-

275 1026 419 1095 ρίαν,
463 1023 659 1077 ταύτην
686 1021 810 1091 ἡμῖν
840 1021 1269 1093 περιεποιήσατο.
1299 1013 1409 1066 Ἵνα
1450 1010 1508 1066 δὲ
1542 1017 1611 1085 μη
1663 1017 1882 1085 νομίσῃς

276 1111 363 1162 ὅτι
393 1111 655 1183 ὑπηρέτου
689 1106 832 1170 τάξιν
863 1105 1030 1176 ἔλαϐε,
1075 1109 1233 1176 φησὶν
1264 1103 1336 1166 εἰς
1382 1103 1560 1169 αὐτὸν,
1615 1104 1882 1153 τουτέστιν

277 1198 435 1259 αὐτὸς
502 1198 665 1267 ἑαυτῷ
731 1199 847 1255 τοὺς
904 1197 1206 1267 ἀνθρώπους
1270 1190 1572 1253 κατήλλαξε.
1628 1195 1727 1243 Καὶ
1781 1194 1883 1263 μὴν

278 1287 522 1359 ἀλλαχοῦ
562 1283 697 1338 εἶπεν
730 1287 809 1337 ὅτι
848 1292 922 1354 τῷ
960 1291 1075 1353 Θεῷ
1104 1281 1446 1343 κατήλλαξαν
1481 1281 1585 1354 ἄρα
1623 1275 1709 1331 οὖν
1739 1298 1887 1330 κοινα

277 1380 373 1428 καὶ
407 1378 531 1428 Υἱοῦ
557 1377 621 1426 τά
640 1382 730 1426 τοῦ
763 1376 968 1446 Πατρός
992 1393 1005 1405 ·
1040 1371 1131 1423 οὐκ
1165 1369 1273 1423 εἶπε
1304 1367 1362 1422 δὲ
1393 1368 1727 1431 καταλλάξαι,
1762 1366 1889 1419 ἀλλά

281 1462 733 1533 ἀποκαταλλάξαι,
769 1465 1038 1513 τουτέστιν
1080 1455 1369 1511 ἀποδοῦναι
1416 1460 1484 1519 ὡς
1530 1456 1733 1530 ὀφειλὴν
1774 1476 1890 1508 τινα

278 1555 449 1605 πάλαι
473 1554 962 1626 κεχρεωστημένην.

280 1666 389 1713 Τοῦ
439 1659 592 1731 ἀγίου
646 1656 960 1731 Ἀθανασίου
1020 1653 1075 1707 ix
1122 1663 1212 1715 τῆς
1261 1654 1528 1727 ἑρμηνείας
1566 1662 1658 1714 τῆς
1710 1651 1781 1713 εἰς
1831 1655 1891 1704 τὸ

801 1726 1069 1800 βασῦ.ειον
1096 1726 1391 1799 ἱεράτευμα.

1984 572 2043 623 et
2069 582 2309 639 panem.

1986 674 2262 745 Ejusdem
2295 673 2366 728 de
2381 673 2538 728 dicto
2570 674 2677 728 illo
2707 673 2988 745 Epistolas
3007 673 3088 729 ad
3118 674 3486 731 Colossenses
3513 691 3639 731 ma-

2056 746 2165 814 gni
2191 744 2372 799 Pauli
2397 760 2409 798 :
2448 766 2473 791 ‹‹
2502 745 2566 798 Et
2587 759 2697 813 per
2716 744 2909 813 ipsum
2932 747 3133 801 omnia
3164 748 3555 803 reconciliare
3575 748 3638 802 in

2057 830 2118 871 se
2146 816 2332 886 ipsum
2353 816 2420 867 3‘.
2459 838 2487 863 ››

2062 926 2171 979 Per
2197 924 2409 992 ipsum,
2435 920 2473 977 il
2512 927 2599 977 est
2630 922 2757 994 ipse
2786 922 2890 994 qui
2922 921 3173 978 salutem
3215 929 3500 996 operatus
3530 927 3638 998 est,

1989 1011 2147 1067 hanc
2170 1010 2347 1066 nobis
2376 1010 2641 1066 contulit.
2673 1013 2752 1065 Ne
2777 1016 2977 1066 autem
3005 1011 3152 1066 forte
3183 1012 3485 1068 existimes
3503 1030 3643 1070 eum

1992 1098 2199 1155 famuli
2231 1098 2501 1153 ordinem
2534 1099 2895 1170 suscepisse,
2919 1098 3060 1154 dicit
3102 1099 3177 1155 de
3204 1115 3263 1155 se
3295 1100 3448 1172 ipso,
3476 1101 3645 1174 quod

1993 1190 2118 1262 ipse
2177 1188 2289 1243 sibi
2344 1187 2621 1243 homines
2656 1187 3145 1253 reconciliaverit,
3182 1205 3319 1245 cum
3375 1190 3513 1246 alibi
3554 1192 3646 1249 di-

1993 1278 2180 1333 xisset
2206 1279 2323 1332 Deo
2355 1276 2601 1332 eosdem
2632 1276 3075 1333 reconciliasse.
3100 1280 3195 1332 Est
3223 1294 3365 1347 ergo
3397 1279 3457 1335 id
3488 1296 3650 1337 com-

1997 1380 2179 1422 mune
2210 1364 2357 1420 Filio
2390 1365 2868 1436 Patrique.Haud
2892 1381 3070 1437 porro
3093 1365 3242 1422 dixit
3272 1368 3649 1439 conciliasse,

1999 1454 2105 1509 sed
2135 1452 2572 1519 reconciliasse,
2600 1453 2714 1508 hoc
2758 1458 2849 1508 est
2877 1468 2987 1508 ceu
3037 1452 3305 1510 debitum
3335 1456 3651 1530 quoddam

1995 1541 2233 1615 jamdiu
2265 1541 2624 1598 solvendum
2656 1540 3009 1597 reddidisse.

2000 1650 2211 1707 Sancti
2231 1647 2555 1704 Athanasii
2574 1663 2644 1704 ex
2664 1649 3161 1773 inteit'fretatione
3185 1652 3331 1722 quid
3350 1655 3424 1708 sit
3448 1657 3657 1725 regale

2623 1734 2793 1773 sacer
2838 1725 3044 1773 otium.

2623 1734 3044 1775 saceraouum.

366 1831 702 1908 Μελχισεδέκ
739 1854 821 1894 τις
862 1832 1107 1906 βασιλεὺς
1157 1830 1353 1904 Σαλήμ.
1389 1834 1611 1883 Δύναται
1644 1827 1703 1882 δὲ
1742 1836 1894 1882 τοῦτο
1925 1820 1966 1874 Β
2076 1829 2146 1882 Μ(

1876 1848 1894 1882 ο
1925 1820 1966 1874 Β
2076 1825 2509 1883 Melchisedech
2558 1825 2809 1898 quidam
2862 1842 2966 1882 rex
3018 1826 3235 1884 Salem.
3278 1829 3656 1890 Postremum

290 1927 524 2000 εἰρήνης,
555 1927 709 1985 τύπος
734 1930 970 1997 Χριστοῦ
1000 1926 1281 1994 γενόμενος,
1315 1921 1374 1973 οὗ
1404 1925 1556 1993 μόνον
1587 1924 1650 1981 ὡς
1680 1921 1894 1995 ἀπάτωρ

292 2035 348 2068 τε
369 2020 462 2067 καὶ
492 2012 731 2090 ἀμήτωρ,
762 2012 890 2065 ἀλλά
922 2017 1011 2065 καὶ
1058 2015 1125 2075 ὡς
1166 2013 1191 2064 6
1222 2011 1373 2072 αὐτὸς
1403 2013 1469 2063 τά
1511 2008 1609 2062 τῶν
1638 2007 1897 2083 βασιλέων

292 2125 349 2157 τε
379 2110 471 2157 καὶ
503 2106 671 2179 ἱερέων
703 2111 885 2167 ποιῶν,
915 2107 1004 2155 καὶ
1029 2106 1122 2159 την
1156 2099 1469 2174 ἀναίμακτον
1510 2103 1696 2153 θυσίαν
1725 2107 1899 2153 τυπῶν

295 2191 392 2247 διά
422 2212 475 2245 τε
501 2195 662 2266 ἄρτου
684 2196 774 2244 καὶ
804 2195 944 2243 οἴνου
976 2192 1089 2262 (18)
1117 2212 1128 2223 ·
1158 2196 1248 2242 καὶ
1277 2190 1427 2252 οὗτος
1468 2197 1593 2260 γοῦν
1629 2192 1687 2241 τὸ
1739 2187 1901 2262 βασί-

292 2284 429 2335 λειον
457 2277 750 2344 κατέδειξεν
783 2283 1079 2354 ἱεράτευμα.
1117 2281 1260 2333 Κατά
1300 2275 1357 2332 δε
1386 2283 1477 2337 τὴν
1507 2286 1594 2330 νῦν
1637 2277 1901 2331 πολιτείαν

294 2375 458 2434 αὐτὸς
518 2375 752 2447 Χριστὸς
818 2373 844 2423 6
912 2369 1151 2431 ἀληθινός
1226 2372 1349 2443 ημῖν
1416 2365 1770 2442 Μελχισεὸεκ,
1835 2371 1904 2431 ὡς

292 2463 376 2515 ἐπ’
441 2461 682 2522 ἀληθείας
739 2459 952 2534 ἀπάτωρ
1017 2479 1071 2512 τε
1136 2465 1225 2511 καὶ
1285 2458 1534 2532 ἀμήτωρ·
1591 2462 1648 2511 τὸ
1703 2461 1793 2530 μὲν
1844 2460 1903 2510 τὸ

298 2556 572 2626 πρότερον,
604 2554 663 2601 τὸ
719 2545 777 2602 δι
833 2552 890 2601 τὸ
948 2544 1225 2623 δεύτερον·
1278 2552 1367 2599 καὶ
1420 2550 1603 2622 ἄρχων
1658 2547 1903 2622 εἰρήνης·

298 2638 553 2713 βασιλεὺς
614 2642 702 2710 μὲν
761 2641 827 2700 ὡς
887 2641 1040 2705 Θεὸς,
1097 2642 1185 2689 καὶ
1253 2640 1414 2710 ἱερεὺς
1482 2633 1541 2689 δε
1597 2640 1666 2697 ὡς
1723 2636 1908 2689 ἑαυτοῦ

300 2733 465 2791 θύτης
495 2748 550 2781 τε
580 2734 668 2780 καὶ
695 2729 1097 2802 προσαγωγεύς·
1134 2728 1158 2779 6
1186 2728 1285 2801 γὰρ
1318 2726 1472 2789 αὐτὸς
1500 2731 1590 2778 καὶ
1634 2729 1795 2801 ἱερεὺς
1822 2728 1910 2778 καὶ

302 2822 511 2895 ἱερεῖον.

304 3020 501 3087 Κοσμᾶ
526 3010 983 3087 Ἰνιῒικοπλεύστου
1020 3010 1075 3063 ἐκ
1092 3018 1196 3087 ’τοῦ
1222 3012 1293 3073 εἰς
1317 3013 1422 3087 ’τὸν
1450 3010 1698 3087 ψαλτῇρα
1728 3030 1910 3087 προοι-

380 3079 507 3166 μίου
563 3084 907 3157 ἐξηγουμένου
955 3085 1029 3166 fit;
1086 3082 1133 3134 iv
1166 3079 1382 3163 παρόδῳ
1441 3079 1497 3134 τὸ
1542 3105 1563 3132 ε
1600 3079 1914 3154 Ἠγάπησας

383 3154 729 3213 δικαιοσύνην
756 3154 765 3157 ’
796 3160 886 3208 καὶ
948 3154 1211 3228 ἐμίσησας
1240 3154 1248 3157 ν
1277 3154 1491 3228 ἀνομίαν
1518 3198 1533 3225 ,
1605 3178 1624 3203 ιι
1697 3159 1785 3207 καὶ
1850 3157 1916 3207 τὰ
1945 3178 1987 3234 C

384 3229 500 3291 ἑξῆς
532 3230 669 3299 (19).

382 3342 509 3410 Περὶ
559 3344 655 3395 τῆς
712 3333 1113 3409 ἀνθρωπότητος
1167 3334 1325 3386 αὐτοῦ
1379 3344 1547 3405 φησι·
1606 3334 1918 3404 Ἠγάπησας

306 3422 680 3493 δικαιοσύνην,
709 3429 799 3476 καὶ
831 3422 1092 3496 ἐμίσησας
1112 3422 1344 3496 ἀνομίαν·
1364 3418 1457 3475 διὰ
1486 3430 1636 3475 τοῦτο
1660 3425 1843 3496 ἔχρισε
1864 3442 1919 3476 σε

306 3515 335 3566 6
376 3516 534 3581 Θεὸς,
563 3514 588 3565 6
611 3516 736 3574 Θεὸς
756 3531 850 3564 σου
874 3512 1039 3565 ἔλαιον
1064 3511 1420 3583 ἀγαλλιάσεως
1446 3516 1589 3587 ποιρά
1618 3517 1735 3575 τοὺς
1767 3516 1918 3585 μετό-

304 3623 446 3676 χους
471 3621 588 3654 σου·
611 3602 669 3654 οὗ
691 3604 792 3675 γὰρ
817 3603 845 3659 ἡ
876 3604 1057 3664 θεότης
1080 3599 1238 3654 διὰτὸ
1271 3600 1548 3673 ἀγαπῆσαι
1579 3598 1922 3660 δικαιοσύνην

307 3698 403 3745 καὶ
446 3699 682 3764 μισῆσαι
712 3687 926 3743 ἀδικίαν
965 3696 1176 3766 χρίεται
1198 3708 1208 3720 ·
1246 3695 1361 3743 οὔτε
1404 3694 1502 3763 γάρ
1538 3691 1659 3752 ὅλως
1689 3697 1920 3765 χρίεται,

311 3786 434 3835 οὔτε
476 3785 604 3834 Θεὸν
636 3783 771 3853 ἔχει,
802 3779 929 3832 αὐτὸ
957 3782 1055 3854 γὰρ
1098 3784 1155 3833 τὸ
1205 3800 1418 3855 χρισμα
1450 3786 1579 3841 Θεὸς
1608 3779 1748 3833 ἐστιν
1773 3798 1785 3811 ·
1817 3780 1925 3832 ἀλλ’

310 3874 343 3929 ἡ
378 3870 720 3943 ἀνθρωπὸτης
758 3869 918 3921 αὑτοῦ
956 3874 1173 3944 χρίεται
1222 3869 1388 3921 ἔλαιον
1440 3868 1813 3942 ἀγαλλιάσεως,
1846 3871 1929 3921 ἱνα

312 3964 431 4033 sitq;
468 3967 540 4029 τῷ
576 3961 841 4031 Πνεῦματι
870 3967 942 4029 τῷ
985 3959 1115 4031 ἀγίῳ
1138 3963 1283 4034 παρά
1310 3964 1427 4020 τοὺς
1448 3964 1710 4032 μετόχους
1740 3959 1925 4030 αὐτῆς,

313 4054 563 4102 τουτέστι
591 4051 736 4122 παρὰ
763 4050 958 4108 πάντας
995 4052 1119 4111 τοὺς
1167 4052 1459 4121 Χριστούς·
1508 4052 1538 4107 ἡ
1594 4052 1693 4123 γὰρ
1746 4051 1927 4111 θεότης

316 4144 582 4211 μετόχους
608 4137 795 4197 ἄλλους
842 4137 936 4189 οὐχ
991 4140 1138 4209 ἔχει·
1192 4136 1259 4198 εἷς
1306 4141 1405 4211 γὰρ
1456 4137 1570 4191 ἐστι
1619 4142 1770 4207 Θεὸς,
1811 4140 1837 4191 ὅ
1875 4157 1928 4191 τε

315 4232 504 4302 Πατὴρ
565 4231 657 4277 καὶ
704 4227 728 4277 6
798 4228 918 4286 Υἱὸς
969 4232 1059 4279 καὶ
1114 4230 1170 4279 τὸ
1213 4233 1421 4299 Πνεῦμα
1476 4230 1534 4279 τὸ
1584 4227 1768 4299 ἅγιον·
1803 4230 1833 4286 ἡ
1870 4224 1930 4280 δὲ

316 4315 658 4390 ἀνθρωπότης
688 4322 779 4367 τοῦ
810 4322 1047 4392 Χριστοῦ
1068 4318 1212 4391 παρὰ
1238 4317 1437 4378 πάντας
1464 4321 1587 4378 τοὺς
1608 4315 1928 4389 ἀνθρώπους,

313 4405 553 4478 μάλιστα
586 4408 706 4465 τοὺς
736 4407 991 4478 χριστοῦς
1030 4406 1144 4475 ἔχει
1184 4410 1477 4477 μετόχους·
1523 4402 1615 4458 δια
1654 4413 1806 4458 τοῦτο
1831 4410 1928 4480 γὰρ

2006 1917 2119 1973 hoc
2150 1913 2507 1971 vocabulum
2531 1930 2739 1985 pacem
2788 1914 3106 1987 significat,
3136 1923 3261 1974 erat
3307 1920 3533 1995 quippe
3561 1923 3660 1980 hic

2008 2006 2190 2062 homo
2218 2004 2431 2061 Christi
2462 2008 2662 2078 typus,
2694 2020 2818 2061 non
2842 2005 3038 2061 solum
3065 2006 3209 2080 quia
3233 2008 3360 2065 sine
3391 2017 3559 2083 patre
3590 2029 3661 2083 ac

2009 2099 2218 2166 matre,
2256 2094 2363 2150 sed
2412 2094 2559 2168 quia
2606 2098 2663 2150 et
2703 2110 2915 2165 regum
2954 2099 3012 2151 et
3041 2096 3421 2156 sacerdotum
3461 2100 3661 2160 oﬂicio

2015 2184 2390 2257 fungebatur,
2425 2189 2480 2239 et
2534 2184 2913 2240 incruentum
2974 2186 3336 2244 sacriﬁcium
3384 2205 3541 2263 pane
3593 2210 3662 2252 ac

2012 2274 2152 2329 vino
2182 2272 2598 2345 portendebat.
2636 2275 2735 2328 Hic
2766 2288 2909 2343 ergo
2939 2274 3205 2331 exhibuit
3249 2277 3311 2334 in
3364 2294 3427 2335 se
3463 2283 3665 2354 regale

2014 2361 2497 2419 sacerdotium".
2524 2361 2867 2420 Secundum
2898 2368 3100 2420 autem
3127 2373 3485 2438 praesentem
3512 2372 3666 2445 poli-

2015 2454 2160 2510 tiam
2189 2453 2455 2511 Christus
2484 2452 2659 2509 nobis
2682 2469 2855 2509 verus
2880 2459 2969 2510 est
2993 2454 3442 2530 Melchisedech,
3463 2466 3669 2534 utpote

2016 2544 2120 2616 qui
2145 2558 2277 2598 vere
2298 2547 2385 2597 est
2416 2541 2541 2597 sine
2572 2546 2738 2614 patre
2769 2546 2826 2599 et
2855 2542 2981 2598 sine
3011 2548 3239 2611 matre;
3274 2546 3387 2603 hoc
3418 2550 3670 2622 quidem

2020 2636 2215 2701 antea,
2240 2630 2384 2686 illud
2411 2646 2549 2687 vero
2578 2636 2822 2703 postea;
2855 2637 2909 2688 et
2936 2632 3215 2706 princeps
3254 2637 3422 2707 pacis
3440 2640 3506 2695 ²⁶.
3550 2642 3671 2697 Rex

2021 2720 2263 2795 quidem
2311 2724 2371 2776 ut
2422 2723 2595 2785 Deus,
2626 2720 2907 2776 sacerdos
2938 2738 3077 2777 vero
3122 2727 3323 2795 utpote
3354 2726 3448 2782 sui
3478 2728 3672 2800 ipsius

2021 2811 2388 2867 sacriﬁcator
2416 2815 2473 2868 et
2510 2808 2765 2867 oblator.
2805 2814 2936 2883 Ipse
2980 2810 3142 2867 enim
3196 2816 3252 2870 et
3288 2816 3571 2875 sacerdos
3618 2822 3676 2876 et

2020 2900 2263 2956 victima
2285 2903 2391 2955 est.

2024 3008 2250 3083 Cosma:
2277 3008 2730 3083 Indicopleustw
2758 3023 2835 3065 ex
2863 3011 2991 3078 eius
3039 3012 3325 3083 prowmio
3351 3013 3433 3068 ad
3457 3015 3680 3083 psalte-

2096 3081 2276 3146 rium,
2304 3079 2446 3135 dum
2498 3085 2746 3135 enarrat
2788 3086 3074 3151 tanquam
3102 3082 3164 3136 in
3205 3079 3471 3141 transitu
3496 3088 3681 3145 verba

2095 3152 2289 3227 illa,_«_«
2324 3152 2596 3206 Dileristi
2604 3152 2906 3220 justitiam
2934 3157 2990 3208 et
3019 3152 3200 3208 odisti
3223 3156 3622 3227 iniquitatem,
3649 3179 3677 3209 »

2097 3226 2152 3278 et
2180 3221 2434 3295 reliqua.

2058 3364 2068 3372 -
2100 3332 2179 3386 De
2214 3346 2321 3385 sua
2367 3329 2743 3386 humanitate
2790 3329 2968 3386 dicit:
3003 3332 3274 3389 Dilexisti
3290 3336 3597 3406 justitiam
3627 3342 3685 3395 et

2029 3420 2204 3476 odisti
2234 3421 2645 3491 iniquitatem;
2684 3426 3005 3490 propterea
3034 3422 3202 3478 unxit
3233 3427 3288 3479 te
3320 3425 3496 3497 Deus,
3525 3427 3685 3484 Deus

2032 3516 2188 3575 tuus,
2237 3508 2363 3563 oleo
2426 3508 2647 3563 twtitize
2694 3522 2823 3577 prae
2879 3510 3253 3566 consortibus
3302 3514 3421 3568 tuis
3443 3515 3511 3570 ⁸⁷.
3554 3516 3686 3572 Non

2031 3598 2189 3653 enim
2218 3597 2434 3665 deitas,
2457 3602 2701 3669 propter
2716 3596 2960 3668 justitias
2990 3615 3261 3655 amorem
3282 3601 3689 3676 etiniquitatis

2032 3687 2238 3743 odium
2272 3686 2515 3756 ungitur
2542 3703 2554 3740 :
2589 3701 2787 3759 neque
2816 3686 2944 3741 haec
2972 3688 3235 3757 ungitur,
3266 3705 3463 3763 neque
3498 3692 3688 3750 Deum

2034 3792 2221 3849 supra
2256 3792 2317 3831 se
2369 3775 2572 3844 habet,
2617 3775 2754 3848 ipsa
2802 3777 2961 3832 enim
2994 3777 3195 3833 unctio
3227 3781 3381 3835 Deus
3414 3786 3539 3851 est;
3582 3781 3691 3839 sed

2034 3865 2240 3938 utique
2268 3865 2616 3921 humanitas
2642 3865 2771 3937 ejus
2802 3865 3046 3935 ungitur
3087 3867 3209 3924 oleo
3244 3870 3490 3939 latitia},
3520 3872 3691 3929 vide-

2035 3957 2171 4013 licet
2201 3962 2408 4013 sancto
2441 3956 2678 4030 Spiritu,
2730 3957 2871 4013 Prae
2917 3960 3291 4017 consortibus
3322 3964 3473 4033 ejus,
3501 3963 3564 4019 id
3602 3968 3695 4021 est

2037 4062 2160 4119 prae
2209 4045 2493 4102 omnibus
2520 4046 2734 4102 unctis.
2770 4045 2964 4103 Deitas
2989 4047 3150 4103 enim
3180 4056 3518 4108 consortem
3566 4068 3693 4110 non

2036 4134 2257 4202 habet;
2294 4154 2447 4192 unus
2478 4143 2565 4193 est
2612 4138 2771 4193 enim
2805 4140 2980 4205 Deus,
3013 4141 3202 4207 Pater,
3248 4141 3442 4207 Filius,
3476 4148 3535 4200 et
3563 4142 3694 4217 Spi-

2036 4230 2183 4284 ritus
2215 4232 2481 4283 sanctus.
2516 4228 2729 4284 Christi
2760 4232 2961 4284 autem
3002 4229 3371 4301 humanitas,
3399 4249 3522 4306 prae
3545 4250 3695 4292 cun-

2038 4318 2145 4374 ctis
2174 4317 2549 4383 hominibus,
2593 4317 2885 4391 praecipue
2907 4318 3228 4375 chrismate
3253 4320 3553 4380 delibutas
3582 4324 3692 4380 ha-

2039 4406 2141 4462 bet
2162 4409 2485 4461 consortes.
2504 4408 2818 4477 Propterea
2838 4406 3003 4477 dixit,
3021 4408 3232 4464 Christi
3252 4408 3698 4470 humanitatem

316 4493 456 4548 εἶπεν
502 4494 582 4545 ότί
637 4496 784 4568 παρά
820 4494 1016 4553 πάντας
1076 4492 1301 4566 ἐχρίσθη
1369 4495 1399 4549 η
1466 4492 1796 4567 ἀνθρωπότης
1839 4503 1931 4548 τοῦ
1966 4533 2008 4588 D
2040 4512 2096 4570 pl

1917 4504 1931 4547 3
1966 4533 2008 4588 Β
2040 4512 2165 4570 prae
2197 4496 2426 4551 cunctis
2460 4501 2701 4550 unctam
2736 4495 2919 4551 fuisse
2963 4502 3173 4553 sancto
3222 4498 3443 4571 Spiritu
3479 4507 3537 4558 et
3583 4504 3697 4559 vir-

316 4591 587 4658 Χριστοῦ,
628 4584 923 4654 χρισθείσα
947 4586 1210 4655 Ηνεύματι
1236 4582 1369 4655 ἁγίῳ
1400 4589 1489 4636 καὶ
1529 4581 1750 4657 δυνάμει
1772 4602 1784 4615 ’
1808 4587 1930 4658 ὅπερ

319 4670 501 4726 οὐδενὶ
522 4680 621 4723 τῶν
650 4671 814 4723 ἄλλων
840 4679 1086 4744 Χριστῶν
1117 4672 1340 4746 ὑπῆρξεν
1362 4677 1527 4735 οὕτως
1555 4672 1767 4736 εξειπείν
1792 4677 1936 4750 παρά

321 4765 524 4821 πάντας
576 4766 695 4821 τοὺς
752 4765 1012 4833 μετόχους
1075 4780 1210 4813 σου·
1267 4761 1378 4813 ὅλον
1419 4758 1478 4815 δὲ
1536 4763 1691 4815 αὐτὸν
1729 4762 1934 4836 ψαλμὸν

317 4857 441 4927 περὶ
473 4858 564 4903 τοῦ
604 4856 841 4923 Χριστοῦ
866 4854 1071 4913 καὶτῆς
1099 4850 1410 4912 Ἐκκλησίας
1448 4854 1518 4913 ὡς
1556 4850 1640 4905 ἰπὶ
1680 4851 1937 4926 βασιλέως

2042 4591 2163 4642 tute
2190 4605 2202 4655 ;
2234 4585 2401 4658 quod
2423 4585 2565 4641 nulli
2585 4585 2841 4642 aliorum
2873 4591 3189 4643 unctorum
3219 4589 3302 4645 sic
3332 4590 3528 4648 dicere
3560 4609 3700 4662 con-

2043 4676 2192 4745 tigit.
2224 4678 2347 4730 Prae
2399 4676 2626 4730 cunctis
2674 4675 3091 4747 participibus,
3146 4678 3283 4734 tuis.
3343 4680 3701 4739 Universum

2044 4780 2185 4820 vero
2214 4763 2523 4837 psalmum
2555 4763 2630 4820 de
2653 4764 2882 4820 Christo
2915 4768 2972 4820 et
3000 4764 3277 4834 Ecclesia,
3302 4771 3596 4842 tanquam
3627 4770 3703 4827 de

2046 4869 2186 4926 rege
2212 4858 2269 4910 et
2296 4853 2483 4925 regali
2510 4869 2734 4927 sponsa
2764 4853 2911 4910 dixit
2934 4853 3013 4911 ad
3035 4853 3219 4913 ﬁnem
3260 4874 3451 4932 usque
3490 4861 3700 4918 David.

393 5031 447 5067 ’3
480 5030 681 5087 Matth.
713 5046 867 5092 XXVI,
899 5033 995 5088 29.
1080 5033 1127 5068 ³⁸
1160 5030 1383 5089 Coloss.
1420 5049 1455 5099 ι,
1491 5036 1579 5088 20.
1659 5034 1707 5069 ³⁵
1740 5035 1759 5088 l
1792 5033 1946 5090 Petr.
1981 5050 2038 5103 ιι,
2069 5038 2120 5090 9.

1422 5049 1455 5099 I,
1491 5036 1579 5088 20.
1659 5034 1707 5069 ³⁵
1740 5035 1759 5088 l
1792 5033 1946 5090 Petr.
1981 5050 2038 5103 ιι,
2069 5038 2120 5090 9.
2197 5035 2245 5069 ’θ
2276 5036 2386 5089 lsa.
2416 5049 2496 5104 1x,
2529 5036 2581 5089 6.
2659 5034 2704 5068 ³⁷
2730 5032 2884 5090 Psal.
2915 5050 3073 5105 xuv,
3097 5039 3162 5115 8.⁴
3198 5003 3202 5007 6

397 5226 965 5299 (l8)‘Me1chisedici
1017 5228 1378 5284 sacrificium
1441 5228 1823 5286 incruentum
1863 5246 1938 5299 ex

319 5296 489 5374 pane
555 5299 839 5374 vinoque,
902 5298 1277 5374 portendisse
1318 5301 1419 5356 SS.
1475 5296 1934 5369 Eucharistia'm,

325 5371 478 5426 satis
502 5371 849 5426 communis
894 5375 951 5426 et
994 5376 1157 5427 recta
1208 5371 1451 5427 Patrum
1501 5374 1796 5430 sententia
1825 5380 1934 5430 est.

328 5441 518 5513 Quod
540 5458 680 5498 vero
712 5441 965 5514 quidam
992 5443 1253 5499 Armenii
1281 5442 1630 5499 heterodoxi
1661 5444 1800 5501 hinc
1832 5462 1936 5501 su-

326 5520 964 5587 munt‘argumentum
1014 5530 1123 5587 pro
1171 5515 1289 5587 vini
1338 5515 1485 5570 meri
1515 5515 1842 5587 oblatione,
1875 5523 1941 5574 ut

325 5586 450 5658 ipsi
516 5584 762 5653 faciunt,
816 5584 1414 5657 aquae‘admistione
1453 5586 1715 5653 exclusa,
1770 5584 1941 5646 mera

329 5659 465 5718 hinc
490 5658 725 5715 vanitas
752 5661 860 5713 est.
893 5660 1163 5731 Namque
1201 5663 1406 5715 utrum
1457 5660 1700 5733 proprie
1747 5677 1942 5719 mera-

548 5749 794 5805 PATROL.
835 5748 940 5805 Gn.
979 5745 1131 5805 CXL.

2046 5246 2187 5304 cum
2220 5229 2684 5304 Melchisedecus
2727 5229 2857 5302 ipse
2903 5230 3203 5303 obtulerit,
3252 5234 3547 5291 incertum
3574 5239 3702 5304 est;

2047 5302 2125 5380 ab
2176 5301 2540 5380 evangelica
2565 5301 2769 5380 autem
2812 5304 3112 5380 vocabulo
3151 5301 3399 5380 κεράσας,
3428 5301 3701 5371 miscens,

2048 5379 2245 5451 atque
2276 5374 2355 5430 ab
2413 5373 2814 5451 Ecclesiarum
2879 5373 3225 5451 traditione,
3275 5373 3451 5451 aquae
3498 5380 3703 5436 mistio

2048 5445 2364 5521 perspicue
2392 5445 2678 5521 suadetur
2706 5446 2799 5501 vel
2829 5448 3027 5521 potius
3052 5445 3413 5521 praecipitur.

2122 5518 2236 5595 (19)
2270 5519 2473 5595 Exstat
2501 5517 2561 5595 in
2588 5517 3280 5595 Cosniaa’Topographia
3327 5522 3701 5595 Christiana,

2050 5587 2149 5648 ed.
2178 5587 2379 5652 Montf.
2411 5605 2468 5668 p.
2504 5592 2758 5648 226-228.

3343 5757 3374 5811 ϐ
