4508 6436
820 438 915 493 171

2156 431 2424 490 ΝΙΟΕΤΕ
2469 431 2838 491 (ΞΗΟΝῙΑΤᾸΕ

4019 404 4025 414 ’
4072 442 4175 497 172

821 561 1103 620 Similiter
1127 563 1185 616 et
1208 556 1780 632 quinquagesimum
1803 572 2035 614 nonum
2056 556 2366 630 psalmum
2394 557 2470 613 de
2499 557 2548 613 Α
2577 576 2601 607 ν

2396 557 2470 613 de
2499 557 2548 613 Α
2577 561 2800 629 νυμφίου
2821 560 2910 609 xui
2927 559 3130 630 νύμφης
3161 555 3443 629 βασιλίδος
3472 559 3682 624 ἐξειπὼν
3700 560 4176 635 ἕτελεσεν.²ομοίως

816 650 1033 708 eodem
1060 648 1345 706 recitavit.
1378 649 1570 714 Quam
1590 662 1718 702 rem
1745 649 1995 702 testatur
2021 646 2147 718 ipse
2179 645 2469 701 Dominus

814 738 1031 796 Iudaeis
1060 738 1267 793 dicens
1300 753 1312 791 :
1348 735 1646 804 Quomodo
1694 749 1835 805 ergo
1872 735 2072 791 David
2117 735 2179 789 in
2232 735 2468 803 Spiritu

812 838 1023 886 sancto
1047 832 1210 885 vocat
1236 842 1368 883 eum
1397 825 1717 881 Dominum
1767 823 1854 879 his
1893 824 2085 881 verbis
2118 840 2130 878 :
2163 824 2323 879 Dixit
2352 824 2465 880 Do-

813 919 1015 975 minus
1060 918 1313 972 Domino
1359 929 1484 971 meo
1520 932 1532 970 :
1575 914 1725 971 Sede
1775 928 1812 969 a
1859 913 2083 969 dextris
2124 914 2266 970 meis
2284 912 2368 969 23?
2409 912 2465 969 Si

814 1007 995 1062 Filius
1026 1007 1158 1076 ejus
1190 1008 1296 1072 est,
1329 1002 1641 1075 quomodo
1692 1002 1979 1059 Dominus
2026 1001 2298 1074 ejusdem
2337 1003 2464 1058 est?

812 1098 965 1169 Ergo
998 1093 1221 1163 verbis,
1246 1093 1535 1149 Dominus
1574 1094 1721 1163 ejus,
1768 1094 1955 1147 Deum
1994 1090 2308 1147 manifeste
2356 1106 2462 1163 ap-

809 1185 1013 1259 pellat.
1047 1187 1195 1241 Tum
1226 1182 1429 1249 verba,
1463 1181 1607 1239 Sede
1634 1196 1671 1238 a
1710 1181 1928 1237 dextris
1954 1182 2116 1244 meis,
2146 1181 2464 1253 perspicue

808 1274 1170 1333 humanitati
1198 1270 1599 1339 conveniunt;
1632 1286 1776 1327 nam
1802 1269 2189 1340 vocabulum,
2211 1271 2366 1333 sede,
2388 1270 2463 1326 de

810 1364 1087 1421 nondum
1120 1362 1366 1417 sedente
1397 1360 1632 1416 dicitur.
1666 1359 1841 1431 Atqui
1871 1358 2062 1415 deitas
2091 1359 2152 1415 in
2185 1375 2296 1414 sua
2323 1359 2464 1416 bea~

806 1453 1082 1522 titudine,
1112 1452 1341 1507 honore
1373 1448 1685 1521 gloriaque
1712 1446 1965 1504 fundata
1994 1448 2180 1514 sedet,
2208 1448 2353 1521 quin
2385 1448 2463 1505 ab

809 1542 1015 1615 aliquo
1042 1541 1272 1611 majore
1299 1536 1377 1594 ad
1398 1537 1459 1592 id
1488 1541 1732 1593 vocetur
1755 1539 1858 1591 aut
1887 1536 2279 1608 compellatur
2310 1556 2323 1593 :
2356 1537 2463 1594 sed

807 1634 1012 1704 utique
1042 1628 1253 1685 Christi
1281 1625 1630 1682 humanitas
1655 1625 1734 1681 ab
1757 1626 1923 1681 unita
1952 1626 2065 1681 sibi
2093 1626 2464 1698 inseparabi-

806 1722 940 1777 liter
963 1720 1181 1775 deitate
1211 1717 1498 1772 invitatur
1544 1714 1692 1770 dum
1746 1714 1933 1781 audit,
1974 1715 2124 1771 Sede
2155 1730 2190 1771 a
2237 1716 2461 1772 dextris

805 1810 968 1876 meis,
1001 1807 1064 1863 id
1094 1810 1182 1862 est
1218 1804 1394 1860 veluti
1425 1804 1485 1860 in
1514 1802 1762 1859 honoris
1793 1803 1910 1860 mei
1957 1804 2226 1876 paritate.
2260 1808 2458 1877 Neque

2580 642 2639 697 δε
2664 648 2754 697 xui
2782 648 2866 697 τὸν
2903 644 2981 718 ρθ’
3004 645 3211 719 ψαλμὸν
3254 647 3327 709 εἰς
3372 647 3529 701 αὑτὸν
3573 653 3775 724 εἴρηκε’
3804 655 3895 703 xui
3926 658 4178 725 μαρτυρεῖ

2578 735 2733 796 αὐτὸς
2761 736 2786 785 ό
2819 737 3010 809 Κύριος
3037 734 3198 808 λέγων
3235 738 3365 809 πρός
3394 734 3716 801 Ἰουδαίους·
3748 746 3865 800 Πῶς
3891 735 3977 792 οὖν
4009 736 4177 793 Δαϐὶδ

2575 820 2624 874 ἐν
2656 824 2917 895 Πνεύματι
2958 822 3091 896 ἁγίῳ
3146 826 3336 899 Κύριον
3385 825 3540 879 αὐτὸν
3569 826 3715 880 καλεί
3738 828 3897 901 λέγων
3917 850 3930 862 ο
3963 835 4115 882 Εἶπεν
4145 830 4173 881 6

2577 914 2763 985 Κύριος
2792 921 2865 983 τῷ
2899 918 3073 987 Κυρίῳ
3100 933 3226 985 μου,
3270 916 3443 968 Κάθου
3475 915 3529 967 ἐκ
3574 913 3757 980 δεξιῶν
3785 935 3921 990 μου;
3962 918 4023 970 Εἰ
4052 920 4170 981 Υἱός

2574 1000 2735 1053 αὑτοῦ
2774 1000 2936 1072 ἐστιν,
2985 1010 3093 1065 πῶς
3135 1006 3326 1077 Κύριος
3379 1004 3539 1057 αὐτοῦ
3591 1004 3729 1073 ἔστη
3760 1010 3820 1059 τό
3849 1008 3938 1079 μὲν
3981 1009 4172 1081 Κύριος

2574 1089 2733 1142 αὑτοῦ
2788 1093 2857 1151 ὡς
2908 1094 3035 1144 Θεὸν
3078 1100 3255 1164 σαφῶς
3306 1100 3601 1169 προειπών·
3655 1098 3715 1148 τό
3769 1092 3827 1148 δε
3886 1098 4061 1150 Κάθου
4114 1094 4171 1149 ἐκ

2574 1176 2759 1243 δεξιῶν
2788 1199 2887 1253 μου
2921 1188 3094 1252 σαφῶς
3136 1189 3196 1254 τῇ
3241 1180 3606 1256 ἁνθρωπότητι
3644 1183 3863 1258 ἁρμόζει
3887 1200 3900 1214 ·
3950 1188 4009 1238 τό
4065 1186 4169 1259 γὰρ

2571 1271 2735 1322 κάθου
2760 1278 2831 1341 τῷ
2868 1274 2939 1342 μὴ
2972 1271 3298 1343 καθεζομένῳ
3335 1270 3491 1343 λέγει.
3520 1272 3579 1326 Ἠ
3620 1270 3680 1326 δὲ
3724 1275 3905 1336 θεότης
3956 1271 4173 1349 ἵδρυται

2573 1359 2645 1419 εἰς
2674 1363 2769 1417 τήν
2818 1358 3010 1411 οἰκείαν
3044 1362 3415 1434 μακαριότητα
3450 1366 3607 1433 τιμήν
3636 1380 3691 1415 τε
3716 1366 3806 1415 xui
3836 1359 4015 1431 δόξαν,
4045 1363 4172 1437 παρ’

2572 1445 2744 1519 ἐτέρου
2775 1447 3012 1519 μείζονος
3046 1452 3118 1519 μὴ
3172 1448 3537 1521 ἰπιτρεπομένη
3595 1451 3624 1510 ἡ
3680 1454 4066 1523 προτρεπομένη
4101 1451 4173 1514 εἰς

2570 1543 2723 1587 τοῦτο
2750 1557 2762 1569 ι
2797 1534 2902 1587 ἀλλ’
2932 1537 2961 1593 ἡ
2997 1536 3334 1611 ἁνθρωπότης
3363 1544 3455 1589 τοῦ
3476 1539 3713 1613 Χριστοῦ
3742 1540 3843 1591 ὑπό
3863 1547 3954 1600 τῆς
3974 1541 4171 1612 ἡνωμέ-

2569 1644 2662 1686 νης
2693 1625 2823 1697 αὐτῇ
2856 1624 3169 1697 ἀχωρίστως
3223 1627 3464 1687 θεότητος
3517 1624 3845 1700 ἐπιτρέπεται
3884 1626 4168 1699 ἀκούουσα,

2571 1715 2745 1767 Κάθου
2778 1712 2832 1765 ἐκ
2864 1709 3047 1776 δεξιῶν
3074 1734 3195 1785 μου,
3220 1717 3409 1767 ὡσανεὶ
3430 1713 3478 1765 ἐν
3509 1723 3570 1789 τῇ
3605 1716 3702 1788 ἐμῇ
3726 1724 3851 1789 τιμῇ
3872 1737 3884 1749 ο
3914 1720 4031 1770 οὔτε
4068 1719 4171 1791 γὰρ

2570 1798 2718 1865 δεςιὰ
2744 1804 2860 1854 οὔτε
2891 1800 3141 1876 ἀριστερὰ
3185 1804 3299 1874 ἔχει
3338 1804 3363 1855 ό
3395 1807 3518 1865 Θεὸς
3563 1801 3951 1878 ἀπερίγραπτος
4002 1807 4171 1881 ὑπάρ-

804 1898 967 1956 enim
988 1896 1085 1952 vel
1104 1895 1377 1951 dextram
1402 1893 1499 1949 vel
1523 1892 1826 1948 sinistram
1851 1896 2005 1949 Deus
2026 1892 2230 1961 habet,
2253 1898 2456 1966 utpote
2486 1907 2528 1964 Β
2566 1914 2584 1965 ;

2382 1898 2456 1950 )te
2486 1907 2528 1964 Β
2566 1907 2713 1965 χων*
2755 1892 2883 1944 ἀλλὰ
2931 1900 3085 1945 τοῦτο
3125 1892 3251 1944 αὐτὸ
3308 1892 3463 1965 λέγει,
3498 1895 3578 1945 ὅτι
3628 1895 3803 1947 Κάθου
3860 1892 3908 1946 ἐν
3954 1903 4016 1967 τῇ
4069 1894 4162 1967 ἐμῇ

801 2002 929 2046 non
956 1982 1471 2055 circumscriptus.
1512 1981 1661 2037 Dicit
1706 1996 1891 2052 ergo:
1929 1981 2077 2039 Sede
2123 1982 2184 2037 in
2228 1982 2457 2038 honore

799 2092 963 2148 meo,
994 2079 1291 2147 tanquam
1336 2086 1477 2127 mea
1520 2086 1804 2143 persona,
1837 2074 2043 2143 utpote
2100 2071 2302 2141 imago
2356 2072 2457 2128 Dei

799 2166 1084 2223 universo
1110 2162 1341 2219 mundo
1373 2163 1692 2217 ostentata.
1726 2159 1956 2233 Quippe
1978 2160 2061 2217 ita
2081 2161 2286 2217 Daniel
2307 2178 2455 2234 quo-

802 2272 922 2330 que
953 2255 1036 2311 ait
1068 2271 1081 2309 :
1112 2254 1192 2310 Et
1224 2252 1343 2323 ipsi
1382 2251 1592 2308 datum
1639 2256 1723 2307 est
1778 2266 2050 2322 regnum,
2093 2252 2302 2323 honor,
2351 2268 2452 2322 po-

802 2351 981 2404 testas
996 2345 1066 2411 ”,
1096 2348 1152 2400 et
1178 2342 1433 2414 reliqua.
1454 2341 1606 2407 Quin
1624 2340 1776 2397 adeo
1805 2340 1932 2414 ipse
1956 2342 2242 2397 Dominus
2265 2342 2412 2398 dixit
2436 2359 2449 2397 :

794 2436 955 2492 Data
985 2438 1071 2491 est
1098 2431 1250 2488 mihi
1267 2431 1459 2487 omnis
1478 2434 1737 2499 potestas
1764 2430 1827 2485 in
1853 2432 2001 2486 creto
2031 2434 2085 2487 et
2110 2432 2172 2487 in
2204 2436 2367 2489 terra
2380 2433 2447 2488 ³ο.

796 2527 928 2582 Mox
955 2537 1099 2579 vero
1124 2520 1187 2577 in
1234 2518 1511 2591 ejusdem
1540 2518 1762 2591 psalmi
1791 2534 2119 2591 progressu
2148 2520 2229 2577 ait
2259 2522 2334 2578 de
2360 2522 2451 2578 di-

793 2612 1040 2669 vinitate
1087 2628 1101 2666 :
1150 2610 1243 2666 Ea:
1288 2614 1459 2665 utero
1505 2614 1646 2665 ante
1701 2608 2023 2679 luciferum
2067 2614 2250 2680 genui
2287 2614 2396 2668 te$1
2434 2630 2447 2668 :

794 2704 1087 2774 tanquam
1134 2698 1183 2753 si
1237 2698 1412 2753 Pater
1467 2695 1547 2751 ad
1595 2695 1804 2752 Filium
1842 2697 2072 2754 ratione
2124 2699 2450 2757 divinitatis

792 2790 955 2848 dicat
985 2806 999 2844 :
1032 2792 1180 2843 Ante
1207 2800 1452 2842 omnem
1498 2789 1831 2842 creaturam
1880 2802 1954 2843 ex
1993 2793 2181 2857 utero,
2206 2790 2322 2846 hoc
2349 2807 2449 2847 vo-

790 2878 1012 2938 cabulo
1032 2874 1716 2934 consubstantialitatem
1736 2875 2020 2933 denotare
2048 2879 2255 2936 volens
2279 2900 2293 2950 ;
2326 2896 2449 2937 non

790 2974 1003 3045 postea
1026 2981 1364 3033 assumens,
1393 2965 1501 3021 sed
1530 2965 1592 3020 in
1622 2981 1719 3021 me
1760 2965 1894 3039 ipso
1951 2972 2006 3023 te
2051 2968 2284 3025 habens
2326 2971 2450 3027 sine

789 3057 1088 3134 principio
1132 3055 1226 3112 vel
1261 3055 1379 3110 ﬁne
1410 3071 1423 3109 :
1458 3059 1749 3127 tanquam
1799 3071 1871 3111 ex
1923 3061 2093 3114 utero
2141 3074 2210 3115 ex
2244 3066 2451 3117 nostra

791 3146 1137 3205 substantia
1157 3149 1210 3201 te
1231 3145 1412 3215 genui
1434 3144 1823 3214 conjunctum
1845 3145 1993 3202 mihi
2016 3151 2069 3203 et
2091 3149 2450 3207 coexsisten-

2565 1990 2714 2055 τιμῇ,
2750 1984 2937 2034 ὡσανεὶ
2969 1981 3037 2044 εἰς
3070 1986 3348 2056 πρόσωπον
3378 1982 3521 2055 ἐμόν,
3555 1986 3619 2043 ὡς
3662 1983 3808 2036 εἰκὼν
3850 1992 3983 2037 Θεοῦ
4010 1990 4169 2037 παντὶ

2564 2068 2636 2143 τῷ
2662 2076 2844 2144 κόσμῳ
2877 2067 3183 2144 ὃεικνυμένη
3212 2093 3224 2105 ·
3258 2072 3393 2124 οὕτω
3412 2074 3515 2146 γὰρ
3547 2075 3637 2125 xui
3658 2072 3848 2131 Δανιὴλ
3868 2072 4030 2145 λέγει’
4066 2079 4168 2127 Καὶ

2564 2159 2706 2231 αὐτῷ
2732 2156 2890 2218 ἐδόθη
2932 2162 2962 2218 ἡ
3008 2158 3254 2232 βασιλεία
3291 2166 3381 2213 xui
3410 2163 3438 2219 ἡ
3473 2166 3599 2234 τιμὴ
3634 2166 3724 2213 καὶ
3750 2163 3779 2220 ἡ
3810 2160 4043 2231 ἐξουσία,
4075 2166 4167 2215 καὶ

2563 2251 2629 2301 τὰ
2656 2247 2834 2306 λοιπά,
2866 2248 3018 2301 Ἀλλὰ
3046 2254 3134 2302 καὶ
3165 2249 3318 2310 αὐτὸς
3357 2252 3382 2302 ό
3410 2253 3602 2323 Κύριός
3631 2270 3788 2323 φησιν
3809 2267 3821 2280 ·
3854 2247 4043 2309 Ἐδόθη
4075 2270 4168 2324 μοι

2562 2345 2710 2391 πᾶσα
2740 2336 2952 2401 ἐξουσία
2990 2337 3037 2390 ἐν
3084 2339 3284 2412 οὐρανῷ
3323 2343 3412 2391 καὶ
3452 2338 3536 2392 ἐπὶ
3565 2347 3680 2411 γῆς.
3714 2344 4057 2415 Παρακατιὼν
4107 2336 4167 2393 δε

2561 2428 2695 2501 λέγει
2718 2428 2814 2481 πά)
2828 2449 2871 2480 ιν
2903 2428 2951 2480 ἐν
2990 2436 3061 2500 τῷ
3101 2428 3242 2499 αὐτῷ
3280 2427 3472 2501 ψαλμῷ
3511 2434 3629 2504 περὶ
3657 2437 3751 2492 τῆς
3775 2431 4045 2492 θεότητοςο
4078 2429 4168 2482 ’Ex

2560 2521 2785 2594 γαστρός
2810 2522 2910 2593 πρὸ
2943 2517 3206 2592 ἑωσφόρον
3230 2516 3397 2590 ἐγέννη
3408 2521 3475 2570 σά
3499 2536 3556 2571 σε
3575 2535 3589 2550 ⁶
3624 2520 3815 2588 ὡσανεί
3841 2526 3932 2571 τοῦ
3964 2521 4170 2593 Πατρός

2559 2612 2689 2681 πρὸς
2718 2611 2807 2660 τόν
2837 2610 2955 2661 Υἱόν
2975 2610 3111 2660 κατὰ
3138 2612 3232 2665 τὴν
3257 2609 3477 2665 θεότητα
3494 2606 3729 2679 λέγοντος
3749 2608 3831 2660 ὅτι
3856 2610 3964 2683 Πρὸ
3990 2610 4170 2671 πάσης

2559 2702 2782 2760 κτίσεως
2828 2696 2930 2750 ἀπὸ
2969 2702 3200 2770 γαστρός
3225 2714 3238 2727 ⁶
3288 2700 3348 2749 τὸ
3397 2699 3674 2770 όμοούσιον
3709 2696 3862 2750 θέλων
3894 2703 4128 2771 σημᾶναι
4151 2718 4165 2733 ο

2559 2787 2665 2859 οὐχ
2728 2788 2946 2862 ὕστερον
2999 2785 3309 2860 προσλαϐὼν
3342 2829 3356 2855 ,
3417 2785 3524 2839 ἀλλ’
3575 2785 3624 2839 ἐν
3672 2785 3878 2859 ἐμαυτῷ
3921 2806 3977 2839 σε
4030 2790 4166 2858 ἔχων

2558 2874 2800 2951 ἁνάρχως
2830 2880 2919 2927 xui
2952 2874 3247 2950 ἀπεράντως
3267 2893 3279 2906 ’
3321 2878 3389 2937 ὡς
3421 2878 3521 2929 απὸ
3560 2878 3791 2949 γαστρός
3827 2874 3881 2927 ἐκ
3911 2883 4007 2938 τῆς
4031 2877 4164 2948 ἠμε-

2555 2971 2703 3039 τέρας
2734 2965 2919 3025 οὐσίας
2950 2984 3006 3017 σε
3032 2964 3281 3037 ἐγέννησα
3320 2969 3540 3017 συνόντα
3595 2969 3682 3016 καὶ
3721 2967 4154 3038 συνυπάρχοντα.

2557 3052 2686 3108 Εἶτα
2732 3054 2885 3107 πάλιν
2917 3055 3097 3115 εὐθέως
3136 3060 3225 3107 xui
3262 3058 3381 3129 περὶ
3418 3063 3514 3116 τῆς
3555 3053 3947 3127 ἀνθρωπότητος
3987 3050 4163 3112 δηλῶν

2558 3148 2754 3217 φησίν·
2810 3142 3013 3217 Ὠμοσε
3065 3146 3271 3218 Κύριος,
3304 3147 3393 3196 xui
3449 3143 3507 3196 οὐ
3561 3142 4062 3217 μεταμεληθήσεται,
4095 3145 4160 3195 σὺ

789 3240 933 3293 tem.
966 3231 1191 3289 Deinde
1216 3247 1426 3287 rursus
1454 3229 1731 3304 illicoque
1783 3232 1857 3288 de
1887 3233 2259 3292 humanitate
2302 3254 2450 3310 prae-
2480 3262 2519 3317 ρ
2560 3235 2569 3286 ε

2380 3255 2450 3294 ω-
2480 3262 2519 3317 C
2560 3235 2723 3309 ἱερεὺς
2753 3234 2820 3295 εἰς
2857 3238 2945 3286 τόν
2978 3232 3140 3286 αἰῶνα
3190 3234 3323 3286 κατὰ
3375 3237 3467 3292 τὴν
3511 3233 3656 3297 τάξιν
3694 3228 4029 3305 Μελχισεδέκ
4053 3251 4067 3266 ο
4102 3231 4160 3284 οὐ

792 3324 1000 3381 dicat:
1041 3322 1287 3377 Juravit
1331 3320 1642 3391 Dominus,
1696 3325 1750 3377 et
1794 3337 1916 3377 non
1965 3325 2263 3392 paenitebit
2294 3341 2445 3394 eum,

796 3421 863 3471 tu
920 3428 979 3469 es
1039 3410 1315 3467 sacerdos
1364 3410 1427 3465 in
1481 3414 1767 3466 aeternum
1802 3412 2128 3469 secundum
2179 3416 2450 3473 ordinem

793 3498 1294 3560 Melchisedech”
1322 3516 1336 3554 :
1369 3513 1493 3555 non
1532 3499 1693 3555 enim
1741 3499 1931 3557 deitas
1985 3503 2300 3575 sacriﬁcat,
2344 3506 2452 3563 sed

794 3592 998 3666 potius
1025 3588 1237 3646 colitur
1265 3592 1324 3645 et
1350 3586 1577 3644 hostias
1606 3588 1832 3661 recipit.
1868 3591 2128 3648 Meminit
2156 3594 2339 3666 hujus
2370 3600 2453 3652 te-

796 3680 1063 3739 stimonii
1087 3678 1307 3735 Paulus
1357 3693 1603 3751 quoque
1651 3679 1963 3751 apostolus
1991 3682 2052 3737 in
2085 3683 2345 3755 Epistola
2374 3687 2454 3743 ad

796 3770 1077 3829 Hebraeos
1109 3768 1195 3824 sic
1227 3787 1240 3824 :
1269 3768 1469 3824 Sicuti
1493 3768 1725 3837 Aaron,
1748 3771 1830 3825 sic
1853 3777 1908 3827 et
1936 3771 2206 3829 Christus
2226 3790 2453 3847 nequa-

795 3876 977 3935 quam
1003 3860 1118 3916 sibi
1162 3858 1486 3915 sacerdotii
1511 3857 1795 3916 honorem
1838 3863 2186 3928 vindicavit,
2213 3866 2316 3922 sed
2352 3869 2456 3939 qui

796 3952 949 4008 dixit
969 3951 1058 4007 ei:
1090 3950 1287 4005 Filius
1319 3964 1481 4005 meus
1512 3964 1570 4005 es
1592 3955 1679 4018 tu,
1716 3964 1820 4022 ego
1849 3950 2023 4010 hodie
2045 3958 2229 4025 genui
2253 3962 2327 4013 te.
2362 3958 2453 4015 Si-

798 4045 899 4098 cut
930 4044 986 4097 et
1014 4037 1157 4096 alibi
1177 4037 1258 4094 ait
1291 4056 1304 4094 :
1342 4039 1427 4094 Tu
1449 4054 1506 4095 es
1537 4040 1812 4097 sacerdos
1832 4041 1896 4097 in
1941 4048 2228 4101 wternum
2250 4062 2455 4104 secun-

797 4130 941 4187 dum
965 4128 1233 4185 ordinem
1266 4127 1704 4186 Melchisedech
1717 4129 1764 4164 ³³
1796 4148 1810 4187 :
1843 4130 2120 4191 videlicet
2144 4136 2351 4194 omnia
2379 4136 2455 4194 de

795 4218 1171 4277 humanitate
1196 4216 1553 4289 intelligens.

848 4364 1255 4434 Syllogismus
1274 4362 1487 4433 magni
1512 4362 1840 4435 drungarii
1858 4367 2090 4425 domini
2103 4370 2416 4441 Stephani.

868 4489 1025 4545 Num
1056 4488 1402 4544 universam
1428 4488 1731 4558 deitatem,
1755 4508 1891 4565 qua:
1922 4492 2113 4552 deitas
2143 4498 2364 4555 scilicet
2391 4500 2450 4556 in

2556 3325 2654 3398 γὰρ
2696 3324 2725 3381 ἠ
2758 3325 2938 3385 θεότης
2966 3325 3233 3396 ἱερατεύει,
3264 3320 3391 3374 ἀλλὰ
3418 3321 3607 3395 μᾶλλον
3628 3321 3948 3396 λατρεύεται,
3981 3325 4072 3374 καὶ
4097 3324 4162 3374 τὰ

2562 3414 2720 3485 ἱερεῖα
2757 3408 3141 3484 προσδέχεται.
3175 3416 3448 3484 Μέμνηται
3501 3408 3559 3465 δὲ
3597 3416 3686 3464 xui
3734 3420 3822 3473 τῆς
3851 3416 4093 3486 χρήσεως
4135 3411 4160 3462 ό

2561 3500 2853 3564 ἀπόστολος
2921 3501 3119 3562 Παῦλος
3165 3500 3213 3553 ἐν
3279 3509 3341 3574 τῇ
3378 3504 3508 3574 πρὸς
3552 3500 3821 3575 Ἐϐραίους
3882 3500 4156 3573 Ἐπιστολῇ

2559 3590 2718 3663 λέγων
2759 3590 2919 3652 οὕτως
2943 3608 2956 3621 ·
2992 3593 3236 3665 Καθάπερ
3268 3593 3293 3643 ό
3320 3589 3541 3665 ’Λαρὼν,
3568 3593 3731 3651 οὕτως
3750 3594 3840 3643 xui
3878 3591 3905 3642 6
3936 3593 4163 3662 Χριστὸς

2562 3681 2667 3753 οὐχ
2699 3680 2880 3734 ἑαυτόν
2911 3678 3133 3745 ἐδόξασε
3157 3682 3398 3752 γενέσθαι
3440 3672 3871 3755 ἀρχιερεὺς,’ἀλλ“
3901 3679 4164 3741 όλαλὴσας

2560 3774 2690 3844 πρὸς
2731 3770 2904 3839 αὐτόν,
2946 3773 3067 3833 Υἱός
3104 3790 3204 3843 μου
3245 3767 3291 3822 εἰ
3337 3773 3423 3837 σὺ,
3465 3768 3562 3841 ἐγὼ
3612 3774 3835 3843 σήμερον
3880 3773 4165 3842 γεγέννηκά

2566 3879 2622 3913 σε
2650 3882 2662 3894 ·
2694 3862 2831 3912 καθὰ
2860 3865 2951 3913 καὶ
2987 3859 3036 3912 ἐν
3085 3863 3235 3935 ἕτέρῳ
3277 3859 3414 3931 λέγει
3438 3876 3451 3889 ·
3500 3863 3565 3912 Σὺ
3599 3862 3757 3934 ἱερεὺς
3786 3859 3857 3921 εἰς
3876 3862 3971 3919 ,τόν
4002 3858 4166 3911 αἰῶνα

2560 3952 2697 4002 κατὰ
2722 3955 2816 4009 τὴν
2856 3950 3001 4013 τάξιν
3031 3946 3367 4023 Μελχισεδέκ
3394 3970 3404 3982 ·
3462 3952 3633 4002 πάντα
3676 3952 3793 4023 περὶ
3829 3957 3921 4009 τῆς
3960 3945 4164 4023 ἀνθρω-

2561 4044 2786 4103 πότητος
2812 4039 3057 4095 ἐκλαϐών.

2564 4379 2915 4453 Συλλογισμός
2939 4387 3031 4433 τοῦ
3057 4376 3283 4453 μεγάλου
3307 4372 3665 4452 δρουγγαρίου
3693 4362 3855 4449 κυροῦ
3886 4378 4163 4450 Στεφάνου.

2630 4503 2759 4580 Ὀλῃ
2812 4514 2875 4579 τῇ
2929 4503 3136 4563 θεότητι
3172 4505 3664 4577 προσκεκρούκαμεν
3723 4504 3873 4574 ἡμεῖς
3930 4499 4023 4555 διὰ
4068 4511 4169 4565 τῆς

795 4578 989 4637 tribus
1041 4581 1343 4674 spectatur
1402 4579 1704 4651 personis,
1740 4584 1905 4639 Patre
1956 4584 2098 4643 Filio
2137 4592 2195 4644 et
2231 4590 2453 4662 Spiritu
2485 4620 2527 4674 ι)
2560 4617 2575 4649 π

2389 4594 2453 4647 ω
2485 4620 2527 4674 D
2560 4596 2906 4669 παραϐάσεως
2938 4640 2953 4664 ,
3008 4602 3069 4668 τῇ
3114 4594 3164 4646 ἐν
3202 4600 3315 4654 ταῖς
3350 4597 3520 4668 τρισὶν
3576 4592 3907 4645 ὑποστάσεσι
3946 4593 4169 4667 θεωρου-

795 4673 1031 4738 sancto,
1072 4667 1438 4724 offendimus
1467 4684 1581 4725 nos
1631 4673 1915 4745 praecepti
1953 4679 2449 4752 transgressione,

793 4776 873 4817 an
903 4754 1106 4833 pctius
1138 4757 1335 4814 solum
1366 4761 1646 4816 Patrem?
1675 4762 1732 4817 Si
1761 4762 2000 4823 Patrem
2031 4772 2453 4828 tantummodo

793 4848 1183 4911 offendimus,
1206 4850 1413 4921 utique
1432 4849 1571 4905 huic
1604 4850 1733 4919 soli,
1760 4851 1934 4924 juxta
1955 4855 2065 4912 hos
2085 4856 2448 4929 blaterones,

790 4937 1156 4996 reconciliati
1187 4954 1399 4993 sumus
1424 4954 1530 5011 per
1570 4939 1694 4996 Filii
1719 4942 1852 5013 ejus
1882 4944 2175 5004 incarnati
2207 4952 2449 5021 sangui-

789 5043 953 5084 nem.
986 5027 1159 5094 Quod
1191 5027 1239 5083 si
1287 5032 1473 5083 totam
1513 5028 1858 5088 Trinitatem
1907 5034 2297 5104 offendimus,
2338 5041 2447 5096 uti-

788 5133 908 5190 que
935 5116 1043 5174 toti
1086 5117 1348 5174 Trinitati
1401 5118 1642 5175 oblatus
1681 5119 1793 5178 fuit
1849 5124 2139 5194 unigeniti
2182 5128 2309 5186 Filii
2349 5131 2450 5186 Dei

791 5206 1066 5277 sanguis.
1104 5206 1265 5263 Sicut
1288 5207 1449 5264 enim
1477 5208 1537 5263 in
1566 5224 1690 5265 uno
1712 5211 2048 5287 eodemque
2071 5218 2320 5289 Christo,
2344 5221 2445 5293 qui

786 5297 847 5352 in
880 5296 1059 5353 unica
1088 5311 1353 5369 persona
1392 5298 1681 5371 subsistit,
1709 5305 2058 5372 agnoscitur
2096 5311 2447 5383 corruptibi~

781 5387 922 5446 litas
954 5392 1011 5444 et
1057 5387 1624 5462 incorruptibilitas,
1664 5393 1998 5452 mortalitas
2038 5402 2097 5455 et
2130 5398 2445 5461 immorta-

772 5766 813 5807 ν
849 5675 1129 5807 'Lglatth.
1150 5692 1290 5748 ιω,
1317 5681 1410 5751 43,
1444 5682 1534 5737 44.
1610 5682 1658 5719 ²⁹
1692 5683 1843 5742 Dan.
1873 5701 1974 5756 vu,
2016 5690 2093 5744 14.

772 5793 833 5823 μ,
862 5793 895 5807 τ
925 5793 976 5807 ν.

2182 5690 2230 5726 ³ο
2260 5691 2459 5750 Matth.
2487 5695 2691 5761 xxvni,
2726 5696 2811 5750 t8.

2558 4691 2707 4759 μένῃ,
2745 4688 2971 4758 Πατρός,
3013 4687 3155 4755 Υἰοῦ,
3212 4687 3303 4735 xui
3362 4681 3515 4753 ἁγίου
3583 4682 3971 4753 Πνεύματος,ἣ
4021 4687 4166 4755 μόνῳ

2558 4783 2631 4845 τῷ
2663 4779 2865 4850 Πατρί;
2907 4774 2968 4828 Εἰ
3023 4776 3114 4847 μεν
3171 4778 3309 4847 μόνῳ
3348 4781 3422 4844 τῷ
3460 4775 3648 4847 Πατρί,
3707 4776 3798 4824 καί
3842 4771 3982 4841 αὐτῷ
4021 4776 4166 4844 μόνῳ

2558 4868 2695 4918 κατὰ
2727 4866 2850 4926 τοῦς
2903 4864 3291 4937 φληναφοῦντας
3348 4860 3745 4933 κατηλλάγημεν
3795 4858 3890 4914 διὰ
3936 4868 4027 4913 τοῦ
4080 4861 4165 4914 αῖ-

2558 4975 2718 5028 ματος
2759 4963 2849 5008 τοῦ
2907 4953 3399 5029 ἐνανθρωπήσαντος
3454 4954 3578 5005 Υἰοῦ
3619 4952 3814 5004 αὐτοῦ’
3857 4950 3902 5004 εἰ
3949 4947 4009 5004 δὲ
4064 4951 4162 5026 ὅλῃ

2557 5055 2619 5119 τῇ
2660 5041 2875 5121 Τριάὸι,
2917 5044 3005 5117 ὅλη
3056 5050 3115 5116 τῇ
3172 5038 3367 5116 Τριάδι
3426 5043 3767 5117 προσηνέχθη
3827 5046 3918 5093 xui
3955 5045 4013 5093 τό
4065 5049 4165 5093 τοῦ

2514 5194 2517 5195 ν
2556 5142 2862 5209 μονογενοῦς
2893 5137 3016 5188 Υἱοῦ
3048 5126 3138 5186 τοῦ
3180 5140 3313 5186 Θεοῦ
3381 5132 3536 5204 αἷμα.
3580 5130 3781 5205 Ὠσπερ
3839 5133 3938 5204 γὰρ
3980 5128 4028 5182 ἐν
4084 5139 4165 5201 τῷ

2555 5223 2628 5277 ἐνί
2683 5229 2773 5277 xui
2812 5231 2884 5293 τῷ
2947 5222 3088 5293 αὐτῷ
3132 5228 3372 5295 Χριστῷ,
3422 5224 3535 5278 ἤτοι
3564 5227 3625 5292 τῇ
3661 5224 3759 5291 μιᾷ
3786 5220 3972 5271 τούτου
4032 5221 4166 5271 ὑπο-

2560 5316 2764 5383 στάσει,
2811 5316 3078 5387 θεωρεῖται
3116 5314 3174 5393 τό
3242 5312 3467 5386 φθαρτὸν
3521 5314 3611 5361 καί
3656 5312 3714 5361 τὸ
3758 5310 4042 5383 ἄφθαρτον,
4094 5313 4163 5363 τὸ

2559 5406 2742 5464 θνητὸν
2762 5409 2853 5457 xui
2881 5407 2940 5457 τό
2966 5400 3220 5456 ἀθάνατον
3244 5419 3257 5432 ·
3291 5400 3424 5454 οὔτι)
3448 5403 3541 5465 xui
3574 5402 3633 5451 τό
3675 5402 3944 5472 προσάγειν
3973 5402 4062 5451 xui
4094 5401 4166 5453 τὸ

2908 5694 2953 5729 ιι
2994 5690 3155 5749 Psal.
3189 5706 3301 5760 (ιιι,
3334 5693 3387 5746 3.
3493 5689 3540 5724 ³³
3579 5686 3728 5745 ibid.
3758 5689 3813 5743 4.
3907 5686 3956 5722 ³³
3995 5684 4154 5745 Heb.
