4508 6436
313 425 416 479 173
1632 420 1979 479 THESAURI
2019 423 2093 478 LII

1900 421 1979 479 'RI
2019 423 2145 478 LIB.
2191 425 2367 481 XXIV.
3577 443 3680 497 174

308 543 779 619 προσδεχόμενον·
833 546 860 597 ό
906 544 1066 608 αὐτὸς
1110 546 1212 620 γὰρ
1262 548 1333 608 ὡς
1374 545 1646 620 ἄνθρωπος
1704 550 1911 619 προσὴο
1951 548 1999 601 Α
2027 545 2088 604 lit

1896 576 1911 588 -
1951 545 2185 614 Alites,
2233 549 2315 605 sic
2363 550 2543 607 etiam
2585 552 2809 611 oblatio
2862 559 2919 612 et
2963 557 3245 630 receptio.
3296 560 3462 617 Idem
3516 563 3676 621 enim

308 656 463 709 γεγε,
491 642 582 690 καὶ
605 638 672 698 ὡς
700 639 831 697 Θεὸς
860 633 1237 712 προσεδέξατο.
2027 653 2088 710 q1

2027 643 2327 710 quatenus
2354 640 2539 698 homo
2570 642 2804 714 obtulit,
2835 650 3137 717 quatenus
3167 650 3321 705 Deus
3344 652 3589 725 recepit.

375 761 705 835 Εύστρατίου
734 768 825 814 τοῦ
854 759 1164 845 Νικαίαςλὲκ
1191 768 1283 845 τού
1316 757 1559 845 δευτέρου
1591 764 1717 833 Περὶ
1747 768 1845 813 τῶν
2026 761 2150 818 Eas

2026 761 2328 820 Eustratii
2355 766 2589 823 Nicavni
2614 784 2686 825 ex
2721 771 2980 827 secundo
3009 773 3095 829 De
3123 775 3347 845 azymis
3390 791 3675 838 sermone.

837 835 1049 905 ἀζύμων
1078 831 1233 905 λόγου
1263 834 1399 903 (20).

387 939 547 993 Ἀλλὰ
597 942 685 991 καὶ
730 940 813 992 ὅτε
855 943 1209 1013 χαριστήριον
1261 945 1352 991 τοῦ
1412 943 1674 1014 σωτηρίου
1718 940 1918 1001 πάθους
2098 943 2167 997 Re

1898 959 1918 1001 ς
2098 943 2325 998 Revera
2367 948 2423 1000 et
2464 960 2602 1001 cum
2633 945 2911 1004 salutaris
2944 951 3246 1021 passionis
3293 954 3676 1027 sacriﬁcium,

311 1038 386 1100 τῷ
436 1030 565 1101 ύπὶρ
614 1030 761 1100 ἡμῶν
807 1029 1026 1081 παθόντι
1078 1031 1455 1103 προσφέρεται,
1514 1032 1602 1080 καὶ
1660 1030 1739 1081 ὅτε
1790 1031 1916 1101 ὑπὲρ
2029 1030 2081 1085 ei

1896 1047 1916 1079 ο
2029 1030 2081 1085 ei
2110 1032 2213 1103 qui
2256 1047 2367 1104 pro
2413 1034 2589 1090 nobis
2622 1040 2710 1091 est
2739 1052 2955 1108 passus
2984 1038 3247 1111 offertur,
3278 1043 3400 1099 sive
3426 1060 3538 1116 pro
3567 1062 3676 1103 no-

312 1119 455 1179 ζωῆς
499 1119 644 1189 ἡμῶν
688 1124 784 1179 τῆς
831 1116 879 1169 ἓν
931 1124 1156 1190 σώματι,
1208 1122 1297 1170 καὶ
1348 1119 1429 1170 ὅτε
1477 1117 1557 1169 ἶνα
1598 1116 1755 1190 ἀφεθῇ
1804 1123 1920 1179 ταῖς
2028 1124 2092 1175 st]

1901 1138 1920 1179 ς
2028 1124 2149 1175 stra
2180 1122 2474 1192 corporali
2512 1125 2650 1195 vita,
2686 1125 2809 1181 sive
2839 1142 2949 1197 pro
2981 1128 3302 1185 animabus
3348 1133 3567 1189 nostris
3615 1139 3681 1193 ut

307 1206 524 1278 ψυχαῖς
581 1208 726 1277 ἡμῶν
779 1204 813 1257 ἆ
866 1206 1055 1268 ζῶντες
1121 1204 1340 1259 ἐνταῦθα
1405 1209 1914 1281 προσκεκρούκαμεν,
2026 1223 2087 1264 re

1900 1246 1914 1270 ,
2026 1209 2404 1267 remittantur
2433 1228 2504 1267 ea
2541 1228 2676 1285 quae
2715 1214 2776 1269 in
2802 1215 2923 1271 vita
2966 1218 3377 1290 peccavimus,
3411 1221 3537 1278 sive
3569 1238 3678 1295 pro

308 1300 403 1347 xui
443 1297 527 1347 ὅτε
574 1296 699 1369 ὑπὲρ
745 1303 844 1346 τῶν
894 1294 1115 1348 ἐντεῦθεν
1168 1296 1454 1367 οἰχομένων
1503 1304 1724 1362 πιστῶν,
1757 1295 1917 1368 ἀναγ-
2026 1298 2088 1352 iis

1899 1327 1917 1336 -
2026 1298 2095 1352 iis
2124 1298 2225 1369 qui
2249 1299 2385 1354 hinc
2416 1301 2843 1369 migraverunt,
2877 1319 3119 1361 necesse
3146 1310 3235 1362 est
3260 1323 3483 1379 panem
3508 1294 3679 1370 illum

308 1391 461 1435 καῖον
526 1385 676 1455 ζυμῷ
740 1387 828 1435 τὸν
893 1385 1049 1457 οἶρτον
1118 1381 1247 1437 εἷναι
1306 1388 1394 1436 τόν
1460 1390 1911 1457 προσφερόμενον,
2025 1400 2088 1457 (Ῑι

1896 1429 1911 1455 ,
2025 1385 2130 1457 qui
2166 1386 2411 1443 otfertur
2458 1404 2587 1445 esse
2632 1390 3077 1461 fermentatum,
3112 1395 3261 1467 quia
3310 1396 3675 1458 fermentum

307 1476 397 1524 τόν
451 1472 641 1544 ψυχῆς
671 1474 862 1543 ἔχοντα
906 1472 1163 1544 σύμϐολον
1195 1474 1312 1544 (21)
1338 1478 1394 1525 τό
1434 1493 1487 1526 τε
1528 1477 1629 1547 γὰρ
1674 1470 1747 1525 δι’
1778 1475 1917 1545 ἡμᾶς
2027 1490 2087 1531 ar

1897 1492 1917 1533 ς
2027 1476 2244 1531 animm
2267 1476 2613 1548 symbolum
2642 1484 2750 1537 est.
2783 1482 2929 1536 Nam
2952 1486 3008 1537 et
3056 1484 3269 1539 Christi
3303 1486 3364 1541 in
3396 1488 3677 1559 passione

310 1563 565 1621 πεπονθὸς
624 1570 775 1633 σῶμα
832 1569 923 1613 τοῦ
984 1570 1218 1635 Σωτῆρος
1276 1570 1512 1635 Χριστοῦ
1565 1563 1664 1623 ζῶν
1719 1582 1772 1615 τε
1828 1566 1917 1614 καὶ
2028 1580 2090 1619 co

1899 1566 1917 1614 ὶ
2028 1580 2244 1635 corpus
2275 1566 2479 1622 vivum
2515 1572 2642 1623 erat
2670 1572 2726 1623 et
2763 1570 3140 1637 animatum;
3175 1578 3230 1629 et
3259 1579 3468 1632 nostra
3509 1577 3678 1635 simi-

310 1650 580 1723 ἕμψυχον,
613 1652 678 1701 τά
719 1668 773 1701 τε
809 1652 1035 1725 ἡμέτεροι
1080 1652 1351 1717 ὡσαύτως,
1385 1656 1474 1702 καὶ
1522 1654 1588 1703 τὰ
1626 1653 1751 1725 ὑπὲρ
1794 1651 1917 1723 ἀφέ-
2026 1651 2090 1708 lit

1897 1680 1917 1692 -
2026 1651 2158 1708 liter
2205 1654 2519 1722 sacriﬁcia,
2554 1671 2662 1728 pro
2709 1658 3063 1715 remissione
3110 1668 3520 1733 peccatorum,
3551 1666 3677 1723 sive

314 1759 450 1801 σεως
491 1738 825 1811 σφαλμάτων,
868 1742 966 1791 εἶτε
1014 1742 1071 1791 τὸ
1121 1739 1168 1791 ἐν
1217 1748 1279 1812 τῇ
1331 1744 1572 1813 παρούσῃ
1633 1743 1708 1793 ἔτι
1762 1737 1915 1797 ἔνδη-
2027 1742 2094 1798 ad

1900 1771 1915 1782 -
2027 1742 2227 1798 adhuc
2258 1743 2583 1800 viventium
2620 1745 2890 1803 ﬁdelium
2922 1748 3044 1805 sive
3093 1749 3537 1823 defunctorum,
3568 1771 3680 1828 pro

309 1830 547 1901 μούντων
600 1828 731 1899 ζωῇ,
780 1830 879 1878 εἴτε
925 1836 1024 1879 τῶν
1077 1826 1132 1879 ἐκ
1175 1831 1366 1889 ταύτης
1413 1826 1519 1887 ἤδη
1562 1828 1915 1881 ἀπολυθέντων
2027 1848 2089 1889 at

1897 1850 1915 1880 ν
1958 1908 1993 1914 _
2027 1832 2349 1889 animabus
2397 1833 2746 1892 offeruntur.
2794 1837 2946 1893 Nihil
2997 1854 3139 1896 vero
3179 1856 3430 1913 prorsus
3471 1826 3677 1914 ofﬁcit,

309 1926 545 1982 πιστῶν,
593 1919 719 1990 ύπερ
764 1915 958 1988 ψυχῶν
1006 1915 1119 1969 ἔστι
1164 1923 1568 1992 προσφερόμενα.
1636 1916 1803 1971 Οὐδὲν
1858 1915 1917 1971 δέ
1958 1908 1998 1963 Β
2026 1938 2089 1995 qi

1902 1923 1917 1971 ἐ
1958 1908 1998 1963 Β
2026 1922 2193 1995 quod
2225 1921 2553 1995 aliquando
2596 1924 2675 1981 ob
2707 1926 3036 1996 gratiarum
3086 1908 3384 1987 actionem
3415 1949 3525 2006 pro
3556 1908 3682 1991 cor;

308 2028 363 2060 τι
422 2010 626 2067 πάντως
688 2010 1064 2079 προσίσταται,
1126 2007 1170 2059 εἰ
1233 2012 1589 2081 χαριστήριον
1654 2028 1774 2077 ποτε
1822 2018 1918 2072 τῆς
2027 2027 2088 2084 ρ(

1902 2030 1918 2072 ς
2027 2012 2218 2084 porali
2255 2017 2459 2069 nostra
2486 2013 2629 2078 vita,
2660 2030 2883 2087 panem
2927 2016 3273 2075 offerimus:
3304 2020 3479 2079 sicuti
3518 2025 3682 2083 enim

310 2098 453 2159 ζωῆς
499 2097 644 2168 ἡμῶν
686 2103 781 2155 τῆς
824 2093 872 2146 ἐν
924 2100 1130 2167 σώματι
1177 2099 1267 2147 τόν
1322 2098 1476 2168 ἄρτον
1520 2102 1912 2171 προσφέρομεν·
2028 2117 2090 2157 co

1901 2117 1912 2129 ·
2028 2117 2246 2173 corpus
2271 2107 2546 2159 nostrum
2573 2104 2861 2161 Dominus
2892 2121 2998 2178 per
3023 2106 3503 2168 incarnationem
3543 2112 3681 2172 fecit

308 2189 375 2245 ὡς
400 2188 505 2259 γὰρ
554 2187 612 2236 τό
652 2186 898 2256 ἡμέτερον
930 2185 955 2235 ό
988 2188 1163 2259 Σωτὴρ
1215 2184 1381 2255 ἑαυτῷ
1422 2181 1515 2238 διὰ
1558 2195 1652 2248 τῆς
1682 2186 1916 2260 προσλή-
2029 2207 2088 2246 st

1903 2219 1916 2229 -
2029 2207 2230 2259 suum,
2254 2192 2334 2248 ita
2364 2208 2584 2265 panem
2614 2210 2797 2267 quem
2829 2210 2941 2268 pro
2972 2212 3035 2253 se
3059 2198 3317 2272 quisque
3342 2200 3535 2273 offert,
3568 2203 3683 2261 sibi

306 2275 453 2346 ψεως
503 2274 819 2345 ᾠκειώσατο,
869 2273 1032 2334 οὕτως
1074 2278 1163 2325 καὶ
1212 2278 1270 2326 τὸ
1321 2276 1447 2350 ὑπὲρ
1502 2274 1690 2327 ἑαυτοῦ
1744 2296 1917 2349 προσ-
2026 2280 2083 2335 vi

1900 2308 1917 2318 -
2026 2280 2342 2339 vindicans
2393 2299 2572 2339 suum
2620 2298 2840 2357 corpus
2892 2285 3109 2359 efﬁcit,
3152 2288 3452 2364 nobisque
3501 2293 3680 2350 retri—

308 2368 585 2437 φερόμενον
632 2362 798 2434 ἑαυτῷ
837 2362 1180 2435 οἰκειούμενος
1235 2363 1422 2417 ἑαυτοῦ
1468 2373 1622 2437 σῶμα
1666 2374 1915 2435 ποιεῖται,
2028 2369 2171 2427 buit.

306 2459 402 2507 καὶ
432 2454 558 2527 ἡμῖν
586 2452 747 2506 αὐτοῦ
772 2448 1128 2526 μεταδίδωσι.

311 2582 517 2634 Φωτίου
567 2580 906 2661 πατριάρχου
946 2576 1002 2630 ἐκ
1044 2585 1135 2630 τοῦ
1172 2576 1349 2649 λόγου,
1385 2579 1503 2661 otii;
1540 2578 1705 2661 ᾁρχή.
1732 2601 1770 2661 μ
1806 2588 1916 2661 Πῶς
2026 2568 2079 2624 Ρ
2084 2597 2091 2623 ι

1903 2601 1916 2642 ;
2026 2568 2233 2661 Phot‘ii
2250 2570 2647 2661 patriarc‘ltaa',
2666 2586 2747 2661 ρετ
2775 2587 3063 2661 sermone,
3090 2577 3538 2661 cujusjnitium
3557 2584 3683 2661 esl_:

386 2652 600 2712 θελητός
626 2641 684 2702 τέ
709 2641 1072 2712 κοίίῖιθέλητος
1116 2658 1188 2719 τῷ
1229 2641 1395 2724 ίιατρὶ
1434 2653 1460 2702 ό
1493 2641 1703 2726 θοίῦάτος
1732 2641 1914 2724 λέγοιτ’
2100 2659 2166 2726 (ξιξ

1902 2641 1914 2673 ι
2100 2663 2139 2726 τι
2161 2641 2461 2726 Quomodo
2491 2648 2552 2726 et
2582 2644 2931 2726 υρζιιηρᾳτία
2968 2641 3231 2726 εἰηιιιέξξί
3260 2650 3681 2726 ἰηυοιιιῃιανία

370 2723 434 2773 ᾶν
490 2720 617 2774 εἶναι
672 2729 764 2773 τού
820 2729 1102 2795 Χριστοῡς
1144 2714 1256 2795 ’Καὶ
1312 2714 1419 2783 πῶς
1475 2722 1627 2775 πάλιν
1658 2726 1703 2795 *ὁ
1756 2714 1914 2788 αὖτὸς
2101 2714 2150 2766 Pi

1901 2747 1914 2788 ς
2101 2714 2269 2767 Patri
2296 2729 2466 2795 mors
2484 2714 2855 2795 Caristidici
2886 2718 3194 2795 queat.__Et
3223 2722 3516 2795 quomodo
3545 2738 3681 2778 rur-

372 2793 612 2845 συνέλθοι
678 2802 751 2863 τῷ
808 2785 1016 2864 πονηρῷ
1088 2785 1290 2854 θελητός
1348 2813 1403 2846 τε
1459 2796 1571 2866 οἶμα
1632 2791 1761 2848 εἶναι
1822 2802 1911 2850 καὶ
2094 2798 2152 2867 διέ

1902 2785 1911 2850 g
2094 2798 2193 2867 sus
2232 2785 2466 2868 accidat
2498 2790 2586 2868 ut;
2613 2786 2821 2868 eadem
2850 2785 3299 2868 njorshdiabo'lo
3329 2793 3682 2853 voluntaria

372 2863 620 2925 ἆθελητος
988 2856 997 2864 ’
1495 2856 1504 2866 ’
2093 2856 2152 2909 si;

1495 2856 1504 2866 '
2093 2856 2390 2927 simulque
2420 2857 2832 2915 involontarz’a
2860 2860 3063 2929 fuerit.
3104 2881 3130 2909 »

367 2973 512 3025 Ἐπεὶ
554 2970 613 3023 τὸ
659 2970 842 3044 λύτρον
886 2974 1013 3045 πρὸς
1067 2967 1165 3023 δύο
1214 2991 1330 3023 τινα
1385 2976 1478 3031 τὴν
1538 2974 1794 3048 ἀναφορὰν
1844 2978 1911 3038 ὡς
2090 2964 2147 3018 Rt

1897 2997 1911 3038 ς
2090 2962 2539 3036 Redemptionis
2570 2965 2825 3037 pretium
2856 2966 3088 3036 duplici
3132 2966 3247 3024 sub
3286 2970 3531 3027 notione
3578 2987 3677 3043 ge-

281 3060 479 3114 ἐπίπαν
523 3063 659 3131 ἔχει,
708 3060 894 3135 ῥύσιόν
943 3079 997 3112 τε
1038 3067 1139 3112 τῶν
1196 3066 1559 3134 κατεχομένων
1615 3060 1765 3127 εἶναι,
1820 3069 1910 3117 καὶ
2017 3069 2057 3108 Π

1894 3069 1910 3117 ὶ
2017 3054 2273 3109 neratim
2328 3053 2775 3123 consideratur,
2836 3055 3122 3113 nimirum
3178 3061 3243 3115 ut
3298 3060 3674 3133 captivorum

280 3148 456 3204 δῶτον
512 3151 738 3220 ὁρᾶσθαι
794 3157 869 3219 τῷ
923 3154 1244 3221 κατέχοντι’
1306 3154 1371 3211 ὡς
1427 3153 1516 3223 μὲν
1572 3152 1755 3225 ῥύσιον
1806 3163 1908 3205 τῶν
2014 3158 2060 3198 Γ(

1894 3176 1908 3204 ,
2014 3142 2309 3209 redimite,
2363 3147 2543 3215 atque
2593 3147 2657 3199 ut
2707 3146 3080 3217 captivorum
3136 3147 3387 3205 domino
3440 3150 3674 3210 donum

276 3243 650 3310 κατεχομένων
697 3238 880 3312 λύτρον
930 3236 989 3289 ἂν
1022 3241 1099 3295 εἰη
1142 3242 1201 3291 τό
1248 3245 1506 3315 σωτήριον
1547 3242 1708 3314 αἵμα”
1744 3244 1813 3304 ὡς
1847 3239 1906 3297 δὲ
1944 3263 1985 3319 C
2014 3248 2056 3287 οι

1891 3251 1906 3297 ε
1944 3263 1985 3319 C
2014 3231 2304 3288 oblatum.
2322 3233 2816 3305 Christisanguis,
2829 3238 3131 3306 quatenus
3142 3237 3529 3295 redimiarum
3543 3241 3671 3298 vice

280 3325 459 3401 δῶρον
495 3334 587 3380 τού
625 3332 934 3399 κατέχοντος
980 3323 1229 3400 οὐδαμῶς
1254 3350 1266 3361 ·
1303 3329 1412 3382 ἐπεὶ
1452 3335 1543 3382 καὶ
1583 3330 1745 3383 πολλὰ
1775 3331 1906 3385 ἀλλα
2012 3320 2060 3377 Ῑιέ

1886 3353 1906 3385 κ
2012 3320 2299 3391 fungitur,
2331 3338 2478 3378 sane
2524 3324 2783 3395 pretium
2811 3323 3243 3396 redemptionis
3288 3327 3405 3384 dici
3434 3331 3666 3400 potest:

280 3425 359 3488 τῷ
419 3422 616 3490 κυρίως
672 3416 926 3489 λεγομένῳ
981 3421 1248 3492 προσόντα
1288 3419 1482 3491 λύτρῳ,
1532 3427 1593 3492 τῇ
1652 3419 1902 3494 ἀφράστῳ
2011 3427 2060 3466 W

1889 3444 1902 3473 ι
2011 3416 2426 3466 verumtamen
2474 3415 2776 3484 quatenus
2823 3410 3055 3468 donum
3086 3416 3378 3485 mangoni
3426 3421 3535 3489 est,
3566 3418 3669 3476 illo

283 3510 457 3579 ταύτῃ
508 3510 597 3559 καὶ
655 3507 781 3581 ὑπὲρ
826 3505 976 3577 λόγον
1026 3505 1085 3558 ού
1132 3527 1415 3581 πρόσεστιν
1465 3508 1770 3582 οἰκονομίᾳ·
1814 3515 1904 3563 xui
2010 3515 2063 3555 11‘

1886 3515 1904 3563 λ
2010 3500 2258 3557 nomine
2287 3500 2371 3556 uti
2400 3500 2624 3572 nequit.
2661 3503 2727 3557 Et
2755 3501 3006 3573 quidem
3033 3502 3152 3559 alia
3196 3504 3388 3562 multa
3424 3506 3666 3565 redem-

282 3602 389 3672 γὰρ
454 3598 478 3649 ό
668 3600 726 3649 τό
778 3596 959 3671 λύτρον
1007 3592 1211 3668 διδούς,
1262 3598 1434 3650 οὐκέτι
1485 3596 1765 3672 δυνάμενος
1804 3603 1901 3652 κύ-
2009 3597 2062 3664 Ρῖ

1887 3632 1901 3642 .
2009 3591 2231 3664 ptionis
2279 3590 2519 3663 proprie
2562 3590 2723 3647 dicto
2754 3591 2945 3664 pretio
2992 3592 3217 3663 insunt,
3248 3610 3386 3667 quae
3428 3612 3667 3655 arcanae

280 3707 396 3760 ριος
456 3685 583 3738 εἶναι
650 3686 717 3736 ὧν
782 3690 1042 3762 παρέσχε,
1087 3692 1174 3745 τὴν
1238 3687 1434 3759 ζημίαν
1483 3690 1597 3760 ἔχει
1654 3692 1789 3742 κατά
1843 3692 1901 3741 1'6
2008 3681 2060 3736 h1

1886 3692 1901 3741 5
2008 3681 2149 3736 huic
2193 3684 2250 3737 et
2291 3679 2679 3737 inenarrabili
2727 3682 3083 3738 oeconomiae
3132 3697 3256 3739 non
3304 3690 3666 3757 congruunt.

284 3776 653 3853 ἀπαραίτητον
708 3774 1132 3829 ἀκολουθοῦσαν
1192 3774 1451 3851 κερδαίνει
1516 3776 1564 3831 δ’
1616 3781 1642 3832 ό
1708 3779 1899 3849 λαϐὼν,
2010 3770 2064 3825 Si

1887 3824 1899 3849 ,
2010 3770 2319 3843 Siquidem
2354 3769 2460 3842 qui
2496 3769 2756 3843 pretium
2799 3769 2985 3840 dedit,
3012 3771 3158 3845 quia
3199 3773 3283 3830 rei
3326 3774 3455 3846 ejus
3502 3776 3667 3833 dein-

280 3871 374 3918 xui
429 3866 751 3917 καθίσταται
786 3861 1051 3929 δεσπότης
1104 3861 1171 3916 ὦν
1216 3870 1459 3939 πρότερον
1517 3872 1611 3927 τὴν
1660 3867 1899 3931 ἐξουσίαν
2008 3876 2060 3915 ϐε

1886 3890 1899 3919 ι
2008 3875 2151 3933 ceps
2195 3859 2480 3916 dominus
2512 3875 2645 3915 esse
2688 3875 2812 3915 non
2850 3864 3063 3932 potest,
3098 3861 3526 3921 detrimentum
3564 3881 3666 3923 ne-

279 3955 379 4008 ούκ
424 3951 567 4026 εἶχεν
594 3976 606 3987 ο
655 3952 876 4007 ἐνταῦθα
929 3950 988 4007 δὲ
1035 3954 1333 4008 τούναντίον
1381 3956 1556 4009 ἇπαν⁹
1608 3960 1632 4011 ό
1675 3962 1765 4032 μὲν
1810 3979 1902 4011 κα-
2008 3965 2059 4005 σε

1886 3991 1902 4001 .
2008 3949 2334 4005 cessarium
2376 3948 2636 4019 patitur:
2672 3953 2880 4006 contra
2926 3950 3030 4021 qui
3068 3951 3306 4023 accipit,
3347 3952 3513 4010 lucro
3561 3969 3666 4011 au-

274 4047 557 4117 ταθέμενος
620 4047 681 4096 τό
745 4044 929 4119 λύτρον
985 4046 1094 4116 (καὶ
1148 4046 1246 4120 γὰρ
1301 4049 1473 4100 πάντα
1525 4050 1573 4100 ἐν
1632 4056 1694 4121 τῇ
1751 4068 1900 4124 χειρὶ
2007 4056 2054 4111 Βε

1885 4068 1900 4115 ἰ
2007 4045 2195 4111 getur,
2229 4039 2417 4112 ﬁtque
2461 4038 2547 4095 rei
2595 4038 2883 4095 dominus
2914 4054 3052 4113 quas
3098 4040 3161 4096 in
3209 4042 3339 4113 ejus
3366 4046 3665 4115 potestate

274 4136 464 4205 αὐτοῦ,
520 4138 609 4185 καὶ
672 4129 795 4208 0'36“:
842 4137 901 4187 1'6
950 4141 1042 4187 τοῦ
1088 4134 1246 4189 ’Ἅϐελ
1286 4139 1437 4209 αἷμα,
1483 4134 1606 4191 οὐδὲ
1654 4141 1744 4210 μὲν
1797 4148 1898 4191 τῶν
2006 4146 2054 4186 ἃ]

1886 4161 1898 4189 ρ
2006 4135 2183 4186 antea
2227 4145 2351 4185 non
2380 4132 2527 4185 erat.
2570 4132 2737 4186 Nunc
2775 4145 2957 4186 omne
3006 4134 3216 4187 contra
3252 4135 3359 4188 est.
3394 4133 3505 4200 Qui
3534 4150 3666 4207 pre-

271 4227 581 4299 μαρτύρων,
634 4224 729 4286 ἔξω
781 4233 873 4284 τῆς
936 4223 1096 4276 αὐτοῦ
1159 4228 1448 4285 καθέστηκε
1506 4232 1748 4302 προνοίας
1804 4233 1893 4281 καὶ
2005 4220 2047 4276 ti

1882 4234 1893 4281 ι
2005 4220 2156 4276 tium
2182 4218 2397 4275 obtulit
2433 4218 2963 4292 (quandoquidem
2994 4219 3203 4277 omnia
3245 4221 3306 4276 in
3350 4222 3453 4279 Dei
3493 4228 3662 4297 pote-

268 4315 485 4389 χειρός)
536 4308 691 4365 οὐδὲν
744 4316 833 4385 μὶν
889 4309 1133 4372 δηλονότι
1187 4314 1519 4389 ἐζημίωται·
1552 4321 1634 4379 τίς
1680 4321 1780 4391 γὰρ
1833 4317 1894 4370 ἂν
2005 4313 2048 4365 sl

1885 4342 1894 4367 ο
2005 4313 2153 4366 state
2196 4313 2353 4376 sunt,
2390 4324 2585 4381 neque
2628 4308 2819 4381 ipsius
2857 4308 3055 4365 Abelis
3099 4324 3297 4383 neque
3327 4316 3665 4385 martyrum

270 4405 405 4466 ὅλως
463 4403 621 4456 εἰπεῖν
681 4401 911 4462 ἐννοησοι
977 4405 1045 4466 ὧς
1095 4408 1184 4477 μὲν
1242 4415 1340 4457 τῶν
1407 4408 1730 4480 θεραπόντων
1800 4408 1895 4460 αύ-
2004 4417 2050 4456 εἰ

1881 4438 1895 4449 .
2004 4399 2253 4473 sanguis
2281 4399 2360 4457 ab
2391 4399 2521 4471 ejus
2563 4399 2945 4472 providentia
2986 4400 3384 4473 dominioque
3427 4402 3661 4476 abfuit),

269 4502 388 4561 τοῦ,
431 4499 524 4545 καὶ
571 4493 639 4543 ὧν
688 4491 1013 4552 ἐκενώθησαν
1063 4496 1316 4566 αἱμάτων,
1361 4498 1472 4549 ἔστι
1528 4497 1676 4568 λόγος
1730 4498 1891 4570 αύτῷ,
2002 4490 2049 4545 h;

1884 4541 1891 4564 ,
2002 4490 2120 4559 hic,
2169 4490 2445 4562 inquam,
2502 4488 2739 4545 nullum
2798 4490 2953 4562 cepit
3009 4490 3456 4549 detrimentum.
3514 4496 3664 4550 Nam

274 4588 370 4636 xui
419 4584 555 4656 μετὰ
603 4584 821 4635 θάνατον
873 4583 943 4645 ὧς
1000 4582 1267 4637 ἀθανάτων
1295 4584 1537 4658 βοώντων
1578 4585 1789 4657 ἀκούει;
1835 4591 1894 4640 τό
1924 4625 1968 4680 D
2002 4597 2054 4654 qi

1886 4608 1894 4638 ι
1924 4625 1968 4680 D
2002 4580 2138 4654 quis
2160 4580 2408 4637 omnino
2430 4579 2775 4637 existimare
2795 4579 2955 4651 velit,
2972 4580 3051 4637 ab
3073 4596 3145 4638 eo
3166 4581 3271 4654 qui
3292 4582 3666 4641 famulorum

278 4670 342 4727 δε
394 4677 657 4747 σωτήριον
706 4677 796 4724 καί
848 4672 1100 4735 ζωοποιὸν
1150 4676 1283 4747 αἷμα
1322 4684 1413 4728 τοῦ
1462 4680 1662 4749 κόσμου
1703 4676 1798 4729 ούκ
1848 4676 1895 4729 ἐν
1924 4670 1963 4680 ”
2004 4689 2058 4728 ει

1884 4670 1963 4728 ι’
2004 4688 2275 4737 suorum,
2310 4675 2367 4728 et
2407 4686 2671 4745 quorum
2716 4671 2964 4741 sanguis
3009 4672 3340 4729 exhaustus
3389 4673 3519 4743 fuit,
3566 4690 3664 4731 cu-

275 4770 391 4826 τοῐς
442 4762 716 4824 ἀθανάτοις
762 4772 859 4824 τῆς
907 4764 1067 4817 αὐτοῦ
1114 4771 1355 4838 προνοίας
1395 4772 1629 4839 ταμείοις
1683 4772 1896 4840 συνέχει
2004 4778 2055 4818 ra

1885 4789 1896 4820 ι
2004 4778 2135 4818 ram
2166 4762 2334 4832 gerit,
2357 4761 2584 4834 quique
2609 4764 2990 4817 mortuorum
3019 4763 3313 4834 tanquam
3332 4762 3665 4821 viventium

278 4851 570 4925 ἀνώλεθρον
654 4852 834 4924 αύτῷ,
903 4858 994 4906 καί
1058 4856 1253 4927 φθορᾶς
1322 4858 1576 4929 σωμάτων
1640 4855 1894 4929 ἀνέπαφον
2004 4852 2055 4908 cl

1884 4878 1894 4906 ρ
2004 4852 2298 4908 clamores
2343 4850 2543 4918 audit;
2575 4851 2736 4924 quis,
2767 4850 3044 4924 inquam,
3092 4855 3283 4925 putet,
3332 4853 3664 4912 salutarem

279 4943 751 5015 συντηρούμενον;
798 4942 908 4995 Ούκ
972 4942 1264 5017 ἐζημίωται
1308 4952 1479 4998 τοίνυν
1539 4946 1597 4998 ού
1648 4949 1739 5019 μὲν
1807 4944 1893 4999 οὖν
2003 4948 2059 4999 et

1885 4969 1893 4994 ρ
2003 4948 2059 4999 et
2105 4943 2211 5015 qui
2256 4941 2467 4998 orbem
2510 4939 2772 4997 viviﬁcat
2824 4941 3212 5012 sanguinem,
3258 4942 3320 4999 in
3366 4943 3665 5001 thesauris

275 5033 304 5083 ό
372 5034 437 5084 1'6
511 5030 696 5107 λύτρον
772 5034 1148 5107 καταθέμενος,
1215 5034 1343 5087 ἀλλὰ
1412 5040 1503 5088 καί
1576 5056 1668 5089 του
1720 5040 1894 5110 γένους
2007 5049 2055 5107 ρ]

1884 5057 1894 5098 ;
2007 5031 2396 5107 providentiae
2426 5047 2551 5087 suae
2580 5029 2659 5087 ab
2686 5045 2756 5087 eo
2777 5045 2902 5087 non
2921 5030 3105 5088 fuisse
3131 5031 3502 5090 incolumem
3522 5049 3664 5091 con-

270 5122 425 5195 ἡμῶν
473 5126 668 5185 παντὸς
712 5124 738 5175 ό
788 5123 1148 5198 φιλάνθρωπος
1195 5122 1591 5203 προσεκέρδησε
1640 5132 1734 5187 τὴν
1784 5148 1888 5181 σω-
2002 5142 2050 5182 SE

1880 5159 1888 5171 -
2002 5129 2331 5193 servatum,
2365 5126 2545 5195 atque
2593 5121 2672 5179 ab
2719 5122 2888 5179 omni
2932 5137 3225 5196 corporea
3273 5124 3660 5198 corruptione

267 5218 520 5290 τηρίανη
1999 5213 2370 5272 defensum?
2401 5215 2532 5269 Non
2579 5212 2759 5285 igitur
2806 5211 3104 5271 damnum
3148 5230 3369 5287 passus
3415 5218 3507 5274 est
3556 5215 3685 5290 qui

264 5289 536 5377 pretium
568 5302 836 5372 contulit,
864 5303 987 5362 imo
1018 5304 1285 5363 universi
1310 5307 1548 5379 generis
1577 5307 1769 5365 nostri
1798 5307 2063 5365 clemens
2087 5307 2265 5363 Jesus
2299 5302 2555 5361 salutem
2584 5302 2853 5361 lucratus
2884 5307 2994 5361 est.

344 5478 633 5559 (2Q)__Non
674 5486 913 5540 exstant
942 5482 1003 5539 hi
1032 5483 1108 5541 de
1139 5485 1367 5559 azymis
1416 5502 1729 5544 sermones
1774 5490 1890 5543 Eu-
2002 5489 2241 5559 Graecus
2282 5482 2835 5559 Gennadius,‘qui_
2857 5482 3163 5540 concludit
3211 5485 3539 5559 utrumque
3592 5486 3668 5543 ri-

276 5554 492 5609 stratii;
1207 5554 1224 5559 ⁷
2002 5564 2129 5616 tum
2159 5557 2282 5613 sive
2327 5556 2604 5612 Latinum
2644 5554 2767 5611 sive
2800 5557 3071 5612 Graecum
3112 5559 3271 5612 recte
3304 5571 3366 5612 se
3412 5554 3663 5625 Habere,

350 5626 1119 5701 (gnLevemoppidohanc
1136 5628 1896 5701 objectionemGrazcorum
2076 5632 2190 5701 (22)
2230 5629 2334 5684 Est
2376 5626 2710 5701 h_o_c__Photii
2747 5628 3001 5701 quastio
3046 5627 3546 5701 Amphilochiana
3572 5635 3666 5687 24.

266 5696 515 5778 judicat
539 5696 935 5778 _Ciampinius
980 5700 1044 5756 in
1092 5696 1324 5778 suo'de
1344 5708 1569 5778 Azymo
1599 5704 1896 5778 opusculo
2003 5696 2193 5778 quam
2222 5716 2333 5778 nos
2362 5696 2904 5778 edidimusSci‘ipq
2936 5704 3053 5757 vet.
3086 5703 3125 5758 ι.
3158 5696 3199 5755 1.
3233 5700 3667 5773 Fragmentum

274 5785 420 5843 cap.
458 5774 503 5826 1.
537 5772 687 5828 Tum
709 5786 841 5845 cap.
876 5775 930 5838 3,
958 5773 1125 5846 apud
1146 5772 1440 5833 eumdem’
1455 5772 1731 5835 dissolvit
1759 5792 1896 5835 eam
2004 5772 2121 5835 lioc
2150 5772 2365 5845 legitur
2387 5772 2494 5839 ibi,
2522 5786 2585 5845 p.
2617 5774 2708 5828 79.
