4508 6436
342 408 443 468 1³ἲῖ

1658 411 2002 469 THESAURI
2044 415 2172 469 LIB.
2219 406 2331 469 ΧΧΙ
2388 454 2400 466 .

3608 418 3708 470 178

337 537 641 610 ἱερουργίας
702 544 1013 613 μυστήριον,
1082 534 1155 589 δι’
1222 537 1281 588 οὗ
1345 539 1431 588 τὸν
1506 543 1599 597 τῆς
1660 536 2023 607 μελλούσηςΔ
2059 552 2117 607 ql

1930 542 2023 597 ;A
2059 536 2225 607 quod
2267 536 2479 591 futurae
2527 536 2660 591 vitm
2701 537 2941 593 arrham
2975 537 3334 608 accipimus;
3379 539 3710 609 praesertim

339 625 483 686 ζωῆς
540 626 815 701 ἀρραϐῶνα
860 626 1218 700 λαμϐάνομεν·
1289 630 1378 677 καὶ
1435 632 1599 677 ταῦτα
1651 633 1744 677 τοῦ
1809 627 1947 678 θείου

341 718 549 785 Πατρός
607 718 844 768 Ἰωάννου
905 724 997 769 τοῦ
1046 720 1313 787 πανσόφου
1366 718 1455 765 καὶ
1516 712 1951 788 χρυσορρημονος

344 798 750 876 διατρανοῦντος
815 813 907 865 τῆς
979 807 1162 864 θυσίας
1225 807 1283 855 τὸ
1361 802 1777 875 ἀπαράλλακτον,
1863 806 1952 853 καὶ

341 897 472 963 μίαν
520 898 611 945 καὶ
648 898 742 952 τήν
780 895 941 952 αὐτὴν
977 890 1105 946 εἶναι
1153 895 1446 964 φάσκοντος
1494 890 1541 942 ἓν
1591 891 1803 953 πολλαῖς
1852 900 1951 943 τῶν

342 989 438 1032 τοῦ
524 983 753 1054 μεγάλου
841 984 1046 1036 Παύλου
1128 984 1300 1056 ῥητῶν
1403 980 1729 1051 ἐξηγήσεσιν,
1833 978 1953 1031 ἀνά-

346 1071 503 1141 θεμα.

416 1166 540 1221 Τοῖς
577 1163 834 1231 χρονικὰς
883 1158 1191 1221 διαστάσεις
1238 1160 1321 1213 ἐπὶ
1368 1168 1459 1219 τῆς
1498 1158 1827 1229 καταλλαγῆς
1858 1167 1951 1221 τῆς

343 1245 673 1321 ἀνθρωπίνης
728 1251 923 1319 φύσεως
988 1252 1114 1321 πρὸς
1177 1253 1269 1306 τὴν
1331 1249 1469 1299 θείαν
1535 1251 1625 1298 καὶ
1689 1251 1951 1319 μακαρίαν

342 1338 503 1406 φύσιν
570 1345 665 1396 τῆς
730 1337 1041 1411 ζωαρχικῆς
1116 1342 1206 1389 καὶ
1281 1337 1652 1410 πανακηράτου
1728 1332 1952 1409 Τριάδος

339 1422 611 1476 ἐπινοοῦσι
648 1430 738 1476 καὶ
782 1427 1169 1498 παρεισάγουσι
1202 1446 1214 1459 ο
1279 1431 1371 1477 καὶ
1424 1431 1670 1499 πρότερον
1726 1429 1815 1496 μιν
1878 1432 1949 1493 τῷ

338 1520 610 1583 μονογενιί
689 1518 833 1584 Λόγῳ
907 1516 1277 1586 νομοθετοῦσιν
1336 1513 1389 1576 ἐξ
1456 1514 1619 1573 αὐτῆς
1684 1512 1949 1570 κατηλλά-

339 1603 483 1673 χθαι
530 1603 669 1673 ἡμᾶς
705 1611 801 1663 τῆς
839 1602 1202 1673 προσλήψεως,
1252 1604 1465 1676 ὕστερον
1505 1599 1562 1654 δὲ
1602 1610 1672 1672 τῷ
1704 1609 1817 1670 Θεῷ
1858 1607 1948 1653 καὶ

341 1696 518 1764 Πατρὶ
558 1694 694 1743 κατά
739 1695 799 1743 τὸ
853 1698 1110 1765 σωτήριον
1158 1694 1321 1754 πάθος
1374 1699 1466 1745 τοῦ
1512 1696 1774 1744 Δεσπότου
1819 1698 1948 1764 Χρι-

344 1788 498 1848 στοῦ,
550 1786 641 1833 καὶ
694 1778 966 1855 διαιροῦσι
1016 1784 1081 1834 τὰ
1135 1779 1429 1855 ἀδιαίρετα,
1490 1790 1588 1834 τῶν
1659 1783 1805 1833 θείων
1860 1785 1950 1833 καὶ

2059 640 2198 679 cum
2228 624 2403 679 divus
2435 627 2603 679 Pater
2632 631 2685 679 et
2711 626 3187 696 sapientissimus
3224 628 3484 681 Joannes
3530 627 3712 697 Chry-

2061 720 2365 769 sostomus
2385 714 2697 786 perspicue
2718 714 2987 770 docuerit
3002 714 3227 770 nullam
3249 731 3381 770 esse
3399 717 3710 787 utriusque

2062 802 2337 857 sacrificii
2367 801 2785 867 differentiam,
2817 818 3127 875 unumque
3160 809 3213 856 ct
3248 803 3406 857 idem
3450 802 3712 858 afﬁrma-

2060 891 2209 947 verit
2250 893 2309 947 in
2354 891 2557 947 multis
2602 893 2809 963 magni
2854 892 3014 948 Pauli
3062 892 3653 965 interpretationibus
3692 910 3703 948 :

2060 981 2403 1039 anathema.

2132 1157 2205 1212 lis
2234 1157 2336 1229 qui
2368 1161 2707 1230 temporum
2730 1157 3041 1213 distantias
3068 1158 3128 1213 in
3160 1157 3571 1214 conciliatione
3599 1158 3706 1214 hn-

2061 1262 2257 1301 manee
2288 1252 2510 1302 natura:
2544 1262 2682 1301 cum
2724 1245 2926 1302 divina
2950 1246 3249 1319 beataque
3286 1247 3539 1303 viviticte
3571 1264 3710 1303 san-

2059 1336 2457 1407 ctissimeque
2488 1336 2778 1391 Trinita'is
2796 1336 3133 1405 excogitant
3165 1341 3343 1408 atque
3373 1336 3662 1392 invehunt
3691 1353 3706 1402 ;

2058 1429 2113 1479 et
2144 1424 2338 1495 primo
2378 1423 2627 1496 quidem
2674 1429 2944 1481 statuunt
2987 1441 3097 1480 nos
3140 1424 3324 1481 fuisse
3360 1425 3709 1481 conciliatos

2059 1511 2365 1583 unigenito
2410 1512 2601 1567 Verbo
2642 1512 2698 1567 vi
2735 1519 3067 1585 assumptus
3097 1515 3175 1569 ab
3205 1515 3336 1585 ipso
3366 1514 3710 1569 humanita-

2057 1601 2148 1669 tis,
2183 1606 2394 1672 postea
2424 1617 2562 1657 vero
2584 1602 2931 1657 conciliatos
2956 1618 3201 1674 quoque
3226 1605 3342 1658 Deo
3374 1603 3530 1658 Patri
3565 1610 3709 1658 tem-

2057 1706 2202 1762 pore
2224 1690 2498 1745 salutaris
2528 1690 2829 1762 passionis
2860 1691 3073 1747 Christi
3106 1692 3338 1747 Domini
3370 1710 3383 1759 ;
3419 1698 3597 1764 atque
3630 1692 3712 1748 ita

2057 1779 2334 1835 dividunt
2376 1779 2801 1847 indivisibilia;
2853 1796 2993 1835 cum
3030 1784 3238 1836 contra
3276 1780 3399 1836 divi
3429 1782 3710 1852 beatique

340 1877 618 1945 μακαρίων
671 1875 910 1945 Πατέρων
958 1868 1051 1923 διὰ
1089 1880 1183 1939 τοῦ
1244 1880 1339 1933 τῆς
1383 1873 1681 1943 οἰκονομίας
1738 1889 1949 1943 μυστη-
1981 1889 2020 1943 Β
2062 1868 2120 1923 Pi

1931 1900 1949 1909 -
1981 1889 2020 1943 Β
2062 1868 2263 1925 Patres
2306 1884 2412 1941 per
2442 1869 2787 1924 universum
2820 1868 3001 1924 simul
3029 1868 3461 1925 incarnationis
3492 1875 3711 1942 myste-

343 1964 466 2034 ρίου
521 1963 724 2026 παντὸς,
777 1959 1093 2022 καταλλάξαι
1148 1962 1287 2033 ἡμᾶς
1342 1960 1508 2031 ἑαυτῷ
1551 1964 1638 2011 τὸν
1686 1967 1946 2030 Μονογενῆ

346 2046 733 2115 δίδασκόντων,
785 2054 875 2101 καὶ
917 2046 989 2102 δι’
1046 2049 1230 2102 ἑαυτοῦ
1288 2070 1341 2102 τε
1396 2055 1486 2102 καὶ
1541 2050 1791 2119 ait-(frte?)
1838 2056 1951 2118 Θεῷ

342 2143 437 2190 καὶ
508 2145 697 2212 Πατρὶ,
753 2138 1046 2199 ἀκολούθως
1096 2136 1154 2192 δὲ
1202 2142 1405 2202 πάντως
1457 2144 1546 2191 καὶ
1595 2146 1667 2209 τῷ
1714 2142 1953 2209 παναγίῳ

342 2233 438 2280 καὶ
508 2232 743 2298 ζωοποιῷ
796 2230 1078 2301 Πνεῦματι,
1130 2231 1198 2291 ὡς
1258 2238 1446 2281 καινῶν
1503 2230 1819 2301 ζητημάτων
1867 2231 1953 2278 και

342 2314 576 2389 ὶκφύλων
598 2316 906 2390 ἔφευρεταῖς,
940 2316 1189 2390 ἀνάθεμα.

588 2468 674 2514 ΤΟ
714 2466 823 2515 Em
864 2468 953 2533 Τῼ
991 2466 1367 2515 ΑΝΑΦΥΕΝΤΙ
1410 2467 1710 2515 ΛΟΓΜΑΤΙ

512 2592 683 2639 ΠΑΡΑ
725 2593 858 2640 ΤΟΥ
899 2593 1382 2641 ΠΛΝΤΕΥΓΕΝΟΥ
1422 2593 1799 2641 ΣΩΤΗΡΙΧΟΥ

799 2718 1094 2767 ΓΕΓΟΝΟΣ
1134 2720 1481 2767 ΣΗΜΕῘΩΜΑ
1494 2756 1505 2769 .

400 2866 561 2930 ’Μηνὶ
601 2874 774 2945 Μαΐῳ,
826 2872 897 2945 ιβ’
947 2876 1134 2947 ἡμέρᾳ,
1190 2870 1272 2926 ἰνδ
1316 2894 1370 2932 ε,
1421 2875 1825 2947 Προκαθημίνου
1866 2882 1955 2927 τοῦ

346 2965 659 3016 θεοστὲπτου
734 2965 879 3034 ἡμῶν
964 2962 1221 3035 βασιλέως
1322 2965 1704 3037 αὐτοκράτορος
1795 2972 1957 3037 κυροῦ

345 3053 599 3110 Μανουήλ
660 3060 752 3104 τοῦ
819 3059 1088 3124 Κομνηνοῦ
1151 3052 1199 3105 ἓν
1252 3061 1324 3123 τῷ
1385 3052 1617 3125 παλατίῳ
1678 3062 1776 3105 τῶν
1834 3054 1959 3105 Βλα-

344 3149 573 3212 χερνῶν,
620 3144 1016 3215 παρισταμένων
1062 3149 1125 3213 τῇ
1178 3140 1302 3213 ἁγίᾳ
1348 3141 1509 3193 αὐτοῦ
1559 3140 1807 3215 βασιλείᾳ
1859 3150 1958 3193 τῶν

2058 1958 2216 2013 rium
2257 1957 2371 2013 sibi
2410 1974 2521 2013 nos
2561 1957 2906 2013 conciliatos
2950 1957 3029 2013 ab
3070 1958 3381 2028 Unigenito
3429 1958 3710 2026 doceant,

2062 2051 2117 2102 et
2174 2062 2279 2118 per
2324 2047 2525 2118 ipsum
2581 2050 2700 2103 Deo
2753 2047 2925 2117 Patri,
2979 2052 3535 2120 consequenterque
3588 2064 3717 2105 om-

2061 2137 2205 2191 nino
2253 2135 2431 2191 etiam
2471 2136 2847 2192 sanctissimo
2888 2141 2943 2192 et
2984 2135 3221 2191 viviﬁco
3269 2136 3550 2209 Spiritui:
3596 2136 3713 2205 his,

2060 2223 2333 2298 inquam,
2367 2230 2658 2298 tanquam
2689 2241 2982 2282 novarum
3013 2226 3417 2298 quaestionum
3449 2232 3503 2281 et
3547 2241 3715 2299 pere-

2062 2316 2371 2385 grinarum
2399 2314 2769 2383 auctoribus,
2798 2315 3145 2371 anathema.

2594 2460 2777 2515 ACTA
2836 2461 3183 2517 SYNODICA

2276 2588 2365 2641 DE
2407 2587 2738 2643 DOGMATE
2779 2588 2985 2643 CUJUS
3023 2587 3301 2642 AUCTOR
3351 2586 3506 2642 FUIT

2384 2712 2895 2769 PANTEUGENUS
2946 2714 3396 2770 SOTERICHUS.

2135 2874 2347 2929 Mensis
2386 2873 2516 2930 Maii
2563 2873 2659 2929 die
2698 2873 3083 2942 duodecima,
3122 2874 3445 2930 indictione
3488 2875 3718 2948 quinta.

2066 2963 2423 3019 Presidente
2474 2980 2509 3019 a
2555 2967 2671 3020 Deo
2721 2972 3009 3021 coronato
3045 2965 3409 3037 imperatore
3448 2966 3729 3038 potentis-

2069 3054 2221 3108 simo
2251 3053 2500 3109 domino
2521 3054 2788 3110 Manuele
2819 3058 3149 3122 Comneno,
3174 3055 3234 3110 in
3263 3055 3727 3112 Blachernarum

2068 3142 2312 3215 palatio,
2348 3142 2770 3199 assistentibus
2807 3149 3029 3199 sanctae
3060 3144 3358 3214 majestati
3391 3144 3520 3215 ejus
3547 3144 3725 3200 valde

341 3231 706 3303 περιποθήτων
750 3227 971 3301 ἀνεψιῶν
1015 3229 1177 3281 αὑτοῦ
1228 3236 1317 3282 καὶ
1369 3232 1515 3299 υἱῶν,
1564 3238 1657 3282 τοῦ
1707 3226 1959 3302 ἀοιδίμου
1992 3250 2031 3305 C
2069 3247 2121 3286 a1

1952 3251 1959 3277 ι
1992 3250 2031 3305 (ς
2069 3231 2433 3286 amabilibus
2466 3232 2743 3303 ejusdem
2774 3233 3173 3298 consobrinis,
3206 3233 3339 3288 [iliis
3370 3233 3613 3289 illustris
3646 3248 3732 3288 se-

347 3317 838 3394 σεϐαστοκράτορος
902 3326 1064 3395 κυροῦ
1122 3317 1463 3395 Ἀνδρονίκου
1529 3328 1621 3372 τοῦ
1687 3339 1959 3395 πρωτοσε-

346 3406 550 3461 ϐαστοῦ
582 3429 595 3440 ·

422 3502 526 3550 Καὶ
582 3496 1063 3571 πρωτοϐεστιαρίου
1121 3504 1282 3572 κυροῦ
1351 3499 1588 3551 Ἰωάννου
1655 3505 1747 3551 τοῦ
1816 3506 1957 3571 Κομ-

342 3593 526 3656 νηνοῦ,
576 3591 667 3638 καὶ
733 3593 824 3639 τοῦ
872 3583 1196 3660 αὐταδίλφου
1256 3587 1416 3640 αὐτοῦ
1465 3595 1626 3662 κυροῦ
1683 3586 1913 3651 Ἀλεξίου
1944 3609 1955 3621 ·

414 3682 522 3728 Τοῦ
567 3678 921 3749 περιποθήτου
964 3676 1176 3747 ἀνεψιοῦ
1224 3685 1320 3738 τῆς
1366 3684 1620 3751 κραταιᾶς
1671 3683 1761 3729 καὶ
1806 3677 1961 3748 ἁγίας

343 3767 511 3819 αὐτοῦ
570 3765 868 3840 βασιλείας,
921 3775 1083 3843 κυροῦ
1152 3768 1379 3832 Ἀλεξίου
1445 3776 1535 3821 τοῦ
1604 3772 1959 3842 Κοντοστεφά-

340 3876 433 3909 νου
461 3876 477 3889 ⁸

414 3952 521 3999 Τοῦ
571 3944 938 3999 πανσεϐάστου
992 3945 1249 4000 σεϐαστοῦ
1297 3952 1386 4000 καὶ
1426 3947 1667 4021 γαμϐροῦ
1706 3955 1798 4001 τοῦ
1833 3967 1959 4022 κρα-

341 4043 501 4088 ταιοῦ
549 4041 641 4089 καὶ
694 4035 846 4107 ἁγίου
894 4038 1042 4109 ἡμῶν
1092 4035 1348 4110 βασιλέως
1392 4046 1554 4111 κυροῦ
1596 4037 1833 4091 Ἰωάννου
1867 4045 1957 4090 τοῦ

344 4125 788 4203 Καντακουζηνοῦ
816 4147 830 4160 ο

413 4223 521 4269 Τοῦ
569 4214 935 4269 πανσιϐάστου
986 4214 1245 4268 σεϐαστοῦ
1302 4222 1392 4269 καὶ
1430 4216 1670 4291 γαμϐροῦ
1720 4226 1815 4280 τῆς
1861 4237 1959 4290 μα-

339 4308 660 4379 καριοτάτης
733 4311 1218 4381 πορφυρογεννήτου
1281 4311 1371 4359 καὶ
1443 4310 1797 4382 περιποθήτου
1861 4308 1956 4359 αὒ-

340 4391 612 4467 ταδέλφης
666 4414 755 4447 του
815 4414 1070 4470 κραταιου
1130 4400 1221 4448 καὶ
1282 4394 1435 4466 ἁγίου
1500 4397 1645 4468 ἡμῶν
1701 4396 1957 4469 βασιλέως

339 4491 509 4560 κυρᾶς
541 4481 839 4558 Οεοδὼρας,
867 4504 1031 4559 κυρου
1064 4486 1300 4538 Ἰωάννου
1324 4486 1575 4557 Ἀγγελου
1600 4508 1612 4519 ο

410 4580 518 4626 Του
586 4571 953 4625 πανσεϐάστου
1015 4572 1269 4626 σεϐαστου
1327 4594 1489 4648 κυρου
1559 4572 1796 4629 Ἰωάννου
1862 4590 1952 4629 του
1985 4608 2029 4663 D

344 4664 767 4734 Κοντοστεφάνου
795 4683 808 4696 ι

410 4759 519 4804 Του
576 4750 943 4805 πανσεϐάστου
1005 4751 1264 4805 σεϐαστου
1329 4773 1492 4829 κυρου
1563 4760 1954 4809 Κωνσταντίνου

337 4860 433 4893 του
468 4840 826 4914 Παλαιολόγου
855 4862 869 4875 ο

411 4938 520 4984 Του
587 4930 956 4985 πανσεϐάστου
1029 4923 1289 4987 σεϐαστὸυ
1351 4954 1513 5009 κυρου
1572 4934 1801 4999 Ἀλεξίου
1862 4956 1954 4990 του

340 5020 704 5092 Παλαιολόγου
731 5037 746 5051 ⁸

410 5117 519 5164 Του
571 5110 939 5164 πανσεϐάστου
1002 5111 1262 5167 σιϐαστου
1328 5120 1419 5168 καὶ
1486 5113 1724 5189 ἐπάρχου
1791 5136 1953 5189 κυρου

337 5197 686 5273 ’Δνδρονίκου
714 5220 806 5254 του
840 5209 1160 5276 Καματηρου
1191 5226 1205 5239 ο

409 5283 553 5344 Του’
597 5287 1019 5363 μεγαδοξοτάτου
1110 5293 1334 5367 μεγάλου
1426 5294 1776 5370 λογαριαστου
1862 5317 1952 5359 του

341 5379 607 5434 σεϐαστου
645 5386 736 5433 καὶ
759 5387 1180 5459 πρωτονοταρίου
1201 5404 1363 5459 κυρου
1396 5385 1632 5440 Ἰωάννου
1663 5408 1675 5420 ·

408 5478 519 5525 Του
558 5467 1007 5543 ιμεγαδοξοτάτου
1073 5480 1491 5550 πρωτονοταρίου
1555 5482 1646 5530 καὶ
1712 5475 1795 5531 ἐπὶ
1860 5498 1951 5531 του

337 5548 648 5616 Κανικλείου
680 5582 841 5637 κυρου
870 5560 1164 5640 Θεωδὼρου
1193 5584 1285 5618 του
1308 5571 1633 5620 Στυπειώτου
1660 5588 1673 5601 ο

407 5658 517 5707 Του
588 5648 1012 5725 μεγαδοξοτάτου
1090 5674 1355 5728 μυστικοῦ
1421 5676 1580 5733 κυρου
1649 5662 1952 5734 Νικηφόρον

334 5763 429 5798 του
469 5741 695 5818 Βορϐνου
725 5764 739 5778 ·

2067 3320 2497 3377 bastocratoris
2527 3322 2760 3377 domini
2788 3322 3114 3377 Andronici
3145 3321 3546 3395 protosebasti
3581 3341 3594 3391 ;

2141 3501 2597 3557 Protovestiario
2633 3500 2882 3558 domino
2927 3503 3158 3558 Joanne
3206 3502 3531 3565 Comneno,
3568 3501 3730 3573 ejus-

2069 3606 2188 3663 que
2221 3590 2401 3647 fratre
2431 3590 2681 3647 domino
2712 3590 2916 3647 Alexio
2950 3611 2963 3660 ;

2139 3680 2321 3737 Valde
2370 3682 2618 3737 amabili
2676 3682 3041 3738 consobrino
3097 3682 3352 3754 potentis
3415 3683 3730 3755 sanctique

2068 3770 2446 3844 imperatoris
2468 3771 2717 3827 domino
2747 3770 2949 3827 Alexio
2983 3771 3473 3844 Contostephano
3499 3790 3512 3839 ;

2140 3948 2516 4005 Pansebasto
2566 3949 2809 4006 sebasto
2848 3964 3069 4022 genero
3107 3951 3367 4023 potentis
3412 3951 3726 4025 sanctique

2066 4039 2250 4096 nostri
2279 4039 2659 4111 imperatoris
2690 4039 2939 4095 domino
2970 4041 3202 4096 Joanne
3233 4042 3646 4098 Cantacuzeno
3678 4060 3690 4110 ;

2139 4218 2509 4274 Pansebasto
2542 4217 2784 4273 sebasto
2816 4233 3035 4287 genero
3066 4219 3429 4275 beatissime
3459 4220 3728 4293 porphy-

2067 4309 2351 4378 rogenitre
2384 4307 2682 4380 valdeque
2714 4308 2992 4364 amabilis
3033 4310 3256 4365 sororis
3301 4311 3559 4381 potentis
3587 4326 3728 4365 san-

2067 4399 2262 4471 ctique
2294 4397 2481 4453 nostri
2512 4397 2910 4469 imperatoris,
2944 4398 3207 4454 dominae
3239 4399 3589 4469 Theodorus,
3622 4399 3729 4456 do-

2068 4489 2232 4543 mino
2263 4491 2491 4543 Joanne
2521 4487 2749 4557 Angelo
2783 4505 2795 4555 ;

2142 4577 2506 4634 Pansebasto
2551 4577 2795 4634 sebasto
2844 4577 3092 4634 domino
3135 4577 3366 4635 Joanne
3422 4581 3727 4637 Contoste-

2066 4668 2273 4740 phano
2304 4686 2319 4737 ;
3644 4686 3661 4738 ξ

2138 4756 2502 4815 Pansebasto
2529 4756 2767 4814 sebasto
2797 4757 3046 4814 domino
3087 4759 3476 4816 Constantino
3508 4760 3727 4817 Palaeo-

2063 4847 2203 4919 logo
2236 4866 2252 4919 ;

2136 4937 2509 4995 Pansebasto
2540 4937 2784 4995 sebasto
2815 4937 3066 4996 domino
3106 4938 3307 4997 Alexio
3347 4940 3722 5013 Palaeologo;

2133 5117 2505 5175 Pansebasto
2550 5118 2792 5176 sebasto
2835 5124 2893 5174 et
2923 5120 3185 5192 eparcho
3212 5121 3461 5178 domino
3494 5122 3725 5179 Andro.

2061 5208 2197 5265 nico
2229 5210 2536 5265 Camatero
2564 5224 2577 5273 ;
3710 5273 3713 5277 ς

2134 5298 2573 5355 Gloriosissimo
2617 5313 2842 5367 magno
2882 5298 3206 5369 logariasta
3237 5302 3475 5357 sebasto
3502 5306 3559 5358 et
3589 5318 3723 5375 pro-

2061 5388 2363 5445 tonotario
2384 5387 2633 5443 domino
2663 5389 2891 5445 Joanne
2927 5408 2939 5457 ;

2134 5478 2571 5536 Gloriosissimo
2609 5482 3042 5551 protonotario,
3086 5486 3141 5539 et
3184 5482 3441 5541 Caniclei
3488 5499 3724 5558 praepo-

2063 5569 2195 5637 sito,
2228 5568 2479 5625 domino
2497 5568 2811 5626 Theodoro
2844 5572 3113 5644 Stypiota
3143 5589 3156 5639 ;

2126 5658 2568 5717 Gloriosissimo
2581 5660 2840 5733 mystico
2851 5660 3102 5719 domino
3116 5653 3448 5737 Niceplioro
3464 5665 3723 5734 Borbno;
