4508 6436
828 418 926 472 179

2163 420 2207 474 Ν
2215 418 2433 475 ICETE
2473 418 2841 476 CHONIATE

4029 394 4036 406 ’
4086 427 4186 482 «so

892 536 1329 595 Gloriosissimo
1350 551 1577 608 magno
1608 537 1937 609 drungario
1967 538 2216 597 domino
2245 540 2476 597 Joanne
2504 550 2553 604 Α
2660 548 2672 594 '.

2405 556 2476 597 ne
2504 550 2553 604 Α
2660 548 2763 594 Του
2824 538 3249 614 μεγαδοξοτάτου
3305 546 3533 619 μεγάλου
3599 545 3958 623 δρουγγαρίου
4025 568 4185 622 κυρου

818 625 1268 683 Macrembolita
1297 644 1310 693 ;

891 718 1107 785 Magno
1153 715 1475 789 perillustri
1522 717 1977 789 protoasecretis
2023 716 2271 775 domino
2311 718 2478 774 Nico-

820 803 920 862 lao
949 808 1179 862 Zonara
1206 822 1219 873 ;

892 895 1109 964 Magno
1166 893 1488 965 perillustri
1544 898 1999 968 protocuratore
2054 898 2111 952 et
2167 910 2205 951 a
2252 894 2477 969 suppli-

820 983 991 1040 cibus
1020 982 1233 1040 libellis
1265 983 1516 1041 domino
1543 984 1829 1042 Michaele
1856 987 2167 1042 Camatero
2198 1004 2212 1054 ;

892 1164 1105 1234 Magno
1146 1162 1467 1235 perillustri
1510 1168 1965 1236 protocuratore
2011 1163 2477 1237 nomopbylace,

821 1254 880 1308 et
924 1252 1269 1309 domesticis
1306 1252 1494 1308 rebus
1543 1254 1868 1326 praeposito
1916 1253 2227 1310 Theodoro
2278 1256 2481 1309 Pante—

819 1341 976 1398 chne
1004 1359 1023 1414 ;

890 1434 1105 1501 Magno
1143 1430 1460 1503 perillustri
1498 1436 1949 1505 protocuratore
1990 1437 2047 1489 et
2089 1431 2339 1489 custode
2377 1430 2480 1488 do-

823 1519 991 1577 mino
1022 1519 1145 1576 Elia
1175 1521 1392 1576 Burteo
1417 1535 1431 1585 ;

893 1608 1173 1665 Presente
1202 1612 1437 1678 senatu,
1465 1611 1522 1665 et
1550 1608 2005 1666 considentibus
2052 1609 2482 1681 negotiumque

822 1697 1003 1755 simul
1032 1697 1353 1768 agentibus
1386 1716 1401 1766 ;

894 1787 1498 1861 Constantinopoleos
1532 1789 1876 1861 patriarcha
1906 1789 2297 1845 Constantino
2330 1804 2344 1855 ;

2589 629 2826 682 Ἰωάννου
2852 649 2944 683 του
2978 631 3405 705 Μακρεμϐολίτου
3424 656 3439 670 ο

2656 724 2761 771 Του
2816 719 3039 791 μεγάλου
3096 720 3507 794 ἐπιφανεστάτου
3572 733 4011 800 πρωτασηκρῆτις
4089 746 4189 778 κυ-

2586 826 2679 881 ρου
2708 808 2967 861 Νικολάου
3002 828 3095 862 του
3120 811 3337 886 Ζωναρᾶ
3364 834 3378 847 ·

2656 904 2759 950 Του
2851 897 3077 971 μεγάλου
3172 898 3581 974 ἕπιφανεστάτου
3677 906 4189 979 πρωτοκουράτωρος

2586 991 2677 1039 καὶ
2729 984 2813 1039 ἐπὶ
2868 996 2968 1039 τῶν
3026 984 3253 1047 δεήσεων
3307 1010 3467 1066 κυρου
3525 992 3743 1065 Μιχαὴλ
3792 1012 3883 1046 του
3942 1000 4191 1067 Καματη-

2587 1095 2680 1149 ρου
2710 1095 2723 1109 ⁹

2658 1172 2762 1218 Του
2808 1165 3035 1238 μεγάλου
3090 1165 3499 1241 ἐπιφανεστάτου
3546 1172 4047 1245 πρωτοκουράτωρος
4102 1190 4188 1224 νο-

2589 1253 2886 1327 μοφύλακος
2936 1260 3025 1308 καὶ
3083 1256 3169 1309 ἐπὶ
3221 1266 3320 1309 τῶν
3383 1258 3653 1311 οἰκειακῶν
3694 1279 3858 1331 κυρου
3911 1257 4190 1333 Θεοδώρου

2588 1363 2679 1397 του
2707 1350 3037 1417 Παντεχνους
3059 1367 3073 1379 ο

2660 1440 2764 1486 Τοῦ
2865 1435 3089 1506 μεγάλου
3176 1434 3585 1508 ἐπιφανεστάτου
3686 1440 4193 1512 πρωτοκουράτωρος

2590 1527 2681 1575 καὶ
2712 1522 2932 1594 φύλακος
2956 1544 3117 1598 κυρου
3149 1524 3301 1578 Ἠλία
3328 1546 3419 1579 του
3451 1534 3701 1601 Βουρτεου
3727 1548 3741 1562 ·

2664 1619 3165 1688 Συμπαρισταμένης
3229 1623 3320 1670 καὶ
3375 1625 3472 1679 τῆς
3534 1618 3851 1691 συγκλήτου,
3921 1622 4011 1671 καὶ
4072 1637 4195 1670 συν-

2592 1699 2940 1777 εδριαζόντων
2998 1704 3125 1777 αὐτῇ
3182 1711 3271 1758 καὶ
3322 1704 3741 1760 συνδιαιτοέητων
3787 1715 3852 1781 τῇ
3908 1710 4192 1761 ύποθέσεν

2661 1798 2763 1845 Του
2797 1795 3384 1858 Κωνσταντινουπόλεως
3410 1802 3803 1850 Κωνσταντίνου
3829 1819 3842 1832 ·

892 1877 1447 1949 Hierosolymorum
1472 1878 1815 1951 patriarcha
1841 1879 2145 1936 monacho
2174 1880 2440 1947 Joanne;
2511 1899 2552 1953 Β
2660 1888 2672 1934 '.

1954 1879 2145 1936 nacho
2174 1880 2440 1947 Joanne;
2511 1899 2552 1953 Β
2660 1888 2762 1935 Του
2791 1882 3155 1957 Ἰεροσολύμων
3184 1904 3422 1957 μοναχου
3456 1886 3692 1939 Ἰωάννου
3721 1908 3734 1921 ο

894 1966 1249 2024 Considente
1278 1965 1598 2023 nobiscum
1625 1966 1813 2024 electo
1835 1983 2080 2042 quoque
2109 1984 2349 2041 magna).
2378 1966 2481 2023 Dei

818 2055 988 2113 urbis
1017 2056 1346 2113 Antiochia:
1380 2056 1684 2114 Sotericho
1712 2059 2093 2129 Panteugeno
2126 2076 2139 2127 ;

888 2237 1035 2293 Rem
1062 2234 1439 2308 propositam
1470 2235 1650 2292 simul
1676 2236 2071 2307 urgentibus:

888 2325 1354 2398 Archiepiscopo
1376 2325 1557 2384 totius
1575 2325 1865 2397 Bulgarias
1886 2325 2191 2383 monacho
2215 2326 2476 2392 Joanne;

886 2505 1356 2579 Archiepiscopo
1388 2504 1569 2578 Cypri
1599 2504 1902 2562 monacho
1932 2507 2160 2562 Joanne
2196 2524 2209 2574 ;

884 2597 1113 2653 Pariter
1161 2596 1341 2653 simul
1389 2596 1774 2653 censentibus
1810 2596 1989 2652 nobis
2028 2595 2325 2670 episcopis
2365 2597 2480 2651 Cae-

814 2701 994 2743 sareae
1027 2685 1354 2758 Stephano,
1386 2685 1580 2758 Cyzici
1604 2688 1853 2752 Joanne,
1895 2684 2254 2743 Nicomediae
2299 2684 2481 2741 Theo-

811 2773 1119 2848 phylacto,
1154 2774 1309 2831 Sidae
1336 2777 1587 2838 Joanne,
1610 2774 2051 2831 Thessalonicae
2078 2774 2307 2839 Basilio,
2339 2777 2481 2830 Neo-

811 2881 1093 2924 caesareae
1109 2865 1837 2933 Constantino,Laodiceaa
1854 2865 2287 2933 Calo,Corinthi
2299 2866 2480 2921 Theo-

809 2956 983 3023 doro,
1016 2954 1388 3010 Athenarum
1418 2953 1692 3025 Georgio,
1709 2954 1923 3009 Mocesi
1950 2953 2168 3021 Leone,
2185 2952 2477 3025 Naupacti

810 3044 1051 3111 Basilio,
1100 3043 1584 3117 Philippopoleos
1630 3044 1962 3113 Theodoro,
2001 3043 2477 3116 Adrianopoleos

812 3139 1030 3202 Leone,
1084 3139 1368 3208 Apamea:
1414 3135 1686 3206 Georgio,
1744 3137 2017 3208 Corcyrae
2065 3134 2475 3200 Constantino,

809 3224 1020 3282 Atalia:
1076 3224 1337 3291 Nicolao,
1370 3225 1746 3293 .Paronaxias
1795 3227 2048 3295 Joanne,
2109 3222 2475 3279 Mesembrias
2506 3258 2545 3313 Ο

808 3315 1123 3372 Theodoro
1144 3314 1612 3387 Arcadiopoleos
1643 3314 2052 3382 Constantino,
2082 3314 2237 3370 Parii
2253 3314 2472 3380 Niceta,

812 3404 1097 3477 Selybriae
1140 3406 1391 3474 Joanne,
1438 3403 1745 3476 Arabizyaa
1796 3404 2100 3475 Gregorio,
2137 3404 2339 3460 Lemni
2378 3404 2474 3460 Mi-

811 3495 1039 3562 chaele,
1074 3494 1437 3551 Heracliadis
1461 3494 1765 3550 monacho
1794 3494 2010 3550 Acacio
2045 3511 2058 3561 ;

2660 1967 3095 2046 Συνεδριάξοντος
3135 1974 3259 2044 ἡμῖν
3295 1978 3386 2025 καὶ
3432 1992 3524 2026 του
3574 1974 3877 2047 ύποψηφίου
3918 1982 4051 2029 Θεου
4089 1978 4192 2027 πό-

2588 2058 2721 2120 λεως·
2763 2060 2990 2133 μεγάλης
3055 2060 3383 2134 Ἀντιοχείας
3444 2068 3753 2137 Σωτηρίχου
3813 2084 3906 2117 του
3973 2071 4168 2117 Παντευ

2587 2168 2737 2222 γενου
2764 2170 2778 2184 ⁹

2660 2236 3081 2292 Συνδιαιτὼντων
3140 2241 3390 2303 ὡσαύτως
3459 2248 3521 2314 τῇ
3590 2242 3834 2295 ὑποθέσει
3887 2246 3974 2294 καὶ
4009 2242 4189 2315 ἡμῶν·

2658 2335 2761 2382 Του
2830 2327 3256 2403 ἁρχιεπισκόπου
3321 2332 3495 2391 πάσης
3568 2330 3887 2408 Βουλγαρίας
3950 2351 4190 2404 μοναχου

2590 2417 2827 2473 Ἰωάννου
2855 2435 2869 2449 ·

2664 2512 2765 2561 Καὶ
2794 2527 2886 2560 του
2920 2509 3132 2583 Κύπρου
3154 2526 3392 2581 μοναχου
3423 2508 3662 2562 Ἰωάννου
3688 2524 3701 2538 ⁸
3838 2572 3843 2581 ν

2664 2602 2765 2651 Καὶ
2801 2593 3393 2670 συνδιαγνωμονούντων
3426 2602 3515 2650 καὶ
3554 2599 3700 2670 ἡμῶν
3738 2605 3837 2649 τῶν
3884 2596 4193 2673 ἀρχιερέων,

2590 2707 2680 2740 του
2716 2691 3034 2761 Καισαρείας
3064 2690 3338 2759 Στεφάνου,
3384 2706 3474 2739 του
3526 2689 3757 2749 Κυζίκου
3811 2687 4067 2751 Ἰωάννου,
4102 2707 4194 2739 του

2590 2773 2951 2849 Νικομηδείας
2972 2776 3358 2849 Θεοφυλάκτου,
3380 2796 3471 2829 του
3490 2773 3618 2834 Σίδη
3632 2797 3652 2837 ς
3673 2777 3933 2843 Ἰωάννου,
3948 2796 4037 2827 του
4062 2784 4194 2829 Θεσ-

2592 2866 2866 2926 σαλονίκης
2912 2865 3207 2933 Βασιλείου,
3256 2884 3347 2917 του
3396 2869 3808 2939 Νεοκαισαρείας
3867 2870 4196 2917 Κωνσταντί-

2587 2975 2697 3022 νου,
2752 2975 2843 3007 του
2886 2952 3198 3015 Λαοδικείας
3240 2953 3428 3021 Καλου,
3468 2974 3560 3007 του
3601 2955 3852 3025 Κορίνθου
3892 2950 4191 3029 Θεοδώρου,

2588 3064 2677 3098 του
2734 3045 2963 3103 Ἀθηνῶν
3020 3050 3299 3117 Γεωργίου,
3349 3063 3438 3097 του
3496 3051 3763 3101 Μωκησου
3823 3048 4049 3113 Δέοντος,
4102 3062 4194 3095 του

2586 3136 2907 3189 Ναυπάκτου
2946 3133 3240 3205 Βασιλείου,
3274 3154 3365 3187 του
3407 3132 3861 3195 Φιλιππουπόλεως
3891 3128 4194 3207 Θεοδώρου,

2586 3244 2678 3278 του
2738 3221 3485 3297 Ἀδριανουπόλεως.Δέοντος,
3542 3242 3634 3275 του
3687 3222 3969 3294 Ἀπαμείας
4032 3226 4194 3294 Γεωρ-

2583 3319 2721 3386 γίου,
2780 3333 2871 3366 του
2932 3316 3193 3386 Κερκύρας
3260 3316 3673 3382 Κωνσταντίνου,
3734 3331 3827 3364 του
3892 3309 4195 3372 ’Δτταλείας

3813 3420 3905 3452 του
3976 3406 4196 3473 Μεσημε

2586 3493 2738 3567 ϐρίας
2783 3488 3080 3563 Θεοδώρου,
3136 3511 3229 3543 του
3274 3493 3470 3554 Βιζύης
3518 3486 3818 3562 Θεοδώρου,
3868 3509 3958 3541 του
4002 3489 4196 3564 Ἀρκα-

2583 3402 2866 3467 Νικολάου,
2936 3422 3025 3454 του
3100 3402 3421 3475 Παροναξίας
3478 3400 3735 3470 Ἰωάννου,

816 3582 1129 3644 διουπόλεως
1182 3588 1594 3654 Κωνσταντίνου,
1654 3591 1748 3635 τοῦ
1814 3588 2012 3658 Παρίου
2070 3588 2299 3655 Νικήτα,
2356 3591 2447 3635 τοῦ
2504 3580 2793 3657 Σηλυϐρίας
2851 3581 3110 3647 Ἰωάννου,
3178 3586 3272 3634 τού
3341 3577 3662 3653 Ἀραϐιζύης
3729 3583 4042 3655 Γρηγορίου,
4105 3586 4198 3630 τοῦ

819 3681 1038 3748 Λήμνου
1072 3674 1315 3747 Μιχαὴλ,
1336 3682 1428 3727 τού
1457 3673 1841 3750 τῆςἮρακλέος
1872 3682 2110 3747 μοναχού
2143 3674 2389 3728 Ἀκακίου
2416 3696 2428 3707 ·

890 3767 1159 3838 Itemque
1185 3764 1317 3821 aliis
1349 3764 1453 3837 qui
1482 3765 1880 3822 versabantur
1916 3765 1979 3820 in
2009 3764 2158 3821 urbe
2190 3764 2310 3820 Deo
2342 3765 2481 3821 cha-

816 3854 1071 3912 rissimis
1100 3855 1407 3927 episcopis
1447 3871 1460 3911 :

888 3948 1203 4002 Patrarum
1234 3944 1505 4015 Georgio,
1545 3944 1945 4002 Trachalae....
1996 3944 2306 4017 Hyrcanim
2352 3943 2481 3999 Dio-

818 4036 1018 4108 nysio,
1037 4034 1500 4091 Dalisandorum
1517 4035 1929 4101 Constantino,
1946 4038 2241 4106 Argorum
2266 4037 2480 4105 Leone,

821 4123 1215 4181 Demetriadis
1243 4126 1493 4193 Joanne,
1526 4129 1679 4182 Artes
1705 4122 1936 4181 Basilio.
1963 4124 2317 4181 Antandri...

896 4303 1294 4360 Praesentibus
1314 4304 1493 4360 etiam
1519 4304 1638 4361 Deo
1668 4303 2039 4361 charissimis
2068 4303 2484 4361 ecclesiasticis

823 4393 1165 4468 praepositis
1198 4410 1211 4449 :

902 4483 1074 4549 Quod
1109 4484 1187 4556 pii
1228 4483 1385 4553 regis
1415 4499 1518 4540 cor
1545 4483 1606 4540 in
1637 4499 1825 4541 manu
1857 4483 1955 4541 Dei
1993 4484 2087 4550 sit,
2120 4488 2186 4540 ut
2225 4484 2307 4540 ait
2336 4483 2486 4540 Scri-

2664 3766 2763 3816 Καὶ
2822 3769 2923 3813 τῶν
2981 3761 3394 3836 παρευρεθέντων
3447 3757 3496 3811 ἐν
3553 3765 3615 3831 τῇ
3675 3756 3818 3812 πόλει
3875 3755 4200 3831 θεοφιλεστά-

2590 3872 2689 3905 των
2721 3870 2945 3903 επισκοπ
2955 3871 3021 3902 ων
3054 3866 3065 3879 ⁵

2659 3948 2762 3994 Του
2830 3947 3048 4014 Πατρῶν
3116 3942 3396 4012 Γεωργίου,
3464 3957 3558 3991 του
3616 3936 4038 4013 Τραχάλης....
4106 3955 4197 3988 του

2588 4035 2861 4104 Ὑρκανίας
2927 4033 3221 4101 Διονυσίου,
3290 4048 3381 4081 του
3450 4024 3784 4082 Δαλισάνδων
3870 4030 4199 4080 Κωνσταντί-

2589 4139 2698 4187 νου,
2760 4140 2852 4173 του
2906 4118 3131 4192 ’Ἄργους
3176 4122 3415 4188 Λέοντος,
3466 4137 3555 4170 του
3607 4112 3975 4192 Δημητριάδος
4028 4116 4198 4169 Ἰωάν-

2590 4230 2700 4275 νου,
2768 4230 2860 4263 του
2920 4208 3116 4283 Ἀρτης
3184 4208 3476 4279 Βασιλείου,
3544 4227 3635 4261 του
3700 4203 4189 4280 Ἀντάνδρου.....

2665 4304 3173 4374 Συμπαρισταμένων
3248 4303 3337 4351 καὶ
3425 4306 3527 4351 τῶν
3623 4296 4026 4371 θεοφιλεστάτων
4122 4294 4200 4348 ἄκ-

2593 4390 2687 4449 κλη
2698 4399 2983 4443 σιαστικῶν
3013 4388 3284 4463 ἀρχόντων
3308 4409 3322 4422 ο

2665 4479 2786 4531 Ὀτι
2834 4475 3029 4555 καρδία
3076 4477 3333 4552 βασιλέως
3380 4475 3619 4538 εύσεϐους
3665 4474 3714 4528 ἓν
3756 4479 3904 4548 χειρὶ
3944 4482 4099 4543 Θεου,
4132 4476 4203 4535 ὡς

824 4578 1003 4646 ptura
1027 4592 1040 4643 ;
1076 4578 1131 4629 et
1151 4573 1316 4646 quod
1338 4589 1460 4630 non
1477 4573 1688 4646 procul
1717 4591 1750 4630 a
1781 4574 1988 4631 divina
2012 4574 2319 4631 voluntate
2345 4589 2486 4630 con-
2522 4597 2567 4653 Ι)
2596 4591 2604 4605 ·

2424 4589 2486 4629 [ι-
2522 4597 2567 4653 D
2596 4574 2911 4645 γέγραπται,
2955 4572 3045 4620 καὶ
3097 4570 3178 4621 ότι
3224 4572 3295 4640 μὴ
3340 4565 3518 4642 πόρῥω
3569 4567 3710 4627 θείας
3753 4562 3952 4637 βουλῆς
3988 4568 4048 4618 τό
4085 4565 4204 4617 κατ’

825 4662 957 4718 silia
992 4662 1122 4733 ejus
1171 4662 1477 4732 recedant,
1518 4662 1834 4737 manifeste
1860 4662 2037 4719 nobis
2068 4662 2301 4720 actibus
2344 4663 2490 4735 ipsis

825 4755 1156 4809 coronatus
1188 4768 1223 4807 a
1255 4755 1375 4808 Deo
1418 4752 1750 4824 imperator
1775 4768 1940 4809 nunc
1968 4752 2266 4822 ostendit;
2307 4768 2491 4825 quem

826 4844 1027 4898 mente
1080 4840 1289 4897 Christi
1338 4842 1565 4899 factum
1612 4842 1859 4898 divitem
1904 4843 2099 4899 dicere
2140 4859 2489 4907 possumus,

825 4934 892 4988 ut
932 4930 1053 4987 divi
1094 4932 1426 5004 magnique
1467 4930 1726 5004 apostoli
1755 4931 1941 4989 verba
1970 4948 2360 5005 usurpemus.
2396 4934 2491 4988 Et-

826 5022 989 5077 enim
1020 5020 1124 5093 qui
1150 5020 1421 5077 animam
1452 5037 1628 5077 suam
1657 5036 2001 5096 corpusque
2023 5022 2241 5079 divinae
2273 5020 2490 5093 guber-

827 5111 1059 5167 nationi
1102 5111 1425 5180 commisit,
1465 5111 1594 5167 ﬁeri
1631 5113 1840 5185 nequit
1871 5117 1937 5169 ut
1965 5112 2043 5169 ab
2069 5111 2270 5169 ofﬁcio
2300 5112 2490 5168 disce-

827 5200 952 5257 dat.
984 5200 1192 5273 Itaque
1214 5201 1478 5275 reliquas
1494 5216 1657 5258 nunc
1681 5202 1930 5275 quidem
1961 5217 2315 5260 enumerare
2337 5201 2491 5273 ejus-

827 5291 968 5348 dem
998 5292 1271 5363 virtutes,
1300 5292 1423 5349 sive
1446 5308 1585 5366 quse
1611 5293 1869 5350 exterius
1899 5308 2106 5365 regem
2150 5293 2368 5350 sistunt
2396 5310 2490 5349 su-

826 5396 940 5454 pra
960 5381 1298 5438 humanam
1325 5382 1733 5440 conditionem
1756 5382 2168 5455 magniﬁcum,
2198 5383 2323 5439 sive
2351 5398 2489 5455 qua:

825 5470 1076 5527 interius
1100 5474 1156 5529 et
1174 5472 1498 5529 recondita
1514 5472 1933 5531 demonstrant
1954 5489 2094 5530 eum
2118 5472 2339 5529 divinae
2361 5471 2492 5545 pul-

826 5561 1179 5619 chritudinis
1191 5562 1589 5638 archetypum
1602 5564 1839 5637 egregie
1856 5563 2301 5621 conformatum
2318 5580 2332 5632 ;
2354 5563 2488 5635 has,

824 5651 1102 5726 inquam,
1119 5668 1433 5712 recensere
1451 5669 1903 5728 supervacuum
1916 5653 2172 5712 fortasse
2190 5653 2491 5711 videretur

824 5745 1009 5817 atque
1047 5744 1490 5818 importunum.

2602 4658 2753 4712 αύτόν
2805 4663 3101 4731 περαίνεται
3158 4653 3475 4723 διαϐούλιον,
3538 4653 3765 4726 ἀτεχνῶς
3812 4654 3990 4717 αύτοῖς
4039 4657 4205 4728 ἔργοις

2602 4752 2628 4803 ό
2675 4752 2954 4821 θεοστεφής
3000 4750 3143 4821 ἡμῶν
3186 4747 3520 4822 αύτοκράτωρ
3569 4748 3661 4798 καὶ
3700 4746 3821 4820 οἶρτι
3857 4740 4157 4818 παρέδειξεν
4186 4760 4199 4775 ⁶

2602 4840 2654 4891 ὃν
2706 4843 2797 4891 καὶ
2847 4844 3085 4912 Χριστου
3140 4856 3257 4889 νουν
3312 4835 3465 4889 εἰπών
3511 4853 3593 4896 τις
3638 4833 4049 4891 πεπλουτηκέναι
4105 4836 4204 4907 φά-

2599 4951 2686 4984 ναι
2741 4932 2876 4983 κατὰ
2921 4932 3008 4981 τὸν
3068 4930 3199 4981 θεῖον
3254 4930 3346 4980 καὶ
3396 4929 3555 4999 μέγαν
3610 4923 3898 4978 ἀπόστολον
3924 4937 3940 4955 ⁸
4000 4924 4089 4978 ἅτε
4145 4922 4206 4978 δε

2600 5026 2689 5074 καὶ
2739 5020 2926 5094 ψυχήν
2976 5023 3067 5071 καὶ
3126 5026 3280 5091 σῶμα
3326 5024 3389 5089 τῇ
3453 5016 3562 5088 θείᾳ
3608 5013 3917 5090 κυϐερνήσει
3948 5032 4209 5089 προσανα-

2603 5114 2825 5185 θίμενον,
2896 5108 2990 5163 ούκ
3051 5107 3111 5160 ἃν
3142 5126 3147 5129 ‘
3184 5107 3411 5180 ἁμάρτοι
3480 5124 3575 5159 του
3642 5108 3924 5178 πρέποντος
3953 5124 3968 5139 ο
4042 5103 4208 5157 τᾶλλα

2600 5205 2689 5275 μὲν
2738 5198 2825 5253 οὖν
2901 5199 2984 5253 ἐπὶ
3060 5218 3151 5251 του
3221 5201 3471 5271 παρόντος
3536 5194 3953 5269 ἀπαριθμεῖσθαι
4018 5196 4207 5248 τούτου

2598 5292 3034 5364 πλεονεκτήματα,
3094 5290 3197 5343 ὅσα
3267 5306 3322 5358 τε
3398 5290 3487 5341 τὸν
3549 5284 3696 5349 ἕκτὸς
3758 5288 3846 5339 καὶ
3908 5289 4208 5358 φαινόμενον

2602 5381 2826 5457 βασιλέα
2881 5379 3238 5455 μεγαλουργὸν
3291 5382 3616 5460 παρίστησιν
3680 5377 3808 5449 ύπὶρ
3884 5376 4156 5451 ἄνθρωπον
4190 5391 4205 5407 ο

2599 5480 2690 5529 καὶ
2739 5475 2766 5527 ὃ
2821 5492 2881 5547 γε
2934 5476 3021 5526 τὸν
3078 5470 3212 5533 ἐντὸς
3268 5472 3357 5523 καὶ
3418 5471 3770 5545 κρυπτόμενον
3842 5462 4209 5520 διαδείκνυσιν

2600 5566 2961 5639 ἐμφανέστατα
3014 5564 3140 5637 πρὸς
3186 5563 3246 5614 τὸ
3300 5578 3395 5615 του
3457 5560 3635 5613 θείου’
3692 5556 3913 5620 κάλλους
3978 5557 4208 5633 ἀρχέτυ-

2599 5673 2694 5707 πον
2752 5651 2975 5727 ἀκριϐῶς
3042 5648 3492 5722 ἄξεικονιζόμενον,
3558 5647 3801 5723 περιττὸν
3870 5647 3997 5705 ἴσως
4062 5639 4208 5707 δόξει

2598 5747 2690 5798 καὶ
2715 5744 2951 5819 ἄκαιρον.
