4508 6436
296 423 394 479 181

1622 417 1966 475 THESAURI
2003 415 2135 474 LIB.
2180 417 2333 473 XXIV

3555 416 3656 470 182

294 545 443 603 Πλὴν
498 542 628 597 ἀλλᾶ
691 550 860 597 ταῦτα
920 548 1052 617 μόνα
1109 542 1313 616 ῥητέον,
1376 539 1452 613 ἔφ’
1512 541 1585 601 οἷς
1653 542 1758 614 ἄρα
1811 544 1897 593 τόν
1926 544 2011 599 Α,

1876 562 1897 591 ν
1926 544 1974 597 Α
2010 596 2011 599 η
2078 544 2243 597 Nunc
2274 540 2475 613 itaque
2514 538 2660 595 illud
2692 537 2888 595 solum
2919 537 3210 603 dicemus,
3259 553 3364 594 cur
3396 552 3656 611 praesen-

293 639 535 707 παρόντα
596 637 982 708 συγκεκρότηκε
1043 639 1268 707 σήμερον
1324 630 1605 700 σύλλογον·
1654 633 1723 691 ὡς
1795 632 1895 703 γὰρ

296 720 556 794 ἀπόφημά
608 740 726 773 τινα
781 727 869 774 καὶ
926 729 1018 781 τῆς
1081 722 1371 793 όρθοτόμον
1438 715 1596 781 δόξης
1656 716 1901 790 ἀλλότρια

293 815 419 883 περί
450 827 505 861 τε
554 817 651 870 τῆς
701 810 844 881 παρὰ
890 816 983 860 τοῦ
1025 812 1219 881 Κυρίου
1268 812 1358 859 καὶ
1404 813 1539 859 Θεοῦ
1594 810 1683 857 καὶ
1721 813 1900 863 Σωτῆ-

294 917 383 972 ρος
442 898 590 970 ἡμῶν
652 896 828 955 Ἰησοῦ
894 903 1131 971 Χριστοῦ
1198 896 1246 949 έν
1320 902 1485 969 καιρῷ
1546 902 1639 947 τοῦ
1704 896 1902 955 πάθους

296 990 575 1058 γενομένης
654 986 961 1059 ἱλαστηρίου
1028 994 1127 1040 τῶν
1202 986 1462 1058 ἡμετέρων
1516 983 1901 1057 ἁμαρτημάτων

295 1083 656 1148 προσαγωγῆς
694 1082 786 1128 τοῦ
829 1072 971 1128 ἰδίου
1013 1079 1249 1147 σώματος
1286 1092 1341 1126 τε
1386 1078 1475 1125 καὶ
1515 1074 1755 1145 αἵματος,
1812 1075 1899 1123 ναὶ

298 1160 370 1222 δὴ
414 1169 634 1225 καὶτῆς
662 1166 921 1240 ὁσημέραι
974 1167 1118 1237 παρὰ
1166 1171 1267 1215 τῶν
1317 1164 1428 1215 θεῖα
1457 1163 1903 1236 μεταχειριζομέ-

296 1274 397 1304 νων
460 1252 814 1326 ἰεροτελεστῶν
881 1256 1157 1325 γινομένης
1232 1250 1281 1303 έν
1358 1258 1473 1314 ταῖς
1542 1254 1703 1323 ἱεραῖς
1778 1253 1895 1321 ἁγι-

298 1348 495 1403 στείαις
552 1350 651 1395 τῶν
709 1343 976 1403 ζωοποιοῦν
1033 1345 1359 1414 μυστηρίων,
1401 1343 1469 1402 ὡς
1519 1339 1674 1402 αὐτὸς
1724 1338 1773 1391 έν
1828 1346 1901 1408 τῷ

292 1434 543 1503 μυστικῷ
589 1427 782 1502 δείπνῳ
842 1430 1160 1503 κατήρξατο,
1212 1432 1277 1490 ὡς
1332 1432 1602 1502 ἱστοροῦσι
1666 1432 1730 1481 τὰ
1793 1430 1903 1501 ἱερὰ

288 1524 385 1571 καὶ
428 1521 746 1571 θεόπνευστα
800 1520 1112 1591 Εύαγγέλια,
1155 1526 1353 1593 φρονεῖν
1406 1538 1461 1571 τε
1503 1523 1593 1571 καὶ
1648 1513 1901 1590 δογματι-

292 1607 404 1667 ζειν
454 1617 553 1659 τῶν
616 1627 760 1670 τινας
809 1611 1090 1683 ἱερωμένων
1156 1607 1370 1660 έπύθετο
1403 1628 1416 1641 ·
1474 1606 1600 1659 ἀλλὰ
1669 1613 1759 1659 καὶ
1830 1606 1901 1667 εἰς

295 1697 498 1773 ἐτέρους
547 1695 654 1756 ἤδη
696 1703 792 1757 τὴν
832 1704 983 1751 νόσον
1022 1700 1217 1756 ταύτην
1270 1699 1601 1773 ὑφέρπουσαν
1648 1700 1901 1769 κατεμάν-

301 1788 471 1847 θανεν,
527 1787 589 1845 ἣν
646 1784 925 1863 δυσέριδές
972 1806 1105 1849 τινες
1158 1791 1249 1839 καὶ
1302 1786 1578 1858 φιλόνεικοι
1638 1788 1903 1860 ἄνθρωποι

2009 634 2126 687 tem
2163 631 2467 702 synodum
2491 628 2985 700 congregandam
3019 627 3395 697 judicaverit.
3443 628 3654 684 Statim

2010 735 2080 776 ac
2134 721 2295 776 enim
2342 718 2652 790 intellexit,
2712 718 3052 775 sacerdotes
3102 716 3405 790 quosdam
3457 716 3658 774 fovere

2011 809 2218 866 animo
2256 825 2325 865 ac
2375 808 2573 865 verbis
2627 806 3015 881 pronuntiare
3060 805 3332 862 absurda
3376 806 3660 879 quaedam

2010 898 2301 969 dogmata
2342 902 2399 954 et
2440 913 2476 954 a
2524 902 2687 954 recta
2737 895 2855 952 ﬁde
2896 895 3283 952 abhorrentia
3325 895 3483 951 circa
3511 893 3661 951 illud

2010 988 2177 1063 quod
2232 988 2520 1044 Dominus
2573 989 2727 1043 Deus
2783 1002 2854 1043 ac
2900 986 3175 1042 Servator
3226 988 3428 1041 noster
3488 986 3661 1041 Jesus

2011 1078 2276 1135 Christus
2306 1094 2429 1133 sua:
2463 1076 2762 1149 passionis
2807 1080 3074 1148 tempore
3122 1090 3230 1147 pro
3274 1078 3662 1146 peccatorum

2011 1171 2355 1223 nostrorum
2376 1165 2797 1239 propitiatione
2820 1164 3032 1221 obtulit
3048 1163 3411 1220 sacriﬁcium
3434 1162 3663 1235 proprii

2012 1256 2279 1329 corporis
2306 1256 2759 1327 sanguinisque,
2792 1270 2902 1311 nec
2934 1269 3057 1311 non
3110 1254 3267 1311 circa
3317 1252 3467 1309 illud
3491 1250 3662 1324 quod

2011 1345 2075 1402 fit
2089 1345 2359 1419 quotidie
2385 1345 2447 1401 in
2469 1359 2643 1401 sacra
2664 1342 3036 1400 viviﬁcorum
3058 1342 3484 1415 mysteriorum
3499 1340 3664 1397 litur-

2012 1436 2110 1505 gia
2164 1452 2201 1490 a
2260 1433 2696 1498 sacerdotibus,
2739 1433 2914 1503 cujus
2958 1431 3044 1487 rei
3093 1430 3319 1487 initium
3362 1429 3497 1485 fecit
3534 1429 3662 1503 ipse

2009 1526 2179 1580 Jesus
2209 1524 2269 1578 in
2312 1538 2484 1579 sacra
2515 1537 2709 1589 coena,
2742 1525 2807 1577 ut
2832 1526 3042 1577 sancta
3071 1525 3128 1576 et
3156 1536 3193 1576 a
3219 1522 3336 1575 Deo
3366 1519 3663 1592 inspirata

2012 1612 2336 1682 Evangelia
2356 1616 2639 1679 narrant;
2668 1626 2930 1683 cumque
2961 1608 3041 1667 ad
3080 1608 3228 1665 alios
3254 1624 3501 1682 quoque
3530 1625 3661 1665 ma-

2010 1718 2156 1760 nare
2188 1702 2413 1759 sensim
2445 1701 2730 1758 morbum
2755 1702 2919 1757 hunc
2949 1700 3353 1771 cognovisset,
3380 1715 3503 1773 quo
3534 1716 3663 1755 mo-

2012 1793 2133 1850 rosi
2162 1792 2416 1866 quidam
2444 1791 2917 1865 contentiosique
2941 1790 3221 1847 homines
3252 1794 3475 1846 temere
3499 1789 3668 1847 labo-

300 1876 398 1928 ούκ
452 1879 602 1948 ἴσμεν
664 1878 801 1937 ὅπως
876 1874 1229 1951 φρενοϐλαϐῶς
1298 1880 1665 1943 νινοσήκασιν,
1739 1877 1903 1927 ἔνθεον
1936 1887 1981 1944 Β
2014 1898 2079 1939 ra

1885 1896 1903 1925 ν
1936 1887 1981 1944 Β
2014 1882 2259 1950 rabant;
2288 1881 2493 1938 divino
2518 1881 2715 1938 statim
2728 1880 2851 1937 zelo
2878 1884 3210 1953 correptus,
3233 1895 3343 1951 pro
3361 1895 3471 1936 suo
3490 1884 3665 1935 rectae

304 1964 465 2025 ζῆλον
530 1962 796 2017 ἀναλαϐὼν
854 1966 1031 2027 ὁποῖος
1092 1965 1243 2028 οὗτος
1314 1967 1381 2017 τὰ
1443 1968 1569 2039 πρὸς
1644 1963 1905 2017 εὐσέϐειαν

303 2054 548 2116 ζηλωτὴς
613 2062 685 2124 τῷ
755 2058 865 2106 ὄντι
940 2051 1193 2127 διάπυρος
1234 2071 1247 2085 ·
1315 2059 1405 2106 καὶ
1466 2053 1672 2117 πάσαις
1731 2053 1908 2115 ἀλλαις

303 2143 464 2195 εἰπὼν
546 2142 809 2218 έῤῥώσθαι
891 2147 1012 2205 τέως
1103 2147 1537 2215 κατεπειγούσαις
1631 2151 1909 2217 κοσμικαῖς

299 2232 638 2299 ὑποθέσεσιν,
691 2233 865 2285 ὁπόσα
920 2235 1106 2284 τούτου
1160 2236 1218 2285 τὸ
1272 2234 1437 2285 ἰνθεον
1485 2235 1667 2306 κράτος
1726 2232 1908 2285 ἀλλεπ-

302 2319 536 2380 αλλὴλως
582 2321 1053 2395 περιστοιχίζουσι
1081 2338 1097 2353 ο
1138 2328 1291 2374 τοῦτο
1338 2320 1495 2374 έκεῖνο
1540 2326 1597 2375 τό
1646 2320 1694 2373 έν
1739 2321 1909 2393 Εὐαγ-

298 2408 497 2480 γελέοις
554 2405 608 2462 εὖ
678 2418 841 2462 ποιῶν
904 2415 995 2463 καὶ
1051 2410 1207 2471 αύτὸς
1255 2409 1599 2464 εὐσεϐέστατα
1660 2412 1911 2485 συνεπρά-

302 2498 433 2562 ξατο
477 2517 492 2531 ·
553 2497 875 2562 έξαπέστιιλε
938 2503 1055 2561 τοὺς
1127 2499 1376 2572 ἀγγέλους
1434 2500 1593 2553 αὐτοῦ
1651 2501 1910 2573 συγκαλέ-

304 2590 508 2641 σασθαι
534 2592 656 2650 τούς
712 2588 1047 2652 συλλέξοντας
1098 2588 1155 2641 ἐκ
1185 2597 1278 2642 τοῦ
1326 2594 1490 2663 μέσου
1524 2598 1693 2643 ταῦτα
1735 2587 1910 2649 δήπου

299 2681 369 2731 τὰ
402 2674 678 2730 σκάνδαλα
713 2681 955 2741 καὶτοὺς
1001 2686 1283 2741 ποιοῦντας
1311 2684 1407 2737 τήν
1456 2678 1672 2752 ἀνομίαν
1713 2695 1728 2711 ’
1773 2677 1913 2733 διότι

303 2771 515 2839 γνόντες
586 2770 674 2819 τὸν
732 2770 881 2838 Θεὸν,
950 2766 1056 2839 ούχ
1116 2769 1184 2830 ὡς
1258 2770 1386 2821 Θεὸν
1461 2765 1742 2840 ἐδόξασαν,
1806 2768 1913 2821 ἀλλ’

308 2855 715 2929 έματαιὼθησαν
760 2857 814 2908 ἓν
868 2863 978 2917 τοῖς
1021 2852 1393 2930 διαλογισμοῖς
1445 2858 1629 2926 αὐτῶν,
1686 2858 1779 2911 εἶτ’
1827 2858 1915 2911 οὖν

312 2944 693 3018 συλλογισμοῖς
751 2965 767 2980 ο
823 2950 915 2998 καὶ
984 2944 1266 3005 έσκοτίσθη
1341 2949 1371 3005 ἡ
1434 2946 1683 3010 ἀσύνετος
1748 2947 1916 3000 αὐτῶν

310 3030 539 3108 καρδία,
577 3038 667 3087 καὶ
705 3035 989 3107 φάσκοντες
1014 3033 1145 3088 εἶναι
1186 3040 1337 3109 σοφοὶ
1376 3034 1772 3112 έμωράνθησαν.

384 3122 565 3176 Ἔνθεν
621 3142 705 3175 τοι
760 3128 850 3176 καὶ
912 3122 961 3177 έν
1015 3124 1149 3197 ἁγίῳ
1204 3126 1663 3200 συναθροισθέντες
1702 3128 1920 3189 ἅπαντες

2015 1970 2155 2027 ﬁdei
2183 1969 2559 2027 inﬂammato
2585 1985 2821 2038 amore;
2853 1970 3128 2043 sepositis
3160 1969 3397 2026 interim
3425 1985 3561 2042 quia
3583 1968 3669 2025 in-

2017 2059 2260 2116 stabant
2309 2059 2637 2115 mundanis
2674 2059 2870 2128 curis;
2906 2059 2999 2116 his
3041 2059 3202 2116 enim
3243 2063 3486 2115 sanctus
3535 2058 3667 2129 ejus

2016 2150 2268 2206 thronus
2292 2150 2419 2205 sine
2451 2149 2893 2206 intermissione
2922 2148 3225 2222 pulsatur;
3256 2147 3671 2220 evangelicum

2018 2238 2165 2297 illud
2207 2239 2553 2312 exemplum
2605 2243 2763 2296 recte
2814 2256 2883 2295 ac
2926 2239 3375 2310 religiosissime
3432 2243 3671 2295 secutus

2019 2334 2125 2402 est,
2158 2329 2431 2386 videlicet
2468 2334 2534 2385 ut
2564 2329 2810 2401 angelos
2838 2346 2981 2386 suos
3000 2330 3257 2387 mitteret
3283 2329 3361 2386 ad
3402 2328 3673 2386 tollenda

2020 2420 2094 2477 de
2118 2420 2318 2476 medio
2348 2419 2477 2475 haec
2508 2419 2817 2485 scandala,
2844 2424 2902 2476 et
2943 2435 3045 2476 eos
3080 2420 3185 2493 qui
3213 2424 3535 2493 operantur
3565 2418 3674 2475 ini-

2020 2510 2312 2583 quitatem
2337 2527 2349 2564 :
2383 2509 2487 2581 qui
2518 2513 2912 2580 agnoscentes
2935 2508 3186 2583 quidem
3218 2512 3427 2578 Deum,
3449 2524 3573 2565 non
3590 2512 3677 2566 ta-

2022 2616 2162 2657 men
2184 2600 2268 2656 uti
2300 2602 2487 2656 Deum
2512 2598 2952 2670 gloriﬁcabant,
2992 2599 3097 2655 sed
3118 2600 3178 2656 in
3210 2599 3677 2673 cogitationibus

2024 2690 2146 2745 suis
2165 2688 2656 2763 syllogismisque
2674 2693 3067 2752 evanuerant,
3095 2705 3359 2763 quorum
3385 2689 3679 2762 insipiens

2026 2794 2127 2835 cor
2148 2778 2539 2835 obscuratum
2570 2783 2695 2836 erat
2722 2797 2734 2849 ;
2767 2783 2825 2837 et
2851 2778 3001 2836 dum
3029 2778 3331 2853 sapientes
3357 2795 3419 2835 se
3448 2778 3677 2837 dictita-

2023 2867 2192 2938 bant,
2225 2867 2365 2925 facti
2393 2871 2534 2925 sunt
2560 2867 2741 2924 stulti.

2100 3117 2506 3185 Quamobrem
2527 3118 2589 3177 in
2611 3128 2822 3177 sancto
2854 3120 3200 3192 congregati
3231 3120 3451 3195 Spiritu
3470 3134 3685 3179 omnes

307 3215 572 3285 πνεύματι
640 3214 827 3265 όπόσοι
994 3208 1244 3286 βασιλίδι
1289 3222 1391 3265 τῶν
1438 3213 1632 3267 πόλεων
1697 3214 1752 3267 ἐκ
1820 3223 1919 3267 τῶν
1960 3245 2002 3304 C
2029 3225 2087 3283 qI

1906 3236 1919 3265 ο
1960 3245 2002 3304 C
2029 3213 2329 3283 quotquot
2356 3208 2562 3281 inﬁhac
2583 3210 2749 3281 regia
2772 3210 2923 3266 urbe
2950 3215 3008 3267 et
3035 3212 3095 3267 in
3118 3211 3413 3284 proximis
3452 3210 3686 3283 longin-

309 3301 539 3375 ἔγγιστά
574 3321 628 3355 τε
664 3308 753 3355 καὶ
808 3302 987 3378 πόῤῥω
1034 3305 1231 3364 ταύτης
1279 3301 1549 3377 ἐπαρχιῶν
1582 3300 1919 3378 έπιδεδημή-

308 3409 477 3463 καμεν
532 3389 696 3464 βουλῇ
748 3396 838 3444 καὶ
906 3397 1087 3465 γνώμη
1163 3398 1253 3444 τοῦ
1316 3385 1718 3468 θεόκυϐερνήτου
1775 3396 1922 3467 ἡμῶν

309 3480 738 3557 αὐτοκράτοροςο
796 3483 1197 3554 προκαθημένου
1254 3483 1344 3553 μὲν
1406 3490 1497 3535 τοῦ
1554 3481 1725 3535 ἐνθέου
1784 3485 1918 3558 κρά-

307 3587 439 3632 τους
492 3572 673 3636 αύτοῦ,
728 3573 1125 3646 παρισταμένης
1179 3567 1239 3623 δε
1293 3578 1390 3633 τῆς
1438 3572 1760 3643 συγκλήτου,
1795 3571 1924 3624 ἀλλὰ

309 3666 404 3713 καὶ
456 3662 601 3733 ἡμῶν
639 3670 740 3713 τῶν
771 3669 1118 3735 πατριαρχῶν
1181 3668 1273 3715 τοῦ
1317 3663 1919 3734 Κωνσταντινουπόλεως,

308 3756 404 3804 καὶ
445 3759 539 3803 τοῦ
601 3751 971 3825 Ἰεροσολύμων
1027 3753 1095 3805 τὰ
1150 3759 1247 3815 τῆς
1298 3753 1589 3814 ὑποθέσεως
1624 3762 1695 3825 τῷ
1743 3756 1923 3829 κράτει

308 3845 505 3894 τούτου
566 3838 1009 3917 συνδιαιτώντων,
1082 3848 1173 3895 καὶ
1220 3850 1311 3895 τοῦ
1364 3843 1667 3917 ὑποψηφίου
1694 3849 1923 3898 Θεουπό-

307 3931 435 3993 λεως
495 3931 827 4005 Ἀντιοχείας
873 3927 1327 4006 συνεδριάξοντος,
1380 3932 1440 3985 ού
1478 3938 1582 4006 μὴν
1622 3929 1747 3986 οὐδὲ
1777 3936 1923 4006 ἡμῶν

308 4031 411 4075 τῶν
470 4021 930 4097 ἆρχιεπισκόπων,
990 4029 1084 4075 τοῦ
1141 4021 1488 4097 Βουλγαρίας,
1538 4029 1627 4076 καὶ
1669 4030 1763 4075 τοῦ
1813 4026 1922 4077 Κύ-

310 4131 476 4186 πρου,
515 4120 609 4174 τῆς
659 4115 905 4173 τοιαύτης
954 4111 1448 4186 ἁπολιμπανομένων
1483 4110 1921 4181 συνδιαιτήσεως,

313 4202 457 4253 αὐτὰ
521 4200 689 4254 έκείνα
747 4206 841 4254 καὶ
894 4207 983 4253 νῦν
1049 4202 1448 4274 ὁμοφρονοῦντες
1506 4202 1915 4277 έπικρατύνομεν

308 4289 346 4343 ἃ
411 4288 510 4343 κάν
575 4300 649 4363 τῷ
714 4293 967 4364 γινομένῳ
1047 4287 1313 4363 συνοδικῷ
1380 4294 1713 4365 σημειὼματι
1787 4294 1923 4344 κατά

306 4386 406 4440 τὴν
448 4381 647 4446 κς’τοῦ
687 4382 1010 4457 Ἰανουαρίου
1039 4386 1204 4455 μηνός
1253 4391 1350 4445 τῆς
1394 4380 1500 4442 ἤδη
1557 4383 1923 4458 παρελθούσης

306 4472 570 4545 τετάρτης
642 4470 994 4544 ἐπινεμήσεως
1048 4479 1141 4524 τοῦ
1213 4467 1397 4546 ,ςχξδ’
1461 4475 1627 4545 ἔτους,
1695 4474 1744 4525 οἱ
1808 4476 1924 4525 τότε

309 4561 642 4623 συνελθόντες
722 4560 773 4614 έν
849 4568 911 4635 τῇ
1012 4560 1277 4635 ἁγιωτάτῃ
1369 4561 1579 4635 Μεγάλῃ
1661 4560 1917 4635 έκκλησίᾳ

2030 3300 2290 3372 quisque
2320 3298 2644 3372 provinciis
2672 3316 3007 3368 versamur,
3052 3301 3137 3358 sic
3170 3298 3401 3357 volente
3433 3317 3505 3358 ac
3539 3317 3684 3358 cen-

2032 3394 2195 3446 sente
2223 3405 2259 3445 a
2281 3392 2399 3445 Deo
2426 3390 2763 3460 gubernato
2803 3391 3169 3463 imperatore
3208 3397 3416 3448 nostro
3442 3410 3455 3460 ;
3480 3392 3687 3466 praesi-

2031 3480 2207 3536 dente
2231 3484 2441 3536 sancta
2465 3481 2775 3552 majestate
2807 3481 2956 3553 ejus,
2981 3484 3216 3538 astante
3249 3487 3463 3539 senatu
3487 3482 3691 3539 nobis-

2031 3585 2149 3643 que
2170 3568 2528 3642 patriarchis
2544 3562 3231 3643 Constantinopoleos,et
3244 3571 3687 3645 Hierosolymo-

2030 3676 2189 3728 rum,
2220 3658 2533 3730 negotium
2579 3660 2695 3715 hoc
2726 3676 2865 3716 cum
2896 3662 3217 3732 majestate
3267 3663 3397 3734 ejus
3427 3661 3688 3732 gerenti-

2030 3748 2180 3819 busl;
2208 3764 2319 3805 nec
2340 3763 2464 3804 non
2485 3748 2661 3804 nobis
2693 3748 2981 3820 Bulgaria:
3002 3754 3060 3806 et
3081 3750 3257 3822 Cypri
3290 3750 3690 3824 archiepisco-

2031 3840 2123 3913 pis
2162 3838 2648 3911 cooperantibus,
2682 3838 3019 3913 eademque
3054 3840 3449 3897 sentientibus
3499 3845 3557 3897 et
3589 3840 3691 3897 ﬁr—

2032 3929 2337 3986 mantibus
2375 3945 2510 4002 quae
2533 3933 2591 3985 et
2616 3928 2678 3984 in
2707 3929 2867 3985 Actis
2900 3930 3206 4002 synodicis
3248 3930 3344 3987 die
3374 3935 3442 3986 26
3473 3934 3691 3989 Janua-

2030 4020 2121 4088 rii,
2140 4024 2359 4093 quarta
2374 4019 2506 4090 jam
2533 4020 2831 4092 praeterita
2856 4018 3202 4089 indictione,
3228 4025 3686 4079 annovincuim

2032 4109 2270 4181 (Christi
2303 4113 2457 4168 H56)
2487 4112 2786 4181 quotquot
2814 4112 2956 4165 tunc
2988 4114 3403 4167 convenerunt
3431 4111 3495 4167 in
3549 4127 3685 4168 san-

2032 4199 2299 4255 ctissima
2336 4213 2564 4268 magna
2595 4197 2858 4255 Ecclesia
2893 4198 3165 4272 episcopi
3204 4200 3539 4274 reliquique
3571 4202 3682 4257 ho-

2030 4289 2225 4345 mines
2253 4288 2640 4361 (quibuscum
2671 4290 2728 4343 et
2772 4287 3048 4343 nonnulli
3077 4304 3149 4345 ex
3192 4289 3370 4345 nobis
3418 4289 3685 4361 fuerunt)

2032 4378 2111 4435 ad
2139 4377 2513 4450 propositam
2530 4392 2565 4432 a
2586 4375 2973 4433 sanctissimo
3000 4375 3297 4434 confratre
3318 4383 3525 4435 nostro
3548 4382 3690 4435 Rus-

2033 4468 2134 4523 siaa
2164 4466 2628 4539 metropolitano
2651 4466 3049 4523 Constantino
3069 4467 3470 4539 quaestionem
3489 4469 3691 4526 ortho-

2032 4558 2189 4614 doxe
2209 4556 2677 4630 responderunt.

312 4653 590 4728 ἱερώτατοι
620 4650 891 4727 ἀρχιερεῖς
938 4655 1028 4704 καὶ
1076 4650 1265 4723 λοιποὶ,
1297 4652 1374 4714 οἷς
1420 4656 1513 4704 καί
1540 4671 1668 4715 τινες
1707 4652 1759 4716 ἐξ
1788 4654 1936 4726 ἡμῶν
1963 4660 2034 4726 τῷ
2064 4652 2178 4702 τότε
2209 4647 2745 4721 (πμ-παρελήφθησαν,
2775 4647 2840 4706 ὡς
2886 4648 3013 4721 πρὸς
3060 4646 3314 4721 ἐρώτησιν
3346 4648 3692 4722 εἰσαχθιῖσαν

304 4744 366 4796 τό
399 4749 696 4799 τηνικαῦτα
724 4742 869 4814 παρὰ
918 4746 1011 4795 τοῦ
1055 4741 1336 4816 ἱερωτάτου
1368 4739 1690 4816 συναδελφου
1726 4746 1873 4815 ἡμῶν
1912 4746 1999 4797 καὶ
2059 4737 2445 4816 μητροπολίτου
2473 4737 2693 4800 Ῥωσίας
2747 4740 3162 4805 Κωνσταντίνου,
3218 4736 3438 4801 εὐσεϐῶς
3477 4738 3691 4816 ἁπεκρί-

304 4850 486 4887 ναντο.

381 4921 448 4977 Εἰ
470 4922 574 4997 γὰρ
604 4925 694 4974 καὶ
736 4919 1011 4995 πολλαχοῦ
1059 4928 1157 4985 τῆς
1206 4914 1419 4997 Γραφῆς
1470 4923 1558 4975 τὸν
1608 4919 1656 4974 έν
1712 4926 1812 4995 μιᾷ
1852 4928 1916 4995 τῇ
1948 4923 1991 4978 D
2106 4922 2161 4977 E1

1905 4923 1991 4981 Η)
2106 4919 2226 4978 Etsi
2276 4918 2437 4976 enim
2486 4919 2645 4992 saepe
2686 4917 2749 4975 in
2799 4917 3102 4991 Scriptura
3155 4918 3493 4978 afﬁrmatur
3521 4924 3579 4978 et
3623 4920 3685 4980 in

309 5011 611 5065 ὑποστάσει
677 5014 949 5085 νοούμενον
1007 5015 1137 5066 Θεόν
1189 5030 1245 5065 τε
1296 5015 1386 5065 καὶ
1452 5012 1741 5087 ἄνθρωπον,
1801 5014 1922 5067 Υῑὸν

309 5106 405 5155 καὶ
466 5106 637 5174 Λόγον
692 5108 788 5155 τοῦ
846 5097 1125 5155 συναῖδίου
1191 5102 1377 5155 τούτου
1432 5103 1654 5177 Πατρός,
1712 5102 1779 5155 τὰ
1825 5108 1922 5164 τῆς

309 5193 573 5267 ἡμετέρας
634 5194 903 5265 σωτηρίας
969 5189 1409 5266 οἰκονομήσαντα,
1474 5194 1545 5254 ὡς
1612 5194 1778 5265 μέγαν
1830 5195 1922 5244 καὶ

308 5276 537 5357 πρῶτον
602 5278 857 5356 ἆρχιιρέα
924 5288 1285 5356 προσαγαγεῖν
1353 5281 1535 5336 ἑαυτὸν
1604 5288 1678 5353 τῷ
1752 5284 1923 5355 Πατρὶ

311 5372 506 5425 θυσίαν
584 5370 842 5432 ζωοποιὸν
928 5374 1018 5425 καὶ
1100 5375 1535 5447 κοσμοσωτήριον
1620 5367 1923 5429 διείληπται

308 5465 403 5515 καὶ
465 5458 817 5534 ὡμολέγηται,
878 5458 984 5513 ἀλλ’
1029 5460 1157 5534 οὐχ,
1220 5462 1286 5525 ὥς
1349 5465 1485 5524 τινές
1530 5480 1709 5536 φασιν,
1769 5456 1922 5515 οὐδὲν

307 5542 771 5610 ἕπικεκοινώνηκιν
828 5550 899 5614 εἰς
945 5552 1006 5605 τὸ
1064 5553 1261 5612 ταύτην
1333 5550 1528 5621 λαϐεῖν,
1587 5551 1697 5605 οὔτ’
1765 5549 1922 5613 αὐτὸς

307 5641 338 5695 ὀ
392 5642 527 5717 ὕπερ
580 5642 727 5715 ἡμῶν
791 5640 973 5696 ἑαυτὸν
1042 5646 1395 5719 προσαγαγὼν
1455 5643 1677 5718 ἄμωμον
1741 5641 1926 5715 ίερεῖον

308 5735 339 5786 ὸ
366 5732 656 5807 μονογενὴς
703 5729 827 5797 Υἱὸς
871 5736 966 5787 τοῦ
1014 5738 1151 5789 οεοῦ
1213 5734 1331 5792 οὔτε
1376 5735 1483 5811 μὴν
1530 5734 1589 5789 τό
1643 5733 1926 5808 όμοούσιον

2034 5010 2316 5069 confesso
2346 5013 2454 5079 est,
2486 5008 2692 5066 aeterni
2715 5007 2899 5081 hujus
2929 5008 3116 5066 Patris
3156 5010 3418 5067 Verbum
3451 5009 3689 5069 Filium-

2032 5117 2173 5175 que,
2190 5116 2376 5175 quem
2389 5102 2579 5157 Deum
2600 5098 2780 5156 simul
2800 5102 2857 5156 et
2875 5098 3185 5156 hominem
3201 5100 3262 5156 in
3280 5116 3406 5159 una
3426 5117 3695 5174 persona

2031 5190 2444 5262 intelligimus,
2470 5205 2593 5264 quo
2633 5193 2905 5263 tempore
2952 5192 3221 5246 nostram
3255 5190 3515 5249 salutem
3544 5208 3697 5266 opes

2030 5280 2300 5352 rabatur,
2327 5297 2438 5337 ceu
2463 5294 2759 5349 magnum
2778 5279 3167 5353 primumque
3193 5280 3543 5353 pontiﬁcem
3581 5282 3693 5339 ob-

2030 5369 2234 5427 tulisse
2264 5372 2455 5426 semet
2471 5369 2625 5425 Patri
2642 5367 2909 5425 hostiam
2932 5367 3230 5427 viviﬂca'm
3254 5372 3311 5427 et
3328 5369 3572 5427 mundo
3596 5385 3695 5428 sa-

2028 5458 2334 5527 lutarem;
2373 5473 2769 5533 nequaquam
2806 5460 3035 5527 tamen,
3092 5462 3159 5516 ut
3212 5462 3370 5516 certe
3411 5460 3691 5518 nonnulli

2032 5549 2220 5618 aiunt,
2249 5549 2465 5607 hostiae
2490 5549 2791 5622 particeps
2818 5548 2912 5605 vel
2935 5548 3065 5622 ipse
3084 5549 3431 5620 unigenitus
3461 5549 3565 5607 Dei
3595 5549 3693 5607 Fi-

2030 5639 2146 5697 lius
2172 5639 2284 5697 fuit
2305 5640 2411 5713 qui
2440 5654 2552 5713 pro
2584 5638 2762 5697 nobis
2792 5654 2855 5696 se
2884 5638 3198 5696 victimam
3220 5635 3685 5699 immaculatum

2032 5727 2299 5799 sistebat,
2320 5728 2415 5787 vel
2443 5729 2625 5789 etiam
2646 5726 3187 5788 consubstantialis
3207 5728 3408 5788 eidem
3431 5730 3696 5805 vitaeque
