4480 6430
788 385 887 438 183

793 510 998 562 auctor
1024 511 1268 562 sanctus
1322 507 1577 579 Spiritus

792 594 971 649 nobis
1027 610 1098 649 ex
1130 595 1260 665 ejus
1294 594 1565 651 instituto
1622 597 1887 653 hostiam
1942 599 2117 664 Patri,
2151 600 2330 654 Filius
2386 604 2443 655 et

793 681 1049 753 Spiritus
1089 683 1405 754 recipiunt.
1440 686 1802 757 Quanquam
1832 686 2010 756 igitur
2039 687 2113 741 de
2145 686 2245 742 illa
2274 687 2441 744 obla-

788 771 950 827 tione
972 772 1053 826 sic
1079 788 1237 843 saepe
1260 772 1546 843 prtedicto
1564 775 1751 830 modo
1774 774 1974 830 locuta
1994 782 2085 831 est
2112 778 2438 849 Scriptura,

788 864 854 916 ut
882 864 1148 925 constat;
1181 876 1488 933 nusquam
1518 867 1721 917 tamen
1743 864 1801 918 in
1824 864 2037 919 eadem
2059 864 2263 921 divina
2296 867 2444 921 Scri'

789 954 969 1021 ptura
1014 947 1299 1005 traditum
1337 950 1474 1021 quis
1525 950 1806 1018 inveniet,
1861 952 2029 1025 quod
2066 953 2443 1026 hypostatice

788 1036 1047 1093 Verbum
1096 1052 1159 1092 se
1211 1037 1509 1107 obtulerit,
1543 1038 1604 1093 id
1659 1045 1747 1103 est
1794 1041 1958 1112 quod
1998 1045 2213 1111 natura
2241 1042 2445 1098 divina

787 1126 927 1198 ipsa
956 1140 1064 1199 per
1104 1142 1165 1181 se
1200 1126 1354 1182 Patri
1390 1127 1691 1199 obtulerit,
1726 1134 1789 1184 ut
1816 1130 1911 1185 isti
1954 1137 2283 1201 nugantur,
2332 1131 2443 1187 sal-

786 1215 1029 1271 viﬁcam
1106 1215 1270 1271 illam
1331 1218 1517 1272 nostri
1576 1218 1811 1287 generis
1854 1220 2196 1289 victimam;
2249 1236 2446 1293 neque

786 1304 955 1375 quod
981 1303 1150 1360 illam
1201 1304 1385 1360 Filius
1419 1305 1596 1361 simul
1632 1322 1772 1363 cum
1816 1314 2025 1365 sancto
2072 1309 2290 1381 Spiritu
2320 1326 2440 1365 non

786 1393 1095 1465 receperit.

861 1573 931 1628 Ut
962 1576 1167 1629 autem
1214 1571 1439 1645 scripta
1467 1590 1712 1647 quoque
1745 1576 2092 1631 testimonia
2140 1576 2444 1643 sistamus,

788 1677 925 1734 quae
953 1660 1257 1732 dogmatis
1294 1662 1477 1733 hujus
1520 1664 1832 1721 veritatem
1867 1665 2172 1721 evidenter
2197 1666 2447 1722 demon—

793 1756 1008 1816 strant,
1033 1766 1144 1820 age
1169 1754 1345 1806 testes
1382 1752 1718 1824 procedant
1748 1753 2153 1810 irrefutabiles
2185 1754 2309 1810 divi
2349 1758 2448 1810 l’a-

791 1844 930 1907 tres,
976 1840 1080 1911 qui
1111 1838 1345 1895 disertis
1386 1840 1587 1897 verbis
1636 1858 1763 1898 rem
1811 1843 1969 1899 hanc
2020 1844 2099 1900 ad
2149 1843 2449 1916 liquidum
2482 1870 2520 1923 Β

789 1930 1194 1987 deduxerunt.
1222 1934 1413 2002 Atque
1444 1932 1504 1986 in
1536 1932 1747 2004 primis
1774 1948 2035 2002 magnus
2061 1939 2113 1989 et
2145 1934 2205 1989 in
2233 1933 2448 1989 divinis

788 2018 967 2075 valde
996 2023 1268 2074 versatus
1303 2018 1575 2086 Basilius,
1613 2022 1786 2093 cujus
1828 2038 2035 2078 vocem
2077 2022 2243 2078 haud
2276 2038 2452 2078 secus

785 2124 973 2181 quam
993 2108 1092 2164 Dei
1111 2122 1321 2163 vocem
1352 2109 1792 2178 auscultamus,
1818 2111 1876 2166 in
1897 2112 2247 2184 compositae
2279 2112 2358 2167 ab
2382 2127 2452 2167 eo

786 2195 1172 2268 Mystagogiae
1205 2197 1488 2268 precibus
1517 2198 1601 2254 sic
1623 2199 1937 2255 manifeste
1971 2199 2307 2269 scribit,ubi
2329 2200 2457 2255 Ser-

785 2292 1059 2344 vatorem
1093 2285 1404 2344 Christum
1449 2287 1805 2361 alloquitur:
1842 2290 2114 2359 Dignare,
2160 2294 2225 2345 ut
2268 2305 2306 2346 a
2356 2304 2454 2345 me

786 2382 1101 2450 peccatore
1132 2383 1188 2433 et
1240 2378 1490 2448 indigno
1522 2378 1652 2434 haec
1677 2379 1780 2434 tibi
1807 2378 1972 2436 dona
1997 2379 2345 2436 offerantur.
2371 2380 2456 2434 Tu

788 2466 950 2522 enim
983 2483 1045 2522 es
1072 2468 1175 2539 qui
1207 2468 1410 2536 oﬂers,
1446 2472 1502 2523 et
1545 2467 1653 2539 qui
1679 2467 1933 2537 oﬂerris,
1959 2473 2015 2525 et
2059 2469 2163 2541 qui
2216 2468 2452 2541 recipis,

786 2560 844 2611 et
872 2555 978 2628 qui
1007 2556 1335 2628 distribuis,
1373 2557 1597 2613 Christe
1640 2559 1794 2613 Deus
1837 2565 2059 2614 noster.
2097 2560 2237 2624 Qum
2269 2558 2456 2615 verba

794 2644 1261 2716 Chrysostomus
1308 2646 1368 2701 in
1397 2645 1678 2718 precibus
1717 2662 1754 2701 a
1780 2662 1841 2703 se
1868 2648 2040 2702 editae
2069 2647 2324 2717 liturgiae
2351 2647 2453 2703 ad-

786 2738 1033 2790 mtttens
1064 2734 1231 2791 nullo
1260 2734 1449 2792 modo
1478 2735 1840 2791 immutavit.
1876 2736 2031 2802 Quin
2063 2736 2244 2792 etiam
2274 2737 2453 2793 mira-

788 2823 938 2880 culis
969 2824 1395 2881 celeberrimus
1424 2825 1597 2881 divus
1642 2826 1963 2896 Gregorius
2005 2826 2069 2881 in
2103 2826 2262 2883 edito
2315 2843 2351 2883 a
2389 2842 2451 2883 se

791 2930 1072 2969 sermone
1116 2931 1294 2987 super
1336 2915 1683 2987 evangelico
1737 2916 1904 2972 dicto
1938 2933 1950 2970 :
1992 2918 2090 2973 Hic
2135 2925 2216 2972 est
2254 2918 2449 2973 Filius

788 3019 953 3060 meus
983 3004 1236 3061 dilectus
1257 3006 1326 3071 ⁸³,
1366 3005 1444 3061 ad
1478 3004 1734 3060 litteram
1760 3005 1842 3061 ita
1868 3005 1949 3061 ait
1983 3023 1995 3061 :
2030 3005 2128 3062 Hic
2159 3010 2246 3061 est
2276 3006 2452 3062 Filius

788 3109 963 3149 meus
990 3098 1047 3150 et
1076 3109 1291 3164 agnus,
1325 3094 1489 3151 idem
1536 3093 1818 3150 sacerdos
1875 3109 1946 3150 ac
1974 3094 2235 3162 victima,
2286 3095 2447 3151 idem

2139 386 2405 445 ΝΙΟΕΤΑΞ
2446 381 2795 447 CHONIATE

1627 527 1639 564 :
1688 524 1885 581 neque
1924 510 2064 566 item
2098 510 2365 567 oblatam
2410 530 2441 567 a
2475 519 2520 569 Α
2556 514 2858 585 ζωαρχικόν
2897 531 2951 565 τε
3005 516 3094 565 καὶ
3151 514 3282 564 οεῐον
3322 519 3531 585 Πνεῦμα
3565 529 3575 541 ·

4048 384 4147 446 184

3641 516 3758 563 οὔτε
3797 508 3856 563 δὲ
3896 516 3987 569 τήν
4029 514 4149 585 παρ’

2554 604 2700 674 ἡμῶν
2766 601 3071 672 τελουμένην
3156 601 3407 660 ζωοποιόν
3496 603 3676 653 θυσίαν
3752 605 4147 672 προσαγομένην

2554 692 2668 743 κατ’
2720 691 2872 743 αὐτὸν
2920 698 2991 760 τῷ
3042 694 3233 762 Πατρὶ,
3303 692 3329 742 6
3396 692 3514 750 Υἱός
3558 696 3647 741 καὶ
3703 694 3760 741 τό
3820 697 4028 761 Πνεῦμα
4088 690 4146 741 οὗ

2556 776 3086 854 συμπροσδίχονται.
3156 778 3216 831 Εἰ
3269 786 3393 850 γοῦν
3436 784 3525 831 καὶ
3577 782 3712 830 οὕτω
3768 781 3834 830 τὰ
3898 782 4009 852 περὶ
4058 787 4148 838 τῆς

2555 869 2822 943 εἰρημένης
2851 874 3061 941 πρώτης
3118 875 3469 940 προσαγωγῆς
3526 867 3823 938 «ollulam,
3862 869 3931 927 ὡς
3989 862 4151 924 δεδὴ-

2553 956 2734 1029 λωται,
2766 961 3080 1029 γέγραπται,
3133 955 3240 1007 ἀλλ’
3308 956 3435 1028 ουχὶ
3481 962 3571 1008 καὶ
3623 958 3988 1016 ὑποστατικώς
4043 955 4145 1006 αὐ-

2554 1050 2663 1113 τόν,
2742 1049 2809 1107 ὡς
2848 1050 2937 1097 καὶ
3004 1045 3122 1097 καθ’
3182 1044 3371 1103 ἑαυτὴν
3418 1053 3509 1105 τῆς
3564 1047 3698 1105 θείας
3749 1046 4149 1119 προσαγουσης,

2557 1137 2759 1205 φύσεως
2814 1136 2949 1186 κατά
2996 1138 3089 1191 τὴν
3141 1132 3309 1184 αὐτῶν
3366 1130 3631 1205 ληρωδίαν
3670 1140 4025 1206 προσαγαγεῖν
4078 1139 4151 1202 τῷ

2558 1228 2726 1297 Πατρὶ
2787 1227 2881 1279 τὴν
2949 1227 3205 1295 σωτήριον
3264 1224 3456 1279 ἐκείνην
3514 1230 3605 1273 τοὺ
3674 1224 3924 1295 ἡμετέρου
3978 1224 4155 1292 γένους

2560 1313 2770 1381 θυσίαν,
2838 1313 2965 1363 ὅπου
3027 1307 3219 1369 δήποτε
3274 1320 3363 1371 τῆς
3427 1313 3761 1363 θεοπνεύστου
3807 1318 4015 1383 Γραφῆς
4057 1329 4154 1362 πα-

2557 1396 2913 1473 ραδεδομένην
2967 1398 3169 1473 ἐφεύροι
3215 1419 3316 1469 τις,
3369 1396 3485 1451 οὐδ’
3540 1402 3620 1452 ὅτι
3658 1404 3729 1470 μὴ
3786 1402 3979 1456 ταύτην
4017 1418 4158 1470 συμ-

2558 1485 2910 1561 προσεὸέξατο
2933 1492 3017 1539 καὶ
3048 1489 3073 1539 6
3114 1490 3229 1549 Υἱός
3259 1493 3349 1539 καὶ
3389 1491 3446 1539 τό
3475 1495 3684 1559 Πνεῦμα
3720 1492 3776 1540 τό
3799 1488 3964 1560 οἶγιον.

2628 1576 2739 1629 Ἰνα
2806 1572 2865 1628 δὲ
2912 1581 3001 1628 καὶ
3048 1581 3296 1650 χρήσεων
3356 1584 3621 1649 γραφικῶν
3674 1580 3934 1647 φανότατα
3971 1578 4029 1626 τό
4066 1581 4158 1626 τοῦ

2562 1662 2823 1737 δόγματος
2896 1664 3077 1726 ἀληθὲς
3137 1670 3591 1739 παραστήσαιμεν,
3650 1667 3744 1736 οἶγε
3799 1670 3888 1717 καὶ
3960 1666 4162 1738 μαρτυ-

2559 1774 2644 1828 ρες
2707 1755 2829 1827 παρ’
2901 1755 3045 1826 ἡμῶν
3113 1756 3532 1828 παραγέσθωσαν
3586 1752 3989 1828 ἀπαραγραπτοι
4049 1754 4161 1805 Θεο-

2561 1848 2709 1917 φόροι
2752 1846 2995 1919 Πατέρες,
3049 1844 3099 1894 οἱ
3164 1847 3253 1893 καὶ
3298 1843 3471 1916 ῥητῶς
3520 1839 3626 1899 ἤδη
3687 1844 3754 1893 τὰ
3810 1847 3926 1915 περὶ
3973 1843 4158 1892 τούτου

2563 1929 3051 2007 διατρανώσαντες·
3113 1936 3204 1982 καὶ
3260 1940 3458 2006 πρῶτον
3498 1933 3523 1983 6
3579 1930 3740 1991 πολὺς
3790 1934 3855 1982 τὰ
3914 1932 4024 1982 θεῖα
4070 1933 4161 1981 καὶ

2564 2028 2727 2095 μέγας
2769 2020 3055 2090 Βασίλειος,
3100 2040 3157 2073 ου
3215 2025 3302 2073 καὶ
3359 2025 3451 2079 τὴν
3494 2026 3661 2093 φωνὴν
3693 2024 3759 2082 ὡς
3818 2027 3950 2074 Θεοῦ
3992 2022 4161 2091 φωνήν

2562 2116 2853 2183 κατέχομεν
2920 2112 3161 2183 ἄντικρυς
3226 2108 3274 2160 ἐν
3350 2117 3463 2171 ταῖς
3520 2117 3612 2169 τῆς
3681 2109 3803 2184 παρ’
3863 2107 4021 2160 αὐτου
4083 2106 4165 2159 ἐκ·

2564 2203 2796 2260 τεθείσης
2836 2204 3220 2271 Μυσταγωγίας
3278 2198 3484 2269 εὐχαῖς,
3546 2201 3680 2250 οὕτω
3717 2201 3928 2271 γράφων
3963 2204 4162 2268 σαφῶς,

2566 2290 2721 2347 ἡνίκα
2760 2292 2885 2363 πρὸς
2941 2292 3027 2339 τὸν
3076 2295 3291 2362 Σωτῆρα
3348 2291 3576 2360 Χριστόν
3647 2286 3881 2359 ἀναφέρει
3933 2288 4018 2337 τὸν
4084 2283 4166 2335 λό-

2566 2398 2653 2449 γον
2688 2399 2700 2411 ο
2737 2378 2986 2440 Ἀξίωσον
3015 2377 3103 2428 ὑπ’
3148 2375 3272 2448 ἐμοῦ
3319 2384 3408 2428 τοῦ
3459 2375 3769 2449 ἀμαρτωλοῦ
3814 2379 3903 2426 καὶ
3955 2372 4165 2435 ἀναξίου

2568 2464 2760 2519 δούλου
2819 2486 2912 2519 σου
2952 2467 3370 2539 προσενεχθῆναι
3429 2484 3512 2516 σοι
3571 2468 3634 2516 τὰ
3675 2461 3823 2537 δῶρα
3872 2463 4058 2517 ταῦτα.
4094 2464 4162 2513 Σὺ

2564 2558 2665 2629 γὰρ
2720 2557 2768 2607 εἴ
2809 2559 2834 2607 6
2874 2559 3196 2628 προσφέρων,
3243 2559 3333 2604 καὶ
3373 2558 3805 2628 προσφερόμενος,
3864 2557 3954 2603 καὶ
4002 2569 4168 2623 προσ-

2567 2643 2871 2718 δεχόμενος,
2910 2649 3001 2696 καὶ
3050 2639 3440 2715 διαδιδόμενος,
3498 2646 3694 2717 Χριστε
3734 2644 3759 2694 6
3808 2642 3938 2702 Θεός
3975 2642 4123 2712 ἡμῶν
4147 2656 4160 2669 ·

2564 2738 2590 2787 6
2623 2732 2763 2794 δῆτα
2811 2739 2900 2787 καὶ
2953 2736 2978 2785 6
3009 2740 3245 2808 χρυσοῦς
3301 2737 3395 2791 τὴν
3433 2732 3678 2804 γλῶσσαν
3738 2732 3784 2785 ἐν
3819 2739 3932 2790 ταῖς
3980 2730 4167 2801 εὐχαῖς

2563 2832 2660 2886 τῆς
2720 2824 2841 2898 παρ’
2896 2822 3058 2874 αὐτοῦ
3122 2821 3415 2883 ἑκτεθείσης
3460 2821 3824 2896 ἱεροτελεστίας
3880 2817 4163 2892 δεξάμονος

2563 2914 2656 2967 οὐκ
2688 2913 2993 2973 ἠλλοίωσεν.
3046 2911 3200 2963 ’Λλλά
3254 2917 3345 2963 καὶ
3398 2912 3423 2962 6
3478 2910 3526 2963 ἐν
3573 2912 3808 2983 θαύμασι
3853 2908 4163 2983 περιϐόητος

2564 3008 2693 3065 θεῖος
2756 3007 3037 3078 Γρηγόριος
3102 3000 3149 3052 ἐν
3206 3008 3279 3071 τῷ
3338 3000 3462 3075 παρ’
3510 3000 3670 3052 αὑτοῦ
3720 3000 3972 3052 ἐκτεθέντι
4026 2998 4164 3069 λόγῳ

2562 3096 2634 3157 εἰς
2685 3096 2741 3146 τό
2801 3090 3132 3164 εὐαγγελικόν
3170 3090 3349 3164 ῥητὸν,
3417 3092 3497 3156 τὸ,
3550 3085 3717 3151 Οὗτός
3775 3088 3914 3141 ἐστιν
3967 3089 3992 3139 6
4050 3089 4165 3147 Υἱός

787 3183 1050 3281 offerens
1081 3188 1137 3240 et
1159 3183 1603 3281 oblatus,_idem
1633 3182 1958 3281 immolaris
1990 3191 2046 3240 et
2075 3184 2445 3281 immolatus,
2479 3225 2519 3281 C

2396 3204 2445 3255 ε,
2479 3225 2519 3281 C
2560 3204 2660 3259 μου
2719 3184 2745 3235 6
2814 3180 3102 3253 ἀγαπητός,
3154 3181 3290 3231 κατά
3343 3179 3490 3253 ῥῆμα
3542 3178 3677 3230 οὕτω
3731 3174 3957 3245 διεξιὼν,
3999 3172 4162 3236 Οὗτός

782 3272 947 3345 idem
977 3273 1177 3329 hostia
1203 3268 1397 3329 tactus
1426 3273 1714 3345 idemque
1744 3273 2005 3329 hostiam
2028 3275 2349 3346 recipiens.

2562 3274 2704 3327 ἐστιν
2762 3274 2788 3323 6
2854 3273 2969 3330 Υἱός
3017 3289 3116 3341 μου
3175 3274 3264 3320 καὶ
3310 3266 3483 3341 ἀμνὸς,
3548 3269 3573 3318 6
3626 3266 3783 3328 αὐτὸς
3852 3267 4011 3339 ἱερεὺς
4073 3285 4163 3317 και

788 3363 988 3434 ἱερεῖον,
1022 3362 1047 3413 6
1072 3361 1230 3423 αὐτὸς
1260 3365 1564 3436 προσφέρων
1594 3366 1683 3413 καὶ
1713 3381 2145 3435 προσφερομενος,
2179 3365 2205 3414 6
2239 3363 2391 3425 αὐτὸς
2420 3366 2697 3439 ἱερουργῶν
2730 3366 2817 3413 καὶ
2860 3362 3303 3434 ὶερουργουμενος,
3338 3359 3363 3409 6
3405 3357 3555 3417 αὐτὸς
3593 3358 3753 3409 θυσία
3788 3360 4048 3428 γινόμενος
4076 3360 4164 3406 καὶ

800 3449 954 3510 αὐτὸς
975 3455 1060 3503 τόν
1083 3452 1268 3503 θυσίαν
1300 3448 1579 3523 δεχόμενος
1607 3452 1750 3521 (24).

861 3541 1140 3597 Consona
1176 3540 1271 3595 his
1299 3538 1577 3595 Ecclesite
1612 3555 1857 3613 quoque
1892 3540 2445 3614 Hierosolymitanaa

786 3627 1026 3702 lampas
1058 3629 1309 3701 Cyrillus
1341 3631 1400 3685 in
1440 3645 1511 3685 eo
1558 3645 1743 3702 quem
1792 3630 1866 3687 de
1906 3646 2164 3687 occursu
2208 3631 2449 3687 Domini

791 3718 1031 3791 scripsit
1085 3735 1398 3775 sermone:
1441 3718 1625 3787 ldem,
1655 3720 1872 3792 inquit,
1918 3725 2007 3777 est
2057 3722 2448 3791 sacriﬁcator,

790 3807 1078 3881 idemque
1100 3809 1358 3865 victimae
1380 3815 1669 3882 receptor.
1694 3812 1942 3882 Insuper
1970 3815 2026 3867 et
2054 3811 2358 3868 maximus
2382 3827 2451 3868 ac

791 3898 968 3954 divus
1012 3898 1265 3971 Cyrillus
1315 3899 1691 3954 Alexandria:
1748 3898 2045 3956 luminare
2095 3901 2155 3956 in
2210 3918 2321 3957 suo
2377 3901 2451 3957 de

794 3988 1055 4060 mystica
1095 4004 1271 4045 coena
1296 3993 1350 4045 et
1379 3988 1603 4044 lotione
1636 4005 1935 4059 sermone,
1960 3990 2176 4046 diserte
2204 3992 2291 4046 sic
2321 3991 2403 4047 ait
2435 4009 2448 4046 :

797 4079 1109 4147 Bibamus,
1133 4084 1243 4135 etc.
1269 4095 1455 4151 usque
1483 4080 1565 4135 ad
1589 4078 1665 4135 de
1695 4080 2019 4136 venerabili
2050 4080 2326 4137 Trinitate
2368 4081 2454 4153 (ut

798 4167 915 4225 col.
952 4168 1100 4235 166).
1123 4168 1288 4225 ldem
1314 4168 1375 4223 in
1398 4183 1508 4224 suo
1535 4169 1755 4240 pariter
1786 4170 1864 4224 ad
1903 4169 2141 4240 reginas
2176 4185 2455 4225 sermone

797 4256 1135 4313 sacerdotio
1163 4257 1377 4314 Christi
1410 4272 1571 4329 saepe
1612 4262 2114 4327 commemorato,
2149 4258 2231 4314 sic
2253 4275 2459 4332 prose-

2637 3537 2855 3613 Συνῳὸἀ
2911 3541 3115 3599 τούτοις
3154 3542 3244 3589 καὶ
3297 3537 3322 3588 6
3376 3544 3471 3597 τῆς
3535 3534 3902 3609 Ἰεροσολύμων
3956 3532 4165 3591 Ἐκκλη-

2568 3636 2687 3694 σίας
2732 3630 2977 3703 λαμπτὴρ
3030 3627 3307 3700 ἐφθέγξατο
3387 3624 3633 3699 Κύριλλος
3686 3624 3734 3676 ἓν
3768 3618 3873 3694 ’τῷ
3946 3623 4019 3686 εἰς
4078 3627 4164 3681 τὸν

2567 3723 2705 3773 θείαν
2779 3718 3108 3775 ’Υπαπαντην
3191 3718 3459 3774 πονηθέντι
3532 3714 3654 3789 παρ’
3739 3716 3899 3765 αὐτοῦ
3962 3713 4098 3784 λόγῳ
4149 3728 4161 3741 ·

2566 3813 2731 3871 Αὐτός
2800 3810 2825 3860 6
2886 3810 3063 3875 θύτης,
3139 3805 3315 3874 εἰπὼν,
3384 3808 3475 3856 καὶ
3542 3804 3697 3865 αὐτὸς
3752 3804 3777 3854 6
3834 3806 3927 3861 τὴν
3980 3804 4165 3854 θυσίαν

2566 3897 2870 3972 δεχόμενος.
2933 3896 3045 3950 Ἔτι
3096 3892 3153 3948 δὲ
3202 3900 3292 3947 καὶ
3339 3896 3365 3946 6
3412 3896 3693 3967 πάμμεγας
3744 3897 3832 3945 καὶ
3898 3894 4167 3951 θεσπέσιος

2567 3988 2815 4061 Κύριλλος
2873 3989 2897 4038 ὁ
2944 3994 3033 4045 τῆς
3074 3980 3451 4058 Ἀλεξανδρέων
3496 3988 3711 4057 φωστὴρ
3767 3982 3814 4034 ἐν
3854 3990 3927 4052 τῷ
3981 3981 4052 4043 εἰς
4082 3985 4167 4033 τόν

2563 4083 2819 4153 μυστικόν
2866 4074 3071 4131 δεῖπνον
3126 4081 3214 4127 καὶ
3265 4083 3493 4149 νιπτῆρα
3552 4074 3687 4146 λόγῳ
3734 4073 3916 4141 αὑτοῦ,
3950 4070 4169 4147 διαρρή-

2566 4167 2666 4228 δην
2704 4170 2867 4229 οὕτως
2920 4166 3331 4238 ἀποφαινόμενος
3364 4181 3376 4194 ·
3428 4169 3660 4235 Πίνωμεν
3718 4163 3879 4214 αὐτοῦ
3919 4166 3976 4214 τό
4038 4163 4169 4234 αἷμα

2565 4264 2697 4330 etc.,
2746 4271 2933 4329 usque
2979 4256 3058 4312 ad
3113 4259 3372 4326 παντίμου
3430 4249 3683 4325 Τριάὸος.
3728 4250 3821 4312 ⁸ος
3872 4255 3961 4303 καὶ
4005 4250 4053 4302 ἐν
4097 4258 4169 4320 τῷ

794 4346 1051 4419 quitur:
1103 4345 1529 4402 Animadverte
1587 4346 1923 4419 quomodo,
1983 4353 2098 4403 etc.
2150 4364 2335 4419 usque
2376 4349 2457 4404 ad
2492 4371 2533 4425 ι)

2402 4349 2457 4404 td
2492 4371 2533 4425 ι)
2566 4349 2633 4409 εἰς
2676 4349 2769 4409 τὰς
2802 4345 3130 4419 βασιλίσσας
3158 4344 3294 4415 λογῳ
3345 4343 3527 4407 αὐτοῦ,
3575 4340 3845 4413 πολλαχοῦ
3891 4348 3985 4402 τῆς
4035 4340 4171 4391 κατά

796 4438 954 4492 Deus
981 4435 1161 4492 simul
1192 4440 1248 4492 et
1272 4436 1458 4492 homo
1483 4436 1694 4504 (utcol.
1727 4439 1867 4508 167).
1899 4440 2190 4494 Praeterea
2213 4438 2455 4510 sapiens

795 4523 1201 4583 Theodoretus
1228 4525 1629 4599 apostolicum
1648 4526 1850 4582 locum
1872 4543 2164 4584 enarrans
2186 4528 2291 4585 ubi
2316 4528 2457 4584 dici-

796 4620 895 4673 tur
918 4634 931 4672 :
958 4618 1075 4685 Qui
1092 4632 1207 4672 non
1239 4617 1415 4673 habet
1446 4617 1849 4673 necessitatem
1869 4618 2133 4689 quotidie
2153 4619 2325 4687 prius
2342 4633 2457 4689 pro

796 4708 922 4763 suis
952 4706 1187 4762 delictis
1221 4706 1478 4763 hostiam
1510 4706 1748 4774 o/ferre,
1777 4707 1994 4762 deinde
2019 4724 2131 4776 pro
2156 4709 2371 4778 populi
2384 4708 2453 4764 ³⁸.

796 4796 929 4853 haec
960 4794 1158 4851 addit:
1209 4796 1309 4851 Hic
1350 4800 1554 4852 autem
1605 4801 1912 4853 suummet
1948 4796 2165 4853 obtulit
2193 4814 2452 4870 corpus;

794 4885 961 4941 idem
988 4884 1273 4941 sacerdos
1306 4890 1363 4941 et
1382 4885 1627 4941 victima
1655 4902 1669 4951 ;
1704 4891 1760 4941 et
1798 4890 2098 4958 quatenus
2125 4889 2457 4954 Deus,cum

797 4977 968 5032 Patre
998 4980 1053 5029 et
1085 4974 1303 5047 Spiritu
1333 4974 1567 5030 donum
1591 4974 1903 5047 recipiens.
1930 4977 2233 5031 Enarrans
2255 4982 2457 5033 autem

797 5064 1154 5122 Davidicum
1212 5069 1477 5120 textum:
1517 5066 1602 5119 Tu
1657 5080 1715 5121 es
1752 5066 2028 5121 sacerdos
2058 5068 2123 5122 in
2170 5072 2457 5123 aeternum

796 5155 1125 5213 secundum
1161 5153 1885 5210 ordz‘nemMelchisedech
1907 5155 1974 5225 ³⁷,
2010 5155 2458 5229 sicinterpreta-

798 5249 924 5303 tur:
963 5244 1273 5301 Sacriﬁcat
1296 5260 1459 5300 nunc
1487 5258 1733 5317 quoque
1756 5244 2024 5301 Christus
2054 5245 2128 5301 de
2166 5245 2323 5302 Juda
2370 5262 2460 5303 se-

798 5334 1071 5392 cundum
1105 5349 1351 5391 carnem
1369 5338 1570 5404 natus,
1595 5333 1703 5390 etsi
1736 5332 1887 5389 nihil
1914 5333 1962 5389 is
1983 5332 2295 5402 oﬁ‘ert,sed
2314 5334 2458 5392 offe-

871 5480 919 5514 εο
941 5478 1142 5535 Matth,
1184 5494 1265 5548 ιιι,
1304 5480 1408 5546 17;
1444 5479 1530 5545 17,
1564 5481 1619 5534 5.
1696 5477 1744 5512 ³⁸
1777 5475 1953 5533 Hebr.
1981 5492 2079 5547 vn,
2108 5482 2197 5535 27.

871 5625 984 5697 (24)
1018 5622 1120 5697 Hic
1171 5625 1228 5680 S.
1290 5620 1556 5697 Gregorii
1610 5620 2045 5697 Thaumaturgi
2089 5619 2260 5697 locus
2307 5621 2461 5697 exci-

797 5691 975 5753 disse
1005 5694 1241 5752 videtur
1287 5708 1361 5751 ex
1403 5691 1564 5751 calce
1614 5691 1915 5751 sermonis
1961 5691 2043 5751 ab
2077 5708 2151 5754 eo
2197 5694 2339 5753 dicti
2380 5693 2457 5751 de

2565 4440 2798 4512 Χριστόν
2881 4437 3165 4510 ἱερωσύνης
3246 4437 3587 4505 μεμνημένος,
3672 4430 3813 4483 οὕτω.
3882 4426 4103 4492 διέξεισι
4154 4449 4167 4461 ο

2566 4526 2748 4600 ’Ἃθρει
2780 4522 2839 4578 δὲ
2869 4527 3007 4586 ὅπως
3034 4527 3167 4591 etc.,
3209 4537 3395 4594 usque
3437 4522 3518 4578 ad
3561 4523 3692 4593 ὁμοῦ
3742 4523 3868 4580 Θεὸς
3928 4524 4017 4571 καὶ
4078 4520 4169 4570 οἰν-

2569 4620 2792 4692 θρωπος·
2847 4614 3002 4667 Ἀλλὰ
3029 4618 3115 4666 καὶ
3150 4612 3175 4663 6
3226 4615 3384 4685 σοφός
3415 4608 3756 4685 Θεοδώρητος
3786 4613 3844 4661 τό
3882 4608 4170 4661 ἀποστολι-

2566 4710 2655 4759 κόν
2684 4707 2843 4781 ῥητόν
2892 4700 3236 4776 διηγούμενος
3292 4705 3350 4754 τό
3400 4701 3569 4773 λέγον,
3614 4699 3710 4762 ⁸ος
3752 4700 3846 4751 οὐκ
3885 4702 3997 4771 ἔχει
4046 4698 4169 4750 καθ’

2567 4799 2764 4869 ἡμέραν
2832 4792 3064 4866 ἀνάγκην
3111 4798 3359 4866 πρότερον
3425 4793 3551 4863 ὑπὲρ
3628 4797 3728 4841 τῶν
3784 4786 3931 4842 ἰδίων
4004 4788 4171 4862 ἀμαρ-

2568 4894 2690 4939 τιῶν
2778 4886 2965 4937 θυσίαν
3044 4882 3330 4957 ἀναφέρειν,
3413 4882 3590 4953 ἔπειτα
3671 4887 3771 4931 τῶν
3853 4886 3944 4931 τοῦ
4020 4877 4168 4941 λαοῦ,

2566 4976 2731 5037 οὕτως
2798 4974 2979 5045 ἐπάγει
3044 4994 3056 5005 ·
3110 4977 3211 5024 Καὶ
3266 4971 3448 5023 ἐκεῖνοι
3499 4973 3588 5042 μεν
3654 4969 3803 5041 ἔτερα
3856 4972 4172 5043 προσεφερον

2573 5068 2796 5139 θύματα,
2848 5063 2995 5123 οὗτος
3042 5058 3102 5114 δε
3142 5060 3325 5114 ἑαυτοῦ
3374 5064 3730 5135 προσενήνοχε
3780 5066 3964 5131 σῶμα-
4018 5057 4175 5119 αὐτὸς

2570 5159 2727 5230 ἱερεὺς
2786 5158 2876 5205 καὶ
2954 5154 3133 5225 ἱερεῖον
3189 5154 3497 5223 γενόμενος·
3559 5154 3647 5201 καὶ
3714 5148 3778 5208 ὡς
3846 5150 3990 5217 Θεὸς,
4043 5148 4177 5219 μετὰ

2571 5246 2775 5319 Πατρός
2823 5247 2913 5295 καὶ
2963 5243 3262 5314 Πνεύματος
3317 5243 3376 5318 τό
3442 5235 3610 5312 δῶρον
3667 5234 3973 5310 δεχόμενος.
4028 5235 4174 5298 Ἐξη-

2569 5336 2818 5408 γούμενος
2878 5327 2939 5384 δε
2997 5333 3086 5382 καὶ
3153 5332 3233 5382 τό“
3276 5330 3551 5383 Δαυῑτικόν
3625 5328 3805 5403 ῥητόν,
3865 5329 3924 5378 τό
3991 5328 4056 5377 Σὺ
4133 5321 4182 5378 εἷ

2274 5479 2319 5514 ³⁷
2361 5479 2515 5537 Psal.
2543 5494 2651 5546 cxx,
2682 5481 2735 5533 4.

2572 5618 2786 5679 Christi
2810 5614 3139 5690 baptismo,
3158 5612 3266 5690 ubi
3287 5612 3513 5687 optime
3549 5609 3683 5690 haec
3711 5608 3897 5690 verba
3923 5607 4173 5683 quidem

2565 5681 3174 5767 quadrantfminime
3198 5681 3407 5745 tam'en
3431 5697 3595 5742 nunc
3618 5681 3919 5755 leguntur.
