4480 6430
345 369 452 422 183
1656 352 1998 416 ἰῊκΞΑυΒι

338 492 510 563 ἱερεύς
567 488 638 549 εἰς
702 489 789 537 τὸν
834 484 996 536 αἰῶνα
1059 486 1194 535 κατὰ
1245 487 1332 540 τὴν
1387 484 1529 546 τάξιν
1579 479 1933 553 Μελχισεδὲκ,
1974 486 2018 538 Α

333 585 462 651 περὶ
511 587 605 638 τῆς
658 574 775 626 καθ’
835 577 1030 646 ἡμέραν
1110 577 1382 643 γινομένης
1428 571 1795 644 ἰεροτελεστίας
1862 572 1944 621 ού-

335 687 440 727 τως
496 668 836 739 ἡρμήνευσεν·
905 662 1171 735 Ἰερατεύει
1221 656 1279 712 δε
1329 666 1417 712 καὶ
1466 667 1552 711 νῦν
1601 662 1625 711 ό
1685 660 1738 721 ἐξ
1768 655 1947 711 Ἰούδα

334 758 480 806 κατὰ
540 756 712 825 σάρκα
769 750 1079 823 βλαστήσεις
1142 752 1387 821 Χριστός,

342 844 588 917 ματίζων
620 864 632 876 ·

340 936 741 1006 προσφερόμενα
766 931 832 991 ὥς
862 934 1005 990 Θεός.

415 1029 599 1073 Ταῦτα
624 1023 713 1092 μὲν
744 1020 832 1071 οὖν
876 1017 930 1069 ἐκ
982 1016 1176 1070 πολλῶν
1243 1015 1391 1087 ὀλίγα
1446 1018 1589 1089 παρά
1644 1024 1741 1068 τῶν
1803 1018 1948 1067 θείων

344 1114 593 1183 Πατέρων
665 1108 1026 1182 ἐρανισαμενοι
1081 1112 1211 1179 πρὸς
1279 1105 1465 1179 ἐναργῆ
1541 1113 1633 1166 τῆς
1713 1104 1950 1163 ἀληθείας

340 1203 703 1272 παράστασιν,
789 1206 850 1269 τῇ
949 1201 1189 1270 παρούσῃ
1258 1204 1426 1268 γραφῇ
1516 1193 1835 1266 ἐνεταξαμεν,
1894 1198 1951 1245 τό

340 1299 514 1360 μῆκος
593 1296 683 1339 τού
759 1286 914 1357 λόγου
1000 1286 1344 1357 ἐκφεύγοντες.
1414 1283 1619 1346 Ἔξεστι
1705 1280 1763 1335 δε
1846 1290 1953 1343 τοῖς

343 1377 690 1450 βουλομένοις
731 1375 1039 1447 φιλοπονεῖν,
1079 1379 1168 1425 καὶ
1219 1374 1271 1436 ἐξ
1323 1372 1483 1425 αλλων
1536 1377 1733 1446 μυρίων
1790 1372 1953 1423 συνοί-

341 1487 456 1538 γειυ
504 1473 594 1517 τού
652 1466 788 1529 θείου
834 1460 1097 1535 δόγματος
1159 1468 1251 1521 την
1308 1460 1616 1533 ἀκρίϐείαν·
1682 1467 1791 1512 Τῶν
1868 1456 1954 1511 οὖν

350 1557 610 1629 θεοφόρων
671 1556 911 1626 Πατὲρων
974 1557 1129 1612 οὕτως
1190 1554 1485 1625 όμοφρόνως
1552 1550 1825 1623 εἰρηκότων
1892 1550 1956 1598 τὰ

343 1650 467 1717 περὶ
526 1646 730 1709 τούτου,
774 1638 992 1699 εὔδηλον
1058 1644 1145 1704 ὡς,
1197 1642 1421 1697 ὁπηνίκα
1470 1644 1559 1689 καὶ
1614 1640 1639 1689 ό
1696 1640 1955 1696 Δεσπότης

346 1736 587 1806 Χριστός
644 1731 823 1782 ἑαυτὸν
883 1729 1134 1790 ἑκουσίως
1208 1733 1423 1802 ἱέρευσε,
1484 1732 1785 1801 προσήγαγε

1511 1820 1636 1875 Θεὸς

349 1914 565 1981 συνάμα
627 1917 699 1979 τῷ
753 1912 923 1982 Πατρὶ
963 1912 1051 1958 xui
1090 1910 1351 1979 Πνεύματι
1391 1910 1477 1963 τὴν
1552 1906 1735 1956 θυσίαν
1788 1899 1955 1954 ἀνεδε-

557 2000 611 2049 Ἀ
619 1998 691 2048 λλ⁹

352 2096 446 2142 καὶ
501 2094 712 2162 πρώτως
755 2085 1071 2158 συνήλθομεν
1105 2100 1119 2114 ·

1868 1728 1956 1796 μὲν

346 1823 531 1874 ἑαυτόν
578 1822 713 1871 κατὰ
765 1822 824 1871 τό
897 1817 1235 1892 ἀνθρώπινον,
1266 1820 1334 1877 ὡς
1395 1814 1452 1868 δὲ
1511 1820 1636 1875 Θεὸς
1679 1820 1767 1866 καὶ
1806 1813 1956 1873 αύτός

1994 1882 2037 1935 Β

349 2001 499 2064 ξατο.
557 1998 691 2049 Ἀλλ’
748 1997 793 2048 ἐν
852 1999 1052 2057 τούτοις
1105 1999 1194 2067 μὲν
1252 1997 1314 2047 τά
1360 2003 1453 2056 τῆς
1502 1994 1792 2053 ὑποθέσεως
1827 1992 1955 2064 ἐφ’ᾖ

1171 2090 1260 2136 καὶ
1292 2085 1425 2135 οὕτω
1469 2080 1548 2135 δεῖ
1606 2088 1800 2155 φρονεῖν
1842 2085 1961 2141 τούς

348 2188 446 2241 τῆς
489 2176 801 2236 Ἐκκλησίας
855 2180 1137 2250 τροφίμους
1187 2176 1255 2235 ὡς
1309 2182 1402 2234 τῆς
1450 2168 1680 2245 Τριαὸος
1733 2190 1963 2244 προσκυ-

346 2269 533 2327 νητάς
588 2270 676 2318 καὶ
729 2264 842 2316 κατ’
896 2262 1071 2336 ἀρχὴν
1121 2261 1204 2313 ἐπὶ
1261 2270 1351 2312 του
1402 2266 1719 2313 Δεσποτικοῦ
1769 2261 1963 2320 πάθους

348 2362 438 2409 τόν
476 2357 801 2429 Θεανθρωπον
848 2358 1015 2423 Λόγον
1078 2356 1136 2404 τὸ
1204 2357 1462 2423 σωτήριον
1531 2352 1670 2421 θύμα
1748 2367 1963 2423 προσεν-

348 2454 519 2518 εγκεῖν
576 2452 647 2514 τῷ
708 2446 876 2516 Πατρί
938 2462 992 2494 τε
1046 2446 1136 2492 καὶ
1189 2441 1355 2511 ἐαυτῷ
1435 2444 1498 2499 ως
1579 2446 1691 2509 Θεῷ
1749 2443 1837 2489 καὶ
1894 2445 1965 2507 τῷ

357 2539 665 2607 Πνεύματι⁶
700 2533 821 2607 παρ’
864 2533 931 2582 ὧν
978 2530 1079 2582 κὰκ
1131 2538 1221 2582 τού
1281 2534 1351 2602 μὴ
1410 2534 1549 2589 ὄντος
1600 2525 1665 2587 εἷς
1729 2532 1787 2579 τό
1838 2528 1963 2578 εἶναι

347 2626 613 2697 παρήχθη
682 2624 707 2674 ό
775 2623 1082 2696 ἄνθρωπος·
1156 2621 1229 2679 οἷς
1290 2634 1380 2670 και
1459 2621 1810 2693 προσέπταισε
1871 2621 1964 2673 τὴν

353 2713 565 2770 ἐντολήν
632 2710 873 2785 παραϐάς
906 2731 918 2744 ·
999 2711 1074 2771 οἷς
1148 2714 1239 2761 καὶ
1301 2704 1395 2759 διὰ
1450 2715 1541 2759 τοῦ
1615 2708 1810 2766 πάθους
1874 2712 1965 2757 τοῦ

356 2802 599 2877 Χριστοῦ
653 2800 1050 2872 καταλλαγημα·
1105 2797 1233 2850 ἀλλὰ
1293 2802 1383 2849 καὶ
1424 2804 1512 2848 νῦν
1570 2798 1817 2857 ὡσαύτως
1874 2797 1967 2855 τὰς

355 2892 711 2964 ἀναιμάκτους
771 2892 955 2951 θυσίας
1034 2896 1095 2960 τῇ
1173 2887 1450 2959 παντελείῳ
1513 2890 1602 2937 καὶ
1671 2885 1965 2954 τελειοποιῷ

353 2978 553 3057 Τριαδι
602 2981 989 3053 προσάγεσθαι,
1034 2982 1124 3030 καὶ
1178 2980 1373 3035 ταύτην
1448 2978 1643 3037 ταύτας
1698 2993 1966 3049 προσαπο-

358 3069 643 3144 δέχεσθαι.

431 3162 581 3213 Ἐπεὶ
652 3155 711 3213 δε
786 3158 880 3211 ούκ
920 3154 981 3215 ἦν
1040 3164 1133 3209 τού
1182 3155 1439 3230 βασιλέως
1500 3142 1854 3228 μεγαλονοίας,
1909 3151 1967 3205 ού

2056 361 2181 415 LIB.
2222 362 2399 417 XXIV.
3605 358 3704 415 186

2056 485 2308 539 rentium
2343 488 2523 556 caput
2553 489 2658 540 est.
2707 486 2934 556 Corpus
2964 483 3122 538 enim
3168 497 3345 536 suum
3377 478 3703 535 Ecclesiam

2055 572 2335 643 appellat.
2362 575 2425 627 Et
2473 573 2768 628 sacrificat
2794 572 3038 645 quidem
3086 577 3150 626 ut
3202 570 3409 636 homo,
3442 567 3702 623 hostiam

2055 675 2199 714 vero
2232 660 2441 733 recipit
2468 668 2530 716 ut
2562 664 2736 717 Deus.

1460 754 1633 800 καίτοι
1688 744 1853 819 μηδὲν
1903 747 2060 807 αὑτὸς
2106 754 2431 824 προσφέρων,
2511 750 2638 802 ἀλλὰ
2710 759 2809 802 τῶν
2884 753 3277 823 προσφερόντων
3320 745 3511 819 κεφαλὴ
3567 764 3706 816 χφης

689 850 842 913 σῶμα
906 843 1004 911 γὰρ
1082 838 1266 891 ἑαυτοῦ
1343 844 1463 896 την
1494 837 1808 895 Ἐκκλησίαν
1855 834 2001 887 καλεῖ
2032 856 2045 869 ο

2113 843 2202 890 καὶ
2264 838 2509 911 ἰερατεύει
2556 844 2645 913 μὲν
2721 840 2787 901 ὠς
2864 841 3154 913 ἄνθρωπος,
3232 834 3447 908 δέχεται
3513 833 3572 887 δὲ
3644 836 3709 885 τὰ

2131 1022 2324 1076 Pauca
2352 1020 2480 1076 haec
2512 1021 2585 1077 de
2631 1019 2829 1075 multis
2873 1036 2945 1075 ex
2993 1018 3145 1074 divis
3195 1015 3464 1071 Patribus
3511 1014 3711 1070 decer-

2058 1116 2266 1183 pentes
2297 1111 2374 1165 ad
2406 1110 2740 1166 evidentem
2795 1108 3058 1164 veritatis
3109 1104 3707 1173 demonstrationem,

2059 1203 2120 1258 in
2164 1203 2325 1257 hunc
2356 1200 2856 1257 commentarium
2887 1196 3270 1263 inseruimus,
3311 1193 3712 1266 prolixitatem

2060 1292 2382 1347 verborum
2414 1292 2689 1347 vitantes.
2735 1287 2955 1345 Licebit
2997 1290 3205 1355 autem;
3242 1283 3561 1339 lucubrare
3607 1296 3712 1337 vo-

2060 1381 2339 1449 lentibus,
2373 1397 2441 1435 ex
2482 1380 2610 1435 aliis
2640 1393 2884 1450 quoque
2915 1374 3226 1449 permultis
3255 1373 3402 1429 locis
3436 1370 3714 1440 colligere

2063 1474 2217 1526 sacri
2246 1470 2549 1539 dogmatis
2578 1465 3143 1524 demonstrationes.
3174 1465 3317 1518 Cum
3350 1462 3526 1531 igitur
3555 1458 3718 1532 pleni

2067 1564 2183 1617 Deo
2215 1564 2413 1615 Patres
2446 1563 2568 1614 tam
2601 1556 2977 1613 concorditer
3005 1554 3079 1609 de
3119 1553 3233 1609 hac
3277 1568 3339 1607 re
3368 1550 3715 1623 loquantur,

2066 1649 2268 1722 palam
2300 1653 2391 1704 est
2420 1647 2584 1720 quod
2616 1663 2756 1702 cum
2789 1644 3056 1702 Christus
3091 1640 3378 1697 Dominus
3417 1654 3480 1693 se
3515 1638 3717 1709 ipsum

2066 1743 2278 1812 sponte
2310 1738 2601 1795 sacriﬁcio
2648 1735 2881 1797 obtulit.
2914 1738 3212 1806 quatenus
3244 1729 3490 1803 quidem
3533 1729 3719 1784 homo

2067 1834 2213 1893 erat,
2242 1844 2304 1884 se
2358 1827 2615 1891 obtulit;
2665 1829 2962 1897 quatenus
3008 1838 3151 1877 vero
3184 1824 3358 1889 Deus,
3390 1820 3521 1891 ipse
3568 1832 3719 1889 quo-

2067 1936 2185 1992 que
2216 1935 2355 1973 cum
2386 1920 2555 1973 Patre
2587 1920 2643 1971 et
2676 1914 2894 1987 Spiritu
2946 1912 3204 1968 hostiam
3258 1909 3497 1981 recepit.
3530 1911 3721 1979 Atque

2068 2009 2128 2064 in
2155 2008 2267 2064 hoc
2293 2006 2607 2080 proposita
2630 2003 2885 2077 quaestio
2916 2003 3181 2068 vertitur,
3214 2000 3387 2067 cuius
3419 2012 3603 2054 causa
3627 2011 3721 2050 su-

2067 2098 2301 2171 periore
2354 2111 2597 2169 quoque
2650 2099 2918 2165 tempore
2952 2090 3300 2159 congregati
3348 2087 3593 2143 fuimus.
3630 2084 3723 2142 Sic

2072 2192 2269 2243 autem
2303 2185 2551 2241 omnino
2584 2182 2821 2240 credere
2852 2183 3083 2253 oportet
3128 2178 3399 2234 Ecclesiae
3445 2175 3724 2231 alumnos

2070 2281 2128 2332 et
2157 2275 2449 2332 Trinitatis
2480 2273 2736 2329 cultores
2771 2289 2783 2327 :
2824 2285 3043 2342 nempe
3074 2274 3132 2325 et
3155 2268 3297 2325 olim
3325 2266 3383 2322 in
3436 2264 3723 2321 Passione

2071 2364 2383 2422 Dominica
2432 2362 2693 2419 Verbum
2740 2360 3210 2430 theanthropum
3250 2356 3577 2411 salutarem
3607 2353 3722 2409 ho-

2073 2455 2250 2510 stiam
2273 2453 2617 2509 exhibuisse
2641 2457 2767 2506 tum
2796 2449 2967 2515 Patri,
3002 2452 3129 2504 tum
3183 2445 3297 2518 ipsi
3329 2444 3442 2499 sibi
3474 2442 3556 2498 uti
3606 2444 3725 2499 Deo

2072 2561 2183 2601 nec
2213 2558 2335 2598 non
2368 2541 2608 2610 Spiritui
2642 2557 2654 2595 :
2705 2556 2739 2597 a
2765 2538 2987 2613 quibus
3018 2554 3089 2593 ex
3122 2534 3306 2591 nihilo
3346 2532 3424 2590 ad
3468 2532 3725 2588 existen-

2073 2633 2222 2689 dum
2265 2631 2598 2705 productus
2654 2632 2746 2685 est
2785 2629 3005 2693 homo;
3037 2642 3192 2699 quos
3222 2625 3350 2696 ipse
3387 2626 3726 2690 transgres-

2076 2725 2244 2780 sione
2291 2738 2405 2778 sua
2451 2719 2729 2787 oti‘endit;
2762 2717 2985 2791 quibus
3036 2714 3298 2786 denique
3353 2727 3461 2784 per
3515 2708 3729 2767 Christi

2074 2812 2425 2887 passionem
2469 2807 2886 2866 reconciliatus
2934 2805 3060 2862 fuit.
3096 2805 3221 2859 Imo
3268 2816 3431 2858 nunc
3483 2813 3729 2872 quoque

2073 2904 2417 2960 incruentas
2464 2899 2696 2956 hostias
2756 2894 3027 2953 creatrici
3080 2908 3280 2949 rerum
3342 2889 3617 2947 omnium
3673 2890 3731 2943 et

2076 2990 2322 3048 auctrici
2351 2987 2615 3046 Trinitati
2644 3001 2855 3059 reapse
2886 2983 3106 3053 offerri,
3136 2996 3363 3054 easque
3394 2979 3473 3035 ab
3516 2975 3731 3034 eadem

2073 3082 2279 3154 recipi.

2150 3170 2451 3237 Quoniam
2479 3184 2621 3225 vero
2651 3166 2781 3223 ﬁeri
2812 3180 2935 3222 non
2966 3167 3204 3236 poterat
3235 3160 3382 3234 quin
3413 3154 3732 3228 magnani-

359 3256 467 3324 μὴν
517 3246 642 3302 οὐδὲ
680 3257 773 3309 τῆς
827 3247 949 3299 καθ’
1000 3249 1138 3319 ἡμᾶς
1197 3243 1481 3318 ἁδελφικῆς
1536 3253 1805 3317 συμπνοῆς
1880 3247 1969 3294 xui
2007 3238 2048 3295 C
2078 3278 2128 3318 ω

1964 3268 1969 3294 ι
2007 3238 2048 3295 C
2078 3278 2215 3318 mus
2243 3260 2593 3333 imperator,
2625 3258 2888 3328 itemque
2935 3258 3145 3309 nostra
3193 3265 3443 3307 concors
3500 3263 3571 3303 ac
3614 3245 3733 3302 fra-

358 3345 629 3413 όριονοίας,
686 3341 743 3390 τὸ
800 3340 872 3410 μὴ
930 3341 1020 3387 καὶ
1076 3339 1193 3396 τούς
1262 3337 1485 3409 σπορέὰς
1548 3341 1647 3385 τῶν
1725 3333 1970 3394 ζιζανίων

360 3430 596 3484 σπεῦσαι
648 3428 817 3480 πάντα
876 3430 1063 3497 τρόπον
1119 3424 1451 3497 ἐφευρεθῆναί
1488 3427 1578 3475 καὶ
1634 3421 1971 3495 ἐλεγχθῆναι,

358 3524 419 3573 τό
471 3518 660 3591 φαῦλον
718 3524 872 3569 τοῦτο
922 3520 1011 3568 καὶ
1066 3511 1365 3574 ἀκανθῶδες
1412 3516 1618 3589 σπέρμα
1647 3520 1719 3582 τῷ
1758 3514 1972 3587 καθαρῷ

357 3620 457 3672 τῆς
523 3606 783 3668 εὐσεϐείας
882 3611 1011 3677 σίτῳ
1101 3603 1569 3676 ἐγκαταμίξαντας,
1634 3606 1722 3653 καὶ
1801 3600 1973 3673 λόγοις

361 3699 667 3759 ἀλλοκότοις
751 3695 1145 3769 ἐπιχειροῦντας
1220 3692 1628 3753 κατασκευάζειν
1724 3692 1804 3742 ὅτι
1876 3698 1972 3751 τῆς

360 3792 657 3861 Νεστορίου
696 3786 899 3847 λύσσης
949 3782 1062 3836 ἐστι
1104 3782 1511 3858 παραπλήρωμα
1564 3784 1620 3833 τὸ
1693 3782 1835 3856 παρὰ
1878 3789 1974 3842 τῆς

364 3878 681 3938 Ἐκκλησίας
740 3870 1032 3949 όρθοδόξως
1099 3868 1569 3945 δογματιζόμενον,
1620 3872 1687 3931 ὡς
1749 3870 1816 3931 εἰς
1877 3866 1973 3922 δύο

362 3971 655 4044 Χριστούς,
710 3964 876 4038 βαϐαὶ
931 3972 1022 4024 τῆς
1076 3963 1359 4024 ἀπονοίαςῑ
1429 3961 1691 4034 οἰομένους
1747 3958 1973 4012 ἐντεῦθεν

365 4057 697 4133 διαιρεῖσθαι
725 4060 811 4109 τόν
854 4056 1179 4129 θεάνθρωπον
1222 4055 1432 4125 Κύριον,
1491 4050 1564 4124 ἐφ’
1625 4053 1702 4112 οἷς
1759 4052 1784 4102 ό
1824 4070 1974 4122 μονο-

363 4153 520 4220 γενὴς
555 4147 677 4208 Υἱός
730 4139 827 4198 καὶ⁸
887 4148 1057 4217 Λόγος
1104 4150 1196 4196 τοῦ
1244 4146 1371 4195 Θεοῦ
1419 4139 1542 4213 παρ’
1580 4142 1724 4214 ἡμῶν
1773 4160 1976 4212 καταγ-

362 4237 605 4309 γέλλεται
653 4239 962 4309 προσφέρειν
1011 4236 1101 4306 μὲν
1168 4235 1232 4293 ὡς
1282 4233 1575 4307 ἄνθρωπος,
1607 4233 1677 4290 ὡς
1729 4226 1788 4282 δὲ
1848 4233 1977 4291 Θεὸς

364 4332 459 4379 καὶ
524 4322 946 4401 προσδεχεσθαι·
1004 4318 1188 4380 ἐδέησε
1252 4320 1429 4373 λοιπόν
1501 4316 1593 4371 διὰ
1668 4326 1836 4370 ταῦτα
1886 4323 1977 4370 καὶ

365 4418 512 4489 ὑμῶν
566 4424 659 4468 τοῦ
723 4414 842 4467 καθ’
899 4415 985 4466 ἕνα
1038 4413 1320 4477 πυθέσθαι,
1389 4412 1523 4470 ὅπως
1583 4410 1799 4470 ἕκαστος
1865 4413 1978 4481 ἔχει

364 4511 490 4579 περὶ
518 4508 703 4558 τούτου
741 4509 1086 4580 φρονήματος·
1128 4507 1214 4555 ναὶ
1264 4497 1331 4559 δὴ
1384 4504 1474 4553 καὶ
1530 4502 1724 4552 τούτων
1792 4500 1977 4551 ὁπόσοι

2082 3356 2245 3408 terna
2303 3353 2564 3415 caterva,
2596 3346 2814 3403 horum
2878 3342 3238 3400 zizaniorum
3284 3344 3514 3396 satores
3568 3333 3736 3391 omni

2081 3440 2279 3496 studio
2307 3438 2583 3510 detegere
2613 3440 2793 3509 atque
2822 3448 3073 3505 arguere
3100 3432 3355 3497 curaret,
3383 3427 3487 3500 qui
3516 3438 3736 3496 nempe

2081 3529 2310 3586 malum
2338 3528 2453 3584 hoc
2498 3526 2937 3600 spinosumque
2978 3535 3185 3578 semen
3216 3515 3589 3576 orthodoxiae
3619 3514 3739 3569 fru-

2081 3622 2286 3676 mento
2338 3616 2845 3686 immiscuerunt;
2905 3610 3310 3682 absurdisque
3360 3603 3737 3663 sermonibus

2082 3709 2216 3766 ausi
2248 3711 2387 3764 sunt
2426 3706 2642 3771 dicere,
2671 3702 2839 3778 quod
2895 3707 3126 3759 rectum
3184 3697 3456 3755 Ecclesiae
3512 3695 3741 3764 dogma

2082 3798 2444 3856 Nestorianaa
2464 3794 2723 3853 vesaniae
2750 3792 3231 3849 additamentum
3263 3787 3371 3856 sit;
3402 3785 3546 3859 quia
3572 3782 3738 3839 vide-

2083 3887 2218 3943 licet
2251 3890 2487 3960 putant,
2518 3883 2695 3957 quasi
2750 3882 2811 3938 in
2867 3881 3021 3937 duos
3053 3878 3320 3937 Christos
3379 3876 3544 3947 (hem
3572 3887 3743 3929 vesa-

2083 3976 2249 4032 niam
2279 3976 2315 4044 l)
2347 3975 2463 4030 isto
2492 3972 2677 4029 modo
2716 3969 2904 4027 dividi
2948 3969 3377 4038 theantropum
3404 3961 3740 4028 hominem,

2085 4064 2233 4121 dum
2259 4063 2604 4134 unigenitus
2632 4060 2808 4117 Filius
2838 4064 2896 4115 et
2924 4057 3183 4115 Verbum
3218 4053 3317 4111 Dei
3335 4069 3371 4110 a
3390 4051 3567 4109 nobis
3597 4049 3743 4106 dici—

2087 4160 2182 4212 tur
2211 4154 2423 4211 offerre
2462 4151 2710 4226 quidem
2740 4154 2806 4207 ut
2845 4150 3052 4214 homo,
3084 4146 3346 4219 recipere
3397 4158 3540 4198 vero
3590 4155 3743 4212 qua-

2086 4250 2261 4302 tenus
2310 4246 2505 4311 Deus;
2561 4242 2847 4315 quocirca
2892 4236 3123 4311 optavit
3164 4236 3513 4307 imperator,
3535 4234 3604 4286 ut
3627 4229 3747 4285 sin-

2087 4335 2211 4407 guli
2237 4338 2504 4391 vestrum
2552 4333 2909 4402 rogarentur
2952 4328 3026 4384 de
3082 4327 3195 4382 hac
3238 4339 3301 4380 re
3359 4320 3742 4385 sententiam,

2087 4440 2325 4481 necnon
2357 4423 2705 4497 quicunque
2727 4420 2911 4491 hujus
2952 4414 3194 4473 concilii
3222 4411 3544 4487 participes
3583 4411 3746 4477 sunt,

2089 4515 2137 4570 si
2169 4515 2353 4571 modo
2395 4516 2513 4569 sint
2541 4512 2771 4569 honore
2815 4508 3172 4565 diaconatus
3214 4500 3470 4577 praediti,
3499 4501 3749 4556 interro-

365 4604 462 4650 τοῦ
528 4594 782 4667 συλλόγου
835 4598 989 4670 μέρος
1068 4592 1228 4663 ὄντες,
1278 4595 1368 4644 xui
1422 4590 1653 4642 οὗτοιτὸ
1710 4592 1880 4663 τίμιον
1929 4587 1977 4641 ἓν
2010 4596 2054 4650 D
2089 4620 2134 4675 Β(

2010 4596 2054 4650 Ι)
2089 4609 2324 4675 gentur.
2351 4606 2500 4660 Tum
2530 4601 2776 4675 quidem
2804 4615 2944 4656 cum
2986 4595 3198 4669 reliqui
3229 4608 3442 4650 omnes
3490 4590 3749 4664 honora-

368 4684 637 4747 διακόνοις
737 4684 1187 4747 συνεξετάζόνται.
1260 4681 1415 4734 Ἀ).λὰ
1502 4689 1601 4733 τῶν
1666 4682 1758 4753 μὶν
1816 4679 1978 4732 ὀᾶλων

370 4778 614 4831 ἁπάντων
654 4775 870 4850 ἐντίμων
914 4772 1169 4828 διακόνων
1210 4775 1326 4826 ὅσοι
1375 4780 1447 4845 τῷ
1502 4770 1755 4845 βασιλείῳ
1814 4774 1980 4842 τούτῳ

368 4874 463 4921 καὶ
499 4870 617 4941 ἱερῷ
650 4872 1004 4942 παρίστανται
1036 4864 1242 4939 βήματι
1274 4865 1388 4936 ’μιᾷ
1427 4861 1588 4935 ψυχῇ
1639 4866 1729 4913 xui
1776 4860 1977 4934 γλώττῃ

371 4959 806 5031 συμφρονούντων
855 4960 945 5009 καὶ
1004 4953 1489 5028 συνομολογούντων
1547 4953 1615 5003 τὰ
1668 4947 1978 5022 δεδογμένα,

368 5050 395 5100 ό
436 5051 540 5099 τῶν
592 5045 887 5099 ἀποστόλων
942 5041 1269 5105 διδάσκαλος
1332 5045 1627 5116 Νικηφόρος
1675 5041 1701 5093 ὁ
1758 5039 1981 5093 Βασιλοί-

367 5158 465 5198 κης
498 5138 633 5209 (’25).
663 5137 855 5189 αύτίκα
908 5135 1023 5189 κατ’
1069 5134 1245 5209 ἀρχὰς
1296 5142 1389 5194 τῆς
1446 5135 1592 5205 ἡμῶν
1645 5134 1982 5191 συνελεύσεως

368 5229 440 5288 εἰς
499 5229 659 5299 μαῖον
724 5232 947 5303 τήμερον
1000 5226 1183 5279 ἑαυτὸν
1238 5222 1491 5298 ἐμϐαλὼν,
1532 5221 1691 5275 πολύν
1746 5220 1981 5296 ἀρχῆθεν

370 5319 661 5376 ἐποιήσατο
708 5320 792 5371 τόν
855 5317 1161 5389 κατάλογον,
1213 5314 1261 5368 ἐν
1309 5316 1524 5386 ὑπηκόῳ
1582 5315 1785 5367 πάντων
1842 5313 1982 5385 ὑφη-

366 5409 670 5482 γησάμενος
708 5410 767 5461 τό
823 5410 1091 5482 συμπεσὸν
1136 5405 1274 5478 αύτῷ
1328 5408 1494 5459 αἴτιον
1546 5412 1640 5467 τῆς
1684 5408 1803 5477 περὶ
1860 5397 1984 5475 δόγ-

441 5586 565 5659 (25)
597 5584 881 5657 Basilacis
935 5586 1123 5660 hujus
1178 5585 1513 5660 ethoposias
1536 5599 1642 5643 seu
1682 5582 1987 5641 declama-

364 5676 570 5735 tiones
594 5674 827 5752 aliquot
867 5676 1056 5737 edidit
1092 5678 1210 5738 Leo
1246 5675 1497 5737 Allatius
1526 5676 1593 5735 in
1639 5674 1763 5734 suis
1790 5673 1986 5733 rheto-

2087 4695 2237 4754 biles
2250 4694 2508 4761 diaconi,
2531 4694 2830 4766 quotquot
2847 4688 3035 4761 regali
3054 4687 3194 4744 huic
3217 4697 3510 4756 sacroque
3532 4680 3749 4738 throno

2089 4790 2311 4852 astant,
2340 4800 2463 4841 uno
2493 4783 2699 4841 animo
2732 4798 2801 4838 ac
2841 4796 2984 4837 voce
3015 4778 3243 4849 dogma
3290 4774 3352 4831 id
3399 4771 3752 4830 conﬁteren-

2092 4881 2186 4933 tur
2215 4876 2388 4947 eique
2415 4873 2844 4941 consentirent,
2876 4868 3153 4927 Nicolaus
3183 4865 3478 4924 Basilaces
3500 4866 3749 4936 aposto-

2089 4966 2344 5023 licarum
2395 4965 2721 5021 lectionum
2764 4961 3075 5032 magister,
3111 4957 3311 5014 statim
3364 4954 3533 5011 initio
3563 4948 3754 5009 nostri

2092 5072 2471 5128 congressus,
2505 5059 2563 5112 et
2591 5054 2769 5111 hodie
2796 5052 2979 5109 etiam
3017 5050 3080 5106 in
3109 5046 3380 5105 medium
3411 5042 3751 5119 prosiliens,

2090 5147 2343 5217 longum
2375 5144 2485 5202 abs
2537 5144 2623 5201 rei
2663 5143 2830 5199 initio
2869 5141 3194 5198 verborum
3227 5137 3526 5194 ambitum
3553 5149 3748 5201 orsus,

2093 5238 2323 5296 cunctis
2367 5235 2753 5294 audientibus
2811 5232 3075 5291 rationes
3133 5228 3414 5303 exposuit
3492 5240 3754 5299 quarum

2094 5345 2280 5385 causa
2337 5328 2413 5384 de
2464 5327 2581 5384 hoc
2619 5325 2904 5397 dogmate
2962 5320 3330 5389 dubitabat;
3383 5316 3628 5374 omnino
3658 5314 3755 5370 his

2092 5434 2232 5492 quae
2268 5417 2415 5474 dixit
2440 5415 2814 5489 signiﬁcans;
2847 5428 2909 5470 se
2938 5412 3274 5487 principem
3327 5408 3460 5480 ejus
3519 5403 3757 5462 discidii

2092 5613 2231 5728 riturtn
2259 5594 2592 5726 1Eﬁféerptis.
2642 5594 2820 5651 Manu
2878 5589 3133 5664 scriptas
3186 5600 3300 5658 ego
3349 5582 3474 5640 vidi
3516 5581 3579 5638 in
3617 5578 3753 5639 cod.

2141 5687 2178 5728 a
2209 5711 2221 5725 .
2400 5710 2414 5722 .
2594 5696 2598 5700 ~

2141 5687 2221 5729 3L
2259 5687 2414 5726 ιιιυν.
2594 5696 2598 5700 '
