4480 6430
780 395 883 452 187

2111 402 2156 457 Ν
2162 399 2384 458 ΙΟΕΤΑΞ
2433 400 2803 459 CHONIAT/E

4035 413 4138 468 188

777 518 963 575 fuisse
997 536 1010 574 :
1049 519 1307 593 ideoque
1332 521 1393 577 id
1419 521 1646 592 dogma
1694 539 1730 580 a
1762 539 1822 580 se
1848 539 2077 581 novum
2127 525 2436 582 existima-
2463 527 2510 582 Α
2544 584 2546 597 Α

2366 541 2436 582 a-
2463 527 2510 582 Α
2544 545 2709 598 ματος
2771 528 2959 579 τούτου
2996 527 3307 601 ἀμφιϐολίας
3337 547 3351 561 ·
3398 536 3487 583 καὶ
3507 525 3600 583 διὰ
3661 532 3763 584 πάν
3792 552 3889 584 των
3967 533 4018 596 ἐξ
4067 531 4133 585 ὧν

781 612 931 677 tum,
959 624 1208 681 prorsus
1237 611 1395 667 nolle
1428 612 1767 668 admittere.

852 966 988 1022 Jam
1019 981 1160 1023 vero
1211 983 1350 1024 cum
1403 983 1514 1024 nos
1564 966 1686 1024 duo
1718 968 2073 1040 patriarchae
2103 969 2164 1024 in
2190 968 2305 1024 hoc
2329 968 2440 1025 do-

785 1059 986 1123 gmate
1009 1058 1508 1126 consentiremus,
1532 1072 1770 1113 necnon
1797 1062 1853 1113 et
1871 1073 1984 1113 nos
2005 1057 2443 1129 archiepiscopi

784 1143 1076 1214 Bulgariae
1136 1150 1193 1201 et
1224 1147 1421 1218 Cypri,
1463 1147 1780 1219 caeterique
1823 1163 2035 1202 omnes
2089 1146 2148 1201 in
2202 1146 2443 1219 synodo

783 1232 1050 1305 episcopi
1105 1235 1455 1290 unanimem
1521 1235 1879 1292 sententiam
1934 1236 2175 1292 nemine
2227 1236 2446 1291 discre-

782 1326 965 1393 pante
1001 1326 1362 1391 teneremus,
1395 1339 1639 1380 necesse
1669 1324 1778 1380 fuit
1807 1325 1986 1380 etiam
2020 1325 2272 1381 electum
2300 1323 2443 1380 civi—

783 1411 922 1467 tatis
969 1412 1070 1468 Dei
1128 1413 1454 1469 Antiochiae
1502 1429 1742 1484 magnae
1795 1415 2196 1487 patriarcham
2229 1414 2445 1477 Soteri-

787 1499 994 1570 chum,
1019 1501 1125 1572 qui
1145 1501 1466 1558 nobiscum
1491 1503 2187 1576 considebat,propriam
2213 1508 2446 1559 senten-

785 1588 930 1644 tiam
961 1603 1197 1659 rogare.
1246 1594 1394 1646 Tum
1429 1607 1595 1660 vero,
1622 1592 1789 1663 quod
1819 1592 2225 1663 qumrebatur,
2257 1591 2449 1648 mani-

785 1676 936 1732 feste
968 1683 1344 1750 compertum
1376 1685 1487 1735 est.
1531 1683 1582 1734 ls
1613 1680 1772 1736 enim
1820 1681 2005 1736 modo
2035 1685 2274 1753 tempus
2312 1696 2450 1754 pos-

790 1765 966 1822 cebat
1017 1767 1442 1825 considerandi
1490 1774 1627 1826 ante
1658 1786 2040 1842 responsum,
2084 1771 2260 1843 quasi
2307 1785 2448 1827 vero

2547 612 2653 667 εἶπε
2706 611 2912 677 δεικνύς
2969 618 3047 668 ὅτι
3107 626 3306 682 πρῶτος
3372 620 3524 680 αὐτὸς
3589 618 3671 673 ἐπὶ
3719 623 3885 693 τούτῳ
3945 620 4152 693 ὴγάνάέ

2544 721 2756 769 κτησεν,
2813 706 2881 765 ὡς
2913 707 3089 777 ἔφησε·
3149 714 3219 758 τῶ
3259 726 3340 759 τοι
3399 712 3488 759 καὶ
3545 709 3614 770 ὠς
3672 712 3967 782 καινοφανὶς
4015 710 4141 763 αὐτὸ

2546 791 2896 864 λογιζόμενος,
2969 794 3096 855 ὅλως
3168 803 3321 848 τοῦτο

2550 882 2694 934 σθαα

3425 795 3518 848 ούκ
3619 797 3648 856 ἢ
3661 797 3767 850 θελε
3839 795 4139 873 παραδέχε-

2622 971 2761 1021 ⁹Επεὶ
2820 965 2879 1022 δὲ
2930 978 3028 1022 τῶν
3088 968 3184 1024 δύο
3253 982 3598 1048 πατριαρχῶν
3660 976 3801 1047 ἡμων
3872 976 4144 1049 ὁμοφωνως

2548 1055 3012 1130 γνωμοδοτούντων
3078 1064 3143 1113 τὰ
3201 1067 3318 1136 περὶ
3385 1065 3592 1132 τούτου,
3653 1062 3788 1115 ἀλλὰ
3845 1069 3934 1116 καὶ
4001 1067 4143 1137 ὴμῶν

2549 1153 2649 1197 τῶν
2731 1144 3182 1218 ἀρχιεπισκόπων,
3241 1156 3333 1201 τοῦ
3398 1170 3452 1203 τε
3521 1150 3837 1227 Βουλγαρίας
3890 1157 3980 1206 καὶ
4053 1159 4146 1206 τοῦ

2553 1238 2785 1308 Κύπρου,
2812 1241 2902 1288 καὶ
2949 1245 3042 1297 τῆς
3104 1237 3288 1300 λοιπῆς
3329 1241 3474 1312 ἡμῶν
3526 1248 3624 1292 τῶν
3687 1240 3972 1315 ἀρχιερέων
4015 1244 4147 1314 όμη-

2551 1326 2749 1398 γύρεως
2790 1324 2862 1387 εἰς
2929 1330 3054 1397 μίαν
3109 1333 3320 1399 γνώμην
3391 1334 3803 1403 συνερχομένων,
3869 1336 3959 1383 καὶ
4015 1332 4150 1383 κατὰ

2554 1409 2720 1485 μηδέν
2771 1433 2823 1464 τι
2852 1419 2970 1487 περὶ
3019 1417 3202 1467 τὸύτου
3269 1414 3648 1491 διαφερομένων
3695 1421 3827 1494 πρὸς
3878 1418 4149 1485 ἀλλήλους,

2555 1499 2660 1554 ἔδει
2722 1507 2812 1555 καὶ
2866 1506 2954 1555 τὸν
3011 1503 3309 1576 ύποψήφιον
3398 1509 3737 1582 πατριάρχην
3826 1509 4155 1568 Θεουπόλεως

2554 1590 2785 1663 μεγάλης
2848 1591 3171 1664 Ἀντιοχείας
3242 1599 3544 1670 Σωτήριχον
3593 1597 3657 1657 ὡς
3745 1594 4157 1670 συνεδριάζοντα

2555 1684 2645 1732 καὶ
2701 1688 2881 1733 τοῦτον
2944 1681 3284 1755 ἐρωτηθῆναιο
3359 1683 3580 1737 ἐνταῦθα
3617 1685 3809 1758 μᾶλλον
3895 1684 3957 1745 ἧν
4025 1683 4154 1739 ἰδεῖν

2553 1773 2610 1822 τὸ
2665 1770 2978 1842 ζητούμενον
3027 1771 3430 1847 εὑρισκόμενον·
3499 1781 3586 1826 νῦν
3651 1777 3741 1847 μὲν
3805 1776 3907 1851 γὰρ
3972 1778 4154 1850 καιρὸν

786 1858 955 1948 tanta
1000 1857 1713 1948 temporisiintercapedo
1755 1863 1887 1948 post
1934 1859 2116 1930 hujus
2159 1860 2449 1915 adversus
2477 1875 2527 1948 β

2383 1876 2449 1914 us
2477 1875 2527 1948 β
2557 1857 2724 1921 ἐζήτει
2756 1856 3083 1931 διασκέψεως
3121 1865 3251 1935 πρὸς
3317 1861 3614 1938 ἀπόκρισιν,
3668 1867 3732 1924 ὡς
3787 1864 3845 1917 ού
3898 1868 4152 1917 τοσούτου

786 1944 1085 2000 Christum
1123 1945 1518 2019 blasphemiae
1547 1947 1804 2014 initium,
1837 1947 1950 2020 ipsi
1990 1948 2157 2004 haud
2185 1948 2450 2004 suffecis-

785 2037 874 2090 set
904 2034 984 2090 ad
1016 2035 1147 2090 sani
1175 2035 1476 2106 dogmatis
1516 2037 1961 2108 cognitionem;
2020 2038 2204 2094 modo
2247 2043 2447 2094 autem

786 2122 907 2179 alia
937 2127 1116 2196 atque
1135 2125 1251 2181 alia
1275 2141 1493 2198 parum
1521 2127 1634 2182 sibi
1656 2127 1993 2183 constantia
2016 2127 2444 2199 respondebat.

782 2213 936 2282 Ergo
967 2213 1148 2270 hodie
1177 2215 1579 2285 interrogatus
1610 2232 1646 2272 a
1671 2217 1872 2287 nobis,
1913 2220 2117 2271 utrum
2148 2217 2449 2272 existima-

781 2307 870 2358 ret
890 2302 1086 2359 beatae
1122 2305 1389 2361 Trinitati
1435 2305 1795 2377 sacrificium
1842 2310 1897 2362 et
1927 2306 2069 2362 olim
2118 2306 2303 2361 fuisse
2347 2305 2453 2362 ob-

783 2390 974 2447 latum
1019 2398 1076 2449 et
1101 2409 1264 2449 nunc
1313 2396 1490 2451 etiam
1524 2395 1747 2461 offerri,
1801 2400 1866 2450 ut
1918 2395 2192 2467 superior
2247 2399 2453 2450 nostra

783 2481 1106 2554 explicavit
1131 2485 1347 2547 oratio,
1377 2501 1457 2540 an
1504 2485 1702 2558 potius
1735 2485 1848 2541 soli
1887 2486 2040 2541 Patri
2080 2484 2262 2540 fuisse
2289 2485 2454 2541 obla-

783 2575 963 2639 tum;
1020 2588 1217 2645 neque
1272 2573 1381 2629 soli
1421 2575 1576 2630 Patri
1627 2575 1941 2646 respondit
1988 2574 2206 2641 offerri,
2255 2589 2453 2646 neque

783 2676 908 2717 non
939 2662 1071 2717 soli.
1107 2663 1412 2719 Interdum
1454 2664 1534 2719 ad
1565 2664 1866 2720 absurdas
1903 2665 2226 2720 sententias
2256 2664 2452 2719 diver-

784 2750 1015 2820 tebat;
1099 2767 1242 2808 nam
1323 2753 1635 2810 vocabula;
1711 2754 1944 2823 offerre,
2007 2752 2452 2825 hypostaticam

785 2839 931 2896 Filio
991 2841 1250 2897 tribuere
1298 2843 1729 2914 proprietatem
1783 2842 2000 2909 aiebat,
2032 2843 2236 2898 nescio
2290 2843 2451 2898 unde

784 2927 947 2985 hanc
973 2929 1315 2987 doctrinam
1362 2933 1717 3004 expiscatus.
1758 2933 2037 3004 Recipere
2069 2937 2294 2998 autem,
2344 2946 2451 3003 pa-

783 3023 968 3074 ternae
1020 3035 1294 3091 personae
1352 3021 1663 3093 propriam
1720 3020 2058 3093 quamdam
2101 3019 2449 3076 afﬁrmabat

784 3123 915 3164 esse
979 3109 1352 3181 qualitatem,
1422 3126 1596 3181 aeque
1655 3126 1723 3165 ac
1775 3110 2022 3180 ingeniti
2067 3110 2445 3180 attributum,

2557 1955 2742 2020 καιροῦ
2795 1948 2848 2011 ἐξ
2899 1950 2959 2000 οὖ
2991 1953 3377 2028 παρεισεφθάρη
3432 1960 3584 2005 τοῦτο
3623 1956 3680 2006 τό
3723 1949 3996 2015 δυσσεϐῶς
4019 1955 4158 2006 κατὰ

2559 2045 2796 2110 Χριστοῦ
2871 2037 3340 2113 βλασφημούμενον
3388 2045 3458 2114 μὴ
3505 2041 3779 2117 ἀρκοῦντος
3843 2047 3932 2096 καὶ
3987 2045 4154 2116 τούτῳ

2559 2125 2628 2186 εἰς
2689 2124 3048 2186 διασκόπησιν
3091 2138 3184 2181 τοῦ
3222 2139 3318 2191 τῆς
3360 2132 3696 2202 ὑγιαινούσης
3753 2130 3915 2196 δόξης
3971 2136 4152 2208 φρονή-

2559 2235 2741 2288 ματος,
2767 2225 2855 2268 νῦν
2919 2215 2977 2269 δὲ
3007 2218 3116 2270 ἄλλ’
3174 2220 3302 2272 ἄττα
3330 2226 3418 2273 καὶ
3466 2221 3525 2273 ού
3572 2221 3925 2295 συμϐαίνοντα
3990 2221 4157 2275 ἐαυτῶ

2560 2303 2891 2380 ἁπεκρίνατο,
2979 2307 3333 2382 Ἐρωτώμενος
3422 2308 3510 2362 οὖν
3599 2316 3688 2364 καὶ
3787 2311 3938 2373 αὐτὸς
4033 2311 4159 2387 παρ’

2563 2397 2705 2468 ἡμῶν
2762 2401 3004 2470 τήμερον,
3050 2403 3264 2475 πότερον
3329 2407 3391 2472 τῇ
3453 2405 3691 2476 μακαρίᾳ
3761 2398 3954 2475 Τριάδι
4026 2401 4163 2473 λέγει

2560 2489 2654 2543 τὴν
2720 2487 2906 2539 θυσιαν
2972 2490 3289 2560 προσῆχθαί
3361 2509 3414 2542 τε
3488 2495 3577 2543 καὶ
3644 2493 4031 2565 προσάγεσθαι,
4096 2492 4166 2551 ὡς

2561 2577 2586 2626 6
2643 2574 2790 2647 λόγος
2849 2577 3050 2648 φθάσας
3113 2574 3456 2654 διετράνωσεν
3522 2579 3795 2648 ἆν‹›θεν,ἢ
3860 2588 3932 2633 τῶ
3998 2584 4166 2655 Πατρὶ

2560 2668 2717 2737 μόνῳ,
2749 2667 2866 2718 οὔτε
2922 2671 3061 2739 μόνῳ
3101 2666 3238 2739 ἔλεγε
3279 2671 3444 2740 τούτῳ
3491 2671 3878 2743 προσάγεσθαι,
3929 2671 4046 2722 οὔτε
4105 2667 4163 2720 ού

2558 2758 2720 2825 μόνῳ.
2767 2756 2896 2806 Πότε
2932 2752 2991 2806 δε
3045 2760 3134 2808 καὶ
3188 2757 3260 2818 εἰς
3300 2755 3607 2820 ἀλλοκότους
3640 2755 3798 2821 δόξας
3829 2759 4010 2811 ἔπιπτε
4042 2774 4055 2788 ’
4105 2759 4165 2810 τό

2558 2846 2649 2914 μὲν
2714 2845 2813 2919 γὰρ
2875 2846 3162 2916 προσάγειν
3225 2847 3584 2905 ύποστατικὴν
3653 2845 3868 2920 ἀπένεμε
3929 2853 4003 2919 τῷ
4059 2849 4165 2916 Υἱῷ

2561 2929 2828 3002 ἰδιότητα,
2896 2932 2990 2985 οὐκ
3066 2937 3217 3008 ἴσμεν
3269 2939 3465 2994 ταύτην
3521 2937 3675 2990 πόθεν
3728 2938 3930 3016 εὑρών·
3991 2937 4048 2990 τὸ
4107 2921 4166 2988 δἃ

2555 3019 2961 3096 προσδέχεσθαι
3006 3031 3100 3086 τῆς
3147 3033 3405 3100 πατρικῆς
3449 3025 3788 3088 ὑποστάσεως
3815 3022 3958 3078 ἴδιόν
3983 3045 4036 3078 τι
4083 3045 4153 3078 κα

2553 3121 2708 3166 τοῦτο
2766 3112 2954 3165 ἐτίθετο
3017 3119 3292 3190 γνώρισμα
3355 3118 3485 3188 μετὰ
3548 3123 3639 3177 τῆς
3706 3115 4038 3188 ἀγεννησίας,
4104 3115 4164 3173 ἣν

786 3197 952 3269 quod
984 3199 1230 3253 unicum
1261 3198 1565 3270 peculiare
1592 3199 1778 3254 Patris
1809 3215 1938 3254 esse
1967 3198 2323 3254 attributum
2346 3200 2447 3252 Ec-
2483 3220 2526 3278 ρ

2397 3214 2447 3252 C-
2483 3220 2526 3278 ς
2559 3199 2804 3260 ἰδιότητα
2833 3207 2987 3276 μόνον
3017 3211 3110 3255 τοῦ
3157 3207 3498 3279 προανοίρχου
3549 3209 3750 3280 Πατρός
3798 3206 3828 3264 ἡ
3877 3203 4166 3262 Ἐκκλησία

787 3286 968 3342 clesia
1008 3303 1044 3342 a
1073 3292 1269 3344 vetere
1302 3288 1617 3344 traditione
1666 3288 1914 3360 accepit.
1952 3288 2173 3343 Deinde
2215 3287 2448 3344 niteba-

787 3380 886 3431 tur
937 3393 1050 3433 nos
1094 3394 1340 3450 quoque
1382 3379 1444 3433 in
1491 3394 1667 3434 suam
1721 3378 2081 3433 sententiam
2132 3377 2449 3432 contrariis

792 3465 1159 3538 syllogismis
1208 3469 1570 3539 pertrahere.
1632 3467 1690 3524 Si
1742 3466 1925 3538 enim,
1957 3471 2022 3522 ut
2069 3467 2198 3538 ipse
2228 3465 2449 3539 aiebat,

788 3555 958 3610 haud
992 3557 1305 3629 proprium
1353 3563 1616 3630 paternae
1637 3573 1914 3629 personae
1965 3561 2121 3612 esset
2164 3557 2449 3628 recipere,

792 3644 898 3699 sed
931 3644 1152 3701 divinae
1173 3647 1394 3718 potius,
1417 3651 1483 3702 ut
1510 3663 1623 3702 nos
1646 3646 1927 3712 dicimus,
1952 3650 2205 3712 naturae,
2237 3644 2453 3702 absur-

789 3733 938 3789 dum
973 3735 1123 3807 quid
1152 3741 1620 3808 consequeretur
1652 3754 1664 3790 :
1699 3739 1857 3792 esset
1886 3735 2047 3791 enim
2074 3738 2228 3790 Deus
2269 3733 2456 3790 modo

789 3839 1203 3898 nequaquam.
1274 3830 1401 3883 Non
1460 3827 1622 3883 enim
1655 3833 1740 3882 est
1785 3827 2154 3899 sempiterna
2203 3826 2455 3895 oblatio,

793 3914 899 3970 sed
922 3919 977 3971 et
1004 3920 1247 3988 sumpta
1276 3915 1654 3972 humanitate
1684 3917 1999 3988 posterior,
2023 3920 2080 3973 et
2108 3931 2204 3972 res
2259 3919 2457 3970 creata

793 4008 886 4060 est
919 4022 931 4060 :
961 4009 1404 4078 proptereaque
1454 4007 1716 4078 receptio
1770 4021 2016 4079 quoque
2069 4006 2130 4062 in
2187 4006 2460 4077 quodam

791 4095 1083 4167 temporis
1138 4097 1335 4169 spatio
1384 4100 1466 4153 ﬁt.
1501 4099 1636 4152 Haec
1688 4096 1787 4152 ille
1841 4097 2080 4162 aiebat;
2110 4097 2287 4170 quasi
2315 4111 2460 4152 vero

792 4199 906 4241 nos
939 4190 1341 4242 statueremus
1385 4187 1652 4258 recipere
1711 4186 1904 4242 instar
1955 4202 2086 4241 esse
2134 4185 2461 4256 cujusdam

791 4273 1161 4332 deﬁnitionis
1209 4281 1390 4349 atque
1433 4276 1683 4332 rationis
1712 4275 1862 4347 (sive
1893 4276 2189 4347 pertinere
2245 4274 2324 4331 ad
2370 4290 2460 4331 es-

792 4366 1071 4435 sentiam)
1101 4365 1731 4437 incomprehensibilis
1776 4369 1833 4421 et
1862 4363 2458 4435 supersubstantialis

789 4452 1062 4521 deitatis;
1090 4459 1147 4511 et
1171 4471 1296 4511 non
1321 4455 1522 4526 potius
1545 4456 1704 4511 hanc
1733 4453 2166 4528 proprietatem
2192 4469 2228 4510 a
2254 4453 2461 4510 divina

789 4541 1080 4613 dignitate
1130 4560 1495 4601 arceremus.
1544 4547 1678 4601 Haec
1716 4544 1827 4600 fuit
1877 4543 2232 4600 Antiocheni
2288 4541 2461 4599 electi

791 4648 1036 4690 summa
1062 4634 1369 4705 orationis,
1402 4649 1479 4690 ne
1502 4634 1742 4704 singula
1768 4634 1848 4690 ab
1897 4649 1970 4690 eo
2008 4633 2170 4690 dicta
2217 4647 2459 4706 percur-

789 4727 1008 4797 rentes,
1045 4725 1271 4781 diutius
1289 4725 1455 4781 hunc
1485 4718 1829 4781 sermOnem
1855 4724 2307 4796 protrahamus.

865 4815 980 4873 Sed
1006 4815 1168 4872 enim
1201 4821 1340 4872 ante
1369 4831 1483 4873 nos
1513 4831 1726 4872 omnes
1767 4815 2246 4888 sapientissimus
2275 4818 2332 4872 et
2356 4830 2461 4872 au-

791 4911 965 4978 gusta
989 4906 1312 4980 prudentia
1339 4906 1576 4979 plenus,
1609 4909 1667 4963 et
1695 4922 1868 4979 aeque
1893 4922 1964 4963 ac
1997 4906 2283 4964 Salomon
2311 4904 2458 4962 divi-

788 4999 952 5054 nitus
995 4998 1240 5055 doctam
1281 5002 1546 5055 mentem
1605 5012 1838 5069 gerens,
1891 4997 2347 5070 potentissimus
2402 5003 2461 5057 et

789 5091 1036 5145 sanctus
1056 5093 1262 5145 noster
1278 5089 1627 5160 imperator,
1648 5103 1772 5144 non
1793 5087 2142 5145 detrectavit
2161 5104 2354 5162 usque
2378 5090 2460 5146 ad

791 5178 1136 5236 dialecticos
1167 5194 1482 5236 sermones
1512 5195 1649 5236 cum
1685 5178 2036 5236 Sothericho
2067 5177 2455 5250 descendere,

787 5269 1111 5343 verbisque
1165 5269 1593 5326 adhortatoriis
1618 5268 1903 5326 eumdem
1948 5268 2055 5324 diu
2095 5269 2397 5327 nitebatur
2421 5285 2459 5327 a

790 5373 904 5417 sua
933 5360 1230 5417 sententia
1257 5359 1593 5428 retrahere;
1622 5359 1997 5430 argumentis
2026 5359 2208 5416 etiam
2235 5374 2458 5431 urgens

787 5465 901 5524 pro
931 5465 1042 5506 sua
1060 5449 1326 5522 ingenita
1344 5448 1531 5520 regali
1559 5449 1827 5516 scientia,
1852 5453 1911 5506 et
1932 5449 2119 5506 modo
2139 5449 2258 5507 huc
2272 5450 2458 5507 modo

788 5539 928 5597 illuc
959 5540 1374 5598 adversarium
1430 5540 1717 5596 contortis
1763 5539 2296 5612 epichirematibus
2329 5556 2458 5597 ver-

791 5646 950 5688 sens.
969 5635 1124 5689 Inter
1141 5636 1359 5689 caetera
1381 5630 1748 5688 amanterilli
1769 5630 1831 5687 in
1847 5635 2116 5689 mentem
2131 5631 2461 5690 revocabat

792 5721 958 5781 Pauli
983 5723 1172 5782 verba
1200 5722 1281 5781 ad
1334 5720 1691 5793 Corinthios,
1727 5723 1795 5780 ut
1821 5721 1884 5780 id
1931 5721 2135 5796 ipsum
2179 5714 2460 5782 videlicet

2557 3291 2841 3365 παρέλαϐεν
2917 3291 3157 3346 ἔκπαλαι⁸
3231 3294 3358 3347 Εἶτα
3417 3292 3486 3353 δὴ
3545 3299 3634 3346 καὶ
3730 3294 3952 3348 ἐντεῦθεν
4029 3295 4169 3366 ἡμᾶς

3844 3385 3886 3436 εἰ
3914 3387 4016 3460 γάρ
4064 3388 4163 3457 μὴ,

2560 3474 2730 3532 καθὼς
2792 3472 2950 3533 αύτός
3013 3493 3195 3546 φησιν,
3267 3470 3555 3527 ἰδιαίτατον
3615 3478 3690 3532 εἴη
3749 3480 3846 3534 τῆς
3908 3482 4172 3549 πατρικῆς

2562 3563 2906 3624 ὑποστάσεως
2951 3565 3010 3615 τό
3079 3558 3502 3636 προσδέχεσθαι,
3566 3563 3693 3617 ἀλλά
3746 3570 3837 3644 τῆς
3893 3565 4048 3631 θείας,
4104 3563 4174 3622 ὡς

2563 3654 2710 3725 ἡμεῖς
2765 3672 2927 3724 φαμεν

2559 3385 2693 3457 πρὸς
2731 3386 2789 3434 τὸ
2844 3378 3032 3435 δοκοῦν
3082 3383 3219 3455 αύτῷ
3257 3384 3723 3458 κατεσυλλογίςετο
3769 3400 3782 3414 ·

2931 3698 2947 3722 ,
3002 3654 3224 3725 φύσεως,
3275 3655 3466 3706 ἄτοπόν
3502 3674 3554 3706 τι
3600 3655 3748 3726 τάχα
3799 3651 4170 3726 συμϐήσεται·

2566 3744 2717 3794 ἔσται
2748 3742 2865 3800 καθ’
2907 3744 3044 3815 ἡμᾶς
3084 3744 3110 3795 6
3151 3746 3276 3804 Θεὸς
3313 3746 3434 3796 ποτε
3472 3747 3562 3816 μὲν
3603 3746 3754 3813 Θεὸς,
3793 3745 3916 3797 ποτὲ
3958 3737 4016 3796 δὲ
4070 3745 4169 3794 οῦ·

2567 3831 2626 3884 ού
2665 3833 2768 3905 γὰρ
2810 3828 3004 3904 ἀΐδιος,
3054 3837 3234 3905 φησὶν,
3305 3837 3653 3909 προσαγωγὴ,
3716 3831 3843 3885 ἀλλά
3892 3832 4023 3905 μετὰ
4078 3834 4172 3890 τὴν

2568 3917 2958 3996 ἐνανθρώπησιν
3003 3925 3093 3974 καὶ
3135 3927 3445 3995 γεγενημένη
3477 3941 3488 3953 ·
3535 3918 3628 3975 διὰ
3660 3917 3720 3975 δὲ
3783 3928 3934 3975 τοῦτο
3972 3922 4175 3982 πάντως

2570 4012 2616 4062 ἓν
2643 4029 2747 4062 τινι
2771 4015 2948 4083 χρόνῳ
2997 4015 3086 4063 καὶ
3124 4013 3182 4063 τὸ
3213 4008 3634 4086 προσδέχεσθαι·
3677 4013 3851 4086 ὥσπερ
3893 4010 3954 4063 ἂν
3985 4010 4028 4064 εἰ
4080 4017 4177 4074 τῆς

2570 4098 2941 4158 ἀκατάληπτον
3007 4105 3096 4153 καὶ
3158 4101 3472 4176 ὑπερουσίου
3557 4103 3801 4163 θεότητος
3857 4099 3973 4173 ὃρον
4060 4103 4176 4154 τινὰ

2567 4193 2657 4242 καὶ
2706 4189 2859 4262 λόγον
2903 4191 3050 4262 ἡμεῖς
3100 4193 3159 4242 τό
3229 4185 3649 4264 προσδέχεσθαι·
3701 4189 3986 4263 ἐτιθέμεθα,
4047 4187 4177 4242 ἀλλὰ

2567 4283 2639 4352 μὴ
2673 4287 2744 4350 τῷ
2815 4282 2967 4352 θεῐκῷ
3005 4281 3202 4338 ταύτην
3267 4278 3599 4352 ἀφοσιοῦντες
3664 4276 3789 4353 ἦμεν
3853 4279 3996 4332 τοῦτ’
4048 4279 4175 4333 αύτό

2569 4367 2629 4422 δὲ
2680 4367 2956 4442 ἀξιώματι.
3002 4375 3181 4423 Ταῦτα
3229 4371 3319 4442 μὲν
3386 4370 3412 4421 6
3465 4368 3813 4442 Ἀντιοχείας,
3844 4369 3926 4421 ἵνα
3963 4373 4060 4441 μὴ,
4115 4371 4173 4421 τό

2567 4459 2679 4511 καθ’
2727 4459 2944 4512 ἕκαστον
2997 4467 3097 4512 τῶν
3149 4458 3274 4533 παρ’
3312 4459 3472 4513 αύτόῦ
3532 4459 3817 4533 λεχθέντων
3870 4457 4171 4530 ἐπεξιόντες,

2567 4549 2652 4602 ἐπὶ
2674 4549 2802 4604 πολὺ
2832 4553 2920 4603 τὸν
2957 4550 3107 4623 λόγον
3139 4549 3457 4625 ἐκτείνωμεν.

2638 4819 2723 4882 Ὠς
2754 4815 2815 4873 δὲ
2866 4820 2965 4894 πρὸ
3000 4820 3204 4873 πάντων
3229 4819 3378 4892 ἡμῶν
3408 4818 3434 4872 ὁ
3478 4818 3634 4881 πολὺς
3672 4825 3732 4893 τῇ
3785 4820 4032 4893 φρονήσει
4084 4822 4175 4872 καὶ

2566 4913 2787 4986 γεραρὸς
2838 4917 2911 4981 τῷ
2953 4915 3104 4978 νοεῖν,
3137 4910 3163 4961 6
3215 4905 3554 4963 θεοδίδακτον
3622 4912 3779 4972 ὄντως
3831 4912 3995 4982 φέρων
4038 4911 4175 4962 κατὰ

2566 5003 2654 5052 τὸν
2698 4999 3002 5073 Σολομῶντα
3045 4995 3302 5071 διάνοιαν,
3345 5001 3628 5075 κράτιστος
3678 5003 3767 5052 καὶ
3847 4997 3994 5070 ἆγιος
4027 5001 4175 5072 ἡμῶν

2569 5087 2836 5164 βασιλεὺς,
2877 5094 2967 5143 καὶ
3023 5087 3072 5153 ἒς
3122 5089 3302 5162 λόγους
3350 5088 3491 5162 αύτῷ
3542 5087 3800 5142 συνελθεῖν
3833 5085 4177 5151 διαλεκτικῶς

2566 5179 2661 5233 ούκ
2720 5178 3017 5248 ἀπώκνησε,
3068 5182 3158 5232 καὶ
3212 5180 3418 5255 ῥήμασι
3468 5183 3892 5254 παραινετηρίοις
3929 5179 4175 5250 ’ὑπαγα-

2564 5272 2752 5343 γέσθειι
2784 5265 3025 5323 σπεύδων
3056 5269 3214 5322 αὐτὸν
3251 5268 3321 5328 σύ,
3370 5265 3588 5335 διέλιπε,
3622 5272 3711 5322 καὶ
3766 5275 3875 5330 τοῖς
3935 5266 4176 5339 ἐλέγχοις

2567 5359 2772 5434 βάλλων
2826 5359 3099 5433 αὐτοφυῶς
3159 5360 3186 5411 ὁ
3221 5349 3598 5433 μεγαλοφυής,
3630 5363 3720 5412 καὶ
3789 5355 4177 5432 ἕπιστημονάρ-

2565 5470 2678 5524 χης
2717 5449 2811 5504 οὐκ
2847 5448 3123 5525 ἐνάρκησε,
3163 5452 3254 5503 καὶ
3293 5455 3382 5502 νῦν
3425 5452 3515 5523 μὶν
3554 5455 3727 5520 τοῦτο,
3769 5454 3859 5501 νῦν
3910 5443 3970 5501 δ”ε
4007 5449 4172 5501 ἂκείνο

2565 5549 2728 5594 ποιῶν
2783 5542 3169 5616 ἀγχιστρόφοις
3231 5538 3643 5616 ἐπιχειρήμασιν
3718 5537 3813 5591 οὐκ
3883 5536 4172 5611 ἀπέκαμενο

2568 5630 2617 5686 ἓν
2691 5632 2771 5695 οἷς
2842 5633 3010 5687 ἐκεῖνα
3045 5631 3359 5707 παρακαλῶν
3434 5630 3588 5686 αὐτὸν
3678 5627 4173 5706 ἐφιλανθρωπεύετο,

2567 5723 2703 5780 ἄττα
2758 5720 2934 5784 δήπου
3000 5727 3091 5781 καὶ
3167 5721 3461 5801 Κορινθίοις
3525 5718 3836 5775 ἐπιστέλλων
3897 5719 3925 5772 ὁ
4010 5722 4176 5792 μέγας
