4480 6430
807 433 898 484 191
2138 423 2396 483 meum;
2427 431 2804 486 CHONIAT/E
3990 392 3995 405 ’
4061 436 4158 487 192

794 552 908 608 hac
936 567 997 608 re
1029 552 1484 624 dispiceremus,
1526 553 1742 609 deinde
1782 555 1840 607 in
1874 551 1990 606 alia
2016 552 2282 607 sessione
2313 568 2446 608 sen-
2482 561 2525 607 Α
2562 589 2563 600 η

2388 568 2446 608 n-
2482 561 2525 607 Α
2562 555 2920 627 αἰτησαμένων
2964 556 3406 626 κατασκέψασθαι
3452 560 3698 628 πρότερον
3730 559 3847 626 περὶ
3877 557 4061 606 τούτου
4101 559 4157 607 τό

796 642 1041 698 tentiam
1070 644 1327 716 quisque
1360 660 1539 699 suam
1573 643 1922 715 proferrent.

869 820 992 888 Ego
1023 820 1267 892 quidem
1318 820 2029 892 Constantinopolitanus,
2065 835 2185 874 non
2233 819 2447 875 admit-

797 909 1048 964 tendum
1078 909 1154 964 ad
1183 910 1582 964 sacerdotium
1615 911 1709 966 aio
1741 910 1922 974 hunc,
1951 909 2094 979 quia
2119 909 2246 978 jam
2287 908 2448 963 bien-

793 998 897 1052 nio
914 1013 1034 1053 non
1059 998 1213 1053 clam
1241 1014 1433 1070 neque
1456 999 1516 1054 in
1539 998 1794 1069 angulis,
1821 997 1928 1052 sed
1957 995 2269 1053 manifeste
2290 1003 2450 1053 recto

794 1086 1063 1155 dogmati
1117 1089 1492 1158 contradicit,
1539 1104 1722 1160 seque
1754 1087 2065 1160 publicum
2096 1103 2299 1157 pravae
2347 1087 2450 1142 do-

793 1173 993 1228 ctrina:
1024 1174 1319 1230 fautorem
1353 1175 1853 1247 defensoremque
1875 1174 2207 1245 profitetur.

865 1266 984 1332 Ego
1008 1265 1581 1337 Hierosolymitanus
1602 1265 1761 1320 idem
1781 1280 1997 1320 censeo
2020 1263 2186 1337 quod
2208 1262 2452 1318 sanctis-

795 1352 985 1406 simus
1016 1352 1299 1408 dominus
1327 1370 1498 1409 meus
1523 1359 1578 1408 et
1599 1354 2000 1408 consacerdos
2035 1352 2451 1408 Constantino-

792 1440 1094 1512 politanus
1122 1442 1195 1496 de
1226 1443 1339 1497 hoc
1370 1442 1679 1515 proposito
1724 1441 1818 1514 pie
1860 1448 1916 1497 et
1973 1441 2308 1497 secundum
2354 1439 2451 1495 Dei

793 1528 1164 1585 voluntatem
1190 1532 1410 1587 statuit.

867 1622 982 1689 Ego
1013 1619 1298 1689 Bulgarus
1330 1625 1424 1676 aio
1447 1621 1570 1677 ﬁeri
1602 1637 1725 1676 non
1747 1637 1928 1694 posse
1967 1625 2027 1677 ut
2051 1621 2147 1676 hic
2180 1618 2452 1675 sacerdo-

793 1706 940 1761 tium
973 1707 1223 1763 retinere
1268 1708 1518 1775 sinatur,
1549 1709 1692 1781 quia
1725 1714 1958 1764 tantum
1986 1713 2190 1764 contra
2221 1708 2318 1762 Dei
2353 1709 2448 1760 Ec-

792 1794 1036 1851 clesiam
1085 1797 1443 1852 scandalum
1493 1797 1819 1868 suscitavit,
1863 1804 1919 1852 et
1965 1797 2069 1870 qui
2107 1794 2448 1867 complures

789 1883 926 1939 huic
943 1900 1073 1940 esse
1104 1886 1361 1942 asseclas
1393 1891 1559 1958 puto,
1580 1887 2002 1957 nescimusque
2027 1890 2225 1940 utrum
2251 1884 2328 1940 ad
2352 1899 2445 1938 ve-
2477 1903 2519 1957 Β

788 1973 1025 2029 ritatem
1075 1974 1304 2030 sincero
1349 1976 1576 2046 judicio
1607 1977 1900 2030 reversuri
1950 1973 2277 2047 aliquando
2309 1973 2442 2028 sint.

789 2062 961 2126 Quod
980 2062 1216 2133 sijuxta
1242 2063 1490 2120 effatum
1524 2064 1921 2134 Dominicum,
1954 2064 2181 2119 homini
2210 2063 2314 2134 qui
2340 2063 2448 2117 mi-

785 2150 1022 2206 nimum
1040 2151 1302 2224 aliquem
1323 2154 1549 2209 Christo
1569 2153 1910 2208 credentem
1931 2152 2444 2215 scandalizaverit,

788 2241 1029 2313 expedit
1059 2245 1122 2297 ut
1145 2242 1347 2314 lapide
1392 2243 1643 2298 molario
1669 2243 1730 2298 in
1762 2244 1892 2313 ejus
1921 2242 2143 2298 collum
2174 2241 2448 2296 immisso

787 2329 1211 2401 praecipitetur,
1237 2335 1292 2385 et
1313 2331 1374 2386 in
1402 2331 1586 2386 maris
1611 2331 2080 2403 profunditatem
2105 2330 2445 2401 jaciaturw;

786 2417 891 2489 qui
921 2418 1142 2474 multos
1173 2420 1331 2475 circa
1360 2420 1589 2490 dogma
1612 2419 2053 2485 scandalizavit,
2078 2425 2321 2491 quantae
2344 2418 2452 2478 erit

789 2522 986 2578 poenae
1012 2507 1309 2565 obnoxius
1333 2510 1360 2564 ?
1383 2511 1629 2581 Insuper
1657 2525 1730 2565 ex
1756 2508 2005 2565 diversis
2026 2507 2241 2563 divinis
2273 2522 2452 2563 cano-

790 2595 968 2651 nibus
996 2597 1137 2653 satis
1167 2599 1574 2669 cognoscitur,
1605 2599 1767 2654 hunc
1799 2598 1877 2654 ad
1905 2597 2305 2654 sacerdotium
2331 2597 2448 2652 mi-

787 2685 950 2743 nime
975 2687 1207 2744 admitti
1229 2705 1427 2760 posse,
1453 2689 1577 2744 imo
1607 2687 2067 2760 deponendum.

858 2868 977 2938 Ego
1005 2883 1250 2939 quoque
1291 2868 1541 2940 Cyprius
1567 2867 1684 2936 aio,
1727 2883 1823 2923 me
1854 2870 2060 2939 utpote
2091 2870 2442 2943 extraneum

791 2960 968 3012 antea
992 2956 1241 3027 quidem
1265 2973 1386 3012 non
1413 2957 1559 3013 satis
1583 2957 1933 3027 cognovisse
1951 2971 2103 3028 quas
2134 2955 2240 3011 iste
2263 2955 2447 3011 vomit

783 3044 1198 3116 blasphemias
1221 3047 1512 3102 adversus
1532 3051 1761 3102 rectum
1785 3046 2055 3101 Ecclesiae
2071 3045 2446 3115 dogma.Sed

781 3134 943 3190 enim
1000 3151 1073 3190 ex
1125 3135 1218 3191 his
1262 3152 1398 3208 qua:
1442 3136 1621 3192 hodie
1670 3136 1872 3208 ipsum
1911 3135 2117 3191 audivi
2147 3134 2444 3190 dicentem

2561 643 2873 718 τελεώτερον,
2916 644 3071 696 καὶέν
3120 644 3263 718 ἑτέρᾳ
3316 644 3610 696 συνελεύσει
3656 647 3712 696 τό
3767 641 3953 695 δοκοῦν
3991 644 4160 703 αὐτοῖς

2562 730 2952 803 ἀποφήνασθαι.

2632 820 2763 891 Ἐγὼ
2811 823 2900 892 μὲν
2954 822 2979 871 6
3035 820 3621 882 Κωνσταντινούπολεως
3675 816 4037 892 ἀπαράδεκτον
4088 821 4156 882 εἰς

2561 911 2842 982 ἱερωσύνην
2875 915 3055 962 τοῦτόν
3083 931 3215 983 φημι
3246 908 3394 979 εἶναι,
3435 914 3502 972 ὡς
3548 910 3633 962 ἐπὶ
3666 907 3762 962 δύο
3801 905 3907 968 ἤδη
3936 929 4160 984 χρόνους

2559 998 2617 1049 ού
2649 1001 2820 1071 κρύφα
2851 997 2964 1052 οὐδ’
2993 999 3040 1051 ἐν
3079 1004 3261 1070 γωνίᾳ,
3310 999 3436 1051 ἀλλά
3463 1008 3687 1074 φανερῶς
3717 1001 3854 1050 κατά
3885 1007 3974 1050 τοῦ
4003 1001 4159 1070 ὀρθοῦ

2559 1086 3044 1162 παρρησιαζόμενον
3068 1086 3451 1161 δόγματος,καὶ
3471 1093 3757 1162 συνήγορον
3781 1092 3902 1140 ὄντα
3925 1087 4159 1159 λαμπρόν

2561 1185 2651 1235 τῆς
2674 1174 2910 1238 ἀσεϐείας
2932 1183 3021 1228 καὶ
3050 1182 3349 1250 πρόμαχον.

2632 1269 2761 1336 Ἐγὼ
2821 1263 2879 1317 δε
2931 1267 2955 1316 6
3001 1265 3367 1339 Ἰεροσολύμων
3439 1266 3573 1318 αύτά
3631 1273 3800 1318 ταῦτα
3858 1270 3947 1316 καὶ
4005 1263 4163 1323 αὐτὸς

2560 1357 2874 1426 γνωματεύω
2929 1355 3057 1427 οἷπερ
3131 1356 3155 1406 6
3219 1354 3505 1425 ἀγιώτατος
3561 1354 3688 1427 ἐμοῦ
3755 1351 4014 1413 δεσπότης
4073 1358 4164 1405 καὶ

2565 1443 3009 1518 συλλειτουργόςό
3066 1444 3649 1504 Κωνσταντινουπόλεως
3697 1443 3781 1496 έπὶ
3829 1451 3890 1516 τῇ
3945 1462 4159 1515 τοιαυτῃ

2561 1533 2804 1584 ὑποθέσει
2837 1535 3120 1606 θεαρέστως
3149 1535 3280 1604 οἰγαν
3311 1537 3401 1584 καὶ
3431 1532 3648 1593 εὐσεϐῶς
3679 1534 3994 1604 ἀπεφήνατο.

2637 1621 2762 1691 Ἐγὼ
2832 1617 2890 1673 δὲ
2947 1623 2971 1672 6
3032 1621 3349 1696 Βουλγαρίας
3407 1622 3534 1693 λέγω
3593 1618 3848 1674 ἀδύνατον
3910 1619 4039 1672 εἶναι
4105 1623 4162 1670 τὸ

2561 1706 2968 1782 παραδεχθῆναι
3043 1719 3219 1763 τοῦτον
3295 1715 3435 1781 ἔχειν
3513 1713 3815 1784 ἱερωσύνην,
3931 1711 4010 1761 ὅτι
4114 1727 4167 1759 τε

2560 1806 2792 1850 τοιοῦτον
2853 1796 3142 1852 σκάνδαλον
3209 1804 3343 1852 κοιτά
3398 1808 3488 1862 τῆς
3549 1799 3856 1859 Ἐκκλησίας
3914 1798 4162 1869 ἐξήγειρε,

2560 1893 2648 1940 καὶ
2706 1890 2782 1940 ὅτι
2835 1894 2924 1940 καὶ
2976 1885 3218 1963 διάφοροι
3268 1892 3430 1960 τούτῳ
3481 1884 3628 1960 οἶμαι
3677 1887 4164 1955 συνηκολούθησαν,

2559 1983 2649 2030 καὶ
2697 1976 2976 2050 ἀγνοοῦμεν
3026 1978 3070 2030 εἰ
3125 1982 3261 2050 πρὸς
3313 1977 3552 2036 ἀλήθειαν
3606 1981 3733 2050 μετὰ
3785 1977 3939 2051 ὀρθοῦ
3979 1980 4169 2051 φρονὴ-

2559 2078 2717 2138 ματος
2775 2073 2864 2119 καὶ
2914 2071 3028 2119 τότε
3093 2070 3573 2142 ἐπιστραφῆσονται
3607 2089 3618 2100 ·
3685 2072 3772 2118 καὶ
3839 2069 3976 2139 εἰπερ
4030 2067 4168 2116 κατά

2559 2177 2626 2208 τα
2674 2159 2914 2229 Κυριακά
2957 2156 3108 2227 λόγια
3154 2165 3226 2226 τῷ
3269 2159 3354 2210 ἕνα
3401 2159 3518 2209 τινὰ
3558 2165 3658 2207 τῶν
3698 2164 3897 2230 μικρῶν
3930 2151 4165 2206 σκανδα-

2559 2245 2766 2298 λίσαντι
2805 2266 2904 2298 των
2953 2249 3295 2298 πιστευόντων
3351 2246 3418 2306 εἰς
3479 2249 3564 2297 τόν
3620 2248 3851 2318 Χριστόν
3903 2247 4165 2318 συμφέρον

2561 2335 2700 2388 ἐστὶν
2742 2339 2822 2386 ἵνα
2889 2335 3032 2397 λίθος
3089 2334 3373 2406 μυλωνικός
3431 2335 3501 2397 εἰς
3556 2338 3643 2386 τόν
3696 2333 3962 2408 τράχηλον
4002 2332 4166 2384 αὐτοῦ

2561 2426 2855 2497 κρεμασθῇ,
2927 2429 3017 2476 καὶ
3074 2423 3145 2486 εἰς
3215 2423 3377 2495 βυθόν
3440 2422 3710 2484 Θαλάσσης
3792 2421 4075 2496 ἀπορριφῇ,
4141 2422 4167 2473 6

2560 2514 2775 2574 πολλούς
2834 2510 3193 2574 σκανδαλίσας
3241 2512 3324 2565 ἐπὶ
3381 2521 3454 2583 τῷ
3504 2510 3756 2586 δόγματι,
3811 2513 3970 2582 ,ὁποίᾳ
4019 2514 4168 2563 ἔσται

2559 2609 2789 2678 τιμωρίᾳ
2853 2600 3103 2664 ὑπόδικος
3154 2619 3167 2669 ;
3210 2602 3367 2655 Ἀλλὰ
3427 2607 3517 2656 καὶ
3578 2601 3633 2654 ἐκ
3696 2599 3959 2674 διαφόρων
4019 2602 4166 2652 θείων

2558 2698 2780 2746 κανόνων
2805 2697 2862 2745 τό
2890 2689 3254 2768 ἀπαράδεκτον
3284 2696 3415 2764 πρὸς
3447 2693 3729 2767 ἱερωσύνην
3755 2695 3844 2744 καὶ
3869 2692 4167 2763 καθῃρημέ-

2558 2804 2640 2836 νον
2667 2791 2847 2835 τοῦτον
2879 2779 3008 2834 εἶναί
3035 2779 3465 2854 διαγινώσκεται.

2631 2874 2785 2927 Ἀλλά
2833 2872 2976 2944 κάγὼ
3036 2875 3061 2924 6
3139 2876 3351 2948 Κύπρου
3418 2876 3571 2925 τοῦτό
3629 2891 3786 2944 φημι,
3836 2873 3903 2931 ὡς
3954 2871 4020 2922 τὰ
4074 2872 4164 2941 μὲν

2557 2964 2688 3016 ἄλλα
2725 2971 2816 3014 τοῦ
2865 2960 3055 3036 ἀνδρὸς
3111 2959 3389 3034 ἀπόδημος
3428 2963 3516 3028 ὡν,
3558 2964 3616 3013 τὸ
3661 2966 3906 3036 πρότερον
3938 2960 3995 3012 ού
4039 2963 4164 3011 σύν-

2557 3049 2683 3106 οιδα
2748 3051 2977 3125 ἀκριϐῶς
3022 3055 3123 3104 ὅσα
3178 3057 3267 3104 καὶ
3327 3051 3719 3125 βλασφημῆσαι
3770 3049 3970 3121 λέγεται
4031 3051 4168 3100 κατά

2557 3149 2648 3193 τοῦ
2716 3141 2872 3217 ὀρθοῦ
2939 3139 3198 3214 δόγματος
3260 3150 3351 3202 τῆς
3409 3140 3772 3200 Ἐκκλησίας·
3833 3138 3917 3212 ἀφ’
3972 3140 4038 3190 ὧν
4107 3134 4167 3190 δε

784 3227 920 3278 ante
952 3223 1185 3293 regium
1217 3229 1271 3279 et
1301 3223 1775 3304 ecclesiasticum
1806 3224 2111 3286 thronum.
2141 3239 2264 3278 non
2296 3238 2442 3293 pon-
2477 3261 2516 3318 C

2396 3238 2442 3276 1·
2477 3261 2516 3318 C
2561 3236 2784 3306 σήμερον
2813 3230 3024 3283 ἐνώπιον
3056 3239 3147 3282 τού
3191 3229 3470 3302 βασιλικου
3507 3234 3598 3281 καὶ
3632 3231 3890 3298 ἱερατικου
3925 3227 4165 3299 βήματος

784 3312 1031 3369 tiﬁcatui
1065 3314 1486 3370 tantummodo
1504 3331 1644 3369 cum
1660 3331 1908 3386 prorsus
1934 3315 2202 3386 ineptum
2213 3313 2233 3384 j
2247 3311 2443 3382 udico,

783 3417 994 3457 verum
1023 3402 1202 3458 etiam
1239 3402 1538 3459 diaconali
1569 3403 1781 3472 gradu,
1812 3419 1992 3475 quem
2035 3403 2329 3457 hactenus
2363 3405 2446 3456 te-

784 3491 986 3547 nuisse
1016 3492 1264 3563 videtur,
1308 3493 1648 3563 indignum,
1677 3494 1759 3549 ita
1789 3499 1853 3548 ut
1879 3509 1952 3549 ex
1985 3493 2099 3548 hoc
2131 3491 2311 3548 etiam
2344 3490 2446 3562 eji-

787 3580 1035 3637 ciendus
1076 3582 1374 3640 videatur.

855 3673 978 3741 Ego
1011 3672 1388 3728 Caesariensis
1417 3671 1601 3740 hunc,
1635 3676 1840 3745 utpote
1869 3687 2028 3744 saepe
2074 3669 2448 3727 orthodoxite

791 3759 1200 3826 adversatum,
1225 3762 1304 3818 ad
1336 3762 1740 3818 sacerdotium
1769 3778 1894 3817 non
1925 3761 2196 3817 admitto.

859 3853 980 3921 Ego
1011 3851 1346 3908 Corinthius
1373 3851 1574 3919 iudico
1594 3851 1756 3909 hunc
1800 3852 1967 3908 omni
1995 3850 2329 3908 sacerdotio
2356 3849 2450 3905 in-

784 3941 1055 4013 dignum,
1088 3946 1295 4014 utpote
1338 3941 1737 4012 irreligiosum
1770 3947 1826 3998 et
1864 3939 2275 4014 blasphemias
2325 3955 2448 3996 non

788 4031 983 4087 solum
1015 4035 1213 4088 mente
1245 4030 1568 4100 foventem,
1601 4048 1811 4088 verum
1853 4032 2030 4088 etiam
2073 4031 2446 4104 loquentem.

788 4121 1078 4186 Quamvis
1118 4121 1279 4176 enim
1321 4120 1437 4176 illis
1485 4135 1648 4177 nunc
1679 4122 2004 4178 anathema
2033 4121 2201 4190 dixit,
2235 4120 2450 4177 nihilo-

785 4210 988 4266 minus
1009 4209 1346 4266 sacerdotio
1363 4215 1419 4265 et
1439 4209 1597 4266 clero
1613 4211 1950 4267 excluditur
1964 4211 2136 4282 juxta
2153 4225 2449 4280 magnum

782 4299 1178 4355 Athanasium
1203 4299 1676 4356 Alexandrinum
1698 4300 1760 4356 in
1784 4299 2047 4373 Epistola
2076 4299 2155 4356 ad
2186 4299 2449 4356 Ruﬁnia-

783 4404 933 4444 num
971 4388 1348 4461 episcopum,
1375 4389 1668 4462 juxtaque
1700 4390 1849 4446 alios
1888 4389 2126 4446 divinos
2156 4404 2446 4446 canones.

787 4482 950 4537 Certe
979 4479 1272 4551 synodica
1303 4480 1453 4536 sexti
1475 4480 1711 4536 concilii
1737 4480 2008 4536 deﬁnitio
2039 4480 2120 4536 ita
2140 4480 2362 4552 partim
2385 4495 2447 4534 se

781 4569 968 4626 habet
995 4584 1016 4625 .°
1048 4592 1074 4621 ε
1108 4569 1205 4625 His
1242 4569 1446 4642 itaque
1472 4585 1609 4626 cum
1650 4571 1817 4626 omni
1843 4570 2152 4640 diligentia
2175 4585 2442 4642 curaque

786 4661 1007 4717 eximia
1067 4675 1104 4716 a
1150 4659 1329 4716 nobis
1371 4660 1731 4729 constitutis,
1768 4659 2092 4717 deﬁnimus
2122 4659 2352 4716 nemini
2381 4659 2449 4716 li-
2480 4625 2524 4679 Β

787 4767 918 4808 cere
970 4749 1151 4806 aliam
1203 4749 1388 4806 ﬁdem
1437 4744 1703 4822 proferre
1749 4768 1856 4806 seu
1907 4749 2306 4817 conscribere,
2359 4748 2450 4805 vel

787 4855 1174 4912 componere,
1207 4855 1408 4912 neque
1448 4838 1612 4896 aliud
1641 4839 1991 4913 symbolum
2015 4855 2314 4912 exponere
2347 4841 2452 4895 aut

784 4929 1002 4987 docere
1028 4929 1123 4985 vel
1149 4929 1402 4986 tradere.
1433 4952 1460 4980 ››
1495 4931 1563 4986 Et
1590 4930 1800 5002 paucis
1826 4930 2188 5003 interpositis
2221 4948 2234 4986 ε
2291 4950 2314 4980 ε
2349 4929 2450 4985 Vel

785 5035 1015 5077 novum
1061 5018 1350 5092 loquendi
1379 5035 1592 5090 genus,
1626 5037 1729 5076 seu
1757 5018 2198 5077 vocabulorum
2240 5019 2448 5075 inven-

785 5108 1011 5166 tionem
1057 5107 1360 5176 invehere,
1407 5108 1484 5165 ad
1513 5109 1871 5180 dogmatum
1895 5126 2033 5182 quin
2059 5107 2448 5165 deﬁnivimus

787 5197 1263 5254 subversionem.
1320 5197 1494 5264 Quod
1546 5198 1595 5253 si
1643 5197 1703 5253 id
1750 5198 1974 5254 faciant
2023 5197 2292 5271 episcopi
2347 5200 2451 5254 aut

784 5287 1002 5357 clerici,
1046 5287 1402 5360 episcopatu
1450 5291 1507 5344 et
1551 5287 1833 5346 clericatu
1873 5293 2138 5345 extorres
2175 5287 2326 5345 ﬁant
2358 5308 2373 5359 ;
2401 5288 2449 5344 si

863 5711 910 5746 ιο
934 5706 1134 5769 Matth.
1159 5709 1314 5782 mn,
1333 5710 1386 5767 6.

2555 3317 2712 3372 τουδε
2770 3320 3114 3394 ἠκροασάμην
3185 3319 3422 3391 λέγοντος
3484 3321 3693 3387 τούτου,
3761 3317 3820 3370 ού
3876 3321 4028 3388 μόνον
4097 3317 4168 3378 εἰς

2558 3408 2958 3483 ἀρχιερωσύνην
2990 3405 3348 3483 ἀπαράδεκτον
3395 3406 3525 3460 εἶναι
3571 3408 3904 3460 παντάπασιν
3935 3403 4164 3476 ἀποφαί-

2557 3519 2710 3572 νομαι
2739 3499 2914 3566 αὐτόν,
2948 3498 3077 3551 ἀλλὰ
3121 3504 3211 3550 καὶ
3254 3498 3414 3550 αύτου
3441 3517 3532 3549 του
3579 3494 3826 3549 διακόνου
3869 3494 4080 3568 βαθμου
4113 3494 4167 3545 ὃν

2560 3585 2706 3640 δοκεῖ
2734 3593 2859 3650 τέως
2892 3591 3054 3659 ἔχειν,
3073 3587 3280 3650 ἀνάξιος
3301 3587 3468 3644 πάντη
3495 3587 3835 3650 καθέστηκεν,
3863 3587 3932 3644 ὡς
3958 3582 4165 3658 ἀφαιρε-

2559 3683 2674 3730 τέου
2704 3683 2794 3730 καὶ
2820 3681 3005 3730 τούτου
3033 3679 3383 3749 τυγχάνοντος
3405 3675 3458 3738 ἐξ
3487 3675 3665 3728 αύτου.
3757 3665 3764 3680 ’

2633 3771 2762 3839 Ἐγὼ
2787 3764 2844 3819 δὲ
2862 3769 2886 3818 6
2905 3771 3220 3840 Καισαρείας
3244 3769 3309 3826 ὡς
3329 3764 3577 3824 πολλάκις
3597 3766 3733 3816 κατά
3748 3772 3837 3823 τῆς
3859 3759 4168 3837 ὀρθοδοξίας

2561 3856 2713 3908 αὐτόν
2744 3855 2995 3908 ἐνστάντα
3033 3855 3100 3915 εἰς
3143 3855 3423 3930 ἱερωσύνην
3450 3853 3509 3905 ού
3529 3849 3930 3925 παραδέχομαι.

2630 3945 2760 4017 Ἐγὼ
2819 3941 2878 3998 δε
2925 3948 2950 3996 6
3009 3946 3262 4019 Κορίνθου
3302 3948 3461 4020 κρίνω
3510 3962 3692 3995 τουτον
3722 3945 3895 4002 πάσης
3936 3943 4164 4014 ἱερωσύ-

2559 4056 2648 4097 νης
2679 4035 2904 4104 ἀνάξιον,
2955 4039 3018 4096 ὡς
3063 4034 3222 4093 ἀσεϐῆ
3273 4054 3327 4087 τε
3361 4039 3452 4086 καὶ
3490 4032 3784 4106 βλάσφημα
3835 4037 4170 4104 φρονήσαντα

2560 4131 2650 4178 καὶ
2687 4126 2985 4184 λαλήσαντα
3042 4139 3056 4155 ⁶
3113 4125 3156 4177 εἰ
3207 4128 3308 4199 γὰρ
3360 4129 3450 4175 καὶ
3501 4123 3787 4194 ἀναθέματι
3823 4141 3911 4173 νυν
3968 4123 4169 4173 καθυπο

2561 4215 2756 4285 ἔϐαλεν,
2813 4215 2942 4267 ἀλλά
2997 4223 3091 4276 τῆς
3153 4217 3437 4288 ἱερωσύνης
3485 4218 3575 4265 καὶ
3629 4233 3717 4266 του
3772 4211 3965 4285 κλήρου
4021 4210 4168 4262 ἐκϐέ-

2561 4305 2767 4377 ϐληται,
2829 4307 2964 4357 κατά
3013 4308 3100 4356 τόν
3173 4300 3562 4376 Ἀλεξανδρείας
3627 4307 3788 4376 μέγαν
3857 4302 4168 4353 Ἀθανάσιον

2559 4396 2690 4469 πρός
2762 4395 3108 4467 Ῥουφινιανόν
3187 4393 3474 4446 ἐπισκοπον
3535 4392 3835 4467 γράψαντα,
3896 4396 3986 4442 καὶ
4054 4389 4170 4442 καθ’

2561 4485 2765 4558 ἐτέρους
2833 4486 2998 4546 θείους
3059 4487 3276 4546 κανόνας
3327 4499 3338 4510 '
3399 4485 3424 4535 6
3468 4487 3557 4555 μέν
3605 4502 3686 4534 τοι
3741 4477 4020 4542 συνοδικὸς
4053 4484 4168 4554 ὄρος

2561 4583 2656 4636 τῆς
2704 4575 2858 4647 ἀγίας
2900 4575 3050 4634 ἕκτης
3111 4570 3336 4626 συνόδου
3378 4574 3534 4632 οὕτως
3591 4571 3639 4624 ἐν
3693 4577 3836 4644 μέρει
3899 4567 4118 4630 διέξεισι
4152 4586 4164 4598 ⁶

2560 4687 2589 4716 ι(
2655 4667 2862 4718 Τούτων
2937 4670 3108 4717 τοίνυν
3183 4667 3314 4736 μετὰ
3385 4666 3563 4724 πάσης
3631 4660 3899 4734 ἀκριϐείας
3963 4679 4015 4712 τε
4077 4664 4166 4711 καὶ

2561 4754 2832 4828 ἐμμελείας
2902 4751 3236 4826 παντάχόθεν
3311 4753 3433 4826 παρ’
3509 4755 3654 4824 ἡμῶν
3710 4748 4163 4816 διατυπωθέντων,

2561 4846 2800 4918 ὁρίζομεν
2863 4844 3036 4920 ἑτέραν
3116 4849 3297 4897 πίστιν
3376 4840 3565 4916 μηδενὶ
3620 4842 3804 4904 εξείναι
3867 4844 4159 4914 προφέρειν,

2561 4937 2722 5005 ἤγουν
2790 4935 3109 5008 συγγράφειν
3175 4933 3204 4992 ἡ
3277 4934 3571 4984 συντιθέναι
3630 4934 3808 4984 πίστιν
3871 4929 4067 5002 ἑτέραν,
4132 4929 4160 4985 ἦ

2559 5026 2897 5098 προκομίζειν
2943 5024 2972 5082 ἣ
3027 5019 3305 5075 διδάσκειν
3344 5022 3374 5080 ἣ
3431 5016 3791 5096 παραδιδόναι
3828 5020 3993 5094 ἕτερον
4028 5020 4164 5089 σύμ-

2560 5112 2728 5169 ϐολον.
2766 5136 2787 5162 ν
2828 5116 2929 5166 Καὶ
2980 5115 3106 5186 μετά
3158 5132 3274 5165 τινα
3306 5131 3318 5144 ·
3371 5129 3403 5164 ›
3450 5110 3518 5164 Ἠ
3559 5114 3895 5183 καινοφωνίαν
3940 5113 4059 5167 ἤτοι
4088 5107 4166 5159 λέ-

2561 5203 2682 5267 ξεων
2741 5201 3002 5277 ἐφεύρεσιν
3076 5205 3201 5278 πρὸς
3268 5201 3563 5276 ἀνατροπὴν
3631 5201 3856 5272 εἰσάγειν
3913 5206 4012 5251 τῶν
4077 5219 4167 5249 νυν

2559 5297 2680 5368 παρ’
2739 5295 2884 5366 ἡμῶν
2952 5290 3341 5367 διορισθέντων,
3394 5291 3709 5352 ὶπισκόπους
3764 5294 3853 5363 μεν
3921 5293 4068 5349 ὄντας
4135 5288 4165 5345 ἦ

2559 5384 2858 5461 κληρικούς,
2905 5383 3213 5461 ἀλλοτρίους
3264 5382 3393 5437 εἶναι
3441 5392 3533 5444 τῆς
3579 5380 3881 5459 ⁸ἐπισκοπῆς
3941 5384 4029 5432 καὶ
4077 5397 4169 5430 του
