  <div class='ocr_page' id='page_1' title='image "/cluster/home/n/w/nwhite01/storage/ocr_20150623/140/nnc1.0046979905/106.png"; bbox 0 0 4480 6430; ppageno 0'>
   <div class='ocr_carea' id='block_1_1' title="bbox 296 384 398 441">
    <p class='ocr_par' dir='ltr' id='par_1_1' title="bbox 296 384 398 441">
     <span class='ocr_line' id='line_1_1' title="bbox 296 384 398 441; baseline 0.01 -1"><span class='ocrx_word' id='word_1_1' title='bbox 296 384 398 441; x_wconf 71' lang='grc'><strong>193</strong></span> 
     </span>
    </p>
   </div>
   <div class='ocr_carea' id='block_1_2' title="bbox 1611 378 2357 441">
    <p class='ocr_par' dir='ltr' id='par_1_2' title="bbox 1611 378 2357 441">
     <span class='ocr_line' id='line_1_2' title="bbox 1611 378 2357 441; baseline 0.004 -4"><span class='ocrx_word' id='word_1_2' title='bbox 1611 378 1969 439; x_wconf 79' lang='lat' dir='ltr'><strong>THESAURI</strong></span> <span class='ocrx_word' id='word_1_3' title='bbox 2010 383 2137 440; x_wconf 86' lang='lat' dir='ltr'><strong>LIB.</strong></span> <span class='ocrx_word' id='word_1_4' title='bbox 2177 384 2357 441; x_wconf 79' lang='lat' dir='ltr'><strong>XXIV.</strong></span> 
     </span>
    </p>
   </div>
   <div class='ocr_carea' id='block_1_3' title="bbox 3563 392 3667 451">
    <p class='ocr_par' dir='ltr' id='par_1_3' title="bbox 3563 392 3667 451">
     <span class='ocr_line' id='line_1_3' title="bbox 3563 392 3667 451; baseline -0.01 0"><span class='ocrx_word' id='word_1_5' title='bbox 3563 392 3667 451; x_wconf 69' lang='grc'><strong>194</strong></span> 
     </span>
    </p>
   </div>
   <div class='ocr_carea' id='block_1_4' title="bbox 287 501 2056 581">
    <p class='ocr_par' dir='ltr' id='par_1_4' title="bbox 287 501 2056 580">
     <span class='ocr_line' id='line_1_4' title="bbox 287 501 2056 580; baseline -0.001 -21"><span class='ocrx_word' id='word_1_6' title='bbox 287 507 489 580; x_wconf 82' lang='grc' dir='ltr'><strong>κλήρου</strong></span> <span class='ocrx_word' id='word_1_7' title='bbox 518 524 531 537; x_wconf 92' lang='grc'><strong>·</strong></span> <span class='ocrx_word' id='word_1_8' title='bbox 601 506 924 578; x_wconf 77' lang='grc' dir='ltr'><strong>μονάζοντας</strong></span> <span class='ocrx_word' id='word_1_9' title='bbox 992 501 1051 557; x_wconf 76' lang='grc' dir='ltr'><strong>δε</strong></span> <span class='ocrx_word' id='word_1_10' title='bbox 1107 505 1137 564; x_wconf 78' lang='grc' dir='ltr'><strong>ἣ</strong></span> <span class='ocrx_word' id='word_1_11' title='bbox 1205 502 1440 572; x_wconf 73' lang='grc' dir='ltr'><strong>λαῐκοῦς,</strong></span> <span class='ocrx_word' id='word_1_12' title='bbox 1474 548 1489 575; x_wconf 88' lang='grc'><strong>,</strong></span> <span class='ocrx_word' id='word_1_13' title='bbox 1532 502 1901 577; x_wconf 76' lang='grc' dir='ltr'><strong>ἀναθεματίζεο</strong></span> <span class='ocrx_word' id='word_1_14' title='bbox 1936 508 1984 563; x_wconf 78' lang='grc' dir='ltr'><strong>Α</strong></span> <span class='ocrx_word' id='word_1_15' title='bbox 2014 523 2056 563; x_wconf 80' lang='lat' dir='ltr'><strong>u</strong></span> 
     </span>
    </p>
   </div>
   <div class='ocr_carea' id='block_1_5' title="bbox 1899 501 3668 581">
    <p class='ocr_par' dir='ltr' id='par_1_5' title="bbox 1899 508 3668 581">
     <span class='ocr_line' id='line_1_5' title="bbox 1899 508 3668 581; baseline 0.007 -19"><span class='ocrx_word' id='word_1_16' title='bbox 1899 537 1901 544; x_wconf 85' lang='grc'><strong>·</strong></span> <span class='ocrx_word' id='word_1_17' title='bbox 1936 508 1984 563; x_wconf 78' lang='grc' dir='ltr'><strong>Α</strong></span> <span class='ocrx_word' id='word_1_18' title='bbox 2014 509 2298 564; x_wconf 86' lang='lat' dir='ltr'><strong>monachi</strong></span> <span class='ocrx_word' id='word_1_19' title='bbox 2323 514 2425 565; x_wconf 89' lang='lat' dir='ltr'><strong>aut</strong></span> <span class='ocrx_word' id='word_1_20' title='bbox 2453 509 2609 581; x_wconf 84' lang='lat' dir='ltr'><strong>laici,</strong></span> <span class='ocrx_word' id='word_1_21' title='bbox 2633 512 3019 579; x_wconf 83' lang='lat' dir='ltr'><strong>anathemate</strong></span> <span class='ocrx_word' id='word_1_22' title='bbox 3046 513 3353 571; x_wconf 83' lang='lat' dir='ltr'><strong>feriantur.</strong></span> <span class='ocrx_word' id='word_1_23' title='bbox 3382 537 3410 565; x_wconf 83' lang='lat'><strong>»</strong></span> <span class='ocrx_word' id='word_1_24' title='bbox 3441 516 3668 574; x_wconf 86' lang='lat' dir='ltr'><strong>Canoni</strong></span> 
     </span>
    </p>
   </div>
   <div class='ocr_carea' id='block_1_6' title="bbox 292 592 1902 666">
    <p class='ocr_par' dir='ltr' id='par_1_6' title="bbox 292 592 1902 666">
     <span class='ocr_line' id='line_1_6' title="bbox 292 592 1902 666; baseline -0.002 -17"><span class='ocrx_word' id='word_1_25' title='bbox 292 600 443 649; x_wconf 87' lang='grc' dir='ltr'><strong>σθαι.</strong></span> <span class='ocrx_word' id='word_1_26' title='bbox 476 618 504 646; x_wconf 72' lang='grc' dir='ltr'><strong>ιι</strong></span> <span class='ocrx_word' id='word_1_27' title='bbox 536 598 714 666; x_wconf 80' lang='grc' dir='ltr'><strong>Τούτῳ</strong></span> <span class='ocrx_word' id='word_1_28' title='bbox 748 596 1167 666; x_wconf 81' lang='grc' dir='ltr'><strong>συμφθέγγονται</strong></span> <span class='ocrx_word' id='word_1_29' title='bbox 1210 598 1301 645; x_wconf 84' lang='grc' dir='ltr'><strong>καὶ</strong></span> <span class='ocrx_word' id='word_1_30' title='bbox 1343 595 1368 645; x_wconf 87' lang='grc' dir='ltr'><strong>ό</strong></span> <span class='ocrx_word' id='word_1_31' title='bbox 1399 600 1490 653; x_wconf 73' lang='grc' dir='ltr'><strong>τῆς</strong></span> <span class='ocrx_word' id='word_1_32' title='bbox 1512 592 1560 645; x_wconf 75' lang='grc' dir='ltr'><strong>ἓν</strong></span> <span class='ocrx_word' id='word_1_33' title='bbox 1602 598 1798 665; x_wconf 74' lang='grc' dir='ltr'><strong>Νικαίᾳ</strong></span> <span class='ocrx_word' id='word_1_34' title='bbox 1844 598 1902 646; x_wconf 87' lang='grc' dir='ltr'><strong>τὸ</strong></span> 
     </span>
    </p>
   </div>
   <div class='ocr_carea' id='block_1_7' title="bbox 290 679 1903 760">
    <p class='ocr_par' dir='ltr' id='par_1_7' title="bbox 290 679 1903 760">
     <span class='ocr_line' id='line_1_7' title="bbox 290 679 1903 760; baseline -0.003 -22"><span class='ocrx_word' id='word_1_35' title='bbox 290 682 536 760; x_wconf 67' lang='grc' dir='ltr'><strong>δεύτερον</strong></span> <span class='ocrx_word' id='word_1_36' title='bbox 589 682 742 755; x_wconf 86' lang='grc' dir='ltr'><strong>ἀγίας</strong></span> <span class='ocrx_word' id='word_1_37' title='bbox 802 679 1028 735; x_wconf 78' lang='grc' dir='ltr'><strong>συνόδου</strong></span> <span class='ocrx_word' id='word_1_38' title='bbox 1086 684 1221 754; x_wconf 87' lang='grc' dir='ltr'><strong>ὄρος,</strong></span> <span class='ocrx_word' id='word_1_39' title='bbox 1264 686 1355 735; x_wconf 83' lang='grc' dir='ltr'><strong>καὶ</strong></span> <span class='ocrx_word' id='word_1_40' title='bbox 1384 682 1551 757; x_wconf 81' lang='grc' dir='ltr'><strong>ἔτερος</strong></span> <span class='ocrx_word' id='word_1_41' title='bbox 1584 684 1775 755; x_wconf 85' lang='grc' dir='ltr'><strong>θεσμός</strong></span> <span class='ocrx_word' id='word_1_42' title='bbox 1804 691 1903 734; x_wconf 85' lang='grc' dir='ltr'><strong>τῶν</strong></span> 
     </span>
    </p>
   </div>
   <div class='ocr_carea' id='block_1_8' title="bbox 288 774 1150 845">
    <p class='ocr_par' dir='ltr' id='par_1_8' title="bbox 288 774 1150 845">
     <span class='ocr_line' id='line_1_8' title="bbox 288 774 1150 845; baseline 0 -20"><span class='ocrx_word' id='word_1_43' title='bbox 288 774 457 844; x_wconf 88' lang='grc' dir='ltr'><strong>ἀγίων</strong></span> <span class='ocrx_word' id='word_1_44' title='bbox 484 778 573 825; x_wconf 83' lang='grc' dir='ltr'><strong>καὶ</strong></span> <span class='ocrx_word' id='word_1_45' title='bbox 606 775 863 845; x_wconf 75' lang='grc' dir='ltr'><strong>θεοφόρων</strong></span> <span class='ocrx_word' id='word_1_46' title='bbox 891 775 1150 843; x_wconf 79' lang='grc' dir='ltr'><strong>Πατὲρων.</strong></span> 
     </span>
    </p>
   </div>
   <div class='ocr_carea' id='block_1_9' title="bbox 364 858 1906 933">
    <p class='ocr_par' dir='ltr' id='par_1_9' title="bbox 364 858 1906 933">
     <span class='ocr_line' id='line_1_9' title="bbox 364 858 1906 933; baseline -0.001 -19"><span class='ocrx_word' id='word_1_47' title='bbox 364 862 499 933; x_wconf 82' lang='grc' dir='ltr'><strong>Ἐγὼ</strong></span> <span class='ocrx_word' id='word_1_48' title='bbox 530 858 589 913; x_wconf 78' lang='grc' dir='ltr'><strong>δε</strong></span> <span class='ocrx_word' id='word_1_49' title='bbox 619 862 643 912; x_wconf 88' lang='grc' dir='ltr'><strong>ό</strong></span> <span class='ocrx_word' id='word_1_50' title='bbox 672 862 902 917; x_wconf 79' lang='grc' dir='ltr'><strong>Ἀθηνῶν</strong></span> <span class='ocrx_word' id='word_1_51' title='bbox 934 859 1029 930; x_wconf 61' lang='grc' dir='ltr'><strong>ὀψέ</strong></span> <span class='ocrx_word' id='word_1_52' title='bbox 1068 879 1200 931; x_wconf 81' lang='grc' dir='ltr'><strong>φημι</strong></span> <span class='ocrx_word' id='word_1_53' title='bbox 1252 863 1340 911; x_wconf 79' lang='grc' dir='ltr'><strong>καὶ</strong></span> <span class='ocrx_word' id='word_1_54' title='bbox 1370 858 1515 931; x_wconf 86' lang='grc' dir='ltr'><strong>μόλις</strong></span> <span class='ocrx_word' id='word_1_55' title='bbox 1546 862 1906 932; x_wconf 86' lang='grc' dir='ltr'><strong>μεταμαθόντα</strong></span> 
     </span>
    </p>
   </div>
   <div class='ocr_carea' id='block_1_10' title="bbox 289 947 1905 1020">
    <p class='ocr_par' dir='ltr' id='par_1_10' title="bbox 289 947 1905 1020">
     <span class='ocr_line' id='line_1_10' title="bbox 289 947 1905 1020; baseline -0.001 -17"><span class='ocrx_word' id='word_1_56' title='bbox 289 952 448 1003; x_wconf 66' lang='grc' dir='ltr'><strong>αὑτὸν</strong></span> <span class='ocrx_word' id='word_1_57' title='bbox 504 954 599 1009; x_wconf 79' lang='grc' dir='ltr'><strong>τήν</strong></span> <span class='ocrx_word' id='word_1_58' title='bbox 670 948 911 1002; x_wconf 73' lang='grc' dir='ltr'><strong>ἀσέϐειαν</strong></span> <span class='ocrx_word' id='word_1_59' title='bbox 941 991 959 1013; x_wconf 82' lang='grc'><strong>,</strong></span> <span class='ocrx_word' id='word_1_60' title='bbox 1032 952 1122 999; x_wconf 81' lang='grc' dir='ltr'><strong>καὶ</strong></span> <span class='ocrx_word' id='word_1_61' title='bbox 1188 956 1357 1000; x_wconf 77' lang='grc' dir='ltr'><strong>ταῦτα</strong></span> <span class='ocrx_word' id='word_1_62' title='bbox 1421 947 1719 1020; x_wconf 58' lang='grc' dir='ltr'><strong>ὑπο-,νήφων</strong></span> <span class='ocrx_word' id='word_1_63' title='bbox 1782 953 1905 1001; x_wconf 81' lang='grc' dir='ltr'><strong>ὄντα</strong></span> 
     </span>
    </p>
   </div>
   <div class='ocr_carea' id='block_1_11' title="bbox 286 1033 1894 1115">
    <p class='ocr_par' dir='ltr' id='par_1_11' title="bbox 286 1033 1894 1115">
     <span class='ocr_line' id='line_1_11' title="bbox 286 1033 1894 1115; baseline -0.002 -22"><span class='ocrx_word' id='word_1_64' title='bbox 286 1042 657 1115; x_wconf 88' lang='grc' dir='ltr'><strong>πατριάρχην,</strong></span> <span class='ocrx_word' id='word_1_65' title='bbox 685 1038 753 1098; x_wconf 79' lang='grc' dir='ltr'><strong>εἰς</strong></span> <span class='ocrx_word' id='word_1_66' title='bbox 794 1040 1076 1113; x_wconf 72' lang='grc' dir='ltr'><strong>ἱερωσύνην</strong></span> <span class='ocrx_word' id='word_1_67' title='bbox 1104 1036 1198 1088; x_wconf 68' lang='grc' dir='ltr'><strong>οὐκ</strong></span> <span class='ocrx_word' id='word_1_68' title='bbox 1221 1038 1283 1088; x_wconf 84' lang='grc' dir='ltr'><strong>οἶν</strong></span> <span class='ocrx_word' id='word_1_69' title='bbox 1340 1055 1464 1088; x_wconf 80' lang='grc' dir='ltr'><strong>ποτε</strong></span> <span class='ocrx_word' id='word_1_70' title='bbox 1490 1033 1894 1110; x_wconf 75' lang='grc' dir='ltr'><strong>παραδεξωμαιο</strong></span> 
     </span>
    </p>
   </div>
   <div class='ocr_carea' id='block_1_12' title="bbox 288 1122 1903 1200">
    <p class='ocr_par' dir='ltr' id='par_1_12' title="bbox 288 1122 1903 1200">
     <span class='ocr_line' id='line_1_12' title="bbox 288 1122 1903 1200; baseline -0.001 -19"><span class='ocrx_word' id='word_1_71' title='bbox 288 1128 423 1181; x_wconf 80' lang='grc' dir='ltr'><strong>ἀλλὰ</strong></span> <span class='ocrx_word' id='word_1_72' title='bbox 486 1130 583 1179; x_wconf 76' lang='grc' dir='ltr'><strong>κάν</strong></span> <span class='ocrx_word' id='word_1_73' title='bbox 657 1145 787 1186; x_wconf 84' lang='grc' dir='ltr'><strong>τινες</strong></span> <span class='ocrx_word' id='word_1_74' title='bbox 852 1122 1251 1200; x_wconf 77' lang='grc' dir='ltr'><strong>παραδέξωνται</strong></span> <span class='ocrx_word' id='word_1_75' title='bbox 1286 1169 1298 1191; x_wconf 91' lang='grc'><strong>,</strong></span> <span class='ocrx_word' id='word_1_76' title='bbox 1366 1125 1545 1178; x_wconf 74' lang='grc' dir='ltr'><strong>ἑαυτὸν</strong></span> <span class='ocrx_word' id='word_1_77' title='bbox 1612 1124 1665 1188; x_wconf 72' lang='grc' dir='ltr'><em>ἐξ</em></span> <span class='ocrx_word' id='word_1_78' title='bbox 1737 1128 1903 1179; x_wconf 68' lang='grc' dir='ltr'><strong>αὐτῶν</strong></span> 
     </span>
    </p>
   </div>
   <div class='ocr_carea' id='block_1_13' title="bbox 288 1216 690 1291">
    <p class='ocr_par' dir='ltr' id='par_1_13' title="bbox 288 1216 690 1291">
     <span class='ocr_line' id='line_1_13' title="bbox 288 1216 690 1291; baseline 0.002 -22"><span class='ocrx_word' id='word_1_79' title='bbox 288 1216 690 1291; x_wconf 76' lang='grc' dir='ltr'><strong>ἀπορρήγνυμι.</strong></span> 
     </span>
    </p>
   </div>
   <div class='ocr_carea' id='block_1_14' title="bbox 360 1302 1907 1379">
    <p class='ocr_par' dir='ltr' id='par_1_14' title="bbox 360 1302 1907 1379">
     <span class='ocr_line' id='line_1_14' title="bbox 360 1302 1907 1379; baseline -0.002 -20"><span class='ocrx_word' id='word_1_80' title='bbox 360 1308 498 1377; x_wconf 81' lang='grc' dir='ltr'><strong>Ἐγὼ</strong></span> <span class='ocrx_word' id='word_1_81' title='bbox 518 1302 617 1358; x_wconf 62' lang='grc' dir='ltr'><strong>διὸ</strong></span> <span class='ocrx_word' id='word_1_82' title='bbox 642 1310 940 1378; x_wconf 80' lang='grc' dir='ltr'><strong>Λαρίσσης,</strong></span> <span class='ocrx_word' id='word_1_83' title='bbox 968 1313 1041 1375; x_wconf 81' lang='grc' dir='ltr'><strong>τῷ</strong></span> <span class='ocrx_word' id='word_1_84' title='bbox 1064 1304 1296 1362; x_wconf 81' lang='grc' dir='ltr'><strong>Ἀθηνῶν</strong></span> <span class='ocrx_word' id='word_1_85' title='bbox 1322 1302 1367 1363; x_wconf 76' lang='grc' dir='ltr'><strong>ἐς</strong></span> <span class='ocrx_word' id='word_1_86' title='bbox 1385 1306 1451 1355; x_wconf 89' lang='grc' dir='ltr'><strong>τά</strong></span> <span class='ocrx_word' id='word_1_87' title='bbox 1476 1307 1652 1355; x_wconf 78' lang='grc' dir='ltr'><strong>λοιπὸν</strong></span> <span class='ocrx_word' id='word_1_88' title='bbox 1676 1323 1907 1379; x_wconf 87' lang='grc' dir='ltr'><strong>συμφρο-</strong></span> 
     </span>
    </p>
   </div>
   <div class='ocr_carea' id='block_1_15' title="bbox 286 1391 1906 1465">
    <p class='ocr_par' dir='ltr' id='par_1_15' title="bbox 286 1391 1906 1465">
     <span class='ocr_line' id='line_1_15' title="bbox 286 1391 1906 1465; baseline -0.001 -20"><span class='ocrx_word' id='word_1_89' title='bbox 286 1404 408 1461; x_wconf 84' lang='grc' dir='ltr'><strong>νῶν,</strong></span> <span class='ocrx_word' id='word_1_90' title='bbox 437 1394 538 1446; x_wconf 82' lang='grc' dir='ltr'><strong>ἀπὸ</strong></span> <span class='ocrx_word' id='word_1_91' title='bbox 578 1402 668 1454; x_wconf 80' lang='grc' dir='ltr'><strong>τῆς</strong></span> <span class='ocrx_word' id='word_1_92' title='bbox 692 1401 785 1445; x_wconf 72' lang='grc' dir='ltr'><strong>τοῦ</strong></span> <span class='ocrx_word' id='word_1_93' title='bbox 816 1392 1042 1463; x_wconf 84' lang='grc' dir='ltr'><strong>μεγάλου</strong></span> <span class='ocrx_word' id='word_1_94' title='bbox 1081 1391 1269 1465; x_wconf 83' lang='grc' dir='ltr'><strong>μᾶλλον</strong></span> <span class='ocrx_word' id='word_1_95' title='bbox 1299 1392 1611 1445; x_wconf 83' lang='grc' dir='ltr'><strong>Ἀθανασίου</strong></span> <span class='ocrx_word' id='word_1_96' title='bbox 1634 1392 1906 1453; x_wconf 75' lang='grc' dir='ltr'><strong>ἐπιστολῆς</strong></span> 
     </span>
    </p>
   </div>
   <div class='ocr_carea' id='block_1_16' title="bbox 285 1479 1906 1557">
    <p class='ocr_par' dir='ltr' id='par_1_16' title="bbox 285 1479 1906 1557">
     <span class='ocr_line' id='line_1_16' title="bbox 285 1479 1906 1557; baseline -0.002 -21"><span class='ocrx_word' id='word_1_97' title='bbox 285 1483 637 1557; x_wconf 72' lang='grc' dir='ltr'><strong>ἀποκηρύττω</strong></span> <span class='ocrx_word' id='word_1_98' title='bbox 703 1490 885 1534; x_wconf 75' lang='grc' dir='ltr'><strong>τοῦτον</strong></span> <span class='ocrx_word' id='word_1_99' title='bbox 945 1489 1038 1533; x_wconf 67' lang='grc' dir='ltr'><strong>τοῦ</strong></span> <span class='ocrx_word' id='word_1_100' title='bbox 1088 1484 1350 1555; x_wconf 72' lang='grc' dir='ltr'><strong>ἱερατικοῦ</strong></span> <span class='ocrx_word' id='word_1_101' title='bbox 1415 1484 1607 1542; x_wconf 86' lang='grc' dir='ltr'><strong>παντὸς</strong></span> <span class='ocrx_word' id='word_1_102' title='bbox 1670 1479 1906 1553; x_wconf 78' lang='grc' dir='ltr'><strong>ἀξιωμα-</strong></span> 
     </span>
    </p>
   </div>
   <div class='ocr_carea' id='block_1_17' title="bbox 283 1592 400 1634">
    <p class='ocr_par' dir='ltr' id='par_1_17' title="bbox 283 1592 400 1634">
     <span class='ocr_line' id='line_1_17' title="bbox 283 1592 400 1634; baseline 0.009 -11"><span class='ocrx_word' id='word_1_103' title='bbox 283 1592 400 1634; x_wconf 89' lang='grc' dir='ltr'><strong>τος.</strong></span> 
     </span>
    </p>
   </div>
   <div class='ocr_carea' id='block_1_18' title="bbox 359 1655 1905 1733">
    <p class='ocr_par' dir='ltr' id='par_1_18' title="bbox 359 1655 1905 1733">
     <span class='ocr_line' id='line_1_18' title="bbox 359 1655 1905 1733; baseline -0.001 -22"><span class='ocrx_word' id='word_1_104' title='bbox 359 1660 496 1731; x_wconf 85' lang='grc' dir='ltr'><strong>Ἐγὼ</strong></span> <span class='ocrx_word' id='word_1_105' title='bbox 556 1656 614 1711; x_wconf 70' lang='grc' dir='ltr'><strong>δὲ</strong></span> <span class='ocrx_word' id='word_1_106' title='bbox 650 1660 676 1710; x_wconf 87' lang='grc' dir='ltr'><strong>ό</strong></span> <span class='ocrx_word' id='word_1_107' title='bbox 709 1655 1194 1733; x_wconf 83' lang='grc' dir='ltr'><strong>Ἀδριανουπόλεως</strong></span> <span class='ocrx_word' id='word_1_108' title='bbox 1246 1665 1400 1710; x_wconf 83' lang='grc' dir='ltr'><strong>τοῦτο</strong></span> <span class='ocrx_word' id='word_1_109' title='bbox 1466 1658 1597 1729; x_wconf 77' lang='grc' dir='ltr'><strong>λέγω</strong></span> <span class='ocrx_word' id='word_1_110' title='bbox 1624 1703 1638 1728; x_wconf 87' lang='grc'><strong>,</strong></span> <span class='ocrx_word' id='word_1_111' title='bbox 1675 1660 1788 1726; x_wconf 84' lang='grc' dir='ltr'><strong>ὅτι,</strong></span> <span class='ocrx_word' id='word_1_112' title='bbox 1821 1657 1905 1710; x_wconf 57' lang='lat' dir='ltr'><strong>ea»</strong></span> 
     </span>
    </p>
   </div>
   <div class='ocr_carea' id='block_1_19' title="bbox 288 1746 1905 1822">
    <p class='ocr_par' dir='ltr' id='par_1_19' title="bbox 288 1746 1905 1822">
     <span class='ocr_line' id='line_1_19' title="bbox 288 1746 1905 1822; baseline -0.001 -21"><span class='ocrx_word' id='word_1_113' title='bbox 288 1750 396 1801; x_wconf 81' lang='grc' dir='ltr'><strong>ἀπὸ</strong></span> <span class='ocrx_word' id='word_1_114' title='bbox 429 1758 529 1800; x_wconf 80' lang='grc' dir='ltr'><strong>τῶν</strong></span> <span class='ocrx_word' id='word_1_115' title='bbox 579 1750 727 1800; x_wconf 83' lang='grc' dir='ltr'><strong>θείων</strong></span> <span class='ocrx_word' id='word_1_116' title='bbox 762 1752 852 1799; x_wconf 82' lang='grc' dir='ltr'><strong>καὶ</strong></span> <span class='ocrx_word' id='word_1_117' title='bbox 892 1746 1169 1822; x_wconf 81' lang='grc' dir='ltr'><strong>ἀχράντων</strong></span> <span class='ocrx_word' id='word_1_118' title='bbox 1224 1747 1603 1818; x_wconf 68' lang='grc' dir='ltr'><strong>εὐαγγελιστών</strong></span> <span class='ocrx_word' id='word_1_119' title='bbox 1638 1790 1651 1813; x_wconf 94' lang='grc'><strong>,</strong></span> <span class='ocrx_word' id='word_1_120' title='bbox 1685 1752 1773 1799; x_wconf 87' lang='grc' dir='ltr'><strong>καὶ</strong></span> <span class='ocrx_word' id='word_1_121' title='bbox 1805 1756 1905 1799; x_wconf 83' lang='grc' dir='ltr'><strong>τῶν</strong></span> 
     </span>
    </p>
   </div>
   <div class='ocr_carea' id='block_1_20' title="bbox 2012 596 3667 676">
    <p class='ocr_par' dir='ltr' id='par_1_20' title="bbox 2012 596 3667 676">
     <span class='ocr_line' id='line_1_20' title="bbox 2012 596 3667 676; baseline 0.005 -25"><span class='ocrx_word' id='word_1_122' title='bbox 2012 596 2152 652; x_wconf 87' lang='lat' dir='ltr'><strong>huic</strong></span> <span class='ocrx_word' id='word_1_123' title='bbox 2194 612 2463 654; x_wconf 88' lang='lat' dir='ltr'><strong>consona</strong></span> <span class='ocrx_word' id='word_1_124' title='bbox 2507 600 2791 657; x_wconf 76' lang='lat' dir='ltr'><strong>secundae</strong></span> <span class='ocrx_word' id='word_1_125' title='bbox 2847 618 3094 675; x_wconf 88' lang='lat' dir='ltr'><strong>quoque</strong></span> <span class='ocrx_word' id='word_1_126' title='bbox 3148 603 3397 659; x_wconf 59' lang='lat' dir='ltr'><strong>Nicaeum</strong></span> <span class='ocrx_word' id='word_1_127' title='bbox 3449 606 3667 676; x_wconf 90' lang='lat' dir='ltr'><strong>synodi</strong></span> 
     </span>
    </p>
   </div>
   <div class='ocr_carea' id='block_1_21' title="bbox 2012 686 3667 765">
    <p class='ocr_par' dir='ltr' id='par_1_21' title="bbox 2012 686 3667 765">
     <span class='ocr_line' id='line_1_21' title="bbox 2012 686 3667 765; baseline 0.007 -25"><span class='ocrx_word' id='word_1_128' title='bbox 2012 686 2302 755; x_wconf 74' lang='lat' dir='ltr'><strong>definitio,</strong></span> <span class='ocrx_word' id='word_1_129' title='bbox 2328 692 2507 760; x_wconf 89' lang='lat' dir='ltr'><strong>atque</strong></span> <span class='ocrx_word' id='word_1_130' title='bbox 2535 688 2662 744; x_wconf 69' lang='lat' dir='ltr'><strong>alite</strong></span> <span class='ocrx_word' id='word_1_131' title='bbox 2682 691 2862 746; x_wconf 92' lang='lat' dir='ltr'><strong>etiam</strong></span> <span class='ocrx_word' id='word_1_132' title='bbox 2891 696 3239 748; x_wconf 88' lang='lat' dir='ltr'><strong>sanctorum</strong></span> <span class='ocrx_word' id='word_1_133' title='bbox 3282 698 3461 765; x_wconf 90' lang='lat' dir='ltr'><strong>atque</strong></span> <span class='ocrx_word' id='word_1_134' title='bbox 3487 709 3522 749; x_wconf 89' lang='lat' dir='ltr'><strong>a</strong></span> <span class='ocrx_word' id='word_1_135' title='bbox 3548 697 3667 752; x_wconf 92' lang='lat' dir='ltr'><strong>Deo</strong></span> 
     </span>
    </p>
   </div>
   <div class='ocr_carea' id='block_1_22' title="bbox 2014 774 3035 836">
    <p class='ocr_par' dir='ltr' id='par_1_22' title="bbox 2014 774 3035 836">
     <span class='ocr_line' id='line_1_22' title="bbox 2014 774 3035 836; baseline 0.003 -6"><span class='ocrx_word' id='word_1_136' title='bbox 2014 774 2351 831; x_wconf 76' lang='lat' dir='ltr'><strong>aiﬂatorum</strong></span> <span class='ocrx_word' id='word_1_137' title='bbox 2374 779 2611 833; x_wconf 80' lang='lat' dir='ltr'><strong>Patrum</strong></span> <span class='ocrx_word' id='word_1_138' title='bbox 2633 779 3035 836; x_wconf 78' lang='lat' dir='ltr'><strong>auctoritates.</strong></span> 
     </span>
    </p>
   </div>
   <div class='ocr_carea' id='block_1_23' title="bbox 2086 864 3667 944">
    <p class='ocr_par' dir='ltr' id='par_1_23' title="bbox 2086 864 3667 944">
     <span class='ocr_line' id='line_1_23' title="bbox 2086 864 3667 944; baseline 0.005 -25"><span class='ocrx_word' id='word_1_139' title='bbox 2086 867 2208 934; x_wconf 84' lang='lat' dir='ltr'><strong>Ego</strong></span> <span class='ocrx_word' id='word_1_140' title='bbox 2233 864 2613 921; x_wconf 82' lang='lat' dir='ltr'><strong>Atheniensis</strong></span> <span class='ocrx_word' id='word_1_141' title='bbox 2645 866 2806 923; x_wconf 89' lang='lat' dir='ltr'><strong>hunc</strong></span> <span class='ocrx_word' id='word_1_142' title='bbox 2832 868 2931 923; x_wconf 83' lang='lat' dir='ltr'><strong>vix</strong></span> <span class='ocrx_word' id='word_1_143' title='bbox 2959 884 3215 941; x_wconf 90' lang='lat' dir='ltr'><strong>seroque</strong></span> <span class='ocrx_word' id='word_1_144' title='bbox 3246 885 3283 925; x_wconf 89' lang='lat' dir='ltr'><strong>a</strong></span> <span class='ocrx_word' id='word_1_145' title='bbox 3312 886 3422 927; x_wconf 89' lang='lat' dir='ltr'><strong>sua</strong></span> <span class='ocrx_word' id='word_1_146' title='bbox 3462 870 3667 944; x_wconf 89' lang='lat' dir='ltr'><strong>impie-</strong></span> 
     </span>
    </p>
   </div>
   <div class='ocr_carea' id='block_1_24' title="bbox 2014 953 3669 1032">
    <p class='ocr_par' dir='ltr' id='par_1_24' title="bbox 2014 953 3669 1032">
     <span class='ocr_line' id='line_1_24' title="bbox 2014 953 3669 1032; baseline 0.004 -23"><span class='ocrx_word' id='word_1_147' title='bbox 2014 957 2132 1009; x_wconf 84' lang='lat' dir='ltr'><strong>tate</strong></span> <span class='ocrx_word' id='word_1_148' title='bbox 2169 953 2571 1025; x_wconf 87' lang='lat' dir='ltr'><strong>recedentem,</strong></span> <span class='ocrx_word' id='word_1_149' title='bbox 2616 960 2674 1011; x_wconf 88' lang='lat' dir='ltr'><strong>et</strong></span> <span class='ocrx_word' id='word_1_150' title='bbox 2724 956 2971 1028; x_wconf 88' lang='lat' dir='ltr'><strong>quidem</strong></span> <span class='ocrx_word' id='word_1_151' title='bbox 3020 973 3159 1012; x_wconf 92' lang='lat' dir='ltr'><strong>cum</strong></span> <span class='ocrx_word' id='word_1_152' title='bbox 3198 958 3329 1029; x_wconf 93' lang='lat' dir='ltr'><strong>jam</strong></span> <span class='ocrx_word' id='word_1_153' title='bbox 3380 965 3538 1015; x_wconf 78' lang='lat' dir='ltr'><strong>esset</strong></span> <span class='ocrx_word' id='word_1_154' title='bbox 3566 976 3669 1032; x_wconf 85' lang='lat' dir='ltr'><strong>pa-</strong></span> 
     </span>
    </p>
   </div>
   <div class='ocr_carea' id='block_1_25' title="bbox 2015 1042 3671 1120">
    <p class='ocr_par' dir='ltr' id='par_1_25' title="bbox 2015 1042 3671 1120">
     <span class='ocr_line' id='line_1_25' title="bbox 2015 1042 3671 1120; baseline 0.004 -22"><span class='ocrx_word' id='word_1_155' title='bbox 2015 1042 2273 1099; x_wconf 92' lang='lat' dir='ltr'><strong>triarcha</strong></span> <span class='ocrx_word' id='word_1_156' title='bbox 2302 1042 2543 1110; x_wconf 87' lang='lat' dir='ltr'><strong>electus,</strong></span> <span class='ocrx_word' id='word_1_157' title='bbox 2570 1043 2649 1099; x_wconf 81' lang='lat' dir='ltr'><strong>ad</strong></span> <span class='ocrx_word' id='word_1_158' title='bbox 2680 1045 3082 1101; x_wconf 81' lang='lat' dir='ltr'><strong>sacerdotium</strong></span> <span class='ocrx_word' id='word_1_159' title='bbox 3106 1062 3422 1120; x_wconf 88' lang='lat' dir='ltr'><strong>nunquam</strong></span> <span class='ocrx_word' id='word_1_160' title='bbox 3456 1047 3671 1104; x_wconf 85' lang='lat' dir='ltr'><strong>admit-</strong></span> 
     </span>
    </p>
   </div>
   <div class='ocr_carea' id='block_1_26' title="bbox 2014 1132 3669 1205">
    <p class='ocr_par' dir='ltr' id='par_1_26' title="bbox 2014 1132 3669 1205">
     <span class='ocr_line' id='line_1_26' title="bbox 2014 1132 3669 1205; baseline 0.004 -18"><span class='ocrx_word' id='word_1_161' title='bbox 2014 1136 2161 1188; x_wconf 88' lang='lat' dir='ltr'><strong>tam.</strong></span> <span class='ocrx_word' id='word_1_162' title='bbox 2212 1132 2365 1198; x_wconf 86' lang='lat' dir='ltr'><strong>Quin</strong></span> <span class='ocrx_word' id='word_1_163' title='bbox 2412 1132 2461 1188; x_wconf 91' lang='lat' dir='ltr'><strong>si</strong></span> <span class='ocrx_word' id='word_1_164' title='bbox 2511 1133 2616 1205; x_wconf 91' lang='lat' dir='ltr'><strong>qui</strong></span> <span class='ocrx_word' id='word_1_165' title='bbox 2673 1149 2814 1190; x_wconf 92' lang='lat' dir='ltr'><strong>eum</strong></span> <span class='ocrx_word' id='word_1_166' title='bbox 2870 1134 3244 1198; x_wconf 84' lang='lat' dir='ltr'><strong>admiserint,</strong></span> <span class='ocrx_word' id='word_1_167' title='bbox 3298 1152 3395 1193; x_wconf 90' lang='lat' dir='ltr'><strong>me</strong></span> <span class='ocrx_word' id='word_1_168' title='bbox 3442 1138 3522 1195; x_wconf 87' lang='lat' dir='ltr'><strong>ab</strong></span> <span class='ocrx_word' id='word_1_169' title='bbox 3573 1137 3669 1194; x_wconf 89' lang='lat' dir='ltr'><strong>his</strong></span> 
     </span>
    </p>
   </div>
   <div class='ocr_carea' id='block_1_27' title="bbox 2015 1236 2284 1290">
    <p class='ocr_par' dir='ltr' id='par_1_27' title="bbox 2015 1236 2284 1290">
     <span class='ocr_line' id='line_1_27' title="bbox 2015 1236 2284 1290; baseline 0 -15"><span class='ocrx_word' id='word_1_170' title='bbox 2015 1236 2284 1290; x_wconf 80' lang='lat' dir='ltr'><strong>segrego.</strong></span> 
     </span>
    </p>
   </div>
   <div class='ocr_carea' id='block_1_28' title="bbox 2086 1310 3669 1387">
    <p class='ocr_par' dir='ltr' id='par_1_28' title="bbox 2086 1310 3669 1387">
     <span class='ocr_line' id='line_1_28' title="bbox 2086 1310 3669 1387; baseline 0.004 -23"><span class='ocrx_word' id='word_1_171' title='bbox 2086 1314 2206 1380; x_wconf 82' lang='lat' dir='ltr'><strong>Ego</strong></span> <span class='ocrx_word' id='word_1_172' title='bbox 2292 1310 2614 1365; x_wconf 65' lang='lat' dir='ltr'><strong>Larissaeus</strong></span> <span class='ocrx_word' id='word_1_173' title='bbox 2694 1326 2833 1367; x_wconf 94' lang='lat' dir='ltr'><strong>cum</strong></span> <span class='ocrx_word' id='word_1_174' title='bbox 2927 1312 3274 1369; x_wconf 81' lang='lat' dir='ltr'><strong>Atheniensi</strong></span> <span class='ocrx_word' id='word_1_175' title='bbox 3346 1315 3669 1387; x_wconf 65' lang='lat' dir='ltr'><strong>cieteroqui</strong></span> 
     </span>
    </p>
   </div>
   <div class='ocr_carea' id='block_1_29' title="bbox 2015 1398 3669 1473">
    <p class='ocr_par' dir='ltr' id='par_1_29' title="bbox 2015 1398 3669 1473">
     <span class='ocr_line' id='line_1_29' title="bbox 2015 1398 3669 1473; baseline 0.002 -17"><span class='ocrx_word' id='word_1_176' title='bbox 2015 1400 2418 1466; x_wconf 89' lang='lat' dir='ltr'><strong>consentiens,</strong></span> <span class='ocrx_word' id='word_1_177' title='bbox 2476 1398 2658 1455; x_wconf 83' lang='lat' dir='ltr'><strong>fretus</strong></span> <span class='ocrx_word' id='word_1_178' title='bbox 2709 1401 2915 1471; x_wconf 80' lang='lat' dir='ltr'><strong>magni</strong></span> <span class='ocrx_word' id='word_1_179' title='bbox 2978 1403 3308 1473; x_wconf 66' lang='lat' dir='ltr'><strong>praesertim</strong></span> <span class='ocrx_word' id='word_1_180' title='bbox 3358 1403 3669 1459; x_wconf 79' lang='lat' dir='ltr'><strong>Athanasii</strong></span> 
     </span>
    </p>
   </div>
   <div class='ocr_carea' id='block_1_30' title="bbox 2015 1487 3667 1559">
    <p class='ocr_par' dir='ltr' id='par_1_30' title="bbox 2015 1487 3667 1559">
     <span class='ocr_line' id='line_1_30' title="bbox 2015 1487 3667 1559; baseline 0.002 -16"><span class='ocrx_word' id='word_1_181' title='bbox 2015 1487 2307 1559; x_wconf 88' lang='lat' dir='ltr'><strong>epistola,</strong></span> <span class='ocrx_word' id='word_1_182' title='bbox 2378 1487 2518 1542; x_wconf 88' lang='lat' dir='ltr'><strong>huic</strong></span> <span class='ocrx_word' id='word_1_183' title='bbox 2583 1487 2814 1544; x_wconf 89' lang='lat' dir='ltr'><strong>homini</strong></span> <span class='ocrx_word' id='word_1_184' title='bbox 2886 1504 3130 1545; x_wconf 89' lang='lat' dir='ltr'><strong>omnem</strong></span> <span class='ocrx_word' id='word_1_185' title='bbox 3198 1489 3667 1547; x_wconf 87' lang='lat' dir='ltr'><strong>ecclesiasticam</strong></span> 
     </span>
    </p>
   </div>
   <div class='ocr_carea' id='block_1_31' title="bbox 2014 1576 2704 1647">
    <p class='ocr_par' dir='ltr' id='par_1_31' title="bbox 2014 1576 2704 1647">
     <span class='ocr_line' id='line_1_31' title="bbox 2014 1576 2704 1647; baseline 0 -14"><span class='ocrx_word' id='word_1_186' title='bbox 2014 1576 2366 1646; x_wconf 88' lang='lat' dir='ltr'><strong>dignitatem</strong></span> <span class='ocrx_word' id='word_1_187' title='bbox 2399 1576 2704 1647; x_wconf 87' lang='lat' dir='ltr'><strong>abjudico.</strong></span> 
     </span>
    </p>
   </div>
   <div class='ocr_carea' id='block_1_32' title="bbox 2086 1665 3667 1739">
    <p class='ocr_par' dir='ltr' id='par_1_32' title="bbox 2086 1665 3667 1739">
     <span class='ocr_line' id='line_1_32' title="bbox 2086 1665 3667 1739; baseline 0.002 -19"><span class='ocrx_word' id='word_1_188' title='bbox 2086 1668 2207 1736; x_wconf 82' lang='lat' dir='ltr'><strong>Ego</strong></span> <span class='ocrx_word' id='word_1_189' title='bbox 2237 1665 2809 1738; x_wconf 82' lang='lat' dir='ltr'><strong>Adrianopolitanus</strong></span> <span class='ocrx_word' id='word_1_190' title='bbox 2863 1667 2980 1733; x_wconf 92' lang='lat' dir='ltr'><strong>aio,</strong></span> <span class='ocrx_word' id='word_1_191' title='bbox 3010 1667 3175 1739; x_wconf 90' lang='lat' dir='ltr'><strong>quod</strong></span> <span class='ocrx_word' id='word_1_192' title='bbox 3225 1668 3277 1724; x_wconf 91' lang='lat' dir='ltr'><strong>si</strong></span> <span class='ocrx_word' id='word_1_193' title='bbox 3314 1668 3667 1739; x_wconf 90' lang='lat' dir='ltr'><strong>jubentibus</strong></span> 
     </span>
    </p>
   </div>
   <div class='ocr_carea' id='block_1_33' title="bbox 2013 1755 3671 1830">
    <p class='ocr_par' dir='ltr' id='par_1_33' title="bbox 2013 1755 3671 1830">
     <span class='ocr_line' id='line_1_33' title="bbox 2013 1755 3671 1830; baseline 0.002 -20"><span class='ocrx_word' id='word_1_194' title='bbox 2013 1755 2168 1810; x_wconf 90' lang='lat' dir='ltr'><strong>divis</strong></span> <span class='ocrx_word' id='word_1_195' title='bbox 2229 1755 2712 1827; x_wconf 86' lang='lat' dir='ltr'><strong>incorruptisque</strong></span> <span class='ocrx_word' id='word_1_196' title='bbox 2783 1756 3188 1827; x_wconf 90' lang='lat' dir='ltr'><strong>evangelistis,</strong></span> <span class='ocrx_word' id='word_1_197' title='bbox 3244 1757 3553 1830; x_wconf 86' lang='lat' dir='ltr'><strong>sacrisque</strong></span> <span class='ocrx_word' id='word_1_198' title='bbox 3615 1762 3671 1814; x_wconf 90' lang='lat' dir='ltr'><strong>et</strong></span> 
     </span>
    </p>
   </div>
   <div class='ocr_carea' id='block_1_34' title="bbox 289 1832 2058 1918">
    <p class='ocr_par' dir='ltr' id='par_1_34' title="bbox 289 1832 2054 1913">
     <span class='ocr_line' id='line_1_34' title="bbox 289 1832 2054 1913; baseline -0.002 -23"><span class='ocrx_word' id='word_1_199' title='bbox 289 1840 439 1912; x_wconf 77' lang='grc' dir='ltr'><strong>ιερῶν</strong></span> <span class='ocrx_word' id='word_1_200' title='bbox 469 1842 554 1889; x_wconf 82' lang='grc' dir='ltr'><strong>κοὶ</strong></span> <span class='ocrx_word' id='word_1_201' title='bbox 600 1839 745 1889; x_wconf 86' lang='grc' dir='ltr'><strong>θείων</strong></span> <span class='ocrx_word' id='word_1_202' title='bbox 797 1840 1022 1888; x_wconf 79' lang='grc' dir='ltr'><strong>κανόνων</strong></span> <span class='ocrx_word' id='word_1_203' title='bbox 1056 1879 1071 1904; x_wconf 96' lang='grc'><strong>,</strong></span> <span class='ocrx_word' id='word_1_204' title='bbox 1099 1836 1158 1888; x_wconf 69' lang='grc' dir='ltr'><strong>οὐ</strong></span> <span class='ocrx_word' id='word_1_205' title='bbox 1200 1832 1422 1889; x_wconf 71' lang='grc' dir='ltr'><strong>δύναται</strong></span> <span class='ocrx_word' id='word_1_206' title='bbox 1474 1844 1565 1897; x_wconf 82' lang='grc' dir='ltr'><strong>τῆς</strong></span> <span class='ocrx_word' id='word_1_207' title='bbox 1625 1838 1902 1908; x_wconf 78' lang='grc' dir='ltr'><strong>ἱερωσύνης</strong></span> <span class='ocrx_word' id='word_1_208' title='bbox 1935 1858 1975 1913; x_wconf 79' lang='grc' dir='ltr'><strong>Β</strong></span> <span class='ocrx_word' id='word_1_209' title='bbox 2013 1844 2054 1901; x_wconf 85' lang='lat' dir='ltr'><strong>d</strong></span> 
     </span>
    </p>
   </div>
   <div class='ocr_carea' id='block_1_35' title="bbox 1901 1832 3670 1918">
    <p class='ocr_par' dir='ltr' id='par_1_35' title="bbox 1901 1844 3670 1918">
     <span class='ocr_line' id='line_1_35' title="bbox 1901 1844 3670 1918; baseline 0.001 -18"><span class='ocrx_word' id='word_1_210' title='bbox 1901 1861 1902 1892; x_wconf 66' lang='grc' dir='ltr'>ξ</span> <span class='ocrx_word' id='word_1_211' title='bbox 1935 1858 1975 1913; x_wconf 82' lang='grc' dir='ltr'><strong>Β</strong></span> <span class='ocrx_word' id='word_1_212' title='bbox 2013 1844 2167 1901; x_wconf 90' lang='lat' dir='ltr'><strong>divis</strong></span> <span class='ocrx_word' id='word_1_213' title='bbox 2215 1844 2576 1910; x_wconf 89' lang='lat' dir='ltr'><strong>canonibus,</strong></span> <span class='ocrx_word' id='word_1_214' title='bbox 2606 1845 2769 1901; x_wconf 91' lang='lat' dir='ltr'><strong>haud</strong></span> <span class='ocrx_word' id='word_1_215' title='bbox 2808 1845 2943 1901; x_wconf 91' lang='lat' dir='ltr'><strong>licet</strong></span> <span class='ocrx_word' id='word_1_216' title='bbox 2991 1845 3397 1902; x_wconf 86' lang='lat' dir='ltr'><strong>sacerdotium</strong></span> <span class='ocrx_word' id='word_1_217' title='bbox 3428 1846 3670 1918; x_wconf 88' lang='lat' dir='ltr'><strong>assequi</strong></span> 
     </span>
    </p>
   </div>
   <div class='ocr_carea' id='block_1_36' title="bbox 289 1922 1905 1998">
    <p class='ocr_par' dir='ltr' id='par_1_36' title="bbox 289 1922 1905 1998">
     <span class='ocr_line' id='line_1_36' title="bbox 289 1922 1905 1998; baseline -0.001 -19"><span class='ocrx_word' id='word_1_218' title='bbox 289 1926 621 1998; x_wconf 85' lang='grc' dir='ltr'><strong>(τυγχάνειν)</strong></span> <span class='ocrx_word' id='word_1_219' title='bbox 682 1926 777 1976; x_wconf 79' lang='grc' dir='ltr'><strong>κᾶν</strong></span> <span class='ocrx_word' id='word_1_220' title='bbox 844 1923 986 1987; x_wconf 81' lang='grc' dir='ltr'><strong>ἁπαξ</strong></span> <span class='ocrx_word' id='word_1_221' title='bbox 1055 1922 1283 1996; x_wconf 75' lang='grc' dir='ltr'><strong>’ἐλεγχθῇ</strong></span> <span class='ocrx_word' id='word_1_222' title='bbox 1353 1924 1587 1986; x_wconf 75' lang='grc' dir='ltr'><strong>ἑαλωκὼς</strong></span> <span class='ocrx_word' id='word_1_223' title='bbox 1655 1924 1739 1977; x_wconf 76' lang='grc' dir='ltr'><strong>ἇπί</strong></span> <span class='ocrx_word' id='word_1_224' title='bbox 1802 1945 1905 1977; x_wconf 88' lang='grc' dir='ltr'><strong>τινι</strong></span> 
     </span>
    </p>
   </div>
   <div class='ocr_carea' id='block_1_37' title="bbox 288 2009 1900 2089">
    <p class='ocr_par' dir='ltr' id='par_1_37' title="bbox 288 2009 1900 2089">
     <span class='ocr_line' id='line_1_37' title="bbox 288 2009 1900 2089; baseline -0.001 -22"><span class='ocrx_word' id='word_1_225' title='bbox 288 2015 813 2089; x_wconf 81' lang='grc' dir='ltr'><strong>ἁμαρτήματι,οῑοις</strong></span> <span class='ocrx_word' id='word_1_226' title='bbox 871 2009 939 2071; x_wconf 84' lang='grc' dir='ltr'><strong>δή</strong></span> <span class='ocrx_word' id='word_1_227' title='bbox 996 2018 1372 2087; x_wconf 74' lang='grc' dir='ltr'><strong>περιπίπτομεν</strong></span> <span class='ocrx_word' id='word_1_228' title='bbox 1430 2012 1694 2087; x_wconf 80' lang='grc' dir='ltr'><strong>ἂνθρωποι</strong></span> <span class='ocrx_word' id='word_1_229' title='bbox 1742 2017 1900 2083; x_wconf 80' lang='grc' dir='ltr'><strong>ὄντες,</strong></span> 
     </span>
    </p>
   </div>
   <div class='ocr_carea' id='block_1_38' title="bbox 288 2103 1899 2175">
    <p class='ocr_par' dir='ltr' id='par_1_38' title="bbox 288 2103 1899 2175">
     <span class='ocr_line' id='line_1_38' title="bbox 288 2103 1899 2175; baseline -0.002 -18"><span class='ocrx_word' id='word_1_230' title='bbox 288 2111 382 2157; x_wconf 82' lang='grc' dir='ltr'><strong>καὶ</strong></span> <span class='ocrx_word' id='word_1_231' title='bbox 432 2108 519 2156; x_wconf 89' lang='grc' dir='ltr'><strong>τόν</strong></span> <span class='ocrx_word' id='word_1_232' title='bbox 579 2103 741 2161; x_wconf 81' lang='grc' dir='ltr'><strong>πηλόν</strong></span> <span class='ocrx_word' id='word_1_233' title='bbox 804 2111 985 2155; x_wconf 74' lang='grc' dir='ltr'><strong>τοῦτον</strong></span> <span class='ocrx_word' id='word_1_234' title='bbox 1052 2107 1137 2153; x_wconf 69' lang='grc' dir='ltr'><strong>καὶ</strong></span> <span class='ocrx_word' id='word_1_235' title='bbox 1202 2105 1451 2174; x_wconf 82' lang='grc' dir='ltr'><strong>σαρκικόν</strong></span> <span class='ocrx_word' id='word_1_236' title='bbox 1509 2108 1899 2175; x_wconf 84' lang='grc' dir='ltr'><strong>περικείμενοι,</strong></span> 
     </span>
    </p>
   </div>
   <div class='ocr_carea' id='block_1_39' title="bbox 286 2189 1901 2265">
    <p class='ocr_par' dir='ltr' id='par_1_39' title="bbox 286 2189 1901 2265">
     <span class='ocr_line' id='line_1_39' title="bbox 286 2189 1901 2265; baseline -0.002 -19"><span class='ocrx_word' id='word_1_237' title='bbox 286 2202 403 2255; x_wconf 77' lang='grc' dir='ltr'><strong>πῶς</strong></span> <span class='ocrx_word' id='word_1_238' title='bbox 449 2197 563 2245; x_wconf 75' lang='grc' dir='ltr'><strong>ἐστι</strong></span> <span class='ocrx_word' id='word_1_239' title='bbox 603 2189 824 2245; x_wconf 82' lang='grc' dir='ltr'><strong>δυνατὸν</strong></span> <span class='ocrx_word' id='word_1_240' title='bbox 878 2191 950 2252; x_wconf 83' lang='grc' dir='ltr'><strong>εἰς</strong></span> <span class='ocrx_word' id='word_1_241' title='bbox 1001 2192 1282 2265; x_wconf 69' lang='grc' dir='ltr'><strong>ἱερωσύνην</strong></span> <span class='ocrx_word' id='word_1_242' title='bbox 1339 2190 1761 2265; x_wconf 77' lang='grc' dir='ltr'><strong>προϐιϐασθήνσι</strong></span> <span class='ocrx_word' id='word_1_243' title='bbox 1815 2196 1901 2243; x_wconf 84' lang='grc' dir='ltr'><strong>τὸν</strong></span> 
     </span>
    </p>
   </div>
   <div class='ocr_carea' id='block_1_40' title="bbox 286 2280 1902 2353">
    <p class='ocr_par' dir='ltr' id='par_1_40' title="bbox 286 2280 1902 2353">
     <span class='ocr_line' id='line_1_40' title="bbox 286 2280 1902 2353; baseline -0.002 -18"><span class='ocrx_word' id='word_1_244' title='bbox 286 2283 590 2353; x_wconf 62' lang='grc' dir='ltr'><strong>ὑπο-,βήφιον</strong></span> <span class='ocrx_word' id='word_1_245' title='bbox 643 2281 1011 2352; x_wconf 81' lang='grc' dir='ltr'><strong>’Δντιοχείας,</strong></span> <span class='ocrx_word' id='word_1_246' title='bbox 1042 2281 1311 2353; x_wconf 76' lang='grc' dir='ltr'><strong>ἄνθρωπον</strong></span> <span class='ocrx_word' id='word_1_247' title='bbox 1370 2281 1497 2351; x_wconf 72' lang='grc' dir='ltr'><strong>ὑπὲρ</strong></span> <span class='ocrx_word' id='word_1_248' title='bbox 1536 2282 1600 2331; x_wconf 88' lang='grc' dir='ltr'><strong>τά</strong></span> <span class='ocrx_word' id='word_1_249' title='bbox 1652 2280 1902 2341; x_wconf 71' lang='grc' dir='ltr'><strong>ἑξήκοντα</strong></span> 
     </span>
    </p>
   </div>
   <div class='ocr_carea' id='block_1_41' title="bbox 286 2366 1901 2442">
    <p class='ocr_par' dir='ltr' id='par_1_41' title="bbox 286 2366 1901 2442">
     <span class='ocr_line' id='line_1_41' title="bbox 286 2366 1901 2442; baseline -0.002 -18"><span class='ocrx_word' id='word_1_250' title='bbox 286 2376 377 2429; x_wconf 78' lang='grc' dir='ltr'><strong>ἔτη</strong></span> <span class='ocrx_word' id='word_1_251' title='bbox 435 2375 699 2442; x_wconf 82' lang='grc' dir='ltr'><strong>γενόμενον</strong></span> <span class='ocrx_word' id='word_1_252' title='bbox 736 2414 749 2438; x_wconf 93' lang='grc'><strong>,</strong></span> <span class='ocrx_word' id='word_1_253' title='bbox 786 2366 1041 2421; x_wconf 73' lang='grc' dir='ltr'><strong>δοκοῦντά</strong></span> <span class='ocrx_word' id='word_1_254' title='bbox 1079 2388 1134 2421; x_wconf 86' lang='grc' dir='ltr'><strong>τε</strong></span> <span class='ocrx_word' id='word_1_255' title='bbox 1188 2369 1363 2439; x_wconf 86' lang='grc' dir='ltr'><strong>λόγοις</strong></span> <span class='ocrx_word' id='word_1_256' title='bbox 1424 2376 1603 2440; x_wconf 87' lang='grc' dir='ltr'><strong>σοφοῖς</strong></span> <span class='ocrx_word' id='word_1_257' title='bbox 1637 2366 1901 2421; x_wconf 73' lang='grc' dir='ltr'><strong>ἐνευδοκι-</strong></span> 
     </span>
    </p>
   </div>
   <div class='ocr_carea' id='block_1_42' title="bbox 284 2456 1896 2533">
    <p class='ocr_par' dir='ltr' id='par_1_42' title="bbox 284 2456 1896 2533">
     <span class='ocr_line' id='line_1_42' title="bbox 284 2456 1896 2533; baseline -0.002 -22"><span class='ocrx_word' id='word_1_258' title='bbox 284 2469 426 2533; x_wconf 73' lang='grc' dir='ltr'><strong>μεῖν,</strong></span> <span class='ocrx_word' id='word_1_259' title='bbox 480 2465 569 2511; x_wconf 81' lang='grc' dir='ltr'><strong>καὶ</strong></span> <span class='ocrx_word' id='word_1_260' title='bbox 645 2460 717 2519; x_wconf 86' lang='grc' dir='ltr'><strong>εἰς</strong></span> <span class='ocrx_word' id='word_1_261' title='bbox 774 2461 1164 2530; x_wconf 82' lang='grc' dir='ltr'><strong>πατριαρχικόν</strong></span> <span class='ocrx_word' id='word_1_262' title='bbox 1229 2460 1405 2530; x_wconf 80' lang='grc' dir='ltr'><strong>θρόνον</strong></span> <span class='ocrx_word' id='word_1_263' title='bbox 1466 2456 1896 2531; x_wconf 78' lang='grc' dir='ltr'><strong>προϐεϐλημένον,</strong></span> 
     </span>
    </p>
   </div>
   <div class='ocr_carea' id='block_1_43' title="bbox 285 2543 1898 2620">
    <p class='ocr_par' dir='ltr' id='par_1_43' title="bbox 285 2543 1898 2620">
     <span class='ocr_line' id='line_1_43' title="bbox 285 2543 1898 2620; baseline -0.001 -20"><span class='ocrx_word' id='word_1_264' title='bbox 285 2555 379 2601; x_wconf 81' lang='grc' dir='ltr'><strong>καὶ</strong></span> <span class='ocrx_word' id='word_1_265' title='bbox 428 2557 516 2600; x_wconf 83' lang='grc' dir='ltr'><strong>νυν</strong></span> <span class='ocrx_word' id='word_1_266' title='bbox 543 2550 709 2620; x_wconf 89' lang='grc' dir='ltr'><strong>φάντα</strong></span> <span class='ocrx_word' id='word_1_267' title='bbox 746 2547 805 2598; x_wconf 66' lang='lat'><strong>0&#39;3</strong></span> <span class='ocrx_word' id='word_1_268' title='bbox 856 2551 1008 2619; x_wconf 90' lang='grc' dir='ltr'><strong>μόνον</strong></span> <span class='ocrx_word' id='word_1_269' title='bbox 1056 2546 1239 2617; x_wconf 86' lang='grc' dir='ltr'><strong>λόγους</strong></span> <span class='ocrx_word' id='word_1_270' title='bbox 1285 2555 1378 2606; x_wconf 74' lang='grc' dir='ltr'><strong>τῆς</strong></span> <span class='ocrx_word' id='word_1_271' title='bbox 1430 2543 1717 2618; x_wconf 77' lang='grc' dir='ltr'><strong>ὀρθοδοξου</strong></span> <span class='ocrx_word' id='word_1_272' title='bbox 1750 2546 1898 2599; x_wconf 88' lang='grc' dir='ltr'><strong>ἀλλο-</strong></span> 
     </span>
    </p>
   </div>
   <div class='ocr_carea' id='block_1_44' title="bbox 284 2634 1899 2712">
    <p class='ocr_par' dir='ltr' id='par_1_44' title="bbox 284 2634 1899 2712">
     <span class='ocr_line' id='line_1_44' title="bbox 284 2634 1899 2712; baseline -0.002 -23"><span class='ocrx_word' id='word_1_273' title='bbox 284 2641 602 2712; x_wconf 69' lang='grc' dir='ltr'><strong>τριύφρονας</strong></span> <span class='ocrx_word' id='word_1_274' title='bbox 626 2642 887 2703; x_wconf 85' lang='grc' dir='ltr'><strong>πίστεως,</strong></span> <span class='ocrx_word' id='word_1_275' title='bbox 930 2634 1057 2687; x_wconf 77' lang='grc' dir='ltr'><strong>ἀλλα</strong></span> <span class='ocrx_word' id='word_1_276' title='bbox 1114 2641 1204 2686; x_wconf 79' lang='grc' dir='ltr'><strong>καὶ</strong></span> <span class='ocrx_word' id='word_1_277' title='bbox 1257 2634 1411 2706; x_wconf 88' lang='grc' dir='ltr'><strong>λόγον</strong></span> <span class='ocrx_word' id='word_1_278' title='bbox 1462 2636 1899 2709; x_wconf 75' lang='grc' dir='ltr'><strong>συγγραψάμενον</strong></span> 
     </span>
    </p>
   </div>
   <div class='ocr_carea' id='block_1_45' title="bbox 286 2720 1899 2801">
    <p class='ocr_par' dir='ltr' id='par_1_45' title="bbox 286 2720 1899 2801">
     <span class='ocr_line' id='line_1_45' title="bbox 286 2720 1899 2801; baseline -0.002 -22"><span class='ocrx_word' id='word_1_279' title='bbox 286 2727 463 2801; x_wconf 80' lang='grc' dir='ltr'><strong>πλήρη</strong></span> <span class='ocrx_word' id='word_1_280' title='bbox 533 2725 882 2799; x_wconf 68' lang='grc' dir='ltr'><strong>βλασφημιῶν</strong></span> <span class='ocrx_word' id='word_1_281' title='bbox 944 2729 1033 2777; x_wconf 81' lang='grc' dir='ltr'><strong>καὶ</strong></span> <span class='ocrx_word' id='word_1_282' title='bbox 1098 2724 1409 2796; x_wconf 82' lang='grc' dir='ltr'><strong>ἀποφημιὼν</strong></span> <span class='ocrx_word' id='word_1_283' title='bbox 1450 2720 1722 2775; x_wconf 67' lang='grc' dir='ltr'><strong>δυσσεϐὡν</strong></span> <span class='ocrx_word' id='word_1_284' title='bbox 1755 2768 1768 2792; x_wconf 86' lang='grc'><strong>,</strong></span> <span class='ocrx_word' id='word_1_285' title='bbox 1810 2729 1899 2776; x_wconf 83' lang='grc' dir='ltr'><strong>καὶ</strong></span> 
     </span>
    </p>
   </div>
   <div class='ocr_carea' id='block_1_46' title="bbox 287 2814 1898 2889">
    <p class='ocr_par' dir='ltr' id='par_1_46' title="bbox 287 2814 1898 2889">
     <span class='ocr_line' id='line_1_46' title="bbox 287 2814 1898 2889; baseline -0.002 -21"><span class='ocrx_word' id='word_1_286' title='bbox 287 2817 441 2889; x_wconf 83' lang='grc' dir='ltr'><strong>μόλις</strong></span> <span class='ocrx_word' id='word_1_287' title='bbox 478 2820 604 2868; x_wconf 76' lang='grc' dir='ltr'><strong>ποτε</strong></span> <span class='ocrx_word' id='word_1_288' title='bbox 642 2816 1051 2887; x_wconf 75' lang='grc' dir='ltr'><strong>μεταπεισθέντα</strong></span> <span class='ocrx_word' id='word_1_289' title='bbox 1101 2819 1191 2865; x_wconf 85' lang='grc' dir='ltr'><strong>καὶ</strong></span> <span class='ocrx_word' id='word_1_290' title='bbox 1239 2816 1604 2885; x_wconf 84' lang='grc' dir='ltr'><strong>μεταμαθόντα</strong></span> <span class='ocrx_word' id='word_1_291' title='bbox 1660 2815 1716 2865; x_wconf 86' lang='grc' dir='ltr'><strong>τό</strong></span> <span class='ocrx_word' id='word_1_292' title='bbox 1758 2814 1898 2865; x_wconf 73' lang='grc' dir='ltr'><strong>ευσε-</strong></span> 
     </span>
    </p>
   </div>
   <div class='ocr_carea' id='block_1_47' title="bbox 290 2898 1902 2978">
    <p class='ocr_par' dir='ltr' id='par_1_47' title="bbox 290 2898 1902 2978">
     <span class='ocr_line' id='line_1_47' title="bbox 290 2898 1902 2978; baseline -0.002 -20"><span class='ocrx_word' id='word_1_293' title='bbox 290 2906 378 2967; x_wconf 62' lang='lat'><strong>63;</strong></span> <span class='ocrx_word' id='word_1_294' title='bbox 402 2911 493 2958; x_wconf 86' lang='grc' dir='ltr'><strong>καὶ</strong></span> <span class='ocrx_word' id='word_1_295' title='bbox 529 2909 588 2957; x_wconf 85' lang='grc' dir='ltr'><strong>τὸ</strong></span> <span class='ocrx_word' id='word_1_296' title='bbox 642 2901 921 2978; x_wconf 79' lang='grc' dir='ltr'><strong>ὀρθόδοξον</strong></span> <span class='ocrx_word' id='word_1_297' title='bbox 952 2922 964 2971; x_wconf 87' lang='lat'><strong>;</strong></span> <span class='ocrx_word' id='word_1_298' title='bbox 1000 2906 1094 2956; x_wconf 88' lang='grc' dir='ltr'><strong>Διά</strong></span> <span class='ocrx_word' id='word_1_299' title='bbox 1144 2910 1298 2955; x_wconf 82' lang='grc' dir='ltr'><strong>τοῦτο</strong></span> <span class='ocrx_word' id='word_1_300' title='bbox 1354 2907 1526 2954; x_wconf 84' lang='grc' dir='ltr'><strong>τοίνυν</strong></span> <span class='ocrx_word' id='word_1_301' title='bbox 1580 2898 1704 2955; x_wconf 64' lang='grc' dir='ltr'><strong>οὐδὲ</strong></span> <span class='ocrx_word' id='word_1_302' title='bbox 1751 2902 1902 2963; x_wconf 71' lang='grc' dir='ltr'><strong>αὐτὸς</strong></span> 
     </span>
    </p>
   </div>
   <div class='ocr_carea' id='block_1_48' title="bbox 290 2991 1434 3067">
    <p class='ocr_par' dir='ltr' id='par_1_48' title="bbox 290 2991 1434 3067">
     <span class='ocr_line' id='line_1_48' title="bbox 290 2991 1434 3067; baseline 0 -20"><span class='ocrx_word' id='word_1_303' title='bbox 290 2996 439 3059; x_wconf 73' lang='grc' dir='ltr'><strong>ἀξιον</strong></span> <span class='ocrx_word' id='word_1_304' title='bbox 462 2997 743 3067; x_wconf 82' lang='grc' dir='ltr'><strong>ἱερωσύνης</strong></span> <span class='ocrx_word' id='word_1_305' title='bbox 765 2998 849 3045; x_wconf 84' lang='grc' dir='ltr'><strong>τὸν</strong></span> <span class='ocrx_word' id='word_1_306' title='bbox 879 3000 1112 3045; x_wconf 67' lang='grc' dir='ltr'><strong>τοιοῦτον</strong></span> <span class='ocrx_word' id='word_1_307' title='bbox 1132 2991 1434 3065; x_wconf 78' lang='grc' dir='ltr'><strong>λογίζομαι.</strong></span> 
     </span>
    </p>
   </div>
   <div class='ocr_carea' id='block_1_49' title="bbox 370 3090 1904 3155">
    <p class='ocr_par' dir='ltr' id='par_1_49' title="bbox 370 3090 1904 3155">
     <span class='ocr_line' id='line_1_49' title="bbox 370 3090 1904 3155; baseline -0.003 -9"><span class='ocrx_word' id='word_1_308' title='bbox 370 3098 472 3147; x_wconf 82' lang='grc' dir='ltr'><strong>Καὶ</strong></span> <span class='ocrx_word' id='word_1_309' title='bbox 538 3094 611 3155; x_wconf 78' lang='grc' dir='ltr'><strong>εἰς</strong></span> <span class='ocrx_word' id='word_1_310' title='bbox 678 3092 982 3150; x_wconf 86' lang='grc' dir='ltr'><strong>ἀνασκοπήν</strong></span> <span class='ocrx_word' id='word_1_311' title='bbox 1051 3090 1373 3151; x_wconf 79' lang='grc' dir='ltr'><strong>συνελθόντες</strong></span> <span class='ocrx_word' id='word_1_312' title='bbox 1442 3093 1490 3143; x_wconf 82' lang='grc' dir='ltr'><strong>οἱ</strong></span> <span class='ocrx_word' id='word_1_313' title='bbox 1557 3090 1747 3142; x_wconf 65' lang='grc' dir='ltr'><strong>αὐτίκα</strong></span> <span class='ocrx_word' id='word_1_314' title='bbox 1810 3096 1904 3148; x_wconf 75' lang='grc' dir='ltr'><strong>τήν</strong></span> 
     </span>
    </p>
   </div>
   <div class='ocr_carea' id='block_1_50' title="bbox 2013 1933 3670 2007">
    <p class='ocr_par' dir='ltr' id='par_1_50' title="bbox 2013 1933 3670 2007">
     <span class='ocr_line' id='line_1_50' title="bbox 2013 1933 3670 2007; baseline 0 -17"><span class='ocrx_word' id='word_1_315' title='bbox 2013 1933 2244 1990; x_wconf 90' lang='lat' dir='ltr'><strong>homini</strong></span> <span class='ocrx_word' id='word_1_316' title='bbox 2273 1933 2355 1989; x_wconf 91' lang='lat' dir='ltr'><strong>illi</strong></span> <span class='ocrx_word' id='word_1_317' title='bbox 2389 1933 2495 2005; x_wconf 92' lang='lat' dir='ltr'><strong>qui</strong></span> <span class='ocrx_word' id='word_1_318' title='bbox 2525 1933 2619 1989; x_wconf 79' lang='lat' dir='ltr'><strong>vel</strong></span> <span class='ocrx_word' id='word_1_319' title='bbox 2648 1933 2835 1989; x_wconf 90' lang='lat' dir='ltr'><strong>semel</strong></span> <span class='ocrx_word' id='word_1_320' title='bbox 2883 1934 3139 2005; x_wconf 88' lang='lat' dir='ltr'><strong>alicujus</strong></span> <span class='ocrx_word' id='word_1_321' title='bbox 3168 1935 3402 2007; x_wconf 85' lang='lat' dir='ltr'><strong>peccati</strong></span> <span class='ocrx_word' id='word_1_322' title='bbox 3428 1936 3670 1991; x_wconf 90' lang='lat' dir='ltr'><strong>convic-</strong></span> 
     </span>
    </p>
   </div>
   <div class='ocr_carea' id='block_1_51' title="bbox 2012 2023 3669 2092">
    <p class='ocr_par' dir='ltr' id='par_1_51' title="bbox 2012 2023 3669 2092">
     <span class='ocr_line' id='line_1_51' title="bbox 2012 2023 3669 2092; baseline 0.002 -14"><span class='ocrx_word' id='word_1_323' title='bbox 2012 2028 2108 2079; x_wconf 92' lang='lat' dir='ltr'><strong>tus</strong></span> <span class='ocrx_word' id='word_1_324' title='bbox 2127 2023 2319 2091; x_wconf 85' lang='lat' dir='ltr'><strong>fuerit,</strong></span> <span class='ocrx_word' id='word_1_325' title='bbox 2334 2023 2675 2092; x_wconf 87' lang='lat' dir='ltr'><strong>cujusmodi</strong></span> <span class='ocrx_word' id='word_1_326' title='bbox 2701 2024 2984 2079; x_wconf 88' lang='lat' dir='ltr'><strong>accidunt</strong></span> <span class='ocrx_word' id='word_1_327' title='bbox 3011 2024 3363 2081; x_wconf 90' lang='lat' dir='ltr'><strong>hominibus</strong></span> <span class='ocrx_word' id='word_1_328' title='bbox 3392 2025 3506 2081; x_wconf 93' lang='lat' dir='ltr'><strong>hoc</strong></span> <span class='ocrx_word' id='word_1_329' title='bbox 3524 2024 3669 2081; x_wconf 91' lang='lat' dir='ltr'><strong>limo</strong></span> 
     </span>
    </p>
   </div>
   <div class='ocr_carea' id='block_1_52' title="bbox 2012 2112 3672 2184">
    <p class='ocr_par' dir='ltr' id='par_1_52' title="bbox 2012 2112 3672 2184">
     <span class='ocr_line' id='line_1_52' title="bbox 2012 2112 3672 2184; baseline 0.001 -17"><span class='ocrx_word' id='word_1_330' title='bbox 2012 2118 2069 2168; x_wconf 90' lang='lat' dir='ltr'><strong>et</strong></span> <span class='ocrx_word' id='word_1_331' title='bbox 2120 2127 2301 2168; x_wconf 90' lang='lat' dir='ltr'><strong>carne</strong></span> <span class='ocrx_word' id='word_1_332' title='bbox 2339 2112 2746 2182; x_wconf 87' lang='lat' dir='ltr'><strong>circumdatis,</strong></span> <span class='ocrx_word' id='word_1_333' title='bbox 2778 2116 2881 2184; x_wconf 84' lang='lat' dir='ltr'><strong>qui</strong></span> <span class='ocrx_word' id='word_1_334' title='bbox 2925 2112 3097 2169; x_wconf 91' lang='lat' dir='ltr'><strong>liceat</strong></span> <span class='ocrx_word' id='word_1_335' title='bbox 3128 2112 3207 2168; x_wconf 92' lang='lat' dir='ltr'><strong>ad</strong></span> <span class='ocrx_word' id='word_1_336' title='bbox 3262 2114 3672 2169; x_wconf 88' lang='lat' dir='ltr'><strong>sacerdotium</strong></span> 
     </span>
    </p>
   </div>
   <div class='ocr_carea' id='block_1_53' title="bbox 2011 2200 3669 2275">
    <p class='ocr_par' dir='ltr' id='par_1_53' title="bbox 2011 2200 3669 2275">
     <span class='ocr_line' id='line_1_53' title="bbox 2011 2200 3669 2275; baseline 0.002 -18"><span class='ocrx_word' id='word_1_337' title='bbox 2011 2203 2343 2275; x_wconf 86' lang='lat' dir='ltr'><strong>provehere</strong></span> <span class='ocrx_word' id='word_1_338' title='bbox 2392 2201 2550 2257; x_wconf 90' lang='lat' dir='ltr'><strong>hunc</strong></span> <span class='ocrx_word' id='word_1_339' title='bbox 2577 2200 2831 2257; x_wconf 89' lang='lat' dir='ltr'><strong>electum</strong></span> <span class='ocrx_word' id='word_1_340' title='bbox 2862 2201 3322 2268; x_wconf 83' lang='lat' dir='ltr'><strong>Antiochenum,</strong></span> <span class='ocrx_word' id='word_1_341' title='bbox 3356 2203 3669 2260; x_wconf 87' lang='lat' dir='ltr'><strong>hominem</strong></span> 
     </span>
    </p>
   </div>
   <div class='ocr_carea' id='block_1_54' title="bbox 2013 2292 3669 2364">
    <p class='ocr_par' dir='ltr' id='par_1_54' title="bbox 2013 2292 3669 2364">
     <span class='ocr_line' id='line_1_54' title="bbox 2013 2292 3669 2364; baseline 0.001 -17"><span class='ocrx_word' id='word_1_342' title='bbox 2013 2293 2473 2364; x_wconf 85' lang='lat' dir='ltr'><strong>sexagenariam</strong></span> <span class='ocrx_word' id='word_1_343' title='bbox 2520 2297 2757 2348; x_wconf 71' lang='lat' dir='ltr'><strong>aetatem</strong></span> <span class='ocrx_word' id='word_1_344' title='bbox 2805 2296 3284 2363; x_wconf 65' lang='lat' dir='ltr'><strong>praetervectum,</strong></span> <span class='ocrx_word' id='word_1_345' title='bbox 3334 2292 3669 2349; x_wconf 87' lang='lat' dir='ltr'><strong>litteratura</strong></span> 
     </span>
    </p>
   </div>
   <div class='ocr_carea' id='block_1_55' title="bbox 2011 2380 3669 2453">
    <p class='ocr_par' dir='ltr' id='par_1_55' title="bbox 2011 2380 3669 2453">
     <span class='ocr_line' id='line_1_55' title="bbox 2011 2380 3669 2453; baseline -0.001 -14"><span class='ocrx_word' id='word_1_346' title='bbox 2011 2383 2268 2449; x_wconf 86' lang='lat' dir='ltr'><strong>clarum,</strong></span> <span class='ocrx_word' id='word_1_347' title='bbox 2292 2380 2677 2453; x_wconf 85' lang='lat' dir='ltr'><strong>patriarchali</strong></span> <span class='ocrx_word' id='word_1_348' title='bbox 2706 2380 2836 2435; x_wconf 84' lang='lat' dir='ltr'><strong>sedi</strong></span> <span class='ocrx_word' id='word_1_349' title='bbox 2866 2381 3255 2451; x_wconf 87' lang='lat' dir='ltr'><strong>destinatum,</strong></span> <span class='ocrx_word' id='word_1_350' title='bbox 3285 2397 3447 2436; x_wconf 91' lang='lat' dir='ltr'><strong>nunc</strong></span> <span class='ocrx_word' id='word_1_351' title='bbox 3467 2386 3669 2437; x_wconf 91' lang='lat' dir='ltr'><strong>autem</strong></span> 
     </span>
    </p>
   </div>
   <div class='ocr_carea' id='block_1_56' title="bbox 2010 2470 3668 2527">
    <p class='ocr_par' dir='ltr' id='par_1_56' title="bbox 2010 2470 3668 2527">
     <span class='ocr_line' id='line_1_56' title="bbox 2010 2470 3668 2527; baseline 0.001 -1"><span class='ocrx_word' id='word_1_352' title='bbox 2010 2487 2131 2527; x_wconf 91' lang='lat' dir='ltr'><strong>non</strong></span> <span class='ocrx_word' id='word_1_353' title='bbox 2161 2470 2345 2526; x_wconf 92' lang='lat' dir='ltr'><strong>modo</strong></span> <span class='ocrx_word' id='word_1_354' title='bbox 2404 2470 2785 2525; x_wconf 90' lang='lat' dir='ltr'><strong>sermonibus</strong></span> <span class='ocrx_word' id='word_1_355' title='bbox 2835 2474 3103 2526; x_wconf 87' lang='lat' dir='ltr'><strong>utentem</strong></span> <span class='ocrx_word' id='word_1_356' title='bbox 3137 2470 3215 2526; x_wconf 86' lang='lat' dir='ltr'><strong>ab</strong></span> <span class='ocrx_word' id='word_1_357' title='bbox 3254 2471 3508 2527; x_wconf 82' lang='lat' dir='ltr'><strong>orthoxa</strong></span> <span class='ocrx_word' id='word_1_358' title='bbox 3546 2470 3668 2527; x_wconf 87' lang='lat' dir='ltr'><strong>ﬁde</strong></span> 
     </span>
    </p>
   </div>
   <div class='ocr_carea' id='block_1_57' title="bbox 2008 2558 3670 2632">
    <p class='ocr_par' dir='ltr' id='par_1_57' title="bbox 2008 2558 3670 2632">
     <span class='ocr_line' id='line_1_57' title="bbox 2008 2558 3670 2632; baseline -0.001 -16"><span class='ocrx_word' id='word_1_359' title='bbox 2008 2560 2495 2623; x_wconf 83' lang='lat' dir='ltr'><strong>abhorrentibus,</strong></span> <span class='ocrx_word' id='word_1_360' title='bbox 2520 2575 2727 2614; x_wconf 88' lang='lat' dir='ltr'><strong>verum</strong></span> <span class='ocrx_word' id='word_1_361' title='bbox 2759 2558 2940 2613; x_wconf 87' lang='lat' dir='ltr'><strong>etiam</strong></span> <span class='ocrx_word' id='word_1_362' title='bbox 2969 2558 3151 2614; x_wconf 89' lang='lat' dir='ltr'><strong>libelli</strong></span> <span class='ocrx_word' id='word_1_363' title='bbox 3193 2564 3521 2627; x_wconf 87' lang='lat' dir='ltr'><strong>auctorem,</strong></span> <span class='ocrx_word' id='word_1_364' title='bbox 3562 2560 3670 2632; x_wconf 91' lang='lat' dir='ltr'><strong>qui</strong></span> 
     </span>
    </p>
   </div>
   <div class='ocr_carea' id='block_1_58' title="bbox 2008 2646 3671 2721">
    <p class='ocr_par' dir='ltr' id='par_1_58' title="bbox 2008 2646 3671 2721">
     <span class='ocr_line' id='line_1_58' title="bbox 2008 2646 3671 2721; baseline -0.002 -14"><span class='ocrx_word' id='word_1_365' title='bbox 2008 2649 2400 2721; x_wconf 83' lang='lat' dir='ltr'><strong>blasphemiis</strong></span> <span class='ocrx_word' id='word_1_366' title='bbox 2430 2648 2750 2721; x_wconf 90' lang='lat' dir='ltr'><strong>impiisque</strong></span> <span class='ocrx_word' id='word_1_367' title='bbox 2780 2646 3258 2704; x_wconf 88' lang='lat' dir='ltr'><strong>absurditatibus</strong></span> <span class='ocrx_word' id='word_1_368' title='bbox 3310 2652 3516 2715; x_wconf 87' lang='lat' dir='ltr'><strong>scatet,</strong></span> <span class='ocrx_word' id='word_1_369' title='bbox 3545 2648 3671 2704; x_wconf 84' lang='lat' dir='ltr'><strong>vix-</strong></span> 
     </span>
    </p>
   </div>
   <div class='ocr_carea' id='block_1_59' title="bbox 2010 2737 3673 2812">
    <p class='ocr_par' dir='ltr' id='par_1_59' title="bbox 2010 2737 3673 2812">
     <span class='ocr_line' id='line_1_59' title="bbox 2010 2737 3673 2812; baseline -0.001 -17"><span class='ocrx_word' id='word_1_370' title='bbox 2010 2754 2128 2812; x_wconf 90' lang='lat' dir='ltr'><strong>que</strong></span> <span class='ocrx_word' id='word_1_371' title='bbox 2159 2739 2406 2793; x_wconf 92' lang='lat' dir='ltr'><strong>demum</strong></span> <span class='ocrx_word' id='word_1_372' title='bbox 2437 2738 2907 2811; x_wconf 88' lang='lat' dir='ltr'><strong>resipiscentem,</strong></span> <span class='ocrx_word' id='word_1_373' title='bbox 2942 2742 2997 2793; x_wconf 90' lang='lat' dir='ltr'><strong>et</strong></span> <span class='ocrx_word' id='word_1_374' title='bbox 3040 2737 3116 2793; x_wconf 89' lang='lat' dir='ltr'><strong>ad</strong></span> <span class='ocrx_word' id='word_1_375' title='bbox 3153 2738 3437 2810; x_wconf 87' lang='lat' dir='ltr'><strong>pietatem</strong></span> <span class='ocrx_word' id='word_1_376' title='bbox 3468 2738 3673 2793; x_wconf 87' lang='lat' dir='ltr'><strong>ortho-</strong></span> 
     </span>
    </p>
   </div>
   <div class='ocr_carea' id='block_1_60' title="bbox 2010 2825 3668 2899">
    <p class='ocr_par' dir='ltr' id='par_1_60' title="bbox 2010 2825 3668 2899">
     <span class='ocr_line' id='line_1_60' title="bbox 2010 2825 3668 2899; baseline -0.002 -15"><span class='ocrx_word' id='word_1_377' title='bbox 2010 2827 2379 2899; x_wconf 80' lang='lat' dir='ltr'><strong>doxiamque</strong></span> <span class='ocrx_word' id='word_1_378' title='bbox 2401 2826 2751 2882; x_wconf 90' lang='lat' dir='ltr'><strong>redeuntem</strong></span> <span class='ocrx_word' id='word_1_379' title='bbox 2775 2826 2803 2881; x_wconf 82' lang='lat'><strong>?</strong></span> <span class='ocrx_word' id='word_1_380' title='bbox 2840 2828 2982 2892; x_wconf 62' lang='lat' dir='ltr'><strong>Quae</strong></span> <span class='ocrx_word' id='word_1_381' title='bbox 3005 2842 3145 2881; x_wconf 91' lang='lat' dir='ltr'><strong>cum</strong></span> <span class='ocrx_word' id='word_1_382' title='bbox 3175 2826 3256 2882; x_wconf 90' lang='lat' dir='ltr'><strong>ita</strong></span> <span class='ocrx_word' id='word_1_383' title='bbox 3288 2841 3351 2882; x_wconf 88' lang='lat' dir='ltr'><strong>se</strong></span> <span class='ocrx_word' id='word_1_384' title='bbox 3382 2825 3668 2899; x_wconf 84' lang='lat' dir='ltr'><strong>habeant,</strong></span> 
     </span>
    </p>
   </div>
   <div class='ocr_carea' id='block_1_61' title="bbox 2011 2913 3289 2991">
    <p class='ocr_par' dir='ltr' id='par_1_61' title="bbox 2011 2913 3289 2991">
     <span class='ocr_line' id='line_1_61' title="bbox 2011 2913 3289 2991; baseline -0.003 -17"><span class='ocrx_word' id='word_1_385' title='bbox 2011 2932 2125 2989; x_wconf 78' lang='lat' dir='ltr'><strong>ego</strong></span> <span class='ocrx_word' id='word_1_386' title='bbox 2154 2932 2397 2991; x_wconf 89' lang='lat' dir='ltr'><strong>quoque</strong></span> <span class='ocrx_word' id='word_1_387' title='bbox 2424 2932 2460 2972; x_wconf 91' lang='lat' dir='ltr'><strong>a</strong></span> <span class='ocrx_word' id='word_1_388' title='bbox 2487 2914 2825 2973; x_wconf 90' lang='lat' dir='ltr'><strong>sacerdotio</strong></span> <span class='ocrx_word' id='word_1_389' title='bbox 2850 2915 3012 2971; x_wconf 92' lang='lat' dir='ltr'><strong>hunc</strong></span> <span class='ocrx_word' id='word_1_390' title='bbox 3042 2913 3289 2988; x_wconf 87' lang='lat' dir='ltr'><strong>repello.</strong></span> 
     </span>
    </p>
   </div>
   <div class='ocr_carea' id='block_1_62' title="bbox 2089 3084 3677 3165">
    <p class='ocr_par' dir='ltr' id='par_1_62' title="bbox 2089 3084 3677 3165">
     <span class='ocr_line' id='line_1_62' title="bbox 2089 3084 3677 3165; baseline -0.001 -16"><span class='ocrx_word' id='word_1_391' title='bbox 2089 3098 2242 3164; x_wconf 86' lang='lat' dir='ltr'><strong>Ergo</strong></span> <span class='ocrx_word' id='word_1_392' title='bbox 2300 3094 2379 3150; x_wconf 90' lang='lat' dir='ltr'><strong>ad</strong></span> <span class='ocrx_word' id='word_1_393' title='bbox 2430 3084 2787 3150; x_wconf 84' lang='lat' dir='ltr'><strong>serutinium</strong></span> <span class='ocrx_word' id='word_1_394' title='bbox 2832 3093 3277 3163; x_wconf 88' lang='lat' dir='ltr'><strong>convenientes,</strong></span> <span class='ocrx_word' id='word_1_395' title='bbox 3340 3093 3445 3165; x_wconf 92' lang='lat' dir='ltr'><strong>qui</strong></span> <span class='ocrx_word' id='word_1_396' title='bbox 3492 3092 3677 3148; x_wconf 91' lang='lat' dir='ltr'><strong>modo</strong></span> 
     </span>
    </p>
   </div>
   <div class='ocr_carea' id='block_1_63' title="bbox 291 3180 2060 3264">
    <p class='ocr_par' dir='ltr' id='par_1_63' title="bbox 291 3180 2060 3264">
     <span class='ocr_line' id='line_1_63' title="bbox 291 3180 2060 3264; baseline -0.002 -29"><span class='ocrx_word' id='word_1_397' title='bbox 291 3184 409 3235; x_wconf 85' lang='grc' dir='ltr'><strong>κατ’</strong></span> <span class='ocrx_word' id='word_1_398' title='bbox 475 3183 632 3234; x_wconf 65' lang='grc' dir='ltr'><strong>αὐτόν</strong></span> <span class='ocrx_word' id='word_1_399' title='bbox 683 3183 857 3254; x_wconf 66' lang='grc' dir='ltr'><strong>ψῆφον</strong></span> <span class='ocrx_word' id='word_1_400' title='bbox 924 3180 1221 3253; x_wconf 69' lang='grc' dir='ltr'><strong>ἐπιθέμενοι,</strong></span> <span class='ocrx_word' id='word_1_401' title='bbox 1280 3180 1670 3253; x_wconf 73' lang='grc' dir='ltr'><strong>ἀποφαινόμεθα</strong></span> <span class='ocrx_word' id='word_1_402' title='bbox 1725 3187 1979 3264; x_wconf 72' lang='grc' dir='ltr'><strong>τοῦτονσ</strong></span> <span class='ocrx_word' id='word_1_403' title='bbox 2018 3201 2060 3240; x_wconf 69' lang='grc' dir='ltr'><strong>ει</strong></span> 
     </span>
    </p>
   </div>
   <div class='ocr_carea' id='block_1_64' title="bbox 1908 3180 3677 3264">
    <p class='ocr_par' dir='ltr' id='par_1_64' title="bbox 1935 3181 3677 3264">
     <span class='ocr_line' id='line_1_64' title="bbox 1935 3181 3677 3264; baseline -0.001 -24"><span class='ocrx_word' id='word_1_404' title='bbox 1935 3208 1979 3264; x_wconf 76' lang='grc' dir='ltr'>ο</span> <span class='ocrx_word' id='word_1_405' title='bbox 2018 3186 2373 3240; x_wconf 90' lang='lat' dir='ltr'><strong>sententiam</strong></span> <span class='ocrx_word' id='word_1_406' title='bbox 2399 3188 2606 3239; x_wconf 86' lang='lat' dir='ltr'><strong>contra</strong></span> <span class='ocrx_word' id='word_1_407' title='bbox 2626 3183 2795 3239; x_wconf 93' lang='lat' dir='ltr'><strong>illum</strong></span> <span class='ocrx_word' id='word_1_408' title='bbox 2816 3182 3104 3251; x_wconf 83' lang='lat' dir='ltr'><strong>diximus,</strong></span> <span class='ocrx_word' id='word_1_409' title='bbox 3131 3181 3514 3238; x_wconf 90' lang='lat' dir='ltr'><strong>declaramus</strong></span> <span class='ocrx_word' id='word_1_410' title='bbox 3537 3196 3677 3238; x_wconf 91' lang='lat' dir='ltr'><strong>eum</strong></span> 
     </span>
    </p>
   </div>
   <div class='ocr_carea' id='block_1_65' title="bbox 296 3266 1906 3347">
    <p class='ocr_par' dir='ltr' id='par_1_65' title="bbox 296 3266 1906 3347">
     <span class='ocr_line' id='line_1_65' title="bbox 296 3266 1906 3347; baseline -0.002 -23"><span class='ocrx_word' id='word_1_411' title='bbox 296 3276 583 3347; x_wconf 73' lang='grc' dir='ltr'><strong>ἱερωσύνης</strong></span> <span class='ocrx_word' id='word_1_412' title='bbox 629 3274 807 3333; x_wconf 88' lang='grc' dir='ltr'><strong>πάσης</strong></span> <span class='ocrx_word' id='word_1_413' title='bbox 873 3269 1101 3339; x_wconf 77' lang='grc' dir='ltr'><strong>ἀνάξιον,</strong></span> <span class='ocrx_word' id='word_1_414' title='bbox 1137 3271 1195 3322; x_wconf 69' lang='grc' dir='ltr'><strong>οὐ</strong></span> <span class='ocrx_word' id='word_1_415' title='bbox 1228 3266 1321 3322; x_wconf 74' lang='grc' dir='ltr'><strong>διὰ</strong></span> <span class='ocrx_word' id='word_1_416' title='bbox 1352 3272 1417 3321; x_wconf 87' lang='grc' dir='ltr'><strong>τά</strong></span> <span class='ocrx_word' id='word_1_417' title='bbox 1474 3276 1696 3343; x_wconf 79' lang='grc' dir='ltr'><strong>σήμερον</strong></span> <span class='ocrx_word' id='word_1_418' title='bbox 1754 3275 1906 3342; x_wconf 84' lang='grc' dir='ltr'><strong>μόνον</strong></span> 
     </span>
    </p>
   </div>
   <div class='ocr_carea' id='block_1_66' title="bbox 292 3358 1904 3435">
    <p class='ocr_par' dir='ltr' id='par_1_66' title="bbox 292 3358 1904 3435">
     <span class='ocr_line' id='line_1_66' title="bbox 292 3358 1904 3435; baseline -0.003 -20"><span class='ocrx_word' id='word_1_419' title='bbox 292 3363 423 3435; x_wconf 73' lang='grc' dir='ltr'><strong>παρ’</strong></span> <span class='ocrx_word' id='word_1_420' title='bbox 477 3362 635 3414; x_wconf 67' lang='grc' dir='ltr'><strong>αὑτοῦ</strong></span> <span class='ocrx_word' id='word_1_421' title='bbox 694 3361 980 3418; x_wconf 82' lang='grc' dir='ltr'><strong>λαληθέντα</strong></span> <span class='ocrx_word' id='word_1_422' title='bbox 1035 3362 1166 3431; x_wconf 86' lang='grc' dir='ltr'><strong>μετά</strong></span> <span class='ocrx_word' id='word_1_423' title='bbox 1219 3358 1413 3421; x_wconf 80' lang='grc' dir='ltr'><strong>πολλῆς</strong></span> <span class='ocrx_word' id='word_1_424' title='bbox 1462 3367 1551 3419; x_wconf 83' lang='grc' dir='ltr'><strong>τῆς</strong></span> <span class='ocrx_word' id='word_1_425' title='bbox 1602 3358 1904 3428; x_wconf 80' lang='grc' dir='ltr'><strong>ἐνστάσεως,</strong></span> 
     </span>
    </p>
   </div>
   <div class='ocr_carea' id='block_1_67' title="bbox 293 3448 785 3522">
    <p class='ocr_par' dir='ltr' id='par_1_67' title="bbox 293 3448 785 3522">
     <span class='ocr_line' id='line_1_67' title="bbox 293 3448 785 3522; baseline -0.006 -19"><span class='ocrx_word' id='word_1_426' title='bbox 293 3450 404 3503; x_wconf 79' lang='grc' dir='ltr'><strong>ἀλλ’</strong></span> <span class='ocrx_word' id='word_1_427' title='bbox 442 3453 517 3503; x_wconf 87' lang='grc' dir='ltr'><strong>ὅτι</strong></span> <span class='ocrx_word' id='word_1_428' title='bbox 588 3469 679 3522; x_wconf 87' lang='grc' dir='ltr'><strong>περ</strong></span> <span class='ocrx_word' id='word_1_429' title='bbox 733 3448 785 3512; x_wconf 79' lang='grc' dir='ltr'><strong>ἐξ</strong></span> 
     </span>
    </p>
   </div>
   <div class='ocr_carea' id='block_1_68' title="bbox 289 3536 1906 3612">
    <p class='ocr_par' dir='ltr' id='par_1_68' title="bbox 289 3536 1906 3612">
     <span class='ocr_line' id='line_1_68' title="bbox 289 3536 1906 3612; baseline -0.003 -19"><span class='ocrx_word' id='word_1_430' title='bbox 289 3540 429 3598; x_wconf 88' lang='grc' dir='ltr'><strong>λήθη</strong></span> <span class='ocrx_word' id='word_1_431' title='bbox 501 3536 711 3612; x_wconf 82' lang='grc' dir='ltr'><strong>δόγμα,</strong></span> <span class='ocrx_word' id='word_1_432' title='bbox 774 3544 865 3591; x_wconf 84' lang='grc' dir='ltr'><strong>καὶ</strong></span> <span class='ocrx_word' id='word_1_433' title='bbox 928 3538 1075 3609; x_wconf 91' lang='grc' dir='ltr'><strong>λόγος</strong></span> <span class='ocrx_word' id='word_1_434' title='bbox 1142 3537 1337 3600; x_wconf 75' lang='grc' dir='ltr'><strong>ἐξέθετο</strong></span> <span class='ocrx_word' id='word_1_435' title='bbox 1413 3545 1509 3597; x_wconf 82' lang='grc' dir='ltr'><strong>τῆς</strong></span> <span class='ocrx_word' id='word_1_436' title='bbox 1566 3545 1906 3609; x_wconf 78' lang='grc' dir='ltr'><strong>καινοφανοῡς</strong></span> 
     </span>
    </p>
   </div>
   <div class='ocr_carea' id='block_1_69' title="bbox 834 3444 1906 3523">
    <p class='ocr_par' dir='ltr' id='par_1_69' title="bbox 834 3444 1906 3523">
     <span class='ocr_line' id='line_1_69' title="bbox 834 3444 1906 3523; baseline -0.003 -22"><span class='ocrx_word' id='word_1_437' title='bbox 834 3451 954 3501; x_wconf 84' lang='grc' dir='ltr'><strong>ὅτου</strong></span> <span class='ocrx_word' id='word_1_438' title='bbox 995 3452 1055 3500; x_wconf 76' lang='grc' dir='ltr'><strong>τὸ</strong></span> <span class='ocrx_word' id='word_1_439' title='bbox 1097 3447 1411 3521; x_wconf 73' lang='grc' dir='ltr'><strong>βλάσφημον</strong></span> <span class='ocrx_word' id='word_1_440' title='bbox 1455 3456 1605 3499; x_wconf 78' lang='grc' dir='ltr'><strong>τουτο</strong></span> <span class='ocrx_word' id='word_1_441' title='bbox 1664 3444 1906 3523; x_wconf 80' lang='grc' dir='ltr'><strong>διεθρυλ-</strong></span> 
     </span>
    </p>
   </div>
   <div class='ocr_carea' id='block_1_70' title="bbox 290 3626 1904 3703">
    <p class='ocr_par' dir='ltr' id='par_1_70' title="bbox 290 3626 1904 3703">
     <span class='ocr_line' id='line_1_70' title="bbox 290 3626 1904 3703; baseline -0.001 -22"><span class='ocrx_word' id='word_1_442' title='bbox 290 3634 495 3690; x_wconf 80' lang='grc' dir='ltr'><strong>ταύτης</strong></span> <span class='ocrx_word' id='word_1_443' title='bbox 556 3632 801 3703; x_wconf 80' lang='grc' dir='ltr'><strong>αἱρέσεως</strong></span> <span class='ocrx_word' id='word_1_444' title='bbox 854 3632 1144 3701; x_wconf 78' lang='grc' dir='ltr'><strong>συνήγορος</strong></span> <span class='ocrx_word' id='word_1_445' title='bbox 1177 3645 1188 3657; x_wconf 94' lang='grc'>·</span> <span class='ocrx_word' id='word_1_446' title='bbox 1224 3647 1315 3679; x_wconf 86' lang='grc' dir='ltr'><strong>και</strong></span> <span class='ocrx_word' id='word_1_447' title='bbox 1372 3626 1431 3679; x_wconf 76' lang='grc' dir='ltr'><strong>οὐ</strong></span> <span class='ocrx_word' id='word_1_448' title='bbox 1480 3631 1631 3699; x_wconf 85' lang='grc' dir='ltr'><strong>μόνον</strong></span> <span class='ocrx_word' id='word_1_449' title='bbox 1670 3629 1904 3701; x_wconf 87' lang='grc' dir='ltr'><strong>προστά-</strong></span> 
     </span>
    </p>
   </div>
   <div class='ocr_carea' id='block_1_71' title="bbox 290 3714 1906 3791">
    <p class='ocr_par' dir='ltr' id='par_1_71' title="bbox 290 3714 1906 3791">
     <span class='ocr_line' id='line_1_71' title="bbox 290 3714 1906 3791; baseline -0.002 -19"><span class='ocrx_word' id='word_1_450' title='bbox 290 3739 386 3780; x_wconf 88' lang='grc' dir='ltr'><strong>της</strong></span> <span class='ocrx_word' id='word_1_451' title='bbox 445 3718 716 3791; x_wconf 76' lang='grc' dir='ltr'><strong>ὶγγράφως</strong></span> <span class='ocrx_word' id='word_1_452' title='bbox 770 3722 859 3769; x_wconf 84' lang='grc' dir='ltr'><strong>καὶ</strong></span> <span class='ocrx_word' id='word_1_453' title='bbox 906 3721 1183 3791; x_wconf 84' lang='grc' dir='ltr'><strong>πρόμαχος</strong></span> <span class='ocrx_word' id='word_1_454' title='bbox 1221 3724 1313 3777; x_wconf 78' lang='grc' dir='ltr'><strong>τῆς</strong></span> <span class='ocrx_word' id='word_1_455' title='bbox 1364 3718 1611 3776; x_wconf 82' lang='grc' dir='ltr'><strong>τοιαύτης</strong></span> <span class='ocrx_word' id='word_1_456' title='bbox 1670 3714 1906 3777; x_wconf 80' lang='grc' dir='ltr'><strong>ἀσεϐείας</strong></span> 
     </span>
    </p>
   </div>
   <div class='ocr_carea' id='block_1_72' title="bbox 290 3802 1903 3879">
    <p class='ocr_par' dir='ltr' id='par_1_72' title="bbox 290 3802 1903 3879">
     <span class='ocr_line' id='line_1_72' title="bbox 290 3802 1903 3879; baseline -0.002 -16"><span class='ocrx_word' id='word_1_457' title='bbox 290 3807 566 3863; x_wconf 72' lang='grc' dir='ltr'><strong>ἐδείκνυτο</strong></span> <span class='ocrx_word' id='word_1_458' title='bbox 593 3852 610 3879; x_wconf 86' lang='grc'><strong>,</strong></span> <span class='ocrx_word' id='word_1_459' title='bbox 654 3806 783 3859; x_wconf 86' lang='grc' dir='ltr'><strong>ἀλλά</strong></span> <span class='ocrx_word' id='word_1_460' title='bbox 846 3812 937 3858; x_wconf 84' lang='grc' dir='ltr'><strong>καὶ</strong></span> <span class='ocrx_word' id='word_1_461' title='bbox 990 3805 1234 3878; x_wconf 76' lang='grc' dir='ltr'><strong>ἀγράφοις</strong></span> <span class='ocrx_word' id='word_1_462' title='bbox 1299 3805 1600 3867; x_wconf 77' lang='grc' dir='ltr'><strong>πλειστάκις</strong></span> <span class='ocrx_word' id='word_1_463' title='bbox 1662 3802 1903 3877; x_wconf 83' lang='grc' dir='ltr'><strong>διαλεγό-</strong></span> 
     </span>
    </p>
   </div>
   <div class='ocr_carea' id='block_1_73' title="bbox 290 3894 1903 3972">
    <p class='ocr_par' dir='ltr' id='par_1_73' title="bbox 290 3894 1903 3972">
     <span class='ocr_line' id='line_1_73' title="bbox 290 3894 1903 3972; baseline -0.004 -21"><span class='ocrx_word' id='word_1_464' title='bbox 290 3918 446 3972; x_wconf 87' lang='grc' dir='ltr'><strong>μενος</strong></span> <span class='ocrx_word' id='word_1_465' title='bbox 482 3902 611 3971; x_wconf 84' lang='grc' dir='ltr'><strong>πρός</strong></span> <span class='ocrx_word' id='word_1_466' title='bbox 676 3916 729 3949; x_wconf 86' lang='grc' dir='ltr'><strong>τε</strong></span> <span class='ocrx_word' id='word_1_467' title='bbox 779 3895 967 3957; x_wconf 76' lang='grc' dir='ltr'><strong>ἄλλους</strong></span> <span class='ocrx_word' id='word_1_468' title='bbox 1026 3894 1248 3957; x_wconf 87' lang='grc' dir='ltr'><strong>πολλοὺς</strong></span> <span class='ocrx_word' id='word_1_469' title='bbox 1311 3900 1400 3947; x_wconf 85' lang='grc' dir='ltr'><strong>καὶ</strong></span> <span class='ocrx_word' id='word_1_470' title='bbox 1438 3914 1585 3957; x_wconf 89' lang='grc' dir='ltr'><strong>τινας</strong></span> <span class='ocrx_word' id='word_1_471' title='bbox 1638 3894 1693 3957; x_wconf 77' lang='grc' dir='ltr'><strong><em>ἕξ</em></strong></span> <span class='ocrx_word' id='word_1_472' title='bbox 1737 3897 1903 3967; x_wconf 86' lang='grc' dir='ltr'><strong>ἡμῶν,</strong></span> 
     </span>
    </p>
   </div>
   <div class='ocr_carea' id='block_1_74' title="bbox 291 3982 1907 4059">
    <p class='ocr_par' dir='ltr' id='par_1_74' title="bbox 291 3982 1907 4059">
     <span class='ocr_line' id='line_1_74' title="bbox 291 3982 1907 4059; baseline -0.002 -19"><span class='ocrx_word' id='word_1_473' title='bbox 291 3988 459 4050; x_wconf 71' lang='grc' dir='ltr'><strong>οὓτως</strong></span> <span class='ocrx_word' id='word_1_474' title='bbox 509 3982 801 4059; x_wconf 81' lang='grc' dir='ltr'><strong>ἀναφανδόν</strong></span> <span class='ocrx_word' id='word_1_475' title='bbox 844 3984 1031 4059; x_wconf 71' lang='grc' dir='ltr'><strong>ἐκύρου</strong></span> <span class='ocrx_word' id='word_1_476' title='bbox 1087 3989 1179 4043; x_wconf 83' lang='grc' dir='ltr'><strong>τήν</strong></span> <span class='ocrx_word' id='word_1_477' title='bbox 1228 3987 1474 4042; x_wconf 82' lang='grc' dir='ltr'><strong>τοιαύτην</strong></span> <span class='ocrx_word' id='word_1_478' title='bbox 1515 3983 1775 4053; x_wconf 77' lang='grc' dir='ltr'><strong>ἀσέϐειαν,</strong></span> <span class='ocrx_word' id='word_1_479' title='bbox 1817 3989 1907 4036; x_wconf 81' lang='grc' dir='ltr'><strong>καὶ</strong></span> 
     </span>
    </p>
   </div>
   <div class='ocr_carea' id='block_1_75' title="bbox 287 4070 1907 4152">
    <p class='ocr_par' dir='ltr' id='par_1_75' title="bbox 287 4070 1907 4152">
     <span class='ocr_line' id='line_1_75' title="bbox 287 4070 1907 4152; baseline -0.004 -21"><span class='ocrx_word' id='word_1_480' title='bbox 287 4082 388 4140; x_wconf 85' lang='grc' dir='ltr'><strong>τάς</strong></span> <span class='ocrx_word' id='word_1_481' title='bbox 414 4086 516 4129; x_wconf 83' lang='grc' dir='ltr'><strong>τῶν</strong></span> <span class='ocrx_word' id='word_1_482' title='bbox 544 4084 872 4152; x_wconf 83' lang='grc' dir='ltr'><strong>Χριστιανῶν</strong></span> <span class='ocrx_word' id='word_1_483' title='bbox 911 4075 1098 4146; x_wconf 72' lang='grc' dir='ltr'><strong>ψυχὰς</strong></span> <span class='ocrx_word' id='word_1_484' title='bbox 1128 4070 1491 4135; x_wconf 77' lang='grc' dir='ltr'><strong>ἔσκανδάλιζε.</strong></span> <span class='ocrx_word' id='word_1_485' title='bbox 1522 4078 1623 4127; x_wconf 81' lang='grc' dir='ltr'><strong>Καὶ</strong></span> <span class='ocrx_word' id='word_1_486' title='bbox 1662 4076 1785 4146; x_wconf 79' lang='grc' dir='ltr'><strong>ἡμῖν</strong></span> <span class='ocrx_word' id='word_1_487' title='bbox 1817 4077 1907 4146; x_wconf 72' lang='grc' dir='ltr'><strong>μὲν</strong></span> 
     </span>
    </p>
   </div>
   <div class='ocr_carea' id='block_1_76' title="bbox 291 4162 1907 4239">
    <p class='ocr_par' dir='ltr' id='par_1_76' title="bbox 291 4162 1907 4239">
     <span class='ocr_line' id='line_1_76' title="bbox 291 4162 1907 4239; baseline -0.003 -19"><span class='ocrx_word' id='word_1_488' title='bbox 291 4169 429 4220; x_wconf 67' lang='grc' dir='ltr'><strong>οὕτω</strong></span> <span class='ocrx_word' id='word_1_489' title='bbox 459 4172 555 4224; x_wconf 84' lang='grc' dir='ltr'><strong>τήν</strong></span> <span class='ocrx_word' id='word_1_490' title='bbox 598 4172 823 4239; x_wconf 77' lang='grc' dir='ltr'><strong>σήμερον</strong></span> <span class='ocrx_word' id='word_1_491' title='bbox 874 4172 980 4224; x_wconf 88' lang='grc' dir='ltr'><strong>τοῖς</strong></span> <span class='ocrx_word' id='word_1_492' title='bbox 1018 4164 1226 4216; x_wconf 87' lang='grc' dir='ltr'><strong>πλείοσι</strong></span> <span class='ocrx_word' id='word_1_493' title='bbox 1279 4172 1372 4215; x_wconf 77' lang='grc' dir='ltr'><strong>τοῦ</strong></span> <span class='ocrx_word' id='word_1_494' title='bbox 1402 4162 1656 4234; x_wconf 84' lang='grc' dir='ltr'><strong>συλλόγου</strong></span> <span class='ocrx_word' id='word_1_495' title='bbox 1687 4166 1752 4214; x_wconf 82' lang='grc' dir='ltr'><strong>τά</strong></span> <span class='ocrx_word' id='word_1_496' title='bbox 1791 4164 1907 4215; x_wconf 84' lang='grc' dir='ltr'><strong>κατ’</strong></span> 
     </span>
    </p>
   </div>
   <div class='ocr_carea' id='block_1_77' title="bbox 299 4250 1910 4326">
    <p class='ocr_par' dir='ltr' id='par_1_77' title="bbox 299 4250 1910 4326">
     <span class='ocr_line' id='line_1_77' title="bbox 299 4250 1910 4326; baseline -0.004 -17"><span class='ocrx_word' id='word_1_497' title='bbox 299 4258 466 4309; x_wconf 73' lang='grc' dir='ltr'><strong>αὐτοῦ</strong></span> <span class='ocrx_word' id='word_1_498' title='bbox 512 4254 874 4326; x_wconf 79' lang='grc' dir='ltr'><strong>ἀποπέφανται</strong></span> <span class='ocrx_word' id='word_1_499' title='bbox 902 4297 915 4321; x_wconf 89' lang='grc'><strong>,</strong></span> <span class='ocrx_word' id='word_1_500' title='bbox 972 4252 1020 4304; x_wconf 72' lang='grc' dir='ltr'><strong>ἓν</strong></span> <span class='ocrx_word' id='word_1_501' title='bbox 1139 4258 1229 4305; x_wconf 79' lang='grc' dir='ltr'><strong>καὶ</strong></span> <span class='ocrx_word' id='word_1_502' title='bbox 1259 4254 1288 4310; x_wconf 77' lang='grc' dir='ltr'>ἡ</span> <span class='ocrx_word' id='word_1_503' title='bbox 1318 4260 1417 4304; x_wconf 84' lang='grc' dir='ltr'><strong>τῶν</strong></span> <span class='ocrx_word' id='word_1_504' title='bbox 1450 4250 1497 4303; x_wconf 79' lang='grc' dir='ltr'><strong>ἐν</strong></span> <span class='ocrx_word' id='word_1_505' title='bbox 1530 4257 1725 4323; x_wconf 80' lang='grc' dir='ltr'><strong>Νικαίᾳ</strong></span> <span class='ocrx_word' id='word_1_506' title='bbox 1756 4271 1910 4303; x_wconf 79' lang='grc' dir='ltr'><strong>συναο</strong></span> 
     </span>
    </p>
   </div>
   <div class='ocr_carea' id='block_1_78' title="bbox 294 4340 1909 4421">
    <p class='ocr_par' dir='ltr' id='par_1_78' title="bbox 294 4340 1909 4421">
     <span class='ocr_line' id='line_1_78' title="bbox 294 4340 1909 4421; baseline -0.005 -22"><span class='ocrx_word' id='word_1_507' title='bbox 294 4347 639 4421; x_wconf 78' lang='grc' dir='ltr'><strong>θροισθέντων</strong></span> <span class='ocrx_word' id='word_1_508' title='bbox 708 4346 854 4396; x_wconf 82' lang='grc' dir='ltr'><strong>θειων</strong></span> <span class='ocrx_word' id='word_1_509' title='bbox 912 4344 1151 4413; x_wconf 82' lang='grc' dir='ltr'><strong>Πατέρων</strong></span> <span class='ocrx_word' id='word_1_510' title='bbox 1217 4343 1473 4414; x_wconf 85' lang='grc' dir='ltr'><strong>ὁμήγυρις</strong></span> <span class='ocrx_word' id='word_1_511' title='bbox 1539 4340 1621 4392; x_wconf 76' lang='grc' dir='ltr'><strong>ἐπὶ</strong></span> <span class='ocrx_word' id='word_1_512' title='bbox 1686 4348 1747 4412; x_wconf 77' lang='grc' dir='ltr'><strong>τῇ</strong></span> <span class='ocrx_word' id='word_1_513' title='bbox 1818 4349 1909 4392; x_wconf 78' lang='grc' dir='ltr'><strong>του</strong></span> 
     </span>
    </p>
   </div>
   <div class='ocr_carea' id='block_1_79' title="bbox 290 4427 1908 4509">
    <p class='ocr_par' dir='ltr' id='par_1_79' title="bbox 290 4427 1908 4509">
     <span class='ocr_line' id='line_1_79' title="bbox 290 4427 1908 4509; baseline -0.004 -22"><span class='ocrx_word' id='word_1_514' title='bbox 290 4439 676 4509; x_wconf 82' lang='grc' dir='ltr'><strong>ματαιόφρονος</strong></span> <span class='ocrx_word' id='word_1_515' title='bbox 745 4433 946 4507; x_wconf 78' lang='grc' dir='ltr'><strong>’Λρείου</strong></span> <span class='ocrx_word' id='word_1_516' title='bbox 1011 4433 1334 4503; x_wconf 81' lang='grc' dir='ltr'><strong>καθαιρέσει,</strong></span> <span class='ocrx_word' id='word_1_517' title='bbox 1378 4438 1439 4501; x_wconf 73' lang='grc' dir='ltr'><strong>τῇ</strong></span> <span class='ocrx_word' id='word_1_518' title='bbox 1508 4430 1790 4502; x_wconf 72' lang='grc' dir='ltr'><strong>Ἐκκλησία</strong></span> <span class='ocrx_word' id='word_1_519' title='bbox 1856 4427 1908 4482; x_wconf 77' lang='grc' dir='ltr'><strong>εὖ</strong></span> 
     </span>
    </p>
   </div>
   <div class='ocr_carea' id='block_1_80' title="bbox 290 4518 1908 4596">
    <p class='ocr_par' dir='ltr' id='par_1_80' title="bbox 290 4518 1908 4596">
     <span class='ocr_line' id='line_1_80' title="bbox 290 4518 1908 4596; baseline -0.006 -16"><span class='ocrx_word' id='word_1_520' title='bbox 290 4534 525 4580; x_wconf 77' lang='grc' dir='ltr'><strong>ποιοῦσα</strong></span> <span class='ocrx_word' id='word_1_521' title='bbox 599 4519 1077 4596; x_wconf 75' lang='grc' dir='ltr'><strong>συνέδραμε·τισὶ</strong></span> <span class='ocrx_word' id='word_1_522' title='bbox 1140 4518 1198 4574; x_wconf 73' lang='grc' dir='ltr'><strong>δε</strong></span> <span class='ocrx_word' id='word_1_523' title='bbox 1262 4522 1316 4583; x_wconf 84' lang='grc' dir='ltr'><strong>ἐξ</strong></span> <span class='ocrx_word' id='word_1_524' title='bbox 1377 4522 1547 4593; x_wconf 74' lang='grc' dir='ltr'><strong>ἡμῶν,</strong></span> <span class='ocrx_word' id='word_1_525' title='bbox 1610 4520 1770 4591; x_wconf 73' lang='grc' dir='ltr'><strong>ἢγουν</strong></span> <span class='ocrx_word' id='word_1_526' title='bbox 1837 4530 1908 4591; x_wconf 75' lang='grc' dir='ltr'><strong>τῷ</strong></span> 
     </span>
    </p>
   </div>
   <div class='ocr_carea' id='block_1_81' title="bbox 286 4608 1904 4691">
    <p class='ocr_par' dir='ltr' id='par_1_81' title="bbox 286 4608 1904 4691">
     <span class='ocr_line' id='line_1_81' title="bbox 286 4608 1904 4691; baseline -0.006 -21"><span class='ocrx_word' id='word_1_527' title='bbox 286 4616 618 4691; x_wconf 79' lang='grc' dir='ltr'><strong>Ἡρακλείας,</strong></span> <span class='ocrx_word' id='word_1_528' title='bbox 651 4622 723 4665; x_wconf 88' lang='grc' dir='ltr'><strong>τῶ</strong></span> <span class='ocrx_word' id='word_1_529' title='bbox 774 4613 1027 4678; x_wconf 78' lang='grc' dir='ltr'><strong>Κυζίκου,</strong></span> <span class='ocrx_word' id='word_1_530' title='bbox 1060 4620 1133 4682; x_wconf 85' lang='grc' dir='ltr'><strong>τῷ</strong></span> <span class='ocrx_word' id='word_1_531' title='bbox 1194 4608 1369 4677; x_wconf 75' lang='grc' dir='ltr'><strong>Σίδης,</strong></span> <span class='ocrx_word' id='word_1_532' title='bbox 1401 4620 1473 4681; x_wconf 85' lang='grc' dir='ltr'><strong>τῷ</strong></span> <span class='ocrx_word' id='word_1_533' title='bbox 1500 4611 1904 4681; x_wconf 77' lang='grc' dir='ltr'><strong>Θεσσαλονίκης,</strong></span> 
     </span>
    </p>
   </div>
   <div class='ocr_carea' id='block_1_82' title="bbox 288 4698 1907 4777">
    <p class='ocr_par' dir='ltr' id='par_1_82' title="bbox 288 4698 1907 4777">
     <span class='ocr_line' id='line_1_82' title="bbox 288 4698 1907 4777; baseline -0.004 -18"><span class='ocrx_word' id='word_1_534' title='bbox 288 4716 362 4777; x_wconf 75' lang='grc' dir='ltr'><strong>τῷ</strong></span> <span class='ocrx_word' id='word_1_535' title='bbox 398 4710 735 4777; x_wconf 73' lang='grc' dir='ltr'><strong>Καισαρείας,</strong></span> <span class='ocrx_word' id='word_1_536' title='bbox 769 4712 842 4775; x_wconf 83' lang='grc' dir='ltr'><strong>τῷ</strong></span> <span class='ocrx_word' id='word_1_537' title='bbox 874 4703 1158 4769; x_wconf 76' lang='grc' dir='ltr'><strong>Φιλίππων,</strong></span> <span class='ocrx_word' id='word_1_538' title='bbox 1200 4708 1290 4753; x_wconf 86' lang='grc' dir='ltr'><strong>καὶ</strong></span> <span class='ocrx_word' id='word_1_539' title='bbox 1343 4711 1414 4771; x_wconf 72' lang='grc' dir='ltr'><strong>τῷ</strong></span> <span class='ocrx_word' id='word_1_540' title='bbox 1456 4698 1785 4763; x_wconf 77' lang='grc' dir='ltr'><strong>Λαοδικείας,</strong></span> <span class='ocrx_word' id='word_1_541' title='bbox 1813 4702 1907 4753; x_wconf 68' lang='grc' dir='ltr'><strong>οὐκ</strong></span> 
     </span>
    </p>
   </div>
   <div class='ocr_carea' id='block_1_83' title="bbox 289 4787 1910 4866">
    <p class='ocr_par' dir='ltr' id='par_1_83' title="bbox 289 4787 1910 4866">
     <span class='ocr_line' id='line_1_83' title="bbox 289 4787 1910 4866; baseline -0.003 -19"><span class='ocrx_word' id='word_1_542' title='bbox 289 4795 592 4847; x_wconf 78' lang='grc' dir='ltr'><strong>ἀπεντεύθεν</strong></span> <span class='ocrx_word' id='word_1_543' title='bbox 622 4788 1033 4865; x_wconf 79' lang='grc' dir='ltr'><strong>γνωμοδοτῆσαι</strong></span> <span class='ocrx_word' id='word_1_544' title='bbox 1064 4796 1180 4866; x_wconf 84' lang='grc' dir='ltr'><strong>περὶ</strong></span> <span class='ocrx_word' id='word_1_545' title='bbox 1220 4795 1406 4843; x_wconf 74' lang='grc' dir='ltr'><strong>τούτου</strong></span> <span class='ocrx_word' id='word_1_546' title='bbox 1442 4788 1550 4843; x_wconf 77' lang='grc' dir='ltr'><strong>δεῖν</strong></span> <span class='ocrx_word' id='word_1_547' title='bbox 1580 4787 1753 4853; x_wconf 64' lang='grc' dir='ltr'><strong>ἔδοξεν</strong></span> <span class='ocrx_word' id='word_1_548' title='bbox 1783 4791 1910 4842; x_wconf 73' lang='grc' dir='ltr'><strong>ἀλλὰ</strong></span> 
     </span>
    </p>
   </div>
   <div class='ocr_carea' id='block_1_84' title="bbox 290 4877 1579 4953">
    <p class='ocr_par' dir='ltr' id='par_1_84' title="bbox 290 4877 1579 4953">
     <span class='ocr_line' id='line_1_84' title="bbox 290 4877 1579 4953; baseline -0.005 -16"><span class='ocrx_word' id='word_1_549' title='bbox 290 4892 587 4953; x_wconf 69' lang='grc' dir='ltr'><strong>σιωπῆσαι,</strong></span> <span class='ocrx_word' id='word_1_550' title='bbox 620 4887 709 4933; x_wconf 80' lang='grc' dir='ltr'><strong>καὶ</strong></span> <span class='ocrx_word' id='word_1_551' title='bbox 748 4889 883 4934; x_wconf 82' lang='grc' dir='ltr'><strong>οὑτω</strong></span> <span class='ocrx_word' id='word_1_552' title='bbox 902 4885 960 4933; x_wconf 89' lang='grc' dir='ltr'><strong>τὸ</strong></span> <span class='ocrx_word' id='word_1_553' title='bbox 989 4877 1147 4943; x_wconf 82' lang='grc' dir='ltr'><strong>δόξαν</strong></span> <span class='ocrx_word' id='word_1_554' title='bbox 1186 4878 1579 4952; x_wconf 77' lang='grc' dir='ltr'><strong>ἀποφήνασθαι.</strong></span> 
     </span>
    </p>
   </div>
   <div class='ocr_carea' id='block_1_85' title="bbox 360 5072 1909 5151">
    <p class='ocr_par' dir='ltr' id='par_1_85' title="bbox 360 5072 1909 5151">
     <span class='ocr_line' id='line_1_85' title="bbox 360 5072 1909 5151; baseline -0.006 -17"><span class='ocrx_word' id='word_1_555' title='bbox 360 5085 506 5137; x_wconf 80' lang='grc' dir='ltr'><strong>Μηνὶ</strong></span> <span class='ocrx_word' id='word_1_556' title='bbox 546 5081 719 5151; x_wconf 56' lang='lat' dir='ltr'><strong>Maia),</strong></span> <span class='ocrx_word' id='word_1_557' title='bbox 786 5076 847 5150; x_wconf 83' lang='grc' dir='ltr'><strong>ιγ’</strong></span> <span class='ocrx_word' id='word_1_558' title='bbox 912 5079 1120 5151; x_wconf 73' lang='grc' dir='ltr'><strong>ἡμέρᾳ,</strong></span> <span class='ocrx_word' id='word_1_559' title='bbox 1264 5072 1591 5143; x_wconf 70' lang='grc' dir='ltr'><strong>ἰνδικτιῶνι,</strong></span> <span class='ocrx_word' id='word_1_560' title='bbox 1638 5076 1909 5147; x_wconf 86' lang='grc' dir='ltr'><strong>προκαθη-</strong></span> 
     </span>
    </p>
   </div>
   <div class='ocr_carea' id='block_1_86' title="bbox 285 5165 1907 5245">
    <p class='ocr_par' dir='ltr' id='par_1_86' title="bbox 285 5165 1907 5245">
     <span class='ocr_line' id='line_1_86' title="bbox 285 5165 1907 5245; baseline -0.004 -22"><span class='ocrx_word' id='word_1_561' title='bbox 285 5176 445 5245; x_wconf 78' lang='grc' dir='ltr'><strong>μένου</strong></span> <span class='ocrx_word' id='word_1_562' title='bbox 501 5177 592 5222; x_wconf 67' lang='grc' dir='ltr'><strong>τοῦ</strong></span> <span class='ocrx_word' id='word_1_563' title='bbox 648 5171 958 5221; x_wconf 86' lang='grc' dir='ltr'><strong>θεοστέπτου</strong></span> <span class='ocrx_word' id='word_1_564' title='bbox 1001 5166 1258 5240; x_wconf 83' lang='grc' dir='ltr'><strong>βασιλέως</strong></span> <span class='ocrx_word' id='word_1_565' title='bbox 1321 5168 1467 5239; x_wconf 79' lang='grc' dir='ltr'><strong>ἡμῶν</strong></span> <span class='ocrx_word' id='word_1_566' title='bbox 1511 5171 1603 5219; x_wconf 84' lang='grc' dir='ltr'><strong>καὶ</strong></span> <span class='ocrx_word' id='word_1_567' title='bbox 1651 5165 1907 5239; x_wconf 68' lang='grc' dir='ltr'><strong>αὐτοκρά-</strong></span> 
     </span>
    </p>
   </div>
   <div class='ocr_carea' id='block_1_87' title="bbox 285 5254 1908 5335">
    <p class='ocr_par' dir='ltr' id='par_1_87' title="bbox 285 5254 1908 5335">
     <span class='ocr_line' id='line_1_87' title="bbox 285 5254 1908 5335; baseline -0.006 -21"><span class='ocrx_word' id='word_1_568' title='bbox 285 5281 439 5335; x_wconf 87' lang='grc' dir='ltr'><strong>τορος</strong></span> <span class='ocrx_word' id='word_1_569' title='bbox 495 5261 653 5331; x_wconf 62' lang='grc' dir='ltr'><strong>ἡμῶν</strong></span> <span class='ocrx_word' id='word_1_570' title='bbox 716 5256 962 5316; x_wconf 81' lang='grc' dir='ltr'><strong>Μανουήλ</strong></span> <span class='ocrx_word' id='word_1_571' title='bbox 990 5264 1083 5309; x_wconf 79' lang='grc' dir='ltr'><strong>τοῦ</strong></span> <span class='ocrx_word' id='word_1_572' title='bbox 1134 5263 1404 5329; x_wconf 77' lang='grc' dir='ltr'><strong>Κομνηνοῦ</strong></span> <span class='ocrx_word' id='word_1_573' title='bbox 1449 5254 1497 5307; x_wconf 81' lang='grc' dir='ltr'><strong>ἐν</strong></span> <span class='ocrx_word' id='word_1_574' title='bbox 1554 5264 1626 5326; x_wconf 84' lang='grc' dir='ltr'><strong>τῷ</strong></span> <span class='ocrx_word' id='word_1_575' title='bbox 1676 5255 1908 5326; x_wconf 84' lang='grc' dir='ltr'><strong>παλατιῳ</strong></span> 
     </span>
    </p>
   </div>
   <div class='ocr_carea' id='block_1_88' title="bbox 283 5342 1912 5423">
    <p class='ocr_par' dir='ltr' id='par_1_88' title="bbox 283 5342 1912 5423">
     <span class='ocr_line' id='line_1_88' title="bbox 283 5342 1912 5423; baseline -0.006 -20"><span class='ocrx_word' id='word_1_576' title='bbox 283 5360 387 5404; x_wconf 86' lang='grc' dir='ltr'><strong>τῶν</strong></span> <span class='ocrx_word' id='word_1_577' title='bbox 459 5349 763 5423; x_wconf 80' lang='grc' dir='ltr'><strong>Βλαχερνῶν</strong></span> <span class='ocrx_word' id='word_1_578' title='bbox 795 5391 809 5416; x_wconf 92' lang='grc'><strong>,</strong></span> <span class='ocrx_word' id='word_1_579' title='bbox 870 5350 1269 5422; x_wconf 80' lang='grc' dir='ltr'><strong>παρισταμένων</strong></span> <span class='ocrx_word' id='word_1_580' title='bbox 1334 5354 1396 5419; x_wconf 73' lang='grc' dir='ltr'><strong>τῇ</strong></span> <span class='ocrx_word' id='word_1_581' title='bbox 1469 5344 1599 5417; x_wconf 77' lang='grc' dir='ltr'><strong>ἁγίᾳ</strong></span> <span class='ocrx_word' id='word_1_582' title='bbox 1663 5342 1912 5417; x_wconf 82' lang='grc' dir='ltr'><strong>βασιλείᾳ</strong></span> 
     </span>
    </p>
   </div>
   <div class='ocr_carea' id='block_1_89' title="bbox 842 5432 1909 5510">
    <p class='ocr_par' dir='ltr' id='par_1_89' title="bbox 842 5432 1909 5510">
     <span class='ocr_line' id='line_1_89' title="bbox 842 5432 1909 5510; baseline -0.006 -21"><span class='ocrx_word' id='word_1_583' title='bbox 842 5446 941 5489; x_wconf 86' lang='grc' dir='ltr'><strong>τῶν</strong></span> <span class='ocrx_word' id='word_1_584' title='bbox 1027 5435 1495 5510; x_wconf 79' lang='grc' dir='ltr'><strong>ἀναγεγραμμένων</strong></span> <span class='ocrx_word' id='word_1_585' title='bbox 1534 5478 1547 5502; x_wconf 90' lang='grc'><strong>,</strong></span> <span class='ocrx_word' id='word_1_586' title='bbox 1621 5432 1738 5485; x_wconf 78' lang='grc' dir='ltr'><strong>ἄνευ</strong></span> <span class='ocrx_word' id='word_1_587' title='bbox 1818 5439 1909 5484; x_wconf 77' lang='grc' dir='ltr'><strong>τοῦ</strong></span> 
     </span>
    </p>
   </div>
   <div class='ocr_carea' id='block_1_90' title="bbox 286 5440 755 5494">
    <p class='ocr_par' dir='ltr' id='par_1_90' title="bbox 286 5440 755 5494">
     <span class='ocr_line' id='line_1_90' title="bbox 286 5440 755 5494; baseline -0.013 0"><span class='ocrx_word' id='word_1_588' title='bbox 286 5442 455 5494; x_wconf 73' lang='grc' dir='ltr'><strong>αὐτοῦ</strong></span> <span class='ocrx_word' id='word_1_589' title='bbox 551 5440 755 5491; x_wconf 82' lang='grc' dir='ltr'><strong>πάντων</strong></span> 
     </span>
    </p>
   </div>
   <div class='ocr_carea' id='block_1_91' title="bbox 286 5521 1908 5605">
    <p class='ocr_par' dir='ltr' id='par_1_91' title="bbox 286 5521 1908 5605">
     <span class='ocr_line' id='line_1_91' title="bbox 286 5521 1908 5605; baseline -0.006 -24"><span class='ocrx_word' id='word_1_590' title='bbox 286 5533 755 5605; x_wconf 85' lang='grc' dir='ltr'><strong>πρωτονοταρίου,</strong></span> <span class='ocrx_word' id='word_1_591' title='bbox 833 5533 923 5578; x_wconf 75' lang='grc' dir='ltr'><strong>τοῦ</strong></span> <span class='ocrx_word' id='word_1_592' title='bbox 1009 5524 1234 5599; x_wconf 81' lang='grc' dir='ltr'><strong>μεγάλου</strong></span> <span class='ocrx_word' id='word_1_593' title='bbox 1334 5521 1731 5596; x_wconf 80' lang='grc' dir='ltr'><strong>δρουγγαρίου,</strong></span> <span class='ocrx_word' id='word_1_594' title='bbox 1818 5528 1908 5573; x_wconf 69' lang='grc' dir='ltr'><strong>τοῦ</strong></span> 
     </span>
    </p>
   </div>
   <div class='ocr_carea' id='block_1_92' title="bbox 284 5608 1909 5694">
    <p class='ocr_par' dir='ltr' id='par_1_92' title="bbox 284 5608 1909 5694">
     <span class='ocr_line' id='line_1_92' title="bbox 284 5608 1909 5694; baseline -0.006 -23"><span class='ocrx_word' id='word_1_595' title='bbox 284 5625 724 5694; x_wconf 82' lang='grc' dir='ltr'><strong>πρωτασεκρῆτις</strong></span> <span class='ocrx_word' id='word_1_596' title='bbox 749 5660 761 5684; x_wconf 95' lang='grc'><strong>,</strong></span> <span class='ocrx_word' id='word_1_597' title='bbox 794 5620 881 5667; x_wconf 85' lang='grc' dir='ltr'><strong>καὶ</strong></span> <span class='ocrx_word' id='word_1_598' title='bbox 935 5623 1026 5667; x_wconf 84' lang='grc' dir='ltr'><strong>τοῦ</strong></span> <span class='ocrx_word' id='word_1_599' title='bbox 1082 5614 1474 5688; x_wconf 75' lang='grc' dir='ltr'><strong>νομοφύλακος,</strong></span> <span class='ocrx_word' id='word_1_600' title='bbox 1532 5608 1909 5686; x_wconf 78' lang='grc' dir='ltr'><strong>συνεδριαζόν-</strong></span> 
     </span>
    </p>
   </div>
   <div class='ocr_carea' id='block_1_93' title="bbox 286 5697 1912 5777">
    <p class='ocr_par' dir='ltr' id='par_1_93' title="bbox 286 5697 1912 5777">
     <span class='ocr_line' id='line_1_93' title="bbox 286 5697 1912 5777; baseline -0.006 -16"><span class='ocrx_word' id='word_1_601' title='bbox 286 5729 392 5761; x_wconf 87' lang='grc' dir='ltr'><strong>των</strong></span> <span class='ocrx_word' id='word_1_602' title='bbox 435 5707 578 5777; x_wconf 68' lang='grc' dir='ltr'><strong>αὐτῷ</strong></span> <span class='ocrx_word' id='word_1_603' title='bbox 636 5704 754 5759; x_wconf 79' lang='grc' dir='ltr'><strong>ἄνευ</strong></span> <span class='ocrx_word' id='word_1_604' title='bbox 820 5712 910 5758; x_wconf 79' lang='grc' dir='ltr'><strong>τοῦ</strong></span> <span class='ocrx_word' id='word_1_605' title='bbox 940 5704 1264 5776; x_wconf 82' lang='grc' dir='ltr'><strong>’Δντιοχείας</strong></span> <span class='ocrx_word' id='word_1_606' title='bbox 1323 5704 1469 5775; x_wconf 79' lang='grc' dir='ltr'><strong>ἡμῶν</strong></span> <span class='ocrx_word' id='word_1_607' title='bbox 1530 5710 1627 5755; x_wconf 84' lang='grc' dir='ltr'><strong>τῶν</strong></span> <span class='ocrx_word' id='word_1_608' title='bbox 1658 5704 1749 5754; x_wconf 86' lang='grc' dir='ltr'><strong>καὶ</strong></span> <span class='ocrx_word' id='word_1_609' title='bbox 1772 5697 1912 5753; x_wconf 73' lang='grc' dir='ltr'><strong>διαι-</strong></span> 
     </span>
    </p>
   </div>
   <div class='ocr_carea' id='block_1_94' title="bbox 2016 3269 3678 3345">
    <p class='ocr_par' dir='ltr' id='par_1_94' title="bbox 2016 3269 3678 3345">
     <span class='ocr_line' id='line_1_94' title="bbox 2016 3269 3678 3345; baseline -0.002 -15"><span class='ocrx_word' id='word_1_610' title='bbox 2016 3274 2183 3330; x_wconf 92' lang='lat' dir='ltr'><strong>omni</strong></span> <span class='ocrx_word' id='word_1_611' title='bbox 2206 3273 2539 3329; x_wconf 86' lang='lat' dir='ltr'><strong>sacerdotio</strong></span> <span class='ocrx_word' id='word_1_612' title='bbox 2560 3273 3029 3345; x_wconf 88' lang='lat' dir='ltr'><strong>indignum,non</strong></span> <span class='ocrx_word' id='word_1_613' title='bbox 3056 3271 3135 3327; x_wconf 94' lang='lat' dir='ltr'><strong>ob</strong></span> <span class='ocrx_word' id='word_1_614' title='bbox 3154 3287 3226 3326; x_wconf 90' lang='lat' dir='ltr'><strong>ea</strong></span> <span class='ocrx_word' id='word_1_615' title='bbox 3250 3269 3678 3327; x_wconf 89' lang='lat' dir='ltr'><strong>tantummodo</strong></span> 
     </span>
    </p>
   </div>
   <div class='ocr_carea' id='block_1_95' title="bbox 2016 3359 3679 3440">
    <p class='ocr_par' dir='ltr' id='par_1_95' title="bbox 2016 3359 3679 3440">
     <span class='ocr_line' id='line_1_95' title="bbox 2016 3359 3679 3440; baseline -0.004 -19"><span class='ocrx_word' id='word_1_616' title='bbox 2016 3383 2153 3440; x_wconf 70' lang='lat' dir='ltr'><strong>quae</strong></span> <span class='ocrx_word' id='word_1_617' title='bbox 2182 3365 2230 3421; x_wconf 93' lang='lat' dir='ltr'><strong>is</strong></span> <span class='ocrx_word' id='word_1_618' title='bbox 2258 3363 2439 3420; x_wconf 88' lang='lat' dir='ltr'><strong>hodie</strong></span> <span class='ocrx_word' id='word_1_619' title='bbox 2462 3362 2650 3418; x_wconf 88' lang='lat' dir='ltr'><strong>multa</strong></span> <span class='ocrx_word' id='word_1_620' title='bbox 2675 3362 2813 3417; x_wconf 78' lang='lat' dir='ltr'><strong>cuin</strong></span> <span class='ocrx_word' id='word_1_621' title='bbox 2833 3360 3167 3434; x_wconf 88' lang='lat' dir='ltr'><strong>pertinacia</strong></span> <span class='ocrx_word' id='word_1_622' title='bbox 3186 3359 3422 3416; x_wconf 91' lang='lat' dir='ltr'><strong>locutus</strong></span> <span class='ocrx_word' id='word_1_623' title='bbox 3448 3360 3679 3425; x_wconf 74' lang='lat' dir='ltr'><strong>est,eed</strong></span> 
     </span>
    </p>
   </div>
   <div class='ocr_carea' id='block_1_96' title="bbox 2016 3448 3679 3531">
    <p class='ocr_par' dir='ltr' id='par_1_96' title="bbox 2016 3448 3679 3531">
     <span class='ocr_line' id='line_1_96' title="bbox 2016 3448 3679 3531; baseline -0.004 -20"><span class='ocrx_word' id='word_1_624' title='bbox 2016 3457 2162 3531; x_wconf 89' lang='lat' dir='ltr'><strong>quia</strong></span> <span class='ocrx_word' id='word_1_625' title='bbox 2191 3455 2269 3510; x_wconf 89' lang='lat' dir='ltr'><strong>ab</strong></span> <span class='ocrx_word' id='word_1_626' title='bbox 2300 3454 2430 3525; x_wconf 90' lang='lat' dir='ltr'><strong>ipso</strong></span> <span class='ocrx_word' id='word_1_627' title='bbox 2458 3452 2889 3523; x_wconf 90' lang='lat' dir='ltr'><strong>blasphemum</strong></span> <span class='ocrx_word' id='word_1_628' title='bbox 2918 3450 3033 3505; x_wconf 90' lang='lat' dir='ltr'><strong>hoc</strong></span> <span class='ocrx_word' id='word_1_629' title='bbox 3063 3448 3679 3519; x_wconf 81' lang='lat' dir='ltr'><strong>dogmadivulgatum</strong></span> 
     </span>
    </p>
   </div>
   <div class='ocr_carea' id='block_1_97' title="bbox 2017 3539 3681 3616">
    <p class='ocr_par' dir='ltr' id='par_1_97' title="bbox 2017 3539 3681 3616">
     <span class='ocr_line' id='line_1_97' title="bbox 2017 3539 3681 3616; baseline -0.006 -12"><span class='ocrx_word' id='word_1_630' title='bbox 2017 3550 2190 3616; x_wconf 90' lang='lat' dir='ltr'><strong>est,et</strong></span> <span class='ocrx_word' id='word_1_631' title='bbox 2218 3544 2454 3601; x_wconf 79' lang='lat' dir='ltr'><strong>libellus</strong></span> <span class='ocrx_word' id='word_1_632' title='bbox 2492 3542 2669 3598; x_wconf 89' lang='lat' dir='ltr'><strong>etiam</strong></span> <span class='ocrx_word' id='word_1_633' title='bbox 2718 3540 3087 3613; x_wconf 90' lang='lat' dir='ltr'><strong>perscriptus</strong></span> <span class='ocrx_word' id='word_1_634' title='bbox 3135 3555 3306 3595; x_wconf 70' lang='lat' dir='ltr'><strong>novae</strong></span> <span class='ocrx_word' id='word_1_635' title='bbox 3344 3539 3681 3610; x_wconf 67' lang='lat' dir='ltr'><strong>hujus‘haa-</strong></span> 
     </span>
    </p>
   </div>
   <div class='ocr_carea' id='block_1_98' title="bbox 2015 3629 3679 3703">
    <p class='ocr_par' dir='ltr' id='par_1_98' title="bbox 2015 3629 3679 3703">
     <span class='ocr_line' id='line_1_98' title="bbox 2015 3629 3679 3703; baseline -0.005 -10"><span class='ocrx_word' id='word_1_636' title='bbox 2015 3652 2216 3693; x_wconf 89' lang='lat' dir='ltr'><strong>reseos</strong></span> <span class='ocrx_word' id='word_1_637' title='bbox 2238 3638 2517 3690; x_wconf 89' lang='lat' dir='ltr'><strong>assertor.</strong></span> <span class='ocrx_word' id='word_1_638' title='bbox 2551 3635 2748 3703; x_wconf 89' lang='lat' dir='ltr'><strong>Neque</strong></span> <span class='ocrx_word' id='word_1_639' title='bbox 2789 3629 2987 3685; x_wconf 91' lang='lat' dir='ltr'><strong>solum</strong></span> <span class='ocrx_word' id='word_1_640' title='bbox 3020 3629 3479 3701; x_wconf 84' lang='lat' dir='ltr'><strong>antesignamus</strong></span> <span class='ocrx_word' id='word_1_641' title='bbox 3497 3634 3679 3701; x_wconf 90' lang='lat' dir='ltr'><strong>atque</strong></span> 
     </span>
    </p>
   </div>
   <div class='ocr_carea' id='block_1_99' title="bbox 2016 3719 3675 3795">
    <p class='ocr_par' dir='ltr' id='par_1_99' title="bbox 2016 3719 3675 3795">
     <span class='ocr_line' id='line_1_99' title="bbox 2016 3719 3675 3795; baseline -0.005 -12"><span class='ocrx_word' id='word_1_642' title='bbox 2016 3726 2299 3782; x_wconf 89' lang='lat' dir='ltr'><strong>defensor</strong></span> <span class='ocrx_word' id='word_1_643' title='bbox 2329 3724 2553 3795; x_wconf 89' lang='lat' dir='ltr'><strong>scripto</strong></span> <span class='ocrx_word' id='word_1_644' title='bbox 2605 3737 2715 3777; x_wconf 91' lang='lat' dir='ltr'><strong>suo</strong></span> <span class='ocrx_word' id='word_1_645' title='bbox 2762 3720 3015 3791; x_wconf 86' lang='lat' dir='ltr'><strong>hujusce</strong></span> <span class='ocrx_word' id='word_1_646' title='bbox 3061 3719 3387 3792; x_wconf 89' lang='lat' dir='ltr'><strong>impietatis</strong></span> <span class='ocrx_word' id='word_1_647' title='bbox 3435 3719 3675 3789; x_wconf 85' lang='lat' dir='ltr'><strong>exstitit,</strong></span> 
     </span>
    </p>
   </div>
   <div class='ocr_carea' id='block_1_100' title="bbox 2014 3806 3677 3883">
    <p class='ocr_par' dir='ltr' id='par_1_100' title="bbox 2014 3806 3677 3883">
     <span class='ocr_line' id='line_1_100' title="bbox 2014 3806 3677 3883; baseline -0.005 -12"><span class='ocrx_word' id='word_1_648' title='bbox 2014 3830 2225 3871; x_wconf 87' lang='lat' dir='ltr'><strong>verum</strong></span> <span class='ocrx_word' id='word_1_649' title='bbox 2244 3813 2424 3869; x_wconf 89' lang='lat' dir='ltr'><strong>etiam</strong></span> <span class='ocrx_word' id='word_1_650' title='bbox 2447 3811 2679 3883; x_wconf 89' lang='lat' dir='ltr'><strong>absque</strong></span> <span class='ocrx_word' id='word_1_651' title='bbox 2699 3808 2919 3881; x_wconf 91' lang='lat' dir='ltr'><strong>scripto</strong></span> <span class='ocrx_word' id='word_1_652' title='bbox 2939 3823 3097 3880; x_wconf 55' lang='lat' dir='ltr'><strong>saepe</strong></span> <span class='ocrx_word' id='word_1_653' title='bbox 3119 3807 3470 3880; x_wconf 88' lang='lat' dir='ltr'><strong>colloquens</strong></span> <span class='ocrx_word' id='word_1_654' title='bbox 3489 3806 3677 3863; x_wconf 90' lang='lat' dir='ltr'><strong>modo</strong></span> 
     </span>
    </p>
   </div>
   <div class='ocr_carea' id='block_1_101' title="bbox 2017 3897 3678 3968">
    <p class='ocr_par' dir='ltr' id='par_1_101' title="bbox 2017 3897 3678 3968">
     <span class='ocr_line' id='line_1_101' title="bbox 2017 3897 3678 3968; baseline -0.006 -7"><span class='ocrx_word' id='word_1_655' title='bbox 2017 3920 2157 3960; x_wconf 93' lang='lat' dir='ltr'><strong>cum</strong></span> <span class='ocrx_word' id='word_1_656' title='bbox 2184 3903 2314 3959; x_wconf 89' lang='lat' dir='ltr'><strong>aliis</strong></span> <span class='ocrx_word' id='word_1_657' title='bbox 2346 3900 2571 3968; x_wconf 88' lang='lat' dir='ltr'><strong>multis,</strong></span> <span class='ocrx_word' id='word_1_658' title='bbox 2602 3898 2788 3954; x_wconf 93' lang='lat' dir='ltr'><strong>modo</strong></span> <span class='ocrx_word' id='word_1_659' title='bbox 2819 3897 3001 3953; x_wconf 91' lang='lat' dir='ltr'><strong>etiam</strong></span> <span class='ocrx_word' id='word_1_660' title='bbox 3032 3913 3173 3952; x_wconf 91' lang='lat' dir='ltr'><strong>cum</strong></span> <span class='ocrx_word' id='word_1_661' title='bbox 3205 3900 3482 3952; x_wconf 85' lang='lat' dir='ltr'><strong>nostrum</strong></span> <span class='ocrx_word' id='word_1_662' title='bbox 3528 3910 3678 3951; x_wconf 89' lang='lat' dir='ltr'><strong>non-</strong></span> 
     </span>
    </p>
   </div>
   <div class='ocr_carea' id='block_1_102' title="bbox 2016 3986 3685 4060">
    <p class='ocr_par' dir='ltr' id='par_1_102' title="bbox 2016 3986 3685 4060">
     <span class='ocr_line' id='line_1_102' title="bbox 2016 3986 3685 4060; baseline -0.005 -10"><span class='ocrx_word' id='word_1_663' title='bbox 2016 3993 2214 4057; x_wconf 90' lang='lat' dir='ltr'><strong>nullis,</strong></span> <span class='ocrx_word' id='word_1_664' title='bbox 2248 3992 2331 4047; x_wconf 93' lang='lat' dir='ltr'><strong>sic</strong></span> <span class='ocrx_word' id='word_1_665' title='bbox 2361 3988 2675 4047; x_wconf 83' lang='lat' dir='ltr'><strong>manifeste</strong></span> <span class='ocrx_word' id='word_1_666' title='bbox 2722 3987 2981 4060; x_wconf 89' lang='lat' dir='ltr'><strong>impium</strong></span> <span class='ocrx_word' id='word_1_667' title='bbox 3029 3986 3192 4041; x_wconf 90' lang='lat' dir='ltr'><strong>hunc</strong></span> <span class='ocrx_word' id='word_1_668' title='bbox 3245 4001 3510 4041; x_wconf 84' lang='lat' dir='ltr'><strong>errorem</strong></span> <span class='ocrx_word' id='word_1_669' title='bbox 3545 4000 3685 4041; x_wconf 87' lang='lat' dir='ltr'><strong>san-</strong></span> 
     </span>
    </p>
   </div>
   <div class='ocr_carea' id='block_1_103' title="bbox 2017 4074 3675 4153">
    <p class='ocr_par' dir='ltr' id='par_1_103' title="bbox 2017 4074 3675 4153">
     <span class='ocr_line' id='line_1_103' title="bbox 2017 4074 3675 4153; baseline -0.005 -14"><span class='ocrx_word' id='word_1_670' title='bbox 2017 4083 2228 4153; x_wconf 86' lang='lat' dir='ltr'><strong>ciebat,</strong></span> <span class='ocrx_word' id='word_1_671' title='bbox 2256 4090 2312 4138; x_wconf 85' lang='lat' dir='ltr'><strong>et</strong></span> <span class='ocrx_word' id='word_1_672' title='bbox 2344 4080 2813 4137; x_wconf 88' lang='lat' dir='ltr'><strong>Christianorum</strong></span> <span class='ocrx_word' id='word_1_673' title='bbox 2831 4075 3156 4133; x_wconf 88' lang='lat' dir='ltr'><strong>animabus</strong></span> <span class='ocrx_word' id='word_1_674' title='bbox 3197 4074 3490 4131; x_wconf 86' lang='lat' dir='ltr'><strong>seandalo</strong></span> <span class='ocrx_word' id='word_1_675' title='bbox 3521 4080 3675 4130; x_wconf 89' lang='lat' dir='ltr'><strong>erat.</strong></span> 
     </span>
    </p>
   </div>
   <div class='ocr_carea' id='block_1_104' title="bbox 2018 4164 3687 4241">
    <p class='ocr_par' dir='ltr' id='par_1_104' title="bbox 2018 4164 3687 4241">
     <span class='ocr_line' id='line_1_104' title="bbox 2018 4164 3687 4241; baseline -0.007 -10"><span class='ocrx_word' id='word_1_676' title='bbox 2018 4178 2085 4231; x_wconf 88' lang='lat' dir='ltr'><strong>Et</strong></span> <span class='ocrx_word' id='word_1_677' title='bbox 2113 4190 2224 4229; x_wconf 90' lang='lat' dir='ltr'><strong>nos</strong></span> <span class='ocrx_word' id='word_1_678' title='bbox 2247 4186 2389 4241; x_wconf 85' lang='lat' dir='ltr'><strong>ergo</strong></span> <span class='ocrx_word' id='word_1_679' title='bbox 2443 4168 2662 4241; x_wconf 88' lang='lat' dir='ltr'><strong>synodi</strong></span> <span class='ocrx_word' id='word_1_680' title='bbox 2693 4167 2876 4237; x_wconf 93' lang='lat' dir='ltr'><strong>hujus</strong></span> <span class='ocrx_word' id='word_1_681' title='bbox 2906 4181 3049 4238; x_wconf 88' lang='lat' dir='ltr'><strong>pars</strong></span> <span class='ocrx_word' id='word_1_682' title='bbox 3077 4164 3275 4235; x_wconf 86' lang='lat' dir='ltr'><strong>major</strong></span> <span class='ocrx_word' id='word_1_683' title='bbox 3300 4164 3359 4219; x_wconf 91' lang='lat' dir='ltr'><strong>in</strong></span> <span class='ocrx_word' id='word_1_684' title='bbox 3390 4164 3553 4219; x_wconf 89' lang='lat' dir='ltr'><strong>hunc</strong></span> <span class='ocrx_word' id='word_1_685' title='bbox 3582 4164 3687 4221; x_wconf 85' lang='lat' dir='ltr'><strong>ho-</strong></span> 
     </span>
    </p>
   </div>
   <div class='ocr_carea' id='block_1_105' title="bbox 2018 4252 3683 4325">
    <p class='ocr_par' dir='ltr' id='par_1_105' title="bbox 2018 4252 3683 4325">
     <span class='ocr_line' id='line_1_105' title="bbox 2018 4252 3683 4325; baseline -0.008 -4"><span class='ocrx_word' id='word_1_686' title='bbox 2018 4265 2243 4321; x_wconf 89' lang='lat' dir='ltr'><strong>minem</strong></span> <span class='ocrx_word' id='word_1_687' title='bbox 2265 4262 2380 4317; x_wconf 90' lang='lat' dir='ltr'><strong>hoc</strong></span> <span class='ocrx_word' id='word_1_688' title='bbox 2400 4260 2497 4315; x_wconf 86' lang='lat' dir='ltr'><strong>die</strong></span> <span class='ocrx_word' id='word_1_689' title='bbox 2524 4256 2881 4312; x_wconf 90' lang='lat' dir='ltr'><strong>sententiam</strong></span> <span class='ocrx_word' id='word_1_690' title='bbox 2910 4254 3193 4323; x_wconf 88' lang='lat' dir='ltr'><strong>dicimus,</strong></span> <span class='ocrx_word' id='word_1_691' title='bbox 3218 4268 3340 4325; x_wconf 92' lang='lat' dir='ltr'><strong>quo</strong></span> <span class='ocrx_word' id='word_1_692' title='bbox 3364 4252 3683 4309; x_wconf 91' lang='lat' dir='ltr'><strong>collectum</strong></span> 
     </span>
    </p>
   </div>
   <div class='ocr_carea' id='block_1_106' title="bbox 2017 4340 3685 4427">
    <p class='ocr_par' dir='ltr' id='par_1_106' title="bbox 2017 4340 3685 4427">
     <span class='ocr_line' id='line_1_106' title="bbox 2017 4340 3685 4427; baseline -0.008 -18"><span class='ocrx_word' id='word_1_693' title='bbox 2017 4368 2260 4427; x_wconf 89' lang='lat' dir='ltr'><strong>quoque</strong></span> <span class='ocrx_word' id='word_1_694' title='bbox 2294 4350 2500 4406; x_wconf 64' lang='lat' dir='ltr'><strong>Nicaeae</strong></span> <span class='ocrx_word' id='word_1_695' title='bbox 2540 4350 2887 4401; x_wconf 90' lang='lat' dir='ltr'><strong>sanctorum</strong></span> <span class='ocrx_word' id='word_1_696' title='bbox 2927 4346 3169 4399; x_wconf 88' lang='lat' dir='ltr'><strong>Patrum</strong></span> <span class='ocrx_word' id='word_1_697' title='bbox 3223 4341 3547 4397; x_wconf 91' lang='lat' dir='ltr'><strong>concilium</strong></span> <span class='ocrx_word' id='word_1_698' title='bbox 3604 4340 3685 4397; x_wconf 90' lang='lat' dir='ltr'><strong>ad</strong></span> 
     </span>
    </p>
   </div>
   <div class='ocr_carea' id='block_1_107' title="bbox 2016 4430 3679 4498">
    <p class='ocr_par' dir='ltr' id='par_1_107' title="bbox 2016 4430 3679 4498">
     <span class='ocr_line' id='line_1_107' title="bbox 2016 4430 3679 4498; baseline -0.007 0"><span class='ocrx_word' id='word_1_699' title='bbox 2016 4441 2227 4498; x_wconf 85' lang='lat' dir='ltr'><strong>vesani</strong></span> <span class='ocrx_word' id='word_1_700' title='bbox 2305 4438 2423 4493; x_wconf 88' lang='lat' dir='ltr'><strong>Arii</strong></span> <span class='ocrx_word' id='word_1_701' title='bbox 2501 4435 2980 4497; x_wconf 87' lang='lat' dir='ltr'><strong>damnationem,</strong></span> <span class='ocrx_word' id='word_1_702' title='bbox 3052 4430 3322 4487; x_wconf 91' lang='lat' dir='ltr'><strong>similiter</strong></span> <span class='ocrx_word' id='word_1_703' title='bbox 3402 4432 3679 4487; x_wconf 65' lang='lat' dir='ltr'><strong>Ecclesias</strong></span> 
     </span>
    </p>
   </div>
   <div class='ocr_carea' id='block_1_108' title="bbox 2016 4519 3679 4599">
    <p class='ocr_par' dir='ltr' id='par_1_108' title="bbox 2016 4519 3679 4599">
     <span class='ocr_line' id='line_1_108' title="bbox 2016 4519 3679 4599; baseline -0.007 -12"><span class='ocrx_word' id='word_1_704' title='bbox 2016 4529 2309 4587; x_wconf 88' lang='lat' dir='ltr'><strong>laboranti</strong></span> <span class='ocrx_word' id='word_1_705' title='bbox 2334 4528 2526 4599; x_wconf 88' lang='lat' dir='ltr'><strong>justas</strong></span> <span class='ocrx_word' id='word_1_706' title='bbox 2558 4522 2864 4596; x_wconf 82' lang='lat' dir='ltr'><strong>suppetias</strong></span> <span class='ocrx_word' id='word_1_707' title='bbox 2901 4520 3341 4577; x_wconf 83' lang='lat' dir='ltr'><strong>tulit.Attamen</strong></span> <span class='ocrx_word' id='word_1_708' title='bbox 3371 4519 3679 4576; x_wconf 85' lang='lat' dir='ltr'><strong>nonnullis</strong></span> 
     </span>
    </p>
   </div>
   <div class='ocr_carea' id='block_1_109' title="bbox 2017 4609 3680 4681">
    <p class='ocr_par' dir='ltr' id='par_1_109' title="bbox 2017 4609 3680 4681">
     <span class='ocr_line' id='line_1_109' title="bbox 2017 4609 3680 4681; baseline -0.008 -4"><span class='ocrx_word' id='word_1_709' title='bbox 2017 4625 2291 4677; x_wconf 88' lang='lat' dir='ltr'><strong>nostrum</strong></span> <span class='ocrx_word' id='word_1_710' title='bbox 2318 4615 2602 4673; x_wconf 89' lang='lat' dir='ltr'><strong>nimirum</strong></span> <span class='ocrx_word' id='word_1_711' title='bbox 2636 4611 3033 4673; x_wconf 84' lang='lat' dir='ltr'><strong>Heracleensi,</strong></span> <span class='ocrx_word' id='word_1_712' title='bbox 3078 4610 3392 4681; x_wconf 87' lang='lat' dir='ltr'><strong>Cyziceno,</strong></span> <span class='ocrx_word' id='word_1_713' title='bbox 3424 4609 3680 4677; x_wconf 91' lang='lat' dir='ltr'><strong>Sidensi,</strong></span> 
     </span>
    </p>
   </div>
   <div class='ocr_carea' id='block_1_110' title="bbox 2016 4698 3682 4771">
    <p class='ocr_par' dir='ltr' id='par_1_110' title="bbox 2016 4698 3682 4771">
     <span class='ocr_line' id='line_1_110' title="bbox 2016 4698 3682 4771; baseline -0.009 -4"><span class='ocrx_word' id='word_1_714' title='bbox 2016 4705 2550 4769; x_wconf 89' lang='lat' dir='ltr'><strong>Thessalonicensi,</strong></span> <span class='ocrx_word' id='word_1_715' title='bbox 2608 4700 2974 4771; x_wconf 61' lang='lat' dir='ltr'><strong>Caesariensi,</strong></span> <span class='ocrx_word' id='word_1_716' title='bbox 3026 4698 3413 4771; x_wconf 86' lang='lat' dir='ltr'><strong>Philippensi,</strong></span> <span class='ocrx_word' id='word_1_717' title='bbox 3472 4698 3682 4754; x_wconf 88' lang='lat' dir='ltr'><strong>Laodi-</strong></span> 
     </span>
    </p>
   </div>
   <div class='ocr_carea' id='block_1_111' title="bbox 2018 4785 3680 4861">
    <p class='ocr_par' dir='ltr' id='par_1_111' title="bbox 2018 4785 3680 4861">
     <span class='ocr_line' id='line_1_111' title="bbox 2018 4785 3680 4861; baseline -0.008 -7"><span class='ocrx_word' id='word_1_718' title='bbox 2018 4814 2183 4861; x_wconf 44' lang='lat' dir='ltr'><strong>ceno,</strong></span> <span class='ocrx_word' id='word_1_719' title='bbox 2220 4795 2385 4852; x_wconf 88' lang='lat' dir='ltr'><strong>haud</strong></span> <span class='ocrx_word' id='word_1_720' title='bbox 2433 4793 2632 4848; x_wconf 89' lang='lat' dir='ltr'><strong>visum</strong></span> <span class='ocrx_word' id='word_1_721' title='bbox 2661 4794 2751 4844; x_wconf 91' lang='lat' dir='ltr'><strong>est</strong></span> <span class='ocrx_word' id='word_1_722' title='bbox 2798 4790 2858 4843; x_wconf 91' lang='lat' dir='ltr'><strong>in</strong></span> <span class='ocrx_word' id='word_1_723' title='bbox 2910 4786 3193 4859; x_wconf 63' lang='lat' dir='ltr'><strong>praesenti</strong></span> <span class='ocrx_word' id='word_1_724' title='bbox 3223 4785 3298 4841; x_wconf 91' lang='lat' dir='ltr'><strong>de</strong></span> <span class='ocrx_word' id='word_1_725' title='bbox 3333 4786 3449 4841; x_wconf 90' lang='lat' dir='ltr'><strong>hoc</strong></span> <span class='ocrx_word' id='word_1_726' title='bbox 3474 4785 3680 4841; x_wconf 89' lang='lat' dir='ltr'><strong>decer-</strong></span> 
     </span>
    </p>
   </div>
   <div class='ocr_carea' id='block_1_112' title="bbox 2016 4874 3681 4953">
    <p class='ocr_par' dir='ltr' id='par_1_112' title="bbox 2016 4874 3681 4953">
     <span class='ocr_line' id='line_1_112' title="bbox 2016 4874 3681 4953; baseline -0.008 -9"><span class='ocrx_word' id='word_1_727' title='bbox 2016 4904 2179 4953; x_wconf 89' lang='lat' dir='ltr'><strong>nere,</strong></span> <span class='ocrx_word' id='word_1_728' title='bbox 2205 4885 2308 4941; x_wconf 90' lang='lat' dir='ltr'><strong>sed</strong></span> <span class='ocrx_word' id='word_1_729' title='bbox 2359 4882 2557 4940; x_wconf 87' lang='lat' dir='ltr'><strong>adhuc</strong></span> <span class='ocrx_word' id='word_1_730' title='bbox 2605 4876 3203 4945; x_wconf 89' lang='lat' dir='ltr'><strong>considerandum,et</strong></span> <span class='ocrx_word' id='word_1_731' title='bbox 3258 4880 3387 4931; x_wconf 86' lang='lat' dir='ltr'><strong>tum</strong></span> <span class='ocrx_word' id='word_1_732' title='bbox 3430 4874 3681 4932; x_wconf 93' lang='lat' dir='ltr'><strong>demum</strong></span> 
     </span>
    </p>
   </div>
   <div class='ocr_carea' id='block_1_113' title="bbox 2020 4960 2773 5033">
    <p class='ocr_par' dir='ltr' id='par_1_113' title="bbox 2020 4960 2773 5033">
     <span class='ocr_line' id='line_1_113' title="bbox 2020 4960 2773 5033; baseline -0.016 1"><span class='ocrx_word' id='word_1_733' title='bbox 2020 4974 2377 5033; x_wconf 81' lang='lat' dir='ltr'><strong>sententiam</strong></span> <span class='ocrx_word' id='word_1_734' title='bbox 2410 4969 2719 5027; x_wconf 85' lang='lat' dir='ltr'><strong>ferendam</strong></span> <span class='ocrx_word' id='word_1_735' title='bbox 2734 4960 2773 5023; x_wconf 71' lang='grc'><strong>.’</strong></span> 
     </span>
    </p>
   </div>
   <div class='ocr_carea' id='block_1_114' title="bbox 2088 5053 3683 5125">
    <p class='ocr_par' dir='ltr' id='par_1_114' title="bbox 2088 5053 3683 5125">
     <span class='ocr_line' id='line_1_114' title="bbox 2088 5053 3683 5125; baseline -0.009 -2"><span class='ocrx_word' id='word_1_736' title='bbox 2088 5065 2303 5124; x_wconf 87' lang='lat' dir='ltr'><strong>Mensis</strong></span> <span class='ocrx_word' id='word_1_737' title='bbox 2357 5061 2488 5119; x_wconf 85' lang='lat' dir='ltr'><strong>Maii</strong></span> <span class='ocrx_word' id='word_1_738' title='bbox 2544 5060 2639 5115; x_wconf 92' lang='lat' dir='ltr'><strong>die</strong></span> <span class='ocrx_word' id='word_1_739' title='bbox 2686 5058 2861 5113; x_wconf 89' lang='lat' dir='ltr'><strong>tertia</strong></span> <span class='ocrx_word' id='word_1_740' title='bbox 2910 5055 3169 5125; x_wconf 89' lang='lat' dir='ltr'><strong>decima,</strong></span> <span class='ocrx_word' id='word_1_741' title='bbox 3202 5053 3531 5110; x_wconf 89' lang='lat' dir='ltr'><strong>indictione</strong></span> <span class='ocrx_word' id='word_1_742' title='bbox 3586 5071 3683 5110; x_wconf 85' lang='lat' dir='ltr'><strong>se-</strong></span> 
     </span>
    </p>
   </div>
   <div class='ocr_carea' id='block_1_115' title="bbox 2018 5143 3682 5225">
    <p class='ocr_par' dir='ltr' id='par_1_115' title="bbox 2018 5143 3682 5225">
     <span class='ocr_line' id='line_1_115' title="bbox 2018 5143 3682 5225; baseline -0.008 -12"><span class='ocrx_word' id='word_1_743' title='bbox 2018 5157 2239 5222; x_wconf 90' lang='lat' dir='ltr'><strong>cunda,</strong></span> <span class='ocrx_word' id='word_1_744' title='bbox 2298 5151 2655 5225; x_wconf 70' lang='lat' dir='ltr'><strong>praesidente</strong></span> <span class='ocrx_word' id='word_1_745' title='bbox 2713 5164 2747 5204; x_wconf 91' lang='lat' dir='ltr'><strong>a</strong></span> <span class='ocrx_word' id='word_1_746' title='bbox 2801 5150 2921 5203; x_wconf 90' lang='lat' dir='ltr'><strong>Deo</strong></span> <span class='ocrx_word' id='word_1_747' title='bbox 2978 5148 3268 5201; x_wconf 90' lang='lat' dir='ltr'><strong>coronato</strong></span> <span class='ocrx_word' id='word_1_748' title='bbox 3318 5143 3682 5217; x_wconf 87' lang='lat' dir='ltr'><strong>imperatore</strong></span> 
     </span>
    </p>
   </div>
   <div class='ocr_carea' id='block_1_116' title="bbox 2020 5233 3683 5303">
    <p class='ocr_par' dir='ltr' id='par_1_116' title="bbox 2020 5233 3683 5303">
     <span class='ocr_line' id='line_1_116' title="bbox 2020 5233 3683 5303; baseline -0.008 1"><span class='ocrx_word' id='word_1_749' title='bbox 2020 5251 2223 5303; x_wconf 89' lang='lat' dir='ltr'><strong>nostro</strong></span> <span class='ocrx_word' id='word_1_750' title='bbox 2249 5248 2307 5300; x_wconf 90' lang='lat' dir='ltr'><strong>et</strong></span> <span class='ocrx_word' id='word_1_751' title='bbox 2334 5242 2581 5299; x_wconf 86' lang='lat' dir='ltr'><strong>domino</strong></span> <span class='ocrx_word' id='word_1_752' title='bbox 2636 5236 2903 5294; x_wconf 86' lang='lat' dir='ltr'><strong>Manuele</strong></span> <span class='ocrx_word' id='word_1_753' title='bbox 2950 5237 3282 5303; x_wconf 92' lang='lat' dir='ltr'><strong>Comneno,</strong></span> <span class='ocrx_word' id='word_1_754' title='bbox 3316 5233 3376 5289; x_wconf 92' lang='lat' dir='ltr'><strong>in</strong></span> <span class='ocrx_word' id='word_1_755' title='bbox 3412 5233 3683 5291; x_wconf 83' lang='lat' dir='ltr'><strong>Blacher-</strong></span> 
     </span>
    </p>
   </div>
   <div class='ocr_carea' id='block_1_117' title="bbox 2019 5324 3683 5406">
    <p class='ocr_par' dir='ltr' id='par_1_117' title="bbox 2019 5324 3683 5406">
     <span class='ocr_line' id='line_1_117' title="bbox 2019 5324 3683 5406; baseline -0.009 -12"><span class='ocrx_word' id='word_1_756' title='bbox 2019 5352 2235 5394; x_wconf 90' lang='lat' dir='ltr'><strong>narum</strong></span> <span class='ocrx_word' id='word_1_757' title='bbox 2255 5333 2499 5406; x_wconf 78' lang='lat' dir='ltr'><strong>palatio,</strong></span> <span class='ocrx_word' id='word_1_758' title='bbox 2527 5327 2947 5386; x_wconf 89' lang='lat' dir='ltr'><strong>assistentibus</strong></span> <span class='ocrx_word' id='word_1_759' title='bbox 2974 5330 3197 5381; x_wconf 66' lang='lat' dir='ltr'><strong>sanctae</strong></span> <span class='ocrx_word' id='word_1_760' title='bbox 3222 5324 3523 5395; x_wconf 88' lang='lat' dir='ltr'><strong>majestati</strong></span> <span class='ocrx_word' id='word_1_761' title='bbox 3551 5324 3601 5395; x_wconf 88' lang='lat' dir='ltr'><strong>ej</strong></span> <span class='ocrx_word' id='word_1_762' title='bbox 3613 5341 3683 5380; x_wconf 91' lang='lat' dir='ltr'><strong>us</strong></span> 
     </span>
    </p>
   </div>
   <div class='ocr_carea' id='block_1_118' title="bbox 2020 5413 3679 5496">
    <p class='ocr_par' dir='ltr' id='par_1_118' title="bbox 2020 5413 3679 5496">
     <span class='ocr_line' id='line_1_118' title="bbox 2020 5413 3679 5496; baseline -0.008 -12"><span class='ocrx_word' id='word_1_763' title='bbox 2020 5425 2247 5484; x_wconf 88' lang='lat' dir='ltr'><strong>cunctis</strong></span> <span class='ocrx_word' id='word_1_764' title='bbox 2295 5420 2597 5496; x_wconf 79' lang='lat' dir='ltr'><strong>praedictis</strong></span> <span class='ocrx_word' id='word_1_765' title='bbox 2621 5463 2635 5487; x_wconf 95' lang='lat'><strong>,</strong></span> <span class='ocrx_word' id='word_1_766' title='bbox 2685 5416 2947 5495; x_wconf 81' lang='lat' dir='ltr'><strong>exceptis</strong></span> <span class='ocrx_word' id='word_1_767' title='bbox 2978 5413 3415 5487; x_wconf 88' lang='lat' dir='ltr'><strong>protonotario,</strong></span> <span class='ocrx_word' id='word_1_768' title='bbox 3449 5428 3679 5483; x_wconf 89' lang='lat' dir='ltr'><strong>magno</strong></span> 
     </span>
    </p>
   </div>
   <div class='ocr_carea' id='block_1_119' title="bbox 2019 5503 3680 5586">
    <p class='ocr_par' dir='ltr' id='par_1_119' title="bbox 2019 5503 3680 5586">
     <span class='ocr_line' id='line_1_119' title="bbox 2019 5503 3680 5586; baseline -0.01 -12"><span class='ocrx_word' id='word_1_769' title='bbox 2019 5514 2347 5586; x_wconf 86' lang='lat' dir='ltr'><strong>drungario</strong></span> <span class='ocrx_word' id='word_1_770' title='bbox 2378 5508 2940 5585; x_wconf 47' lang='lat' dir='ltr'><strong>protoasecretisﬁt</strong></span> <span class='ocrx_word' id='word_1_771' title='bbox 2978 5503 3456 5576; x_wconf 86' lang='lat' dir='ltr'><strong>nomophylace;</strong></span> <span class='ocrx_word' id='word_1_772' title='bbox 3486 5504 3680 5559; x_wconf 89' lang='lat' dir='ltr'><strong>consi-</strong></span> 
     </span>
    </p>
   </div>
   <div class='ocr_carea' id='block_1_120' title="bbox 2019 5590 3681 5671">
    <p class='ocr_par' dir='ltr' id='par_1_120' title="bbox 2019 5590 3681 5671">
     <span class='ocr_line' id='line_1_120' title="bbox 2019 5590 3681 5671; baseline -0.008 -9"><span class='ocrx_word' id='word_1_773' title='bbox 2019 5604 2303 5662; x_wconf 90' lang='lat' dir='ltr'><strong>dentibus</strong></span> <span class='ocrx_word' id='word_1_774' title='bbox 2329 5600 2506 5657; x_wconf 91' lang='lat' dir='ltr'><strong>nobis</strong></span> <span class='ocrx_word' id='word_1_775' title='bbox 2535 5594 2909 5671; x_wconf 88' lang='lat' dir='ltr'><strong>patriarchis,</strong></span> <span class='ocrx_word' id='word_1_776' title='bbox 2936 5592 3169 5665; x_wconf 91' lang='lat' dir='ltr'><strong>absque</strong></span> <span class='ocrx_word' id='word_1_777' title='bbox 3199 5590 3591 5663; x_wconf 21' lang='lat' dir='ltr'><strong>A‘ntiocheno,</strong></span> <span class='ocrx_word' id='word_1_778' title='bbox 3622 5598 3681 5649; x_wconf 88' lang='lat' dir='ltr'><strong>et</strong></span> 
     </span>
    </p>
   </div>
   <div class='ocr_carea' id='block_1_121' title="bbox 2019 5680 3678 5765">
    <p class='ocr_par' dir='ltr' id='par_1_121' title="bbox 2019 5680 3678 5765">
     <span class='ocr_line' id='line_1_121' title="bbox 2019 5680 3678 5765; baseline -0.009 -13"><span class='ocrx_word' id='word_1_779' title='bbox 2019 5696 2094 5752; x_wconf 92' lang='lat' dir='ltr'><strong>de</strong></span> <span class='ocrx_word' id='word_1_780' title='bbox 2133 5694 2248 5752; x_wconf 89' lang='lat' dir='ltr'><strong>hac</strong></span> <span class='ocrx_word' id='word_1_781' title='bbox 2290 5707 2353 5748; x_wconf 90' lang='lat' dir='ltr'><strong>re</strong></span> <span class='ocrx_word' id='word_1_782' title='bbox 2392 5686 2807 5765; x_wconf 88' lang='lat' dir='ltr'><strong>judicantibus</strong></span> <span class='ocrx_word' id='word_1_783' title='bbox 2841 5703 2854 5754; x_wconf 91' lang='lat'><strong>;</strong></span> <span class='ocrx_word' id='word_1_784' title='bbox 2898 5682 3064 5739; x_wconf 92' lang='lat' dir='ltr'><strong>socio</strong></span> <span class='ocrx_word' id='word_1_785' title='bbox 3090 5680 3300 5754; x_wconf 88' lang='lat' dir='ltr'><strong>judicii</strong></span> <span class='ocrx_word' id='word_1_786' title='bbox 3321 5680 3512 5737; x_wconf 90' lang='lat' dir='ltr'><strong>nostri</strong></span> <span class='ocrx_word' id='word_1_787' title='bbox 3538 5680 3678 5738; x_wconf 88' lang='lat' dir='ltr'><strong>Bul-</strong></span> 
     </span>
    </p>
   </div>
  </div>
