4480 6430
811 397 903 449 191
2144 386 2402 446 ΝΙΟΙΤἈΕ
2432 394 2580 449 ΟΗΟ]

2393 391 2402 444 :
2432 394 2809 449 CHONIAT/E
3818 459 3819 462 γ
3994 353 4000 366 ’
4065 397 4162 447 192

799 516 914 572 hac
941 531 1003 571 re
1035 516 1489 588 dispiceremus,
1531 516 1749 572 deinde
1787 517 1846 570 in
1879 513 1995 569 alia
2022 515 2288 570 sessione
2317 530 2452 570 sen-
2487 523 2530 569 A
2567 550 2568 561 η

2393 531 2452 570 [1-
2487 523 2530 569 Α
2567 517 2925 590 αἰτησαμένων
2969 517 3410 588 κατασκέψασθαι
3456 521 3703 590 πρότερον
3734 520 3852 588 περὶ
3882 518 4066 567 τούτου
4105 519 4162 568 τὸ

801 606 1046 662 tentiam
1075 607 1333 679 quisque
1365 623 1545 662 suam
1579 606 1928 678 proferrent.

874 783 997 851 Ego
1028 783 1273 854 quidem
1323 783 2035 856 Constantinopolitanus,
2071 797 2190 837 non
2238 781 2452 837 admit-

803 872 1054 927 tendum
1084 872 1160 928 ad
1188 873 1588 928 sacerdotium
1621 873 1716 929 aio
1747 873 1928 937 hunc,
1958 871 2100 942 quia
2124 871 2252 940 jam
2291 871 2453 926 bien-

799 961 902 1015 nio
920 977 1040 1016 non
1065 961 1219 1016 clam
1247 977 1440 1034 neque
1461 963 1523 1017 in
1545 961 1800 1032 angulis,
1827 960 1934 1016 sed
1963 958 2275 1015 manifeste
2295 965 2455 1015 recto

799 1049 1069 1119 dogmati
1123 1052 1499 1121 contradicit,
1545 1067 1728 1124 seque
1760 1050 2071 1123 publicum
2102 1065 2305 1120 pravae
2353 1049 2455 1104 do-

799 1137 998 1192 ctrinaa
1030 1138 1325 1194 fautorem
1359 1139 1859 1210 defensoremque
1882 1137 2213 1208 profitetur.

870 1230 991 1296 Ego
1013 1228 1587 1300 Hierosolymitanus
1609 1228 1768 1284 idem
1787 1243 2003 1282 censeo
2027 1226 2191 1299 quod
2215 1224 2458 1281 sanctis-

800 1315 991 1370 simus
1022 1316 1305 1372 dominus
1333 1333 1504 1372 meus
1529 1323 1585 1372 et
1605 1316 2006 1372 consacerdos
2042 1314 2458 1370 Constantino-

798 1404 1100 1476 politanus
1129 1405 1202 1460 de
1233 1406 1346 1460 hoc
1377 1405 1686 1478 proposito
1730 1405 1825 1476 pie
1866 1410 1922 1460 et
1980 1403 2314 1470 secundum
2359 1401 2457 1457 Dei

799 1492 1171 1548 voluntatem
1197 1495 1417 1550 statuit.

872 1586 988 1653 Ego
1020 1583 1304 1653 Bulgarus
1335 1587 1430 1640 aio
1453 1584 1578 1640 ﬁeri
1609 1600 1732 1639 non
1754 1599 1935 1656 posse
1974 1587 2034 1639 ut
2058 1583 2154 1638 hic
2187 1580 2458 1637 sacerdo-

799 1669 948 1725 tium
979 1671 1230 1727 retinere
1274 1673 1524 1739 sinatur,
1556 1672 1699 1744 quia
1732 1677 1964 1727 tantum
1993 1675 2196 1726 contra
2227 1670 2325 1724 Dei
2358 1671 2455 1723 Ec-

798 1759 1043 1815 clesiam
1093 1760 1449 1816 scandalum
1499 1761 1826 1831 suscitavit,
1870 1766 1926 1815 et
1972 1760 2075 1832 qui
2114 1757 2455 1829 complures

796 1848 933 1903 huic
950 1864 1080 1904 esse
1110 1850 1368 1905 asseclas
1399 1854 1566 1921 puto,
1587 1849 2010 1920 nescimusque
2033 1852 2232 1903 utrum
2258 1846 2335 1902 ad
2359 1861 2452 1900 ve-
2484 1865 2526 1918 Β

795 1937 1032 1993 ritatem
1081 1937 1311 1994 sincero
1356 1939 1583 2010 judicio
1614 1939 1907 1993 reversuri
1957 1936 2283 2010 aliquando
2315 1935 2449 1990 sint.

795 2026 968 2091 Quod
986 2027 1222 2098 sijuxta
1249 2027 1497 2083 effatum
1531 2028 1928 2097 Dominicum,
1960 2026 2188 2082 homini
2217 2025 2321 2097 qui
2347 2025 2454 2080 mi-

792 2115 1028 2170 nimum
1047 2116 1310 2188 aliquem
1330 2117 1556 2173 Christo
1575 2116 1918 2172 credentem
1937 2114 2451 2178 scandalizaverit,

795 2205 1036 2277 expedit
1065 2210 1129 2261 ut
1152 2205 1354 2278 lapide
1398 2206 1650 2262 molario
1677 2206 1736 2261 in
1769 2207 1899 2277 ejus
1929 2205 2151 2261 collum
2181 2203 2455 2259 immisso

794 2293 1218 2365 praecipitetur,
1244 2299 1299 2349 et
1321 2295 1381 2350 in
1409 2295 1593 2350 maris
1618 2294 2088 2366 profunditatem
2112 2292 2452 2363 jaciatur‘o;

793 2381 898 2453 qui
928 2383 1149 2439 multos
1180 2384 1338 2440 circa
1367 2383 1597 2453 dogma
1619 2382 2060 2449 scandalizavit,
2086 2386 2328 2454 quantae
2351 2380 2459 2440 erit

796 2486 993 2542 paenae
1019 2472 1317 2528 obnoxius
1340 2474 1367 2528 ?
1389 2475 1637 2545 Insuper
1665 2488 1738 2528 ex
1763 2471 2012 2528 diversis
2033 2470 2248 2526 divinis
2280 2485 2458 2526 cano-

796 2559 976 2615 nibus
1003 2561 1143 2617 satis
1173 2563 1581 2632 cognoscitur,
1612 2562 1775 2617 hunc
1806 2560 1884 2618 ad
1912 2559 2313 2617 sacerdotium
2339 2559 2455 2615 mi-

794 2649 957 2707 nime
983 2651 1215 2708 admitti
1236 2668 1434 2724 posse,
1461 2652 1584 2708 imo
1615 2649 2074 2724 deponendum.

866 2831 985 2902 Ego
1012 2846 1257 2903 quoque
1298 2831 1548 2903 Cyprius
1574 2831 1692 2900 aio,
1735 2846 1830 2886 me
1862 2833 2067 2901 utpote
2098 2832 2450 2906 extraneum

799 2924 975 2975 antea
1000 2920 1248 2990 quidem
1272 2936 1394 2975 non
1421 2920 1567 2976 satis
1591 2919 1941 2990 cognovisse
1958 2934 2111 2991 quas
2141 2918 2248 2972 iste
2272 2917 2455 2973 vomit

791 3007 1205 3080 blasphemias
1229 3011 1520 3065 adversus
1539 3014 1769 3065 rectum
1792 3009 2063 3064 Ecclesiae
2078 3007 2454 3078 dogma.Sed

789 3097 952 3154 enim
1009 3114 1081 3153 ex
1133 3099 1226 3154 his
1270 3115 1405 3171 qua:
1449 3099 1629 3155 hodie
1679 3099 1880 3170 ipsum
1919 3097 2125 3154 audivi
2155 3097 2452 3152 dicentem

2566 605 2878 680 τελεώτερον,
2921 605 3076 658 καὶέν
3125 606 3269 680 ἑτέρᾳ
3321 605 3615 658 συνελεύσει
3661 608 3718 657 τό
3771 601 3958 656 δοκοῦν
3996 604 4164 664 αὐτοῖς

2567 693 2957 766 ἀποφήνασθαι,

2637 783 2768 854 Ἐγὼ
2816 786 2905 854 μὲν
2959 785 2984 834 ό
3042 782 3626 844 Κωνσταντινούπολεως
3681 777 4042 854 ἀπαράδεκτον
4093 781 4162 842 εἰς

2567 875 2847 944 ἱερωσύνην
2881 877 3060 924 τοῦτόν
3088 893 3220 945 φημι
3251 869 3399 940 εἶναι,
3441 875 3507 934 ὡς
3554 871 3639 924 ἐπὶ
3672 869 3767 923 δύο
3806 867 3912 928 ἤδη
3941 890 4166 945 χρόνους

2565 960 2623 1011 ού
2655 964 2826 1034 κρύφα
2857 959 2970 1013 οὐδ’
2999 960 3045 1012 ἐν
3084 966 3266 1033 γωνία,
3315 961 3442 1013 ἀλλὰ
3469 969 3692 1036 φανερῶς
3723 963 3860 1012 κατὰ
3889 968 3979 1012 τοῦ
4008 962 4165 1031 ὀρθού

2565 1049 3049 1124 παρρησιαζόμενον
3073 1048 3457 1122 δόγματος,καὶ
3477 1055 3762 1123 συνήγορον
3787 1053 3907 1101 ὄντα
3930 1047 4164 1120 λαμπρὸν

2566 1146 2656 1198 τῆς
2680 1137 2916 1200 ἀσεϐείας
2937 1144 3026 1190 καὶ
3055 1144 3355 1212 πρόμαχον.

2638 1231 2766 1298 Ἐγὼ
2827 1225 2884 1279 δε
2937 1229 2961 1278 ό
3007 1227 3372 1301 Ἰεροσολύμων
3445 1227 3579 1279 αύτὰ
3637 1234 3806 1279 ταῦτα
3864 1231 3953 1277 καὶ
4011 1225 4169 1284 αύτός

2566 1319 2880 1388 γνωματεύω
2934 1317 3062 1389 άπερ
3136 1319 3161 1368 ό
3225 1316 3511 1387 ἁγιώτατος
3567 1315 3694 1388 ἐμοῦ
3762 1312 4019 1374 δεσπότης
4079 1319 4169 1366 καὶ

2571 1405 3015 1480 συλλειτουργόςό
3072 1405 3655 1466 Κωνσταντινουπόλεως
3703 1404 3788 1456 ἰπὶ
3835 1413 3896 1477 τῇ
3951 1423 4165 1476 τοιαυτῃ

2568 1495 2810 1546 ὑποθέσει
2843 1497 3126 1567 θεαρέστως
3155 1496 3286 1565 οἰγαν
3317 1498 3406 1546 καὶ
3437 1493 3654 1554 εὐσεϐῶς
3686 1495 4000 1564 ἀπεφήνατο.

2643 1583 2769 1653 Ἐγὼ
2837 1579 2896 1635 δὲ
2953 1585 2977 1634 ό
3037 1583 3355 1657 Βουλγαρίας
3412 1582 3539 1653 λέγω
3599 1579 3854 1634 ἀδύνατον
3916 1580 4045 1633 εἶναι
4111 1584 4168 1631 τὸ

2566 1668 2974 1744 παραδεχθῆναι
3049 1680 3225 1724 τοῦτον
3302 1675 3440 1742 ἔχειν
3519 1673 3821 1745 ἱερωσύνην,
3937 1671 4017 1722 ὅτι
4120 1687 4173 1720 τε

2566 1768 2798 1812 τοιοῦτον
2859 1758 3148 1813 σκάνδαλον
3215 1765 3349 1813 κατὰ
3404 1769 3494 1822 τῆς
3555 1760 3862 1820 Ἐκκλησίας
3920 1758 4169 1830 ἐξήγειρε,

2566 1855 2655 1901 καὶ
2712 1851 2788 1901 ὅτι
2841 1856 2930 1901 καὶ
2982 1847 3224 1924 διάφοροι
3273 1853 3437 1921 τούτῳ
3487 1846 3634 1921 οἶμαι
3683 1848 4171 1915 συνηκολούθησαν,

2566 1945 2656 1992 καὶ
2703 1939 2983 2011 ἀγνοοῦμεν
3032 1939 3076 1991 εἰ
3131 1943 3267 2012 πρὸς
3319 1938 3559 1997 ἀληθειαν
3613 1942 3740 2011 μετὰ
3791 1938 3945 2012 ὀρθοῦ
3985 1941 4175 2012 φρονήο

2566 2039 2724 2100 ματος
2781 2035 2870 2081 καὶ
2920 2032 3034 2081 τότε
3099 2031 3580 2103 ἑπιστραφῆσονται
3613 2050 3625 2061 ο
3691 2032 3780 2079 καὶ
3845 2030 3983 2100 εἰπερ
4037 2028 4174 2078 κατὰ

2567 2139 2632 2170 τα
2680 2121 2920 2191 Κυριακὰ
2964 2118 3114 2189 λόγια
3160 2127 3232 2188 τῷ
3276 2119 3361 2171 ἕνα
3408 2120 3526 2170 τινὰ
3565 2126 3664 2169 τῶν
3705 2125 3903 2191 μικρῶν
3937 2111 4171 2167 σκανδα-

2566 2207 2773 2259 λίσαντι
2811 2228 2911 2259 των
2959 2211 3302 2260 πιστευόντων
3358 2207 3424 2268 εἰς
3485 2210 3571 2258 τὸν
3625 2209 3857 2279 Χριστόν
3910 2208 4171 2278 συμφέρον

2569 2297 2707 2350 ἐστὶν
2749 2300 2830 2348 ἵνα
2895 2296 3039 2358 λίθος
3095 2296 3380 2369 μυλωνικός
3437 2296 3508 2358 εἰς
3563 2299 3650 2348 τὸν
3703 2293 3969 2370 τράχηλον
4009 2293 4173 2346 αὐτοῦ

2568 2388 2862 2460 κρεμασθῇ,
2934 2391 3023 2438 καὶ
3080 2385 3151 2448 εἰς
3221 2385 3384 2458 βυθόν
3447 2384 3717 2445 θαλάσσης
3799 2382 4082 2458 ἀπορριφῇ,
4148 2383 4173 2434 ό

2567 2476 2782 2536 πολλοὺς
2842 2472 3199 2537 σκανδαλὶσας
3247 2474 3331 2527 ἐπὶ
3388 2483 3460 2544 τῷ
3511 2471 3763 2546 δόγματι,
3818 2475 3977 2544 ,ὁποίᾳ
4026 2475 4175 2524 ἔσται

2567 2570 2796 2640 τιμωρίᾳ
2861 2561 3110 2625 ὑπόδικος
3161 2581 3174 2631 ;
3217 2564 3374 2617 Ἀλλά
3434 2569 3524 2617 καὶ
3585 2563 3640 2616 ἐκ
3703 2560 3966 2636 διαφόρων
4027 2563 4173 2613 θείων

2566 2660 2788 2708 κανόνων
2812 2659 2869 2707 τό
2897 2651 3261 2730 ἀπαράδεκτον
3291 2657 3422 2726 πρὸς
3454 2654 3736 2728 ἱερωσύνην
3763 2657 3852 2705 καὶ
3876 2653 4175 2724 καθῃρημέ-

2565 2766 2648 2798 νον
2674 2753 2854 2798 τοῡτον
2887 2741 3015 2796 εἶναί
3042 2741 3076 2798 δ
3083 2749 3471 2816 ιαγινώσκεται.

2639 2836 2793 2890 Ἀλλὰ
2841 2834 2984 2906 κάγὼ
3044 2836 3069 2886 ό
3146 2837 3358 2910 Κύπρου
3425 2837 3577 2886 τοῦτό
3637 2852 3794 2905 φημι,
3844 2834 3911 2892 ὡς
3962 2833 4028 2882 τὰ
4082 2833 4172 2902 μὲν

2566 2925 2696 2977 ἄλλα
2733 2933 2824 2976 τοῦ
2872 2921 3062 2998 ἀνδρὸς
3119 2920 3396 2996 ἀπόδημος
3435 2924 3522 2991 ὢν,
3565 2925 3623 2974 τό
3668 2927 3914 2996 πρότερον
3946 2920 4003 2972 ού
4047 2923 4173 2972 σύν-

2566 3011 2691 3068 οιδα
2756 3013 2985 3087 ἀκριϐῶς
3030 3015 3131 3065 ὅσα
3185 3018 3275 3066 καὶ
3336 3012 3727 3085 βλασφημῆσαι
3778 3011 3979 3082 λέγεται
4039 3012 4176 3061 κατὰ

2565 3111 2657 3155 τοῦ
2724 3103 2880 3179 ὀρθοῦ
2947 3101 3206 3176 δόγματος
3268 3111 3358 3162 τῆς
3417 3101 3779 3161 Ἐκκλησίας·
3841 3098 3926 3172 ἀφ’
3980 3101 4047 3149 ὧν
4116 3095 4176 3150 δὲ

792 3190 929 3241 ante
960 3185 1194 3256 regium
1224 3191 1278 3242 et
1309 3186 1784 3267 ecclesiasticum
1814 3187 2119 3249 thronum,
2149 3201 2272 3240 non
2303 3200 2450 3255 pon—
2485 3223 2524 3280 Ο

2406 3200 2450 3238 1·
2485 3223 2524 3280 C
2569 3197 2793 3267 σήμερον
2821 3191 3032 3244 ἐνώπιον
3063 3201 3155 3244 τοὺ
3198 3190 3478 3263 βασιλικου
3514 3195 3605 3242 καὶ
3639 3193 3898 3259 ἱερατικου
3934 3187 4175 3260 βήματος

792 3275 1040 3332 tiﬁcatui
1075 3277 1495 3333 tantummodo
1512 3293 1653 3332 cum
1668 3293 1916 3349 prorsus
1941 3277 2211 3348 ineptum
2221 3275 2241 3346 j
2254 3275 2451 3344 udico,

791 3380 1003 3420 verum
1031 3364 1211 3421 etiam
1247 3365 1546 3422 diaconali
1577 3366 1789 3435 gradu,
1820 3381 2001 3438 quem
2044 3365 2336 3420 hactenus
2370 3367 2454 3418 te-

791 3454 995 3510 nuisse
1024 3454 1273 3526 videtur,
1316 3455 1657 3526 indignum,
1685 3456 1768 3511 ita
1797 3461 1861 3511 ut
1887 3471 1961 3511 ex
1994 3455 2108 3510 hoc
2140 3454 2320 3510 etiam
2352 3452 2454 3524 eji-

795 3543 1044 3600 ciendus
1084 3544 1383 3602 videatur.

865 3636 987 3704 Ego
1020 3635 1397 3690 Caesariensis
1426 3633 1610 3703 hunc,
1644 3638 1849 3707 utpote
1877 3649 2037 3706 saepe
2082 3631 2456 3689 orthodoxite

800 3722 1209 3789 adversatum,
1234 3724 1314 3780 ad
1345 3724 1748 3780 sacerdotium
1778 3740 1902 3780 non
1934 3723 2205 3780 admitto.

866 3816 988 3885 Ego
1020 3813 1355 3871 Corinthius
1382 3814 1584 3881 iudico
1603 3813 1765 3871 hunc
1809 3814 1977 3870 omni
2004 3812 2338 3870 sacerdotio
2365 3811 2459 3866 in-

791 3904 1064 3977 dignum,
1097 3909 1304 3976 utpote
1347 3903 1746 3974 irreligiosum
1779 3909 1835 3960 et
1873 3901 2284 3976 blasphemias
2333 3917 2457 3958 non

795 3994 992 4051 solum
1023 3998 1222 4050 mente
1254 3993 1578 4062 foventem,
1609 4011 1821 4050 verum
1862 3993 2040 4050 etiam
2083 3993 2455 4066 loquentem.

795 4085 1087 4150 Quamvis
1127 4083 1288 4139 enim
1329 4083 1446 4139 illis
1495 4097 1656 4140 nunc
1688 4085 2013 4140 anathema
2043 4082 2210 4152 dixit,
2243 4082 2458 4138 nihilo-

793 4175 995 4230 minus
1018 4172 1354 4230 sacerdotio
1373 4177 1428 4228 et
1449 4172 1606 4229 clero
1623 4173 1959 4229 excluditur
1973 4173 2146 4244 juxta
2161 4187 2458 4242 magnum

790 4263 1187 4319 Athanasium
1211 4261 1685 4319 Alexandrinum
1707 4262 1769 4319 in
1793 4261 2057 4334 Epistola
2085 4261 2165 4317 ad
2196 4260 2458 4317 Ruﬁnia-

791 4367 942 4408 num
979 4352 1357 4425 episcopum,
1385 4352 1678 4424 juxtaque
1709 4352 1858 4408 alios
1897 4351 2135 4407 divinos
2166 4365 2454 4407 canones.

795 4446 958 4501 Certe
988 4442 1281 4514 synodica
1312 4442 1463 4498 sexti
1485 4442 1721 4500 concilii
1747 4443 2017 4499 deﬁnitio
2048 4442 2129 4498 ita
2149 4441 2371 4514 partim
2394 4456 2456 4496 se

789 4533 976 4590 habet
1004 4549 1025 4588 :
1057 4555 1084 4586 ‹
1117 4533 1215 4588 His
1251 4533 1455 4605 itaque
1481 4548 1619 4588 cum
1659 4533 1827 4588 omni
1852 4532 2162 4602 diligentia
2183 4546 2452 4604 curaque

795 4624 1016 4681 eximia
1077 4639 1114 4680 a
1160 4622 1339 4679 nobis
1380 4622 1741 4692 constitutis,
1777 4622 2101 4679 deﬁnimus
2132 4621 2361 4678 nemini
2390 4621 2458 4677 li-
2489 4586 2533 4640 Β

797 4731 927 4771 cere
979 4713 1160 4769 aliam
1211 4711 1397 4769 ﬁdem
1446 4704 1713 4785 proferre
1758 4730 1865 4768 seu
1917 4711 2316 4779 conscribere,
2368 4710 2459 4767 vel

795 4819 1183 4876 componere,
1217 4818 1418 4876 neque
1457 4801 1622 4859 aliud
1652 4802 2000 4875 symbolum
2024 4817 2323 4874 exponere
2356 4803 2461 4857 aut

793 4893 1012 4952 docere
1037 4892 1132 4950 vel
1158 4891 1411 4950 tradere.
1443 4916 1470 4942 »
1504 4894 1573 4948 Et
1600 4893 1810 4965 paucis
1836 4891 2198 4965 interpositis
2231 4909 2244 4948 :
2301 4912 2323 4942 ι
2359 4891 2460 4947 Vel

794 4999 1024 5041 novum
1071 4982 1360 5056 loquendi
1388 4998 1604 5054 genus,
1636 4999 1739 5039 seu
1768 4980 2207 5039 vocabulorum
2250 4981 2457 5037 inven-

795 5072 1020 5130 tionem
1067 5071 1370 5140 invehere,
1417 5071 1496 5128 ad
1521 5071 1881 5142 dogmatum
1905 5088 2043 5144 quae
2069 5070 2457 5127 deﬁnivimus

797 5161 1272 5218 subversionem.
1329 5160 1504 5227 Quod
1557 5161 1605 5215 si
1653 5161 1714 5216 id
1760 5160 1984 5217 faciant
2033 5159 2302 5232 episcopi
2357 5162 2461 5215 aut

793 5251 1011 5320 clerici,
1056 5252 1412 5324 episcopatu
1460 5255 1517 5308 et
1561 5251 1842 5309 clericatu
1883 5256 2148 5307 extorres
2185 5249 2336 5307 ﬁant
2367 5269 2382 5321 ;
2410 5249 2459 5305 si

872 5674 920 5710 ‘°
944 5671 1144 5732 Matth.
1169 5673 1324 5745 ινιὶι,
1344 5674 1397 5730 6.

2564 3279 2721 3335 τουδε
2778 3283 3122 3356 ἠκροασάμην
3193 3280 3430 3353 λέγοντος
3491 3282 3700 3348 τούτου,
3768 3278 3827 3330 ού
3884 3281 4037 3350 μόνον
4105 3276 4176 3338 εἰς

2567 3370 2966 3445 ἀρχιερωσύνην
2999 3366 3356 3444 ἀπαράδεκτον
3403 3367 3533 3420 εἶναι
3578 3369 3912 3420 παντάπασιν
3943 3364 4174 3437 ἀποφαί-

2565 3481 2719 3534 νομαι
2747 3460 2922 3528 αὐτὸν,
2957 3459 3084 3512 ἀλλὰ
3129 3465 3219 3512 καὶ
3262 3459 3422 3511 αύτου
3450 3478 3540 3510 του
3588 3454 3834 3509 διακόνου
3877 3454 4088 3528 βαθμου
4122 3453 4175 3505 ὃν

2568 3546 2715 3602 δοκεί
2743 3553 2868 3611 τέως
2900 3552 3063 3620 ἔχειν,
3081 3549 3287 3611 ἀνάξιος
3309 3549 3476 3605 πάντη
3503 3548 3844 3609 καθέστηκεν,
3871 3547 3940 3604 ὡς
3966 3542 4174 3618 ἀφαιρε-

2567 3644 2682 3692 τέου
2712 3645 2802 3691 καὶ
2828 3642 3014 3691 τούτου
3042 3639 3390 3710 τυγχάνοντος
3413 3635 3465 3699 ἐξ
3494 3636 3673 3688 αύτου.
3764 3625 3772 3640 ’

2642 3733 2770 3800 Ἐγὼ
2795 3725 2853 3780 δὲ
2871 3731 2895 3779 ό
2913 3732 3229 3801 Καισαρείας
3253 3730 3317 3786 ὡς
3338 3725 3585 3786 πολλάκις
3605 3726 3742 3776 κατὰ
3756 3733 3845 3783 τῆς
3867 3719 4177 3798 ὁρθοδοξίας

2570 3817 2721 3870 αὐτόν
2753 3815 3004 3870 ἐνστάντα
3043 3817 3109 3876 εἱς
3151 3817 3431 3891 ἱερωσύνην
3457 3814 3517 3867 οὐ
3537 3810 3939 3886 παραδέχομαι.

2639 3907 2769 3979 Ἐγὼ
2829 3903 2887 3959 δε
2933 3908 2959 3958 ό
3018 3908 3270 3980 Κορίνθου
3311 3909 3469 3980 κρίνω
3519 3923 3700 3956 τουτον
3729 3905 3904 3963 πάσης
3945 3904 4173 3975 ἱερωσύ-

2567 4018 2656 4058 νης
2687 3996 2914 4066 ἀνάξιον,
2963 4001 3028 4057 ὡς
3072 3995 3231 4054 ἀσεϐῆ
3282 4015 3336 4047 τε
3370 3999 3461 4046 καὶ
3499 3993 3792 4067 βλάσφημα
3844 3997 4179 4065 φρονήσαντα

2568 4093 2658 4140 καὶ
2696 4087 2995 4146 λαλήσαντα
3051 4101 3066 4116 ⁸
3123 4086 3166 4138 εἰ
3216 4088 3318 4160 γὰρ
3369 4089 3458 4136 καὶ
3509 4083 3795 4155 ἀναθέματι
3832 4102 3920 4134 νυν
3977 4084 4178 4134 καθυπ-

2569 4177 2766 4246 έϐαλεν,
2822 4176 2951 4228 ἀλλὰ
3007 4184 3100 4237 τῆς
3161 4178 3446 4249 ἱερωσύνης
3494 4179 3584 4226 καὶ
3638 4193 3726 4226 του
3781 4172 3974 4246 κλήρου
4030 4170 4177 4223 ἐκϐέ-

2570 4266 2776 4338 ϐληται,
2838 4268 2974 4318 κατὰ
3022 4269 3109 4318 τόν
3183 4261 3571 4336 Ἀλεξανδρείας
3637 4267 3796 4336 μέγαν
3867 4262 4177 4314 Ἀθανάσιον

2568 4357 2698 4430 πρός
2771 4355 3118 4428 Ῥουφινιανόν
3196 4355 3484 4407 ἑπισκοπον
3545 4353 3844 4427 γράψαντα,
3904 4356 3995 4403 καὶ
4063 4349 4178 4402 καθ’

2570 4447 2774 4520 ἐτέρους
2841 4447 3008 4507 θείους
3069 4449 3286 4506 κανόνας
3336 4459 3348 4471 ·
3408 4445 3433 4495 ό
3477 4447 3566 4516 μέν
3614 4462 3694 4494 τοι
3751 4437 4030 4502 συνοδικὸς
4061 4444 4177 4514 ὄρος

2569 4545 2665 4598 τῆς
2713 4536 2867 4608 ἁγίας
2909 4536 3060 4596 ἕκτης
3120 4531 3346 4587 συνόδου
3388 4534 3544 4593 οὕτως
3601 4532 3649 4584 ἐν
3703 4537 3845 4605 μέρει
3907 4528 4127 4591 διέξεισι
4161 4547 4173 4558 ·

2569 4648 2598 4678 ιι
2665 4628 2872 4680 Τούτων
2947 4630 3117 4678 τοίνυν
3193 4627 3323 4698 μετὰ
3394 4627 3572 4685 πάσης
3640 4621 3908 4695 ἀκριϐείας
3971 4640 4024 4672 τε
4087 4623 4176 4671 καὶ

2569 4715 2841 4789 ἐμμελείας
2913 4712 3246 4787 παντάχόθεν
3321 4714 3443 4787 παρ’
3518 4716 3664 4786 ἡμῶν
3719 4708 4172 4777 διατυπωθέντων,

2570 4808 2810 4879 ὁρίζομεν
2873 4805 3046 4880 ἑτέραν
3126 4810 3307 4858 πίστιν
3386 4801 3574 4877 μηδενὶ
3629 4802 3814 4865 εξείναι
3876 4806 4168 4874 προφέρειν,

2569 4898 2731 4967 ἤγουν
2799 4895 3119 4969 συγγράφειν
3186 4895 3214 4953 ᾖ
3287 4895 3581 4946 συντιθέναι
3640 4895 3817 4944 πίστιν
3880 4890 4076 4963 ἑτέραν,
4141 4889 4170 4946 ἦ

2568 4988 2907 5059 προκομίζειν
2953 4985 2983 5043 ἣ
3037 4979 3316 5036 διδάσκειν
3354 4983 3384 5042 ἣ
3441 4977 3801 5057 παραδιδόναι
3837 4981 4003 5055 ἕτερον
4037 4981 4174 5050 σύμ-

2570 5073 2738 5130 ϐολον.
2776 5098 2796 5125 ν
2837 5078 2939 5128 Καὶ
2991 5075 3286 5146 μετάτινα
3316 5092 3329 5106 ·
3382 5090 3413 5126 >
3460 5071 3529 5125 Ἥ
3569 5075 3905 5143 καινοφωνίαν
3949 5075 4069 5128 ἦτοι
4097 5069 4175 5120 λέ-

2571 5165 2691 5228 ξεων
2751 5163 3012 5238 ἔφεύρεσιν
3087 5166 3212 5238 πρὸς
3279 5162 3573 5236 ἀνατροπὴν
3640 5161 3866 5233 εἰσάγειν
3924 5168 4023 5212 τῶν
4087 5179 4177 5209 νυν

2568 5259 2690 5330 παρ’
2748 5256 2894 5328 ἡμῶν
2962 5251 3352 5328 διορισθέντων,
3405 5251 3720 5312 ἐπισκόπους
3774 5254 3863 5324 μὲν
3932 5254 4078 5310 ὄντας
4146 5248 4175 5306 ἡ

2568 5345 2868 5423 κληρικούς,
2914 5344 3225 5422 (Ξιλλοτρίους¹
3275 5343 3404 5398 εἶναι
3452 5353 3544 5405 τῆς
3590 5341 3891 5420 ,ἐπισκοπῆς
3951 5345 4040 5393 καὶ
4087 5358 4179 5391 του
