4480 6430
296 414 396 473 193

1610 411 1968 472 THESAURI
2009 416 2135 472 LIB.
2176 417 2356 474 XXIV.

3562 423 3666 483 194

286 540 488 612 κλήρου
517 556 531 569 ·
600 538 923 611 μονάζοντας
990 534 1050 589 δε
1106 537 1136 596 ἣ
1204 535 1439 605 λαῖκούς,
1472 580 1487 607 ,
1531 534 1900 610 ἀναθεματίζε-
1934 540 1983 595 Α
2012 555 2055 595 n

1897 568 1900 578 ι
1934 540 1983 595 Α
2012 541 2296 597 monachi
2322 546 2424 597 aut
2452 541 2607 613 laici,
2632 544 3018 611 anathemate
3045 546 3352 603 feriantur.
3380 568 3409 597 ››
3439 548 3666 606 Canoni

290 632 441 681 σθαι.
475 650 503 678 ν
535 631 713 698 Τούτῳ
748 628 1167 699 συμφθέγγονται
1210 630 1300 677 καὶ
1342 627 1367 677 ὀ
1398 633 1489 686 τῆς
1511 624 1559 677 ἕν
1601 631 1797 697 Νικαίᾳ
1842 630 1901 678 τὸ

288 714 535 792 δεύτερον
588 715 741 787 ἁγίας
800 711 1027 767 συνόδου
1086 717 1220 786 ὄρος,
1264 718 1354 767 καὶ
1383 715 1550 789 ἔτερος
1583 717 1774 787 θεσμὸς
1802 724 1902 767 τῶν

287 806 455 877 ἁγίων
483 810 573 857 καὶ
605 807 862 877 θεοφόρων
890 808 1150 875 Πατίρων.

361 895 497 965 Ἐγὼ
528 890 588 946 δε
618 894 643 944 ὁ
671 894 901 949 Ἀθηνῶν
933 891 1028 963 ὀψέ
1066 911 1199 964 φημι
1251 896 1340 943 καὶ
1369 891 1514 963 μόλις
1545 894 1905 965 μεταμαθόντα

287 984 448 1035 αὐτόν
502 987 598 1041 τὴν
670 980 910 1034 ἀσέϐειαν
940 1023 958 1045 ,
1032 984 1121 1032 καὶ
1188 988 1355 1032 ταῦτα
1420 979 1718 1052 ὑπο-,ιήφιον
1781 985 1904 1033 ὄντα

285 1074 656 1147 πατριάρχην,
685 1070 752 1131 εἱς
793 1072 1076 1145 ἱερωσύνην
1104 1068 1197 1121 οὐκ
1220 1070 1281 1120 οἰν
1339 1087 1463 1120 ποτε
1489 1065 1893 1142 παραδεξωμαιο

288 1160 422 1213 ἀλλὰ
485 1162 582 1212 κᾶν
658 1178 787 1219 τινες
852 1154 1297 1232 παραδέξωνται,
1364 1156 1544 1210 ἑαυτὸν
1611 1157 1664 1221 ἐξ
1736 1160 1902 1211 αὐτῶν

288 1248 689 1323 ἀπορρηγνυμι.

360 1340 496 1410 Ἐγὼ
517 1335 616 1391 δεό
642 1342 939 1411 Λαρίσσης,
967 1345 1040 1407 τῷ
1063 1337 1295 1394 Ἀθηνῶν
1321 1334 1365 1396 ἐς
1384 1338 1450 1388 τὰ
1475 1339 1651 1387 λοιπόν
1674 1355 1905 1411 συμφρο-

285 1437 407 1493 νῶν,
435 1426 536 1478 ἀπὸ
577 1434 668 1486 τῆς
692 1434 784 1477 του
814 1425 1041 1495 μεγάλου
1080 1424 1269 1498 μᾶλλον
1298 1424 1610 1477 Ἀθανασίου
1633 1424 1905 1485 ἐπιστολῆς

283 1515 636 1589 ἀποκηρυττω
703 1521 885 1566 τοῦτον
944 1522 1037 1565 τον
1087 1516 1349 1587 ἱερατικοῦ
1414 1516 1606 1575 παντὸς
1669 1511 1905 1586 ἀξιώμα-

282 1624 399 1667 τος.

359 1692 496 1763 Ἐγὼ
555 1688 614 1743 δε
650 1692 675 1743 ό
708 1687 1193 1765 ’Λδριανουπόλεως
1245 1697 1399 1742 τοῦτο
1465 1690 1596 1761 λέγω
1623 1735 1637 1761 ,
1674 1692 1787 1759 ὅτι,
1820 1690 1904 1743 ἐὰν

288 1782 395 1833 ἀπὸ
428 1790 528 1832 τῶν
579 1782 727 1833 θείων
762 1784 852 1831 καὶ
891 1778 1168 1855 ἀχράντων
1223 1779 1603 1850 εὐαγγελιστῶν
1638 1822 1649 1846 ,
1684 1785 1772 1831 καὶ
1804 1789 1903 1831 τῶν

2011 628 2150 684 huic
2193 644 2462 687 consona
2506 632 2789 689 secundas
2846 650 3093 707 quoque
3147 635 3396 691 Nicaeum
3447 637 3665 709 synodi

2011 718 2301 787 deﬁnitio,
2326 724 2505 793 atque
2534 720 2661 777 aliae
2680 722 2861 778 etiam
2890 729 3238 780 sanctorum
3280 730 3460 797 atque
3486 742 3521 781 a
3546 729 3665 784 Deo

2012 806 2350 863 atllatorum
2372 811 2609 864 Patrum
2632 810 3033 867 auctoritates.

2084 899 2207 967 Ego
2232 897 2612 953 Atheniensis
2643 898 2805 955 hunc
2831 899 2930 955 vix
2958 916 3214 974 seroque
3244 917 3281 957 a
3310 918 3421 959 sua
3460 902 3666 976 impie-

2012 989 2131 1041 tate
2168 985 2569 1057 recedentem,
2614 992 2672 1043 et
2722 987 2970 1060 quidem
3019 1005 3157 1045 cum
3197 990 3327 1061 jam
3378 997 3537 1047 esset
3565 1008 3668 1064 pa-

2014 1074 2271 1131 triarcha
2300 1074 2541 1142 electus,
2569 1075 2647 1132 ad
2678 1076 3081 1133 sacerdotium
3106 1094 3420 1152 nunquam
3454 1079 3669 1137 admit-

2012 1168 2160 1220 tam.
2211 1164 2363 1230 Quin
2411 1164 2458 1220 si
2509 1165 2615 1236 qui
2672 1182 2812 1223 eum
2869 1166 3242 1230 admiserint,
3297 1184 3393 1225 me
3441 1170 3521 1227 ab
3571 1170 3667 1227 his

2013 1268 2282 1323 segrego.

2084 1346 2204 1412 Ego
2291 1342 2613 1398 Larissaeus
2692 1358 2832 1399 cum
2926 1344 3273 1401 Atheniensi
3345 1347 3667 1419 cieteroqui

2014 1431 2417 1499 consentiens,
2474 1431 2656 1487 fretus
2708 1433 2913 1503 magni
2977 1436 3307 1505 prmsertim
3356 1436 3668 1491 Athanasii

2014 1519 2305 1591 epistola,
2377 1520 2517 1574 huic
2581 1520 2813 1576 homini
2885 1535 3129 1577 omnem
3198 1520 3665 1579 ecclesiasticam

2013 1608 2364 1678 dignitatem
2397 1608 2703 1679 abjudico.

2085 1700 2206 1768 Ego
2236 1696 2808 1770 Adrianopolitanus
2862 1700 2979 1765 aio,
3009 1699 3174 1771 quod
3224 1700 3275 1755 si
3312 1699 3666 1771 jubentibus

2012 1787 2166 1842 divis
2227 1787 2710 1859 incorruptisque
2782 1788 3187 1858 evangelistis,
3243 1789 3551 1863 sacrisque
3614 1794 3670 1846 et

289 1873 439 1943 ἱερῶν
468 1874 553 1921 κοὶ
598 1871 744 1921 θείων
796 1872 1021 1920 κανόνων
1055 1911 1070 1936 ,
1098 1868 1157 1920 οὗ
1198 1864 1421 1921 δύναται
1474 1876 1564 1929 τῆς
1624 1871 1901 1940 ἱερωσύνης
1934 1890 1973 1945 Β
2012 1876 2058 1932 ἀ

1934 1890 1973 1945 Β
2012 1876 2166 1932 divis
2213 1876 2574 1942 canonibus,
2604 1877 2769 1933 haud
2807 1877 2941 1933 licet
2990 1877 3395 1935 sacerdotium
3427 1878 3670 1951 assequi

287 1958 620 2030 (τυγχάνειν)
681 1958 777 2008 κᾶν
844 1956 986 2019 ἁπαξ
1054 1955 1281 2029 ’ἐλεγχθῇ
1352 1956 1587 2018 ἑαλωκὼς
1654 1956 1738 2009 ἐπί
1801 1977 1903 2009 τινι

286 2047 813 2122 ἁμαρτήματάοῖοις
872 2041 939 2103 δὴ
996 2050 1371 2119 περιπίπτομεν
1430 2045 1693 2119 ἂνθρωποι
1741 2049 1899 2115 ὄντες,

287 2143 380 2189 καὶ
430 2140 518 2188 τόν
578 2135 740 2193 πηλόν
804 2143 985 2187 τοῦτον
1051 2140 1136 2186 καὶ
1201 2137 1450 2207 σαρκικόν
1508 2140 1850 2207 περικείμενοι
1885 2177 1897 2201 ,

285 2234 402 2287 πῶς
448 2229 562 2277 ἐστι
603 2221 825 2277 δυνατόν
878 2223 950 2285 εἰς
1001 2224 1282 2298 ἱερωσύνην
1338 2222 1760 2297 προϐιϐασθῆνσι
1814 2228 1900 2275 τόν

285 2315 590 2385 ﬁxa-{arripias
642 2314 1010 2383 ’Δντιοχείας,
1042 2313 1310 2385 ἄνθρωπον
1369 2314 1495 2383 ὑπὲρ
1535 2314 1598 2363 τά
1651 2313 1901 2374 ἐξήκοντα

286 2408 375 2461 ἔτη
434 2408 699 2474 γενόμενον
736 2446 750 2470 ,
786 2398 1041 2454 δοκοῦντά
1078 2420 1133 2453 τε
1188 2401 1362 2471 λόγοις
1423 2408 1602 2471 σοφοῖς
1636 2398 1900 2453 ἐνευδοκι-

283 2501 423 2565 μεῖν,
479 2498 569 2543 καὶ
644 2492 716 2551 εἱς
774 2493 1163 2563 πατριαρχικόν
1228 2492 1403 2562 θρόνον
1465 2488 1895 2563 προϐεϐλημένον,

284 2588 379 2633 καὶ
427 2588 515 2632 νῦν
543 2582 709 2652 φάντα
746 2579 805 2630 οὗ
856 2584 1007 2651 μόνον
1056 2579 1239 2649 λόγους
1284 2587 1377 2638 τῆς
1429 2575 1715 2650 ὀρθοδόξου
1749 2578 1897 2631 ἀλλο-

283 2673 601 2744 τριύφρονας
626 2674 887 2735 πίστεως,
930 2666 1056 2719 ἀλλὰ
1113 2673 1203 2718 καὶ
1256 2666 1409 2738 λόγον
1461 2667 1897 2741 συγγραψάμενον

284 2759 463 2832 πλήρη
532 2758 881 2831 βλασφημιῶν
944 2761 1032 2809 καὶ
1097 2756 1407 2828 ἀποφημιῶν
1448 2752 1721 2808 δυσσεϐῶν
1754 2800 1767 2825 ,
1809 2762 1898 2809 καὶ

285 2850 441 2921 μόλις
478 2852 605 2900 ποτε
642 2847 1051 2920 μεταπεισθέντα
1100 2851 1190 2897 καὶ
1238 2848 1603 2917 μεταμαθόντα
1659 2848 1715 2897 τό
1756 2846 1897 2898 ευσε-

289 2938 377 2999 ϐες
400 2943 493 2991 καὶ
528 2941 588 2989 τό
642 2933 921 3010 ὀρθόδοξον
952 2954 964 3003 ;
1000 2938 1093 2988 Διά
1143 2942 1297 2987 τοῦτο
1353 2940 1525 2987 τοίνυν
1579 2931 1703 2987 οὐδε
1750 2935 1901 2995 αὐτὸς

289 3028 438 3091 οῐξιον
463 3028 742 3099 ἱερωσύνης
764 3029 849 3077 τόν
878 3032 1020 3077 τοιοῦ
1032 3044 1111 3076 τον
1132 3023 1433 3097 λογίζομαι.

1441 3126 1488 3175 οἱ
1555 3122 1745 3175 αὐτίκα
1809 3128 1903 3180 τὴν

367 3130 471 3179 Καὶ
538 3126 610 3187 εἰς
676 3123 981 3182 ἀνασκοπὴν
1050 3123 1371 3184 συνελθόντες

2012 1965 2243 2022 homini
2271 1965 2353 2021 illi
2387 1965 2494 2037 qui
2523 1965 2618 2021 vcl
2646 1965 2833 2022 semel
2882 1966 3137 2037 alicujus
3168 1968 3400 2039 peccati
3427 1968 3669 2024 convic-

2010 2060 2107 2111 tus
2126 2055 2317 2124 fuerit,
2333 2055 2675 2124 cujusmodi
2700 2056 2983 2111 accidunt
3009 2056 3361 2113 hominibus
3390 2058 3505 2113 hoc
3523 2056 3667 2113 limo

2011 2150 2068 2201 et
2119 2160 2300 2201 carne
2338 2144 2745 2214 circumdatis,
2776 2148 2880 2217 qui
2923 2145 3096 2202 liceat
3128 2145 3206 2200 ad
3261 2146 3670 2202 sacerdotium

2010 2235 2341 2307 provehere
2390 2233 2549 2288 hunc
2576 2233 2829 2289 electum
2860 2233 3321 2300 Antiochenum,
3355 2234 3667 2292 hominem

2012 2324 2472 2397 sexagenariam
2518 2329 2755 2380 aetatem
2803 2328 3283 2395 praetervectum,
3332 2324 3667 2381 litteratura

2010 2414 2266 2481 clarum,
2291 2413 2676 2485 patriarchali
2705 2412 2835 2468 sedi
2864 2413 3254 2483 destinatum,
3284 2428 3445 2468 nunc
3465 2419 3667 2469 autem

2008 2519 2130 2559 non
2159 2502 2343 2559 modo
2402 2502 2783 2558 sermonibus
2833 2506 3101 2557 utentem
3136 2502 3213 2558 ab
3253 2502 3507 2559 orthoxa
3544 2502 3666 2558 ﬁde

2008 2592 2493 2655 abhorrentibus,
2518 2607 2726 2647 verum
2757 2590 2939 2646 etiam
2968 2590 3151 2647 libelli
3192 2596 3519 2658 auctorem,
3560 2591 3669 2664 qui

2006 2682 2398 2754 blasphemiis
2428 2681 2749 2753 impiisque
2778 2678 3256 2737 absurditatibus
3308 2684 3514 2746 scatet,
3544 2680 3669 2736 vix-

2008 2786 2126 2845 que
2157 2771 2405 2826 demum
2436 2770 2906 2843 resipiscentem,
2940 2774 2995 2825 et
3038 2770 3115 2824 ad
3152 2770 3435 2841 pietatem
3467 2769 3671 2825 ortho-

2009 2860 2377 2931 doxiamque
2399 2858 2749 2914 redeuntem
2773 2858 2801 2912 ‘?
2838 2860 2980 2924 Quae
3004 2874 3143 2913 cum
3173 2858 3255 2914 ita
3286 2874 3350 2913 se
3380 2857 3667 2931 habeant,

2010 2964 2123 3022 ego
2153 2964 2396 3022 quoque
2423 2964 2458 3004 a
2485 2946 2823 3005 sacerdotio
2847 2947 3010 3003 hunc
3040 2945 3288 3020 repello.

2087 3130 2239 3196 Ergo
2299 3126 2378 3182 ad
2428 3126 2786 3182 scrutinium
2831 3125 3275 3196 convenientes,
3339 3125 3443 3197 qui
3491 3124 3676 3181 modo

290 3216 407 3268 κατ’
476 3214 632 3267 αὐτὸν
683 3215 856 3286 ψῆφον
923 3212 1219 3285 ἐκθέμενοι,
1278 3212 1669 3285 ἀποφαινόμεθα
1723 3219 1978 3296 τοῦτονο
2017 3233 2059 3272 ει

1934 3240 1978 3296 ο
2017 3218 2372 3273 sententiam
2397 3220 2604 3272 contra
2624 3215 2793 3271 illum
2814 3214 3103 3283 diximus,
3130 3214 3513 3270 declaramus
3536 3229 3676 3271 eum

294 3308 582 3379 ἱερωσύνης
628 3306 807 3365 πάσης
872 3302 1099 3372 ἀνάξιον,
1136 3303 1194 3354 οὐ
1228 3298 1320 3354 διὰ
1352 3304 1417 3353 τὰ
1473 3308 1694 3375 σήμερον
1752 3308 1905 3374 μόνον

290 3395 421 3467 παρ’
477 3394 634 3446 αὑτοῦ
693 3393 979 3451 λαληθέντα
1034 3394 1165 3463 μετὰ
1218 3390 1412 3453 πολλῆς
1460 3399 1549 3451 τῆς
1600 3390 1902 3459 ἐνστάσεως,

292 3482 403 3534 ἀλλ’
442 3485 518 3535 ὅτι
587 3501 679 3553 περ
733 3481 784 3544 ἐξ
832 3484 953 3533 ὅτου
994 3484 1053 3533 τὸ
1096 3479 1410 3553 βλάσφημον
1453 3488 1604 3531 τουτο
1662 3476 1905 3554 διεθρυλ-

289 3573 428 3630 λήθη
502 3569 710 3644 δόγμα,
773 3576 863 3622 καὶ
927 3569 1074 3641 λόγος
1141 3568 1336 3632 ἐξέθετο
1411 3577 1507 3629 τῆς
1564 3578 1905 3641 καινοφανοῦς

289 3666 496 3722 ταύτης
557 3664 801 3735 αἱρέσεως
853 3664 1143 3733 συνήγορος
1176 3677 1188 3690 ⁸
1224 3679 1313 3711 και
1371 3658 1430 3711 οὐ
1478 3662 1631 3731 μόνον
1670 3661 1903 3733 προστά-

290 3772 386 3813 της
445 3750 715 3823 ἐγγράφως
769 3754 859 3801 καὶ
905 3753 1183 3823 πρόμαχος
1220 3756 1312 3809 τῆς
1363 3750 1610 3808 τοιαύτης
1668 3746 1905 3808 ἀσεϐείας

291 3838 565 3894 ἐδείκνυτο
593 3884 609 3911 ,
654 3838 782 3891 ἀλλά
846 3844 936 3891 καὶ
988 3837 1233 3911 ἀγράφως
1297 3837 1598 3898 πλειστάκις
1661 3834 1903 3909 διαλεγό-

289 3950 446 4003 μενος
482 3934 611 4003 πρός
675 3948 729 3981 τε
779 3927 967 3989 ἄλλους
1026 3927 1246 3988 πολλοὺς
1309 3932 1399 3978 καὶ
1437 3946 1583 3989 τινας
1636 3927 1692 3989 ἐξ
1736 3929 1901 3999 ἡμῶν,

291 4020 461 4081 οὓτως
508 4013 801 4090 ἀναφανδόν
844 4016 1030 4091 ἐκύρου
1086 4021 1178 4075 τὴν
1226 4019 1472 4074 τοιαύτην
1514 4015 1774 4084 ἀσέϐειαν,
1816 4020 1905 4068 καὶ

287 4114 388 4172 τὰς
415 4118 515 4161 τῶν
542 4116 871 4184 Χριστιανῶν
910 4107 1096 4178 ψυχὰς
1126 4103 1490 4167 ἐσκανδάλιζε.
1521 4111 1621 4159 Καὶ
1659 4108 1784 4178 ἡμῖν
1816 4109 1906 4178 μεν

290 4200 430 4252 οὓτω
459 4203 555 4256 τὴν
598 4204 822 4270 σήμερον
874 4204 979 4256 τοῖς
1017 4195 1225 4248 πλείοσι
1278 4204 1370 4247 τοῦ
1401 4194 1653 4265 συλλόγου
1685 4198 1750 4246 τά
1789 4196 1906 4247 κατ’

300 4290 466 4341 αὑτοῦ
512 4286 873 4358 ἀποπέφανται
902 4328 914 4352 ,
970 4284 1019 4336 ἐν
1139 4290 1228 4337 καὶ
1258 4286 1287 4342 ἡ
1317 4292 1416 4336 τῶν
1448 4283 1495 4335 ἐν
1528 4288 1724 4355 Νικαίᾳ
1755 4304 1908 4336 συνα-

294 4378 638 4453 θροισθέντων
708 4378 853 4428 θείων
910 4375 1150 4444 Πατέρων
1216 4375 1472 4446 ὁμήγυρις
1538 4371 1620 4425 ἐπὶ
1686 4380 1746 4444 τῇ
1816 4381 1907 4424 του

289 4471 676 4541 ματαιόφρονος
745 4464 945 4539 Ἀρείου
1010 4464 1333 4535 καθαιρέσει,
1377 4470 1438 4533 τῇ
1506 4462 1789 4533 Ἐκκλησία
1854 4459 1906 4514 εὖ

289 4566 523 4612 ποιοῦσα
598 4551 1076 4628 συνέδραμε·τισὶ
1140 4550 1197 4606 δε
1261 4553 1315 4615 ἐξ
1376 4554 1546 4624 ἡμῶν,
1609 4552 1769 4623 ἣγουν
1836 4562 1906 4622 τῲ

284 4648 618 4723 Ἡρακλείας,
650 4654 722 4697 τῶ
773 4645 1026 4711 Κυζίκου,
1059 4651 1132 4714 τῷ
1193 4640 1368 4709 Σίδης,
1400 4652 1471 4713 τῷ
1498 4643 1902 4713 Θεσσαλονίκης,

287 4748 360 4809 τῷ
396 4742 735 4809 Καισαρείας,
768 4745 840 4807 τῷ
872 4735 1157 4801 Φιλίππων,
1199 4739 1289 4785 καὶ
1342 4742 1413 4803 τῷ
1454 4730 1783 4795 Λαοδικείας,
1812 4734 1906 4785 οὐκ

287 4828 591 4879 ἀπεντεῡθεν
622 4820 1032 4897 γνωμοδοτῆσαι
1062 4828 1179 4898 περὶ
1220 4826 1405 4875 τούτου
1440 4820 1548 4874 δεῖν
1579 4819 1751 4884 ἔδοξεν
1781 4822 1909 4874 ἀλλά

288 4924 587 4984 σκοπῆσαι,
620 4919 708 4965 καὶ
747 4921 882 4966 οὑτω
900 4917 959 4965 τό
987 4909 1146 4975 δόξαν
1185 4910 1578 4983 ἀποφήνασθαι.

359 5117 505 5168 Μηνὶ
545 5112 718 5182 Μαΐῳ,
784 5108 846 5181 ιγ’
911 5111 1118 5183 ἡμέρα,
1263 5104 1589 5175 ἱνδικτιῶνι,
1636 5108 1908 5179 προκαθη-

284 5208 445 5277 μένου
500 5209 591 5253 τοῦ
647 5203 956 5253 θεοστέπτου
1000 5197 1257 5272 βασιλέως
1320 5200 1466 5271 ἡμῶν
1509 5203 1601 5250 καὶ
1650 5196 1906 5270 αὐτοκρά-

283 5312 439 5368 τορος
495 5293 651 5363 *ἡμῶν
714 5288 961 5347 Μανουήλ
989 5296 1082 5341 τοῦ
1133 5294 1402 5361 Κομνηνοῦ
1447 5286 1495 5339 ἓν
1552 5296 1624 5358 τῷ
1674 5286 1907 5357 παλατιῳ

282 5392 386 5435 τῶν
458 5380 761 5455 Βλαχερνὼν
793 5423 807 5447 ,
868 5382 1268 5454 παρισταμένων
1333 5386 1395 5450 τῇ
1468 5376 1597 5449 ἁγίᾳ
1662 5374 1911 5449 βασιλεία

285 5474 454 5525 αὐτοῦ
550 5472 753 5522 πάντων
840 5478 940 5521 τῶν
1026 5467 1493 5541 ἀναγεγραμμένων
1532 5510 1546 5534 ,
1619 5464 1736 5517 ἄνευ
1817 5472 1907 5517 τοῦ

285 5572 627 5637 πρωτονοταρ
638 5564 715 5611 ίου
738 5604 754 5630 ,

284 5657 723 5726 πρωτασεκρῆτις
748 5692 760 5716 ,
793 5652 880 5700 καὶ
934 5655 1026 5699 τοῦ
1081 5645 1473 5719 νομοφύλακος,
1530 5640 1908 5718 συνεδριαζόν-

285 5761 390 5793 των
434 5739 577 5810 αὐτῷ
635 5737 753 5791 ἄνευ
818 5744 908 5790 τοῦ
940 5736 1262 5808 ’Δντιοχείας
1322 5736 1468 5808 ἡμῶν
1528 5742 1627 5786 τῶν
1657 5738 1747 5785 καὶ
1771 5729 1910 5785 διαι-

831 5565 922 5610 τοῦ
1008 5556 1233 5631 μεγάλου
1333 5552 1730 5628 δρουγγαρίου,
1817 5560 1907 5605 του

2015 3306 2182 3362 omni
2204 3305 2537 3362 sacerdotio
2559 3305 3028 3377 indignum,non
3055 3303 3134 3359 ob
3153 3318 3224 3359 ea
3249 3302 3677 3359 tantummodo

2014 3414 2151 3472 qua:
2180 3398 2228 3453 is
2256 3396 2437 3452 hodie
2462 3394 2648 3451 multa
2673 3396 2811 3449 cuin
2831 3392 3165 3465 pertinacia
3184 3391 3420 3448 locutus
3447 3392 3677 3457 est,sed

2015 3489 2160 3563 quia
2189 3486 2267 3542 ab
2298 3486 2428 3557 ipso
2457 3484 2887 3555 blasphemum
2916 3482 3031 3538 hoc
3061 3480 3678 3551 dogmadivulgatum

2016 3582 2189 3648 est,et
2216 3576 2453 3633 libellus
2490 3574 2668 3629 etiam
2716 3572 3085 3645 perscriptus
3134 3587 3305 3627 novae
3344 3571 3680 3642 hujus'haa-

2014 3684 2215 3725 reseos
2237 3670 2516 3723 assertor.
2549 3667 2746 3736 Neque
2788 3660 2987 3717 solum
3018 3661 3477 3732 antesignamus
3496 3666 3678 3733 atque

2014 3758 2297 3814 defensor
2328 3756 2551 3827 scripto
2603 3769 2713 3809 suo
2761 3752 3013 3824 hujusce
3059 3751 3385 3824 impietatis
3433 3751 3673 3821 exstitit,

2013 3862 2223 3903 verum
2243 3845 2422 3901 etiam
2446 3843 2678 3915 absque
2697 3841 2917 3913 scripto
2936 3855 3095 3913 saepe
3118 3839 3468 3912 colloquens
3486 3838 3676 3895 modo

2015 3952 2156 3992 cum
2183 3935 2313 3991 aliis
2345 3932 2570 4001 multis,
2600 3930 2787 3986 modo
2817 3930 2999 3985 etiam
3031 3945 3172 3984 cum
3203 3933 3480 3984 nostrum
3526 3942 3676 3983 non-

2016 4025 2213 4088 nullis,
2247 4024 2330 4079 sic
2360 4020 2673 4078 manifeste
2722 4019 2978 4091 impium
3028 4018 3190 4073 hunc
3243 4033 3509 4073 errorem
3544 4032 3683 4073 san-

2016 4115 2227 4185 ciebat,
2254 4121 2311 4169 et
2342 4112 2811 4169 Christianorum
2829 4107 3155 4164 animabus
3195 4106 3488 4162 seandalo
3519 4112 3673 4163 erat.

2017 4210 2084 4263 Et
2110 4221 2223 4260 nos
2246 4218 2387 4272 ergo
2442 4199 2661 4273 synodi
2692 4199 2875 4268 hujus
2903 4213 3047 4269 pars
3076 4196 3273 4267 major
3298 4196 3357 4251 in
3388 4196 3551 4252 hunc
3580 4196 3685 4253 ho-

2016 4297 2241 4353 minem
2263 4294 2379 4348 hoc
2399 4292 2495 4346 die
2522 4288 2879 4344 sententiam
2909 4285 3191 4355 dicimus,
3216 4301 3339 4357 quo
3362 4284 3681 4341 collectum

2015 4400 2258 4459 quoque
2292 4382 2498 4439 Nicaeae
2539 4382 2886 4433 sanctorum
2925 4377 3167 4430 Patrum
3222 4374 3545 4429 concilium
3602 4373 3682 4430 ad

2014 4473 2225 4531 vesani
2303 4471 2421 4525 Arii
2499 4467 2979 4529 damnationem,
3051 4462 3320 4518 similiter
3400 4464 3677 4519 Ecclesia;

2014 4561 2308 4620 laboranti
2332 4560 2525 4631 justas
2556 4554 2863 4628 suppetias
2899 4552 3339 4609 tulit.Attamen
3370 4551 3678 4607 nonnullis

2016 4657 2289 4710 nostrum
2316 4647 2600 4705 nimirum
2634 4642 3031 4706 Heracleensi,
3075 4641 3390 4713 Cyziceno,
3422 4640 3678 4709 Sidensi,

2015 4736 2548 4801 Thessalonicensi,
2607 4732 2973 4802 Caesariensi,
3024 4729 3411 4802 Philippensi,
3469 4729 3680 4785 Laodi-

2017 4845 2182 4891 ceno,
2218 4826 2383 4883 haud
2431 4825 2630 4879 visum
2659 4826 2749 4876 est
2796 4821 2856 4875 in
2908 4817 3191 4891 praesenti
3221 4817 3296 4872 de
3332 4817 3447 4872 hoc
3472 4816 3679 4872 decer-

2016 4935 2177 4984 nere,
2203 4916 2307 4972 sed
2356 4914 2555 4971 adhuc
2603 4907 3201 4976 considerandum,et
3256 4912 3385 4963 tum
3428 4906 3679 4963 demum

2018 5006 2375 5065 sententiam
2408 5001 2745 5059 ferendam.
2766 4992 2771 4995 ’

2087 5097 2303 5155 Mensis
2356 5092 2486 5151 Maii
2542 5091 2637 5146 die
2685 5089 2860 5145 tertia
2909 5087 3167 5157 decima,
3201 5085 3529 5141 indictione
3585 5101 3681 5142 se-

2016 5188 2238 5253 cunda,
2296 5182 2653 5257 praesidente
2711 5196 2746 5236 a
2801 5182 2919 5234 Deo
2976 5180 3266 5233 coronato
3317 5175 3680 5248 imperatore

2018 5284 2221 5335 nostro
2248 5279 2305 5331 et
2332 5274 2579 5330 domino
2634 5268 2902 5326 Manuele
2949 5268 3280 5335 Comneno,
3313 5265 3375 5321 in
3410 5265 3681 5323 Blacher-

2018 5384 2234 5425 narum
2252 5364 2497 5438 palatio,
2526 5358 2945 5417 assistentibus
2972 5361 3195 5412 sanctae
3220 5356 3523 5426 majestati
3549 5356 3681 5426 ejus

2018 5457 2246 5516 cunctis
2293 5452 2596 5527 praedictis
2620 5495 2633 5518 ,
2683 5448 2946 5527 exceptis
2976 5445 3413 5518 protonotario,
3447 5460 3677 5515 magno

2017 5546 2345 5618 drungario
2377 5540 2939 5617 protoasecretis,%t
2976 5534 3455 5608 nomophylace;
3485 5536 3679 5591 consi-

2018 5636 2301 5695 dentibus
2329 5632 2504 5689 nobis
2533 5626 2907 5703 patriarchis,
2934 5624 3167 5697 absque
3197 5622 3589 5688 Antiocheno,
3620 5629 3679 5681 et

2017 5728 2092 5784 de
2131 5727 2246 5784 hac
2288 5739 2351 5780 re
2390 5718 2805 5797 judicantibus
2839 5734 2852 5786 ;
2896 5714 3062 5771 socio
3088 5711 3299 5786 judicii
3320 5712 3511 5769 nostri
3537 5712 3676 5769 Bul-
