4480 6430
784 448 887 502 193

784 584 952 640 garo,
981 568 1214 640 absque
1244 561 1462 636 Cyprio
1499 558 1606 632 qui
1653 570 1777 611 non
1825 547 2106 640 interfuit,
2137 544 2314 640 nobis
2351 543 2436 598 in-
2466 543 2515 598 Α

782 633 990 732 quam,
1026 633 1448 730 suprascriptis
1477 643 1779 720 episcopis
1818 633 2313 712 astipulantibus.

860 937 1366 1012 Quandoquidem
1397 935 1680 990 hesterna
1703 929 1834 985 acta
1854 939 1989 998 qua
2022 921 2268 995 propter
2294 921 2446 1012 tem-

791 1033 953 1109 poris
984 1028 1293 1101 angustias
1322 1025 1477 1080 lecta
1526 1034 1651 1076 non
1681 1012 2051 1081 fuere,hodie
2081 1009 2329 1065 demum
2358 1004 2444 1060 le-

793 1093 992 1195 genda
1040 1120 1229 1186 erant,
1264 1127 1463 1184 neque
1515 1108 1723 1165 aderat
1769 1118 2009 1172 magna
2035 1100 2141 1155 Dei
2195 1093 2443 1152 civitatis

790 1187 1117 1268 Rntiochia
1149 1205 1369 1260 electus
1401 1200 1540 1256 olim
1573 1193 1917 1269 patriarcha
1939 1187 2278 1247 Soterichus
2298 1187 2443 1239 Pan-

792 1305 1108 1368 teugenus,
1141 1293 1252 1348 etsi
1280 1291 1329 1346 is
1351 1306 1387 1345 a
1410 1288 1574 1358 regia
1622 1285 1882 1354 divaque
1913 1273 2444 1347 Circumspectione

793 1389 920 1444 sine
941 1383 1223 1441 dilatione
1275 1389 1625 1449 comparere
1667 1371 1847 1428 hodie
1868 1370 2073 1440 jussus
2111 1365 2335 1431 fuerat;
2361 1359 2445 1415 id-

796 1477 952 1532 circo
999 1485 1244 1529 necesse
1273 1468 1384 1523 fuit
1420 1465 1502 1520 illi
1527 1467 1741 1519 iterum
1765 1460 2042 1515 intimare
2063 1453 2355 1517 notitiam,
2387 1451 2448 1503 ut

796 1568 1069 1622 actorum
1117 1555 1355 1614 lectioni
1403 1555 1749 1616 interesset;
1796 1545 1962 1620 quod
1996 1545 2045 1600 si
2084 1543 2233 1598 forte
2266 1538 2448 1594 nollet

795 1650 1188 1710 nihilominus
1219 1649 1490 1701 actorum
1519 1640 1835 1696 lectionem
1866 1634 1993 1690 ﬁeri
2015 1636 2313 1704 oportere.
2344 1629 2449 1681 De-

795 1741 975 1813 legati
1007 1742 1148 1794 sunt
1179 1735 1356 1805 igitur
1387 1731 1465 1787 ad
1493 1731 1694 1798 ipsum
1746 1743 1778 1782 e
1814 1723 2039 1781 nostris
2088 1718 2448 1793 prasulibus

800 1805 1061 1888 Corinthi
1126 1822 1498 1881 Theodorus,
1561 1813 2033 1886 Adrianopoleos
2096 1814 2232 1877 Leo,
2299 1805 2448 1862 Parii

798 1918 1112 1981 Nicolaus;
1145 1913 1513 1986 quibuscum
1538 1907 1758 1963 missus
1785 1903 2094 1958 fuitetiam
2121 1899 2309 1971 judex
2340 1894 2450 1950 veli

796 2010 1058 2065 Thomas
1113 2000 1501 2074 Hapluchres.
1559 1998 1620 2053 Hi
1666 2010 1805 2051 vero
1843 2008 1970 2048 rem
2016 1988 2449 2060 signiﬁcantes,

800 2098 1085 2170 scriptam
1133 2087 1648 2147 denuntiationem
1689 2082 1853 2156 apud
1900 2096 2039 2137 eum
2087 2077 2455 2148 reliquerunt

800 2165 1210 2258 comperendi,
1244 2181 1328 2235 uti
1359 2178 1585 2233 dictum
1615 2178 1721 2230 est.
1748 2171 1980 2229 Scheda
2010 2172 2211 2227 autem
2239 2165 2456 2222 tradita

799 2277 885 2334 ita
910 2274 989 2332 ad
1013 2273 1272 2329 litteram
1301 2283 1365 2325 se
1402 2265 1670 2323 habebat
1695 2279 1709 2319 :

2478 1890 2525 1946 B

875 2598 1089 2660 Mensis
1136 2593 1266 2653 Maii
1319 2592 1416 2647 die
1467 2588 1639 2646 tertia
1691 2586 1947 2652 decima,
2007 2581 2329 2639 indictione
2375 2594 2462 2633 se-

805 2689 1030 2758 cunda,
1077 2681 1478 2760 prasentibus
1509 2679 1768 2735 diacono
1797 2680 2020 2745 Magna
2060 2671 2333 2727 Ecclesia
2363 2671 2461 2723 Be-

806 2758 1117 2836 lissariota
1171 2771 1505 2839 Theodoro,
1553 2767 1803 2837 Georgio
1853 2765 2071 2821 lectore
2131 2758 2461 2816 Antiochia

805 2866 1118 2927 modestia
1163 2859 1512 2935 praeposito,
1553 2856 1804 2927 Georgio
1856 2852 2188 2912 Scutariota
2243 2850 2461 2906 lectore

805 2954 1344 3028 Adrianopolitano
1389 2969 1402 3020 ;
1461 2947 1647 3019 regali
1689 2947 1949 3017 divoque
2003 2947 2060 3000 et
2113 2937 2462 2997 venerando

797 3044 1156 3122 jussu,licet
1178 3057 1300 3098 non
1328 3039 1569 3111 scripta,
1619 3052 1729 3092 nos
1781 3033 2047 3107 episcopi
2111 3030 2463 3088 auctoritate

809 3133 1181 3194 demandata
1230 3147 1267 3187 a
1311 3126 1688 3185 sanctissimo
1732 3123 1981 3180 domino
2011 3126 2067 3178 et
2091 3118 2463 3176 acumenico

800 3222 1174 3300 patriarcha,
1205 3224 1264 3276 et
1295 3235 1332 3275 a
1368 3215 1749 3274 sanctissimo
1777 3212 2325 3298 Hierosolymorum
2365 3225 2465 3281 pa-
2495 3245 2537 3302 ο

803 3314 1065 3373 triarcha
1104 3303 1408 3367 monacho
1437 3305 1688 3362 domino
1715 3307 1964 3366 Joanne,
1992 3287 2239 3373 insuper
2285 3299 2466 3355 etiam

804 3421 842 3462 a
867 3401 1253 3460 sanctissimo
1297 3396 1750 3468 archiepiscopo
1782 3393 1960 3450 totius
1989 3391 2297 3462 Bulgaria,
2328 3389 2468 3446 cha-

805 3492 1046 3551 rissimo
1076 3493 1296 3563 patruo
1327 3485 1584 3559 potentis
1639 3484 1950 3556 sanctique
1998 3483 2182 3538 nostri
2209 3481 2469 3552 impera-

811 3580 1284 3653 toris,monacho
1310 3578 1582 3648 inquam,
1611 3574 1859 3630 domino
1887 3576 2114 3630 Joanne
2135 3572 2466 3639 Comneno;

806 3689 918 3731 nec
945 3686 1069 3728 non
1088 3669 1166 3725 ad
1204 3684 1274 3723 ea
1294 3682 1431 3739 qua
1469 3665 1530 3720 in
1579 3663 2046 3720 Blachernarum
2075 3661 2298 3733 palatio
2331 3676 2469 3716 con—

806 3761 971 3818 venit
991 3761 1203 3814 sancta
1219 3755 1482 3826 divaque
1504 3752 1762 3826 synodo;
1788 3751 2170 3823 pervenimus
2195 3751 2274 3806 ad
2298 3766 2472 3805 vene-

807 3849 1071 3909 randum
1122 3845 1506 3915 Hodegorum
1553 3841 2107 3912 canobium,atque
2137 3840 2198 3895 in
2219 3855 2471 3911 conspe—

813 3945 978 3997 ctum
1034 3932 1286 3992 admissi
1338 3931 1506 3988 electi
1565 3931 1709 3987 olim
1763 3928 2117 4001 patriarcha
2172 3928 2272 3984 Dei
2304 3928 2471 3984 urbis

807 4024 1142 4085 Antiochia
1196 4036 1440 4092 magna
1479 4019 1710 4076 domini
1739 4018 2025 4075 Soterichi
2080 4018 2466 4089 Panteugeni,

801 4114 1216 4174 nuntiavimus
1242 4112 1293 4168 ei
1336 4127 1468 4183 qua
1522 4110 1584 4165 in
1643 4108 1944 4164 mandatis
1991 4107 2339 4171 habuimus,
2371 4106 2467 4162 his

800 4206 1002 4263 verbis
1024 4221 1035 4257 :
1055 4201 1513 4260 Potentissimus
1543 4203 1600 4254 et
1627 4202 1874 4254 sanctus
1910 4197 2239 4269 imperator
2266 4201 2472 4253 noster

798 4293 979 4366 jussit
1009 4291 1154 4362 heri,
1183 4294 1247 4345 ut
1296 4288 1458 4344 dicta
1502 4291 1712 4343 sancta
1770 4284 2042 4357 synodus
2075 4289 2259 4357 tuque
2289 4285 2471 4341 etiam

806 4383 986 4440 hodie
1026 4379 1399 4436 conveniatis
1443 4376 1520 4433 ad
1571 4375 1890 4432 lectionem
1921 4373 2288 4430 audiendam
2317 4390 2476 4430 com-

813 4470 1090 4528 mentarii
1126 4469 1200 4524 de
1239 4467 1420 4523 rebus
1446 4465 1764 4538 disputatis
1793 4469 1851 4521 et
1877 4465 2047 4533 actis,
2082 4468 2137 4519 te
2168 4463 2470 4532 audiente,

2113 419 2380 479 NICETE
2441 413 2817 474 CHONIA'LE

3984 379 3989 390 ’
4038 399 4140 457 196

2545 543 2748 592 τώντων
2821 542 2884 607 τῇ
2963 531 3207 587 ὑποθέσεί⁹
3286 534 3634 602 πατριαρχῶν
3665 568 3680 593 ,
3743 521 4148 586 συνδιαιτῶντος

2548 629 2738 700 ὁμοίως
2787 628 2877 677 καὶ
2923 621 3048 696 ἐμοῦ
3105 619 3462 693 Βουλγαρίας,
3503 618 3623 669 ἄνευ
3677 621 3769 667 τοῦ
3825 616 4036 686 Κύπρου
4076 616 4145 685 μή

2551 713 3105 790 συμπαρουσιάζοντος
3137 751 3151 778 ,
3195 705 3783 779 συνδιαγνωμονούντων
3841 704 3988 774 ἡμῶν
4047 709 4148 753 τῶν

2549 805 3115 878 προαναγεγραμμένων
3144 801 3346 852 πάντων
3379 795 3683 869 ἀρχιερέων.

2625 895 2766 946 Ἐπεὶ
2824 895 2884 944 τὸ
2948 891 3085 942 κατὰ
3138 892 3233 946 τὴν
3280 889 3407 958 χθὲς
3469 886 3673 956 γεγονὸς
3735 884 4012 953 σημείωμα
4075 881 4146 950 μή

2553 985 2756 1057 φθάσαν
2818 980 3213 1052 ἀναγνωσθῆναι
3276 972 3370 1028 διὰ
3434 978 3492 1025 τὸ
3571 974 3744 1024 στενὸν
3808 977 3901 1022 τοῦ
3966 973 4150 1042 καιροῦ

2553 1072 2749 1145 ἔμελλεν
2798 1069 3194 1141 ἀναγνωσθῆναι
3244 1069 3339 1122 τήν
3391 1069 3649 1137 σήμερον,
3691 1059 3748 1112 ού
3792 1066 3968 1133 ,παρῆν
4027 1054 4086 1108 δε
4125 1057 4151 1107 6

2554 1163 2758 1234 φθάσας
2823 1158 3159 1232 πατριάρχης
3226 1150 3556 1210 Θεουπόλεως
3640 1146 3870 1220 μεγάλης
3947 1145 4154 1197 Ἀντιο-

2552 1255 2701 1322 χείας
2767 1252 3073 1321 Σωτήριχος
3124 1245 3149 1296 6
3208 1243 3550 1311 Παντεύγελος
3584 1281 3599 1306 ,
3640 1241 3729 1288 καὶ
3791 1242 3958 1287 ταῦτα
4020 1251 4155 1305 παρ-

2554 1338 2820 1410 αγγελθεὶς
2895 1337 3040 1409 παρά
3107 1340 3201 1393 τῆς
3268 1328 3539 1402 βασιλείου
3624 1330 3714 1377 καὶ
3791 1326 3927 1383 θείας
4013 1340 4154 1396 περι-

2555 1437 2702 1490 ωπῆς
2754 1427 2865 1498 (26)
2917 1425 3281 1499 παρουσιάσαι
3332 1419 3686 1492 ἀνυπερθέτως
3737 1419 3830 1474 τήν
3895 1417 4145 1486 σήμερον’

2557 1515 2742 1576 ἐδέησε
2785 1513 2878 1569 διὰ
2931 1522 3097 1567 ταῦτα
3150 1516 3241 1563 καὶ
3291 1508 3444 1563 πάλιν
3501 1503 3724 1564 δοθῆναι
3778 1503 3917 1572 αύτῷ
3949 1497 4157 1558 εἴδησιν

2559 1611 2629 1669 ὡς
2659 1610 2719 1659 οἶν
2780 1605 3118 1678 παρουσιάση
3182 1601 3261 1652 ἐπὶ
3305 1607 3364 1670 τῇ
3420 1596 3707 1667 ἀναγνώσει
3768 1600 3859 1644 τοῦ
3919 1593 4157 1643 τοιούτου

2561 1701 2924 1769 σημειώματος
2956 1709 2968 1722 ·
3004 1692 3046 1744 εἰ
3075 1695 3146 1763 μή
3190 1687 3434 1762 βούλοιτο
3459 1726 3473 1752 ,
3513 1690 3604 1736 καὶ
3632 1682 3848 1740 ἀπόντος
3877 1679 4038 1731 αὑτοῦ
4063 1682 4158 1736 τήν

2559 1790 2746 1839 τούτου
2798 1783 3038 1854 γενέσθαι
3075 1779 3385 1849 ἀνάγνωσιν.
3429 1772 3827 1829 Ἀπεστάλησαν
3888 1765 3974 1821 οὖν
4029 1771 4162 1840 πρὸς

2564 1876 2713 1928 αὐτὸν
2780 1872 2880 1924 ἀπὸ
2943 1873 3032 1942 μὲν
3093 1876 3194 1920 τῶν
3260 1865 3544 1938 ἀρχιερέων
3606 1864 3751 1933 ἡμῶν
3818 1861 3843 1910 6
3910 1858 4161 1929 Κορινθου

2565 1960 2880 2037 Θεόδωρος,
2968 1961 2993 2011 6
3068 1952 3546 2029 Ἀδριανουπόλεως
3622 1952 3764 2002 Λέων
3831 1949 3856 1999 6
3961 1950 4160 2018 Παρίου

2564 2033 2820 2114 Νικόλαος
2844 2073 2856 2084 ο
2891 2045 3240 2104 συνδηστάλη
3271 2042 3328 2098 δὲ
3369 2045 3573 2102 τούτοις
3600 2041 3624 2092 6
3651 2043 3832 2114 κριτής
3861 2043 3952 2088 τοῦ
3995 2033 4162 2107 βήλου

2567 2149 2757 2217 Θωμᾶς
2831 2138 3168 2211 Ἀπλούχρης
3228 2155 3240 2168 ·
3306 2137 3395 2184 καὶ
3472 2127 3854 2202 διεμηνύσαντο
3946 2126 4163 2176 τούτων.

2567 2212 2920 2306 παραγγελίαν
3007 2229 3264 2300 ἔγγραφον
3355 2224 3552 2293 θέμενοι
3625 2220 3758 2289 πρὸς
3819 2214 3973 2267 αὐτόν
4001 2252 4018 2283 ,
4087 2212 4172 2262 ἶνα

2567 2321 2932 2394 παρουσιάση,
2973 2318 3042 2379 ὡς
3090 2318 3312 2388 εἴρηται.
3358 2310 3556 2381 Ἔσχεν
3613 2309 3670 2360 τὸ
3713 2303 3834 2378 παρ’
3861 2302 4030 2356 αὐτῶν
4079 2299 4168 2353 ἑκ-

2567 2405 2706 2465 τεθεν
2737 2412 3013 2480 σημείωμα
3040 2406 3212 2480 ῥητῶς
3240 2403 3454 2454 οὑτωσί.

2642 2503 2781 2558 Μηνὶ
2830 2499 3005 2567 Μαίῳ,
3063 2491 3128 2565 ιγ’
3170 2495 3377 2566 ἡμέρᾳ,
3430 2483 3717 2539 ἰνδικτιῶνι
3774 2481 3844 2555 β’,
3902 2483 4172 2553 παρουσίᾳ

2574 2587 2820 2642 διακόνου
2887 2575 3165 2657 Θεοδώρου
3207 2556 3329 2641 ’τιέξ
3365 2556 3616 2648 Μεγάλης
3696 2556 4006 2630 Ἐκκλησίας
4078 2574 4169 2621 τοῦ

2573 2679 3011 2751 Βελισσαριώτου,
3055 2676 3311 2744 Γεωργίου
3361 2666 3694 2738 ἀναγνώστου
3726 2662 4049 2732 Ἀντιοχείας
4078 2665 4171 2710 τοῦ

2573 2769 2656 2822 ἐπὶ
2728 2776 2823 2827 τῆς
2890 2764 3150 2827 εὐταξίας,
3211 2762 3467 2832 Γεωργίου
3545 2754 3879 2824 ἀναγνώστου
3953 2744 4172 2821 Ἀδρια-

2571 2857 2853 2917 νουπόλεως
2919 2861 3010 2907 τοῦ
3071 2853 3483 2922 Σκουταριώτου,
3514 2843 3774 2897 Νικολάου
3839 2838 4172 2909 ἀναγνώστου

2572 2957 2664 3002 τού
2732 2946 3128 3012 Ἀττικοῦ,καὶ
3189 2944 3408 3000 Λέοντος
3471 2942 3564 2988 τοῦ
3627 2927 4166 3003 Ἀδριανουπολίτου·

2575 3039 2676 3093 ἀπὸ
2755 3036 3036 3111 βασιλικῆς
3108 3037 3197 3084 καὶ
3282 3032 3422 3089 θείας
3493 3023 3865 3098 προσκυνὶπης
3941 3017 4178 3091 ἀγράφου

2574 3128 2927 3205 προστάξεως,
2957 3128 3108 3196 ἡμεῖς
3150 3123 3199 3173 οἱ
3263 3121 3526 3193 ἀρχιερεῖς
3579 3113 3631 3176 ἐξ
3678 3112 3965 3183 ἐπιτροπῆς
3993 3114 4086 3159 τοῦ
4126 3125 4180 3157 τε

2574 3219 2868 3291 ἁγιωτάτου
2928 3211 3187 3266 ὃεσποτου
3244 3212 3334 3260 καὶ
3396 3206 3754 3275 οἰκουμενικοῦ
3818 3198 4180 3271 πατριάρχου,

2574 3314 2665 3360 καὶ
2716 3307 2810 3359 τοῦ
2851 3304 3144 3376 ἁγιωτάτου
3215 3297 3553 3372 πατριάρχου
3619 3287 3986 3362 Ἱεροσολύμων
4027 3303 4184 3356 μονα-

2575 3406 2681 3472 χοῦ
2755 3402 2917 3470 κυροῦ
2977 3393 3256 3458 Ἰωάννου,
3327 3390 3402 3439 ἔτι
3470 3380 3528 3435 δε
3584 3385 3674 3433 καὶ
3738 3386 3830 3431 τοῦ
3889 3376 4181 3448 ἀγιωτάτου

2577 3487 2999 3561 ἀρχιεπισκόπου
3061 3483 3235 3538 πάσης
3291 3473 3612 3547 Βουλγαρίας
3674 3473 3763 3520 καὶ
3829 3465 4182 3540 περιποθήτου

2580 3580 2715 3630 θείου
2760 3582 2852 3626 τοῦ
2891 3576 3177 3647 κρατίστου
3221 3569 3310 3619 καὶ
3359 3564 3508 3635 ἁγίου
3550 3562 3697 3632 ήμῶν
3763 3555 4020 3629 βασιλέως
4087 3570 4184 3624 μο-

2575 3673 2746 3738 ναχοῦ
2798 3670 2960 3736 κυροῡ
3012 3661 3249 3714 Ἰωάννου
3297 3662 3388 3707 τοῦ
3452 3644 3905 3722 Κομνηνοῦ,ἀλλὰι
3959 3646 4049 3694 καὶ
4088 3649 4186 3702 τῆς

2579 3755 2628 3807 ἐν
2663 3764 2735 3826 τῷ
2787 3753 3022 3822 παλατίῳ
3077 3757 3174 3802 τῶν
3239 3745 3544 3815 Βλαχερνῶν
3611 3732 4024 3808 συνδραμούσης
4088 3734 4182 3788 τήν

2583 3821 2809 3917 σήμερον
2879 3821 3012 3914 ἱερᾶς
3077 3842 3168 3891 καὶ
3229 3839 3366 3895 θείας
3433 3825 3659 3883 συνόδου
3694 3821 4087 3896 ,παρεϐάλομεν
4122 3826 4182 3891 τῇ

2583 3935 2847 4007 σεϐασμίᾳ
2884 3910 3012 4004 μονῇ
3068 3937 3167 3981 τῶν
3209 3922 3487 3995 Ὀδηγῶν,
3521 3923 3610 3970 καὶ
3669 3916 3741 3976 εἰς
3789 3913 3908 3984 ὄψιν
3959 3910 4188 3969 ἐλθόντες

2580 4033 2653 4095 τῷ
2720 3999 2998 4096 φθάσαντι-
3040 4016 3401 4092 προϐληθῆναι
3480 4008 3788 4080 πατριάρχῃ
3857 3999 4188 4060 Θεουπόλεως

2582 4117 2804 4192 μεγάλης
2882 4113 3202 4182 Ἀντιοχείας
3260 4110 3403 4179 κυρῴ
3469 4101 3759 4170 Σωτηρίχῳ
3823 4100 3894 4164 τῷ
3966 4097 4190 4142 Παντευ-

2581 4213 2738 4280 γένῳ,
2799 4201 3173 4275 ἀνηγγείλαμεν
3241 4195 3379 4264 αὐτῷ
3431 4192 3497 4242 τά
3559 4185 3859 4239 ἔντειλθέντα
3909 4183 4035 4241 ἡμῖν
4065 4222 4080 4247 ,
4122 4178 4189 4230 εἰ-

2581 4303 2760 4358 πόντες
2812 4298 2881 4356 ὡς
2927 4293 2985 4345 εΟ
3042 4291 3325 4364 κράτιστος
3388 4285 3478 4333 καὶ
3539 4279 3684 4349 ἅγιος
3733 4276 3879 4345 ἡμῶν
3935 4268 4188 4342 βασιλεὺς

2582 4388 2740 4461 ὥρισε
2796 4386 2933 4437 κατὰ
2991 4385 3082 4439 τὴν
3133 4380 3263 4450 χθὲς
3313 4369 3570 4426 συνελθεῖν
3627 4366 3764 4418 κατά
3815 4367 3909 4419 τήν
3963 4364 4190 4432 σήμερον

2581 4483 2674 4537 τήν
2714 4477 2963 4551 ῥηθεῖσαν
3003 4470 3155 4542 ἀγίαν
3203 4459 3421 4518 σύνοδον
3472 4464 3562 4511 καὶ
3609 4459 3665 4508 σε
3714 4453 3818 4512 ἐπὶ,
3849 4458 3920 4520 τῷ
3954 4448 4189 4520 ἀναγνω-

805 4562 1089 4618 hesterna
1114 4558 1220 4654 die
1234 4573 1372 4654 qua
1395 4555 1504 4611 fuit
1523 4555 1834 4627 prasentis
1855 4554 2082 4610 mensis
2113 4553 2474 4610 duodecima
2508 4602 2549 4654 Β

2420 4570 2474 4610 ιδ
2508 4602 2549 4654 D
2585 4569 2776 4625 σθῆναι
2808 4566 2875 4616 τὰ
2925 4559 3279 4633 σημειωθέντα
3317 4551 3400 4605 ἐπὶ
3438 4555 3547 4609 τοῖς
3589 4544 3862 4601 λαληθείσι
3911 4543 4001 4590 καὶ
4059 4556 4189 4610 πρα-

2868 4653 2874 4654 ,
3014 4650 3025 4654 _
3160 4650 3167 4654 _
3564 4640 3573 4653 ,
3674 4640 3684 4652 ,
3831 4634 3910 4654 mu
3973 4627 4041 4654 ﬁ,
4099 4635 4189 4654 ur.

811 4665 1018 4708 coram
1061 4645 1247 4716 regali
1277 4645 1513 4713 throno,
1547 4650 1878 4716 sanctaque
1900 4649 1957 4700 et
1983 4643 2186 4700 divina
2212 4643 2470 4715 synodo.

812 4738 1112 4804 Quoniam
1145 4751 1285 4791 vero
1313 4734 1453 4790 dicti
1477 4733 1840 4789 sanctissimi
1880 4733 2235 4805 patriarcha
2255 4733 2475 4789 cateri-

817 4845 937 4903 que
969 4825 1261 4884 antistites
1301 4827 1714 4879 convenerunt
1734 4823 1794 4877 in
1823 4821 2286 4878 Blachernarum
2309 4822 2475 4894 pala-

817 4920 992 4986 tio,ac
1008 4917 1140 4988 jam
1172 4913 1530 4986 prasidente
1561 4928 1598 4968 a
1631 4914 1747 4968 Deo
1771 4917 2059 4969 coronato
2089 4913 2473 4984 imperatore,

814 5013 870 5065 et
909 5004 1131 5079 synodi
1161 5005 1340 5076 pleno
1388 5017 1663 5068 numero,
1699 5007 1762 5058 tu
1803 5018 1927 5058 non
1985 5002 2249 5071 adfuisti,
2305 5003 2476 5059 missi

813 5113 927 5155 nos
957 5095 1198 5159 fuimus,
1222 5092 1307 5148 uti
1354 5091 1583 5148 dictum
1633 5096 1737 5164 est,
1769 5091 1848 5148 ad
1883 5097 1937 5148 te
1983 5092 2386 5164 invitandum,
2412 5098 2476 5150 ut

816 5188 944 5244 sine
982 5200 1159 5241 mora
1185 5181 1348 5239 adsis
1395 5181 1574 5238 hodie
1604 5181 1844 5237 lectioni
1879 5187 2152 5239 actorum
2173 5184 2475 5240 hesterno-

816 5293 976 5334 rum.
1011 5274 1167 5332 Scito
1201 5271 1384 5338 euim,
1414 5271 1580 5344 quod
1611 5271 1659 5327 si
1698 5271 1947 5327 minime
1975 5273 2037 5328 id
2066 5273 2273 5342 facias,
2302 5274 2397 5330 vel
2421 5279 2474 5331 te

812 5366 1062 5426 absente
1104 5367 1240 5420 acta
1267 5361 1661 5418 nihilominus
1704 5361 1996 5432 legentur.
2031 5364 2282 5420 Coactus
2312 5366 2474 5422 enim

815 5473 854 5515 a
910 5456 1032 5513 Deo
1101 5451 1322 5510 electus
1383 5451 1798 5508 sanctissimus
1871 5457 2073 5510 noster
2145 5455 2475 5528 imperator

888 5637 996 5709 (26)
1022 5637 1308 5718 .ntptwﬂ‘t‘),
1339 5632 1538 5718 Latine
1590 5634 2051 5718 circumSpectio,
2102 5641 2473 5718 vocabulum

817 5706 1068 5767 honoris
1115 5706 1269 5779 φλο-
1325 5706 1530 5779 υιὶιυιζ
1571 5721 1716 5779 erga
1768 5706 2104 5766 cardinales
2169 5715 2470 5772 Adrianus

819 5781 910 5860 Vl.
950 5779 1053 5846 PP,
1110 5775 1274 5850 apud
1319 5790 1430 5833 nos
1483 5776 1759 5849 Spicileg.
1813 5783 1852 5836 t.
1909 5781 1976 5845 Il,
2027 5783 2278 5858 Praf.p.
2330 5788 2466 5846 Xlll.

2583 4661 2793 4730 χθείσιν
2859 4653 2937 4705 ἐπ’
3005 4650 3255 4724 ἀκροάσει
3309 4663 3402 4696 σου
3451 4640 3588 4691 κατά
3628 4640 3722 4694 τήν
3781 4634 3911 4704 χθὲς
3970 4627 4041 4701 ιβ’
4099 4635 4192 4679 τοῦ

2579 4753 2836 4824 παρόντος
2889 4745 3051 4816 μηνός
3093 4738 3178 4791 ἐπὶ
3216 4741 3307 4787 τοῦ
3360 4729 3641 4805 βασιλικοῦ
3703 4722 3946 4796 βήματος
3975 4723 4066 4770 καὶ
4096 4724 4194 4778 τῆς

2584 4809 2717 4912 ὶερόις
2765 4839 2855 4886 καὶ
2924 4834 3058 4889 θείας
3128 4821 3380 4878 συνόδου.
3417 4819 3564 4871 Ἐπεὶ
3596 4812 3654 4867 δὲ
3722 4815 3771 4865 οἰ
3825 4814 3913 4882 μὲν
3951 4809 4190 4882 ῥηθέντες

2581 4929 2869 5000 ἁγιώτατοι
2904 4920 3238 4994 πατριάρχαι
3283 4917 3374 4965 καὶ
3425 4911 3475 4962 οἰ
3521 4907 3693 4960 λοιποὶ
3743 4901 4010 4976 ἀρχιερεῖς
4071 4916 4192 4948 συν-

2581 5018 2736 5077 ῆλθον
2777 5016 2842 5075 εἰς
2899 5016 2956 5064 τό
3021 5009 3068 5061 ἐν
3123 5007 3438 5078 Βλαχέρναις
3496 4996 3781 5059 παλάτιον,
3810 4994 3901 5041 καὶ
3935 4987 4186 5060 προκαθί-

2586 5127 2766 5168 σαντος
2829 5111 2919 5157 τοῦ
2961 5103 3261 5170 θεοστεφοῡς
3303 5096 3448 5164 ἡμῶν
3517 5085 3897 5156 αὐτοκράτορος
3940 5082 4030 5129 καὶ
4093 5081 4186 5127 τοῦ

2586 5198 2837 5268 συλλόγου
2887 5193 3083 5252 παντὸς
3124 5187 3354 5258 πλήρους
3403 5185 3567 5242 ὄντος,
3593 5179 3658 5228 σὺ
3697 5172 3792 5224 οὐκ
3823 5163 4177 5240 ἐνεὸήμησαςο

2584 5286 2944 5357 ἀπεστάλημεν
3000 5283 3168 5353 ἡμεῖς,
3214 5278 3279 5335 ὡς
3345 5267 3664 5332 δεδήλωται,
3725 5256 4187 5335 μετακαλέσασθαί

2584 5397 2674 5445 σε,
2747 5375 2820 5447 ἐφ’
2977 5368 3332 5442 ἀνυπερθέτως
3393 5356 3757 5432 παρουσιάσαι
3808 5354 3901 5406 τήν
3960 5350 4187 5418 σήμερον

2583 5467 2666 5521 ἐπὶ
2737 5475 2798 5538 τῇ
2887 5461 3174 5533 ἀναγνώσει
3251 5461 3350 5505 τῶν
3428 5440 3792 5522 σημιωθέντων
3869 5438 4006 5490 κατὰ
4093 5437 4188 5490 τὴν

2584 5647 2875 5722 Equidem
2905 5643 3136 5713 absque
3163 5638 3279 5722 hoc
3310 5627 3620 5722 synodalis
3644 5622 3955 5722 scrlilp‘t‘l‘lff
3973 5626 4190 5722 ξξξειξϊέ-

2581 5686 3058 5796 ρῆῗξξηιιῖωηῗ
3071 5686 3645 5792 putassemLatinos
3676 5713 3711 5754 a
3732 5686 3949 5751 Gracis
3973 5686 4186 5756 hujus-

2581 5782 2748 5852 inodi
2770 5782 3006 5851 titulum
3036 5782 3397 5858 sumpsisse.
