4480 6430
271 422 377 475 197

1669 436 2015 497 THESAURI
2054 442 2163 498 LIB
2175 487 2190 502 .
2235 443 2417 503 XXIV.

3531 465 3636 521 198

281 546 443 615 χθέςο
504 545 771 619 ὀφεῦιοντα
812 546 1004 604 εἰδέναι
1060 554 1149 619 ὧς,
1210 552 1339 627 εἰμή
1397 563 1552 609 τοῦτο
1614 564 2050 636 ποιήσαις,ΛΡ1

1872 605 1885 630 ,
1917 566 2318 636 Aprocedere
2374 570 2451 627 ad
2504 577 2779 643 paratam
2837 578 2955 633 Deo
3038 578 3273 638 favente
3320 582 3639 643 militarem

278 640 375 687 καὶ
474 644 569 689 σοῦ
662 642 734 710 μὴ
800 637 1191 713 ἐνδημῆσαντος
1295 644 1758 716 ἀναγνωσθήσεται
1819 654 1878 703 τὸ

278 732 540 777 τοιοῦτονο
607 734 1029 803 κατεπειγόμενος
1070 735 1172 808 γάρ
1256 736 1282 786 ό
1342 735 1712 811 θεοπρὸϐλητος
1788 744 1878 793 καὶ

270 815 561 887 κράτιστος
616 818 762 890 ἡμῶν
804 819 1139 897 αὐτοκράτωρ
1198 823 1413 887 ἐξελθεῖν
1475 824 1547 885 εἰς
1608 830 1703 886 τὴν
1757 847 1879 902 προ-

266 906 516 975 κειμένην
574 905 811 979 εὐτυχῶς
870 913 964 961 σὺν
1022 918 1136 981 Θεῷ
1206 910 1555 988 ἕκστρατείαν,
1646 912 1739 969 διά
1791 920 1879 979 τάς

266 990 594 1065 ἐπικειμένας
692 1002 956 1070 κοσμικὰς
1049 1000 1338 1072 ἀναγκαίας
1429 1001 1711 1079 φροντίδας
1784 1007 1879 1060 ούκ

1987 654 2453 727 expeditionem,
2482 662 2751 733 [propter
2808 664 3097 723 instantes
3144 672 3637 745 necessariasque

1986 742 2221 816 imperii
2252 762 2449 813 curas,
2480 748 2648 806 haud
2668 751 2892 809 diutius
2915 754 3251 815 discessum
3291 776 3471 817 suum
3532 742 3637 835 po-

1985 834 2099 887 test
2172 832 2435 923 differre.
2486 840 2927 915 Proptereaque
2978 844 3106 902 heri
3179 832 3633 923 mandavitput

1987 921 2184 977 cuncti
2213 922 2392 979 hodie
2418 928 2837 997 convenirent;
2869 935 2927 987 et
2959 948 3121 990 nunc
3154 938 3277 993 tota
3316 936 3412 994 die
3470 921 3638 996 sedet

1987 1006 2048 1063 in
2080 1008 2229 1067 solio
2252 1015 2421 1069 tuum
2451 1016 2806 1087 praestolans
2836 1020 3186 1079 adventum.

264 1080 386 1153 ἔχει
452 1082 601 1137 πλίον
651 1083 874 1159 ἀναρτᾷν
939 1092 1031 1147 τὴν
1089 1089 1365 1154 ίξίλευσιψ
1439 1100 1528 1146 καί
1596 1091 1690 1147 διὰ
1736 1104 1889 1150 τοῦτο
1954 1099 2085 1169 χθίς
2148 1120 2202 1154 τε
2260 1122 2419 1177 ωρισε
2494 1105 2751 1160 συνελθεῖν
2800 1112 2994 1174 πάντας
3049 1117 3184 1167 κατά
3238 1120 3332 1174 τὴν
3381 1122 3632 1193 σήμερον,

672 1176 713 1193 ,Α
1063 1181 1072 1193 .
1272 1182 1507 1193 ...
1638 1188 1646 1193 .
1781 1182 1995 1193 .-_

262 1175 359 1223 καὶ
384 1178 476 1223 νῦν
514 1176 843 1247 προκάθηται
881 1181 1196 1252 πανημὲριος
1225 1186 1320 1240 τὴν
1349 1186 1445 1241 σὴν
1485 1182 1743 1257 ἀναμένων
1774 1182 2077 1259 ἐπιδημίαν.

336 1276 399 1329 Ὀ
470 1275 527 1333 δι
599 1286 730 1356 πρὸς
778 1291 945 1337 ταῦτα
1002 1284 1378 1359 ἀντεφθέγξατο
1467 1295 1538 1362 μὴ
1617 1288 1879 1346 δύνασθαι

259 1372 635 1442 παρουσιάσαι
686 1378 819 1443 μήτε
873 1380 1094 1449 τήμερον
1133 1383 1262 1449 μήτε
1303 1399 1481 1453 αυριον
1536 1378 1630 1433 διὰ
1684 1386 1742 1435 τὸ
1782 1404 1881 1435 πυ-

257 1461 483 1530 ρέττειν,
540 1462 604 1521 ὡς
670 1461 854 1533 ἔλεγεν·
908 1463 991 1517 ἐπὶ
1046 1465 1225 1529 κλίνης
1304 1471 1405 1545 γὰρ
1479 1468 1722 1541 ἀνέκειτο,
1789 1478 1878 1525 καὶ

262 1544 473 1617 ἀγνοεῖν
537 1548 581 1601 εἰ
654 1549 874 1624 ἐπιταθῇ
931 1554 1073 1625 αύτῷ
1121 1558 1189 1607 τά
1260 1565 1355 1619 τῆς
1403 1563 1583 1611 νόσου·
1659 1563 1881 1633 προσθέ,

259 1654 420 1707 μενος
485 1637 583 1702 ὃτι,
665 1639 821 1711 Ἐμοῦ
898 1640 1138 1712 ἀπόντος,
1194 1644 1219 1696 ὃ
1255 1648 1524 1719 αἱροῦνται
1580 1652 1882 1706 ποιησάτω-

261 1744 383 1790 σαν,
427 1724 602 1797 Ἡμεῖς
642 1723 701 1780 δὲ
743 1733 833 1781 καὶ
872 1727 1025 1792 αὖθις
1098 1729 1476 1807 διελαλήσαμεν
1518 1741 1651 1813 πρὸς
1700 1739 1878 1825 αὑτὸν,

258 1817 332 1875 ὡς
364 1815 409 1867 εἰ
447 1821 517 1887 μὴ
562 1821 915 1891 παρουσιάσει
960 1822 1101 1896 ἄρτι,
1166 1822 1623 1896 ἀναγνωσθήσεται
1661 1831 1719 1880 τὸ
1761 1815 1879 1881 διαί

258 1903 455 1975 ληφθὲν
510 1910 756 1980 σήμερον,
806 1913 895 1961 καὶ
938 1916 1085 1964 πᾶσα
1117 1913 1249 1987 θύρα
1315 1911 1674 1987 δικαιολογίας
1712 1920 1880 1989 τούτῳ

260 1991 761 2052 ἀποήεισθήσεται.
821 1996 1147 2070 ’Λνεγνώσθη
1194 2006 1367 2054 τοίνυν
1424 2004 1551 2057 αὐτὸ
1591 2005 1674 2058 ὶπὶ
1722 2005 1876 2078 βασιο
1914 1985 1954 2039 Β

257 2080 414 2134 λικοῦ
456 2082 716 2157 βήματος·
774 2092 865 2140 καὶ
924 2088 1268 2164 ἠρωτήθημεν
1327 2095 1376 2145 οἱ
1430 2090 1880 2167 παρουσιάσαντες

260 2174 621 2247 πατριάρχαι,
674 2173 820 2247 κάγὼ
886 2178 912 2229 ὁ
976 2179 1319 2253 Βουλγαρίας,
1361 2187 1450 2234 καὶ
1510 2185 1559 2234 οἱ
1616 2182 1878 2257 ἀρχιερεῖς

260 2262 439 2331 ἡμεῖς,
509 2262 553 2313 εἰ
616 2259 698 2316 δεῖ
760 2264 937 2318 λοιπόν
988 2270 1085 2325 τὴν
1144 2266 1433 2340 ἀνάγνωσιν
1488 2273 1728 2341 γενέσθαι
1784 2280 1875 2325 τοῦ

259 2347 557 2413 ἐκτεθέντος
584 2355 721 2405 κατά
758 2357 852 2411 τὴν
890 2358 1041 2426 χθὲς,
1085 2358 1155 2419 ὡς
1194 2354 1511 2425 δεδήλωται,
1573 2366 1878 2434 σημειώμα-

258 2457 373 2501 τοςο
431 2444 521 2491 καὶ
592 2443 656 2501 ὡς
716 2438 886 2504 οὐδεὶς
933 2442 987 2507 ἐξ
1048 2447 1193 2517 ἡμῶν
1262 2445 1593 2519 ἀμφιϐάλλων
1650 2454 1781 2525 πρὸς
1818 2454 1875 2503 τὸ

260 2526 666 2599 ἀναγνωσθῆναι
748 2540 902 2584 τοῦτο
968 2532 1272 2606 ἐτύγχανεν,
1332 2534 1627 2607 ἀνεγνώσθη
1708 2540 1862 2595 αὐτό.

260 2617 410 2669 Ἐπεὶ
475 2618 564 2670 οὖν
596 2629 942 2696 συμπαρῆμεν
972 2628 1061 2675 καὶ
1128 2626 1176 2676 οἱ
1206 2628 1341 2677 κατά
1393 2630 1486 2684 τὴν
1525 2629 1651 2697 χθὲς
1704 2629 1874 2689 ξητὴ-

262 2724 453 2767 σαντες
487 2705 747 2781 ἀρχιερεῖς
806 2710 1104 2781 σκέψασθαι
1160 2718 1277 2786 περὶ
1315 2722 1406 2766 τοῦ
1448 2715 1491 2767 εἰ
1545 2713 1627 2769 δεῖ
1683 2716 1731 2769 ἓν
1764 2717 1875 2793 ἱερᾷ

257 2798 589 2849 καταστάσει
610 2816 664 2850 τε
703 2795 851 2870 εἶναι,
877 2802 973 2853 εἶτε
1034 2806 1124 2854 καὶ
1186 2809 1258 2864 εἰς
1311 2802 1565 2879 ἀρχιερέα
1618 2806 1873 2877 προϐιϐα-

263 2886 462 2943 σθῆναι
508 2888 594 2937 τὸν
636 2883 933 2944 δηλωθέντα
971 2893 1312 2962 Παντεύγενον
1354 2896 1452 2945 εἶτε
1490 2898 1578 2945 καὶ
1638 2900 1733 2966 μὴ,
1772 2905 1871 2947 τῶν

262 2972 434 3025 ἄλλων
484 2974 723 3027 ἁπάντων
764 2977 1005 3030 εἰπόντων
1046 2978 1254 3042 ἀνάξιον
1308 2982 1464 3034 αὑτὸν
1504 2984 1679 3044 πάσης
1740 2987 1874 3060 ἱερα-

262 3070 422 3124 τικῆς
514 3068 886 3128 καταστάσεως
941 3065 1092 3138 εἶναι,
1171 3073 1377 3142 εἴπομεν
1452 3076 1539 3123 καὶ
1616 3075 1784 3145 ἡμεῖς,
1847 3075 1874 3126 ὅ

256 3150 571 3226 Ἡρακλείας
602 3150 862 3227 δηλονότι,
896 3158 922 3208 ὁ
986 3158 1237 3230 Κυζίκου,
1280 3162 1306 3212 ό
1358 3157 1534 3229 Σίδης,
1579 3164 1603 3214 ό
1665 3171 1873 3216 Θεσσα-

260 3240 496 3309 λονίκης,
538 3244 563 3295 ό
600 3250 1027 3319 Νεοκαισαρείας,
1068 3248 1093 3299 ὁ
1135 3247 1418 3321 Φιλίππων,
1454 3250 1480 3301 ὁ
1533 3249 1872 3322 Λαοδικείας,

262 3332 333 3382 τὰ
395 3331 552 3400 αὐτὰ,
605 3339 695 3385 καὶ
762 3340 881 3408 περὶ
935 3339 1122 3389 τούτου
1184 3347 1381 3412 φρονεῖν
1421 3345 1509 3391 καὶ
1560 3340 1723 3411 λέγειν
1766 3350 1874 3403 τοῖς
1907 3341 1947 3396 C

259 3418 466 3482 λοιποῖς
526 3421 938 3497 συλλειτουργοῖς
993 3427 1159 3499 ἡμῶν,
1221 3434 1311 3481 καὶ
1346 3420 1532 3501 ⁸μηδεν
1590 3432 1729 3502 ἔχειν
1781 3429 1877 3503 ἀμ-

266 3508 503 3580 φίϐολον,

332 3599 395 3651 Ὀ
454 3605 688 3663 ταπεινὸς
716 3606 948 3676 μοναχὸς
996 3612 1200 3667 Λουκᾶς
1251 3612 1341 3659 καὶ
1389 3606 1507 3679 ἐλέῳ
1548 3616 1681 3661 Θεοῦ
1719 3607 1877 3685 ἀρχι-

259 3694 551 3753 επίσκοπος
604 3695 718 3754 νίας
764 3692 967 3766 Ῥώμης
1032 3704 1137 3757 τοῖς
1223 3696 1271 3749 ἐν
1328 3706 1400 3769 τῷ
1443 3702 1665 3771 παρόντι
1732 3704 1875 3771 τόμῳ

255 3786 649 3854 γεγραμμένοις
686 3782 770 3835 ἐπὶ
816 3792 910 3837 τοῦ
969 3789 1070 3858 πρὸ
1140 3789 1283 3859 ἡμῶν
1332 3790 1739 3861 μακαριωτάτου
1780 3809 1876 3842 πα-

255 3873 532 3945 τριάρχου
571 3880 734 3947 κυροῡ
787 3879 1182 3929 Κωνσταντίνου
1239 3883 1537 3950 στοιχήσας
1574 3884 1676 3950 ⁸καὶ
1719 3879 1876 3942 αὐτὸς

256 3964 353 4012 καὶ
384 3962 571 4035 ὁρίσας
610 3962 910 4035 ὑπέγραψα.

332 4067 395 4120 Ὀ
425 4074 666 4131 ταπεινὸς
705 4076 934 4143 μοναχός
984 4072 1222 4136 Ἰωάννης
1276 4078 1366 4126 καὶ
1423 4073 1542 4146 ἐλέῳ
1575 4081 1709 4128 Θεοῦ
1766 4096 1869 4128 πα-

258 4159 535 4230 τριάρχης
584 4166 677 4220 τῆς
714 4163 910 4234 μητρὸς
957 4170 1139 4213 πασῶν
1204 4170 1304 4213 τῶν
1363 4162 1685 4222 Ἐκκλησιῶν
1724 4165 1877 4236 άγίας

259 4251 396 4299 Σιὼν
427 4246 617 4308 πόλεως
647 4246 989 4323 Ἰερουσαλὴμ
1014 4251 1199 4326 ὁρίσας
1229 4252 1530 4325 ὑπέγραψα.

332 4353 395 4406 Ὀ
427 4358 663 4415 ταπεινός
707 4361 943 4429 μοναχός
990 4360 1230 4421 Ἰωάννης
1286 4364 1375 4412 καὶ
1440 4358 1557 4431 ἐλέῳ
1614 4367 1747 4413 Θεοῦ
1789 4360 1878 4435 ἀρ-

260 4448 626 4516 χιεπίσκοπος
655 4452 869 4521 πρώτης
910 4449 1281 4501 Ἰουστινιανοῡ
1347 4454 1437 4501 καὶ
1485 4452 1662 4512 πάσης
1724 4451 1878 4503 Βουλ-

258 4538 456 4608 γαρίας
487 4535 512 4584 ό
546 4538 811 4607 Κομνηνὸς
832 4538 1018 4611 ὁρίσας
1046 4537 1353 4611 ύπέγμαψα.

238 4688 241 4689 ν
332 4623 395 4677 Εἰ
470 4626 561 4676 καὶ
615 4627 747 4695 μετά
828 4629 915 4679 τὸν
970 4633 1369 4701 μακαριώτατον
1448 4626 1873 4702 ἀρχιεπίσκοπον

260 4712 587 4788 Βουλγαρίας
654 4714 937 4789 ὑπέγραψα
985 4713 1079 4769 διὰ
1117 4722 1175 4770 τὸ
1236 4719 1369 4771 θεῖον
1437 4724 1527 4771 καὶ
1594 4718 1874 4791 ἀναγκαῖον

260 4811 356 4864 τῆς
413 4802 883 4879 ἐκκλησιαστικῇς,
940 4808 1251 4875 ὑποθέσεως,
1307 4806 1415 4859 ἀλλ’
1469 4804 1556 4860 οὖν
1614 4805 1763 4861 οὐδὲν
1822 4809 1875 4861 ἐκ

258 4897 454 4946 τούτου
506 4902 580 4964 τῷ
634 4896 795 4969 θρόνῳ
870 4905 961 4957 τῆς
1018 4902 1218 4972 Σόπρου
1277 4904 1553 4970 γενήσεται
1608 4902 1878 4973 πρόκριμα

1910 4698 1951 4756 Ι)

261 4982 318 5035 ἐκ
358 4991 460 5045 τῆς
512 4982 642 5055 ἐμῆς
700 4985 1031 5060 ὑπογραφῆς,
1099 4990 1186 5038 τὸν
1245 4988 1349 5039 ἄνω
1398 4991 1576 5054 τόπον,
1659 4988 1727 5050 ὠς
1777 4992 1877 5060 εγὼ

256 5073 419 5145 λέγω,
491 5070 548 5124 ἐκ
601 5069 863 5147 διαφόρων
894 5071 1115 5128 δικαίων
1145 5078 1342 5148 ἔχοντι·
1386 5072 1474 5129 διὸ
1516 5084 1747 5148 στοιχῶν
1786 5097 1877 5131 και

260 5163 425 5222 αὐτός
442 5169 551 5223 τοῖς
578 5161 630 5215 ἐν
680 5171 753 5235 τῷ
784 5168 927 5237 τόμῳ
964 5166 1246 5239 ὁρισθεὶσι,
1304 5165 1545 5238 φυλάττω
1595 5171 1685 5218 καὶ
1716 5165 1875 5237 ἐμαυ-

258 5262 334 5324 τῷ
396 5256 482 5310 τὸ,
514 5260 611 5305 τοῦ
682 5256 865 5327 θρόνου
903 5251 1130 5307 δίκαιον.
1175 5254 1515 5329 Ἀσπάζομαι
1578 5252 1636 5309 δὲ
1674 5261 1765 5308 καὶ
1811 5259 1877 5309 τὰ

260 5344 624 5416 γεγραμμένα,
664 5348 754 5395 καὶ
811 5347 1030 5406 ταύταις
1084 5351 1196 5406 ταῖς
1243 5348 1458 5408 ἱννοίαις
1505 5349 1596 5397 καὶ
1660 5348 1875 5398 πίστεσι

264 5432 650 5485 συναποθανεῖν
702 5436 952 5507 εὔχομαι·
1028 5434 1087 5488 Ὀ
1161 5438 1398 5508 μοναχός
1454 5433 1732 5508 ἐλάχιστος
1785 5438 1875 5488 καὶ

256 5518 381 5593 ἐλέῳ
416 5527 555 5576 Θεοῦ
581 5520 1004 5597 ἀρχιεπίσκοπος
1026 5524 1240 5599 Κύπρου
1272 5526 1531 5588 Ἰωάννης.

326 5610 391 5663 Ὀ
445 5610 655 5673 εὐτελὴς
698 5611 1121 5686 ἀρχιεπίσκοπος
1181 5623 1274 5679 τῆς
1332 5615 1693 5691 μητροπόλεως
1743 5622 1872 5669 Και-

267 5704 489 5778 σαρείας
581 5700 969 5767 Καππαδοκίας
1034 5712 1280 5779 Στεφανος
1326 5707 1515 5781 ὁρίσας
1571 5704 1870 5781 ὑπέγραψα.

2058 1297 2145 1353 Ad
2166 1298 2295 1355 haec
2314 1303 2629 1373 respondit
2656 1305 3017 1377 Soterichus,
3048 1309 3212 1366 haud
3244 1327 3305 1367 se
3334 1328 3515 1386 posse
3535 1316 3631 1372 vel

1987 1385 2165 1442 hodie
2200 1388 2288 1444 vel
2316 1405 2447 1447 cras
2478 1391 2713 1458 adesse,
2746 1400 2989 1467 propter
3008 1397 3223 1455 febrim
3252 1416 3375 1473 qua
3415 1419 3477 1459 se
3498 1420 3635 1460 cor-

1989 1479 2225 1547 reptum
2254 1477 2528 1548 dicebat;
2560 1497 2703 1537 nam
2734 1488 2791 1539 et
2816 1485 2875 1540 in
2906 1485 3055 1542 lecto
3088 1488 3348 1561 jacebat,
3383 1496 3441 1547 et
3473 1492 3640 1561 igna-

1988 1579 2121 1619 rum
2164 1583 2227 1621 se
2253 1583 2398 1623 num
2429 1570 2680 1627 morbus
2738 1580 3056 1645 augeretur
3111 1577 3333 1634 aiebat.
3397 1581 3642 1637 Addidit

1990 1659 2214 1719 tamen,
2247 1661 2311 1712 ut
2340 1674 2403 1713 se
2429 1675 2671 1733 quoque
2702 1662 2970 1734 absente,
2993 1667 3160 1737 quod
3183 1668 3468 1739 placitum
3487 1670 3638 1729 foret

1989 1743 2400 1806 decernerent.
2431 1751 2579 1805 Tum
2610 1767 2724 1806 nos
2746 1768 2957 1808 rursus
2992 1754 3103 1826 ipsi
3135 1756 3632 1828 signiﬁcavimus,

1989 1834 2157 1906 quod
2178 1836 2291 1890 nisi
2322 1837 2521 1893 statim
2546 1847 2942 1912 compareret,
2975 1842 3153 1901 hodie
3202 1844 3459 1916 legenda
3480 1853 3637 1906 esset

1990 1938 2083 1977 res
2126 1924 2433 1996 praedicta,
2488 1930 2666 1999 atque
2718 1930 2884 1986 omni
2970 1930 3256 2006 deinceps
3303 1934 3638 1994 defensioni

1990 2011 2147 2067 fores
2176 2014 2635 2086 praecludendae.
2689 2020 2931 2075 Lectum
2982 2020 3092 2077 fuit
3124 2022 3302 2093 igitur
3344 2026 3639 2097 synodale

1989 2102 2295 2159 decretum
2318 2119 2522 2160 coram
2539 2105 2723 2175 regali
2753 2106 2971 2164 throno
3000 2126 3285 2184 ;moxque
3305 2112 3527 2169 fuimus
3546 2116 3633 2172 in-

1987 2195 2271 2262 terrogati
2293 2209 2405 2249 nos
2428 2195 2783 2266 patriarchae
2804 2197 2887 2253 ibi
2912 2205 3257 2273 prmsentes,
3288 2208 3344 2259 et
3373 2219 3485 2275 ego
3508 2205 3636 2262 Bul-

1988 2283 2507 2357 garus,cssterique
2521 2300 2632 2341 nos
2649 2287 2938 2360 episcopi,
2956 2304 3104 2344 num
3127 2305 3340 2364 reapse
3357 2292 3637 2353 facienda

1986 2370 2160 2427 lectio
2211 2372 2655 2443 hesternorum,
2704 2375 2789 2431 uti
2867 2376 3097 2434 dictum
3153 2384 3260 2451 est,
3338 2385 3630 2439 actorum.

1986 2463 2311 2533 Postquam
2334 2477 2472 2518 vero
2507 2478 2687 2519 nemo
2717 2480 2789 2520 ex
2820 2465 2996 2521 nobis
3024 2468 3354 2539 quominus
3386 2485 3457 2527 ea
3484 2470 3637 2543 lege-

1984 2556 2191 2606 rentur
2221 2552 2576 2623 ambiguum
2607 2570 2669 2609 se
2716 2554 3171 2626 demonstravit,
3194 2557 3348 2616 lecta
3368 2560 3633 2619 fuerunt.

1986 2641 2131 2696 Cum
2164 2645 2366 2697 autem
2407 2641 2762 2698 adessemus
2807 2644 2987 2700 etiam
3056 2662 3167 2702 nos
3215 2647 3313 2704 alii
3344 2651 3632 2724 episcopi,

1983 2728 2088 2801 qui
2106 2728 2304 2785 adhuc
2318 2728 2667 2787 deliberand
2678 2748 2777 2787 um
2791 2732 2920 2788 heri
2932 2734 3257 2790 censebam
3267 2752 3357 2804 us,
3381 2753 3528 2793 num
3540 2739 3636 2796 vel

1982 2818 2042 2873 in
2063 2817 2466 2875 ecclesiastico
2494 2824 2649 2876 statu
2678 2821 3025 2877 retinendus
3046 2828 3207 2880 esset
3229 2826 3322 2880 vel
3354 2826 3536 2882 etiam
3558 2827 3635 2884 ad

1981 2908 2454 2980 patriarchatum
2485 2911 2939 2980 promovendus
2954 2912 3277 2985 prmdictus
3309 2914 3639 2987 Panteuge-

1983 3013 2117 3068 nus,
2152 3013 2374 3065 necne;
2425 2998 2652 3054 cteteris
2700 2999 2986 3056 Omnibus
3026 3003 3193 3059 omni
3228 3002 3638 3063 ecclesiastico

1983 3090 2141 3142 statu
2171 3086 2490 3157 indignum
2522 3088 2989 3156 afﬁrmantibus,
3022 3107 3134 3147 nos
3164 3108 3431 3166 quoque,
3461 3096 3635 3153 Hera-

1983 3177 2232 3233 cleensis
2264 3177 2502 3244 scilicet,
2534 3179 2877 3251 Cyzicenus,
2932 3180 3217 3251 Sidensis,
3260 3182 3638 3243 Thessaloni-

1985 3268 2206 3325 censis.
2234 3269 2749 3337 Neocaesariensis,
2791 3270 3205 3344 Philippensis,
3240 3274 3630 3348 Laodicenus,

1988 3357 2245 3430 pedibus
2298 3356 2358 3413 in
2400 3358 2760 3415 sententiam
2817 3359 3057 3426 ivimus,
3098 3376 3297 3434 neque
3337 3363 3553 3420 eadem
3580 3369 3638 3423 et

1990 3449 2206 3503 sentire
2229 3455 2286 3503 et
2304 3446 2472 3520 loqui
2510 3464 2648 3503 cum
2668 3448 2912 3521 reliquis
2934 3450 3467 3509 consacerdotibus
3501 3468 3637 3511 nos-

1988 3536 2088 3592 tris
2119 3536 2354 3608 absque
2384 3536 2503 3593 ulla
2530 3536 2905 3594 dubitatione
2929 3538 3256 3597 edidimus.

2057 3626 2310 3682 Humilis
2368 3628 2703 3683 monachus
2735 3629 2943 3695 Lucas,
2984 3630 3088 3685 Dei
3127 3630 3508 3688 miseratione
3549 3648 3638 3690 ar-

1986 3716 2410 3789 chiepiscopus
2431 3732 2604 3772 novas
2636 3718 2858 3788 Romae,
2893 3718 3041 3773 actis
3070 3719 3131 3773 in
3158 3720 3438 3790 praesenti
3469 3725 3636 3779 tomo

1986 3807 2223 3879 scriptis
2254 3807 2369 3863 sub
2396 3822 2758 3879 praecessore
2797 3812 3003 3864 nostro
3052 3807 3400 3865 beatissimo
3450 3812 3635 3883 patri-

1986 3898 2171 3954 archa
2201 3896 2451 3954 domino
2479 3897 2874 3953 Constantino
2923 3898 3304 3955 consentiens
3336 3915 3448 3973 ego
3488 3916 3639 3974 quo-

1984 4004 2101 4061 que
2133 3992 2189 4044 et
2213 3987 2506 4043 deﬁniens
2532 3986 2878 4061 subscripsi.

2056 4076 2347 4134 Humililis
2376 4077 2714 4133 monachus
2755 4077 3042 4145 Joannes,
3097 4078 3198 4135 Dei
3252 4079 3639 4139 miseratione

1984 4167 2330 4239 patriarcha
2372 4168 2583 4223 matris
2639 4167 2913 4223 omnium
2956 4166 3359 4225 Ecclesiarum
3413 4174 3637 4227 sanctae

1988 4258 2129 4315 Sion
2152 4256 2319 4312 urbis
2339 4255 2694 4325 Jerusalem,
2725 4255 3021 4312 deﬁniens
3045 4256 3395 4329 subscripsi.

2056 4347 2307 4404 Humilis
2340 4346 2679 4402 monachus
2708 4348 2969 4403 Joannes
2997 4348 3365 4412 Comnenus,
3398 4347 3501 4403 Dei
3533 4348 3640 4404 mi-

1985 4438 2281 4494 seratione
2350 4435 2845 4509 archiepiscopus
2894 4435 3103 4509 primm
3180 4436 3531 4494 Justinianae
3583 4440 3641 4493 et

1986 4528 2167 4584 totius
2192 4527 2500 4597 Bulgarize,
2534 4526 2831 4582 deﬁniens
2871 4526 3221 4598 subscripsi.

2056 4596 2416 4672 Quanquam
2440 4614 2552 4671 ego
2576 4603 2715 4671 post
2752 4596 3172 4654 beatissimum
3205 4596 3497 4667 Bulgariaa
3549 4614 3641 4655 ar-

1985 4691 2437 4764 chiepiscopum
2469 4688 2818 4761 subscripsi,
2851 4693 3097 4744 coactus
3134 4703 3312 4744 sacra
3331 4688 3638 4771 ecclesias

1989 4782 2083 4837 tici
2112 4779 2452 4849 argumenti
2482 4778 2858 4843 necessitate,
2890 4776 3124 4833 nullum
3170 4776 3311 4833 hinc
3352 4777 3480 4833 sedi
3522 4780 3634 4851 Cy-

1986 4871 2129 4944 priae
2160 4869 2262 4926 ﬁet
2307 4867 2767 4942 prtejudicium;
2806 4867 3033 4939 quippe
3085 4866 3187 4939 qui
3248 4864 3484 4923 affirmo
3540 4884 3639 4926 me

1987 4960 2207 5017 multos
2236 4959 2316 5015 ob
2346 4957 2546 5015 titulos
2568 4958 2943 5029 superiorem
2981 4961 3181 5013 tenere
3209 4955 3432 5013 locum.
3483 4960 3639 5024 Qua-

1985 5050 2261 5107 mobrem
2281 5052 2336 5105 et
2362 5049 2490 5121 ipse
2516 5046 2901 5103 consentiens
2930 5045 3192 5102 deﬁnitis
3216 5045 3277 5101 in
3314 5051 3501 5116 tomo,
3550 5051 3637 5105 at-

1987 5148 2186 5199 tamen
2212 5140 2313 5213 jus
2342 5139 2502 5196 sedis
2547 5153 2698 5194 meae
2745 5136 2895 5194 mihi
2944 5136 3209 5193 vindico.
3261 5137 3637 5210 Cmteroquin

1987 5234 2210 5305 scripta
2239 5230 2588 5304 amplector,
2624 5233 2807 5301 atque
2836 5228 2899 5284 in
2932 5228 3047 5285 hac
3077 5228 3371 5284 sententia
3394 5226 3641 5309 ﬁdeque

1984 5323 2138 5381 mori
2184 5326 2351 5395 opto.
2373 5319 2700 5376 Monachus
2722 5318 3030 5387 minimus,
3045 5322 3101 5375 et
3120 5316 3221 5374 Dei
3252 5317 3638 5376 miseratione

1983 5412 2479 5487 archiepiscopus
2503 5408 2679 5483 Cypri
2707 5408 2993 5466 Joannes.

2052 5596 2192 5653 Vilis
2223 5592 2713 5666 archiepiscopus
2737 5592 3019 5647 Caesareae
3050 5586 3454 5661 metropoleos
3482 5589 3636 5662 Cap-

1984 5686 2254 5762 padociae
2288 5683 2627 5757 Stephanus
2659 5679 2956 5737 deﬁniens
2980 5678 3329 5752 subscripsi.
