4480 6430
269 399 372 461 201
1611 392 1966 462 THESAURI
2006 401 2038 461 1.

1867 392 1966 462 m1
2006 401 2139 462 LIB.
2179 400 2333 458 XXV.
3526 397 3636 463 202

343 525 570 600 Μιχαὴλ
619 525 648 580 ὁ
704 521 906 587 εὐτελής
953 523 1230 588 ἐπίσκοπος
1279 529 1494 599 Λήμνου
1554 527 1743 604 ὁρίσας
1781 530 1876 583 ὕπο
1903 549 1950 603 Α
2055 529 2112 586 Mi

1867 549 1950 603 -Α
2055 526 2300 586 Michael
2339 523 2474 582 vilis
2525 521 2842 599 episcopus
2885 524 3091 583 Lemni
3143 524 3438 584 deﬁniens
3493 528 3636 586 sub-

273 619 502 691 ί-γραψα.
1985 617 2216 690 scripsi.

344 707 406 760 '0
444 706 652 768 εὐτελὴς
705 705 1119 782 ἀρχηπίσκοπος
1173 715 1266 771 τῆς
1314 707 1588 783 Ἡρακλέος
1631 708 1876 772 Ἀκάκιος
2055 705 2113 762 V1

1866 729 1876 772 ς
2055 705 2203 762 Vilis
2237 703 2724 778 archiepiscopus
2772 703 3067 763 Heracleae
3121 705 3371 764 Acacius
3422 720 3635 768 mona-

273 799 514 869 μοναχὸς
542 798 727 870 ὁρίσας
760 796 1062 870 ὑπέγραψα.
1986 793 2042 852 cl

1986 793 2135 852 chus
2163 795 2456 852 deﬁniens
2488 793 2838 867 subscripsi.

348 885 410 939 '0
440 885 642 948 εὐτελής
663 883 1080 962 ἁρχιιπίσκοπος
1107 887 1377 960 ’Υρκανίας
1403 890 1666 951 Διονύσιος
1695 890 1878 963 ὁρίσας
2057 886 2117 940 Vi

1871 907 1878 950 ;
2057 885 2194 940 Vilis
2250 883 2738 957 archiepiscopus
2783 881 3094 955 Hyrcaniae
3145 881 3470 957 Dyonisius
3495 883 3640 943 deli.

275 973 582 1050 ὑπέγραψα.
1986 973 2044 1030 ni

1986 973 2157 1030 niens
2189 972 2536 1045 subscripsi.

352 1063 669 1138 Ἀρχιιρέων
709 1069 906 1128 νείατος
937 1064 1032 1119 εἰνὶ
1079 1066 1190 1138 [ita
1240 1064 1399 1139 00¢]
1435 1063 1571 1139 λόγῳ
1623 1063 1721 1126 ἡδὶ
1750 1074 1873 1141 τιμῇ
2057 1069 2121 1118 ΑΙ

2057 1063 2396 1118 Antistitum
2441 1060 2687 1118 ultimus
2718 1063 2777 1118 et
2815 1074 3091 1118 sermone
3122 1066 3180 1117 et
3203 1060 3452 1130 honore,
3475 1063 3642 1134 igno-

283 1159 518 1225 σκεπτὴρ
547 1157 788 1226 νωνύμων
827 1152 1160 1208 Δαλισανδῶν
1205 1160 1591 1218 Κωνσταντίνος
1636 1155 1875 1230 ἰσοϐριθῆ
1989 1149 2048 1207 bi

1872 1165 1875 1204 ἱ
1989 1149 2201 1207 bilium
2287 1149 2750 1207 Dalisandorum
2825 1146 3156 1216 excubitor,
3215 1152 3432 1207 mentis
3491 1166 3641 1208 mese

279 1261 372 1314 μοι
398 1245 464 1295 τὰ
490 1244 628 1316 ζυγὰ
656 1252 747 1297 τοῦ
779 1252 867 1297 νοῦ
889 1245 1022 1318 φέρω
1042 1253 1113 1316 τῷ
1137 1240 1368 1319 δεσπότῃ
1391 1261 1492 1319 μου
1515 1252 1875 1320 Σκονταριώτῃ
1989 1239 2044 1297 la

1872 1267 1875 1300 π
1989 1239 2223 1298 lancem
2290 1252 2432 1312 gero
2498 1255 2708 1313 parem
2772 1238 3022 1297 domino
3088 1254 3225 1296 meo
3294 1240 3641 1299 Scutariota:

281 1327 462 1392 Σίδης.
1994 1327 2246 1386 Sidensi.

343 1419 412 1473 -Ὁ
463 1421 671 1485 ιὺτιλὴς
720 1420 1002 1485 ἕπίσκοπος
1067 1425 1319 1499 Πατάρων
1388 1428 1642 1498 Γιώργιος
1698 1423 1881 1500 ὁρίσας
2062 1421 2112 1475 Vi

1878 1443 1881 1483 ;
2062 1420 2199 1476 Vilis
2241 1419 2533 1493 epicopus
2589 1421 2939 1478 Patarorum
3006 1418 3295 1492 Georgius
3344 1417 3647 1478 deﬁniens

277 1509 605 1583 ὑπέγραψα..
1995 1526 2046 1565 St

576 1548 605 1564 ..
1995 1509 2345 1582 subscripsi.

1217 1887 1480 2028 EX
1596 1886 2192 2034 ιωΒο
2306 1886 2734 2031 XXV

1153 2195 1528 2261 LECTORI
1572 2192 2006 2262 BEN/VOLO
2049 2189 2455 2262 ANGELUS
2497 2190 2794 2262 MAIUS.

1625 2386 1861 2460 (Script.
1893 2389 2010 2443 vet.
2038 2389 2183 2444 tom.
2219 2376 2332 2458 IV.)

1945 2591 2022 2604 —

379 2744 427 2796 l.
470 2741 764 2798 lneditam
797 2745 1011 2799 Graecae
1047 2743 1317 2799 Ecclesiae
1341 2743 1664 2815 synodum,
1690 2743 1990 2816 dogmatis
2015 2735 2306 2811 gravitate
2338 2729 2761 2806 venerabilem,
2785 2727 3264 2813 patriarcharum
3287 2736 3343 2798 et
3374 2733 3677 2816 metropos

299 2830 627 2886 litanorum
668 2847 920 2887 numero
952 2833 1272 2903 insignem,
1307 2833 1587 2889 Manuelis
1643 2833 2055 2903 gloriosissimi
2083 2835 2328 2887 Ceesaris
2387 2833 2702 2903 praesentia
2733 2838 2788 2886 et
2823 2831 3057 2888 actibus
3090 2833 3569 2901 cohonestatam,
3603 2850 3678 2890 ex

303 2921 686 2993 autographo
718 2923 1018 2986 vetcre,in
1051 2923 1317 2993 ipsisque
1369 2923 1584 2994 synodi
1631 2921 2039 2995 penetralibus
2092 2922 2362 2976 confecto
2407 2921 2634 2982 codice.
2667 2924 2784 2976 Deo
2825 2919 3079 2984 favente,
3114 2921 3458 2989 vulgamus.
3502 2923 3678 2977 Estis

305 3009 500 3066 codex
549 3013 786 3065 Graecus
843 3012 1159 3066 Vaticanus
1188 3017 1346 3070 1176.
1382 3011 1832 3068 membraneus.
1864 3011 2002 3072 in-l,
2027 3010 2230 3065 litteris
2266 3011 2448 3082 paulo
2489 3010 2914 3079 grandioribus
2970 3026 3332 3082 summaque
3365 3011 3682 3067 sedulitate

307 3104 365 3155 ct
391 3099 788 3170 calligraphia
809 3101 1099 3172 scriptus;
1132 3117 1314 3172 quem
1345 3101 1590 3172 quidem
1621 3101 1762 3156 olim
1787 3100 1933 3154 vidit
1966 3103 2077 3154 Leo
2109 3099 2465 3169 Allatius(l),
2503 3099 2607 3154 scd
2639 3099 2888 3154 ubinam
2917 3100 2963 3154 is
2985 3097 3261 3158 latitaret.
3289 3115 3685 3172 nequaquam

307 3187 618 3253 indicavit,
643 3204 803 3243 nunc
857 3196 1059 3245 autem
1091 3190 1150 3244 in
1184 3190 1478 3244 Vaticanze
1528 3189 1903 3245 bibliothecae
1952 3189 2167 3261 pluteis
2210 3189 2498 3260 quaerenti
2541 3189 2686 3243 mihi
2736 3187 2908 3244 facile
2939 3187 3184 3244 occurit.
3239 3189 3518 3244 Codicem
3551 3205 3686 3244 esse

308 3277 779 3348 autographum.
811 3277 1030 3334 docent
1060 3279 1203 3349 ipsa:
1236 3279 1578 3350 episcorum
1610 3285 1930 3350 postremae
1967 3278 2466 3349 subscriptiones,
2498 3278 2840 3333 charactere
2869 3278 3112 3349 proprio
3142 3274 3518 3345 singulorum
3541 3278 3687 3333 satis

307 3368 471 3421 vario
498 3372 555 3420 et
583 3365 811 3421 difﬁcili
832 3374 1112 3422 exarataa.
1133 3370 1380 3438 Insuper
1410 3369 1565 3422 hanc
1598 3367 1874 3439 synodici
1905 3366 2126 3422 codicis
2157 3367 2426 3417 αὐθτιτίαν
2452 3365 3172 3421 demonstrantManuelis
3204 3365 3690 3437 imper.ejusque

308 3455 591 3525 conjugis
619 3456 834 3519 Mariae,
858 3456 915 3510 in
944 3456 1137 3512 fronte
1169 3456 1391 3512 codicis
1445 3473 1593 3513 auro
1626 3463 1681 3512 et
1722 3457 1901 3512 variis
1953 3455 2256 3511 coloribus
2304 3455 2475 3527 pictae
2533 3455 2853 3524 imagines,
2891 3471 3026 3526 quae
3063 3454 3304 3510 nonnisi
3357 3453 3690 3511 viventium

309 3545 658 3616 principum
711 3545 838 3600 ﬁeri
886 3551 1256 3617 potuerunt:
1291 3551 1530 3602 mortuo
1588 3546 1812 3618 quippe
1863 3544 2152 3604 Manuele.
2180 3560 2381 3599 rerum
2432 3545 2631 3599 statim
2684 3543 3066 3616 publicarum
3102 3559 3344 3599 summa
3375 3545 3691 3600 conversio

310 3634 469 3689 facta
503 3640 612 3701 est,
645 3640 904 3706 tyranno
957 3635 1167 3690 oborto
1213 3635 1576 3703 Andronico,
1608 3636 1712 3707 qui
1759 3635 2000 3690 Mariam
2050 3639 2385 3703 Augustam
2415 3633 2571 3688 illico
2625 3633 2865 3702 occidit,
2887 3632 3188 3705 pauloque
3228 3637 3365 3705 post
3414 3631 3692 3689 Alexium

312 3737 594 3796 puerum,
625 3723 906 3778 Manuelis
926 3723 1248 3793 haeredem,
1277 3724 1405 3796 pari
1436 3723 1656 3779 scelere
1677 3724 1975 3778 exstinxit.
2012 3722 2232 3778 Eadem
2265 3722 2533 3792 synodus
2563 3727 2761 3777 exstat
2781 3722 2959 3776 etiam
2983 3722 3042 3776 in
3074 3720 3506 3776 recentioribus
3535 3721 3693 3776 Vati-

314 3827 484 3867 canae
527 3811 903 3867 bibliotheca:
948 3811 1283 3874 codicibus,
1314 3828 1532 3884 nempe
1573 3815 1699 3868 Vat.
1735 3817 1858 3875 680.
1893 3816 2031 3881 Reg.
2059 3817 2146 3878 67,
2179 3812 2512 3884 Separatim
2555 3827 2699 3867 vero
2741 3810 3155 3881 dogmaticum
3201 3809 3485 3866 Manuelis
3529 3811 3684 3882 imp.

315 3901 582 3956 edictum
624 3901 900 3956 scribitur
938 3902 998 3956 in
1031 3901 1228 3958 Ottob.
1266 3905 1389 3957 309.
1421 3903 1552 3956 Jam
1584 3903 1801 3973 synodi
1832 3903 2013 3972 hujus
2044 3902 2388 3957 historicam
2431 3901 2705 3956 notitiam
2729 3900 2890 3972 apud
2922 3900 3281 3957 Cinnamum
3302 3900 3400 3970 (2),
3430 3914 3540 3955 nec
3570 3914 3697 3956 non

315 3989 484 4062 apud
516 3990 869 4046 Choniatam
890 3995 1186 4062 t3),atque
1221 3991 1921 4062 Ephrremiummlegere
1951 3991 2346 4047 licetzcaetera
2375 4007 2516 4047 vero
2547 4007 2686 4047 cum
2718 4007 2786 4047 ex
2811 3991 2943 4063 ipsa
2968 3989 3221 4047 lectione
3249 3989 3487 4062 synodi,
3508 4005 3697 4063 quam

317 4095 434 4149 ego
465 4080 736 4135 Latinam
771 4079 902 4144 feci,
927 4095 1222 4152 perquam
1253 4079 1450 4136 lucide
1479 4086 1832 4153 appareant,
1865 4081 2031 4137 nolui
2057 4081 2170 4138 hac
2201 4097 2382 4155 super
2407 4097 2468 4136 re
2490 4080 2808 4137 verbosius
2829 4080 3088 4154 prmiari.

396 4209 477 4273 (ί)
516 4206 601 4260 De
632 4195 895 4260 corisens.
1048 4218 1109 4275 ll,
1140 4206 1224 4260 l2.
2231 4208 2309 4275 ('2)
2349 4206 2509 4263 Hist.
2541 4221 2638 4275 vn,
2665 4208 2714 4260 5.

392 4281 473 4342 (3)
516 4277 673 4331 Hist.
704 4292 780 4344 γι,
810 4281 861 4331 2.

2225 4281 2306 4348 (4)
2358 4279 2470 4334 Vit.
2505 4279 2731 4335 Casar.
2754 4293 2807 4332 ν.
2832 4279 2973 4334 4746
2996 4292 3129 4350 sqq.

1756 4545 2272 4638 ΣΥΝΘΔΟΣ

1094 4756 1245 4805 ΠΕΡΙ
1284 4757 1413 4806 ΤΟΥ
1453 4755 1688 4820 ΡΗΤΟΥ,
1732 4757 1866 4824 ΟΤΙ,
1908 4758 1950 4805 Ο
1991 4757 2212 4808 ΠΑΤΠΡ
2250 4756 2504 4808 ΜΕΙΖΩΝ
2546 4755 2689 4806 ΜΟΥ
2729 4754 2941 4806 ΕΣΤΙΝ.

1742 5014 2302 5110 SYNODUS

468 5190 786 5290 ῌΑΒΙΤΑ
831 5189 1230 5256 PROPTER
1272 5189 1532 5256 ILLUD
1579 5191 1936 5266 DICTUM,
1987 5191 2219 5270 QUIA,
2266 5185 2369 5255 PA
2391 5187 2502 5254 TE
2506 5182 2562 5254 Β
2604 5181 2851 5256 MEUS
2895 5184 3172 5254 MAJOR
3214 5190 3345 5255 ME
3386 5183 3583 5255 EST.

407 5455 653 5520 Ἐιθεσις
710 5467 810 5512 τῶν
887 5463 1229 5536 πραχθέντων
1289 5460 1373 5515 ἐπὶ
1434 5468 1497 5534 τῇ
1564 5461 1787 5523 ζητήσει
1851 5467 1942 5524 τῆς
1978 5469 2016 5523 Β
2127 5463 2176 5518 E1

1978 5469 2016 5523 Β
2127 5461 2430 5535 Expositio
2470 5476 2682 5520 eorum
2716 5473 2862 5536 ‘quae
2903 5466 3070 5533 gesta
3099 5466 3240 5519 sunt
3263 5463 3344 5520 ob
3375 5466 3724 5520 controver-

334 5548 636 5620 ἱξηγῦσεως
697 5569 788 5603 του
848 5549 895 5603 ἂν
936 5560 1008 5622 τῷ
1067 5551 1199 5624 ἁγίῳ
1256 5550 1548 5624 Εὑαγγιλίῳ
1605 5550 1946 5628 ὶμφιρομένου
2061 5551 2103 5608 si

2061 5551 2215 5609 siam
2243 5552 2732 5626 interpretatione
2759 5553 3090 5625 sententia,
3114 5569 3272 5638 quas
3295 5552 3356 5609 in
3403 5551 3726 5624 Evangelio

332 5637 505 5716 ῥητοῦ
535 5647 627 5693 τοῦ
677 5639 922 5700 ἀληθινοῦ
948 5650 1084 5696 Θεοῦ
1127 5648 1218 5696 καὶ
1267 5643 1500 5718 Σωτῆρος
1555 5645 1703 5717 ἡμῶν
1771 5643 1948 5703 Ἰησοῦ
2059 5658 2101 5718 p

2059 5642 2295 5718 prolata
2321 5643 2538 5716 legitur
2558 5659 2596 5702 a
2623 5657 2768 5701 vero
2801 5645 2920 5701 Deo
2943 5649 3000 5703 et
3023 5645 3335 5703 Servatore
3357 5648 3568 5703 nostro
3589 5644 3729 5701 Jesu

706 5767 953 5827 Panos.
995 5769 1097 5828 Gn.
1131 5768 1282 5830 CXL.
3191 5770 3226 5832 7
