  <div class='ocr_page' id='page_1' title='image "/cluster/home/n/w/nwhite01/storage/ocr_20150623/140/nnc1.0046979905/113.png"; bbox 0 0 4480 6430; ppageno 0'>
   <div class='ocr_carea' id='block_1_1' title="bbox 788 338 892 428">
    <p class='ocr_par' dir='ltr' id='par_1_1' title="bbox 788 338 892 428">
     <span class='ocr_line' id='line_1_1' title="bbox 788 338 892 428; baseline 0.01 -1"><span class='ocrx_word' id='word_1_1' title='bbox 788 338 892 428; x_wconf 78' lang='lat'>203</span> 
     </span>
    </p>
   </div>
   <div class='ocr_carea' id='block_1_2' title="bbox 2116 331 2812 457">
    <p class='ocr_par' dir='ltr' id='par_1_2' title="bbox 2116 331 2812 457">
     <span class='ocr_line' id='line_1_2' title="bbox 2116 331 2812 457; baseline 0.001 -28"><span class='ocrx_word' id='word_1_2' title='bbox 2116 364 2405 457; x_wconf 70' lang='lat' dir='ltr'>&#39;Nlcam</span> <span class='ocrx_word' id='word_1_3' title='bbox 2447 331 2812 433; x_wconf 65' lang='lat' dir='ltr'>cunmm</span> 
     </span>
    </p>
   </div>
   <div class='ocr_carea' id='block_1_3' title="bbox 3979 327 4161 432">
    <p class='ocr_par' dir='ltr' id='par_1_3' title="bbox 3979 327 4161 432">
     <span class='ocr_line' id='line_1_3' title="bbox 3979 327 4161 432; baseline 0.011 -2"><span class='ocrx_word' id='word_1_4' title='bbox 3979 327 4161 432; x_wconf 56' lang='lat'>.0.</span> 
     </span>
    </p>
   </div>
   <div class='ocr_carea' id='block_1_4' title="bbox 788 485 2557 572">
    <p class='ocr_par' dir='ltr' id='par_1_4' title="bbox 788 494 2557 567">
     <span class='ocr_line' id='line_1_4' title="bbox 788 494 2557 567; baseline 0 -16"><span class='ocrx_word' id='word_1_5' title='bbox 788 495 1039 565; x_wconf 83' lang='lat' dir='ltr'>Christo,</span> <span class='ocrx_word' id='word_1_6' title='bbox 1064 494 1339 553; x_wconf 81' lang='lat' dir='ltr'>videlicet</span> <span class='ocrx_word' id='word_1_7' title='bbox 1351 500 1530 555; x_wconf 84' lang='lat' dir='ltr'>Pater</span> <span class='ocrx_word' id='word_1_8' title='bbox 1551 512 1712 552; x_wconf 77' lang='lat' dir='ltr'>meus</span> <span class='ocrx_word' id='word_1_9' title='bbox 1741 499 1940 567; x_wconf 83' lang='lat' dir='ltr'>major</span> <span class='ocrx_word' id='word_1_10' title='bbox 1965 512 2059 553; x_wconf 89' lang='lat' dir='ltr'>me</span> <span class='ocrx_word' id='word_1_11' title='bbox 2091 503 2172 554; x_wconf 79' lang='lat' dir='ltr'>est</span> <span class='ocrx_word' id='word_1_12' title='bbox 2200 499 2241 550; x_wconf 73' lang='grc' dir='ltr'><strong>ί.</strong></span> <span class='ocrx_word' id='word_1_13' title='bbox 2270 498 2430 554; x_wconf 86' lang='lat' dir='ltr'>Reci-</span> <span class='ocrx_word' id='word_1_14' title='bbox 2459 502 2507 553; x_wconf 79' lang='grc' dir='ltr'><strong>Α</strong></span> <span class='ocrx_word' id='word_1_15' title='bbox 2541 506 2557 551; x_wconf 71' lang='grc' dir='ltr'>Ἰ</span> 
     </span>
    </p>
   </div>
   <div class='ocr_carea' id='block_1_5' title="bbox 2381 485 4150 572">
    <p class='ocr_par' dir='ltr' id='par_1_5' title="bbox 2381 485 4150 572">
     <span class='ocr_line' id='line_1_5' title="bbox 2381 485 4150 572; baseline 0.002 -23"><span class='ocrx_word' id='word_1_16' title='bbox 2381 498 2507 553; x_wconf 76' lang='lat' dir='ltr'>:i-A</span> <span class='ocrx_word' id='word_1_17' title='bbox 2541 506 2747 572; x_wconf 82' lang='grc' dir='ltr'>Χριστο</span> <span class='ocrx_word' id='word_1_18' title='bbox 2800 504 2829 549; x_wconf 92' lang='grc' dir='ltr'>ῦ</span> <span class='ocrx_word' id='word_1_19' title='bbox 2888 504 3025 563; x_wconf 85' lang='grc' dir='ltr'>τοῦ,</span> <span class='ocrx_word' id='word_1_20' title='bbox 3060 485 3134 550; x_wconf 70' lang='lat'>~&#39;0</span> <span class='ocrx_word' id='word_1_21' title='bbox 3186 503 3365 572; x_wconf 79' lang='grc' dir='ltr'>Πατήρ</span> <span class='ocrx_word' id='word_1_22' title='bbox 3423 519 3522 571; x_wconf 81' lang='grc' dir='ltr'>μου</span> <span class='ocrx_word' id='word_1_23' title='bbox 3597 500 3786 571; x_wconf 82' lang='grc' dir='ltr'>μείζων</span> <span class='ocrx_word' id='word_1_24' title='bbox 3862 502 3962 572; x_wconf 81' lang='grc' dir='ltr'>μού</span> <span class='ocrx_word' id='word_1_25' title='bbox 4020 499 4150 561; x_wconf 74' lang='grc' dir='ltr'>ἔστι,</span> 
     </span>
    </p>
   </div>
   <div class='ocr_carea' id='block_1_6' title="bbox 784 585 2433 659">
    <p class='ocr_par' dir='ltr' id='par_1_6' title="bbox 784 585 2433 659">
     <span class='ocr_line' id='line_1_6' title="bbox 784 585 2433 659; baseline 0.001 -19"><span class='ocrx_word' id='word_1_26' title='bbox 784 589 944 641; x_wconf 88' lang='lat' dir='ltr'>tatur</span> <span class='ocrx_word' id='word_1_27' title='bbox 972 589 1174 641; x_wconf 92' lang='lat' dir='ltr'>autem</span> <span class='ocrx_word' id='word_1_28' title='bbox 1194 585 1492 658; x_wconf 88' lang='lat' dir='ltr'>quidquid</span> <span class='ocrx_word' id='word_1_29' title='bbox 1522 590 1700 642; x_wconf 82' lang='lat' dir='ltr'>antea</span> <span class='ocrx_word' id='word_1_30' title='bbox 1728 585 1959 641; x_wconf 87' lang='lat' dir='ltr'>dictum</span> <span class='ocrx_word' id='word_1_31' title='bbox 1990 586 2100 642; x_wconf 89' lang='lat' dir='ltr'>fuit</span> <span class='ocrx_word' id='word_1_32' title='bbox 2127 587 2204 642; x_wconf 91' lang='lat' dir='ltr'>ab</span> <span class='ocrx_word' id='word_1_33' title='bbox 2228 586 2303 642; x_wconf 86' lang='lat' dir='ltr'>iis</span> <span class='ocrx_word' id='word_1_34' title='bbox 2328 587 2433 659; x_wconf 88' lang='lat' dir='ltr'>qui</span> 
     </span>
    </p>
   </div>
   <div class='ocr_carea' id='block_1_7' title="bbox 782 664 2431 747">
    <p class='ocr_par' dir='ltr' id='par_1_7' title="bbox 782 664 2431 747">
     <span class='ocr_line' id='line_1_7' title="bbox 782 664 2431 747; baseline 0.002 -21"><span class='ocrx_word' id='word_1_35' title='bbox 782 664 947 729; x_wconf 82' lang='lat' dir='ltr'>varie</span> <span class='ocrx_word' id='word_1_36' title='bbox 968 673 1322 729; x_wconf 89' lang='lat' dir='ltr'>sententiam</span> <span class='ocrx_word' id='word_1_37' title='bbox 1352 673 1516 729; x_wconf 82' lang='lat' dir='ltr'>illam</span> <span class='ocrx_word' id='word_1_38' title='bbox 1556 674 1924 745; x_wconf 84' lang='lat' dir='ltr'>interpretati</span> <span class='ocrx_word' id='word_1_39' title='bbox 1946 678 2086 729; x_wconf 82' lang='lat' dir='ltr'>sunt</span> <span class='ocrx_word' id='word_1_40' title='bbox 2116 692 2128 729; x_wconf 93' lang='lat'>:</span> <span class='ocrx_word' id='word_1_41' title='bbox 2163 680 2341 747; x_wconf 91' lang='lat' dir='ltr'>atque</span> <span class='ocrx_word' id='word_1_42' title='bbox 2371 675 2431 729; x_wconf 90' lang='lat' dir='ltr'>in</span> 
     </span>
    </p>
   </div>
   <div class='ocr_carea' id='block_1_8' title="bbox 782 758 2433 817">
    <p class='ocr_par' dir='ltr' id='par_1_8' title="bbox 782 758 2433 817">
     <span class='ocr_line' id='line_1_8' title="bbox 782 758 2433 817; baseline 0.002 -5"><span class='ocrx_word' id='word_1_43' title='bbox 782 758 1053 814; x_wconf 90' lang='lat' dir='ltr'>medium</span> <span class='ocrx_word' id='word_1_44' title='bbox 1082 758 1415 815; x_wconf 77' lang='lat' dir='ltr'>afferuntur</span> <span class='ocrx_word' id='word_1_45' title='bbox 1439 766 1789 816; x_wconf 91' lang='lat' dir='ltr'>sanctorum</span> <span class='ocrx_word' id='word_1_46' title='bbox 1841 764 2081 816; x_wconf 87' lang='lat' dir='ltr'>Patrum</span> <span class='ocrx_word' id='word_1_47' title='bbox 2114 762 2433 817; x_wconf 86' lang='lat' dir='ltr'>auctorita-</span> 
     </span>
    </p>
   </div>
   <div class='ocr_carea' id='block_1_9' title="bbox 781 848 2434 920">
    <p class='ocr_par' dir='ltr' id='par_1_9' title="bbox 781 848 2434 920">
     <span class='ocr_line' id='line_1_9' title="bbox 781 848 2434 920; baseline 0.002 -21"><span class='ocrx_word' id='word_1_48' title='bbox 781 848 904 899; x_wconf 88' lang='lat' dir='ltr'>tes:</span> <span class='ocrx_word' id='word_1_49' title='bbox 938 850 1067 902; x_wconf 92' lang='lat' dir='ltr'>tum</span> <span class='ocrx_word' id='word_1_50' title='bbox 1097 862 1170 902; x_wconf 91' lang='lat' dir='ltr'>ea</span> <span class='ocrx_word' id='word_1_51' title='bbox 1189 864 1326 920; x_wconf 68' lang='lat' dir='ltr'>quae</span> <span class='ocrx_word' id='word_1_52' title='bbox 1352 848 1570 904; x_wconf 89' lang='lat' dir='ltr'>deinde</span> <span class='ocrx_word' id='word_1_53' title='bbox 1598 849 1837 903; x_wconf 89' lang='lat' dir='ltr'>decreta</span> <span class='ocrx_word' id='word_1_54' title='bbox 1866 848 2107 904; x_wconf 84' lang='lat' dir='ltr'>fuerunt</span> <span class='ocrx_word' id='word_1_55' title='bbox 2132 869 2144 916; x_wconf 90' lang='lat'><strong>;</strong></span> <span class='ocrx_word' id='word_1_56' title='bbox 2175 866 2285 905; x_wconf 88' lang='lat' dir='ltr'>nec</span> <span class='ocrx_word' id='word_1_57' title='bbox 2310 864 2434 904; x_wconf 91' lang='lat' dir='ltr'>non</span> 
     </span>
    </p>
   </div>
   <div class='ocr_carea' id='block_1_10' title="bbox 777 932 2437 1009">
    <p class='ocr_par' dir='ltr' id='par_1_10' title="bbox 777 932 2437 1009">
     <span class='ocr_line' id='line_1_10' title="bbox 777 932 2437 1009; baseline 0.002 -22"><span class='ocrx_word' id='word_1_58' title='bbox 777 932 880 988; x_wconf 91' lang='lat' dir='ltr'>illa</span> <span class='ocrx_word' id='word_1_59' title='bbox 906 950 1041 1006; x_wconf 67' lang='lat' dir='ltr'>quae</span> <span class='ocrx_word' id='word_1_60' title='bbox 1056 942 1409 1007; x_wconf 88' lang='lat' dir='ltr'>postveram</span> <span class='ocrx_word' id='word_1_61' title='bbox 1432 938 1980 1009; x_wconf 85' lang='lat' dir='ltr'>interpretationem</span> <span class='ocrx_word' id='word_1_62' title='bbox 2008 938 2246 993; x_wconf 90' lang='lat' dir='ltr'>decreto</span> <span class='ocrx_word' id='word_1_63' title='bbox 2268 954 2437 993; x_wconf 86' lang='lat' dir='ltr'>cons-</span> 
     </span>
    </p>
   </div>
   <div class='ocr_carea' id='block_1_11' title="bbox 778 1021 2433 1102">
    <p class='ocr_par' dir='ltr' id='par_1_11' title="bbox 778 1021 2433 1102">
     <span class='ocr_line' id='line_1_11' title="bbox 778 1021 2433 1102; baseline 0.002 -25"><span class='ocrx_word' id='word_1_64' title='bbox 778 1021 1037 1091; x_wconf 88' lang='lat' dir='ltr'>titutam,</span> <span class='ocrx_word' id='word_1_65' title='bbox 1072 1026 1439 1083; x_wconf 91' lang='lat' dir='ltr'>acciderunt.</span> <span class='ocrx_word' id='word_1_66' title='bbox 1472 1029 1773 1081; x_wconf 91' lang='lat' dir='ltr'>Postremo</span> <span class='ocrx_word' id='word_1_67' title='bbox 1806 1027 2066 1102; x_wconf 81' lang='lat' dir='ltr'>potentis</span> <span class='ocrx_word' id='word_1_68' title='bbox 2122 1027 2433 1098; x_wconf 78' lang='lat' dir='ltr'>sanctique</span> 
     </span>
    </p>
   </div>
   <div class='ocr_carea' id='block_1_12' title="bbox 777 1111 2434 1187">
    <p class='ocr_par' dir='ltr' id='par_1_12' title="bbox 777 1111 2434 1187">
     <span class='ocr_line' id='line_1_12' title="bbox 777 1111 2434 1187; baseline 0.003 -22"><span class='ocrx_word' id='word_1_69' title='bbox 777 1111 935 1183; x_wconf 87' lang='lat' dir='ltr'>regis</span> <span class='ocrx_word' id='word_1_70' title='bbox 964 1114 1151 1168; x_wconf 88' lang='lat' dir='ltr'>nostri</span> <span class='ocrx_word' id='word_1_71' title='bbox 1200 1114 1715 1187; x_wconf 89' lang='lat' dir='ltr'>Porphyrogeniti,</span> <span class='ocrx_word' id='word_1_72' title='bbox 1742 1117 2147 1170; x_wconf 85' lang='lat' dir='ltr'>Romanorum</span> <span class='ocrx_word' id='word_1_73' title='bbox 2179 1118 2434 1187; x_wconf 87' lang='lat' dir='ltr'>impera-</span> 
     </span>
    </p>
   </div>
   <div class='ocr_carea' id='block_1_13' title="bbox 778 1199 2433 1273">
    <p class='ocr_par' dir='ltr' id='par_1_13' title="bbox 778 1199 2433 1273">
     <span class='ocr_line' id='line_1_13' title="bbox 778 1199 2433 1273; baseline 0.004 -20"><span class='ocrx_word' id='word_1_74' title='bbox 778 1199 946 1267; x_wconf 88' lang='lat' dir='ltr'>toris,</span> <span class='ocrx_word' id='word_1_75' title='bbox 975 1200 1208 1257; x_wconf 87' lang='lat' dir='ltr'>domini</span> <span class='ocrx_word' id='word_1_76' title='bbox 1252 1205 1537 1259; x_wconf 88' lang='lat' dir='ltr'>Manuelis</span> <span class='ocrx_word' id='word_1_77' title='bbox 1569 1204 1881 1270; x_wconf 90' lang='lat' dir='ltr'>Comneni,</span> <span class='ocrx_word' id='word_1_78' title='bbox 1914 1203 2433 1273; x_wconf 82' lang='lat' dir='ltr'>religiosissimum</span> 
     </span>
    </p>
   </div>
   <div class='ocr_carea' id='block_1_14' title="bbox 778 1288 1336 1367">
    <p class='ocr_par' dir='ltr' id='par_1_14' title="bbox 778 1288 1336 1367">
     <span class='ocr_line' id='line_1_14' title="bbox 778 1288 1336 1367; baseline 0.007 -24"><span class='ocrx_word' id='word_1_79' title='bbox 778 1288 1040 1367; x_wconf 87' lang='lat' dir='ltr'>edictum</span> <span class='ocrx_word' id='word_1_80' title='bbox 1074 1290 1336 1363; x_wconf 85' lang='lat' dir='ltr'>ponitur.</span> 
     </span>
    </p>
   </div>
   <div class='ocr_carea' id='block_1_15' title="bbox 1365 1418 1849 1474">
    <p class='ocr_par' dir='ltr' id='par_1_15' title="bbox 1365 1418 1849 1474">
     <span class='ocr_line' id='line_1_15' title="bbox 1365 1418 1849 1474; baseline 0.002 -2"><span class='ocrx_word' id='word_1_81' title='bbox 1365 1418 1575 1474; x_wconf 84' lang='lat' dir='ltr'>ACTlO</span> <span class='ocrx_word' id='word_1_82' title='bbox 1616 1421 1849 1474; x_wconf 80' lang='lat' dir='ltr'>PRIMA.</span> 
     </span>
    </p>
   </div>
   <div class='ocr_carea' id='block_1_16' title="bbox 2560 587 4157 661">
    <p class='ocr_par' dir='ltr' id='par_1_16' title="bbox 2560 587 4157 661">
     <span class='ocr_line' id='line_1_16' title="bbox 2560 587 4157 661; baseline 0 -23"><span class='ocrx_word' id='word_1_83' title='bbox 2560 587 2799 658; x_wconf 80' lang='grc' dir='ltr'>Δηλοῦσα</span> <span class='ocrx_word' id='word_1_84' title='bbox 2855 591 2943 638; x_wconf 81' lang='grc' dir='ltr'>καὶ</span> <span class='ocrx_word' id='word_1_85' title='bbox 2982 589 3048 638; x_wconf 85' lang='grc' dir='ltr'>τὰ</span> <span class='ocrx_word' id='word_1_86' title='bbox 3097 593 3342 661; x_wconf 85' lang='grc' dir='ltr'>πρότερον</span> <span class='ocrx_word' id='word_1_87' title='bbox 3391 592 3481 659; x_wconf 75' lang='grc' dir='ltr'>μὲν</span> <span class='ocrx_word' id='word_1_88' title='bbox 3533 587 3814 645; x_wconf 81' lang='grc' dir='ltr'>λαληθέντα</span> <span class='ocrx_word' id='word_1_89' title='bbox 3868 591 4011 661; x_wconf 83' lang='grc' dir='ltr'>παρὰ</span> <span class='ocrx_word' id='word_1_90' title='bbox 4057 597 4157 640; x_wconf 84' lang='grc' dir='ltr'>τῶν</span> 
     </span>
    </p>
   </div>
   <div class='ocr_carea' id='block_1_17' title="bbox 2541 672 4155 749">
    <p class='ocr_par' dir='ltr' id='par_1_17' title="bbox 2541 672 4155 749">
     <span class='ocr_line' id='line_1_17' title="bbox 2541 672 4155 749; baseline 0.001 -23"><span class='ocrx_word' id='word_1_91' title='bbox 2541 679 2599 726; x_wconf 86' lang='grc' dir='ltr'>τό</span> <span class='ocrx_word' id='word_1_92' title='bbox 2683 682 2916 726; x_wconf 87' lang='grc' dir='ltr'>τοιοῦτον</span> <span class='ocrx_word' id='word_1_93' title='bbox 2987 675 3145 749; x_wconf 82' lang='grc' dir='ltr'>ῥητόν</span> <span class='ocrx_word' id='word_1_94' title='bbox 3224 672 3484 749; x_wconf 78' lang='grc' dir='ltr'>διαφόρως</span> <span class='ocrx_word' id='word_1_95' title='bbox 3561 676 3938 748; x_wconf 81' lang='grc' dir='ltr'>ἐρμηνευόντων</span> <span class='ocrx_word' id='word_1_96' title='bbox 3975 721 3988 743; x_wconf 85' lang='lat'>,</span> <span class='ocrx_word' id='word_1_97' title='bbox 4060 679 4155 738; x_wconf 77' lang='grc' dir='ltr'>τὰς</span> 
     </span>
    </p>
   </div>
   <div class='ocr_carea' id='block_1_18' title="bbox 2542 759 4145 838">
    <p class='ocr_par' dir='ltr' id='par_1_18' title="bbox 2542 759 4145 838">
     <span class='ocr_line' id='line_1_18' title="bbox 2542 759 4145 838; baseline 0.001 -24"><span class='ocrx_word' id='word_1_98' title='bbox 2542 766 2992 838; x_wconf 87' lang='grc' dir='ltr'>προκομισθείσας</span> <span class='ocrx_word' id='word_1_99' title='bbox 3050 783 3103 815; x_wconf 89' lang='grc' dir='ltr'>τε</span> <span class='ocrx_word' id='word_1_100' title='bbox 3181 759 3407 837; x_wconf 67' lang='grc' dir='ltr'>χρήσεις</span> <span class='ocrx_word' id='word_1_101' title='bbox 3474 772 3574 815; x_wconf 81' lang='grc' dir='ltr'>τῶν</span> <span class='ocrx_word' id='word_1_102' title='bbox 3646 765 3806 834; x_wconf 73' lang='grc' dir='ltr'>ἁγίων</span> <span class='ocrx_word' id='word_1_103' title='bbox 3888 769 4145 838; x_wconf 67' lang='grc' dir='ltr'>Πατέρων9</span> 
     </span>
    </p>
   </div>
   <div class='ocr_carea' id='block_1_19' title="bbox 2543 853 4151 925">
    <p class='ocr_par' dir='ltr' id='par_1_19' title="bbox 2543 853 4151 925">
     <span class='ocr_line' id='line_1_19' title="bbox 2543 853 4151 925; baseline 0.003 -24"><span class='ocrx_word' id='word_1_104' title='bbox 2543 856 2631 902; x_wconf 84' lang='grc' dir='ltr'>καὶ</span> <span class='ocrx_word' id='word_1_105' title='bbox 2686 854 2751 902; x_wconf 74' lang='grc' dir='ltr'>τὰ</span> <span class='ocrx_word' id='word_1_106' title='bbox 2800 855 2929 922; x_wconf 80' lang='grc' dir='ltr'>μετά</span> <span class='ocrx_word' id='word_1_107' title='bbox 2986 860 3133 903; x_wconf 84' lang='grc' dir='ltr'>τοῦτο</span> <span class='ocrx_word' id='word_1_108' title='bbox 3193 855 3528 923; x_wconf 75' lang='grc' dir='ltr'>κυρωθέντα,</span> <span class='ocrx_word' id='word_1_109' title='bbox 3593 853 3720 903; x_wconf 76' lang='grc' dir='ltr'>ἀλλὰ</span> <span class='ocrx_word' id='word_1_110' title='bbox 3776 857 3967 904; x_wconf 81' lang='grc' dir='ltr'>καὶτὰ</span> <span class='ocrx_word' id='word_1_111' title='bbox 4020 858 4151 925; x_wconf 78' lang='grc' dir='ltr'>μετα</span> 
     </span>
    </p>
   </div>
   <div class='ocr_carea' id='block_1_20' title="bbox 2543 940 4137 1015">
    <p class='ocr_par' dir='ltr' id='par_1_20' title="bbox 2543 940 4137 1015">
     <span class='ocr_line' id='line_1_20' title="bbox 2543 940 4137 1015; baseline 0.005 -26"><span class='ocrx_word' id='word_1_112' title='bbox 2543 945 2636 997; x_wconf 82' lang='grc' dir='ltr'>τὴν</span> <span class='ocrx_word' id='word_1_113' title='bbox 2690 943 2918 1013; x_wconf 68' lang='grc' dir='ltr'>κύρωσιν</span> <span class='ocrx_word' id='word_1_114' title='bbox 2973 950 3065 1001; x_wconf 79' lang='grc' dir='ltr'>τῆς</span> <span class='ocrx_word' id='word_1_115' title='bbox 3118 940 3336 1000; x_wconf 75' lang='grc' dir='ltr'>ἀληθοῦς</span> <span class='ocrx_word' id='word_1_116' title='bbox 3394 942 3663 1015; x_wconf 78' lang='grc' dir='ltr'>ἑρμηνείας</span> <span class='ocrx_word' id='word_1_117' title='bbox 3710 945 4137 1013; x_wconf 75' lang='grc' dir='ltr'>συνενεκχθέντα.</span> 
     </span>
    </p>
   </div>
   <div class='ocr_carea' id='block_1_21' title="bbox 2546 1029 4147 1103">
    <p class='ocr_par' dir='ltr' id='par_1_21' title="bbox 2546 1029 4147 1103">
     <span class='ocr_line' id='line_1_21' title="bbox 2546 1029 4147 1103; baseline 0.001 -23"><span class='ocrx_word' id='word_1_118' title='bbox 2546 1034 2645 1080; x_wconf 81' lang='grc' dir='ltr'>Καὶ</span> <span class='ocrx_word' id='word_1_119' title='bbox 2689 1029 2775 1080; x_wconf 82' lang='grc' dir='ltr'>ἐπὶ</span> <span class='ocrx_word' id='word_1_120' title='bbox 2828 1032 3029 1090; x_wconf 72' lang='grc' dir='ltr'>τούτοις</span> <span class='ocrx_word' id='word_1_121' title='bbox 3087 1034 3144 1080; x_wconf 81' lang='grc' dir='ltr'>τό</span> <span class='ocrx_word' id='word_1_122' title='bbox 3202 1037 3293 1080; x_wconf 77' lang='grc' dir='ltr'>τοῦ</span> <span class='ocrx_word' id='word_1_123' title='bbox 3347 1039 3598 1101; x_wconf 79' lang='grc' dir='ltr'>κραταιοῦ</span> <span class='ocrx_word' id='word_1_124' title='bbox 3659 1037 3746 1082; x_wconf 86' lang='grc' dir='ltr'>καὶ</span> <span class='ocrx_word' id='word_1_125' title='bbox 3782 1032 3951 1101; x_wconf 61' lang='grc' dir='ltr'>,ἁγίου</span> <span class='ocrx_word' id='word_1_126' title='bbox 4005 1034 4147 1103; x_wconf 64' lang='grc' dir='ltr'>ἡμῶν</span> 
     </span>
    </p>
   </div>
   <div class='ocr_carea' id='block_1_22' title="bbox 2546 1115 4144 1193">
    <p class='ocr_par' dir='ltr' id='par_1_22' title="bbox 2546 1115 4144 1193">
     <span class='ocr_line' id='line_1_22' title="bbox 2546 1115 4144 1193; baseline 0.002 -26"><span class='ocrx_word' id='word_1_127' title='bbox 2546 1115 2805 1188; x_wconf 82' lang='grc' dir='ltr'>βασιλέως</span> <span class='ocrx_word' id='word_1_128' title='bbox 2882 1123 3369 1191; x_wconf 75' lang='grc' dir='ltr'>Πορφυρογεννητου</span> <span class='ocrx_word' id='word_1_129' title='bbox 3428 1126 3514 1170; x_wconf 87' lang='grc' dir='ltr'>καὶ</span> <span class='ocrx_word' id='word_1_130' title='bbox 3596 1122 3973 1193; x_wconf 63' lang='grc' dir='ltr'>αὐτοκράτορος</span> <span class='ocrx_word' id='word_1_131' title='bbox 4019 1120 4144 1170; x_wconf 85' lang='grc' dir='ltr'>Ῥω-</span> 
     </span>
    </p>
   </div>
   <div class='ocr_carea' id='block_1_23' title="bbox 2544 1207 4145 1279">
    <p class='ocr_par' dir='ltr' id='par_1_23' title="bbox 2544 1207 4145 1279">
     <span class='ocr_line' id='line_1_23' title="bbox 2544 1207 4145 1279; baseline 0.003 -24"><span class='ocrx_word' id='word_1_132' title='bbox 2544 1211 2731 1275; x_wconf 83' lang='grc' dir='ltr'>μαίων,</span> <span class='ocrx_word' id='word_1_133' title='bbox 2786 1215 2946 1270; x_wconf 84' lang='grc' dir='ltr'>κυροῦ</span> <span class='ocrx_word' id='word_1_134' title='bbox 2996 1207 3241 1263; x_wconf 77' lang='grc' dir='ltr'>Μανουηλ</span> <span class='ocrx_word' id='word_1_135' title='bbox 3302 1215 3392 1258; x_wconf 88' lang='grc' dir='ltr'>τοῦ</span> <span class='ocrx_word' id='word_1_136' title='bbox 3450 1215 3716 1279; x_wconf 79' lang='grc' dir='ltr'>Κομνηνοῦ</span> <span class='ocrx_word' id='word_1_137' title='bbox 3777 1207 4145 1260; x_wconf 68' lang='grc' dir='ltr'>εὐσεϐέστατον</span> 
     </span>
    </p>
   </div>
   <div class='ocr_carea' id='block_1_24' title="bbox 2544 1291 2766 1345">
    <p class='ocr_par' dir='ltr' id='par_1_24' title="bbox 2544 1291 2766 1345">
     <span class='ocr_line' id='line_1_24' title="bbox 2544 1291 2766 1345; baseline 0 -1"><span class='ocrx_word' id='word_1_138' title='bbox 2544 1291 2766 1345; x_wconf 68' lang='grc' dir='ltr'>ἶὸικτον.</span> 
     </span>
    </p>
   </div>
   <div class='ocr_carea' id='block_1_25' title="bbox 3173 1420 3523 1474">
    <p class='ocr_par' dir='ltr' id='par_1_25' title="bbox 3173 1420 3523 1474">
     <span class='ocr_line' id='line_1_25' title="bbox 3173 1420 3523 1474; baseline 0.006 -3"><span class='ocrx_word' id='word_1_139' title='bbox 3173 1423 3407 1472; x_wconf 76' lang='grc' dir='ltr'>ΠΡΑΞΙΣ</span> <span class='ocrx_word' id='word_1_140' title='bbox 3451 1420 3523 1474; x_wconf 81' lang='grc' dir='ltr'>Α’.</span> 
     </span>
    </p>
   </div>
   <div class='ocr_carea' id='block_1_26' title="bbox 849 1540 2431 1614">
    <p class='ocr_par' dir='ltr' id='par_1_26' title="bbox 849 1540 2431 1614">
     <span class='ocr_line' id='line_1_26' title="bbox 849 1540 2431 1614; baseline 0.001 -20"><span class='ocrx_word' id='word_1_141' title='bbox 849 1544 898 1594; x_wconf 84' lang='grc'>1.</span> <span class='ocrx_word' id='word_1_142' title='bbox 920 1540 1109 1597; x_wconf 91' lang='lat' dir='ltr'>Tertio</span> <span class='ocrx_word' id='word_1_143' title='bbox 1121 1541 1250 1612; x_wconf 90' lang='lat' dir='ltr'>jam</span> <span class='ocrx_word' id='word_1_144' title='bbox 1282 1545 1337 1597; x_wconf 94' lang='lat' dir='ltr'>ct</span> <span class='ocrx_word' id='word_1_145' title='bbox 1352 1541 1636 1597; x_wconf 82' lang='lat' dir='ltr'>vicesimo</span> <span class='ocrx_word' id='word_1_146' title='bbox 1658 1558 1820 1597; x_wconf 90' lang='lat' dir='ltr'>anno</span> <span class='ocrx_word' id='word_1_147' title='bbox 1855 1543 2091 1614; x_wconf 90' lang='lat' dir='ltr'>imperii</span> <span class='ocrx_word' id='word_1_148' title='bbox 2126 1546 2431 1613; x_wconf 89' lang='lat' dir='ltr'>sceptrum</span> 
     </span>
    </p>
   </div>
   <div class='ocr_carea' id='block_1_27' title="bbox 772 1628 2429 1701">
    <p class='ocr_par' dir='ltr' id='par_1_27' title="bbox 772 1628 2429 1701">
     <span class='ocr_line' id='line_1_27' title="bbox 772 1628 2429 1701; baseline 0.001 -19"><span class='ocrx_word' id='word_1_149' title='bbox 772 1628 1008 1683; x_wconf 89' lang='lat' dir='ltr'>tenente</span> <span class='ocrx_word' id='word_1_150' title='bbox 1052 1628 1316 1684; x_wconf 85' lang='lat' dir='ltr'>Manuele</span> <span class='ocrx_word' id='word_1_151' title='bbox 1372 1629 1699 1696; x_wconf 90' lang='lat' dir='ltr'>Comneno,</span> <span class='ocrx_word' id='word_1_152' title='bbox 1731 1645 1910 1701; x_wconf 91' lang='lat' dir='ltr'>quem</span> <span class='ocrx_word' id='word_1_153' title='bbox 1958 1630 2019 1683; x_wconf 93' lang='lat' dir='ltr'>in</span> <span class='ocrx_word' id='word_1_154' title='bbox 2058 1631 2190 1701; x_wconf 90' lang='lat' dir='ltr'>ipso</span> <span class='ocrx_word' id='word_1_155' title='bbox 2249 1635 2429 1700; x_wconf 86' lang='lat' dir='ltr'>partu</span> 
     </span>
    </p>
   </div>
   <div class='ocr_carea' id='block_1_28' title="bbox 770 1716 2539 1798">
    <p class='ocr_par' dir='ltr' id='par_1_28' title="bbox 770 1717 2428 1789">
     <span class='ocr_line' id='line_1_28' title="bbox 770 1717 2428 1789; baseline 0.001 -18"><span class='ocrx_word' id='word_1_156' title='bbox 770 1730 1044 1788; x_wconf 89' lang='lat' dir='ltr'>purpura</span> <span class='ocrx_word' id='word_1_157' title='bbox 1074 1717 1326 1788; x_wconf 82' lang='lat' dir='ltr'>excepit,</span> <span class='ocrx_word' id='word_1_158' title='bbox 1356 1718 1646 1789; x_wconf 87' lang='lat' dir='ltr'>sapientia</span> <span class='ocrx_word' id='word_1_159' title='bbox 1676 1719 1755 1773; x_wconf 93' lang='lat' dir='ltr'>ad</span> <span class='ocrx_word' id='word_1_160' title='bbox 1777 1718 2174 1773; x_wconf 86' lang='lat' dir='ltr'>vitalelumen</span> <span class='ocrx_word' id='word_1_161' title='bbox 2203 1723 2428 1789; x_wconf 82' lang='lat' dir='ltr'>protra-</span> 
     </span>
    </p>
   </div>
   <div class='ocr_carea' id='block_1_29' title="bbox 2375 1716 4144 1798">
    <p class='ocr_par' dir='ltr' id='par_1_29' title="bbox 2375 1716 4144 1798">
     <span class='ocr_line' id='line_1_29' title="bbox 2375 1716 4144 1798; baseline 0.005 -31"><span class='ocrx_word' id='word_1_162' title='bbox 2375 1733 2428 1772; x_wconf 79' lang='lat' dir='ltr'>a-</span> <span class='ocrx_word' id='word_1_163' title='bbox 2540 1720 2605 1768; x_wconf 85' lang='grc' dir='ltr'>τὰ</span> <span class='ocrx_word' id='word_1_164' title='bbox 2653 1727 2747 1779; x_wconf 85' lang='grc' dir='ltr'>τῆς</span> <span class='ocrx_word' id='word_1_165' title='bbox 2806 1716 3081 1789; x_wconf 81' lang='grc' dir='ltr'>βασιλείας</span> <span class='ocrx_word' id='word_1_166' title='bbox 3142 1728 3386 1795; x_wconf 79' lang='grc' dir='ltr'>σκῆπτρα</span> <span class='ocrx_word' id='word_1_167' title='bbox 3443 1719 3756 1789; x_wconf 75' lang='grc' dir='ltr'>διέποντος,</span> <span class='ocrx_word' id='word_1_168' title='bbox 3814 1723 3865 1774; x_wconf 82' lang='grc' dir='ltr'>ὃν</span> <span class='ocrx_word' id='word_1_169' title='bbox 3906 1728 4144 1798; x_wconf 66' lang='grc' dir='ltr'>πορφύρα</span> 
     </span>
    </p>
   </div>
   <div class='ocr_carea' id='block_1_30' title="bbox 768 1805 2537 1897">
    <p class='ocr_par' dir='ltr' id='par_1_30' title="bbox 768 1805 2537 1897">
     <span class='ocr_line' id='line_1_30' title="bbox 768 1805 2537 1897; baseline -0.001 -36"><span class='ocrx_word' id='word_1_170' title='bbox 768 1805 872 1872; x_wconf 83' lang='lat' dir='ltr'>xit,</span> <span class='ocrx_word' id='word_1_171' title='bbox 904 1806 1190 1861; x_wconf 84' lang='lat' dir='ltr'>fortitudo</span> <span class='ocrx_word' id='word_1_172' title='bbox 1231 1805 1395 1897; x_wconf 83' lang='lat' dir='ltr'>aluit,</span> <span class='ocrx_word' id='word_1_173' title='bbox 1423 1805 1575 1897; x_wconf 82' lang='lat' dir='ltr'>ﬁdes</span> <span class='ocrx_word' id='word_1_174' title='bbox 1625 1823 1776 1861; x_wconf 66' lang='lat' dir='ltr'>verm</span> <span class='ocrx_word' id='word_1_175' title='bbox 1806 1806 2109 1897; x_wconf 79' lang='lat' dir='ltr'>religionis</span> <span class='ocrx_word' id='word_1_176' title='bbox 2135 1807 2209 1861; x_wconf 88' lang='lat' dir='ltr'>ad</span> <span class='ocrx_word' id='word_1_177' title='bbox 2240 1805 2426 1877; x_wconf 81' lang='lat' dir='ltr'>perfe-</span> <span class='ocrx_word' id='word_1_178' title='bbox 2457 1845 2499 1897; x_wconf 75' lang='grc' dir='ltr'><strong>Β</strong></span> <span class='ocrx_word' id='word_1_179' title='bbox 2535 1860 2537 1878; x_wconf 33' lang='grc' dir='ltr'>ί</span> 
     </span>
    </p>
   </div>
   <div class='ocr_carea' id='block_1_31' title="bbox 2372 1805 4141 1897">
    <p class='ocr_par' dir='ltr' id='par_1_31' title="bbox 2372 1806 4141 1897">
     <span class='ocr_line' id='line_1_31' title="bbox 2372 1806 4141 1897; baseline 0.004 -38"><span class='ocrx_word' id='word_1_180' title='bbox 2372 1810 2499 1897; x_wconf 71' lang='lat' dir='ltr'>e-B</span> <span class='ocrx_word' id='word_1_181' title='bbox 2535 1810 2625 1879; x_wconf 72' lang='grc' dir='ltr'>μὲν</span> <span class='ocrx_word' id='word_1_182' title='bbox 2682 1810 2736 1859; x_wconf 70' lang='grc' dir='ltr'>ἑκ</span> <span class='ocrx_word' id='word_1_183' title='bbox 2810 1817 3076 1888; x_wconf 72' lang='grc' dir='ltr'>μητρικῶν</span> <span class='ocrx_word' id='word_1_184' title='bbox 3142 1806 3342 1864; x_wconf 77' lang='grc' dir='ltr'>ὠδίνων</span> <span class='ocrx_word' id='word_1_185' title='bbox 3419 1812 3716 1884; x_wconf 74' lang='grc' dir='ltr'>παρέλαϐε,</span> <span class='ocrx_word' id='word_1_186' title='bbox 3787 1818 4030 1887; x_wconf 82' lang='grc' dir='ltr'>φρόνησις</span> <span class='ocrx_word' id='word_1_187' title='bbox 4083 1812 4141 1866; x_wconf 72' lang='grc' dir='ltr'>δὲ</span> 
     </span>
    </p>
   </div>
   <div class='ocr_carea' id='block_1_32' title="bbox 768 1894 2537 1967">
    <p class='ocr_par' dir='ltr' id='par_1_32' title="bbox 768 1894 2537 1967">
     <span class='ocr_line' id='line_1_32' title="bbox 768 1894 2537 1967; baseline -0.001 -17"><span class='ocrx_word' id='word_1_188' title='bbox 768 1899 925 1950; x_wconf 82' lang='lat' dir='ltr'>ctam</span> <span class='ocrx_word' id='word_1_189' title='bbox 953 1900 1190 1950; x_wconf 71' lang='lat' dir='ltr'>tetatem</span> <span class='ocrx_word' id='word_1_190' title='bbox 1222 1895 1536 1967; x_wconf 83' lang='lat' dir='ltr'>perduxit;</span> <span class='ocrx_word' id='word_1_191' title='bbox 1575 1912 1759 1967; x_wconf 90' lang='lat' dir='ltr'>quem</span> <span class='ocrx_word' id='word_1_192' title='bbox 1817 1901 1882 1951; x_wconf 89' lang='lat' dir='ltr'>ut</span> <span class='ocrx_word' id='word_1_193' title='bbox 1907 1896 2216 1951; x_wconf 70' lang='lat' dir='ltr'>.Davidem</span> <span class='ocrx_word' id='word_1_194' title='bbox 2271 1897 2425 1950; x_wconf 82' lang='lat' dir='ltr'>Deus</span> <span class='ocrx_word' id='word_1_195' title='bbox 2458 1894 2492 1897; x_wconf 31' lang='grc' dir='ltr'><strong>ἡ</strong></span> <span class='ocrx_word' id='word_1_196' title='bbox 2534 1922 2537 1943; x_wconf 67' lang='grc' dir='ltr'>ι</span> 
     </span>
    </p>
   </div>
   <div class='ocr_carea' id='block_1_33' title="bbox 1125 1894 2894 1967">
    <p class='ocr_par' dir='ltr' id='par_1_33' title="bbox 1130 1894 2894 1967">
     <span class='ocr_line' id='line_1_33' title="bbox 1130 1894 2894 1967; baseline -0.002 -17"><span class='ocrx_word' id='word_1_197' title='bbox 1130 1911 1190 1950; x_wconf 93' lang='lat' dir='ltr'>m</span> <span class='ocrx_word' id='word_1_198' title='bbox 1222 1895 1536 1967; x_wconf 83' lang='lat' dir='ltr'>perduxit;</span> <span class='ocrx_word' id='word_1_199' title='bbox 1575 1912 1759 1967; x_wconf 89' lang='lat' dir='ltr'>quem</span> <span class='ocrx_word' id='word_1_200' title='bbox 1817 1901 1882 1951; x_wconf 89' lang='lat' dir='ltr'>ut</span> <span class='ocrx_word' id='word_1_201' title='bbox 1907 1896 2216 1951; x_wconf 72' lang='lat' dir='ltr'>.Davidem</span> <span class='ocrx_word' id='word_1_202' title='bbox 2271 1897 2425 1950; x_wconf 83' lang='lat' dir='ltr'>Deus</span> <span class='ocrx_word' id='word_1_203' title='bbox 2458 1894 2492 1897; x_wconf 65' lang='grc'><strong><em>“</em></strong></span> <span class='ocrx_word' id='word_1_204' title='bbox 2534 1894 2847 1967; x_wconf 73' lang='grc' dir='ltr'>ἑμαιεὺσατο</span> <span class='ocrx_word' id='word_1_205' title='bbox 2883 1940 2894 1961; x_wconf 91' lang='grc'>,</span> 
     </span>
    </p>
   </div>
   <div class='ocr_carea' id='block_1_34' title="bbox 767 1983 2426 2057">
    <p class='ocr_par' dir='ltr' id='par_1_34' title="bbox 767 1983 2426 2057">
     <span class='ocr_line' id='line_1_34' title="bbox 767 1983 2426 2057; baseline 0 -17"><span class='ocrx_word' id='word_1_206' title='bbox 767 1983 1112 2057; x_wconf 88' lang='lat' dir='ltr'>elegit,quia</span> <span class='ocrx_word' id='word_1_207' title='bbox 1132 2000 1305 2057; x_wconf 70' lang='lat' dir='ltr'>aeque</span> <span class='ocrx_word' id='word_1_208' title='bbox 1322 1984 1881 2040; x_wconf 90' lang='lat' dir='ltr'>mansuetissimum</span> <span class='ocrx_word' id='word_1_209' title='bbox 1904 2001 2031 2041; x_wconf 90' lang='lat' dir='ltr'>esse</span> <span class='ocrx_word' id='word_1_210' title='bbox 2053 1985 2352 2053; x_wconf 76' lang='lat' dir='ltr'>cognovit,</span> <span class='ocrx_word' id='word_1_211' title='bbox 2369 1989 2426 2040; x_wconf 92' lang='lat' dir='ltr'>et</span> 
     </span>
    </p>
   </div>
   <div class='ocr_carea' id='block_1_35' title="bbox 763 2073 2422 2145">
    <p class='ocr_par' dir='ltr' id='par_1_35' title="bbox 763 2073 2422 2145">
     <span class='ocr_line' id='line_1_35' title="bbox 763 2073 2422 2145; baseline 0 -16"><span class='ocrx_word' id='word_1_212' title='bbox 763 2073 843 2129; x_wconf 90' lang='lat' dir='ltr'>ad</span> <span class='ocrx_word' id='word_1_213' title='bbox 855 2073 1087 2145; x_wconf 88' lang='lat' dir='ltr'>paterni</span> <span class='ocrx_word' id='word_1_214' title='bbox 1099 2073 1461 2129; x_wconf 85' lang='lat' dir='ltr'>diadematis</span> <span class='ocrx_word' id='word_1_215' title='bbox 1472 2074 1863 2131; x_wconf 89' lang='lat' dir='ltr'>obtinendam</span> <span class='ocrx_word' id='word_1_216' title='bbox 1876 2074 2096 2129; x_wconf 71' lang='lat' dir='ltr'>haeredi</span> <span class='ocrx_word' id='word_1_217' title='bbox 2106 2079 2285 2129; x_wconf 88' lang='lat' dir='ltr'>tatem</span> <span class='ocrx_word' id='word_1_218' title='bbox 2298 2089 2422 2129; x_wconf 90' lang='lat' dir='ltr'>ma-</span> 
     </span>
    </p>
   </div>
   <div class='ocr_carea' id='block_1_36' title="bbox 756 2163 2417 2237">
    <p class='ocr_par' dir='ltr' id='par_1_36' title="bbox 756 2163 2417 2237">
     <span class='ocr_line' id='line_1_36' title="bbox 756 2163 2417 2237; baseline -0.001 -18"><span class='ocrx_word' id='word_1_219' title='bbox 756 2163 992 2235; x_wconf 87' lang='lat' dir='ltr'>joribus</span> <span class='ocrx_word' id='word_1_220' title='bbox 1006 2169 1153 2220; x_wconf 92' lang='lat' dir='ltr'>natu</span> <span class='ocrx_word' id='word_1_221' title='bbox 1170 2164 1456 2219; x_wconf 86' lang='lat' dir='ltr'>fratribus</span> <span class='ocrx_word' id='word_1_222' title='bbox 1497 2164 1788 2230; x_wconf 87' lang='lat' dir='ltr'>antetulit,</span> <span class='ocrx_word' id='word_1_223' title='bbox 1805 2170 1985 2237; x_wconf 92' lang='lat' dir='ltr'>atque</span> <span class='ocrx_word' id='word_1_224' title='bbox 2007 2165 2085 2219; x_wconf 91' lang='lat' dir='ltr'>ab</span> <span class='ocrx_word' id='word_1_225' title='bbox 2114 2164 2417 2219; x_wconf 90' lang='lat' dir='ltr'>orientali-</span> 
     </span>
    </p>
   </div>
   <div class='ocr_carea' id='block_1_37' title="bbox 757 2252 2415 2331">
    <p class='ocr_par' dir='ltr' id='par_1_37' title="bbox 757 2252 2415 2331">
     <span class='ocr_line' id='line_1_37' title="bbox 757 2252 2415 2331; baseline 0.001 -24"><span class='ocrx_word' id='word_1_226' title='bbox 757 2252 876 2307; x_wconf 91' lang='lat' dir='ltr'>bus</span> <span class='ocrx_word' id='word_1_227' title='bbox 899 2253 1094 2326; x_wconf 79' lang='lat' dir='ltr'>plagis</span> <span class='ocrx_word' id='word_1_228' title='bbox 1121 2269 1314 2324; x_wconf 91' lang='lat' dir='ltr'>usque</span> <span class='ocrx_word' id='word_1_229' title='bbox 1343 2253 1421 2308; x_wconf 92' lang='lat' dir='ltr'>ad</span> <span class='ocrx_word' id='word_1_230' title='bbox 1449 2268 1739 2308; x_wconf 89' lang='lat' dir='ltr'>occasum</span> <span class='ocrx_word' id='word_1_231' title='bbox 1761 2253 1960 2309; x_wconf 87' lang='lat' dir='ltr'>relatis</span> <span class='ocrx_word' id='word_1_232' title='bbox 1997 2254 2072 2331; x_wconf 78' lang='lat' dir='ltr'>de</span> <span class='ocrx_word' id='word_1_233' title='bbox 2103 2253 2273 2309; x_wconf 89' lang='lat' dir='ltr'>hoste</span> <span class='ocrx_word' id='word_1_234' title='bbox 2297 2260 2415 2309; x_wconf 88' lang='lat' dir='ltr'>tro-</span> 
     </span>
    </p>
   </div>
   <div class='ocr_carea' id='block_1_38' title="bbox 756 2342 2414 2415">
    <p class='ocr_par' dir='ltr' id='par_1_38' title="bbox 756 2342 2414 2415">
     <span class='ocr_line' id='line_1_38' title="bbox 756 2342 2414 2415; baseline 0.001 -18"><span class='ocrx_word' id='word_1_235' title='bbox 756 2342 905 2414; x_wconf 71' lang='lat' dir='ltr'>paeis</span> <span class='ocrx_word' id='word_1_236' title='bbox 956 2342 1421 2407; x_wconf 88' lang='lat' dir='ltr'>condecoravit;</span> <span class='ocrx_word' id='word_1_237' title='bbox 1468 2342 1602 2407; x_wconf 85' lang='lat' dir='ltr'>hoc,</span> <span class='ocrx_word' id='word_1_238' title='bbox 1652 2343 1922 2414; x_wconf 87' lang='lat' dir='ltr'>inquam,</span> <span class='ocrx_word' id='word_1_239' title='bbox 1957 2358 2118 2398; x_wconf 92' lang='lat' dir='ltr'>anno</span> <span class='ocrx_word' id='word_1_240' title='bbox 2164 2344 2414 2415; x_wconf 65' lang='lat' dir='ltr'>quaestio</span> 
     </span>
    </p>
   </div>
   <div class='ocr_carea' id='block_1_39' title="bbox 756 2430 2415 2503">
    <p class='ocr_par' dir='ltr' id='par_1_39' title="bbox 756 2430 2415 2503">
     <span class='ocr_line' id='line_1_39' title="bbox 756 2430 2415 2503; baseline 0.001 -17"><span class='ocrx_word' id='word_1_241' title='bbox 756 2446 866 2503; x_wconf 91' lang='lat' dir='ltr'>per</span> <span class='ocrx_word' id='word_1_242' title='bbox 895 2430 1221 2487; x_wconf 90' lang='lat' dir='ltr'>Ecclesiam</span> <span class='ocrx_word' id='word_1_243' title='bbox 1252 2436 1459 2487; x_wconf 89' lang='lat' dir='ltr'>coorta</span> <span class='ocrx_word' id='word_1_244' title='bbox 1487 2437 1594 2496; x_wconf 91' lang='lat' dir='ltr'>est,</span> <span class='ocrx_word' id='word_1_245' title='bbox 1622 2447 1758 2503; x_wconf 66' lang='lat' dir='ltr'>quae</span> <span class='ocrx_word' id='word_1_246' title='bbox 1778 2431 1873 2486; x_wconf 84' lang='lat' dir='ltr'>vel</span> <span class='ocrx_word' id='word_1_247' title='bbox 1904 2433 1986 2487; x_wconf 90' lang='lat' dir='ltr'>uti</span> <span class='ocrx_word' id='word_1_248' title='bbox 2015 2432 2192 2502; x_wconf 85' lang='lat' dir='ltr'>ignea</span> <span class='ocrx_word' id='word_1_249' title='bbox 2217 2432 2415 2488; x_wconf 88' lang='lat' dir='ltr'>favilla</span> 
     </span>
    </p>
   </div>
   <div class='ocr_carea' id='block_1_40' title="bbox 755 2520 2411 2593">
    <p class='ocr_par' dir='ltr' id='par_1_40' title="bbox 755 2520 2411 2593">
     <span class='ocr_line' id='line_1_40' title="bbox 755 2520 2411 2593; baseline 0.001 -18"><span class='ocrx_word' id='word_1_250' title='bbox 755 2521 921 2575; x_wconf 89' lang='lat' dir='ltr'>tenui</span> <span class='ocrx_word' id='word_1_251' title='bbox 934 2524 1077 2577; x_wconf 89' lang='lat' dir='ltr'>nata</span> <span class='ocrx_word' id='word_1_252' title='bbox 1104 2520 1420 2593; x_wconf 88' lang='lat' dir='ltr'>principio,</span> <span class='ocrx_word' id='word_1_253' title='bbox 1454 2520 1822 2590; x_wconf 82' lang='lat' dir='ltr'>augentibus</span> <span class='ocrx_word' id='word_1_254' title='bbox 1845 2520 1986 2575; x_wconf 94' lang='lat' dir='ltr'>hinc</span> <span class='ocrx_word' id='word_1_255' title='bbox 2010 2521 2151 2575; x_wconf 89' lang='lat' dir='ltr'>inde</span> <span class='ocrx_word' id='word_1_256' title='bbox 2181 2528 2411 2577; x_wconf 88' lang='lat' dir='ltr'>contra-</span> 
     </span>
    </p>
   </div>
   <div class='ocr_carea' id='block_1_41' title="bbox 752 2608 2414 2681">
    <p class='ocr_par' dir='ltr' id='par_1_41' title="bbox 752 2608 2414 2681">
     <span class='ocr_line' id='line_1_41' title="bbox 752 2608 2414 2681; baseline 0.001 -17"><span class='ocrx_word' id='word_1_257' title='bbox 752 2609 984 2665; x_wconf 91' lang='lat' dir='ltr'>riarum</span> <span class='ocrx_word' id='word_1_258' title='bbox 1012 2609 1276 2681; x_wconf 87' lang='lat' dir='ltr'>partium</span> <span class='ocrx_word' id='word_1_259' title='bbox 1299 2608 1704 2681; x_wconf 90' lang='lat' dir='ltr'>spiritibus,in</span> <span class='ocrx_word' id='word_1_260' title='bbox 1728 2608 2025 2664; x_wconf 88' lang='lat' dir='ltr'>excelsam</span> <span class='ocrx_word' id='word_1_261' title='bbox 2054 2609 2246 2665; x_wconf 87' lang='lat' dir='ltr'>facem</span> <span class='ocrx_word' id='word_1_262' title='bbox 2269 2625 2414 2666; x_wconf 91' lang='lat' dir='ltr'>eva-</span> 
     </span>
    </p>
   </div>
   <div class='ocr_carea' id='block_1_42' title="bbox 756 2697 2414 2772">
    <p class='ocr_par' dir='ltr' id='par_1_42' title="bbox 756 2697 2414 2772">
     <span class='ocr_line' id='line_1_42' title="bbox 756 2697 2414 2772; baseline -0.001 -18"><span class='ocrx_word' id='word_1_263' title='bbox 756 2698 857 2767; x_wconf 85' lang='lat' dir='ltr'>sit;</span> <span class='ocrx_word' id='word_1_264' title='bbox 890 2713 1087 2771; x_wconf 89' lang='lat' dir='ltr'>neque</span> <span class='ocrx_word' id='word_1_265' title='bbox 1117 2697 1315 2753; x_wconf 90' lang='lat' dir='ltr'>solum</span> <span class='ocrx_word' id='word_1_266' title='bbox 1359 2697 1735 2770; x_wconf 88' lang='lat' dir='ltr'>episcopales</span> <span class='ocrx_word' id='word_1_267' title='bbox 1771 2698 1943 2753; x_wconf 89' lang='lat' dir='ltr'>sedes</span> <span class='ocrx_word' id='word_1_268' title='bbox 1976 2699 2282 2772; x_wconf 88' lang='lat' dir='ltr'>corripuit,</span> <span class='ocrx_word' id='word_1_269' title='bbox 2316 2715 2414 2754; x_wconf 87' lang='lat' dir='ltr'>ve-</span> 
     </span>
    </p>
   </div>
   <div class='ocr_carea' id='block_1_43' title="bbox 756 2788 2414 2860">
    <p class='ocr_par' dir='ltr' id='par_1_43' title="bbox 756 2788 2414 2860">
     <span class='ocr_line' id='line_1_43' title="bbox 756 2788 2414 2860; baseline 0 -17"><span class='ocrx_word' id='word_1_270' title='bbox 756 2803 896 2843; x_wconf 91' lang='lat' dir='ltr'>rum</span> <span class='ocrx_word' id='word_1_271' title='bbox 935 2788 1118 2843; x_wconf 87' lang='lat' dir='ltr'>etiam</span> <span class='ocrx_word' id='word_1_272' title='bbox 1156 2788 1530 2844; x_wconf 88' lang='lat' dir='ltr'>monasticos</span> <span class='ocrx_word' id='word_1_273' title='bbox 1568 2793 1756 2842; x_wconf 77' lang='lat' dir='ltr'>ccetus</span> <span class='ocrx_word' id='word_1_274' title='bbox 1800 2788 2046 2853; x_wconf 77' lang='lat' dir='ltr'>invasit;</span> <span class='ocrx_word' id='word_1_275' title='bbox 2079 2804 2277 2860; x_wconf 90' lang='lat' dir='ltr'>neque</span> <span class='ocrx_word' id='word_1_276' title='bbox 2303 2788 2414 2843; x_wconf 90' lang='lat' dir='ltr'>hos</span> 
     </span>
    </p>
   </div>
   <div class='ocr_carea' id='block_1_44' title="bbox 756 2876 2409 2947">
    <p class='ocr_par' dir='ltr' id='par_1_44' title="bbox 756 2876 2409 2947">
     <span class='ocr_line' id='line_1_44' title="bbox 756 2876 2409 2947; baseline -0.001 -14"><span class='ocrx_word' id='word_1_277' title='bbox 756 2876 1200 2943; x_wconf 89' lang='lat' dir='ltr'>tantummodo,</span> <span class='ocrx_word' id='word_1_278' title='bbox 1225 2877 1333 2932; x_wconf 91' lang='lat' dir='ltr'>sed</span> <span class='ocrx_word' id='word_1_279' title='bbox 1386 2877 1565 2932; x_wconf 91' lang='lat' dir='ltr'>etiam</span> <span class='ocrx_word' id='word_1_280' title='bbox 1616 2876 2008 2947; x_wconf 81' lang='lat' dir='ltr'>magistratus</span> <span class='ocrx_word' id='word_1_281' title='bbox 2059 2882 2116 2932; x_wconf 91' lang='lat' dir='ltr'>et</span> <span class='ocrx_word' id='word_1_282' title='bbox 2162 2877 2409 2945; x_wconf 86' lang='lat' dir='ltr'>aulicos,</span> 
     </span>
    </p>
   </div>
   <div class='ocr_carea' id='block_1_45' title="bbox 760 2966 2414 3038">
    <p class='ocr_par' dir='ltr' id='par_1_45' title="bbox 760 2966 2414 3038">
     <span class='ocr_line' id='line_1_45' title="bbox 760 2966 2414 3038; baseline 0.001 -16"><span class='ocrx_word' id='word_1_283' title='bbox 760 2971 1040 3023; x_wconf 86' lang='lat' dir='ltr'>senatum</span> <span class='ocrx_word' id='word_1_284' title='bbox 1062 2967 1242 3021; x_wconf 89' lang='lat' dir='ltr'>simul</span> <span class='ocrx_word' id='word_1_285' title='bbox 1258 2971 1315 3022; x_wconf 91' lang='lat' dir='ltr'>et</span> <span class='ocrx_word' id='word_1_286' title='bbox 1332 2982 1543 3022; x_wconf 91' lang='lat' dir='ltr'>omnes</span> <span class='ocrx_word' id='word_1_287' title='bbox 1557 2966 1663 3037; x_wconf 90' lang='lat' dir='ltr'>qui</span> <span class='ocrx_word' id='word_1_288' title='bbox 1689 2966 1853 3038; x_wconf 79' lang='lat' dir='ltr'>regio</span> <span class='ocrx_word' id='word_1_289' title='bbox 1870 2966 1930 3021; x_wconf 92' lang='lat' dir='ltr'>in</span> <span class='ocrx_word' id='word_1_290' title='bbox 1954 2966 2177 3038; x_wconf 90' lang='lat' dir='ltr'>palatio</span> <span class='ocrx_word' id='word_1_291' title='bbox 2210 2983 2414 3023; x_wconf 88' lang='lat' dir='ltr'>versa-</span> 
     </span>
    </p>
   </div>
   <div class='ocr_carea' id='block_1_46' title="bbox 754 3055 2415 3127">
    <p class='ocr_par' dir='ltr' id='par_1_46' title="bbox 754 3055 2415 3127">
     <span class='ocr_line' id='line_1_46' title="bbox 754 3055 2415 3127; baseline -0.001 -15"><span class='ocrx_word' id='word_1_292' title='bbox 754 3055 1000 3112; x_wconf 90' lang='lat' dir='ltr'>bantur.</span> <span class='ocrx_word' id='word_1_293' title='bbox 1027 3055 1237 3112; x_wconf 88' lang='lat' dir='ltr'>Cuncti</span> <span class='ocrx_word' id='word_1_294' title='bbox 1257 3055 1531 3111; x_wconf 80' lang='lat' dir='ltr'>videlicet</span> <span class='ocrx_word' id='word_1_295' title='bbox 1558 3056 1709 3111; x_wconf 91' lang='lat' dir='ltr'>mira</span> <span class='ocrx_word' id='word_1_296' title='bbox 1740 3055 2068 3127; x_wconf 89' lang='lat' dir='ltr'>pertinacia</span> <span class='ocrx_word' id='word_1_297' title='bbox 2089 3061 2145 3111; x_wconf 90' lang='lat' dir='ltr'>et</span> <span class='ocrx_word' id='word_1_298' title='bbox 2183 3055 2415 3111; x_wconf 85' lang='lat' dir='ltr'>fervore</span> 
     </span>
    </p>
   </div>
   <div class='ocr_carea' id='block_1_47' title="bbox 758 3144 2413 3216">
    <p class='ocr_par' dir='ltr' id='par_1_47' title="bbox 758 3144 2413 3216">
     <span class='ocr_line' id='line_1_47' title="bbox 758 3144 2413 3216; baseline 0.001 -16"><span class='ocrx_word' id='word_1_299' title='bbox 758 3144 1186 3201; x_wconf 89' lang='lat' dir='ltr'>ardentissimo</span> <span class='ocrx_word' id='word_1_300' title='bbox 1224 3144 1304 3200; x_wconf 90' lang='lat' dir='ltr'>ad</span> <span class='ocrx_word' id='word_1_301' title='bbox 1340 3144 1604 3200; x_wconf 80' lang='lat' dir='ltr'>veritatis</span> <span class='ocrx_word' id='word_1_302' title='bbox 1642 3144 2035 3216; x_wconf 86' lang='lat' dir='ltr'>rapiebantur</span> <span class='ocrx_word' id='word_1_303' title='bbox 2071 3145 2413 3216; x_wconf 87' lang='lat' dir='ltr'>vestigatio—</span> 
     </span>
    </p>
   </div>
   <div class='ocr_carea' id='block_1_48' title="bbox 753 3234 2412 3307">
    <p class='ocr_par' dir='ltr' id='par_1_48' title="bbox 753 3234 2412 3307">
     <span class='ocr_line' id='line_1_48' title="bbox 753 3234 2412 3307; baseline 0.002 -19"><span class='ocrx_word' id='word_1_304' title='bbox 753 3237 1127 3307; x_wconf 87' lang='lat' dir='ltr'>nem.Neque</span> <span class='ocrx_word' id='word_1_305' title='bbox 1146 3234 1437 3290; x_wconf 90' lang='lat' dir='ltr'>hactenus</span> <span class='ocrx_word' id='word_1_306' title='bbox 1457 3235 1856 3291; x_wconf 90' lang='lat' dir='ltr'>contentionis</span> <span class='ocrx_word' id='word_1_307' title='bbox 1869 3234 2116 3291; x_wconf 89' lang='lat' dir='ltr'>ﬂamma</span> <span class='ocrx_word' id='word_1_308' title='bbox 2134 3236 2412 3307; x_wconf 89' lang='lat' dir='ltr'>substitit,</span> 
     </span>
    </p>
   </div>
   <div class='ocr_carea' id='block_1_49' title="bbox 758 3321 2417 3397">
    <p class='ocr_par' dir='ltr' id='par_1_49' title="bbox 758 3321 2417 3397">
     <span class='ocr_line' id='line_1_49' title="bbox 758 3321 2417 3397; baseline 0.002 -21"><span class='ocrx_word' id='word_1_309' title='bbox 758 3321 869 3377; x_wconf 88' lang='lat' dir='ltr'>sed</span> <span class='ocrx_word' id='word_1_310' title='bbox 882 3321 961 3378; x_wconf 89' lang='lat' dir='ltr'>ad</span> <span class='ocrx_word' id='word_1_311' title='bbox 976 3324 1334 3396; x_wconf 88' lang='lat' dir='ltr'>popularem</span> <span class='ocrx_word' id='word_1_312' title='bbox 1359 3339 1604 3397; x_wconf 89' lang='lat' dir='ltr'>quoque</span> <span class='ocrx_word' id='word_1_313' title='bbox 1625 3323 1869 3380; x_wconf 87' lang='lat' dir='ltr'>turbam</span> <span class='ocrx_word' id='word_1_314' title='bbox 1890 3323 2203 3397; x_wconf 90' lang='lat' dir='ltr'>plebisque</span> <span class='ocrx_word' id='word_1_315' title='bbox 2226 3325 2417 3381; x_wconf 89' lang='lat' dir='ltr'>fecem</span> 
     </span>
    </p>
   </div>
   <div class='ocr_carea' id='block_1_50' title="bbox 760 3409 2419 3485">
    <p class='ocr_par' dir='ltr' id='par_1_50' title="bbox 760 3409 2419 3485">
     <span class='ocr_line' id='line_1_50' title="bbox 760 3409 2419 3485; baseline 0.001 -19"><span class='ocrx_word' id='word_1_316' title='bbox 760 3409 1269 3468; x_wconf 83' lang='lat' dir='ltr'>devenit.lnitium</span> <span class='ocrx_word' id='word_1_317' title='bbox 1290 3412 1644 3485; x_wconf 69' lang='lat' dir='ltr'>quaastionis</span> <span class='ocrx_word' id='word_1_318' title='bbox 1667 3412 1779 3469; x_wconf 90' lang='lat' dir='ltr'>fuit</span> <span class='ocrx_word' id='word_1_319' title='bbox 1806 3429 1879 3468; x_wconf 82' lang='lat' dir='ltr'>ex</span> <span class='ocrx_word' id='word_1_320' title='bbox 1911 3413 2071 3469; x_wconf 93' lang='lat' dir='ltr'>dicto</span> <span class='ocrx_word' id='word_1_321' title='bbox 2097 3413 2221 3469; x_wconf 87' lang='lat' dir='ltr'>veri</span> <span class='ocrx_word' id='word_1_322' title='bbox 2246 3414 2345 3469; x_wconf 92' lang='lat' dir='ltr'>Dei</span> <span class='ocrx_word' id='word_1_323' title='bbox 2362 3417 2419 3468; x_wconf 87' lang='lat' dir='ltr'>et</span> 
     </span>
    </p>
   </div>
   <div class='ocr_carea' id='block_1_51' title="bbox 761 3502 2418 3575">
    <p class='ocr_par' dir='ltr' id='par_1_51' title="bbox 761 3502 2418 3575">
     <span class='ocr_line' id='line_1_51' title="bbox 761 3502 2418 3575; baseline 0 -17"><span class='ocrx_word' id='word_1_324' title='bbox 761 3502 1095 3558; x_wconf 84' lang='lat' dir='ltr'>Servatoris</span> <span class='ocrx_word' id='word_1_325' title='bbox 1123 3503 1316 3559; x_wconf 89' lang='lat' dir='ltr'>nostri</span> <span class='ocrx_word' id='word_1_326' title='bbox 1351 3504 1489 3558; x_wconf 80' lang='lat' dir='ltr'>Jesu</span> <span class='ocrx_word' id='word_1_327' title='bbox 1538 3502 1769 3570; x_wconf 90' lang='lat' dir='ltr'>Christi,</span> <span class='ocrx_word' id='word_1_328' title='bbox 1798 3519 1982 3575; x_wconf 89' lang='lat' dir='ltr'>quem</span> <span class='ocrx_word' id='word_1_329' title='bbox 2011 3503 2075 3557; x_wconf 93' lang='lat' dir='ltr'>in</span> <span class='ocrx_word' id='word_1_330' title='bbox 2117 3502 2418 3559; x_wconf 83' lang='lat' dir='ltr'>Passionis</span> 
     </span>
    </p>
   </div>
   <div class='ocr_carea' id='block_1_52' title="bbox 756 3590 2418 3665">
    <p class='ocr_par' dir='ltr' id='par_1_52' title="bbox 756 3590 2418 3665">
     <span class='ocr_line' id='line_1_52' title="bbox 756 3590 2418 3665; baseline -0.001 -17"><span class='ocrx_word' id='word_1_331' title='bbox 756 3595 934 3648; x_wconf 89' lang='lat' dir='ltr'>nocte</span> <span class='ocrx_word' id='word_1_332' title='bbox 971 3590 1302 3665; x_wconf 84' lang='lat' dir='ltr'>discipulos</span> <span class='ocrx_word' id='word_1_333' title='bbox 1353 3590 1764 3665; x_wconf 86' lang='lat' dir='ltr'>alloquentem</span> <span class='ocrx_word' id='word_1_334' title='bbox 1794 3592 1961 3665; x_wconf 91' lang='lat' dir='ltr'>apud</span> <span class='ocrx_word' id='word_1_335' title='bbox 1988 3593 2418 3663; x_wconf 89' lang='lat' dir='ltr'>evangelistam</span> 
     </span>
    </p>
   </div>
   <div class='ocr_carea' id='block_1_53' title="bbox 754 3681 2421 3754">
    <p class='ocr_par' dir='ltr' id='par_1_53' title="bbox 754 3681 2421 3754">
     <span class='ocr_line' id='line_1_53' title="bbox 754 3681 2421 3754; baseline 0 -17"><span class='ocrx_word' id='word_1_336' title='bbox 754 3683 1051 3738; x_wconf 79' lang='lat' dir='ltr'>Joannem</span> <span class='ocrx_word' id='word_1_337' title='bbox 1081 3682 1432 3752; x_wconf 89' lang='lat' dir='ltr'>theologum</span> <span class='ocrx_word' id='word_1_338' title='bbox 1462 3682 1592 3737; x_wconf 73' lang='lat' dir='ltr'>haec</span> <span class='ocrx_word' id='word_1_339' title='bbox 1643 3681 1838 3738; x_wconf 91' lang='lat' dir='ltr'>dicere</span> <span class='ocrx_word' id='word_1_340' title='bbox 1866 3682 2275 3754; x_wconf 89' lang='lat' dir='ltr'>comperimus</span> <span class='ocrx_word' id='word_1_341' title='bbox 2308 3699 2320 3736; x_wconf 90' lang='lat'><strong>:</strong></span> <span class='ocrx_word' id='word_1_342' title='bbox 2355 3681 2421 3737; x_wconf 81' lang='lat' dir='ltr'>Si</span> 
     </span>
    </p>
   </div>
   <div class='ocr_carea' id='block_1_54' title="bbox 757 3770 2418 3842">
    <p class='ocr_par' dir='ltr' id='par_1_54' title="bbox 757 3770 2418 3842">
     <span class='ocr_line' id='line_1_54' title="bbox 757 3770 2418 3842; baseline -0.002 -14"><span class='ocrx_word' id='word_1_343' title='bbox 757 3773 1090 3842; x_wconf 67' lang='lat' dir='ltr'>diligerem</span> <span class='ocrx_word' id='word_1_344' title='bbox 1126 3787 1238 3837; x_wconf 88' lang='lat' dir='ltr'>me,</span> <span class='ocrx_word' id='word_1_345' title='bbox 1271 3770 1613 3842; x_wconf 77' lang='lat' dir='ltr'>gauderetis</span> <span class='ocrx_word' id='word_1_346' title='bbox 1642 3772 1868 3842; x_wconf 75' lang='lat' dir='ltr'>utique,</span> <span class='ocrx_word' id='word_1_347' title='bbox 1894 3771 2056 3842; x_wconf 86' lang='lat' dir='ltr'>quod</span> <span class='ocrx_word' id='word_1_348' title='bbox 2085 3771 2219 3826; x_wconf 73' lang='lat' dir='ltr'>dixi</span> <span class='ocrx_word' id='word_1_349' title='bbox 2256 3771 2418 3826; x_wconf 79' lang='lat' dir='ltr'>vobis</span> 
     </span>
    </p>
   </div>
   <div class='ocr_carea' id='block_1_55' title="bbox 755 3861 2416 3932">
    <p class='ocr_par' dir='ltr' id='par_1_55' title="bbox 755 3861 2416 3932">
     <span class='ocr_line' id='line_1_55' title="bbox 755 3861 2416 3932; baseline -0.003 -14"><span class='ocrx_word' id='word_1_350' title='bbox 755 3877 851 3920; x_wconf 85' lang='lat' dir='ltr'>me</span> <span class='ocrx_word' id='word_1_351' title='bbox 868 3865 958 3918; x_wconf 81' lang='lat' dir='ltr'>ire</span> <span class='ocrx_word' id='word_1_352' title='bbox 976 3862 1058 3919; x_wconf 85' lang='lat' dir='ltr'>ad</span> <span class='ocrx_word' id='word_1_353' title='bbox 1084 3862 1332 3917; x_wconf 80' lang='lat' dir='ltr'>Patrem</span> <span class='ocrx_word' id='word_1_354' title='bbox 1348 3878 1370 3925; x_wconf 87' lang='lat'><strong><em>;</em></strong></span> <span class='ocrx_word' id='word_1_355' title='bbox 1390 3862 1534 3932; x_wconf 81' lang='lat' dir='ltr'>quia</span> <span class='ocrx_word' id='word_1_356' title='bbox 1554 3861 1733 3916; x_wconf 82' lang='lat' dir='ltr'>Pater</span> <span class='ocrx_word' id='word_1_357' title='bbox 1751 3876 1914 3916; x_wconf 82' lang='lat' dir='ltr'>meus</span> <span class='ocrx_word' id='word_1_358' title='bbox 1936 3863 2137 3930; x_wconf 85' lang='lat' dir='ltr'>major</span> <span class='ocrx_word' id='word_1_359' title='bbox 2162 3875 2253 3916; x_wconf 87' lang='lat' dir='ltr'>me</span> <span class='ocrx_word' id='word_1_360' title='bbox 2274 3866 2355 3916; x_wconf 83' lang='lat' dir='ltr'>est</span> <span class='ocrx_word' id='word_1_361' title='bbox 2374 3861 2416 3913; x_wconf 84' lang='grc'><strong>².</strong></span> 
     </span>
    </p>
   </div>
   <div class='ocr_carea' id='block_1_56' title="bbox 753 3951 2421 4023">
    <p class='ocr_par' dir='ltr' id='par_1_56' title="bbox 753 3951 2421 4023">
     <span class='ocr_line' id='line_1_56' title="bbox 753 3951 2421 4023; baseline -0.003 -14"><span class='ocrx_word' id='word_1_362' title='bbox 753 3951 1191 4022; x_wconf 79' lang='lat' dir='ltr'>Ambigebatur</span> <span class='ocrx_word' id='word_1_363' title='bbox 1219 3953 1440 4023; x_wconf 89' lang='lat' dir='ltr'>itaque,</span> <span class='ocrx_word' id='word_1_364' title='bbox 1468 3965 1740 4023; x_wconf 87' lang='lat' dir='ltr'>quanam</span> <span class='ocrx_word' id='word_1_365' title='bbox 1769 3951 2000 4006; x_wconf 87' lang='lat' dir='ltr'>ratione</span> <span class='ocrx_word' id='word_1_366' title='bbox 2021 3966 2216 4022; x_wconf 88' lang='lat' dir='ltr'>quove</span> <span class='ocrx_word' id='word_1_367' title='bbox 2239 3965 2421 4005; x_wconf 91' lang='lat' dir='ltr'>sensu</span> 
     </span>
    </p>
   </div>
   <div class='ocr_carea' id='block_1_57' title="bbox 755 4038 1867 4113">
    <p class='ocr_par' dir='ltr' id='par_1_57' title="bbox 755 4038 1867 4113">
     <span class='ocr_line' id='line_1_57' title="bbox 755 4038 1867 4113; baseline -0.003 -17"><span class='ocrx_word' id='word_1_368' title='bbox 755 4042 955 4113; x_wconf 89' lang='lat' dir='ltr'>major</span> <span class='ocrx_word' id='word_1_369' title='bbox 984 4041 1213 4098; x_wconf 90' lang='lat' dir='ltr'>Christo</span> <span class='ocrx_word' id='word_1_370' title='bbox 1242 4046 1413 4112; x_wconf 89' lang='lat' dir='ltr'>pater</span> <span class='ocrx_word' id='word_1_371' title='bbox 1443 4038 1867 4111; x_wconf 87' lang='lat' dir='ltr'>appellaretur.</span> 
     </span>
    </p>
   </div>
   <div class='ocr_carea' id='block_1_58' title="bbox 751 4119 4135 4203">
    <p class='ocr_par' dir='ltr' id='par_1_58' title="bbox 751 4119 4135 4203">
     <span class='ocr_line' id='line_1_58' title="bbox 751 4119 4135 4203; baseline -0.002 -22"><span class='ocrx_word' id='word_1_372' title='bbox 751 4138 872 4191; x_wconf 84' lang='grc' dir='ltr'>ταῖς</span> <span class='ocrx_word' id='word_1_373' title='bbox 902 4130 1095 4203; x_wconf 83' lang='grc' dir='ltr'>ὁμιλῶν</span> <span class='ocrx_word' id='word_1_374' title='bbox 1123 4132 1267 4201; x_wconf 81' lang='grc' dir='ltr'>παρὰ</span> <span class='ocrx_word' id='word_1_375' title='bbox 1286 4137 1359 4199; x_wconf 82' lang='grc' dir='ltr'>τῷ</span> <span class='ocrx_word' id='word_1_376' title='bbox 1380 4127 1720 4200; x_wconf 56' lang='grc' dir='ltr'>εὐαγγελιστῇ</span> <span class='ocrx_word' id='word_1_377' title='bbox 1755 4128 1966 4201; x_wconf 73' lang='grc' dir='ltr'>Ἰωάννη</span> <span class='ocrx_word' id='word_1_378' title='bbox 2009 4134 2100 4180; x_wconf 84' lang='grc' dir='ltr'>καὶ</span> <span class='ocrx_word' id='word_1_379' title='bbox 2142 4128 2365 4198; x_wconf 72' lang='grc' dir='ltr'>θεολόγῳ</span> <span class='ocrx_word' id='word_1_380' title='bbox 2412 4125 2574 4193; x_wconf 75' lang='grc' dir='ltr'>λέγων</span> <span class='ocrx_word' id='word_1_381' title='bbox 2601 4121 2901 4190; x_wconf 72' lang='grc' dir='ltr'>εὑρίσκεται</span> <span class='ocrx_word' id='word_1_382' title='bbox 2934 4136 2946 4148; x_wconf 86' lang='lat'>&#39;</span> <span class='ocrx_word' id='word_1_383' title='bbox 2990 4119 3050 4172; x_wconf 75' lang='grc' dir='ltr'>Εἰ</span> <span class='ocrx_word' id='word_1_384' title='bbox 3094 4121 3334 4190; x_wconf 73' lang='grc' dir='ltr'>ἠγαπᾶτέ</span> <span class='ocrx_word' id='word_1_385' title='bbox 3375 4120 3697 4195; x_wconf 78' lang='grc' dir='ltr'>με,ἐχάρητε</span> <span class='ocrx_word' id='word_1_386' title='bbox 3747 4124 3829 4191; x_wconf 82' lang='grc' dir='ltr'>ἄν,</span> <span class='ocrx_word' id='word_1_387' title='bbox 3855 4122 3935 4174; x_wconf 86' lang='grc' dir='ltr'>ὃτι</span> <span class='ocrx_word' id='word_1_388' title='bbox 3975 4120 4135 4192; x_wconf 78' lang='grc' dir='ltr'>εἷπον,</span> 
     </span>
    </p>
   </div>
   <div class='ocr_carea' id='block_1_59' title="bbox 755 4205 4137 4294">
    <p class='ocr_par' dir='ltr' id='par_1_59' title="bbox 755 4205 4137 4294">
     <span class='ocr_line' id='line_1_59' title="bbox 755 4205 4137 4294; baseline -0.001 -26"><span class='ocrx_word' id='word_1_389' title='bbox 755 4222 1053 4294; x_wconf 76' lang='grc' dir='ltr'>Πορεῦομαι</span> <span class='ocrx_word' id='word_1_390' title='bbox 1084 4222 1215 4291; x_wconf 85' lang='grc' dir='ltr'>πρὸς</span> <span class='ocrx_word' id='word_1_391' title='bbox 1252 4221 1338 4269; x_wconf 89' lang='grc' dir='ltr'>τόν</span> <span class='ocrx_word' id='word_1_392' title='bbox 1382 4221 1590 4289; x_wconf 81' lang='grc' dir='ltr'><em>Πατέρα</em></span> <span class='ocrx_word' id='word_1_393' title='bbox 1622 4234 1634 4245; x_wconf 72' lang='grc'><strong>⁸</strong></span> <span class='ocrx_word' id='word_1_394' title='bbox 1664 4217 1744 4269; x_wconf 86' lang='grc' dir='ltr'>ὃτι</span> <span class='ocrx_word' id='word_1_395' title='bbox 1775 4218 1801 4268; x_wconf 93' lang='grc' dir='ltr'>ό</span> <span class='ocrx_word' id='word_1_396' title='bbox 1833 4222 2013 4291; x_wconf 79' lang='grc' dir='ltr'>Πατήρ</span> <span class='ocrx_word' id='word_1_397' title='bbox 2066 4237 2165 4289; x_wconf 85' lang='grc' dir='ltr'>μου</span> <span class='ocrx_word' id='word_1_398' title='bbox 2221 4218 2411 4289; x_wconf 75' lang='grc' dir='ltr'>μείζων</span> <span class='ocrx_word' id='word_1_399' title='bbox 2462 4230 2561 4284; x_wconf 88' lang='grc' dir='ltr'>μου</span> <span class='ocrx_word' id='word_1_400' title='bbox 2607 4207 2741 4261; x_wconf 78' lang='grc' dir='ltr'>ἐστι.</span> <span class='ocrx_word' id='word_1_401' title='bbox 2770 4215 2887 4268; x_wconf 84' lang='grc' dir='ltr'>Πῶς</span> <span class='ocrx_word' id='word_1_402' title='bbox 2926 4205 3014 4259; x_wconf 75' lang='grc' dir='ltr'>οὖν</span> <span class='ocrx_word' id='word_1_403' title='bbox 3045 4214 3133 4261; x_wconf 89' lang='grc' dir='ltr'>καὶ</span> <span class='ocrx_word' id='word_1_404' title='bbox 3185 4213 3321 4261; x_wconf 80' lang='grc' dir='ltr'>κατὰ</span> <span class='ocrx_word' id='word_1_405' title='bbox 3375 4230 3493 4262; x_wconf 90' lang='grc' dir='ltr'>τινα</span> <span class='ocrx_word' id='word_1_406' title='bbox 3542 4217 3732 4285; x_wconf 80' lang='grc' dir='ltr'>τρόπον</span> <span class='ocrx_word' id='word_1_407' title='bbox 3779 4217 3868 4264; x_wconf 80' lang='grc' dir='ltr'>καὶ</span> <span class='ocrx_word' id='word_1_408' title='bbox 3907 4214 4019 4263; x_wconf 84' lang='grc' dir='ltr'>οἵαν</span> <span class='ocrx_word' id='word_1_409' title='bbox 4050 4218 4137 4270; x_wconf 79' lang='grc' dir='ltr'>τὴν</span> 
     </span>
    </p>
   </div>
   <div class='ocr_carea' id='block_1_60' title="bbox 2614 1538 4143 1622">
    <p class='ocr_par' dir='ltr' id='par_1_60' title="bbox 2614 1538 4143 1622">
     <span class='ocr_line' id='line_1_60' title="bbox 2614 1538 4143 1622; baseline 0.005 -32"><span class='ocrx_word' id='word_1_410' title='bbox 2614 1539 2678 1595; x_wconf 84' lang='grc' dir='ltr'>α’.</span> <span class='ocrx_word' id='word_1_411' title='bbox 2712 1538 2854 1598; x_wconf 76' lang='grc' dir='ltr'>’Ἤδη</span> <span class='ocrx_word' id='word_1_412' title='bbox 2917 1544 3004 1591; x_wconf 89' lang='grc' dir='ltr'>τόν</span> <span class='ocrx_word' id='word_1_413' title='bbox 3058 1540 3141 1593; x_wconf 80' lang='grc' dir='ltr'>ἐπὶ</span> <span class='ocrx_word' id='word_1_414' title='bbox 3201 1552 3271 1612; x_wconf 82' lang='grc' dir='ltr'>τῷ</span> <span class='ocrx_word' id='word_1_415' title='bbox 3330 1544 3546 1614; x_wconf 76' lang='grc' dir='ltr'>εἰκοστῷ</span> <span class='ocrx_word' id='word_1_416' title='bbox 3594 1553 3690 1607; x_wconf 82' lang='grc' dir='ltr'>τῆς</span> <span class='ocrx_word' id='word_1_417' title='bbox 3738 1546 4143 1622; x_wconf 70' lang='grc' dir='ltr'>αὐτοκρατορίας</span> 
     </span>
    </p>
   </div>
   <div class='ocr_carea' id='block_1_61' title="bbox 2542 1628 4141 1705">
    <p class='ocr_par' dir='ltr' id='par_1_61' title="bbox 2542 1628 4141 1705">
     <span class='ocr_line' id='line_1_61' title="bbox 2542 1628 4141 1705; baseline 0.005 -26"><span class='ocrx_word' id='word_1_418' title='bbox 2542 1634 2719 1701; x_wconf 88' lang='grc' dir='ltr'>τρίτον</span> <span class='ocrx_word' id='word_1_419' title='bbox 2768 1635 2960 1702; x_wconf 82' lang='grc' dir='ltr'>χρόνον</span> <span class='ocrx_word' id='word_1_420' title='bbox 3029 1628 3270 1690; x_wconf 77' lang='grc' dir='ltr'>ἀνύοντος</span> <span class='ocrx_word' id='word_1_421' title='bbox 3318 1634 3562 1691; x_wconf 78' lang='grc' dir='ltr'>Μανουὴλ</span> <span class='ocrx_word' id='word_1_422' title='bbox 3618 1642 3708 1685; x_wconf 85' lang='grc' dir='ltr'>τοῦ</span> <span class='ocrx_word' id='word_1_423' title='bbox 3766 1634 3818 1685; x_wconf 81' lang='grc' dir='ltr'>ἐκ</span> <span class='ocrx_word' id='word_1_424' title='bbox 3868 1642 4141 1705; x_wconf 75' lang='grc' dir='ltr'>Κομνηνῶν</span> 
     </span>
    </p>
   </div>
   <div class='ocr_carea' id='block_1_62' title="bbox 2947 1894 4140 1971">
    <p class='ocr_par' dir='ltr' id='par_1_62' title="bbox 2947 1894 4140 1971">
     <span class='ocr_line' id='line_1_62' title="bbox 2947 1894 4140 1971; baseline 0.007 -24"><span class='ocrx_word' id='word_1_425' title='bbox 2947 1902 3035 1948; x_wconf 79' lang='grc' dir='ltr'>καὶ</span> <span class='ocrx_word' id='word_1_426' title='bbox 3091 1894 3281 1971; x_wconf 77' lang='grc' dir='ltr'>ἀνδρία</span> <span class='ocrx_word' id='word_1_427' title='bbox 3352 1902 3742 1969; x_wconf 65' lang='grc' dir='ltr'>ἐτιθηνήσατο,</span> <span class='ocrx_word' id='word_1_428' title='bbox 3798 1908 3888 1954; x_wconf 85' lang='grc' dir='ltr'>καὶ</span> <span class='ocrx_word' id='word_1_429' title='bbox 3957 1909 4140 1965; x_wconf 80' lang='grc' dir='ltr'>πίστις</span> 
     </span>
    </p>
   </div>
   <div class='ocr_carea' id='block_1_63' title="bbox 2532 1982 4134 2058">
    <p class='ocr_par' dir='ltr' id='par_1_63' title="bbox 2532 1982 4134 2058">
     <span class='ocr_line' id='line_1_63' title="bbox 2532 1982 4134 2058; baseline 0.004 -23"><span class='ocrx_word' id='word_1_430' title='bbox 2532 1984 2795 2045; x_wconf 70' lang='grc' dir='ltr'>εὐσεϐείας</span> <span class='ocrx_word' id='word_1_431' title='bbox 2840 1982 3151 2058; x_wconf 77' lang='grc' dir='ltr'>ὴνδρὼσατο</span> <span class='ocrx_word' id='word_1_432' title='bbox 3186 2008 3196 2018; x_wconf 93' lang='grc'><strong>·</strong></span> <span class='ocrx_word' id='word_1_433' title='bbox 3225 1986 3279 2037; x_wconf 83' lang='grc' dir='ltr'>ὃν</span> <span class='ocrx_word' id='word_1_434' title='bbox 3333 1991 3467 2039; x_wconf 80' lang='grc' dir='ltr'>κατὰ</span> <span class='ocrx_word' id='word_1_435' title='bbox 3510 1993 3597 2039; x_wconf 90' lang='grc' dir='ltr'>τόν</span> <span class='ocrx_word' id='word_1_436' title='bbox 3648 1986 3814 2041; x_wconf 71' lang='grc' dir='ltr'>Δαϐίδ</span> <span class='ocrx_word' id='word_1_437' title='bbox 3871 1996 3994 2051; x_wconf 82' lang='grc' dir='ltr'>Θεὸς</span> <span class='ocrx_word' id='word_1_438' title='bbox 4050 1991 4134 2053; x_wconf 83' lang='grc' dir='ltr'>ἐξ-</span> 
     </span>
    </p>
   </div>
   <div class='ocr_carea' id='block_1_64' title="bbox 2529 2072 4134 2149">
    <p class='ocr_par' dir='ltr' id='par_1_64' title="bbox 2529 2072 4134 2149">
     <span class='ocr_line' id='line_1_64' title="bbox 2529 2072 4134 2149; baseline 0.004 -25"><span class='ocrx_word' id='word_1_439' title='bbox 2529 2072 2767 2139; x_wconf 82' lang='grc' dir='ltr'>έλέξατο,</span> <span class='ocrx_word' id='word_1_440' title='bbox 2826 2076 2893 2134; x_wconf 85' lang='grc' dir='ltr'>ὡς</span> <span class='ocrx_word' id='word_1_441' title='bbox 2932 2076 3048 2124; x_wconf 88' lang='grc' dir='ltr'>κατ’</span> <span class='ocrx_word' id='word_1_442' title='bbox 3102 2074 3288 2126; x_wconf 84' lang='grc' dir='ltr'>ἐκεῖνον</span> <span class='ocrx_word' id='word_1_443' title='bbox 3348 2081 3638 2149; x_wconf 77' lang='grc' dir='ltr'>πραότατον</span> <span class='ocrx_word' id='word_1_444' title='bbox 3690 2081 3824 2129; x_wconf 80' lang='grc' dir='ltr'>κατὰ</span> <span class='ocrx_word' id='word_1_445' title='bbox 3866 2084 3959 2136; x_wconf 80' lang='grc' dir='ltr'>τὴν</span> <span class='ocrx_word' id='word_1_446' title='bbox 4018 2080 4134 2131; x_wconf 88' lang='grc' dir='ltr'>ἐαυ-</span> 
     </span>
    </p>
   </div>
   <div class='ocr_carea' id='block_1_65' title="bbox 2526 2158 4134 2240">
    <p class='ocr_par' dir='ltr' id='par_1_65' title="bbox 2526 2158 4134 2240">
     <span class='ocr_line' id='line_1_65' title="bbox 2526 2158 4134 2240; baseline 0.004 -29"><span class='ocrx_word' id='word_1_447' title='bbox 2526 2170 2619 2212; x_wconf 91' lang='grc' dir='ltr'>τοῦ</span> <span class='ocrx_word' id='word_1_448' title='bbox 2645 2158 2869 2234; x_wconf 71' lang='grc' dir='ltr'>καρδίαν</span> <span class='ocrx_word' id='word_1_449' title='bbox 2922 2163 3225 2236; x_wconf 71' lang='grc' dir='ltr'>εὑράμενος,</span> <span class='ocrx_word' id='word_1_450' title='bbox 3281 2168 3537 2236; x_wconf 84' lang='grc' dir='ltr'>καὶπρὸς</span> <span class='ocrx_word' id='word_1_451' title='bbox 3588 2170 3681 2223; x_wconf 77' lang='grc' dir='ltr'>τὴν</span> <span class='ocrx_word' id='word_1_452' title='bbox 3732 2174 3825 2217; x_wconf 87' lang='grc' dir='ltr'>τοῦ</span> <span class='ocrx_word' id='word_1_453' title='bbox 3878 2176 4134 2240; x_wconf 82' lang='grc' dir='ltr'>πατρικοῦ</span> 
     </span>
    </p>
   </div>
   <div class='ocr_carea' id='block_1_66' title="bbox 2530 2246 4136 2327">
    <p class='ocr_par' dir='ltr' id='par_1_66' title="bbox 2530 2246 4136 2327">
     <span class='ocr_line' id='line_1_66' title="bbox 2530 2246 4136 2327; baseline 0.003 -26"><span class='ocrx_word' id='word_1_454' title='bbox 2530 2254 2744 2321; x_wconf 81' lang='grc' dir='ltr'>στέφους</span> <span class='ocrx_word' id='word_1_455' title='bbox 2805 2246 3074 2321; x_wconf 75' lang='grc' dir='ltr'>διαδοχὴν</span> <span class='ocrx_word' id='word_1_456' title='bbox 3134 2261 3233 2302; x_wconf 79' lang='grc' dir='ltr'>τῶν</span> <span class='ocrx_word' id='word_1_457' title='bbox 3283 2251 3331 2302; x_wconf 81' lang='grc' dir='ltr'>ἐν</span> <span class='ocrx_word' id='word_1_458' title='bbox 3380 2250 3720 2325; x_wconf 72' lang='grc' dir='ltr'>αὐταδέλφοις</span> <span class='ocrx_word' id='word_1_459' title='bbox 3778 2262 4136 2327; x_wconf 74' lang='grc' dir='ltr'>πρωτογεννη-</span> 
     </span>
    </p>
   </div>
   <div class='ocr_carea' id='block_1_67' title="bbox 2523 2339 4138 2417">
    <p class='ocr_par' dir='ltr' id='par_1_67' title="bbox 2523 2339 4138 2417">
     <span class='ocr_line' id='line_1_67' title="bbox 2523 2339 4138 2417; baseline 0.004 -28"><span class='ocrx_word' id='word_1_460' title='bbox 2523 2357 2623 2389; x_wconf 90' lang='grc' dir='ltr'>των</span> <span class='ocrx_word' id='word_1_461' title='bbox 2672 2343 2937 2410; x_wconf 83' lang='grc' dir='ltr'>προέκρινε</span> <span class='ocrx_word' id='word_1_462' title='bbox 2990 2341 3089 2407; x_wconf 79' lang='grc'>(1),</span> <span class='ocrx_word' id='word_1_463' title='bbox 3141 2346 3231 2391; x_wconf 84' lang='grc' dir='ltr'>καὶ</span> <span class='ocrx_word' id='word_1_464' title='bbox 3299 2339 3399 2392; x_wconf 81' lang='grc' dir='ltr'>ἀπὸ</span> <span class='ocrx_word' id='word_1_465' title='bbox 3458 2340 3712 2393; x_wconf 78' lang='grc' dir='ltr'>ἀνατολῶν</span> <span class='ocrx_word' id='word_1_466' title='bbox 3772 2344 3922 2400; x_wconf 75' lang='grc' dir='ltr'>ἡλίου</span> <span class='ocrx_word' id='word_1_467' title='bbox 3973 2349 4138 2417; x_wconf 74' lang='grc' dir='ltr'>μέχρι</span> 
     </span>
    </p>
   </div>
   <div class='ocr_carea' id='block_1_68' title="bbox 2526 2425 4139 2505">
    <p class='ocr_par' dir='ltr' id='par_1_68' title="bbox 2526 2425 4139 2505">
     <span class='ocr_line' id='line_1_68' title="bbox 2526 2425 4139 2505; baseline 0.004 -25"><span class='ocrx_word' id='word_1_468' title='bbox 2526 2425 2743 2500; x_wconf 77' lang='grc' dir='ltr'>δυσμῶν</span> <span class='ocrx_word' id='word_1_469' title='bbox 2794 2436 2903 2489; x_wconf 86' lang='grc' dir='ltr'>τοῖς</span> <span class='ocrx_word' id='word_1_470' title='bbox 2947 2431 3063 2481; x_wconf 87' lang='grc' dir='ltr'>κατ’</span> <span class='ocrx_word' id='word_1_471' title='bbox 3123 2428 3327 2501; x_wconf 82' lang='grc' dir='ltr'>ἐχθρῶν</span> <span class='ocrx_word' id='word_1_472' title='bbox 3384 2437 3651 2503; x_wconf 81' lang='grc' dir='ltr'>τροπαίοις</span> <span class='ocrx_word' id='word_1_473' title='bbox 3710 2433 3949 2505; x_wconf 81' lang='grc' dir='ltr'>ἐσέμνυνε</span> <span class='ocrx_word' id='word_1_474' title='bbox 3983 2454 3995 2466; x_wconf 89' lang='grc'><strong>·</strong></span> <span class='ocrx_word' id='word_1_475' title='bbox 4027 2440 4139 2487; x_wconf 85' lang='grc' dir='ltr'>τότε</span> 
     </span>
    </p>
   </div>
   <div class='ocr_carea' id='block_1_69' title="bbox 2526 2515 4137 2593">
    <p class='ocr_par' dir='ltr' id='par_1_69' title="bbox 2526 2515 4137 2593">
     <span class='ocr_line' id='line_1_69' title="bbox 2526 2515 4137 2593; baseline 0.004 -24"><span class='ocrx_word' id='word_1_476' title='bbox 2526 2515 2593 2574; x_wconf 75' lang='grc' dir='ltr'>δὴ</span> <span class='ocrx_word' id='word_1_477' title='bbox 2665 2522 2781 2569; x_wconf 86' lang='grc' dir='ltr'>τότε</span> <span class='ocrx_word' id='word_1_478' title='bbox 2839 2519 3051 2590; x_wconf 81' lang='grc' dir='ltr'>ζήτημά</span> <span class='ocrx_word' id='word_1_479' title='bbox 3101 2539 3152 2570; x_wconf 90' lang='grc' dir='ltr'>τι</span> <span class='ocrx_word' id='word_1_480' title='bbox 3199 2524 3324 2593; x_wconf 81' lang='grc' dir='ltr'>πρὸς</span> <span class='ocrx_word' id='word_1_481' title='bbox 3372 2526 3535 2591; x_wconf 84' lang='grc' dir='ltr'>μέσην</span> <span class='ocrx_word' id='word_1_482' title='bbox 3601 2522 3912 2579; x_wconf 72' lang='grc' dir='ltr'>Ἐκκλησίαν</span> <span class='ocrx_word' id='word_1_483' title='bbox 3969 2522 4137 2576; x_wconf 87' lang='grc' dir='ltr'>ἐνέπε-</span> 
     </span>
    </p>
   </div>
   <div class='ocr_carea' id='block_1_70' title="bbox 2526 2610 4137 2685">
    <p class='ocr_par' dir='ltr' id='par_1_70' title="bbox 2526 2610 4137 2685">
     <span class='ocr_line' id='line_1_70' title="bbox 2526 2610 4137 2685; baseline 0.004 -27"><span class='ocrx_word' id='word_1_484' title='bbox 2526 2624 2649 2658; x_wconf 87' lang='grc' dir='ltr'>σεν·</span> <span class='ocrx_word' id='word_1_485' title='bbox 2706 2610 2731 2658; x_wconf 85' lang='grc' dir='ltr'><strong><em>ὃ</em></strong></span> <span class='ocrx_word' id='word_1_486' title='bbox 2784 2612 2896 2675; x_wconf 87' lang='lat' dir='ltr'>xui,</span> <span class='ocrx_word' id='word_1_487' title='bbox 2954 2611 3090 2659; x_wconf 84' lang='grc' dir='ltr'>κατὰ</span> <span class='ocrx_word' id='word_1_488' title='bbox 3140 2613 3263 2670; x_wconf 80' lang='grc' dir='ltr'>τοὺς</span> <span class='ocrx_word' id='word_1_489' title='bbox 3319 2614 3410 2661; x_wconf 86' lang='grc' dir='ltr'>τόῦ</span> <span class='ocrx_word' id='word_1_490' title='bbox 3466 2614 3630 2684; x_wconf 88' lang='grc' dir='ltr'>πυρός</span> <span class='ocrx_word' id='word_1_491' title='bbox 3687 2614 3977 2685; x_wconf 80' lang='grc' dir='ltr'>σπινθῆρας</span> <span class='ocrx_word' id='word_1_492' title='bbox 4035 2612 4137 2664; x_wconf 83' lang='grc' dir='ltr'>ἀπο</span> 
     </span>
    </p>
   </div>
   <div class='ocr_carea' id='block_1_71' title="bbox 2526 2694 4136 2775">
    <p class='ocr_par' dir='ltr' id='par_1_71' title="bbox 2526 2694 4136 2775">
     <span class='ocr_line' id='line_1_71' title="bbox 2526 2694 4136 2775; baseline 0.005 -29"><span class='ocrx_word' id='word_1_493' title='bbox 2526 2694 2771 2768; x_wconf 82' lang='grc' dir='ltr'>βραχέων</span> <span class='ocrx_word' id='word_1_494' title='bbox 2803 2695 3099 2769; x_wconf 79' lang='grc' dir='ltr'>ἁρχάμενον</span> <span class='ocrx_word' id='word_1_495' title='bbox 3146 2705 3256 2760; x_wconf 87' lang='grc' dir='ltr'>τοῖς</span> <span class='ocrx_word' id='word_1_496' title='bbox 3302 2707 3397 2750; x_wconf 85' lang='grc' dir='ltr'>τῶν</span> <span class='ocrx_word' id='word_1_497' title='bbox 3448 2699 3502 2761; x_wconf 83' lang='grc' dir='ltr'><em>ἓξ</em></span> <span class='ocrx_word' id='word_1_498' title='bbox 3555 2700 3725 2771; x_wconf 81' lang='grc' dir='ltr'>ἐτέρας</span> <span class='ocrx_word' id='word_1_499' title='bbox 3780 2705 3906 2770; x_wconf 84' lang='grc' dir='ltr'>πρὸς</span> <span class='ocrx_word' id='word_1_500' title='bbox 3963 2702 4136 2775; x_wconf 81' lang='grc' dir='ltr'>ἑτέραν</span> 
     </span>
    </p>
   </div>
   <div class='ocr_carea' id='block_1_72' title="bbox 2526 2782 4135 2862">
    <p class='ocr_par' dir='ltr' id='par_1_72' title="bbox 2526 2782 4135 2862">
     <span class='ocr_line' id='line_1_72' title="bbox 2526 2782 4135 2862; baseline 0.004 -28"><span class='ocrx_word' id='word_1_501' title='bbox 2526 2782 2828 2836; x_wconf 80' lang='grc' dir='ltr'>ἀντιθέσεων</span> <span class='ocrx_word' id='word_1_502' title='bbox 2895 2789 3223 2857; x_wconf 81' lang='grc' dir='ltr'>πνεύμασιν,</span> <span class='ocrx_word' id='word_1_503' title='bbox 3294 2786 3376 2838; x_wconf 81' lang='grc' dir='ltr'>ἐπὶ</span> <span class='ocrx_word' id='word_1_504' title='bbox 3441 2792 3641 2862; x_wconf 87' lang='grc' dir='ltr'>πυρσὸν</span> <span class='ocrx_word' id='word_1_505' title='bbox 3705 2789 3975 2852; x_wconf 82' lang='grc' dir='ltr'>κατέληξεν</span> <span class='ocrx_word' id='word_1_506' title='bbox 4054 2790 4135 2841; x_wconf 86' lang='grc' dir='ltr'>ἐν-</span> 
     </span>
    </p>
   </div>
   <div class='ocr_carea' id='block_1_73' title="bbox 2525 2875 4135 2952">
    <p class='ocr_par' dir='ltr' id='par_1_73' title="bbox 2525 2875 4135 2952">
     <span class='ocr_line' id='line_1_73' title="bbox 2525 2875 4135 2952; baseline 0.004 -27"><span class='ocrx_word' id='word_1_507' title='bbox 2525 2879 2732 2946; x_wconf 81' lang='grc' dir='ltr'>αέριον,</span> <span class='ocrx_word' id='word_1_508' title='bbox 2783 2879 2873 2926; x_wconf 89' lang='grc' dir='ltr'>καὶ</span> <span class='ocrx_word' id='word_1_509' title='bbox 2923 2875 3094 2926; x_wconf 71' lang='grc' dir='ltr'>οὐκέτι</span> <span class='ocrx_word' id='word_1_510' title='bbox 3153 2880 3305 2948; x_wconf 87' lang='grc' dir='ltr'>μόνον</span> <span class='ocrx_word' id='word_1_511' title='bbox 3383 2882 3497 2950; x_wconf 84' lang='grc' dir='ltr'>περὶ</span> <span class='ocrx_word' id='word_1_512' title='bbox 3556 2882 3675 2940; x_wconf 80' lang='grc' dir='ltr'>τοῦς</span> <span class='ocrx_word' id='word_1_513' title='bbox 3729 2878 4135 2952; x_wconf 79' lang='grc' dir='ltr'>ἀρχιερατικοὺς</span> 
     </span>
    </p>
   </div>
   <div class='ocr_carea' id='block_1_74' title="bbox 2527 2961 4133 3039">
    <p class='ocr_par' dir='ltr' id='par_1_74' title="bbox 2527 2961 4133 3039">
     <span class='ocr_line' id='line_1_74' title="bbox 2527 2961 4133 3039; baseline 0.005 -28"><span class='ocrx_word' id='word_1_514' title='bbox 2527 2963 2795 3033; x_wconf 80' lang='grc' dir='ltr'>σταθμοὺς</span> <span class='ocrx_word' id='word_1_515' title='bbox 2846 2963 3211 3030; x_wconf 70' lang='grc' dir='ltr'>ὑπανηπτετο,</span> <span class='ocrx_word' id='word_1_516' title='bbox 3265 2962 3372 3015; x_wconf 82' lang='grc' dir='ltr'>ἀλλ’</span> <span class='ocrx_word' id='word_1_517' title='bbox 3428 2961 3534 3023; x_wconf 72' lang='grc' dir='ltr'>ἢδη</span> <span class='ocrx_word' id='word_1_518' title='bbox 3599 2971 3687 3017; x_wconf 83' lang='grc' dir='ltr'>καὶ</span> <span class='ocrx_word' id='word_1_519' title='bbox 3732 2970 3816 3017; x_wconf 88' lang='grc' dir='ltr'>τὸν</span> <span class='ocrx_word' id='word_1_520' title='bbox 3860 2975 3957 3018; x_wconf 79' lang='grc' dir='ltr'>τὼν</span> <span class='ocrx_word' id='word_1_521' title='bbox 3992 2970 4133 3039; x_wconf 82' lang='grc' dir='ltr'>ἱερω-</span> 
     </span>
    </p>
   </div>
   <div class='ocr_carea' id='block_1_75' title="bbox 2526 3050 4134 3127">
    <p class='ocr_par' dir='ltr' id='par_1_75' title="bbox 2526 3050 4134 3127">
     <span class='ocr_line' id='line_1_75' title="bbox 2526 3050 4134 3127; baseline 0.004 -26"><span class='ocrx_word' id='word_1_522' title='bbox 2526 3054 2686 3122; x_wconf 83' lang='grc' dir='ltr'>μένων</span> <span class='ocrx_word' id='word_1_523' title='bbox 2740 3050 3024 3122; x_wconf 75' lang='grc' dir='ltr'>κατάλογον</span> <span class='ocrx_word' id='word_1_524' title='bbox 3086 3052 3348 3123; x_wconf 80' lang='grc' dir='ltr'>ἐπενέμετο</span> <span class='ocrx_word' id='word_1_525' title='bbox 3384 3072 3396 3083; x_wconf 76' lang='grc' dir='ltr'><em>ο</em></span> <span class='ocrx_word' id='word_1_526' title='bbox 3452 3059 3541 3105; x_wconf 87' lang='grc' dir='ltr'>καὶ</span> <span class='ocrx_word' id='word_1_527' title='bbox 3608 3055 3667 3105; x_wconf 77' lang='grc' dir='ltr'>οῦ</span> <span class='ocrx_word' id='word_1_528' title='bbox 3720 3063 3900 3107; x_wconf 84' lang='grc' dir='ltr'>τοῦτον</span> <span class='ocrx_word' id='word_1_529' title='bbox 3958 3060 4134 3127; x_wconf 85' lang='grc' dir='ltr'>μόνον,</span> 
     </span>
    </p>
   </div>
   <div class='ocr_carea' id='block_1_76' title="bbox 2529 3138 4131 3216">
    <p class='ocr_par' dir='ltr' id='par_1_76' title="bbox 2529 3138 4131 3216">
     <span class='ocr_line' id='line_1_76' title="bbox 2529 3138 4131 3216; baseline 0.004 -28"><span class='ocrx_word' id='word_1_530' title='bbox 2529 3138 2657 3189; x_wconf 79' lang='grc' dir='ltr'>ἀλλά</span> <span class='ocrx_word' id='word_1_531' title='bbox 2712 3144 2802 3189; x_wconf 84' lang='grc' dir='ltr'>καὶ</span> <span class='ocrx_word' id='word_1_532' title='bbox 2867 3138 3024 3199; x_wconf 84' lang='grc' dir='ltr'>ὅσους</span> <span class='ocrx_word' id='word_1_533' title='bbox 3091 3149 3188 3191; x_wconf 85' lang='grc' dir='ltr'>τῶν</span> <span class='ocrx_word' id='word_1_534' title='bbox 3260 3140 3465 3192; x_wconf 87' lang='grc' dir='ltr'>ἐντελῶν</span> <span class='ocrx_word' id='word_1_535' title='bbox 3541 3142 3704 3213; x_wconf 67' lang='grc' dir='ltr'>αὐχεῖ</span> <span class='ocrx_word' id='word_1_536' title='bbox 3748 3146 3814 3194; x_wconf 80' lang='grc' dir='ltr'>τὰ</span> <span class='ocrx_word' id='word_1_537' title='bbox 3866 3142 4131 3216; x_wconf 70' lang='grc' dir='ltr'>βασίλεια,</span> 
     </span>
    </p>
   </div>
   <div class='ocr_carea' id='block_1_77' title="bbox 2531 3227 4137 3307">
    <p class='ocr_par' dir='ltr' id='par_1_77' title="bbox 2531 3227 4137 3307">
     <span class='ocr_line' id='line_1_77' title="bbox 2531 3227 4137 3307; baseline 0.004 -29"><span class='ocrx_word' id='word_1_538' title='bbox 2531 3227 2822 3298; x_wconf 79' lang='grc' dir='ltr'>σύγκλητόν</span> <span class='ocrx_word' id='word_1_539' title='bbox 2878 3247 2931 3279; x_wconf 90' lang='grc' dir='ltr'>τε</span> <span class='ocrx_word' id='word_1_540' title='bbox 2986 3228 3115 3300; x_wconf 77' lang='grc' dir='ltr'>ἅμα,</span> <span class='ocrx_word' id='word_1_541' title='bbox 3202 3233 3291 3281; x_wconf 87' lang='grc' dir='ltr'>καὶ</span> <span class='ocrx_word' id='word_1_542' title='bbox 3364 3234 3486 3291; x_wconf 81' lang='grc' dir='ltr'>τοὺς</span> <span class='ocrx_word' id='word_1_543' title='bbox 3538 3230 3703 3293; x_wconf 80' lang='grc' dir='ltr'>ἄλλως</span> <span class='ocrx_word' id='word_1_544' title='bbox 3781 3235 3845 3284; x_wconf 82' lang='grc' dir='ltr'>τὰ</span> <span class='ocrx_word' id='word_1_545' title='bbox 3922 3233 4137 3307; x_wconf 85' lang='grc' dir='ltr'>λαμπρά</span> 
     </span>
    </p>
   </div>
   <div class='ocr_carea' id='block_1_78' title="bbox 2526 3316 4135 3394">
    <p class='ocr_par' dir='ltr' id='par_1_78' title="bbox 2526 3316 4135 3394">
     <span class='ocr_line' id='line_1_78' title="bbox 2526 3316 4135 3394; baseline 0.004 -27"><span class='ocrx_word' id='word_1_546' title='bbox 2526 3316 2928 3388; x_wconf 87' lang='grc' dir='ltr'>περιπολοῦντας</span> <span class='ocrx_word' id='word_1_547' title='bbox 2991 3316 3295 3390; x_wconf 73' lang='grc' dir='ltr'>ἀνάκτορα,</span> <span class='ocrx_word' id='word_1_548' title='bbox 3347 3319 3391 3371; x_wconf 85' lang='grc' dir='ltr'>εἰ</span> <span class='ocrx_word' id='word_1_549' title='bbox 3456 3325 3545 3372; x_wconf 85' lang='grc' dir='ltr'>καὶ</span> <span class='ocrx_word' id='word_1_550' title='bbox 3612 3326 3683 3393; x_wconf 80' lang='grc' dir='ltr'>μὴ</span> <span class='ocrx_word' id='word_1_551' title='bbox 3745 3324 3942 3383; x_wconf 81' lang='grc' dir='ltr'>πάντας</span> <span class='ocrx_word' id='word_1_552' title='bbox 3995 3320 4135 3394; x_wconf 80' lang='grc' dir='ltr'>εἶχεν</span> 
     </span>
    </p>
   </div>
   <div class='ocr_carea' id='block_1_79' title="bbox 2530 3398 4137 3483">
    <p class='ocr_par' dir='ltr' id='par_1_79' title="bbox 2530 3405 4137 3483">
     <span class='ocr_line' id='line_1_79' title="bbox 2530 3405 4137 3483; baseline 0.004 -26"><span class='ocrx_word' id='word_1_553' title='bbox 2530 3405 2961 3479; x_wconf 74' lang='grc' dir='ltr'>ἐκτεφρουμένους</span> <span class='ocrx_word' id='word_1_554' title='bbox 3054 3412 3143 3459; x_wconf 87' lang='grc' dir='ltr'>καὶ</span> <span class='ocrx_word' id='word_1_555' title='bbox 3241 3406 3516 3480; x_wconf 87' lang='grc' dir='ltr'>λυομένους</span> <span class='ocrx_word' id='word_1_556' title='bbox 3554 3451 3570 3479; x_wconf 80' lang='lat'>,</span> <span class='ocrx_word' id='word_1_557' title='bbox 3671 3409 4137 3483; x_wconf 79' lang='grc' dir='ltr'>ἀνθρακιζομένους</span> 
     </span>
    </p>
   </div>
   <div class='ocr_carea' id='block_1_80' title="bbox 2531 3491 4136 3574">
    <p class='ocr_par' dir='ltr' id='par_1_80' title="bbox 2531 3491 4136 3574">
     <span class='ocr_line' id='line_1_80' title="bbox 2531 3491 4136 3574; baseline 0.003 -27"><span class='ocrx_word' id='word_1_558' title='bbox 2531 3491 2591 3547; x_wconf 81' lang='grc' dir='ltr'>δέ</span> <span class='ocrx_word' id='word_1_559' title='bbox 2655 3514 2797 3555; x_wconf 89' lang='grc' dir='ltr'>τινας</span> <span class='ocrx_word' id='word_1_560' title='bbox 2845 3495 3033 3567; x_wconf 78' lang='grc' dir='ltr'>μᾶλλον</span> <span class='ocrx_word' id='word_1_561' title='bbox 3092 3505 3164 3567; x_wconf 83' lang='grc' dir='ltr'>τῷ</span> <span class='ocrx_word' id='word_1_562' title='bbox 3217 3516 3307 3548; x_wconf 90' lang='grc' dir='ltr'>του</span> <span class='ocrx_word' id='word_1_563' title='bbox 3359 3506 3454 3559; x_wconf 84' lang='grc' dir='ltr'>τῆς</span> <span class='ocrx_word' id='word_1_564' title='bbox 3507 3497 3751 3560; x_wconf 80' lang='grc' dir='ltr'>ἀληθείας</span> <span class='ocrx_word' id='word_1_565' title='bbox 3819 3503 4003 3574; x_wconf 87' lang='grc' dir='ltr'>ἔρωτος</span> <span class='ocrx_word' id='word_1_566' title='bbox 4042 3498 4136 3572; x_wconf 79' lang='grc' dir='ltr'>ἐμ-</span> 
     </span>
    </p>
   </div>
   <div class='ocr_carea' id='block_1_81' title="bbox 2528 3581 4138 3661">
    <p class='ocr_par' dir='ltr' id='par_1_81' title="bbox 2528 3581 4138 3661">
     <span class='ocr_line' id='line_1_81' title="bbox 2528 3581 4138 3661; baseline 0.003 -25"><span class='ocrx_word' id='word_1_567' title='bbox 2528 3586 2845 3657; x_wconf 80' lang='grc' dir='ltr'>πυρεύματι.</span> <span class='ocrx_word' id='word_1_568' title='bbox 2879 3584 2954 3636; x_wconf 77' lang='grc' dir='ltr'>Οὐ</span> <span class='ocrx_word' id='word_1_569' title='bbox 2985 3588 3149 3660; x_wconf 78' lang='grc' dir='ltr'>μέχρι</span> <span class='ocrx_word' id='word_1_570' title='bbox 3200 3581 3258 3637; x_wconf 76' lang='grc' dir='ltr'>δὲ</span> <span class='ocrx_word' id='word_1_571' title='bbox 3310 3589 3495 3638; x_wconf 74' lang='grc' dir='ltr'>τούτου</span> <span class='ocrx_word' id='word_1_572' title='bbox 3528 3591 3591 3639; x_wconf 82' lang='grc' dir='ltr'>τὰ</span> <span class='ocrx_word' id='word_1_573' title='bbox 3621 3597 3711 3648; x_wconf 71' lang='grc' dir='ltr'>τῆς</span> <span class='ocrx_word' id='word_1_574' title='bbox 3738 3587 3951 3659; x_wconf 75' lang='grc' dir='ltr'>ιφλοσγός</span> <span class='ocrx_word' id='word_1_575' title='bbox 3996 3608 4138 3661; x_wconf 85' lang='grc' dir='ltr'>περι-</span> 
     </span>
    </p>
   </div>
   <div class='ocr_carea' id='block_1_82' title="bbox 2533 3672 4138 3751">
    <p class='ocr_par' dir='ltr' id='par_1_82' title="bbox 2533 3672 4138 3751">
     <span class='ocr_line' id='line_1_82' title="bbox 2533 3672 4138 3751; baseline 0.003 -26"><span class='ocrx_word' id='word_1_576' title='bbox 2533 3679 2756 3739; x_wconf 88' lang='grc' dir='ltr'>ίστατο,</span> <span class='ocrx_word' id='word_1_577' title='bbox 2818 3672 2945 3725; x_wconf 79' lang='grc' dir='ltr'>ἀλλά</span> <span class='ocrx_word' id='word_1_578' title='bbox 2982 3694 3041 3745; x_wconf 79' lang='grc' dir='ltr'>γε</span> <span class='ocrx_word' id='word_1_579' title='bbox 3085 3680 3174 3726; x_wconf 85' lang='grc' dir='ltr'>καὶ</span> <span class='ocrx_word' id='word_1_580' title='bbox 3227 3677 3313 3726; x_wconf 85' lang='grc' dir='ltr'>τὸν</span> <span class='ocrx_word' id='word_1_581' title='bbox 3360 3674 3596 3747; x_wconf 69' lang='grc' dir='ltr'>ἀγελαῖον</span> <span class='ocrx_word' id='word_1_582' title='bbox 3653 3677 3813 3748; x_wconf 73' lang='grc' dir='ltr'>ὄχλον</span> <span class='ocrx_word' id='word_1_583' title='bbox 3866 3684 3956 3730; x_wconf 86' lang='grc' dir='ltr'>καὶ</span> <span class='ocrx_word' id='word_1_584' title='bbox 4014 3681 4138 3751; x_wconf 79' lang='grc' dir='ltr'>σῦρ-</span> 
     </span>
    </p>
   </div>
   <div class='ocr_carea' id='block_1_83' title="bbox 2533 3762 4135 3841">
    <p class='ocr_par' dir='ltr' id='par_1_83' title="bbox 2533 3762 4135 3841">
     <span class='ocr_line' id='line_1_83' title="bbox 2533 3762 4135 3841; baseline 0.004 -28"><span class='ocrx_word' id='word_1_585' title='bbox 2533 3782 2671 3834; x_wconf 79' lang='grc' dir='ltr'>φακα</span> <span class='ocrx_word' id='word_1_586' title='bbox 2721 3771 2814 3824; x_wconf 87' lang='grc' dir='ltr'>τῆς</span> <span class='ocrx_word' id='word_1_587' title='bbox 2882 3762 3067 3815; x_wconf 84' lang='grc' dir='ltr'>ἑαυτου</span> <span class='ocrx_word' id='word_1_588' title='bbox 3146 3771 3401 3837; x_wconf 79' lang='grc' dir='ltr'>πυρκαϊᾶς</span> <span class='ocrx_word' id='word_1_589' title='bbox 3459 3764 3651 3818; x_wconf 86' lang='grc' dir='ltr'>ἐτίθετο</span> <span class='ocrx_word' id='word_1_590' title='bbox 3725 3772 4009 3841; x_wconf 74' lang='grc' dir='ltr'>παρέργον.</span> <span class='ocrx_word' id='word_1_591' title='bbox 4066 3771 4135 3820; x_wconf 85' lang='grc' dir='ltr'>Τὸ</span> 
     </span>
    </p>
   </div>
   <div class='ocr_carea' id='block_1_84' title="bbox 2534 3849 4139 3927">
    <p class='ocr_par' dir='ltr' id='par_1_84' title="bbox 2534 3849 4139 3927">
     <span class='ocr_line' id='line_1_84' title="bbox 2534 3849 4139 3927; baseline 0.003 -24"><span class='ocrx_word' id='word_1_592' title='bbox 2534 3849 2592 3904; x_wconf 73' lang='grc' dir='ltr'>δὲ</span> <span class='ocrx_word' id='word_1_593' title='bbox 2626 3856 2833 3924; x_wconf 81' lang='grc' dir='ltr'>ζήτημα</span> <span class='ocrx_word' id='word_1_594' title='bbox 2884 3858 3001 3927; x_wconf 85' lang='grc' dir='ltr'>περὶ</span> <span class='ocrx_word' id='word_1_595' title='bbox 3058 3861 3155 3913; x_wconf 81' lang='grc' dir='ltr'>τῆς</span> <span class='ocrx_word' id='word_1_596' title='bbox 3195 3873 3285 3905; x_wconf 90' lang='grc' dir='ltr'>του</span> <span class='ocrx_word' id='word_1_597' title='bbox 3340 3852 3587 3911; x_wconf 75' lang='grc' dir='ltr'>ἀληθινοῦ</span> <span class='ocrx_word' id='word_1_598' title='bbox 3647 3862 3781 3909; x_wconf 87' lang='grc' dir='ltr'>Θεοῦ</span> <span class='ocrx_word' id='word_1_599' title='bbox 3835 3862 3923 3908; x_wconf 81' lang='grc' dir='ltr'>καὶ</span> <span class='ocrx_word' id='word_1_600' title='bbox 3968 3863 4139 3915; x_wconf 88' lang='grc' dir='ltr'>Σωτῆ-</span> 
     </span>
    </p>
   </div>
   <div class='ocr_carea' id='block_1_85' title="bbox 2534 3942 4137 4017">
    <p class='ocr_par' dir='ltr' id='par_1_85' title="bbox 2534 3942 4137 4017">
     <span class='ocr_line' id='line_1_85' title="bbox 2534 3942 4137 4017; baseline 0.002 -25"><span class='ocrx_word' id='word_1_601' title='bbox 2534 3961 2619 4015; x_wconf 87' lang='grc' dir='ltr'>ρος</span> <span class='ocrx_word' id='word_1_602' title='bbox 2666 3942 2812 4011; x_wconf 84' lang='grc' dir='ltr'>ἡμὼν</span> <span class='ocrx_word' id='word_1_603' title='bbox 2851 3942 3033 3997; x_wconf 88' lang='grc' dir='ltr'>Ἰησοῦ</span> <span class='ocrx_word' id='word_1_604' title='bbox 3084 3949 3315 4016; x_wconf 78' lang='grc' dir='ltr'>Χριστοῦ</span> <span class='ocrx_word' id='word_1_605' title='bbox 3366 3952 3536 4015; x_wconf 78' lang='grc' dir='ltr'>φωνῆς</span> <span class='ocrx_word' id='word_1_606' title='bbox 3591 3942 3768 4017; x_wconf 80' lang='grc' dir='ltr'>ἀρχῆς</span> <span class='ocrx_word' id='word_1_607' title='bbox 3824 3943 3879 3996; x_wconf 82' lang='grc' dir='ltr'>ἐκ</span> <span class='ocrx_word' id='word_1_608' title='bbox 3925 3951 4137 4017; x_wconf 86' lang='grc' dir='ltr'>πρώτης</span> 
     </span>
    </p>
   </div>
   <div class='ocr_carea' id='block_1_86' title="bbox 2525 4028 4137 4105">
    <p class='ocr_par' dir='ltr' id='par_1_86' title="bbox 2525 4028 4137 4105">
     <span class='ocr_line' id='line_1_86' title="bbox 2525 4028 4137 4105; baseline 0.002 -22"><span class='ocrx_word' id='word_1_609' title='bbox 2525 4028 2881 4103; x_wconf 78' lang='grc' dir='ltr'>προῦϐέϐλητο</span> <span class='ocrx_word' id='word_1_610' title='bbox 2917 4051 2929 4062; x_wconf 92' lang='grc'><strong>·</strong></span> <span class='ocrx_word' id='word_1_611' title='bbox 2982 4033 3044 4087; x_wconf 77' lang='grc' dir='ltr'>ἦν</span> <span class='ocrx_word' id='word_1_612' title='bbox 3092 4039 3154 4103; x_wconf 74' lang='grc' dir='ltr'>τῇ</span> <span class='ocrx_word' id='word_1_613' title='bbox 3216 4051 3307 4083; x_wconf 88' lang='grc' dir='ltr'>του</span> <span class='ocrx_word' id='word_1_614' title='bbox 3352 4034 3552 4094; x_wconf 78' lang='grc' dir='ltr'>πάθους</span> <span class='ocrx_word' id='word_1_615' title='bbox 3608 4038 3757 4084; x_wconf 87' lang='grc' dir='ltr'>νυκτὶ</span> <span class='ocrx_word' id='word_1_616' title='bbox 3804 4041 3909 4094; x_wconf 86' lang='grc' dir='ltr'>τοῖς</span> <span class='ocrx_word' id='word_1_617' title='bbox 3969 4036 4137 4105; x_wconf 88' lang='grc' dir='ltr'>μαθη-</span> 
     </span>
    </p>
   </div>
   <div class='ocr_carea' id='block_1_87' title="bbox 764 4304 2515 4381">
    <p class='ocr_par' dir='ltr' id='par_1_87' title="bbox 764 4304 2515 4381">
     <span class='ocr_line' id='line_1_87' title="bbox 764 4304 2515 4381; baseline -0.005 -19"><span class='ocrx_word' id='word_1_618' title='bbox 764 4306 1006 4381; x_wconf 71' lang='grc' dir='ltr'>ἰκδοχὴν</span> <span class='ocrx_word' id='word_1_619' title='bbox 1046 4308 1238 4381; x_wconf 81' lang='grc' dir='ltr'>μείζων</span> <span class='ocrx_word' id='word_1_620' title='bbox 1269 4306 1430 4359; x_wconf 78' lang='grc' dir='ltr'>αὐτου</span> <span class='ocrx_word' id='word_1_621' title='bbox 1460 4307 1486 4357; x_wconf 92' lang='grc' dir='ltr'>ό</span> <span class='ocrx_word' id='word_1_622' title='bbox 1521 4310 1701 4379; x_wconf 80' lang='grc' dir='ltr'>Πατὴρ</span> <span class='ocrx_word' id='word_1_623' title='bbox 1736 4307 2057 4378; x_wconf 85' lang='grc' dir='ltr'>ὠνόμασται,</span> <span class='ocrx_word' id='word_1_624' title='bbox 2094 4304 2388 4381; x_wconf 75' lang='grc' dir='ltr'>ὃιηπόρητο</span> <span class='ocrx_word' id='word_1_625' title='bbox 2421 4306 2515 4373; x_wconf 79' lang='grc'>(2).</span> 
     </span>
    </p>
   </div>
   <div class='ocr_carea' id='block_1_88' title="bbox 826 4395 2423 4470">
    <p class='ocr_par' dir='ltr' id='par_1_88' title="bbox 826 4395 2423 4470">
     <span class='ocr_line' id='line_1_88' title="bbox 826 4395 2423 4470; baseline -0.003 -15"><span class='ocrx_word' id='word_1_626' title='bbox 826 4403 888 4455; x_wconf 82' lang='lat'>2.</span> <span class='ocrx_word' id='word_1_627' title='bbox 922 4398 1033 4454; x_wconf 79' lang='lat' dir='ltr'>Alii</span> <span class='ocrx_word' id='word_1_628' title='bbox 1075 4397 1325 4470; x_wconf 90' lang='lat' dir='ltr'>quidem</span> <span class='ocrx_word' id='word_1_629' title='bbox 1361 4395 1838 4468; x_wconf 90' lang='lat' dir='ltr'>pertinacissime</span> <span class='ocrx_word' id='word_1_630' title='bbox 1895 4396 2079 4452; x_wconf 79' lang='lat' dir='ltr'>verba</span> <span class='ocrx_word' id='word_1_631' title='bbox 2130 4397 2258 4451; x_wconf 83' lang='lat' dir='ltr'>haec</span> <span class='ocrx_word' id='word_1_632' title='bbox 2287 4411 2423 4467; x_wconf 91' lang='lat' dir='ltr'>pro-</span> 
     </span>
    </p>
   </div>
   <div class='ocr_carea' id='block_1_89' title="bbox 756 4485 2425 4557">
    <p class='ocr_par' dir='ltr' id='par_1_89' title="bbox 756 4485 2425 4557">
     <span class='ocr_line' id='line_1_89' title="bbox 756 4485 2425 4557; baseline -0.006 -9"><span class='ocrx_word' id='word_1_633' title='bbox 756 4490 1038 4547; x_wconf 90' lang='lat' dir='ltr'>nuntiata</span> <span class='ocrx_word' id='word_1_634' title='bbox 1070 4486 1479 4555; x_wconf 80' lang='lat' dir='ltr'>afﬁrmabant,</span> <span class='ocrx_word' id='word_1_635' title='bbox 1526 4490 1825 4557; x_wconf 88' lang='lat' dir='ltr'>quatenus</span> <span class='ocrx_word' id='word_1_636' title='bbox 1864 4488 2032 4540; x_wconf 90' lang='lat' dir='ltr'>Pater</span> <span class='ocrx_word' id='word_1_637' title='bbox 2081 4501 2269 4542; x_wconf 91' lang='lat' dir='ltr'>causa</span> <span class='ocrx_word' id='word_1_638' title='bbox 2316 4485 2425 4539; x_wconf 90' lang='lat' dir='ltr'>fuit</span> 
     </span>
    </p>
   </div>
   <div class='ocr_carea' id='block_1_90' title="bbox 760 4574 2422 4649">
    <p class='ocr_par' dir='ltr' id='par_1_90' title="bbox 760 4574 2422 4649">
     <span class='ocr_line' id='line_1_90' title="bbox 760 4574 2422 4649; baseline -0.007 -11"><span class='ocrx_word' id='word_1_639' title='bbox 760 4586 1003 4638; x_wconf 62' lang='lat' dir='ltr'>aeterna;</span> <span class='ocrx_word' id='word_1_640' title='bbox 1034 4583 1092 4635; x_wconf 92' lang='lat' dir='ltr'>et</span> <span class='ocrx_word' id='word_1_641' title='bbox 1120 4577 1357 4649; x_wconf 88' lang='lat' dir='ltr'>absque</span> <span class='ocrx_word' id='word_1_642' title='bbox 1392 4576 1688 4649; x_wconf 90' lang='lat' dir='ltr'>principio</span> <span class='ocrx_word' id='word_1_643' title='bbox 1714 4580 1771 4631; x_wconf 91' lang='lat' dir='ltr'>et</span> <span class='ocrx_word' id='word_1_644' title='bbox 1793 4575 2156 4631; x_wconf 62' lang='lat' dir='ltr'>veneranda:</span> <span class='ocrx_word' id='word_1_645' title='bbox 2183 4575 2311 4630; x_wconf 89' lang='lat' dir='ltr'>Filii</span> <span class='ocrx_word' id='word_1_646' title='bbox 2338 4574 2422 4629; x_wconf 87' lang='lat' dir='ltr'>di-</span> 
     </span>
    </p>
   </div>
   <div class='ocr_carea' id='block_1_91' title="bbox 758 4663 2422 4740">
    <p class='ocr_par' dir='ltr' id='par_1_91' title="bbox 758 4663 2422 4740">
     <span class='ocr_line' id='line_1_91' title="bbox 758 4663 2422 4740; baseline -0.005 -13"><span class='ocrx_word' id='word_1_647' title='bbox 758 4670 1032 4737; x_wconf 77' lang='lat' dir='ltr'>vinitatis</span> <span class='ocrx_word' id='word_1_648' title='bbox 1056 4668 1119 4723; x_wconf 92' lang='lat' dir='ltr'>in</span> <span class='ocrx_word' id='word_1_649' title='bbox 1148 4668 1349 4740; x_wconf 87' lang='lat' dir='ltr'>prima</span> <span class='ocrx_word' id='word_1_650' title='bbox 1364 4665 1675 4721; x_wconf 83' lang='lat' dir='ltr'>nativitate</span> <span class='ocrx_word' id='word_1_651' title='bbox 1699 4681 1711 4717; x_wconf 91' lang='lat'><strong>:</strong></span> <span class='ocrx_word' id='word_1_652' title='bbox 1738 4668 1795 4720; x_wconf 92' lang='lat' dir='ltr'>et</span> <span class='ocrx_word' id='word_1_653' title='bbox 1816 4665 2081 4736; x_wconf 84' lang='lat' dir='ltr'>aliquem</span> <span class='ocrx_word' id='word_1_654' title='bbox 2104 4680 2175 4719; x_wconf 84' lang='lat' dir='ltr'>ex</span> <span class='ocrx_word' id='word_1_655' title='bbox 2198 4663 2422 4720; x_wconf 81' lang='lat' dir='ltr'>sanctis</span> 
     </span>
    </p>
   </div>
   <div class='ocr_carea' id='block_1_92' title="bbox 756 4753 2423 4830">
    <p class='ocr_par' dir='ltr' id='par_1_92' title="bbox 756 4753 2423 4830">
     <span class='ocr_line' id='line_1_92' title="bbox 756 4753 2423 4830; baseline -0.006 -13"><span class='ocrx_word' id='word_1_656' title='bbox 756 4759 1033 4817; x_wconf 90' lang='lat' dir='ltr'>Patribus</span> <span class='ocrx_word' id='word_1_657' title='bbox 1082 4773 1192 4830; x_wconf 91' lang='lat' dir='ltr'>pro</span> <span class='ocrx_word' id='word_1_658' title='bbox 1240 4772 1305 4811; x_wconf 91' lang='lat' dir='ltr'>se</span> <span class='ocrx_word' id='word_1_659' title='bbox 1354 4754 1758 4827; x_wconf 87' lang='lat' dir='ltr'>proferebant,</span> <span class='ocrx_word' id='word_1_660' title='bbox 1790 4756 1899 4827; x_wconf 91' lang='lat' dir='ltr'>qui</span> <span class='ocrx_word' id='word_1_661' title='bbox 1954 4755 2015 4809; x_wconf 83' lang='lat' dir='ltr'>id</span> <span class='ocrx_word' id='word_1_662' title='bbox 2065 4753 2293 4809; x_wconf 89' lang='lat' dir='ltr'>dictum</span> <span class='ocrx_word' id='word_1_663' title='bbox 2339 4753 2423 4807; x_wconf 91' lang='lat' dir='ltr'>sic</span> 
     </span>
    </p>
   </div>
   <div class='ocr_carea' id='block_1_93' title="bbox 758 4842 2422 4919">
    <p class='ocr_par' dir='ltr' id='par_1_93' title="bbox 758 4842 2422 4919">
     <span class='ocr_line' id='line_1_93' title="bbox 758 4842 2422 4919; baseline -0.005 -13"><span class='ocrx_word' id='word_1_664' title='bbox 758 4850 956 4906; x_wconf 90' lang='lat' dir='ltr'>fuerat</span> <span class='ocrx_word' id='word_1_665' title='bbox 983 4850 1442 4919; x_wconf 90' lang='lat' dir='ltr'>interpretatus:</span> <span class='ocrx_word' id='word_1_666' title='bbox 1472 4860 1670 4916; x_wconf 89' lang='lat' dir='ltr'>neque</span> <span class='ocrx_word' id='word_1_667' title='bbox 1697 4842 2015 4899; x_wconf 89' lang='lat' dir='ltr'>ferendum</span> <span class='ocrx_word' id='word_1_668' title='bbox 2050 4844 2300 4899; x_wconf 90' lang='lat' dir='ltr'>omnino</span> <span class='ocrx_word' id='word_1_669' title='bbox 2325 4843 2422 4913; x_wconf 88' lang='lat' dir='ltr'>ju-</span> 
     </span>
    </p>
   </div>
   <div class='ocr_carea' id='block_1_94' title="bbox 759 4930 2422 5007">
    <p class='ocr_par' dir='ltr' id='par_1_94' title="bbox 759 4930 2422 5007">
     <span class='ocr_line' id='line_1_94' title="bbox 759 4930 2422 5007; baseline -0.006 -10"><span class='ocrx_word' id='word_1_670' title='bbox 759 4940 1067 5005; x_wconf 91' lang='lat' dir='ltr'>dicabant,</span> <span class='ocrx_word' id='word_1_671' title='bbox 1084 4937 1257 4993; x_wconf 89' lang='lat' dir='ltr'>sicuti</span> <span class='ocrx_word' id='word_1_672' title='bbox 1280 4935 1511 5007; x_wconf 91' lang='lat' dir='ltr'>aliquot</span> <span class='ocrx_word' id='word_1_673' title='bbox 1539 4933 1926 4991; x_wconf 89' lang='lat' dir='ltr'>ecclesiastici</span> <span class='ocrx_word' id='word_1_674' title='bbox 1948 4936 2224 4989; x_wconf 90' lang='lat' dir='ltr'>doctores</span> <span class='ocrx_word' id='word_1_675' title='bbox 2255 4930 2422 4988; x_wconf 88' lang='lat' dir='ltr'>intel-</span> 
     </span>
    </p>
   </div>
   <div class='ocr_carea' id='block_1_95' title="bbox 758 5022 2424 5097">
    <p class='ocr_par' dir='ltr' id='par_1_95' title="bbox 758 5022 2424 5097">
     <span class='ocr_line' id='line_1_95' title="bbox 758 5022 2424 5097; baseline -0.006 -10"><span class='ocrx_word' id='word_1_676' title='bbox 758 5028 1361 5095; x_wconf 84' lang='lat' dir='ltr'>lexerant,Christum</span> <span class='ocrx_word' id='word_1_677' title='bbox 1388 5039 1629 5097; x_wconf 89' lang='lat' dir='ltr'>nempe,</span> <span class='ocrx_word' id='word_1_678' title='bbox 1668 5025 1850 5079; x_wconf 91' lang='lat' dir='ltr'>etiam</span> <span class='ocrx_word' id='word_1_679' title='bbox 1899 5022 1979 5079; x_wconf 92' lang='lat' dir='ltr'>ob</span> <span class='ocrx_word' id='word_1_680' title='bbox 2008 5038 2185 5079; x_wconf 90' lang='lat' dir='ltr'>suam</span> <span class='ocrx_word' id='word_1_681' title='bbox 2210 5022 2424 5078; x_wconf 91' lang='lat' dir='ltr'>huma-</span> 
     </span>
    </p>
   </div>
   <div class='ocr_carea' id='block_1_96' title="bbox 1418 5164 1627 5222">
    <p class='ocr_par' dir='ltr' id='par_1_96' title="bbox 1418 5164 1627 5222">
     <span class='ocr_line' id='line_1_96' title="bbox 1418 5164 1627 5222; baseline -0.005 0"><span class='ocrx_word' id='word_1_682' title='bbox 1418 5168 1440 5203; x_wconf 86' lang='grc'>²</span> <span class='ocrx_word' id='word_1_683' title='bbox 1479 5164 1627 5222; x_wconf 88' lang='lat' dir='ltr'>ibid.</span> 
     </span>
    </p>
   </div>
   <div class='ocr_carea' id='block_1_97' title="bbox 2606 4386 4139 4465">
    <p class='ocr_par' dir='ltr' id='par_1_97' title="bbox 2606 4386 4139 4465">
     <span class='ocr_line' id='line_1_97' title="bbox 2606 4386 4139 4465; baseline 0.004 -28"><span class='ocrx_word' id='word_1_684' title='bbox 2606 4386 2679 4459; x_wconf 79' lang='grc' dir='ltr'>β¹⁶</span> <span class='ocrx_word' id='word_1_685' title='bbox 2738 4390 2805 4439; x_wconf 80' lang='grc' dir='ltr'>Οἱ</span> <span class='ocrx_word' id='word_1_686' title='bbox 2862 4390 2952 4459; x_wconf 68' lang='grc' dir='ltr'>μὲν</span> <span class='ocrx_word' id='word_1_687' title='bbox 3008 4387 3095 4439; x_wconf 73' lang='grc' dir='ltr'>οὖν</span> <span class='ocrx_word' id='word_1_688' title='bbox 3156 4387 3580 4441; x_wconf 63' lang='grc' dir='ltr'>ἐνστατικὼτατα</span> <span class='ocrx_word' id='word_1_689' title='bbox 3652 4393 3847 4449; x_wconf 83' lang='grc' dir='ltr'>ταύτην</span> <span class='ocrx_word' id='word_1_690' title='bbox 3912 4392 4139 4465; x_wconf 80' lang='grc' dir='ltr'>ῥηθῆναι</span> 
     </span>
    </p>
   </div>
   <div class='ocr_carea' id='block_1_98' title="bbox 2531 4475 4140 4551">
    <p class='ocr_par' dir='ltr' id='par_1_98' title="bbox 2531 4475 4140 4551">
     <span class='ocr_line' id='line_1_98' title="bbox 2531 4475 4140 4551; baseline 0.002 -22"><span class='ocrx_word' id='word_1_691' title='bbox 2531 4480 2626 4534; x_wconf 79' lang='grc' dir='ltr'>τὴν</span> <span class='ocrx_word' id='word_1_692' title='bbox 2695 4480 2863 4547; x_wconf 79' lang='grc' dir='ltr'>φωνὴν</span> <span class='ocrx_word' id='word_1_693' title='bbox 2937 4475 3327 4548; x_wconf 74' lang='grc' dir='ltr'>ἐγνωμάτευον,</span> <span class='ocrx_word' id='word_1_694' title='bbox 3380 4482 3510 4530; x_wconf 85' lang='grc' dir='ltr'>κατά</span> <span class='ocrx_word' id='word_1_695' title='bbox 3586 4476 3970 4551; x_wconf 76' lang='grc' dir='ltr'>μόνηνάἰτίαν</span> <span class='ocrx_word' id='word_1_696' title='bbox 4044 4486 4140 4542; x_wconf 84' lang='grc' dir='ltr'>τῆς</span> 
     </span>
    </p>
   </div>
   <div class='ocr_carea' id='block_1_99' title="bbox 2532 4562 4136 4639">
    <p class='ocr_par' dir='ltr' id='par_1_99' title="bbox 2532 4562 4136 4639">
     <span class='ocr_line' id='line_1_99' title="bbox 2532 4562 4136 4639; baseline 0.004 -23"><span class='ocrx_word' id='word_1_697' title='bbox 2532 4563 2764 4639; x_wconf 80' lang='grc' dir='ltr'>ἀχρόνου</span> <span class='ocrx_word' id='word_1_698' title='bbox 2814 4569 2901 4616; x_wconf 86' lang='grc' dir='ltr'>καὶ</span> <span class='ocrx_word' id='word_1_699' title='bbox 2949 4562 3128 4616; x_wconf 66' lang='grc' dir='ltr'>ἀιδίου</span> <span class='ocrx_word' id='word_1_700' title='bbox 3182 4572 3271 4617; x_wconf 85' lang='grc' dir='ltr'>καὶ</span> <span class='ocrx_word' id='word_1_701' title='bbox 3316 4565 3463 4628; x_wconf 78' lang='grc' dir='ltr'>ἀξίας</span> <span class='ocrx_word' id='word_1_702' title='bbox 3521 4576 3612 4627; x_wconf 84' lang='grc' dir='ltr'>τῆς</span> <span class='ocrx_word' id='word_1_703' title='bbox 3663 4568 3823 4620; x_wconf 76' lang='grc' dir='ltr'>αὐτοῦ</span> <span class='ocrx_word' id='word_1_704' title='bbox 3879 4571 4136 4636; x_wconf 85' lang='grc' dir='ltr'>θεότητος,</span> 
     </span>
    </p>
   </div>
   <div class='ocr_carea' id='block_1_100' title="bbox 2530 4653 4139 4732">
    <p class='ocr_par' dir='ltr' id='par_1_100' title="bbox 2530 4653 4139 4732">
     <span class='ocr_line' id='line_1_100' title="bbox 2530 4653 4139 4732; baseline 0.002 -27"><span class='ocrx_word' id='word_1_705' title='bbox 2530 4660 2739 4725; x_wconf 78' lang='grc' dir='ltr'>πρώτης</span> <span class='ocrx_word' id='word_1_706' title='bbox 2794 4659 3119 4724; x_wconf 74' lang='grc' dir='ltr'>γεννήσεως,</span> <span class='ocrx_word' id='word_1_707' title='bbox 3180 4660 3269 4707; x_wconf 81' lang='grc' dir='ltr'>καὶ</span> <span class='ocrx_word' id='word_1_708' title='bbox 3326 4653 3479 4707; x_wconf 72' lang='grc' dir='ltr'>τόνδε</span> <span class='ocrx_word' id='word_1_709' title='bbox 3540 4660 3657 4708; x_wconf 82' lang='grc' dir='ltr'>τινὰ</span> <span class='ocrx_word' id='word_1_710' title='bbox 3728 4666 3828 4709; x_wconf 85' lang='grc' dir='ltr'>τῶν</span> <span class='ocrx_word' id='word_1_711' title='bbox 3885 4659 4139 4732; x_wconf 76' lang='grc' dir='ltr'>θεοφόρων</span> 
     </span>
    </p>
   </div>
   <div class='ocr_carea' id='block_1_101' title="bbox 2533 4742 4139 4819">
    <p class='ocr_par' dir='ltr' id='par_1_101' title="bbox 2533 4742 4139 4819">
     <span class='ocr_line' id='line_1_101' title="bbox 2533 4742 4139 4819; baseline 0.003 -26"><span class='ocrx_word' id='word_1_712' title='bbox 2533 4742 2694 4813; x_wconf 70' lang='grc' dir='ltr'>ἁγίων</span> <span class='ocrx_word' id='word_1_713' title='bbox 2744 4742 2815 4803; x_wconf 86' lang='grc' dir='ltr'>εἰς</span> <span class='ocrx_word' id='word_1_714' title='bbox 2872 4747 3029 4815; x_wconf 85' lang='grc' dir='ltr'>μέσον</span> <span class='ocrx_word' id='word_1_715' title='bbox 3082 4753 3320 4818; x_wconf 79' lang='grc' dir='ltr'>παρῆγον</span> <span class='ocrx_word' id='word_1_716' title='bbox 3370 4748 3503 4797; x_wconf 72' lang='grc' dir='ltr'>οὕτω</span> <span class='ocrx_word' id='word_1_717' title='bbox 3574 4749 3769 4804; x_wconf 77' lang='grc' dir='ltr'>ταύτην</span> <span class='ocrx_word' id='word_1_718' title='bbox 3832 4750 3924 4805; x_wconf 82' lang='grc' dir='ltr'>τὴν</span> <span class='ocrx_word' id='word_1_719' title='bbox 3970 4751 4139 4819; x_wconf 77' lang='grc' dir='ltr'>φωνὴν</span> 
     </span>
    </p>
   </div>
   <div class='ocr_carea' id='block_1_102' title="bbox 2533 4831 4141 4907">
    <p class='ocr_par' dir='ltr' id='par_1_102' title="bbox 2533 4831 4141 4907">
     <span class='ocr_line' id='line_1_102' title="bbox 2533 4831 4141 4907; baseline 0.004 -24"><span class='ocrx_word' id='word_1_720' title='bbox 2533 4831 2869 4903; x_wconf 82' lang='grc' dir='ltr'>ἐκλαϐόμενον</span> <span class='ocrx_word' id='word_1_721' title='bbox 2927 4851 2938 4861; x_wconf 93' lang='grc'><strong>·</strong></span> <span class='ocrx_word' id='word_1_722' title='bbox 2999 4838 3088 4884; x_wconf 84' lang='grc' dir='ltr'>καὶ</span> <span class='ocrx_word' id='word_1_723' title='bbox 3144 4834 3237 4885; x_wconf 79' lang='grc' dir='ltr'>οῦκ</span> <span class='ocrx_word' id='word_1_724' title='bbox 3296 4833 3501 4887; x_wconf 80' lang='grc' dir='ltr'>ἀνεκτὸν</span> <span class='ocrx_word' id='word_1_725' title='bbox 3559 4835 3681 4897; x_wconf 84' lang='grc' dir='ltr'>ὂλως</span> <span class='ocrx_word' id='word_1_726' title='bbox 3758 4838 3952 4907; x_wconf 72' lang='grc' dir='ltr'>ἦγηντο</span> <span class='ocrx_word' id='word_1_727' title='bbox 3986 4880 3999 4905; x_wconf 84' lang='lat'>,</span> <span class='ocrx_word' id='word_1_728' title='bbox 4050 4841 4141 4889; x_wconf 86' lang='lat' dir='ltr'>xui</span> 
     </span>
    </p>
   </div>
   <div class='ocr_carea' id='block_1_103' title="bbox 2530 4921 4141 4998">
    <p class='ocr_par' dir='ltr' id='par_1_103' title="bbox 2530 4921 4141 4998">
     <span class='ocr_line' id='line_1_103' title="bbox 2530 4921 4141 4998; baseline 0.003 -27"><span class='ocrx_word' id='word_1_729' title='bbox 2530 4925 2666 4973; x_wconf 79' lang='grc' dir='ltr'>κατὰ</span> <span class='ocrx_word' id='word_1_730' title='bbox 2711 4924 2769 4972; x_wconf 90' lang='grc' dir='ltr'>τό</span> <span class='ocrx_word' id='word_1_731' title='bbox 2826 4921 2873 4972; x_wconf 84' lang='grc' dir='ltr'>ἐν</span> <span class='ocrx_word' id='word_1_732' title='bbox 2913 4928 3130 4996; x_wconf 83' lang='grc' dir='ltr'>Χριστῷ</span> <span class='ocrx_word' id='word_1_733' title='bbox 3185 4921 3502 4996; x_wconf 79' lang='grc' dir='ltr'>ἀνθρώπινον</span> <span class='ocrx_word' id='word_1_734' title='bbox 3551 4926 3766 4996; x_wconf 79' lang='grc' dir='ltr'>μείζονα</span> <span class='ocrx_word' id='word_1_735' title='bbox 3812 4925 3933 4998; x_wconf 89' lang='grc' dir='ltr'>παρ’</span> <span class='ocrx_word' id='word_1_736' title='bbox 3980 4925 4141 4977; x_wconf 70' lang='grc' dir='ltr'>αὐτοῦ</span> 
     </span>
    </p>
   </div>
   <div class='ocr_carea' id='block_1_104' title="bbox 2531 5012 4143 5087">
    <p class='ocr_par' dir='ltr' id='par_1_104' title="bbox 2531 5012 4143 5087">
     <span class='ocr_line' id='line_1_104' title="bbox 2531 5012 4143 5087; baseline 0.003 -26"><span class='ocrx_word' id='word_1_737' title='bbox 2531 5014 2620 5062; x_wconf 90' lang='grc' dir='ltr'>τὸν</span> <span class='ocrx_word' id='word_1_738' title='bbox 2681 5015 2890 5086; x_wconf 87' lang='grc' dir='ltr'>Πατέρα</span> <span class='ocrx_word' id='word_1_739' title='bbox 2959 5012 3185 5085; x_wconf 76' lang='grc' dir='ltr'>ῥηθῆναι</span> <span class='ocrx_word' id='word_1_740' title='bbox 3218 5057 3233 5081; x_wconf 84' lang='lat'>,</span> <span class='ocrx_word' id='word_1_741' title='bbox 3280 5016 3349 5075; x_wconf 89' lang='grc' dir='ltr'>ὡς</span> <span class='ocrx_word' id='word_1_742' title='bbox 3418 5012 3689 5087; x_wconf 81' lang='grc' dir='ltr'>ἀνθρώπου</span> <span class='ocrx_word' id='word_1_743' title='bbox 3756 5015 3948 5067; x_wconf 87' lang='grc' dir='ltr'>τελείου</span> <span class='ocrx_word' id='word_1_744' title='bbox 3998 5019 4143 5077; x_wconf 84' lang='grc' dir='ltr'>ὄντος</span> 
     </span>
    </p>
   </div>
   <div class='ocr_carea' id='block_1_105' title="bbox 836 5171 1339 5237">
    <p class='ocr_par' dir='ltr' id='par_1_105' title="bbox 836 5171 1339 5237">
     <span class='ocr_line' id='line_1_105' title="bbox 836 5171 1339 5237; baseline -0.012 -8"><span class='ocrx_word' id='word_1_745' title='bbox 836 5174 855 5208; x_wconf 76' lang='grc' dir='ltr'>ί</span> <span class='ocrx_word' id='word_1_746' title='bbox 894 5174 1067 5228; x_wconf 88' lang='lat' dir='ltr'>Joan.</span> <span class='ocrx_word' id='word_1_747' title='bbox 1099 5185 1219 5237; x_wconf 76' lang='lat' dir='ltr'>xw,</span> <span class='ocrx_word' id='word_1_748' title='bbox 1248 5171 1339 5224; x_wconf 84' lang='lat'>28.</span> 
     </span>
    </p>
   </div>
   <div class='ocr_carea' id='block_1_106' title="bbox 2538 5296 4143 5379">
    <p class='ocr_par' dir='ltr' id='par_1_106' title="bbox 2538 5296 4143 5379">
     <span class='ocr_line' id='line_1_106' title="bbox 2538 5296 4143 5379; baseline 0.004 -28"><span class='ocrx_word' id='word_1_749' title='bbox 2538 5366 2549 5377; x_wconf 82' lang='lat'>_</span> <span class='ocrx_word' id='word_1_750' title='bbox 2604 5296 2919 5379; x_wconf 40' lang='lat' dir='ltr'>(2)__Hanc‘</span> <span class='ocrx_word' id='word_1_751' title='bbox 2947 5299 4006 5379; x_wconf 32' lang='lat' dir='ltr'>quastione?)propositam‘fuisse</span> <span class='ocrx_word' id='word_1_752' title='bbox 4062 5300 4143 5358; x_wconf 88' lang='lat' dir='ltr'>ab</span> 
     </span>
    </p>
   </div>
   <div class='ocr_carea' id='block_1_107' title="bbox 2535 5369 4145 5445">
    <p class='ocr_par' dir='ltr' id='par_1_107' title="bbox 2535 5369 4145 5445">
     <span class='ocr_line' id='line_1_107' title="bbox 2535 5369 4145 5445; baseline 0.003 -22"><span class='ocrx_word' id='word_1_753' title='bbox 2535 5369 2669 5445; x_wconf 90' lang='lat' dir='ltr'>ipso</span> <span class='ocrx_word' id='word_1_754' title='bbox 2693 5369 3144 5445; x_wconf 82' lang='lat' dir='ltr'>Manueleimp.,</span> <span class='ocrx_word' id='word_1_755' title='bbox 3168 5378 3250 5428; x_wconf 77' lang='lat' dir='ltr'>ait</span> <span class='ocrx_word' id='word_1_756' title='bbox 3282 5369 3656 5444; x_wconf 63' lang='lat' dir='ltr'>Eph&#39;raafnius</span> <span class='ocrx_word' id='word_1_757' title='bbox 3686 5390 3742 5428; x_wconf 87' lang='lat' dir='ltr'>v.</span> <span class='ocrx_word' id='word_1_758' title='bbox 3775 5375 4145 5445; x_wconf 42' lang='lat' dir='ltr'>4763,.quem</span> 
     </span>
    </p>
   </div>
   <div class='ocr_carea' id='block_1_108' title="bbox 2537 5441 4144 5511">
    <p class='ocr_par' dir='ltr' id='par_1_108' title="bbox 2537 5441 4144 5511">
     <span class='ocr_line' id='line_1_108' title="bbox 2537 5441 4144 5511; baseline 0.004 -17"><span class='ocrx_word' id='word_1_759' title='bbox 2537 5444 2846 5496; x_wconf 90' lang='lat' dir='ltr'>auctorem</span> <span class='ocrx_word' id='word_1_760' title='bbox 2874 5441 3091 5511; x_wconf 80' lang='lat' dir='ltr'>legesis</span> <span class='ocrx_word' id='word_1_761' title='bbox 3120 5441 3469 5501; x_wconf 81' lang='lat' dir='ltr'>narrantem</span> <span class='ocrx_word' id='word_1_762' title='bbox 3499 5445 3574 5500; x_wconf 95' lang='lat' dir='ltr'>de</span> <span class='ocrx_word' id='word_1_763' title='bbox 3603 5445 3856 5501; x_wconf 91' lang='lat' dir='ltr'>concilio</span> <span class='ocrx_word' id='word_1_764' title='bbox 3880 5441 3999 5501; x_wconf 74' lang='lat' dir='ltr'>hoc</span> <span class='ocrx_word' id='word_1_765' title='bbox 4010 5445 4144 5511; x_wconf 88' lang='lat' dir='ltr'>ipso</span> 
     </span>
    </p>
   </div>
   <div class='ocr_carea' id='block_1_109' title="bbox 2538 5510 4147 5589">
    <p class='ocr_par' dir='ltr' id='par_1_109' title="bbox 2538 5510 4147 5589">
     <span class='ocr_line' id='line_1_109' title="bbox 2538 5510 4147 5589; baseline 0.004 -22"><span class='ocrx_word' id='word_1_766' title='bbox 2538 5510 2617 5589; x_wconf 84' lang='lat' dir='ltr'>ob</span> <span class='ocrx_word' id='word_1_767' title='bbox 2639 5518 2774 5568; x_wconf 87' lang='lat' dir='ltr'>eam</span> <span class='ocrx_word' id='word_1_768' title='bbox 2801 5510 3192 5589; x_wconf 32' lang='lat' dir='ltr'>r_e_m’coacto.</span> <span class='ocrx_word' id='word_1_769' title='bbox 3221 5515 3332 5571; x_wconf 81' lang='lat' dir='ltr'>Adi</span> <span class='ocrx_word' id='word_1_770' title='bbox 3368 5522 3657 5589; x_wconf 66' lang='lat' dir='ltr'>praeterea</span> <span class='ocrx_word' id='word_1_771' title='bbox 3684 5517 3949 5574; x_wconf 86' lang='lat' dir='ltr'>Nicetam</span> <span class='ocrx_word' id='word_1_772' title='bbox 3997 5510 4147 5573; x_wconf 86' lang='lat' dir='ltr'>Cho-</span> 
     </span>
    </p>
   </div>
   <div class='ocr_carea' id='block_1_110' title="bbox 2538 5583 3159 5653">
    <p class='ocr_par' dir='ltr' id='par_1_110' title="bbox 2538 5583 3159 5653">
     <span class='ocr_line' id='line_1_110' title="bbox 2538 5583 3159 5653; baseline 0.005 -14"><span class='ocrx_word' id='word_1_773' title='bbox 2538 5583 2768 5640; x_wconf 87' lang='lat' dir='ltr'>niatam</span> <span class='ocrx_word' id='word_1_774' title='bbox 2788 5585 2947 5642; x_wconf 79' lang='lat' dir='ltr'>Hist.</span> <span class='ocrx_word' id='word_1_775' title='bbox 2982 5601 3076 5653; x_wconf 81' lang='lat' dir='ltr'>vn,</span> <span class='ocrx_word' id='word_1_776' title='bbox 3109 5590 3159 5642; x_wconf 81' lang='lat'>5.</span> 
     </span>
    </p>
   </div>
   <div class='ocr_carea' id='block_1_111' title="bbox 837 5308 2416 5389">
    <p class='ocr_par' dir='ltr' id='par_1_111' title="bbox 837 5308 2416 5389">
     <span class='ocr_line' id='line_1_111' title="bbox 837 5308 2416 5389; baseline -0.004 -15"><span class='ocrx_word' id='word_1_777' title='bbox 837 5317 913 5389; x_wconf 84' lang='grc'>(1)</span> <span class='ocrx_word' id='word_1_778' title='bbox 956 5311 1496 5389; x_wconf 77' lang='lat' dir='ltr'>Manuelem._inter</span> <span class='ocrx_word' id='word_1_779' title='bbox 1544 5308 1790 5389; x_wconf 84' lang='lat' dir='ltr'>Joannis</span> <span class='ocrx_word' id='word_1_780' title='bbox 1834 5309 1882 5365; x_wconf 89' lang='grc' dir='ltr'><strong>ΙΙ</strong></span> <span class='ocrx_word' id='word_1_781' title='bbox 1933 5310 2223 5389; x_wconf 80' lang='lat' dir='ltr'>Comneni</span> <span class='ocrx_word' id='word_1_782' title='bbox 2263 5309 2416 5389; x_wconf 83' lang='lat' dir='ltr'>imp.</span> 
     </span>
    </p>
   </div>
   <div class='ocr_carea' id='block_1_112' title="bbox 766 5383 2427 5454">
    <p class='ocr_par' dir='ltr' id='par_1_112' title="bbox 766 5383 2427 5454">
     <span class='ocr_line' id='line_1_112' title="bbox 766 5383 2427 5454; baseline -0.007 -6"><span class='ocrx_word' id='word_1_783' title='bbox 766 5383 924 5448; x_wconf 79' lang='lat' dir='ltr'>ﬁlios</span> <span class='ocrx_word' id='word_1_784' title='bbox 972 5393 1121 5444; x_wconf 90' lang='lat' dir='ltr'>natu</span> <span class='ocrx_word' id='word_1_785' title='bbox 1181 5386 1547 5450; x_wconf 90' lang='lat' dir='ltr'>minimum,</span> <span class='ocrx_word' id='word_1_786' title='bbox 1603 5387 1848 5454; x_wconf 90' lang='lat' dir='ltr'>propter</span> <span class='ocrx_word' id='word_1_787' title='bbox 1914 5383 2178 5454; x_wconf 89' lang='lat' dir='ltr'>majores</span> <span class='ocrx_word' id='word_1_788' title='bbox 2232 5383 2427 5454; x_wconf 90' lang='lat' dir='ltr'>regias</span> 
     </span>
    </p>
   </div>
   <div class='ocr_carea' id='block_1_113' title="bbox 767 5455 2429 5532">
    <p class='ocr_par' dir='ltr' id='par_1_113' title="bbox 767 5455 2429 5532">
     <span class='ocr_line' id='line_1_113' title="bbox 767 5455 2429 5532; baseline -0.008 -11"><span class='ocrx_word' id='word_1_789' title='bbox 767 5464 965 5527; x_wconf 88' lang='lat' dir='ltr'>dotes,</span> <span class='ocrx_word' id='word_1_790' title='bbox 996 5458 1315 5532; x_wconf 75' lang='lat' dir='ltr'>praelatum</span> <span class='ocrx_word' id='word_1_791' title='bbox 1364 5455 2188 5532; x_wconf 42' lang='lat' dir='ltr'>fuisse“testamentohpatris</span> <span class='ocrx_word' id='word_1_792' title='bbox 2226 5457 2429 5532; x_wconf 73' lang='lat' dir='ltr'>utim-</span> 
     </span>
    </p>
   </div>
   <div class='ocr_carea' id='block_1_114' title="bbox 815 5524 2428 5603">
    <p class='ocr_par' dir='ltr' id='par_1_114' title="bbox 815 5524 2428 5603">
     <span class='ocr_line' id='line_1_114' title="bbox 815 5524 2428 5603; baseline -0.006 -12"><span class='ocrx_word' id='word_1_793' title='bbox 815 5524 1018 5592; x_wconf 71' lang='lat' dir='ltr'>erium</span> <span class='ocrx_word' id='word_1_794' title='bbox 1040 5530 1493 5603; x_wconf 88' lang='lat' dir='ltr'>adipisceretur,</span> <span class='ocrx_word' id='word_1_795' title='bbox 1520 5526 1664 5603; x_wconf 79' lang='lat' dir='ltr'>dicit</span> <span class='ocrx_word' id='word_1_796' title='bbox 1693 5531 1907 5603; x_wconf 65' lang='lat' dir='ltr'>praeter</span> <span class='ocrx_word' id='word_1_797' title='bbox 1934 5524 2428 5603; x_wconf 67' lang='lat' dir='ltr'>alioshistoricos</span> 
     </span>
    </p>
   </div>
   <div class='ocr_carea' id='block_1_115' title="bbox 766 5551 2419 5679">
    <p class='ocr_par' dir='ltr' id='par_1_115' title="bbox 766 5551 2419 5679">
     <span class='ocr_line' id='line_1_115' title="bbox 815 5551 2419 5603; baseline -0.006 -12"><span class='ocrx_word' id='word_1_798' title='bbox 815 5551 1009 5592; x_wconf 84' lang='lat' dir='ltr'>crium</span> <span class='ocrx_word' id='word_1_799' title='bbox 1040 5551 1493 5603; x_wconf 69' lang='lat' dir='ltr'>adipisceretur,</span> <span class='ocrx_word' id='word_1_800' title='bbox 1520 5551 1664 5583; x_wconf 79' lang='lat' dir='ltr'>uwu</span> <span class='ocrx_word' id='word_1_801' title='bbox 1693 5551 1907 5599; x_wconf 64' lang='lat' dir='ltr'>printer</span> <span class='ocrx_word' id='word_1_802' title='bbox 1934 5551 2083 5582; x_wconf 72' lang='lat' dir='ltr'>unus</span> <span class='ocrx_word' id='word_1_803' title='bbox 2110 5551 2419 5582; x_wconf 71' lang='lat' dir='ltr'>uiswuuu:</span> 
     </span>
     <span class='ocr_line' id='line_1_116' title="bbox 766 5551 2419 5679; baseline -0.005 -16"><span class='ocrx_word' id='word_1_804' title='bbox 766 5551 1146 5679; x_wconf 59' lang='lat' dir='ltr'>Ephrmmius</span> <span class='ocrx_word' id='word_1_805' title='bbox 1195 5617 1254 5661; x_wconf 77' lang='grc' dir='ltr'><strong>ν.</strong></span> <span class='ocrx_word' id='word_1_806' title='bbox 1306 5602 1467 5657; x_wconf 79' lang='grc'><strong>4048.</strong></span> <span class='ocrx_word' id='word_1_807' title='bbox 1500 5597 1726 5655; x_wconf 88' lang='lat' dir='ltr'>collect.</span> <span class='ocrx_word' id='word_1_808' title='bbox 1769 5599 2000 5669; x_wconf 21' lang='lat' dir='ltr'>vat.,,T.</span> <span class='ocrx_word' id='word_1_809' title='bbox 2040 5600 2130 5654; x_wconf 84' lang='lat' dir='ltr'>ill.</span> <span class='ocrx_word' id='word_1_810' title='bbox 2176 5600 2329 5670; x_wconf 90' lang='lat' dir='ltr'>part.</span> <span class='ocrx_word' id='word_1_811' title='bbox 2372 5600 2419 5655; x_wconf 88' lang='lat' dir='ltr'>l.</span> 
     </span>
    </p>
   </div>
   <div class='ocr_carea' id='block_1_116' title="bbox 763 5678 999 5754">
    <p class='ocr_par' dir='ltr' id='par_1_116' title="bbox 763 5678 999 5754">
     <span class='ocr_line' id='line_1_117' title="bbox 763 5678 999 5754; baseline 0.021 -19"><span class='ocrx_word' id='word_1_812' title='bbox 763 5678 833 5754; x_wconf 55' lang='lat' dir='ltr'>pi</span> <span class='ocrx_word' id='word_1_813' title='bbox 872 5678 999 5740; x_wconf 84' lang='grc'><strong>100.</strong></span> 
     </span>
    </p>
   </div>
  </div>
