4480 6430
268 398 360 454 ξοδ

1580 394 1806 451 THESA
1815 394 1931 450 URI
1968 393 2096 448 LIB.
2136 392 2288 448 XXV.

3514 396 3619 449 206

270 525 391 594 μετὰ
442 528 534 582 τῆς
591 520 785 584 τελείας
844 523 1104 591 Θεότητος,
1164 523 1336 583 καθώς
1381 539 1494 573 τισι
1547 528 1645 571 τῶν
1698 518 1857 589 ἁγίων
1895 518 2039 573 Ani

1852 541 1857 562 ι
1895 521 1942 572 Α
1970 518 2242 581 nitatem,
2279 513 2576 584 majorem
2614 513 3011 586 appellavisse
3059 520 3315 588 Patrem,
3346 518 3621 591 quando-

272 618 354 673 τᾶς
416 610 733 673 Ἐκκλησίας
803 606 1142 663 διδασκάλων
1206 610 1519 672 ἐξείληπται.
1593 614 1713 669 Τοῖς
1778 604 1856 671 δε,

273 706 353 750 καὶ
390 702 530 750 κατὰ
576 707 729 750 τοῦτο
781 696 848 757 δὴ
904 703 962 750 τό
1013 698 1329 773 ἀνθρώπινον
1378 698 1632 769 λεχθῆναι
1680 700 1760 752 τὸ.
1804 695 1861 747 Ὀ

281 793 447 860 Πατήρ
511 807 609 857 μου
676 792 868 859 μείζων
926 790 1026 859 μού
1076 787 1236 855 ἐστιν,
1307 784 1477 839 ἐδόκει
1535 784 1863 859 ἐφερμηνεύε-

281 878 392 927 σθαι
423 898 434 907 ·
482 874 585 925 ἀλλ’
631 878 715 927 ὅτε
762 880 851 946 μὲν
904 879 1038 927 κατὰ
1093 881 1151 927 τό
1207 879 1369 927 αἴτιον
1422 879 1572 946 μόνον
1623 874 1866 945 εἰρῆσθαι

276 968 459 1018 ταύτην
517 964 897 1034 ἐμάνθανον,οἱ
955 961 1187 1023 διδόντες
1243 967 1320 1025 τὸ,
1372 968 1461 1012 και
1517 960 1649 1011 κατά
1702 964 1758 1011 τὸ
1818 958 1864 1009 ἐν

280 1052 407 1119 αὐτῷ
450 1050 765 1115 ἀνθρώπινον
824 1051 1100 1120 λέγεσθαι,
1160 1051 1319 1101 πολλα
1372 1052 1503 1101 κατὰ
1568 1058 1665 1100 τῶν
1732 1049 1865 1098 οὕτω

281 1144 587 1210 φρονούντων
657 1148 881 1210 συνῆγον
947 1140 1169 1191 ἐντεῦθεν
1233 1143 1300 1190 τὰ
1364 1142 1573 1191 ἄτοπα·
1643 1143 1732 1189 καὶ
1794 1136 1868 1198 ἐξα

280 1228 497 1299 ελέγχειν
542 1232 755 1287 τούτους
804 1228 1124 1303 ἐπεχείρουν,
1163 1230 1231 1289 ὡς
1282 1228 1409 1299 οὐχὶ
1458 1232 1546 1277 καὶ
1598 1228 1866 1298 ἄνθρωπον

278 1315 451 1367 τελειον
509 1320 597 1367 τόν
653 1317 808 1367 αὐτόν
872 1320 1102 1390 Χριστὸν
1172 1312 1587 1388 δογματίζοντας
1622 1333 1633 1344 ⁸
1692 1318 1863 1386 ὥσπερ

281 1401 467 1456 δεκαὶ
508 1408 640 1477 πρὸς
687 1410 809 1476 μίαν
851 1403 1203 1477 ἀνακραθέντα
1247 1408 1422 1476 φύσιν,
1455 1409 1541 1455 καὶ
1592 1400 1686 1455 διὰ
1714 1411 1866 1454 τοῦτο

281 1500 383 1552 τοῖς
440 1499 819 1564 μονοφυσίταις
879 1495 983 1545 οἷον
1040 1498 1413 1565 συμπνέοντας.
1471 1492 1593 1544 Ὀτε
1657 1489 1714 1544 δε
1779 1496 1867 1541 καὶ

282 1584 405 1632 κατὰ
461 1586 518 1632 τὸ
588 1581 635 1632 ἐν
702 1586 867 1652 τούτῳ
934 1580 1251 1655 ἀνθρώπινον
1316 1582 1557 1652 λέγεσθαι
1624 1589 1731 1642 τοῖς
1796 1589 1868 1649 τῷ

283 1667 462 1739 τοιῷδε
526 1670 663 1740 λόγῳ
737 1673 1199 1741 προστιθεμένοις,
1268 1670 1449 1721 ἐκεῖνοι
1520 1668 1672 1721 πάλιν
1748 1687 1870 1719 κατ-

286 1762 488 1825 ήκουον,
533 1756 757 1832 διαιρεῖν
805 1760 992 1819 αὐτους
1035 1763 1121 1810 τόν
1172 1762 1258 1810 ἕνα
1300 1762 1528 1831 Χριστὸν
1568 1756 1867 1821 ἐπεϐοώντο,

285 1854 367 1899 καὶ
429 1852 496 1899 τὰ
560 1852 849 1919 Νεστορίου
917 1855 1113 1919 φρονεῖν
1150 1892 1162 1913 ,

287 1940 418 1995 υἱοὺς
459 1941 544 1987 τόν
587 1938 673 1987 ἕνα
728 1941 818 1987 καὶ
876 1930 1194 2008 ἀδιαίρετον.
1251 1941 1349 1987 Καὶ
1399 1939 1654 1996 τοιούτοις
1706 1935 1875 2005 λόγοις

285 2031 367 2077 καὶ
414 2025 709 2077 ἀντιθέσεσι
772 2028 829 2075 τὸ
881 2033 977 2085 τῆς
1030 2026 1191 2095 ἁγνῆς
1252 2024 1577 2085 Ἐκκλησίαςη
1611 2024 1659 2075 ἓν
1724 2034 1876 2095 σῶμα

287 2134 368 2165 και
423 2114 792 2165 αδιάσπαστον
850 2110 985 2184 διχῆ
1046 2111 1302 2185 διαιρεθὲν
1362 2112 1627 2183 ἐσχίζετο,
1685 2122 1874 2186 μικροῦ

288 2200 341 2255 δε
384 2201 649 2258 διίστατο.
698 2210 781 2271 Τῷ
832 2199 890 2253 δε
946 2202 1309 2276 συναπέρρωγε
1361 2209 1450 2253 καὶ
1502 2206 1564 2253 τὰ
1614 2208 1730 2275 περὶ
1783 2208 1876 2259 τὴν

289 2292 568 2362 σύγκλητον
634 2297 723 2343 καὶ
785 2295 871 2342 τόν
938 2292 1095 2343 πολὺν
1158 2294 1321 2342 πάντα
1383 2289 1572 2362 δῆμον,
1631 2302 1727 2341 των
1788 2295 1877 2362 μὲν

285 2385 499 2443 τούτοις,
560 2388 661 2431 τῶν
721 2377 772 2431 δ’
833 2379 1047 2442 ἐκείνοις
1104 2385 1551 2453 συμφρονούντων,
1605 2386 1694 2431 καὶ
1762 2400 1879 2431 συν-

286 2466 393 2539 ῳδὰ
467 2472 823 2541 φθεγγομένων
899 2476 987 2521 καὶ
1054 2469 1481 2542 αντικρινομένων
1561 2478 1669 2530 τοὶς
1736 2471 1881 2541 ἕτερα

284 2557 561 2627 λέγουσιν·
632 2557 818 2629 ἁγυιαὶ
883 2567 1050 2609 ταῦτα
1119 2555 1262 2629 εἶχον
1333 2558 1422 2609 καὶ
1487 2558 1731 2629 λεωφόροι
1792 2566 1881 2610 καὶ⁵

291 2652 532 2698 στενωποὶ
590 2652 679 2698 καὶ
746 2643 900 2713 οἶκοι,
968 2647 1394 2719 περιλαλούμενα.
1464 2646 1618 2699 Ἐστι
1689 2645 1747 2698 δε
1809 2649 1882 2707 οἷς

289 2740 373 2786 καὶ
424 2735 589 2796 ἄλλως
639 2740 696 2787 τό
750 2738 907 2809 ῥητὸν
965 2735 1341 2808 ἐφηρμήνευτο,
1384 2738 1452 2797 ὡς
1496 2745 1588 2787 τοῦ
1646 2745 1883 2808 Σωτῆρος

291 2826 389 2875 οἷον
462 2822 823 2897 ὑποδυομένου
900 2828 957 2876 τό
1024 2834 1119 2886 τῆς
1180 2834 1357 2885 κοινῆς
1440 2834 1539 2876 τῶν
1603 2824 1883 2899 ἀνθρώπων

292 2917 480 2985 φύσεως
518 2915 941 2988 πρόσωπον
996 2914 1125 2966 ἀλλὰ
1173 2912 1239 2972 δὴ
1279 2922 1368 2967 καὶ
1416 2918 1551 2966 κατὰ
1590 2922 1741 2985 μόνον
1797 2918 1884 2965 τὸν

289 3011 373 3062 τῆς
436 3010 699 3062 κενωσεως
763 3008 951 3075 τρόπον
1021 3007 1187 3055 εἷτουν
1265 3002 1705 3074 συγκαταϐάσεως
1742 3020 1754 3031 ·
1826 3004 1883 3055 οὐ

290 3097 384 3162 μὴν
435 3088 495 3143 δε
541 3090 671 3142 ἀλλὰ
717 3098 807 3143 και
855 3094 938 3144 ὅτε
976 3094 1005 3149 ἡ
1059 3101 1149 3143 τοῦ
1197 3098 1390 3165 Κυρίου
1441 3093 1573 3165 σὰρξ
1617 3093 1732 3144 καθ’
1766 3093 1883 3145 ἐαυ-

1970 606 2216 677 quidem
2263 603 2527 660 Christus
2576 603 2872 675 perfectus
2905 606 3083 663 simul
3127 608 3313 664 homo
3345 610 3621 681 Deusque

1970 700 2076 750 est.
2096 694 2204 749 Alii
2231 698 2439 749 contra
2461 692 2795 748 secundum
2820 694 3153 751 humanam
3178 712 3421 769 quoque
3452 702 3621 753 natu-

1971 798 2102 837 ram
2122 779 2509 849 intelligenda
2526 780 3035 850 putabantverba:
3050 784 3237 839 Pater
3250 800 3409 840 meus
3426 788 3623 854 major

1973 889 2064 927 me
2083 881 2187 937 est,
2213 877 2624 926 verumtamen
2656 871 2838 926 iidem
2865 872 2943 939 hi,
2962 876 3063 945 qui
3087 876 3265 930 etiam
3286 876 3621 930 secundum

1974 963 2305 1017 humanam
2338 966 2614 1015 naturam
2646 960 2869 1015 dictum
2904 962 3048 1017 illud
3082 963 3261 1018 fuisse
3302 964 3619 1034 putabant,

1976 1051 2162 1105 multa
2179 1050 2446 1105 absurda
2462 1050 2533 1102 de
2554 1050 2620 1101 iis
2642 1048 3062 1119 diffamabant,
3077 1053 3179 1122 qui
3200 1052 3623 1108 tantummodo

1974 1146 2218 1211 propter
2239 1141 2359 1193 vim
2380 1144 2694 1210 paternam
2722 1139 2841 1193 Filii
2862 1141 3341 1205 causativam,sic
3356 1141 3625 1197 locutum

1976 1229 2275 1284 Christum
2326 1226 2627 1282 docebant
2664 1245 2674 1281 :
2707 1242 2935 1299 eosque
2986 1229 3373 1297 accusabant,
3418 1246 3524 1285 ceu
3576 1231 3626 1285 si

1977 1317 2275 1373 Christum
2305 1316 2636 1388 perfectum
2681 1316 2991 1373 hominem
3035 1333 3159 1373 non
3207 1325 3621 1388 agnoscerent,

1976 1405 2069 1460 vel
2096 1421 2167 1460 ex
2214 1421 2333 1460 una
2378 1409 2725 1459 concretum
2756 1410 2973 1461 natura
3015 1406 3345 1473 crederent,
3371 1408 3626 1480 ideoque

1978 1510 2117 1549 cum
2157 1494 2585 1565 Monophysitis
2630 1494 3061 1564 conspirarent.
3106 1495 3375 1550 Vicissim
3426 1501 3627 1551 autem

1978 1583 2035 1646 ii,
2070 1583 2175 1654 qui
2216 1581 2403 1636 verba
2443 1581 2542 1635 illa
2576 1582 2755 1636 etiam
2796 1582 2870 1637 de
2909 1583 3154 1637 homine
3196 1583 3627 1653 intelligebant,

1980 1672 2258 1740 redargui
2305 1686 2367 1724 se
2398 1670 2745 1738 cernebant,
2780 1675 3073 1743 tanquam
3106 1672 3152 1725 si
3185 1672 3432 1727 unicum
3464 1672 3628 1727 Chri-

1983 1767 2142 1815 stum
2174 1759 2526 1826 dividerent,
2565 1764 2767 1829 atque,
2801 1766 2864 1814 ut
2908 1760 3171 1815 Nestorio
3202 1760 3445 1832 placuit,
3477 1760 3632 1816 duos

1230 1852 1316 1897 καὶ
1382 1847 1451 1907 εὶς
1521 1843 1616 1897 δύο
1677 1852 1872 1915 τέμνειν
1914 1875 1953 1927 Β
1982 1850 2136 1904 ﬁlios
2184 1847 2650 1910 introducerent,
2694 1863 2832 1903 cum
2882 1864 2999 1903 unu

1864 1867 1872 1890 ι
1914 1875 1953 1927 ῃ
1982 1850 2136 1904 ﬁlios
2184 1847 2650 1910 introducerent,
2694 1863 2832 1903 cum
2882 1864 3038 1903 unus
3084 1864 3296 1921 reapse
3347 1850 3421 1904 sit
3453 1854 3633 1921 atque

1982 1938 2349 1993 individuus.
2380 1941 2568 2008 Atque
2600 1936 2689 1990 his
2716 1936 3095 1991 sermonibus
3126 1944 3185 1994 et
3213 1937 3637 1993 contradictio-

1984 2028 2163 2082 nibus
2212 2042 2402 2081 unum
2460 2031 2641 2097 atque
2692 2025 3075 2081 individuum
3127 2031 3305 2081 castae
3362 2026 3636 2083 Ecclesia

1986 2132 2204 2187 corpus
2238 2116 2516 2170 bifariam
2548 2114 2932 2169 scindebant:
2966 2131 3178 2187 resque
3204 2117 3332 2185 jam
3359 2131 3576 2187 parum
3601 2132 3640 2171 a

1988 2205 2306 2260 manifesto
2338 2205 2658 2259 schismate
2690 2203 2919 2260 aberat.
2950 2208 3221 2277 Namque
3252 2206 3405 2260 inter
3434 2221 3495 2260 se
3523 2205 3643 2260 dis-

1988 2294 2222 2349 sidebat
2270 2300 2535 2358 senatus,
2582 2293 2899 2365 plebisque
2953 2294 3298 2363 multitudo,
3343 2295 3490 2350 dum
3542 2294 3641 2350 alii

1990 2384 2119 2437 aliis
2168 2382 2579 2447 adhaererent;
2615 2386 2670 2437 et
2707 2397 2847 2436 cum
2894 2382 2987 2437 his
3037 2383 3483 2455 conspirarunt,
3534 2382 3650 2439 illis

1992 2472 2499 2527 contradicerent:
2530 2476 2709 2543 atque
2735 2473 2815 2527 ita
2845 2470 2998 2537 fora,
3026 2473 3161 2540 viae,
3184 2473 3321 2541 vici,
3341 2472 3522 2537 aedes,
3549 2488 3653 2527 va-

1991 2564 2091 2617 riis
2130 2560 2512 2615 sermonibus
2554 2558 2988 2632 personabant.
3023 2560 3303 2615 Nonnulli
3328 2561 3509 2616 etiam
3540 2560 3652 2616 ali-

1991 2656 2079 2706 ter
2113 2650 2340 2705 dictum
2371 2650 2515 2705 illud
2547 2650 3114 2721 interpretabantur,
3142 2666 3251 2705 ceu
3284 2650 3333 2705 si
3380 2652 3652 2706 Servator

1992 2740 2455 2811 quodammodo
2510 2744 2737 2808 gereret
2793 2744 3019 2793 natura:
3088 2744 3307 2794 nostras
3364 2740 3651 2795 humana:

1995 2844 2355 2901 personam;
2397 2828 2719 2899 solumque
2762 2828 3172 2897 intelligebant
3214 2828 3653 2885 extenuationis

1994 2917 2465 2988 humilitatisque
2505 2918 2758 2971 modum
2798 2934 2811 2970 :
2863 2932 3103 2972 carnem
3154 2918 3414 2990 denique
3458 2918 3653 2973 solam

1996 3024 2103 3081 per
2124 3024 2184 3061 se
2208 3006 2583 3079 spectabant,
2605 3021 2713 3059 ceu
2737 3006 2785 3059 si
2816 3021 2891 3060 ne
2912 3005 3202 3061 divinitati
3224 3007 3469 3078 quidem
3496 3011 3655 3063 esset

1997 3097 2131 3167 cunj
2144 3102 2342 3165 uncta,
2358 3096 2597 3167 aliaque
2610 3095 2711 3165 huj
2724 3095 2961 3149 usmodi
2974 3095 3345 3162 effutiebant,
3361 3112 3497 3168 quas
3514 3101 3656 3167 post

288 3186 376 3237 τὴν
444 3189 637 3231 νοεῖται
703 3181 902 3245 οὕτως,
974 3184 1146 3252 ὥσπερ
1226 3182 1267 3233 εἰ
1333 3178 1471 3252 μηδὲ
1546 3189 1607 3253 τῆ
1682 3184 1886 3237 θεότητι
1927 3202 2057 3276 Cve

1884 3226 1886 3233 ν
1927 3221 1968 3276 C
1997 3202 2200 3241 veram
2235 3187 2320 3240 rei
2354 3191 2753 3240 controversae
2807 3184 3213 3253 cognitionem
3257 3186 3653 3257 Ecclesiaaque

292 3273 486 3326 ἧνωτο·
552 3276 643 3321 καὶ
708 3270 816 3321 ἄλλ’
885 3272 1017 3321 ᾶττα
1083 3270 1553 3343 προϐαλλομένοις,
1619 3271 1746 3345 οἷπερ
1816 3269 1883 3329 δὴ

2000 3274 2386 3329 concordiam
2406 3278 2769 3341 revocatam,
2788 3274 3170 3328 anathemate
3188 3273 3466 3345 perculsa
3491 3278 3653 3330 sunt.

290 3366 450 3409 ταῦτα
512 3362 645 3428 μετὰ
708 3364 803 3416 τὴν
870 3357 1035 3417 ἀληθῆ
1106 3368 1197 3410 του
1261 3360 1581 3431 ζητουμένου
1646 3369 1839 3430 γνῶσιν
1905 3368 1995 3415 καὶ
2036 3369 2148 3421 ,τὴν
2212 3371 2303 3423 τῆς
2370 3362 2679 3421 Ἐκκλησίας
2738 3363 2919 3413 ἕνωσιν
2980 3362 3460 3420 καθυπεϐλήθησαη
3526 3360 3653 3413 ἁνα-

294 3448 468 3517 θέματι
482 3489 493 3500 .

357 3535 418 3606 γ’.
461 3537 614 3587 Οὕτω
674 3533 742 3593 δὴ
799 3546 895 3597 τῆς
952 3536 1268 3597 Ἐκκλησίας
1329 3542 1706 3610 κυμαινομένης
1770 3547 1886 3601 ταῖς

291 3632 376 3675 τοῦ
465 3633 699 3699 πονηροῦ
782 3629 1067 3697 πνεύματος
1157 3630 1344 3700 αὔραις
1381 3668 1393 3691 ,
1483 3628 1885 3698 φιλονεικοῦντος

293 3712 502 3784 ἐκρῆξαι
560 3717 625 3765 τα
678 3724 773 3775 τῆς
811 3722 1038 3777 πίστεως
1090 3722 1377 3788 πείσματα,
1437 3724 1533 3777 τῆς
1588 3716 1884 3790 ἀκρογωνου

290 3807 473 3875 πέτρας
526 3812 762 3877 Χριστου
819 3813 911 3856 τοῦ
962 3808 1028 3855 τὰ
1080 3802 1340 3857 διεστῶτα
1392 3805 1741 3876 συνάψαντος,
1793 3807 1886 3857 οὐκ

290 3891 538 3963 ὴμλησςδ
600 3896 624 3943 ό
682 3902 774 3952 τῆς
825 3903 1083 3965 κοσμικῆς
1138 3894 1367 3965 μεγάλης
1421 3892 1643 3955 ὁλκάδος
1694 3895 1885 3968 κυϐερ-

288 3988 442 4041 νήτης
528 3981 945 4054 προϐεϐλημνος
1033 3986 1278 4056 ἡμέτερος
1368 3982 1614 4055 βασιλεύς
1657 3999 1671 4013 ⁸
1768 3982 1884 4036 οὐδ’

290 4067 619 4133 ἐπινυσταξεν
711 4072 860 4133 οὗτος
953 4074 978 4122 ό
1071 4072 1349 4143 φυλάσσων
1440 4076 1528 4123 τόν
1629 4072 1885 4124 νεόλεκτον

290 4156 494 4230 Ἰσραὴλ
545 4163 636 4211 τόν
690 4166 779 4213 καὶ
837 4164 967 4213 Θεὸν
1005 4162 1203 4235 ὁρῶντα
1255 4169 1326 4230 τῲ
1370 4170 1466 4221 τῆς
1522 4166 1710 4236 σαρκός
1757 4181 1884 4234 προ-

290 4244 508 4320 ϐλήματι
555 4251 921 4322 σκιαζόμενον,
976 4256 1067 4301 καὶ
1121 4260 1191 4321 τῷ
1239 4251 1379 4321 αυτῷ
1421 4259 1533 4321 Θεῷ
1585 4252 1883 4325 καθορώμε-

288 4356 365 4387 νον
420 4344 510 4391 καὶ
566 4340 899 4411 σωζόμενον·
959 4339 1066 4390 ἀλλ’
1107 4343 1174 4400 ὡς
1231 4339 1481 4411 βασιλεὺς
1531 4348 1622 4400 τῆς
1681 4341 1886 4413 εἰρήνης

289 4431 373 4478 καὶ
433 4437 535 4479 τῶν
604 4427 1056 4486 ἐκκλησιαστικῶν
1119 4428 1581 4501 ἐπιστημονάρχης
1648 4429 1772 4481 ἐθῶν
1835 4449 1887 4481 τε

2068 3546 2120 3597 3.
2166 3544 2310 3597 Cum
2340 3541 2455 3597 hac
2482 3544 2837 3612 tempestate
2862 3540 3193 3611 jactaretur
3219 3540 3479 3597 Ecclesia
3506 3539 3653 3599 mali

1998 3632 2245 3703 spiritus
2299 3631 2505 3686 ﬂabris
2555 3628 2967 3701 perﬂantibus,
3014 3630 3463 3703 nitentibusque
3508 3631 3652 3688 ﬁdei

1995 3720 2447 3776 firmamentum
2463 3719 2807 3787 dissolvere,
2826 3720 2887 3773 id
2906 3723 2995 3774 est
3014 3719 3369 3789 angularem
3384 3717 3653 3792 lapidem

1997 3810 2293 3890 Christum
2324 3809 2430 3881 qui
2451 3808 2738 3863 distantia
2765 3809 3109 3879 conjungit;
3134 3808 3299 3864 haud
3332 3808 3653 3865 socordem

1996 3916 2057 3955 se
2075 3899 2347 3971 prtestitit
2366 3914 2466 3953 rex
2487 3902 2688 3953 noster
2707 3898 3004 3953 mundani
3023 3899 3233 3967 magni
3253 3899 3476 3969 navigii
3497 3897 3652 3955 dele-

1996 3995 2123 4045 ctus
2147 3989 2545 4059 gubernator;
2569 4003 2765 4058 neque
2790 3987 3134 4044 darmitavit
3158 3988 3253 4043 hic
3280 3993 3486 4045 custos
3508 3990 3653 4045 novi

1996 4079 2229 4133 Israelis
2250 4077 2353 4150 qui
2385 4077 2575 4131 Deum
2604 4077 2878 4131 humana
2908 4092 3087 4133 carne
3114 4082 3453 4133 contectum
3487 4077 3650 4143 vidit,

1997 4175 2178 4240 atque
2214 4169 2291 4223 ab
2330 4168 2465 4239 ipso
2499 4169 2616 4221 Deo
2641 4166 2919 4222 visitatus
2946 4174 3337 4240 servatusque
3363 4167 3474 4225 fuit
3505 4187 3518 4224 :
3552 4185 3655 4224 ve-

1995 4276 2130 4315 rum
2159 4265 2451 4330 tanquam
2473 4272 2577 4312 rex
2598 4257 2786 4328 pacis,
2807 4262 2863 4312 et
2882 4257 3299 4313 ecclesiasticas
3321 4258 3652 4330 disciplina:

1998 4349 2426 4419 actionumque
2469 4346 2714 4417 sapiens
2763 4346 3129 4417 moderator,
3174 4362 3398 4417 magno
3443 4347 3652 4405 labore

1999 4440 2318 4511 studioque
2344 4439 2422 4493 ad
2459 4437 2521 4492 id
2548 4436 2855 4506 negotium
2885 4437 3173 4493 incubuit.
3206 4440 3272 4493 Et
3294 4453 3653 4510 quanquam

289 4521 373 4567 καὶ
426 4517 665 4589 πράξεων
730 4520 843 4587 (4),
910 4519 1311 4593 φιλοπονώτερον
1373 4525 1491 4591 περὶ
1557 4527 1723 4570 ταῦτα
1796 4523 1887 4570 καὶ
1921 4503 2058 4584 θοι

1921 4503 1967 4558 D
1999 4529 2162 4584 orbis
2184 4527 2449 4583 universi
2479 4542 2675 4595 curas,
2694 4526 2979 4582 imbrium
3001 4527 3280 4596 instar,in
3305 4543 3367 4583 se
3386 4527 3656 4601 quotidie

290 4612 780 4681 φροπιστικώτερον
840 4603 1158 4661 διατίθεται.
1218 4605 1385 4659 Οὐδὲν
1439 4612 1529 4676 μεν
1591 4610 1743 4665 ἡττον
1800 4612 1890 4659 καὶ

290 4703 384 4745 τῶν
449 4698 718 4771 ὁσημέραι
791 4707 1271 4770 παρεμπιπτουσών
1337 4700 1469 4749 κατὰ
1535 4700 1627 4759 τὰς
1705 4696 1891 4772 ὄμϐρι-

292 4790 440 4854 μαίας
506 4792 765 4857 σταγόνας
828 4795 1097 4859 κοσμικῶν
1173 4784 1459 4862 φροντίδων
1536 4785 1891 4858 ἀντιποιούμε-

290 4893 388 4939 νος,
424 4875 537 4927 ὅλον
601 4872 661 4928 δε
718 4878 853 4948 ὅμως
911 4876 1089 4928 ἑαυτὸν
1150 4882 1433 4945 συντείνας,
1486 4875 1558 4949 ἐφ’
1694 4881 1753 4928 τὸ
1802 4881 1892 4949 μὲν

289 4972 466 5015 νοσοῦν
523 4966 782 5037 ὑγιώσαι,
833 4971 920 5018 καὶ
982 4970 1040 5019 τὸ
1100 4962 1382 5041 διαρραγεν
1449 4966 1744 5041 ἁρτιῶσαι·
1802 4971 1892 5017 καὶ

289 5057 411 5123 πρὸς
461 5060 591 5128 μίαν
644 5051 799 5117 αὖθις
849 5058 914 5107 τὰ
968 5057 1139 5107 πάντα
1196 5064 1509 5127 συναγαγεῖν
1565 5055 1884 5129 ὁλομέλειαν.

290 5141 541 5199 Ἐντεῦθεν
612 5150 705 5198 καὶ
770 5148 873 5199 ὅσα
944 5148 1087 5221 παρὰ
1152 5142 1415 5221 διαφόρων
1484 5148 1895 5220 θεοφορουμένων

359 5324 434 5395 (3)
476 5324 634 5381 Hinc
664 5324 1003 5398 Victorinus
1029 5327 1261 5383 Comm.
1293 5324 1356 5381 in
1388 5325 1563 5398 epist.
1595 5325 1674 5382 ad
1705 5324 1895 5382 Galat.

294 5409 420 5467 cap.
475 5413 550 5463 iv,
601 5414 661 5452 v.
693 5400 815 5470 _14.
865 5396 1122 5467 (Collect.
1159 5399 1308 5470 AVat.
1368 5396 1558 5465 tflll,
1620 5404 1773 5470 part.
1838 5415 1895 5465 ii,

294 5482 351 5537 p.
386 5471 473 5537 48)
510 5470 635 5525 ait:
674 5468 1053 5525 Catholicam
1102 5468 1370 5525 Christus
1414 5468 1639 5539 corpus
1670 5471 1752 5525 ad
1781 5484 1901 5523 om-

296 5553 422 5612 nem
466 5540 776 5596 hominem
827 5542 1079 5597 habuit:
1126 5557 1298 5597 omne
1350 5542 1509 5612 quod
1556 5555 1769 5610 passus
1815 5547 1896 5598 est

299 5610 881 5695 cathoticum‘fecit,
920 5614 985 5669 id
1022 5617 1110 5669 est
1150 5619 1217 5669 ut
1260 5610 1451 5670 omnis
1496 5629 1640 5671 caro
1677 5615 1741 5669 in
1788 5613 1900 5669 illo

297 5686 590 5755 Cruci/ﬁxa
616 5685 723 5742 sit.

1998 4624 2239 4677 ruentes
2264 4618 2598 4682 sustineret,
2625 4616 2811 4672 nihilo
2836 4622 3037 4673 tamen
3069 4618 3270 4673 minus
3299 4622 3423 4674 toto
3449 4619 3657 4675 animo

2002 4710 2167 4765 dedit
2205 4725 2453 4780 operam
2486 4713 2550 4763 ut
2592 4722 2755 4777 aegra
2803 4712 3062 4769 sanaret,
3091 4707 3340 4779 disjecta
3388 4709 3653 4775 sarciret,

2004 4807 2183 4872 atque
2222 4799 2301 4855 ad
2332 4799 2619 4853 unitatem
2658 4802 2876 4853 cuncta
2912 4813 3121 4852 rursus
3165 4798 3443 4854 membra
3482 4798 3660 4854 redu-

2002 4895 2175 4945 ceret.
2207 4887 2612 4954 Quamobrem
2656 4886 2981 4942 sententias
3027 4888 3209 4942 etiam
3250 4886 3659 4960 complurium

2002 4980 2429 5051 inspiratorum
2452 4975 2991 5048 theologorumque
3012 4975 3329 5031 hominum
3347 4993 3528 5049 super
3542 4977 3661 5033 hoc

2002 5068 2315 5143 proposito
2364 5068 2617 5139 scriptas
2661 5064 2858 5136 colligi
2905 5060 3355 5138 ordinatimque
3396 5066 3459 5121 in
3502 5065 3659 5122 libro

2002 5159 2245 5233 disponi
2290 5153 2549 5213 curavit:
2584 5159 2765 5227 atque
2794 5155 2909 5210 has
2956 5154 3238 5210 divorum
3276 5155 3661 5212 auctoritates

2074 5322 2150 5393 (4)
2186 5318 2418 5377 Mallem
2434 5316 2506 5393 id
2535 5320 2907 5393 reservatum
2934 5313 3322 5393 pontiﬁcibus
3349 5319 3409 5371 et
3436 5316 3663 5389 episco-

2053 5387 2405 5466 is,'quorum
2430 5390 2591 5445 istud
2614 5404 2855 5466 sacrum
2886 5387 3154 5466 ofﬁcium
3176 5394 3231 5466 et
3251 5387 3663 5466 potestas__est.

2053 5412 2121 5464 IS,
2141 5411 2405 5466 quorum
2430 5411 2591 5445 lSIllU
2614 5411 2855 5444 sacrum
2886 5411 3154 5443 υιιιυιυω
3176 5411 3231 5443 ει
3252 5411 3518 5459 ρυιεειιιδ
3548 5411 3663 5446 ess.

2008 5411 2076 5523 Et
2098 5466 2348 5539 quidem
2380 5466 2621 5539 Graecus
2662 5460 3035 5539 Ephrmmius
3061 5460 3227 5515 haud
3260 5475 3449 5539 unum
3475 5460 3667 5539 dilau:

2009 5532 2137 5595 dat'
2167 5541 2560 5610 Byzantinum
2598 5535 3067 5610 imperatorem,
3129 5536 3449 5610 propterea
3497 5532 3667 5606 quod

2008 5611 2159 5668 nihil
2188 5602 2251 5665 in
2280 5602 3033 5676 ecclesiastica’disciplina
3055 5602 3452 5663 novaverant.
