4480 6430
763 421 870 477 2οῖ

2109 387 2380 447 mem
2416 340 2787 444 caomm

3971 364 4135 429 ’208

770 537 1025 611 singulis
1075 525 1473 589 sanctissimis
1513 516 1872 598 patriarchis
1914 513 2115 589 jussit,
2157 512 2420 585 itemque
2456 511 2539 566 A:

2365 524 2420 567 1e
2456 511 2504 566 Δ
2532 512 2623 561 καὶ
2668 504 2916 577 θεολόγων
2963 498 3169 576 ἀνδρῶν
3220 501 3338 576 περὶ
3387 505 3479 556 τοῦ
3534 495 3872 576 προκειμένου
3931 500 4134 549 σκοποῦ

2365 601 2377 611 υ
2751 596 2762 609 ι
3030 590 3159 611 ﬁ,
3208 599 3231 610 -
3278 610 3285 611 ,
3518 594 3926 611 Αηνινμψμεμω
3980 598 4127 611 μυί

768 601 903 687 aliis
949 622 1194 683 delectis
1250 633 1359 691 per
1413 615 1477 672 id
1526 619 1769 685 tempus
1817 602 2320 677 congregatisque
2361 601 2425 656 in

769 718 976 775 divina
1020 690 1315 781 sacraque
1364 702 1600 777 synodo
1639 698 1800 767 viris,
1827 708 2056 769 perque
2102 692 2216 749 hos
2258 690 2426 763 ipsos

775 806 1053 863 universo
1097 777 1383 867 deinceps
1431 789 1703 849 Ecclesia
1745 783 2013 860 populo:
2041 784 2286 838 Patrum
2314 777 2426 849 igi-

771 901 870 952 tur
898 887 1205 948 sententia
1231 886 1403 941 erant
1429 883 1544 938 ha.

2538 596 2956 668 συνεγράφησαν,
3011 590 3323 663 συλλεγῆναι
3378 594 3469 644 καὶ
3508 594 3930 663 συνεγγραγῆναι
3978 598 4135 638 στοι-

2534 680 2711 759 χηδὸν
2739 678 3012 745 διετάξατο
3044 694 3057 710 ·
3090 684 3181 733 καὶ
3211 676 3280 739 δὴ
3309 684 3401 733 καὶ
3445 680 3536 740 τὰς
3574 679 3814 737 τοιαύτας
3845 684 3946 729 τῶν
3976 672 4136 746 ἁγίων

2534 776 2730 827 τούτων
2777 775 3005 847 χρήσεις
3058 769 3260 841 ἑκάστῳ
3298 776 3400 822 τῶν
3438 787 3494 821 τε
3539 764 3841 840 ἁγιωτάτων
3882 780 4139 837 πατριαρ-

2536 871 2649 936 χῶν
2684 857 2968 920 ἐκδοθῆναι
3019 855 3398 930 διεκελεύσατο,
3426 862 3511 909 ναὶ
3560 860 3662 929 μὴν
3715 858 3805 906 καὶ
3843 860 3953 914 τοῖς
3995 870 4137 909 τηνι-

771 992 943 1038 καῦτα
980 976 1387 1049 συνειλεγμένοις
1423 970 1614 1043 λογάσι
1642 974 1738 1029 τῆς
1781 966 1919 1026 θείας
1962 965 2052 1015 καὶ
2093 960 2228 1037 ἱερᾶς
2268 951 2516 1021 συνόδου,
2548 954 2639 1004 καὶ
2678 946 2751 1004 δι’
2792 946 2960 1002 αὐτῶν
3006 952 3164 1000 παντὶ
3201 954 3274 1018 τῷ
3305 955 3399 1010 τῆς
3443 943 3756 1005 Ἐκκλησίας
3784 940 4096 1018 πληρώματι
4120 958 4136 973 ο

772 1074 807 1128 ἃ
843 1077 933 1126 καὶ
971 1071 1104 1123 κατὰ
1139 1067 1298 1143 ῥητὸν
1338 1062 1496 1122 οὕτως
1535 1062 1745 1133 ἔχουσι.

1138 1206 1352 1267 Sancti
1386 1201 1642 1262 Joannis
1682 1193 2058 1255 Damasceni.

846 1348 899 1399 4.
955 1341 1204 1408 Eorum,
1257 1349 1394 1407 qua
1452 1330 1724 1387 humano
1776 1337 1944 1380 more
1999 1320 2075 1376 de
2124 1317 2431 1375 Servatore

779 1433 1009 1490 Christo
1036 1405 1459 1502 pradicantur,
1477 1418 1600 1476 sive
1625 1415 1808 1482 dicta,
1842 1411 1961 1468 sive
1993 1412 2164 1482 gesta
2193 1405 2428 1485 fuerint,

780 1538 887 1580 sex
916 1516 1085 1577 modi
1113 1519 1273 1572 sunt.
1308 1508 1595 1578 Quadam
1625 1502 1785 1562 enim
1827 1517 1899 1556 ex
1928 1499 2041 1556 illis
2085 1493 2434 1554 naturaliter

778 1612 1011 1669 ratione
1031 1605 1228 1664 carnis
1251 1603 1584 1671 assumpta
1606 1595 1766 1651 facta
1786 1590 2066 1661 dictaque
2096 1589 2254 1651 sunt,
2272 1581 2435 1639 velut

780 1705 990 1775 partus
1034 1712 1107 1751 ex
1150 1690 1407 1762 Virgine,
1442 1680 1621 1759 atque
1668 1680 1857 1738 atatis
1898 1678 2338 1734 incrementum
2380 1672 2438 1725 et

781 1766 1106 1863 profectus,
1130 1782 1342 1843 fames,
1364 1776 1517 1844 sitis,
1542 1768 1911 1840 defatigatio,
1935 1766 2241 1837 lacryma,
2274 1774 2436 1816 som-

783 1893 921 1943 nus,
954 1875 1265 1931 clavorum
1296 1867 1511 1929 ﬁxura,
1545 1877 1710 1918 mors
1761 1856 2001 1929 aliaque
2031 1851 2271 1918 similia,

784 1964 1089 2025 naturales
1114 1966 1171 2018 et
1188 1957 1506 2029 inculpata
1529 1950 1854 2026 passiones
1875 1949 2036 2002 sunt.
2068 1947 2133 1999 In
2159 1940 2253 1998 his
2278 1940 2438 1995 enim

786 2056 1073 2115 omnibus
1093 2053 1286 2105 manet
1300 2044 1539 2119 quidem
1555 2039 1770 2097 divina
1786 2042 2015 2093 natura
2034 2049 2162 2089 cum
2180 2031 2442 2086 humana

788 2142 1155 2217 conjunctio,
1188 2132 1457 2208 corporis
1506 2138 1709 2188 tamen
1740 2144 1811 2183 ea
1853 2140 1992 2180 vere
2022 2136 2152 2177 esse
2182 2117 2440 2175 credun-

785 2205 922 2295 tur;
952 2232 1182 2306 quippe
1208 2205 1346 2283 cum
1377 2220 1660 2279 divinitas
1697 2212 1845 2274 nihil
1869 2215 2089 2270 horum
2112 2205 2440 2284 pertulerit,

788 2326 895 2383 sed
938 2296 1163 2396 per-ea
1210 2315 1467 2371 salutem
1515 2307 1691 2366 nobis
1747 2300 2103 2378 procurarit.
2154 2296 2442 2364 Quadam

789 2383 1217 2473 dissimulandi
1242 2402 1449 2469 modo,
1472 2404 1537 2455 ut
1558 2413 1699 2455 cum
1720 2394 1795 2451 de
1819 2396 2039 2450 Lazaro
2060 2386 2303 2462 quat-it:
2337 2383 2448 2441 Ubi

782 2503 1067 2578 posuistis
1099 2494 1302 2555 eum”?
1332 2494 1477 2548 Cum
1509 2490 1732 2553 orat,et
1761 2500 1901 2540 cum
1933 2497 1995 2537 se
2022 2476 2321 2535 subducit.
2348 2471 2443 2529 His

790 2564 952 2655 enim
975 2605 1171 2663 neque
1194 2589 1259 2642 ut
1278 2586 1433 2640 Deus
1452 2593 1650 2651 neque
1670 2581 1735 2631 ut
1754 2576 1939 2631 homo
1969 2586 2123 2642 opus
2143 2564 2439 2624 habebat:

788 2700 994 2744 verum
1014 2654 1285 2738 humano
1303 2686 1471 2729 more
1490 2666 1635 2724 illud
1654 2660 2037 2739 praetexebat,
2052 2654 2219 2731 quod
2239 2667 2418 2710 neces

792 2777 939 2832 sitas
977 2776 1156 2841 atque
1199 2763 1419 2820 utilitas
1449 2754 1832 2827 exposcebat.
1867 2748 2154 2806 Nimirum
2196 2742 2442 2808 idcirco,

789 2870 960 2939 puta,
987 2854 1373 2933 precabatur,
1402 2853 1470 2905 ut
1499 2863 1561 2903 se
1591 2843 1841 2901 minime
1872 2843 1990 2895 Deo
2021 2831 2323 2892 adversari
2352 2845 2446 2885 os-

789 2922 1089 3015 tenderet;
1121 2950 1306 3015 utque
1333 2943 1586 3004 Patrem,
1612 2930 1773 2989 velut
1803 2928 1895 2985 sui
1921 2941 2192 2988 causam,
2216 2922 2445 2977 honore

789 3013 1541 3101 atﬁceret.lnterrogabat,
1582 3038 1706 3079 non
1750 3018 1916 3093 quod
1962 3016 2209 3087 ignarus
2257 3013 2442 3074 esset;

792 3132 898 3188 sed
938 3132 1003 3185 ut
1050 3141 1133 3190 se,
1176 3132 1531 3193 quanquam
1585 3115 1741 3168 Deus
1784 3105 2091 3171 manebat,
2137 3098 2446 3157 hominem

789 3232 1037 3294 quoque
1065 3228 1205 3269 vere
1232 3223 1361 3285 esse
1385 3203 1850 3261 demonstraret.
1881 3198 2015 3251 Hac
2040 3190 2301 3261 denique
2330 3183 2448 3258 ipsi

790 3276 979 3366 causa
1022 3278 1342 3360 secedendi
1378 3300 1526 3362 erat,
1554 3294 1619 3347 ut
1661 3304 1773 3345 nos
1808 3286 2048 3341 doceret
2075 3276 2342 3353 pericula
2367 3281 2448 3330 te-

789 3414 953 3457 mere
983 3409 1107 3452 non
1132 3390 1321 3456 adire,
1339 3400 1449 3441 nec
1474 3397 1587 3438 nos
1606 3379 1775 3451 ipsos
1796 3374 1951 3431 ultro
1980 3369 2257 3444 prodere.
2279 3367 2447 3432 Qua-

790 3488 935 3545 dam
960 3497 1174 3541 rursus
1205 3477 1487 3533 dicuntur
1515 3485 1622 3543 per
1642 3464 2120 3536 assumptionem
2153 3462 2236 3519 ut,
2260 3452 2441 3511 illud:

787 3581 947 3635 Deus
976 3587 1163 3640 meus,
1194 3570 1350 3623 Deus
1381 3541 1564 3625 meus,
1597 3563 1664 3613 ut
1702 3554 1849 3627 quid
1877 3567 1969 3607 me
1996 3541 2445 3617 deretiquistz’“?

788 3669 935 3724 Item
952 3681 965 3720 :
985 3664 1122 3732 Ipse
1136 3635 1329 3716 Filius
1351 3653 1527 3709 Patri
1546 3642 1955 3716 subjiciatur“.
1980 3642 2095 3695 Nec
2116 3635 2275 3693 enim
2299 3646 2445 3705 qua-

786 3763 963 3815 tenus
994 3756 1151 3809 Deus
1182 3762 1293 3804 nec
1322 3745 1622 3816 quatenus
1656 3736 1862 3799 homo,
1892 3748 1929 3787 a
1960 3732 2126 3786 Patre
2170 3737 2444 3796 unquam

785 3811 1107 3903 derelictus
1136 3838 1273 3894 fuit:
1302 3811 1412 3890 nec
1437 3831 1778 3903 peccatum,
1807 3837 1918 3877 nec
1946 3816 2334 3875 maledictum
2355 3811 2443 3867 fa-

1030 3974 1046 3997 ,
1064 3944 1176 3986 nec
1194 3923 1348 3982 Patri
1365 3918 1579 3990 subjici
1600 3931 1756 3987 opus
1773 3910 1977 3968 habet.
1990 3905 2151 3963 Eteni

784 4043 920 4097 nus,
942 4026 1095 4079 Deus
1113 4023 1223 4085 est,
1241 4008 1490 4087 aqualis
1512 4012 1599 4064 est
1617 4002 1790 4069 Patri,
1806 4016 1926 4057 non
1946 4003 2149 4055 autem
2166 3993 2445 4050 adversa-

785 4086 932 4181 rius],
964 4126 1078 4169 nec
1108 4086 1446 4178 subjectus:
1479 4100 1780 4171 quatenus
1810 4097 2012 4147 autem
2051 4086 2255 4150 homo,
2288 4095 2443 4136 nun-

784 4220 975 4280 quam
991 4201 1284 4258 adversus
1299 4168 1532 4249 Patrem
1544 4189 1721 4242 contu
1732 4198 1871 4238 max
1884 4178 2010 4235 fuit.
2027 4178 2109 4232 Ex
2122 4189 2242 4247 quo
2258 4168 2444 4243 sequi-

784 4265 901 4361 tur,
921 4307 1083 4358 eum,
1108 4283 1295 4344 nostri
1318 4280 1637 4349 assumpta
1665 4285 1945 4346 persona,
1973 4270 2176 4339 partes
2206 4265 2447 4318 nostras

788 4374 1309 4455 suspiciendo,his
1330 4367 1529 4426 verbis
1550 4379 1729 4421 usum
1752 4373 1904 4416 esse.
1932 4353 2222 4422 Quadam
2244 4354 2446 4407 autem

784 4436 1311 4548 perexcogitatam
1329 4463 1527 4517 mente
1543 4450 1962 4528 pracisionem
1981 4444 2279 4500 dicuntur.
2298 4436 2445 4494 Nam

786 4566 836 4621 si
856 4580 928 4620 ea
947 4576 1085 4634 qua
1107 4569 1313 4614 revera
1329 4548 1441 4620 disj
1454 4544 1597 4615 ungi
1613 4543 1941 4613 nequeunt,
1955 4535 1997 4591 h

787 4669 827 4710 ε.
851 4621 1067 4715 Verbo,
1095 4640 1421 4715 cogitando
1461 4630 1813 4705 sejunxeris,
1848 4641 1988 4681 caro
2019 4636 2195 4679 serva
2238 4623 2365 4675 erat
2392 4621 2450 4673 et

784 4742 1035 4812 ignara:
1070 4709 1281 4792 verum
1322 4726 1536 4785 eadem
1570 4713 2133 4790 ob‘hypostaticam
2161 4724 2301 4764 cum
2329 4709 2447 4762 Deo

784 4830 979 4887 Verbo
1005 4821 1493 4897 conjunctiouem
1524 4812 1587 4870 id
1614 4808 1849 4875 habuit,
1871 4808 1938 4859 ut
1965 4818 2075 4859 nec
2101 4814 2272 4856 serva
2296 4800 2451 4853 esset

785 4936 897 4978 nec
926 4892 1163 4990 ignara.
1204 4908 1431 4968 Eadem
1458 4903 1534 4960 de
1566 4913 1753 4957 causa
1783 4898 2013 4951 Patrem
2053 4892 2238 4946 Deum
2269 4898 2448 4942 suum

785 4973 1044 5068 vocavit.
1076 5000 1371 5072 Quadam
1394 5009 1539 5053 vero
1563 4988 1781 5053 aiebat,
1804 4988 1871 5040 ut
1900 4997 1964 5039 se
1992 4979 2169 5036 nobis
2196 4973 2448 5033 manife-

790 5104 994 5169 staret,
1023 5062 1417 5163 nostramque
1450 5082 1722 5141 ﬁrmaret
1746 5074 1955 5142 ﬁdem,
1979 5067 2159 5127 veluti
2186 5080 2327 5122 cum
2357 5062 2447 5119 di-

919 5154 1405 5255 Pdter,ctari/ica
1424 5189 1518 5232 me
1534 5170 1817 5229 claritate
1844 5175 2025 5255 quam
2043 5157 2255 5255 habui,
2272 5154 2449 5255 prius

788 5242 1251 5356 oaarnimur'zdus
1272 5242 1438 5334 esset,
1462 5260 1629 5334 apud
1649 5257 1761 5316 te“.
1789 5250 2019 5311 Etenim
2040 5248 2167 5321 ipse
2193 5242 2444 5319 quidem

788 5338 845 5430 et
873 5374 1018 5427 tunc
1046 5360 1409 5422 clariﬁcatus
1442 5356 1587 5419 erat,
1616 5353 1674 5405 et
1717 5359 1880 5403 nunc
1910 5338 2311 5397 clariﬁcatur:
2342 5348 2445 5390 ne-

2722 1189 2826 1237 Τοῦ
2865 1181 3017 1255 ἁγίου
3058 1179 3295 1234 Ἰωάννου
3333 1185 3424 1233 τοῦ
3464 1182 3811 1252 Δαμασκηνοῦ
3851 1175 3950 1247 (5).

2613 1304 2679 1364 δ’.
2719 1312 2831 1362 Τῶν
2887 1304 3334 1382 ἀνθρωποπρεπῶς
3392 1302 3479 1357 ἐπὶ
3540 1310 3632 1356 τοῦ
3696 1304 3932 1375 Χριστοῦ
3995 1293 4143 1368 λεγοο

2540 1402 2700 1474 μένων
2768 1400 2867 1450 εἴτε
2932 1390 2980 1448 ἐν
3039 1392 3272 1469 ῥήμασιν
3331 1396 3430 1446 εἶτε
3500 1391 3549 1444 ἐν
3614 1395 3893 1465 πράγμασι
3957 1390 4144 1463 τρόποι

2542 1489 2673 1543 εἰσὶν
2722 1486 2799 1550 ἓξ.
2854 1487 2930 1539 Τὰ
2985 1484 3075 1558 μὲν
3127 1486 3228 1556 γὰρ
3269 1482 3437 1535 αὐτῶν
3494 1480 3631 1534 κατᾶ
3682 1483 3837 1551 φύσιν
3884 1476 4142 1547 οἰκονομι-

2542 1586 2645 1639 κῶς
2683 1578 2974 1651 πέπρακταί
3018 1592 3074 1627 τε
3119 1573 3209 1624 καὶ
3254 1570 3491 1643 λέγεται⁶
3548 1564 3653 1622 οἷον
3706 1570 3733 1620 ό
3780 1563 3836 1620 ἐκ
3880 1561 4143 1638 Παρθένου

2541 1672 2712 1731 τόκος,
2766 1667 2796 1723 ἡ
2851 1663 2969 1716 καθ’
3027 1661 3232 1720 ἠλικίαν
3288 1656 3502 1723 αὔξησίς
3557 1675 3612 1711 τε
3665 1661 3754 1709 καὶ
3806 1656 4069 1729 προκοπὴ,
4109 1648 4140 1709 ἠ

2542 1764 2712 1823 πεῖνα,
2766 1755 2797 1813 ἡ
2851 1749 3008 1824 δίψα,
3066 1752 3092 1803 ὁ
3143 1754 3318 1815 κόπος,
3373 1750 3399 1801 ὁ
3460 1749 3637 1813 ὕπνος,
3691 1744 3750 1799 τὸ
3809 1740 4060 1817 δάκρυον,
4109 1741 4139 1798 ἣ

2300 1863 2437 1921 qua
2475 1828 2515 1881 Β
2546 1855 2645 1900 τῶν
2699 1843 2834 1903 ἦλων
2885 1849 3091 1915 τρῆσις,
3143 1840 3168 1891 ό
3223 1841 3460 1903 θάνατος,
3499 1841 3589 1889 καὶ
3645 1836 3712 1888 τὰ
3765 1840 4003 1895 τοιαῦτα,
4045 1830 4147 1881 ὅσα

2548 1936 2748 2009 φυσικὰ
2802 1936 2893 1984 καὶ
2928 1926 3246 1990 ἁδεάϐλητα⁴
3274 1929 3417 1986 πάθη
3475 1927 3852 1998 τυγχάνουσιν.
3897 1920 3979 1973 Ἐν
4031 1918 4147 1972 τού-

2548 2043 2657 2086 τοις
2702 2023 2804 2095 γὰρ
2863 2019 3033 2072 ἅπασι
3074 2017 3216 2091 μίξις
3267 2021 3358 2090 μίν
3416 2014 3529 2069 ἑστι
3583 2021 3677 2067 τοῦ
3736 2014 3872 2066 θείου
3918 2011 4044 2082 πρὸς
4087 2009 4146 2059 τὸ

2552 2113 2901 2189 ἀνθρώπινον⁹
2960 2108 3093 2167 πλὴν
3140 2113 3231 2160 τοῦ
3299 2112 3541 2179 σώματος
3607 2102 3808 2164 ἀληθῶς
3875 2098 4004 2153 εἶναι
4061 2113 4150 2149 πι-

2554 2204 2806 2269 στεύεται,
2860 2194 3012 2251 οὐδὲν
3077 2198 3267 2249 τούτων
3327 2202 3416 2247 τοῦ
3485 2194 3623 2246 θείου
3688 2193 4011 2262 πάσχοντος,
4073 2180 4148 2237 δι’

2552 2291 2720 2345 αὐτῶν
2770 2286 2829 2341 δὲ
2858 2293 2951 2347 τὴν
3008 2288 3155 2359 ἡμῶν
3211 2284 3599 2356 οἰκονομοῦντος
3653 2282 3938 2352 σωτηρίαν.
3968 2276 4047 2332 Τὰ
4089 2268 4151 2325 δε

2551 2384 2686 2433 κατα
2749 2381 3126 2452 προσποίησιν,
3185 2377 3244 2426 τὸ
3304 2371 3496 2446 ἐρωτᾷν
3550 2376 3658 2424 Ποῦ
3717 2369 3979 2421 τεθείκατε
4044 2361 4152 2415 Λά-

2554 2470 2732 2543 ζαρον,
2791 2468 2821 2525 ἡ
2891 2467 3191 2540 προσευχὴ,
3234 2464 3291 2514 τὸ
3349 2462 3735 2531 ὑπαναχωρεῖν.
3792 2458 3996 2508 Τούτων
4045 2451 4149 2523 γὰρ

2552 2560 2669 2610 οὔτε
2734 2557 2805 2618 ὡς
2866 2556 3017 2615 Θεὸς,
3081 2554 3198 2604 οὔτε
3264 2552 3328 2609 ὡς
3392 2550 3663 2615 ἄνθρωπος
3726 2540 3959 2618 ἔχρῇζε·
4014 2539 4149 2596 πλὴν

2553 2645 3001 2721 ἀνθρωποπρεπῶς
3066 2639 3460 2712 ἐσχηματίζετο
3520 2640 3647 2711 πρὸς
3707 2636 3828 2705 ὅπερ
3896 2632 3926 2690 ἡ
3990 2630 4153 2704 χρεία

2551 2741 2641 2789 καὶ
2678 2738 2736 2787 τὸ
2790 2731 3047 2791 λυσιτελὲς
3105 2729 3310 2801 ἀπῄτει.
3362 2728 3482 2779 Οἷον
3540 2730 3633 2784 τὴν
3685 2725 4014 2796 προσευχὴν,
4058 2713 4152 2770 διὰ

2552 2829 2610 2877 τὸ
2666 2821 2835 2886 δεῖξαι
2889 2822 2953 2882 ὠς
3014 2820 3109 2872 οὐκ
3161 2820 3303 2871 ἔστιν
3360 2814 3657 2876 ἀντίθετος·
3716 2817 3805 2865 καὶ
3862 2811 3926 2870 ὡς
3983 2811 4150 2860 αἴτιον

2554 2914 2715 2967 αὐτοῦ
2770 2921 2933 2984 τιμῶν
2982 2914 3068 2963 τὸν
3112 2912 3339 2983 Πατέρα.
3392 2910 3462 2959 Τὸ
3512 2904 3724 2979 ἐρωτᾷν,
3785 2901 3878 2954 ούκ
3931 2897 4150 2970 ἀγνοῶν,

2556 3003 2661 3056 ἀλλ’
2722 3004 2805 3056 ἵνα
2859 2997 3003 3072 δείξῃ
3068 2998 3136 3060 ὡς
3188 2999 3324 3049 κατὰ
3390 2994 3631 3053 ἀλήθειάν
3689 2989 3828 3044 ἐστιν
3886 2990 4153 3061 ἄνθρωπος

2554 3096 2684 3166 μετά
2731 3098 2824 3145 τοῦ
2878 3088 3008 3142 εἶναι
3057 3092 3225 3148 Θεὸς’
3275 3088 3333 3138 τὸ
3378 3086 3762 3157 ύπαναχωρείν,
3817 3081 3899 3132 ἵνα
3951 3073 4147 3147 διδάξῃ

2488 3176 2527 3230 C
2554 3187 2626 3256 μὴ
2668 3179 3077 3257 προπετεύεσθαι
3119 3172 3258 3249 μηδὲ
3316 3174 3529 3235 ἑαυτούς
3582 3166 3919 3244 προδιδόναι.
3959 3168 4037 3219 Τὰ
4093 3161 4153 3216 δε

2555 3271 2669 3325 κατ’
2724 3270 2984 3323 οἰκείωσιν
3018 3283 3031 3296 ·
3092 3266 3157 3326 ὡς
3213 3268 3293 3332 τὸ,
3351 3267 3446 3317 Θεέ
3500 3281 3623 3335 μου,
3674 3264 3769 3313 Θεέ
3823 3277 3958 3331 μου,
4016 3256 4152 3306 ἱνατὶ

2554 3361 2609 3433 μ’
2676 3356 3038 3431 έἹκατελιπες⁹
3109 3358 3199 3406 καὶ
3249 3356 3330 3423 τὸ,
3391 3351 3553 3413 Αὐτὸς
3621 3350 3647 3401 ὁ
3703 3350 3826 3409 Υἱὸς
3890 3346 4153 3414 ὑποτα7ἠ“

2557 3469 2704 3502 σεται
2744 3456 2815 3518 τῷ
2873 3448 3057 3517 Πατρί.
3120 3446 3254 3495 Οὔτε
3308 3444 3409 3514 γὰρ
3465 3440 3533 3501 ὡς
3591 3441 3719 3499 Θεὸς
3772 3438 3887 3488 οὔτε
3947 3435 4011 3493 ὡς
4066 3433 4154 3485 οἶν-

2558 3541 2755 3612 θρωπος
2814 3533 3177 3607 ἐγκατελείφθη
3237 3533 3360 3583 ποτε
3415 3530 3516 3581 ὑπὸ
3573 3535 3693 3598 τοῦ,
3732 3526 3969 3598 Πατρός*
4038 3523 4152 3573 οὔτε

2553 3628 2786 3703 ἁμαρτία
2818 3668 2832 3693 ,
2890 3626 3007 3676 οὔτε
3067 3622 3269 3696 κατάρα
3334 3623 3572 3691 γέγονεν,
3646 3618 3759 3668 οὔτε
3827 3614 4153 3682 ὑποταγῆναι

2551 3700 2744 3793 χρῇ-ζει
2785 3722 2857 3786 τῷ
2896 3716 3084 3786 Πατρί.
3125 3711 3266 3763 Καθό
3309 3711 3399 3780 μεν
3443 3710 3545 3781 γὰρ
3594 3709 3725 3768 Θεὸς
3772 3707 3883 3764 ἶσος
3927 3700 4040 3754 ἐστὶ
4077 3706 4151 3770 τῷ

2554 3812 2741 3880 Πατρὶ,
2785 3808 2873 3857 καὶ
2922 3798 3045 3854 οὐδὲ
3092 3799 3313 3859 ἐναντίος
3365 3794 3489 3849 οὐδὲ
3538 3798 3977 3867 ὑποτεταγμενοςο
4020 3791 4151 3842 καθὸ

2555 3894 2615 3950 δὲ
2678 3897 2948 3969 ἄνθρωπος
3007 3886 3257 3942 οὐδέποτε
3312 3885 3523 3947 ἀνήκοος
3576 3890 3754 3956 γέγονε
3814 3890 3906 3935 τοῦ
3966 3883 4151 3936 Γεννή-

2554 4004 2725 4061 τορος.
2782 3986 2851 4035 Τὸ
2918 3981 3162 4052 ἡμέτερον
3220 3980 3390 4028 τοίνυν
3453 3974 3795 4046 οἰκειούμενος
3850 3973 4151 4043 πρόσωπον,

2553 4080 2644 4128 καὶ
2708 4072 2820 4147 μεθ’
2882 4073 3027 4143 ἡμῶν
3080 4070 3292 4121 τάσσων
3355 4065 3571 4128 ἑαυτὸν,
3634 4070 3798 4115 ταῦτα
3857 4059 4010 4131 ἔλεγε.
4044 4057 4155 4111 ΔἸἐὶι

2557 4163 2615 4217 δὲ
2663 4160 2757 4215 διὰ
2797 4165 2891 4219 τὴν
2943 4157 3059 4211 κατ’
3113 4155 3340 4209 ἰπίνοιαν
3408 4151 3688 4225 διαίρεσιν.
3743 4152 3859 4204 Ἐὰν
3918 4152 4019 4223 γαρ
4085 4153 4149 4219 τῇ

2554 4253 2755 4325 ἐπινοίᾳ
2807 4246 2980 4322 διέλῃς
3026 4250 3092 4300 τὰ
3138 4254 3199 4318 τῇ
3253 4242 3468 4315 ἀληθείᾳ
3508 4241 3815 4316 ἀχώριστα,
3860 4244 4023 4311 ἤγουν
4060 4240 4154 4295 τὴν

2556 4346 2731 4416 σάρκα
2780 4338 2828 4391 ἐν
2889 4345 2977 4390 τοῦ
3025 4340 3207 4408 Λόγου,
3254 4334 3284 4391 ἡ
3343 4332 3476 4408 σὰρξ
3529 4327 3690 4389 δούλη
3747 4325 3808 4389 ἦν
3863 4333 3952 4380 καὶ
4009 4324 4156 4397 ἀγνο-

2554 4440 2690 4485 οῦσα
2714 4448 2726 4461 °
2760 4428 2889 4482 ἀλλὰ
2928 4424 3022 4479 διὰ
3054 4428 3149 4482 τὴν
3201 4426 3331 4499 πρὸς
3362 4426 3449 4475 τὸν
3490 4424 3617 4474 Θεὸν
3649 4424 3745 4487 Λό,
3782 4439 3836 4472 ον
3883 4416 3999 4470 καθ’
4031 4417 4156 4468 ὑπὸ·

2001 4550 2072 4591 oc
2092 4536 2183 4589 est
2204 4544 2446 4587 carnem
2478 4532 2521 4586 D
2558 4540 2741 4576 στασιν
2780 4520 2960 4571 ἕνωσιν
3004 4517 3120 4568 οὔτε
3159 4510 3321 4570 δουλη
3364 4507 3447 4580 ἦν,
3480 4514 3597 4564 οὔτε
3626 4509 3770 4581 ἡγνὸε

2387 4544 2446 4583 m
2478 4532 2521 4586 D
2558 4540 2741 4576 στασιν
2780 4520 2960 4571 ἕνωσιν
3004 4517 3120 4568 οὔτε
3159 4510 3321 4570 δουλη
3364 4507 3447 4580 ἦν,
3480 4514 3597 4564 οὔτε
3626 4509 3820 4581 ἠγνόει.
3870 4508 4022 4560 Οὕτω
4065 4509 4156 4557 καὶ

2555 4615 2682 4665 Θεὸν
2738 4609 2924 4661 ἑαυτοῦ
2976 4607 3062 4657 τὸν
3123 4606 3329 4675 Πατέρα
3380 4600 3590 4654 ἐκάλεσε
3623 4616 3635 4630 ⁶
3677 4601 3741 4652 τὰ
3795 4594 3853 4651 δὲ
3912 4593 4007 4650 διὰ
4060 4597 4155 4653 τήν

2553 4704 2680 4774 πρὸς
2744 4698 2883 4771 ἡμᾶς
2936 4697 3220 4769 φανέρωσίν
3272 4710 3327 4744 τε
3372 4695 3463 4743 καὶ
3514 4694 3716 4745 πίστιν.
3765 4686 3853 4749 Ὠς
3906 4688 3994 4754 τὸ,
4040 4685 4156 4738 Πά-

2555 4809 2670 4864 τερ,
2734 4784 2959 4850 δόξασόν
3020 4802 3083 4857 με
3142 4788 3203 4855 τῇ
3272 4776 3400 4853 δόξῃ
3565 4774 3709 4851 εἶχον
3748 4781 3849 4851 πρὸ
3915 4782 4008 4828 τού
4067 4776 4156 4826 τὸν

2553 4884 2751 4952 κόσμον
2812 4871 2942 4929 εἶναι
3007 4874 3152 4945 παρὰ
3218 4875 3324 4925 σοί.
3381 4869 3547 4931 Αὐτὸς
3611 4871 3713 4940 γὰρ
3773 4862 4158 4937 δεδοξασμένος

2555 4964 2617 5028 ἧν
2668 4987 2722 5020 τε
2775 4970 2864 5018 καὶ
2929 4962 3107 5016 ἐστίν’
3175 4958 3281 5012 ἀλλ’
3348 4959 3473 5031 ἡμῖν
3539 4956 3633 5009 οὐκ
3692 4952 3753 5015 ἦν
3807 4955 4161 5029 φανερωθεῖσα

2554 5062 2646 5111 καὶ
2677 5055 3007 5109 πιστωθεῖσα
3048 5051 3077 5109 ἡ
3124 5045 3263 5112 ,δόξα
3310 5047 3471 5100 αὑτοῦ
3495 5061 3509 5076 ·
3544 5048 3612 5099 τὰ
3655 5042 3733 5111 δὲ,
3767 5046 3904 5097 κατὰ
3941 5049 4035 5103 τὴν
4066 5062 4159 5095 τευ

2557 5143 2855 5203 Ἰουδαϊκοῦ
2938 5146 3224 5218 προσώπου
3301 5138 3587 5191 οἰκείωσιν.
3675 5140 3775 5188 Καὶ
3856 5136 3987 5208 μετὰ
4059 5141 4161 5185 τῶν

2556 5234 2827 5294 Ἰουδαίων
2867 5232 3100 5309 ἀριθμῶν
3150 5228 3366 5282 ἑαυτόν·
3419 5224 3483 5288 ὡς
3529 5227 3658 5300 πρὸς
3708 5229 3801 5282 τὴν
3851 5226 4163 5296 Σαμαρεῖτίν

2555 5347 2712 5403 φησιν
2756 5347 2769 5360 ·
2825 5323 2994 5397 Ὑμεῖς
3058 5325 3421 5393 προσκευνεῖτε
3487 5317 3513 5368 ὃ
3571 5315 3665 5368 οὐκ
3731 5310 3955 5367 οἶδατεο
4016 5314 4167 5385 ἡμεῖς

860 5534 882 5571 ⁸
920 5534 1094 5591 Joan.
1124 5544 1203 5595 ιι,
1235 5526 1325 5583 34.
1402 5520 1423 5558 ⁴
1464 5513 1668 5576 Matth.
1698 5525 1868 5581 xxvu,
1900 5504 1989 5564 46.
2067 5499 2092 5539 ⁸
2129 5504 2152 5558 1
2183 5500 2314 5557 Cor.
2343 5511 2448 5563 xv,
2475 5497 2566 5551 28.

1317 5565 1325 5580 .
1402 5520 1423 5558 ⁴
1464 5513 1668 5576 Matth.
1698 5525 1868 5581 xxvu,
1900 5504 1989 5564 46.
2067 5499 2092 5539 ⁸
2129 5504 2152 5558 1
2183 5500 2314 5557 Cor.
2343 5511 2448 5563 xv,
2475 5497 2566 5551 28.
2641 5491 2664 5527 ⁸
2702 5491 2874 5547 Joan.
2911 5489 2994 5555 t7,

858 5680 934 5753 (ξς)
975 5677 1061 5735 De
1103 5670 1224 5746 ﬁde
1264 5663 1625 5753 orthodoxa,
1653 5655 1763 5718 lib.
1790 5669 1870 5724 ιν,
1902 5663 2039 5727 cap.
2074 5648 2160 5718 18,
2193 5640 2335 5703 edit.
2380 5632 2705 5721 Leqnienii,
2737 5635 2783 5693 t.
2823 5633 2865 5705 Ι,
2899 5645 2961 5707 p.
3001 5630 3129 5689 286.
3160 5624 3425 5701 Carptim
3470 5626 3676 5682 tamen
3720 5618 3852 5679 hac
3899 5613 4138 5679 desumi

789 5744 1211 5836 excerptorum
1237 5744 1471 5803 auctor.
