4480 6430
1644 400 1995 459 τεεελυιιι
2038 400 2171 459 LIB.
2219 401 2371 458 XXV.

3585 406 3689 462 210

320 537 721 604 προσκυνοῦμεν
768 530 795 585 ὃ
824 525 1042 604 οἶδαμεν
1070 548 1084 566 θ
1125 528 1208 584 ὅτι
1249 528 1279 591 ἡ
1316 530 1554 601 σωτηρία
1595 523 1650 583 εκ
1678 532 1779 582 τῶν
1809 526 1935 581 Ἰου-
1965 528 2015 583 Α
2040 542 2089 601 q‘

1919 556 1935 568 -
1965 528 2015 583 Α
2040 541 2351 601 quaquam
2374 529 2575 584 tamen
2597 525 2773 584 nobis
2796 525 3034 584 claritas
3050 526 3182 598 ejus
3202 524 3502 599 patefacta
3525 542 3688 584 com-

322 617 358 672 δ
361 624 491 672 uim
523 618 685 676 ἔστὶν.

2032 615 2411 689 probataque
2441 621 2586 673 erat.
2620 619 2925 676 Postremo
2950 616 3251 673 interdum
3280 616 3364 673 ita
3392 615 3687 689 loqueba-

320 711 442 779 tur,
467 713 762 783 tanquam
789 707 1136 765 Judeorum
1165 720 1489 780 personam
1517 704 1883 767 adscivisset,
1908 720 1971 761 se
1994 704 2055 760 in
2085 720 2291 762 eorum
2324 720 2648 761 numerum
2679 706 3067 774 ascribendo;
3101 711 3166 761 ut
3194 720 3333 761 cum
3367 706 3688 763 Samarita-

318 811 416 855 na
444 797 565 857 ait:
608 798 719 854 Vos
748 798 1017 855 adoratis
1044 796 1206 869 quod
1233 796 1507 865 nescitis;
1534 809 1640 851 nos
1668 795 1993 852 adoramus
2022 794 2181 868 quod
2207 796 2424 851 scimus
2454 813 2466 851 :
2496 796 2640 867 quia
2670 796 2833 852 salus
2858 810 2933 853 ex
2958 794 3182 851 Judasis
3220 800 3305 852 est
3324 795 3371 853 τ.

317 927 427 975 Του
466 922 621 994 ἁγίου
663 927 955 997 Γρηγοριου
997 940 1089 975 του
1140 919 1395 992 Θεολόγου
1422 902 1499 972 ¹ἐκ
1544 926 1635 974 τοῦ
1680 914 1923 992 δευτέρου

782 1010 937 1084 λόγου
966 1018 1057 1064 τοῦ
1086 1014 1205 1086 περὶ
1229 1014 1353 1064 Υίοῡ
1378 1009 1474 1081 (6).

391 1132 450 1187 ε’.
487 1136 560 1187 Τὸ
605 1136 705 1207 γὰρ
757 1130 827 1193 δὴ
879 1132 1043 1207 λέγειν
1094 1134 1175 1187 ὅτι
1220 1152 1313 1187 του
1356 1135 1492 1185 κατὰ
1523 1135 1611 1183 τὸν
1658 1132 1927 1204 ἄνθρωπον

314 1226 598 1294 νοουμένου
649 1222 863 1294 μείζων,
918 1221 1103 1285 ἀληθὲς
1160 1224 1270 1294 μεν,
1316 1220 1374 1273 οὐ
1424 1225 1556 1294 μίγα
1605 1216 1676 1277 δέ,
1725 1224 1788 1273 Τί
1822 1223 1925 1297 γὰρ

313 1314 377 1364 τὸ
406 1313 733 1383 Θαυμαστὸν,
767 1310 811 1364 εἰ
830 1310 1020 1383 μείζων
1050 1308 1324 1385 ἀνθρώπου
1354 1313 1517 1375 Θεός;

313 1426 426 1491 Τοῦ
464 1434 619 1506 ἁγίου
659 1436 995 1500 Ἀθανασίου,
1041 1434 1097 1486 ἐκ
1134 1442 1226 1487 τοῦ
1271 1430 1602 1487 διαλεκτικοῦ
1649 1433 1823 1505 λόγου,
1871 1433 1925 1486 ὃν

391 1522 681 1581 ἐποιήσατο
731 1520 779 1574 ἓν
909 1525 1042 1574 κατὰ
1088 1526 1311 1575 Νίκαιαν
1350 1521 1477 1595 ἁγίᾳ
1514 1526 1689 1595 πρώτῃ
1722 1521 1920 1597 μεγάλῃ

390 1605 599 1682 συνόδῳ
638 1614 765 1683 πρὸς
809 1613 894 1663 τόν
933 1609 1137 1685 ’Δρειον

394 1733 460 1797 ζ’
501 1735 819 1797 ’Δθανιέσιος
862 1735 971 1788 εἶπε
1002 1755 1016 1770 -
1068 1739 1208 1796 Τίνες
1263 1731 1351 1788 οὖν
1398 1743 1673 1803 κοπιῶσιν,
1718 1737 1922 1811 ᾶνθρω-
1954 1752 1999 1809 Β

315 1844 411 1877 ποι
465 1824 496 1882 ἦ
556 1823 805 1895 εἶγγελοις
865 1822 1067 1897 ’Δρειος
1123 1822 1293 1877 εἶπεν·
1355 1823 1595 1896 Ἀγγελοι
1655 1824 1925 1899 ἀσώματοι

313 1915 677 1984 τυγχάνουσι,
730 1915 863 1988 πρὸς
913 1916 972 1965 τό
1024 1909 1397 1975 δίακονοῡντας
1449 1913 1634 1975 αὐτοὺς
1686 1917 1923 1988 καμάτου

314 2008 503 2076 πεῖραν
542 2006 612 2074 μή
662 1999 867 2054 λαϐεῖν·
930 2000 1200 2077 ἀνθρώπου
1242 1999 1301 2056 δι
1328 2005 1385 2055 τὸ
1414 2004 1622 2075 κάμνειν
1652 1999 1789 2057 ἴδιον
1833 2001 1929 2057 διὰ

314 2096 415 2149 τὴν
462 2099 556 2143 τοὺ
606 2096 843 2163 σώματος
892 2089 1107 2164 βαρεῖαν
1165 2091 1341 2149 ὁλκήν.
1392 2091 1703 2155 Ἀθανοίσιος
1750 2095 1922 2148 εἶπεν

316 2183 382 2233 '0
441 2177 531 2232 οὖν
598 2183 788 2253 Κύριος
860 2188 966 2241 πῶς
1036 2179 1328 2247 inertiam;
1408 2187 1699 2256 Γέγραπται
1761 2185 1860 2257 γὰρ
1907 2202 1921 2217 ο

314 2268 530 2330 Ἰησους
561 2265 619 2322 δι
667 2274 986 2329 κεκοπιακὼς
1023 2268 1081 2322 εκ
1127 2277 1223 2330 τῆς
1260 2266 1582 2343 ὁδοιπορίας,
1632 2270 1921 2333 ἐκαθίζετο.

316 2358 530 2433 ’Λρειος
596 2355 732 2410 εἶπεν
773 2378 787 2394 ο
865 2363 1157 2430 Συνήγαγές
1217 2378 1302 2431 με,
1373 2362 1443 2422 ὡς
1518 2360 1798 2422 ἠθέλησας,
1868 2361 1925 2413 ἐκ

314 2468 411 2501 του
456 2446 889 2523 παραδείγματος
926 2457 1024 2502 τῶν
1074 2450 1299 2521 ἀγγέλων
1348 2455 1436 2502 καὶ
1482 2460 1581 2502 τῶν
1622 2449 1920 2524 ἀνθρώπων,

316 2541 401 2591 ὃτι
444 2539 551 2611 οὐχ
587 2542 655 2601 ὡς
699 2543 819 2599 Θεὸς
865 2544 1029 2610 Λόγος
1068 2538 1362 2607 ἐκοπίασεν,
1404 2540 1510 2592 ἀλλ’
1551 2544 1635 2593 ἵνα
1682 2550 1811 2614 φανῇ
1846 2544 1925 2595 ότι

320 2632 520 2701 σάρκα,
592 2631 653 2687 ἦν
712 2628 806 2681 οὐκ
860 2625 972 2700 εἶχε
1023 2634 1271 2702 πρότερον
1325 2632 1350 2683 ό
1407 2635 1576 2702 Λόγος
1630 2636 1720 2683 καί
1778 2634 1922 2693 Θεὸς,

317 2722 517 2775 ταύτην
565 2716 800 2770 ἀνελαϐεν
831 2735 845 2749 ·
901 2715 993 2770 διά
1045 2726 1196 2771 τοῦτο
1252 2727 1312 2791 τῇ
1378 2725 1535 2794 σαρκί
1584 2728 1926 2795 συνεχώρησε

315 2810 553 2878 πάσχειν
597 2810 662 2859 τὰ
690 2804 825 2878 ἴδια,
860 2808 943 2859 ἶνα
984 2815 1113 2881 φανῇ
1161 2810 1241 2861 ότι
1274 2809 1407 2881 σάρξ
1439 2808 1599 2865 ἐστιν.
1633 2811 1925 2873 Αθανοὲσιος

318 2893 467 2949 εἴπε-
502 2900 751 2969 Μέμνησο
792 2902 872 2949 ὅτι
916 2897 1352 2972 προωμολόγηται
1395 2901 1475 2951 ότι
1504 2902 1781 2971 πανταχοῦ
1824 2902 1925 2953 πά-

2032 920 2249 980 Sancti
2274 922 2541 995 Gregorii
2589 922 2861 994 Theotogi
2898 938 2975 981 ex
3002 924 3275 981 oratione
3308 923 3569 983 secunda
3611 924 3686 983 de

2766 1013 2943 1082 Filio,

2106 1140 2157 1192 5.
2188 1136 2388 1193 Dicere
2429 1140 2653 1204 autem,
2682 1137 2849 1210 quod
2875 1137 3050 1193 Pater
3095 1138 3292 1209 major
3332 1137 3559 1194 Christo
3585 1138 3679 1205 sit,

2033 1228 2334 1298 quatenus
2370 1225 2468 1283 hic
2496 1226 2680 1283 modo
2704 1225 3086 1297 intelligitur;
3118 1242 3325 1282 verum
3348 1226 3407 1282 id
3432 1227 3680 1299 quidem

2035 1318 2141 1379 est,
2174 1313 2339 1371 haud
2364 1320 2569 1372 tamen
2611 1331 2923 1385 magnum.
2964 1316 3119 1385 Quid
3144 1316 3305 1372 enim
3336 1315 3579 1382 mirum,
3630 1317 3683 1374 si

2037 1402 2192 1459 Deus
2220 1404 2465 1462 homine
2494 1404 2686 1478 major
2710 1404 2841 1460 est?

2031 1527 2092 1585 S.
2149 1529 2476 1586 Athanasii
2526 1545 2601 1587 ex
2651 1530 3059 1599 disputatione
3113 1544 3291 1601 quam
3348 1530 3559 1587 habuit
3615 1534 3679 1589 in

2102 1625 2315 1675 sancta
2340 1620 2541 1689 prima
2583 1619 2835 1676 Nicena
2872 1634 3095 1690 magna
3125 1618 3353 1690 synodo
3388 1619 3679 1677 adversus

2104 1708 2331 1763 Arium.

2104 1836 2156 1888 6.
2186 1832 2545 1890 Athanasius
2575 1833 2746 1890 dixit:
2783 1834 3040 1900 Quinam
3096 1833 3275 1903 igitur
3316 1833 3677 1904 fatigantur;

2032 1921 2405 1987 hominesne,
2439 1939 2517 1980 an
2547 1923 2786 1994 angeli?
2821 1923 2993 1979 Arius
3022 1922 3208 1979 dixit:
3250 1922 3458 1992 Angeli
3483 1924 3679 1979 incor-

2031 2011 2200 2084 porei
2229 2016 2388 2079 sunt,
2411 2018 2474 2069 ut
2499 2028 2637 2069 cum
2668 2012 2782 2085 ipsi
2807 2012 3165 2080 ministrant,
3187 2011 3422 2068 nullum
3446 2012 3680 2068 lassitu-

2033 2100 2191 2156 dinis
2220 2101 2698 2173 experimentum
2744 2100 3091 2173 percipiant.
3136 2106 3207 2157 At
3243 2100 3506 2156 hominis
3542 2116 3682 2173 pro.

2033 2189 2233 2261 prium
2269 2194 2360 2245 est
2387 2189 2639 2259 fatigari,
2680 2196 2925 2263 propter
2954 2204 3199 2259 gravem
3227 2203 3448 2261 nempe
3472 2205 3682 2262 corpo-

2032 2278 2113 2333 ris
2144 2278 2385 2334 molem.
2418 2279 2783 2335 Athanasius
2815 2278 2999 2335 dixit:
3035 2278 3353 2343 Quomodo
3382 2294 3524 2348 ergo
3554 2279 3683 2335 fati-

2034 2373 2207 2439 gatus
2236 2374 2325 2424 est
2345 2369 2677 2426 Dominus?
2706 2370 3002 2441 Scriptum
3028 2369 3191 2425 enim
3214 2373 3327 2425 est:
3349 2370 3521 2425 Jesus
3545 2384 3681 2425 vero

2029 2458 2329 2528 fatigatus
2358 2474 2435 2515 ea:
2470 2462 2703 2529 itinere,
2739 2458 3037 2515 sedebat“.
3068 2457 3242 2513 Arius
3273 2456 3457 2513 dixit:
3484 2459 3553 2513 Ut
3579 2473 3682 2513 ve-

2032 2546 2209 2617 luisti,
2228 2563 2295 2603 eo
2318 2564 2431 2616 me,
2450 2548 2802 2618 angelorum
2821 2547 3259 2618 hominumque
3273 2546 3566 2618 exemplo,
3583 2547 3685 2603 ad-

2034 2636 2275 2704 duxisti,
2305 2643 2367 2693 ut
2395 2637 2584 2694 fatear
2610 2638 2876 2693 Verbum
2904 2652 3026 2691 non
3058 2641 3123 2691 ut
3152 2638 3339 2691 Deum
3367 2635 3685 2707 fatigatum

2034 2741 2185 2793 esse,
2218 2725 2323 2781 sed
2354 2731 2418 2781 ut
2457 2731 2774 2799 appareret
2809 2740 3054 2781 carnem
3085 2724 3263 2791 hanc,
3292 2740 3479 2796 quam
3511 2729 3688 2782 antea

2034 2814 2293 2870 Verbum
2316 2819 2371 2870 et
2395 2818 2547 2870 Deus
2569 2831 2691 2871 non
2712 2814 2997 2883 habebat,
3016 2813 3443 2885 assumpsisse:
3464 2812 3688 2869 idcirco

2035 2904 2202 2959 carni
2228 2920 2365 2977 qua:
2396 2906 2511 2961 sibi
2531 2909 2700 2961 erant
2725 2904 2968 2976 propria
2998 2904 3120 2975 pati
3148 2903 3435 2973 permisit,
3471 2908 3534 2958 ut
3563 2918 3690 2958 car-

315 3004 496 3058 ρεστιν
528 2987 553 3037 ό
594 2992 760 3057 Λόγος
807 2991 896 3039 καὶ
936 2992 1087 3047 Θεὸς.
1128 2985 1332 3060 Ἀρειος
1370 2988 1543 3041 εἶπεν*
1606 2990 1921 3061 Ἀραρὸτως.
1963 2998 2003 3054 C
2036 3009 2084 3049 ni

1963 2998 2003 3054 C
2036 3009 2177 3049 nem
2207 3010 2336 3049 esse
2367 2994 2614 3050 evidens
2645 2994 2828 3049 ﬁeret.
2861 2992 3225 3049 Athanasius
3255 2991 3440 3047 dixit:
3468 2994 3690 3048 Memor

314 3076 633 3136 Ἀθανάσιος
653 3072 807 3128 εἶπενσ
837 3076 903 3129 Εἴ
923 3076 1008 3128 οὖν
1031 3096 1307 3148 πανταχου
1324 3080 1568 3152 πάρεστι,
1600 3084 1739 3141 τίνος
1769 3080 1927 3131 ἕνεκεν

317 3166 563 3236 ἔφασκεν,
610 3164 670 3215 ’0
719 3170 901 3239 Πατήρ
933 3185 1033 3237 μου
1086 3166 1112 3217 ὀ
1146 3165 1357 3238 πέμψας
1410 3186 1473 3239 με
1505 3171 1691 3229 μείζων
1746 3166 1925 3234 ian-iv;

320 3252 527 3325 Ἀρειος
558 3249 711 3306 εἶπεν·
746 3253 1038 3328 Παρακαλῶ
1071 3273 1148 3322 σε,
1171 3259 1242 3327 μὴ
1266 3254 1485 3329 ὀκνήσῃς
1511 3254 1847 3328 ἀποκαλύψαι
1872 3260 1930 3309 τὸ

314 3341 572 3414 κάλυμμα
591 3340 691 3394 ἀπὸ
718 3362 808 3395 του
846 3346 1154 3417 γράμματος
1178 3342 1226 3395 ἓν
1256 3346 1436 3415 τάχει.
1469 3350 1600 3399 Λίαν
1638 3348 1741 3420 γὰρ
1778 3345 1930 3398 ἀνιῶ.

314 3451 436 3503 μαι.
462 3432 517 3482 Ἀ
529 3432 769 3493 θανάσιος
789 3429 942 3485 εἶπεν·
966 3438 1050 3494 Τίς
1079 3432 1219 3485 ἔστιν
1242 3434 1267 3485 ὁ
1288 3440 1623 3505 κεκοπιακὼς,
1641 3437 1929 3508 ἄνθρωπος,

316 3520 347 3577 ἦ
411 3521 436 3570 ό
482 3524 611 3582 Θεὸς
657 3525 856 3592 Λόγος;
908 3520 1113 3597 ’Δρειος
1163 3518 1297 3574 εἶπεν
1340 3542 1354 3556 ο
1409 3522 1728 3597 Ἄνθρωπος.
1779 3524 1931 3578 Ἀθα-

311 3614 499 3673 νοίσιος
528 3608 681 3664 εἶπενο
708 3612 911 3665 Οὐκουν
934 3618 1023 3665 σόν
1054 3612 1169 3665 ἑστι
1198 3616 1256 3665 τὸ
1284 3621 1473 3672 νοῆσαι
1501 3614 1700 3679 λοιπόν,
1730 3614 1930 3691 ’Ἄρειος

314 3698 490 3754 εἶπενο
536 3702 903 3776 Κατελαϐόμην
936 3722 1029 3755 σου
1082 3706 1168 3755 τόν
1206 3711 1323 3756 νοῦν
1354 3702 1401 3756 iv
1442 3714 1513 3776 τῷ
1554 3705 1689 3777 λόγῳ
1737 3710 1924 3779 τούτῳ.

311 3794 418 3862 ὅτι,
465 3788 556 3845 τοῦ
597 3800 730 3846 Θεοῦ
790 3797 963 3865 Λόγου
1003 3812 1281 3865 πανταχου
1332 3799 1606 3867 παρόντος,
1649 3792 1807 3855 δῆλον
1847 3800 1927 3849 ὅτι

313 3878 413 3935 διὰ
458 3886 553 3939 τὴν
594 3885 766 3957 σάρκα
812 3878 967 3953 εἶπεν,
1007 3881 1066 3935 Ὀ
1110 3889 1289 3955 Πατήρ
1358 3903 1458 3954 μου
1526 3886 1552 3936 ὁ
1617 3885 1823 3957 πέμψας
1862 3906 1925 3959 με

310 3972 509 4046 μείζων
572 3971 733 4039 ἐστὶν,
802 3978 896 4030 τὴν
959 3968 1292 4045 βαδίζουσαν
1346 3978 1435 4025 καὶ
1491 3984 1781 4043 κοπιῶσαν,
1836 3981 1925 4029 καὶ

312 4062 419 4116 ἀπὸ
464 4065 626 4117 τόπου
686 4062 758 4124 εἰς
812 4066 969 4117 τόπον
1022 4066 1191 4137 ἕτερον
1255 4066 1600 4138 πορευομένην
1636 4102 1648 4117 .
1696 4064 1923 4127 Ἀληθῶς

309 4154 482 4226 ὀρθῶς
511 4154 625 4226 εχει
653 4159 827 4210 τοῦτο.

447 4357 554 4407 Τοῦ
584 4349 739 4421 ἁγίου
771 4348 1120 4425 Ἀμφιλοχίου
1162 4348 1216 4403 ἐκ
1241 4370 1333 4404 του
1358 4354 1495 4404 κατὰ
1518 4352 1794 4426 Ἀρειανῶν

984 4439 1139 4513 λόγου
1164 4442 1283 4512 (8).“ῗ

386 4566 452 4631 ζ.
498 4570 595 4621 Διὰ
636 4586 789 4622 τουτο
827 4568 930 4641 γὰρ
973 4574 1048 4625 πῆ
1230 4565 1570 4639 ἀνηγμένους,
1610 4588 1682 4628 πη
1735 4566 1795 4624 δι
1822 4590 1921 4624 τα-

307 4662 524 4719 πεινοὺς
564 4659 857 4731 φθέγγομαι
911 4655 1133 4728 λόγους’
1187 4657 1270 4709 ἵνα
1300 4653 1393 4709 διὰ
1430 4662 1520 4730 μεν
1569 4667 1669 4711 τῶν
1719 4660 1923 4732 ὑφηλῶν

314 4768 408 4800 του
463 4746 775 4807 ἑνοικουντος
821 4746 975 4818 λόγου
1030 4742 1298 4809 ἀποδείξω
1349 4751 1442 4805 τὴν
1501 4748 1774 4819 εὐγένειαν,
1831 4747 1925 4803 διὰ

311 4835 377 4890 δι
437 4845 539 4888 τῶν
588 4844 840 4889 ταπεινῶν
893 4843 989 4897 τῆς
1037 4834 1391 4908 ένοικουμένης
1442 4842 1632 4912 σαρκὸς
1684 4845 1924 4913 γνωρίσω

307 4930 379 4979 τα
435 4925 655 4985 ἀσθενῆ.
718 4931 820 4979 Καὶ
856 4926 1029 4979 πάλιν·
1086 4932 1163 4984 Πῆ
1206 4910 1314 4999 ’μεν
1354 4925 1575 4999 ἐμαυτὸν
1628 4931 1741 4981 ἴσον
1796 4930 1924 5002 λέγω

306 5026 387 5089 τῷ
434 5022 622 5089 Πατρὶ,
665 5024 736 5075 πῆ
786 5012 846 5069 δι
888 5020 1105 5089 μείζονα
1143 5020 1230 5069 τὸν
1277 5022 1519 5090 Πατέρου
1573 5017 1630 5071 ou’
1681 5025 1923 5093 μαχόμε-

382 5179 406 5213 τ
438 5180 611 5235 loan.
634 5192 715 5246 Iv,
740 5177 830 5233 2'2.
909 5178 931 5213 ⁸
959 5177 1105 5235 ibid.
1141 5182 1193 5234 6.

384 5342 469 5409 (6)
500 5341 648 5415 Edit.
684 5342 929 5398 Maurin.
960 5346 1001 5398 t.
1037 5345 1233 5409 l,orat.
1268 5347 1355 5408 30,
1386 5344 1413 5415 ς
1444 5349 1497 5400 7.

383 5416 466 5480 (7)
524 5412 672 5468 Edit.
723 5415 970 5487 Maurin.
1005 5418 1043 5469 t.
1105 5418 1167 5484 ll,
1230 5430 1287 5487 p.
1347 5412 1472 5471 2l0.
1526 5419 1703 5473 Porro
1754 5417 1921 5474 vides

306 5488 588 5557 Graecam
620 5485 820 5541 saeculi
841 5504 913 5542 xii
937 5485 1248 5557 synodum
1276 5488 1594 5557 agnovisse
1626 5495 1690 5545 ut
1716 5490 1922 5557 genui-

304 5572 464 5641 num
487 5556 795 5641 Athanasii
818 5556 1174 5641 opus,quod
1202 5556 1413 5641 postea
1434 5561 1678 5641 Μειλίξηὶ
1704 5556 1922 5641 aliique

306 5628 503 5703 critici
535 5629 689 5684 inter
734 5628 948 5703 Spuria
976 5628 1389 5689 athenasiana
1414 5631 1785 5691 conﬁdenter
1805 5628 1922 5691 col-

302 5700 687 5758 locaverunt.

2040 3085 2146 3152 sis,
2178 3085 2682 3154 concessumjam
2710 3099 2842 3138 esse
2872 3083 3130 3138 Verbum
3161 3085 3217 3138 et
3246 3084 3433 3137 Deum
3464 3081 3690 3153 ubique

2040 3170 2339 3227 exsistere.
2368 3172 2538 3228 Arius
2559 3172 2723 3227 dixit.
2754 3172 2925 3227 Recte
2947 3167 3301 3225 admodum.
3333 3169 3692 3224 Athanasius

2040 3260 2224 3316 dixit:
2261 3260 2316 3318 Si
2362 3261 2542 3331 igitur
2583 3260 2809 3332 ubique
2855 3274 3125 3331 praesens
3153 3263 3262 3324 est,
3307 3273 3577 3330 quanam
3616 3258 3693 3313 de

2042 3367 2226 3419 causa
2267 3351 2385 3407 ait:
2435 3353 2619 3407 Pater
2655 3365 2839 3417 meus,
2880 3350 2985 3420 qui
3012 3348 3173 3403 misit
3214 3362 3326 3413 me,
3366 3349 3566 3417 major
3601 3363 3694 3404 me

2042 3448 2123 3498 est
2152 3446 2179 3497 ?
2209 3441 2383 3497 Arius
2423 3440 2608 3496 dixit:
2657 3439 2918 3497 Obsecro
2954 3442 3032 3507 te,
3073 3434 3155 3493 ne
3191 3438 3451 3508 graveris
3488 3437 3691 3494 velum

2041 3547 2078 3587 a
2104 3531 2298 3587 littera
2334 3545 2521 3602 quam
2566 3528 2680 3584 cito
2711 3527 3041 3583 detrahere.
3075 3526 3259 3581 Valde
3303 3526 3464 3582 enim
3502 3541 3694 3597 angor

2041 3621 2264 3677 animo.
2292 3619 2659 3676 Athanasius
2681 3616 2859 3673 dixit:
2887 3618 3029 3683 Quis
3049 3616 3331 3685 fatigatus
3353 3619 3458 3685 est,
3482 3615 3693 3672 homo-

2036 3726 2134 3777 ne,
2164 3726 2241 3765 an
2270 3713 2424 3767 Deus
2449 3708 2710 3765 Verbum
2732 3708 2759 3764 ?
2784 3708 2957 3762 Arius
2982 3706 3164 3762 dixit:
3199 3709 3407 3761 Homo.
3442 3706 3692 3762 Athana-

2038 3801 2160 3855 sius
2190 3800 2369 3855 dixit:
2412 3802 2603 3855 Tuum
2633 3798 2813 3867 igitur
2841 3798 2971 3868 jam
3002 3801 3094 3851 est
3118 3796 3467 3866 intelligere.
3514 3796 3690 3852 Arius

2035 3888 2223 3958 dixit;
2270 3888 2539 3960 Percipio
2587 3886 2734 3960 quid
2769 3890 2872 3941 tuo
2901 3885 3017 3941 hoc
3045 3900 3338 3958 responso
3367 3882 3689 3954 intelligas,

2036 3996 2250 4052 nempe
2281 3996 2421 4036 cum
2469 3981 2622 4034 Deus
2654 3976 2913 4033 Verbum
2960 3974 3184 4047 ubique
3213 3974 3389 4041 adsit,
3438 3989 3688 4046 prorsus

2035 4076 2312 4126 constare
2364 4070 2566 4141 ipsum
2618 4070 2863 4139 propter
2890 4080 3137 4120 carnem
3185 4063 3451 4119 dixisse:
3503 4064 3692 4120 Pater

2032 4176 2195 4217 meus
2225 4161 2327 4233 qui
2346 4158 2932 4227 misitme,majorme
2959 4160 3062 4211 est.
3094 4157 3241 4211 Caro
3269 4154 3430 4209 enim
3458 4153 3690 4224 gradie-

2033 4248 2209 4305 batur
2235 4254 2292 4304 et
2318 4246 2705 4317 fatigabatur,
2734 4249 2793 4301 et
2822 4260 2859 4300 a
2880 4243 3016 4300 loco
3045 4243 3107 4300 in
3130 4242 3333 4299 locum
3360 4241 3686 4313 migrabat.

1954 4354 1997 4409 ι)
2031 4339 2195 4394 Certe
2226 4337 2286 4393 id
2310 4342 2466 4393 recte
2497 4352 2559 4391 se
2587 4334 2789 4391 habet.

2101 4447 2163 4503 S.
2194 4444 2606 4516 Amphitochii
2634 4458 2708 4501 ea:
2734 4455 3003 4498 sermone
3023 4438 3309 4497 adversus
3330 4441 3612 4497 Arianos.

2102 4578 2153 4628 7.
2189 4572 2417 4629 Idcirco
2465 4586 2627 4627 nunc
2665 4567 2927 4636 sublimi,
2959 4582 3121 4622 nunc
3159 4565 3371 4622 humili
3418 4565 3687 4623 oratione

2032 4668 2198 4731 utor;
2226 4678 2443 4734 nempe
2483 4665 2547 4716 ut
2574 4658 2839 4725 sublimi,
2870 4655 3260 4712 inhabitantis
3300 4655 3477 4712 Verbi
3518 4655 3689 4729 nobi-

2030 4751 2256 4809 litatem
2299 4752 2748 4814 demonstrem;
2797 4746 3011 4802 humili
3073 4750 3297 4815 autem,
3346 4746 3689 4801 comitantis

2031 4842 2228 4899 carnis
2266 4840 2675 4896 inﬁrmitatem
2719 4834 3073 4906 signiﬁcem.
3122 4836 3188 4890 Et
3224 4834 3473 4891 iterum:
3513 4835 3687 4891 Modo

2034 4949 2129 4989 me
2160 4931 2312 4987 l’atri
2342 4930 2660 5004 aequalem,
2698 4928 2882 4983 modo
2915 4929 3145 4981 Patrem
3176 4926 3471 4995 majorem
3501 4925 3637 4981 dico
3670 4942 3683 4980 :

2033 5038 2231 5097 neque
2279 5024 2407 5095 ipse
2458 5020 2603 5077 mihi
2637 5034 2935 5092 repugno,
2984 5016 3091 5075 sed
3121 5032 3219 5073 me
3262 5016 3451 5072 Deum
3489 5016 3686 5074 homi-

2103 5348 2179 5415 (8)
2200 5347 2265 5402 In
2292 5342 3053 5418 S.Amphilochiireliqujis
3069 5342 3232 5415 apud
3256 5342 3689 5418 Combeﬁsium

2031 5435 2090 5491 p.
2131 5424 2228 5474 149
2269 5414 2498 5474 citatur'
2520 5418 2680 5473 idem
2720 5416 2817 5486 hic
2864 5414 3065 5491 titulus
3091 5414 3336 5491 {sermo
3379 5416 3689 5491 veroipse

2081 5491 2243 5547 eriit:
2292 5491 2371 5546 ita
2412 5495 2615 5545 tamen
2663 5493 2727 5544 ut
2765 5486 3060 5560 particula
3096 5486 3380 5560 quaedam
3424 5486 3689 5560 vaticani

2081 5507 2243 5547 81‘1":
2292 5507 2371 5546 1ἰᾶ
2412 5507 2615 5545 tamen
2663 5507 2727 5544 υῐ
2765 5507 3060 5560 parueura
3096 5507 3380 5558 quasdam
3433 5507 3689 5543 vaucam

2031 5507 2213 5633 hujus
2242 5562 2565 5631 fragmenti
2602 5565 2879 5616 occurrat
2922 5558 3101 5633 etiam
3133 5559 3301 5633 apud
3322 5558 3689 5633 praedictum

2032 5630 2483 5702 Coinbeﬁsium,
2509 5650 2566 5705 p.
2595 5636 2721 5704 146,
2749 5647 2890 5689 cum
2920 5630 3125 5689 titulo:
3158 5630 3231 5687 In
3256 5630 3437 5702 illud,
3466 5652 3493 5681 «
3518 5633 3692 5688 Pater

2032 5708 2231 5778 major
2254 5721 2345 5764 me
2375 5712 2481 5764 est.
2512 5728 2541 5757 η
