4480 6430
734 417 841 477 211
2069 399 2338 460 mc:er
2375 350 2762 463 caenum.
3931 369 3936 385 ‘
3993 394 4100 451 212

739 558 1002 616 nemque
1021 542 1400 606 demonstro;
1425 540 1633 601 Deum,
1659 530 2023 589 sublimitate
2053 526 2392 614 sermonis;
2420 519 2468 573 A
2503 540 2508 550 ι

2331 541 2349 578 5
2378 541 2392 585 ;
2420 519 2468 573 A
2503 539 2589 581 νος
2637 516 2864 608 ἐμαυτῷ,
2912 517 3039 570 ἀλλὰ
3079 514 3281 579 δεικνὺς
3318 520 3384 580 ὣς
3427 524 3551 582 Θεὸς
3604 519 3709 593 εἰμι
3759 525 3847 574 καὶ
3893 522 4100 594 ἄνθρω-

741 596 920 616 ---τ
939 596 995 598 --
1030 596 1060 598 -
1075 596 1088 598 -
1103 596 1160 598 —
1179 596 1190 597 κ
1390 596 1400 606 ,
1619 596 1629 601 -

741 629 1434 697 hominem,humilitate.
1447 630 1647 703 Neque
1663 628 1860 678 tamen
1876 633 1978 675 cor
1988 621 2257 672 vestrum
2274 612 2393 670 tur-
2504 629 2510 658 τ

2330 612 2393 668 ιιέ-
2504 613 2637 667 ποςο
2688 599 2814 666 Θεὸς
2851 609 2940 678 μὲν
2982 606 3039 658 ἐκ
3085 615 3185 658 τῶν
3223 606 3457 676 ὑψηλῶν,
3495 608 3761 682 ἄνθρωπος
3808 604 3868 661 δὲ
3905 596 3959 660 ἐκ
4001 615 4099 661 τῶν

742 721 937 788 betur,
963 721 1108 792 quia
1137 717 1259 774 dixi
1288 716 1485 772 vobis:
1518 693 1699 768 Pater
1718 725 1880 765 meus
1915 709 2116 776 major
2152 719 2244 759 me
2272 709 2390 768 est;
2504 716 2511 726 ·

2335 709 2390 768 t;
2504 703 2773 792 ταπεινῶν.
2837 694 2991 747 Ἀλλὰ
3045 700 3116 768 μὴ
3182 698 3528 770 ταρασσέσθω
3594 698 3735 768 ὑμῶν
3793 699 3824 754 ἠ
3879 693 4099 770 καρδίαι⁹

742 782 942 881 major
971 782 1130 865 enim
1148 813 1238 864 est
1259 806 1360 862 illo
1379 804 1485 878 qui
1505 803 1582 859 ad
1605 817 1745 857 eum
1765 797 2073 862 vadit,non
2094 793 2194 849 illo
2210 792 2315 864 qui
2335 791 2395 846 in
2506 807 2511 831 ι

2335 791 2395 846 in
2506 788 2586 835 ὅτι
2651 782 2792 835 εἷπον
2844 785 2987 856 ὑμῖν,
3034 785 3093 835 Ὀ
3155 789 3335 858 Ηατήρ
3395 805 3496 856 μου
3556 786 3734 858 μιίζον
3790 788 3890 858 μού
3946 783 4097 838 ἔστι·

745 901 879 974 ipso
909 904 1026 966 est;
1055 913 1201 953 nam
1232 901 1532 968 quatenus
1565 895 1718 947 Deus
1761 903 1916 950 sum,
1945 886 2007 940 in
2031 885 2202 938 Patre
2229 895 2395 952 sum;
2506 894 2514 944 ι

2331 895 2395 952 [ις
2506 872 2697 944 μείζών
2751 874 2852 946 γάρ
2920 871 3031 924 ἔστι
3082 879 3172 924 τοῦ
3223 877 3565 947 πορευομένου
3617 877 3743 949 πρὸς
3808 873 3983 940 αὐτὸν,
4040 873 4100 926 οὗ

748 959 1048 1062 quatenus
1079 959 1280 1043 autem
1309 985 1515 1050 homo,
1538 980 1618 1036 ad
1644 978 1878 1034 Patrem
1897 973 2079 1029 vado.
2096 971 2199 1027 Illo
2220 969 2399 1040 igitur
2508 982 2517 1009 τ

2328 984 2399 1024 ωε
2508 968 2599 1012 τοῦ
2647 965 2786 1021 ὄντος
2834 959 2883 1013 ἄν
2932 961 3073 1031 αὐτῷ
3095 977 3108 991 ·
3161 964 3232 1023 ὡς
3267 965 3369 1034 γὰρ
3401 967 3527 1023 Οεός
3560 962 3668 1033 εἰμι
3700 961 3749 1014 ἐν
3786 970 3857 1031 τῷ
3888 967 4056 1034 Πατρί
4083 982 4096 996 ·

750 1052 947 1148 major
976 1080 1143 1132 Pater
1180 1080 1286 1140 est,
1318 1073 1425 1145 qui
1462 1071 1540 1126 ad
1565 1070 1767 1140 ipsum
1791 1065 1953 1120 vadit
1981 1084 1997 1136 ;
2021 1078 2143 1118 non
2169 1061 2267 1116 illo
2295 1059 2401 1131 qui
2510 1073 2519 1148 ξ

2331 1059 2401 1114 ui
2510 1052 2643 1148 ῶστε
2708 1053 2777 1110 ὡς
2817 1053 3104 1148 ⁹ᾱίνθρωπός
3175 1056 3464 1126 πορεύομαι
3530 1056 3661 1127 πρὸς
3721 1056 3806 1114 τόν
3873 1057 4100 1126 Πατέρα.

750 1137 990 1238 semper
1009 1166 1070 1220 in
1093 1164 1225 1235 ipso
1242 1137 1357 1218 est:
1377 1165 1566 1232 Atque
1583 1137 1644 1213 ut
1665 1155 1850 1211 verba
1871 1153 1949 1208 ad
1972 1149 2401 1221 compendium
2513 1139 2519 1159 ’

2342 1163 2401 1201 ω
2513 1139 2738 1192 Ἐκείνου
2783 1137 2869 1191 οὖν
2917 1142 3106 1213 μείζων
3159 1143 3184 1194 6
3217 1146 3421 1214 Πατὴρ,
3465 1149 3558 1193 τοῦ
3595 1145 3938 1215 πορευομένου
3974 1145 4105 1216 πρὸς

752 1255 1082 1320 conferam,
1115 1253 1312 1324 major
1352 1249 1532 1306 simul
1561 1253 1649 1303 est
1684 1251 1864 1316 atque
1894 1240 2172 1314 aequalis:
2207 1237 2404 1308 major
2513 1250 2521 1279 ε

2340 1253 2404 1292 or
2513 1228 2692 1299 αὑτὸν,
2736 1229 2794 1280 ού
2837 1237 2928 1280 τοῦ
2960 1227 3039 1281 ἀεὶ
3089 1232 3233 1292 ὄντος
3271 1230 3319 1282 ἐν
3357 1230 3498 1300 αὐτῷ
3526 1251 3537 1262 ·
3589 1235 3679 1282 καὶ
3709 1233 3793 1281 ἶνα
3841 1235 4109 1303 συντόμως

754 1317 1090 1402 sciscitante
1114 1317 1285 1412 :Qu'ot
1309 1355 1499 1411 panes
1529 1330 2088 1404 habetis9?aaqualis
2112 1327 2404 1400 populum
2515 1338 2523 1369 ι

2343 1343 2404 1382 m
2515 1321 2660 1382 εἴπω,
2712 1319 2901 1390 μείζων
2946 1317 3057 1371 ἐστὶ
3104 1324 3192 1371 καὶ
3241 1322 3388 1382 ἰσος’
3437 1323 3549 1380 ἶσος
3597 1327 3688 1371 τοῦ
3737 1318 3965 1372 ἐκπίντε
4008 1320 4107 1392 ἄρ-

754 1435 1102 1490 universum
1124 1431 1393 1503 quinque
1418 1426 1684 1501 panibus
1709 1422 2040 1478 saturanti:
2083 1417 2280 1494 major
2315 1415 2406 1472 in-
2516 1427 2523 1438 ‘

2344 1431 2406 1472 [ι-
2516 1427 2615 1458 των
2662 1403 2830 1479 δῆμον
2875 1407 3152 1480 ὁλόκληρον
3200 1412 3560 1480 κορεννύντοςο
3613 1409 3803 1480 μείζων
3851 1415 3941 1459 τοῦ
3990 1408 4113 1482 ἐρω-

756 1526 1119 1590 terrogante:
1161 1498 1743 1577 Ubinam—Lazarum
1776 1507 2179 1580 posuistis”?
2208 1519 2404 1575 aaqua-
2516 1517 2525 1544 τ

2348 1519 2404 1558 a-
2516 1505 2719 1560 τῶντος,
2767 1503 2874 1548 Ποῦ
2925 1499 3010 1548 τὸν
3063 1498 3306 1570 Λάζαρον
3356 1499 3658 1563 τεθείκατε;
3717 1500 3833 1556 ἶσος
3877 1515 3968 1548 του
4027 1499 4113 1548 τόν

755 1611 829 1668 lis
853 1613 1134 1665 Lazarum
1163 1609 1339 1678 jussu
1361 1603 1701 1671 suscitanti:
1732 1599 1927 1670 major
1957 1596 2224 1651 dicente:
2269 1593 2407 1658 Quis
2521 1631 2524 1636 .

2342 1593 2407 1645 (is
2521 1585 2764 1659 Λάζαρον
2831 1585 3143 1645 ἀνιστῶντος
3207 1586 3384 1656 λόγῳ·
3454 1586 3644 1657 μείζων
3705 1592 3796 1636 τοῦ
3855 1584 4111 1654 λέγοντος,

757 1713 850 1755 me
887 1699 1081 1768 tetigit
1115 1673 1204 1750 “v?
1253 1693 1503 1766 aequalis
1535 1694 1892 1762 perpetuum
1927 1681 2407 1739 htemorrhoissae
2519 1680 2526 1698 '

2348 1695 2407 1734 μεθ
2519 1678 2611 1733 Τίς
2657 1695 2756 1746 μου
2807 1674 3015 1744 ἧψατος
3056 1679 3166 1734 ἶσος
3197 1683 3287 1726 τοῦ
3331 1677 3427 1735 τὰς
3465 1673 3750 1735 ἀκενώτους
3800 1676 3974 1744 πηγὰς
4020 1680 4117 1734 τῆς

758 1787 991 1843 ﬂuxum
1023 1785 1282 1841 sistenti:
1311 1784 1508 1852 major
1528 1779 1860 1836 dormiente
1881 1777 1940 1830 in
1961 1786 2188 1846 puppe,
2209 1786 2409 1841 aequa-
2446 1849 2473 1852 Α
2523 1788 2527 1812 ι

2350 1786 2409 1825 a-
2523 1763 2908 1836 αἰμοῤῥοούσης
2965 1763 3316 1837 ξηράναντος·
3375 1764 3564 1834 μείζων
3621 1771 3714 1816 του
3771 1759 4114 1823 καθεύδοντος

760 1878 835 1932 Iis
859 1875 1012 1932 mari
1039 1873 1373 1945 increpanti
1400 1893 1414 1931 :
1447 1871 1642 1941 major
1670 1884 1741 1923 eo
1770 1881 1955 1937 quem
1978 1860 2292 1918 damnavit
2318 1859 2408 1914 Pi-
2443 1849 2487 1904 B
2522 1873 2529 1904 ι

2342 1859 2408 1913 ιί-
2443 1849 2487 1904 Β
2522 1852 2604 1904 ἐπὶ
2652 1860 2712 1923 τῇ
2769 1855 2975 1924 πρύμνῃ
3003 1873 3015 1885 ο
3058 1856 3168 1912 ἶσος
3210 1860 3301 1905 τοῦ
3334 1851 3675 1923 ἐπιτιμῶντος
3724 1859 3786 1923 τῇ
3831 1850 4069 1923 θαλάσσῃ
4098 1867 4111 1879 ·

757 1965 950 2032 latus;
979 1940 1226 2036 aequalis
1249 1962 1303 2019 ei
1326 1961 1431 2034 qui
1451 1940 1748 2015 mundum
1767 1953 2157 2011 damnatione
2175 1949 2408 2005 liberat:
2519 1964 2526 2012 Α

2350 1953 2408 2004 tt:
2519 1941 2708 2012 μείζων
2761 1961 2852 1992 του
2905 1946 3210 2014 κρινομένου,
3248 1941 3331 1993 ἐπί
3371 1940 3598 1993 Πιλάτου
3628 1961 3639 1974 ·
3691 1944 3807 2002 ἶσος
3863 1947 3953 1991 τοῦ
4006 1944 4119 2012 κρί-

760 2055 958 2123 major
985 2068 1056 2108 eo
1076 2052 1181 2124 qui
1201 2051 1446 2122 alapam
1473 2059 1838 2116 crucemque
1861 2040 2140 2097 sustinuit
2167 2055 2304 2093 cum
2327 2036 2412 2092 la-
2517 2052 2529 2077 ί

2350 2053 2412 2091 a-
2517 2048 2647 2090 σεως
2698 2029 3074 2102 ἐλευτεροῠντος
3129 2034 3213 2082 τὸν
3263 2036 3496 2102 κόσμον·
3554 2030 3744 2101 μείζων
3802 2035 3894 2080 τοῦ
3957 2029 4114 2101 ῥαπι-

760 2117 1066 2208 tronibus;
1096 2117 1349 2212 iaqualis
1368 2139 1422 2194 ei
1451 2137 1554 2209 qui
1591 2136 1883 2191 latronem
1913 2130 2098 2200 gratis
2123 2127 2409 2198 justiﬁca-
2524 2123 2529 2167 ἰ

2344 2142 2409 2181 ιει-
2524 2122 2755 2191 ζομένους
2805 2121 2995 2191 μείζων
3041 2128 3132 2171 τοῦ
3178 2123 3630 2193 συσταυρουμένου
3682 2117 3934 2190 λῃσταῖςο
4005 2118 4113 2176 ἶσος

757 2232 876 2288 vit:
930 2205 1130 2301 major
1172 2205 1247 2285 eo
1275 2229 1381 2301 qui
1411 2205 1574 2283 veste
1607 2223 1865 2280 nudatus
1899 2220 2027 2290 fuit,
2068 2216 2317 2288 aequalis
2354 2218 2408 2270 ei
2517 2228 2526 2239 ·

2354 2218 2408 2270 ei
2517 2216 2610 2259 τοῦ
2673 2213 2765 2266 τὴν
2826 2209 3025 2280 λῃστὴν
3077 2205 3401 2269 δικαιουντος
3467 2205 3699 2279 δωρεάν·
3768 2212 3957 2277 μείκων
4022 2213 4112 2256 τοῦ

758 2321 864 2394 qui
894 2321 1164 2378 animam
1196 2323 1406 2374 ornat:
1449 2314 1642 2386 major
1667 2328 1737 2368 eo
1768 2311 1861 2366 cui
1886 2309 2244 2381 propinatur
2273 2321 2408 2361 ace-
2517 2315 2527 2366 τ

2348 2321 2408 2361 e-
2517 2301 2870 2368 γυμνουμένου
2919 2302 3013 2354 τὴν
3063 2296 3295 2356 ἐσθῆτα·
3347 2300 3464 2357 ἴσος
3511 2304 3601 2347 τοῦ
3645 2293 3974 2356 στολίζοντος
4022 2295 4115 2349 τήν

757 2415 927 2478 tum;
959 2407 1211 2480 aequalis
1237 2407 1289 2463 ei
1309 2405 1412 2478 qui
1434 2403 1748 2477 proprium
1780 2399 2138 2468 sanguinem
2167 2411 2240 2451 ex
2271 2395 2407 2450 vino
2517 2411 2526 2433 τ

2346 2411 2407 2450 ιο
2517 2387 2703 2459 ψυχὴν
2735 2409 2748 2419 -
2790 2386 2981 2458 μείζων
3033 2406 3125 2438 του
3187 2386 3528 2457 ποτιζομένου
3582 2385 3717 2446 ὅξος
3761 2387 3874 2443 ἶσος
3915 2389 4006 2434 τοῦ
4057 2383 4115 2431 τὸ

755 2470 930 2555 facit:
972 2470 1170 2568 major
1207 2512 1279 2552 eo
1308 2470 1412 2568 qui
1436 2470 1911 2548 dissolutionem
1945 2485 2155 2557 templi
2200 2484 2280 2554 (id
2320 2488 2410 2539 est
2517 2500 2524 2525 ε

2347 2488 2410 2538 ιεῐ
2517 2482 2701 2530 οἰκεῖον
2743 2476 3096 2547 οἱνοχοοῡντος
3134 2477 3266 2547 αἷμα
3314 2476 3437 2546 (9)·
3494 2474 3702 2545 μείζων,
3731 2479 3823 2523 τοῦ
3871 2470 4116 2542 λυομένου

756 2548 929 2555 __-_--
972 2548 1160 2568 __,-_
1214 2548 1270 2552 __
1316 2548 1410 2568 τί
2076 2548 2089 2557 _
2205 2548 2212 2554 ,

756 2587 1024 2658 corporis
1055 2587 1166 2655 sui)
1185 2600 1404 2657 passus
1421 2587 1538 2645 est;
1563 2578 1809 2651 aequalis
1839 2577 1890 2633 ei
1920 2575 2026 2648 qui
2054 2591 2232 2630 suum
2265 2578 2408 2628 tem-
2516 2587 2525 2616 π

2348 2590 2408 2628 n-
2516 2585 2639 2617 ναου
2667 2587 2678 2597 ·
2724 2568 2839 2626 ἶσος
2865 2572 2958 2616 τού
3005 2568 3091 2616 καὶ
3128 2567 3258 2636 μετὰ
3285 2569 3379 2621 τὴν
3422 2564 3571 2615 λύσιν
3621 2566 3709 2614 τὸν
3747 2548 3932 2612 όὶκείον
3977 2558 4117 2629 ἐγεί-

753 2651 923 2747 pluin
952 2675 1036 2746 (id
1065 2651 1157 2730 est
1186 2651 1425 2744 corpus)
1459 2668 1803 2731 suscitavit;
1836 2665 1955 2731 illo,
1980 2665 2253 2735 inquam,
2283 2678 2405 2716 ma-
2517 2688 2522 2729 ι

2347 2678 2405 2716 a-
2517 2675 2701 2729 ραντος
2749 2659 2888 2706 ναόνο
2946 2653 3137 2706 ἐκείνου
3190 2655 3400 2726 μείζων,
3447 2657 3633 2704 τούτου
3684 2656 3819 2712 ἶσος.
3856 2655 3956 2702 Καὶ
4007 2651 4113 2700 πά-

748 2737 866 2836 jor,
893 2737 1034 2820 huic
1063 2737 1333 2835 aequalis.
1448 2763 1683 2815 iterum.
1714 2756 1886 2811 Haud
1912 2753 2185 2826 pluribus
2205 2751 2405 2807 verbis
2516 2746 2517 2751 “

2357 2752 2405 2806 is
2516 2745 2593 2796 λιν
2625 2766 2637 2777 ·
2705 2745 2892 2796 Οὐκέτι
2945 2744 3107 2796 πολλά
3157 2744 3366 2802 λαλήσω
3431 2743 3541 2814 μεθ’
3591 2743 3752 2813 ὑμῶν.
3803 2743 3982 2812 Ὀρᾲς,
4035 2737 4125 2789 αἱς

751 2871 860 2911 vos
891 2853 1198 2910 morabor.
1228 2851 1448 2918 Cernis,
1480 2848 1774 2915 haeretica,
1809 2859 2078 2916 quonam
2105 2842 2301 2912 major
2331 2842 2405 2896 sit
2516 2877 2520 2907 χ

2340 2842 2405 2896 sit
2516 2837 2704 2907 ρετικε,
2743 2839 2877 2893 τίνος
2923 2835 3113 2905 μείζων
3163 2833 3304 2885 ἐστιν
3357 2835 3382 2884 6
3431 2838 3625 2905 Πατὴρ,
3681 2831 3772 2881 τοῦ
3837 2828 4064 2898 λέγοντος
4097 2848 4109 2858 ·

750 2945 940 3010 Pater,
981 2957 1054 2996 eo
1078 2940 1366 2996 nimirum
1404 2938 1509 3010 qui
1548 2936 1670 2992 ait:
1702 2915 1847 2989 ‘Jam
1887 2934 2075 3001 plura
2106 2931 2404 2986 vobiscum
2518 2946 2519 2956 ι

2347 2946 2404 2983 m
2518 2923 2707 2975 Οὐκέτι
2758 2922 2924 2974 πολλὰ
2977 2923 3187 2979 λαλήσω
3252 2923 3362 2994 μεθ’
3427 2924 3606 2993 ὑμῶν·
3676 2920 3733 2972 ού
3795 2926 3886 2970 τοῦ
3942 2915 4114 2985 λέγον-

748 3046 872 3087 ηοη
905 3031 1123 3100 loquar
1165 3030 1210 3063 "
1230 3041 1253 3098 ,'
1279 3042 1403 3082 non
1425 3008 1510 3080 eo
1536 3023 1641 3096 qui
1681 3022 1857 3077 dicit:
1890 3022 2026 3076 Non
2066 3020 2405 3088 relinquam

2340 3033 2405 3072 :m
2517 3032 2636 3072 τος·
2693 3011 2803 3064 Ούκ
2855 3011 3040 3083 ἀφήσω
3098 3014 3234 3084 ὑμᾶς
3298 3011 3585 3083 ὀρφανούς
3648 3008 3758 3080 μεθ’
3815 3009 3956 3079 ὑμῶν
4010 3009 4109 3081 γάρ

749 3135 851 3176 vos
880 3099 1185 3188 orphanos
1201 3118 1246 3152 ¹⁸
1271 3132 1285 3182 ;
1309 3117 1528 3171 etenim
1550 3113 1847 3169 vobiscum
1868 3126 2000 3165 sum
2026 3108 2261 3165 cunctis
2279 3107 2407 3162 die-
2440 3135 2480 3187 ρ

2342 3111 2480 3187 ‘e-C
2518 3101 2622 3173 εἰμι
2688 3104 2862 3162 πάσας
2938 3104 3030 3161 τὰς
3086 3103 3283 3173 ἡμέρας
3337 3102 3430 3161 ἕως
3493 3108 3589 3159 τῆς
3665 3099 3975 3161 συντελείας.
4043 3131 4111 3139 -

751 3211 856 3265 bus
886 3187 1073 3279 usque
1103 3207 1184 3263 ad
1211 3205 1416 3262 saeculi
1444 3203 2006 3259 consummationem
2034 3200 2098 3252 ¹⁴.
2131 3229 2199 3237 -
2240 3199 2405 3252 Venit
2515 3192 2520 3204 ⁴

2342 3199 2405 3250 Lit
2515 3190 2766 3265 Ἔρχεται
2815 3193 2840 3242 6
2901 3193 3082 3264 ἅρχων
3139 3198 3230 3242 τοῦ
3283 3195 3486 3261 κόσμου
3540 3193 3629 3240 καὶ
3681 3187 3730 3240 ἐν
3787 3187 3900 3260 ἇμοὶ
3954 3189 4111 3260 ιύρή-

744 3277 1028 3368 ρνὶηεερε
1060 3296 1238 3364 huius
1264 3292 1494 3358 mundi,
1527 3305 1716 3361 neque
1746 3295 1808 3344 in
1838 3303 1931 3343 me
1958 3287 2286 3358 quidquam
2313 3287 2407 3340 in-

2344 3302 2407 3340 n-
2516 3300 2596 3332 σει
2649 3277 2819 3332 οὐδέν.
2880 3280 3032 3352 Ὀρᾲς
3088 3284 3226 3340 τίνος
3281 3281 3393 3330 ἐστὶ
3449 3277 3662 3350 μείζων,
3725 3285 3816 3328 τοῦ
3877 3280 4113 3350 κρινομέ-

746 3367 906 3443 aena
936 3387 1002 3440 ιι.
1031 3384 1237 3442 Cernis
1269 3397 1541 3454 quonam
1576 3380 1652 3434 sit
1681 3378 1879 3448 major
1903 3395 1916 3441 ς
1940 3375 2034 3430 ille
2058 3374 2283 3431 scilicet
2301 3374 2407 3445 qui
2514 3392 2515 3396 ι

2347 3374 2407 3428 ui
2514 3390 2600 3421 νου
2669 3368 2746 3421 ἐπ’
2800 3368 2982 3439 ὄψεσιν
3032 3368 3322 3440 ἀρχόντων,
3381 3367 3439 3418 ού
3493 3374 3584 3418 τού
3643 3372 3961 3426 ποιήσαντος
4019 3370 4111 3423 τὴν

749 3491 952 3532 coram
982 3472 1356 3546 principibus
1379 3470 1705 3525 damnatus
1726 3467 1852 3536 fuit,
1878 3481 2000 3520 non
2019 3481 2089 3519 eo
2111 3464 2214 3535 qui
2236 3480 2408 3518 mun-
2515 3486 2518 3505 ι

2346 3480 2408 3518 n-
2515 3459 2855 3531 οἰκουμένηνο
2933 3459 3244 3531 Ἐγείρεσθε,
3334 3458 3539 3528 ἄγωμεν
3624 3454 3848 3508 ἐντευθεν
3895 3476 3908 3488 ο
3995 3457 4114 3525 ὁρᾷς

752 3565 898 3620 dum
929 3563 1088 3618 fecit.
1121 3543 1367 3631 Surgite
1392 3575 1592 3615 eamus
1625 3558 1765 3612 hinc
1790 3558 1854 3609 ³⁸.
1890 3556 2162 3620 Quonam
2210 3552 2407 3620 major
2514 3569 2521 3579 ·

2339 3569 2407 3608 or
2514 3553 2651 3608 τίνος
2699 3547 2811 3599 ἐστὶ
2863 3547 3052 3618 μείζων
3088 3548 3112 3597 6
3153 3551 3352 3618 Πατὴρ,
3409 3553 3500 3597 τού
3551 3544 3783 3615 λέγοντος
3821 3543 4060 3615 ’Δγωμεν
4093 3559 4103 3571 ·

750 3660 839 3710 est
863 3654 1078 3709 Pater?
1115 3665 1334 3722 nempe
1384 3648 1648 3703 dicente:
1683 3646 1948 3710 Eamus;
1993 3658 2115 3698 non
2149 3643 2403 3708 dicente,
2515 3663 2519 3685 ‹

2343 3657 2403 3708 με,
2515 3638 2574 3690 οὐ
2646 3645 2737 3688 τοῦ
2798 3637 3033 3708 λέγοντος
3067 3657 3079 3670 ·
3144 3635 3430 3692 Ἐνοικήσω
3505 3633 3554 3685 ἐν
3619 3636 3741 3706 ύμῖν
3801 3638 3891 3684 καὶ
3955 3635 4112 3704 ἐμπε-

750 3743 1054 3801 Habitabo
1075 3742 1376 3797 vobiscum
1397 3747 1450 3794 et
1473 3740 1634 3793 inam
1646 3736 1862 3791 bulabo
1886 3734 2027 3787 ¹²ο¹⁸.
2047 3733 2258 3802 —-Ego
2279 3748 2407 3787 sum
2515 3775 2519 3803 λ

2342 3749 2407 3785 :m
2515 3734 2813 3804 ριπατὴσω’
2889 3759 2956 3767 -——
3026 3727 3156 3796 Ἐγώ
3213 3726 3319 3797 εἰμι
3384 3728 3414 3783 ἡ
3485 3724 3704 3795 ἄμπελος
3773 3725 3803 3780 ἠ
3870 3723 4111 3780 ἀληθινή·

770 3836 904 3891 vitis
926 3848 1070 3889 vera
1093 3829 1381 3896 ";cernis
1413 3842 1684 3898 quonam
1712 3824 1909 3894 major
1939 3822 2013 3877 sit
2042 3823 2215 3878 Pater
2230 3822 2404 3877 nimi-
2519 3825 2539 3869 (

2344 3823 2404 3876 ιὶ-
2519 3825 2654 3891 Ορᾶς
2685 3823 2821 3878 τίνος
2852 3816 2964 3868 ἐστὶ
3002 3816 3194 3888 μείζων
3236 3821 3261 3866 ό
3295 3819 3496 3888 Πατὴρ,
3539 3822 3630 3866 τοῦ
3676 3813 3912 3883 λέγοντος
3937 3833 3949 3845 ·
3983 3813 4113 3882 Ἐγώ

750 3940 888 3980 rum
919 3922 1153 3977 dicente
1196 3939 1209 3974 :
1273 3920 1398 3988 Ego
1437 3933 1565 3972 sum
1620 3916 1794 3979 vitis;
1829 3928 1950 3968 non
1979 3911 2250 3966 dicente:
2285 3913 2406 3980 Ego
2518 3935 2519 3954 ξ

2348 3926 2406 3980 go
2518 3908 2623 3980 εἰμι
2679 3910 2709 3964 ἡ
2771 3906 3037 3978 ἄμπελος·
3095 3905 3152 3957 ού
3217 3912 3310 3956 τοῦ
3370 3903 3626 3975 λέγοντος,
3685 3901 3819 3972 Ἐγὼ
3864 3900 4117 3974 ἐφύτευσα

754 4028 962 4068 veram
991 4012 1176 4066 vitem
1205 4007 1496 4081 plantavi.
2517 4023 2523 4048 i

1274 4023 1350 4063 an
1358 4007 1496 4063 tavi.
2517 3998 2742 4069 ἄμπελον
2774 3997 2868 4054 ἀλη
2879 3999 3039 4055 θινήν.

860 4137 922 4193 ,δ’Δ
962 4135 1190 4206 Cyrilli
1215 4149 1289 4188 ex
1320 4131 1567 4187 homilz’a
1593 4129 1655 4184 in
1689 4130 1898 4184 Ramos
1926 4126 2297 4182 Palmarum.
2587 4129 2628 4176 T

2274 4169 2297 4178 ..
2587 4129 2690 4176 Τοῦ
2719 4123 2872 4195 ἁγίού
2898 4120 3153 4197 Κυρίλλου
3181 4119 3235 4172 ἐκ
3265 4127 3357 4172 τοῦ
3391 4121 3460 4181 εἰς
3486 4121 3550 4172 τὰ
3579 4121 3708 4171 Βάῐα
3731 4117 3886 4189 λόγου
3913 4117 4043 4187 (10).

829 4303 882 4356 8.
906 4296 1019 4351 Sed
1041 4294 1323 4367 quamvis
1344 4290 1651 4348 rationalis
1668 4294 1883 4343 natura
1897 4291 2101 4342 nostra
2121 4300 2408 4358 persona-
2591 4307 2598 4336 τ

2350 4300 2408 4339 ἃ,
2591 4285 2658 4344 η’.
2702 4285 2900 4356 ’νεδμωςν
2935 4285 2977 4336 εἰ
3006 4288 3095 4335 καὶ
3147 4285 3319 4341 ἠνώθη
3351 4281 3468 4334 καθ’
3515 4282 3809 4333 ὑπόστασιν
3860 4285 3933 4347 τῷ
3967 4280 4119 4345 Λόγῳ

755 4390 886 4446 liter
914 4385 1112 4441 Verbo
1146 4384 1314 4439 unita
1348 4381 1476 4449 fuit,
1509 4395 1630 4434 non
1665 4384 1864 4433 tamen
1894 4380 1984 4432 est
2013 4379 2272 4448 aequata.
2301 4374 2413 4439 Qui
2445 4395 2487 4447 ι)
2522 4397 2524 4403 ·

2355 4374 2413 4428 ui
2445 4395 2487 4447 ι)
2522 4378 2551 4434 ἠ
2605 4375 2786 4446 λογικὴ
2847 4377 2993 4446 ἡμῶν
3051 4375 3225 4444 φύσις,
3282 4370 3391 4422 ἀλλ’
3438 4371 3532 4422 ούκ
3585 4370 3792 4426 ίσῶθηο
3849 4373 3965 4426 Πῶς
4016 4367 4117 4436 γὰρ

758 4478 919 4533 enim
945 4475 1073 4530 ﬁeri
1100 4477 1314 4545 potest,
1347 4475 1412 4526 ut
1433 4467 1759 4541 temporale
1789 4470 2135 4538 exmquetur
2154 4468 2409 4528 aeterno;

2351 4479 2409 4528 2);
2527 4465 2846 4522 ὶσωθὴσεται
2907 4461 2979 4534 τῷ
3040 4467 3333 4536 προαιωνίῳ
3399 4465 3456 4513 τὸ
3511 4464 3860 4534 πρόσφατον;
3922 4457 3950 4514 ἡ
4016 4463 4120 4513 πῶς

755 4567 816 4624 id
846 4565 1013 4639 quod
1042 4543 1253 4619 habuit
1279 4561 1536 4622 initium,
1567 4558 1618 4612 ei
1649 4556 1811 4629 quod
1842 4556 1967 4610 sine
1999 4553 2164 4609 initio
2191 4555 2324 4608 est?
2350 4555 2414 4606 Et
2523 4592 2524 4595 η

2350 4555 2414 4606 Et
2523 4556 2909 4627 ὁμοιωθήσεται
2934 4563 3004 4622 τῷ
3037 4551 3252 4622 mm.
3284 4553 3342 4601 τὸ
3373 4552 3593 4621 ἓναρχον
3624 4565 3638 4614 ;
3674 4551 3774 4600 Καὶ
3802 4545 3911 4617 μετ’
3947 4543 4114 4614 ὀλίγα·

755 4635 941 4731 paulo
971 4659 1144 4727 post,
1173 4650 1486 4717 Quomodo
1508 4648 1701 4731 inquit
1729 4668 1740 4701 :
1770 4644 1897 4716 Ego
1929 4651 1982 4701 et
2004 4643 2205 4710 Pater,
2229 4659 2409 4697 unum

2357 4660 2409 4697 m
2524 4652 2640 4706 Πῶς
2691 4648 2884 4716 φησίν·
2949 4642 3069 4711 Ἐγύ
3119 4645 3208 4692 καὶ
3261 4641 3287 4691 6
3343 4642 3524 4709 Πατὴρ
3579 4639 3627 4690 ἓν
3667 4636 3856 4708 ἐσμεν;
3896 4641 3957 4705 τῇ
4014 4635 4118 4684 ἄνω

753 4729 958 4804 sumus
980 4749 1007 4801 ἲ
1031 4743 1110 4799 ob
1143 4741 1446 4797 caelestem
1480 4730 1700 4793 scilicet
1731 4741 1866 4790 ante
1898 4732 2116 4789 saecula
2140 4733 2414 4788 nativita-
2519 4768 2522 4776 ι

2348 4748 2414 4787 τᾶ·
2519 4746 2619 4817 πρὸ
2657 4745 2851 4792 αἰώνων
2889 4743 3142 4809 γεννήσει,
3175 4741 3307 4800 Πῶς,
3333 4733 3392 4785 Ὀ
3438 4738 3618 4805 Πατήρ
3658 4752 3758 4804 μου
3788 4731 3978 4804 μείζων
4017 4729 4117 4802 μού

751 4843 893 4894 tem.
929 4832 1250 4900 Quomodo
1276 4831 1457 4886 Pater
1496 4842 1659 4883 meus
1689 4827 1890 4895 major
1917 4838 2009 4879 me
2029 4826 2160 4878 est?
2189 4820 2268 4877 ob
2296 4824 2411 4876 ter-
2519 4876 2520 4879 η

1826 4840 1890 4880 07⁸
1917 4838 2009 4879 me
2029 4828 2112 4878 εει
2135 4826 2160 4876 Ῡ
2189 4820 2268 4877 0b
2296 4824 2411 4876 ῙΘΓ·
2519 4833 2632 4886 ἔστι
2656 4850 2669 4900 ;
2703 4839 2764 4888 τῆ
2794 4831 2934 4881 κάτω
2973 4826 3028 4878 ἐκ
3055 4827 3315 4898 Παρθένου
3337 4828 3595 4896 γεννήσει.

747 4941 964 4984 renum
995 4940 1065 4979 ex
1098 4921 1334 4990 Virgine
1365 4924 1585 4981 ortum,

1032 5012 1320 5082 Ejusdem
1351 5025 1426 5065 ex
1453 5021 1723 5064 sermone
1753 5005 1836 5062 ad
1861 5005 2117 5074 reginas.
2601 5002 2704 5048 Του
2741 5013 2801 5044 αυ

2601 5002 2704 5048 Του
2741 5012 2900 5044 αυτου
2923 4992 2978 5042 ἑκ
3008 5009 3098 5040 του
3131 5007 3198 5048 ιις
3218 4990 3312 5048 τὰς
3346 4984 3672 5058 βασιλίσσας
3709 4982 3866 5054 λόγου
3892 4982 4023 5052 (11).

817 5129 869 5181 9.
905 5126 973 5177 At
1002 5119 1315 5193 quomodo
1356 5117 1406 5172 is
1435 5113 1663 5184 angelis
1708 5112 1905 5167 minor
1933 5110 2140 5179 evasit,
2173 5108 2276 5180 qui
2325 5105 2403 5162 ab

2349 5105 2403 5162 Lb
2587 5102 2645 5155 ϐ’.
2733 5106 2845 5159 Πῶς
2911 5093 2998 5149 οὖν
3074 5095 3370 5154 ἠλάττωται
3447 5095 3589 5165 παρὰ
3669 5094 3789 5151 τοὺς
3874 5087 4118 5160 ἀγγέλους

2820 5189 2830 5193 -
3259 5187 3265 5193 .
3320 5183 3324 5190 .
3542 5183 3552 5192 .
3656 5183 3664 5193 .
3743 5176 3764 5193 ι.
3898 5185 3938 5193 ...
4054 5181 4064 5193 .

740 5216 854 5273 illis
876 5213 1182 5277 adoratur,
1226 5221 1470 5280 unaque
1499 5220 1636 5260 cum
1661 5206 1826 5258 Patre
1848 5201 2013 5271 regni
2043 5199 2258 5254 solium
2290 5197 2398 5253 ob-

2344 5214 2398 5252 3-
2511 5197 2537 5247 6
2593 5196 2722 5265 πρὸς
2772 5189 2939 5241 αὐτῶν
2980 5183 3448 5259 φροσκυνούμενος,
3531 5183 3556 5233 6
3607 5176 4113 5256 σύνεδρος’Πατρί;

811 5345 831 5377 9
857 5337 1063 5398 Matth.
1101 5352 1195 5394 xv.
1235 5337 1319 5389 34.
1429 5331 1896 5396 1°Joan,x1.31t.
2006 5327 2264 5398 “Marc.
2293 5339 2352 5389 v,
2386 5325 2474 5377 31.
2518 5321 2580 5398 7Α¹

2342 5367 2352 5389 ,
2386 5325 2474 5377 31.
2518 5321 2614 5398 7‘"
2645 5320 2796 5398 Joan
2815 5330 2932 5379 xxv,
2967 5315 3051 5366 30.
3102 5384 3114 5398 Α
3161 5311 3207 5374 {3
3236 5309 3379 5365 ibid.
3418 5312 3504 5362 18.
3602 5308 3646 5340 ¹⁸
3677 5305 3877 5362 Matth.
3905 5318 4111 5366 xxvm,

734 5419 823 5472 20.
857 5384 1316 5471 Ὗέῖοέιὶίζίἷῆ
1347 5408 1437 5462 30.
1510 5384 1564 5438 η
1591 5384 1853 5457 ibid.31.
1962 5384 2470 5459 “-“Levit.ixvx,

1375 5408 1437 5462 i0.
1510 5384 1564 5438 ﬁ“
1591 5384 1738 5457 ibid.
1767 5384 1853 5455 31.
1962 5397 2078 5437 ¹⁷-¹⁸
2108 5396 2287 5452 Levit.
2315 5384 2470 5459 iui,
2508 5395 2592 5447 12.
2699 5391 2740 5424 ιθ
2773 5389 2939 5442 Joan.
2971 5399 3064 5447 xv,
3095 5384 3144 5438 1.

804 5540 878 5598 (9)
933 5539 1217 5593 Notemus
1278 5531 1352 5587 de
1409 5526 1798 5585 eucharistica
1855 5520 2361 5598 transsubstantia
2491 5515 2776 5598 ﬂorebat.

727 5577 887 5668 tio\n’6
927 5577 1352 5666 ié‘éiiJi‘JdiuS
1384 5577 1757 5656 cEJEEEEdﬁi
1775 5577 2166 5668 ecclesiastici
2200 5592 2384 5668 Patris
2570 5592 2683 5668 (11))
2895 5581 3077 5668 Ρρπὶξ,
3110 5583 3147 5634 ί·
3177 5579 3434 5668 Υἶᾼρεινῐ.
3463 5578 3772 5668 Inita-“491,
3801 5577 3924 5636 498.

723 5646 901 5740 35132
1375 5646 2381 5748 {a‘éé‘iia'ﬁi'ariﬁksichrisma:
2567 5646 2683 5732 (ii)
2707 5655 2860 5713 Edit.
2893 5653 2986 5710 cit.
3030 5646 3072 5708 ιζ
3096 5670 3149 5722 v,
3179 5646 3331 5723 part.
3365 5666 3425 5716 ιι,
3454 5646 3515 5722 p.
3547 5651 3666 5704 133.
3708 5646 3774 5702 D.
