4480 6430
381 389 497 449 213
1707 378 2063 461 russam
2108 382 2150 437 ι.

1997 378 2063 461 aI
2108 382 2237 450 us.
2288 381 2442 439 xxv.
3642 363 3766 454 ,2η

380 500 529 569 δΔλΥ
565 518 683 569 ἔστι
703 518 875 586 σαφὴς
900 515 931 571 ἡ
962 516 1227 587 πρόφασις
1246 528 1259 541 ·
1293 512 1536 563 καθίκετο
1559 510 1662 582 γὰρ
1694 505 1743 559 ἓν
1766 513 1871 566 τοῖς
1898 513 1995 567 τῆς
2030 508 2079 560 Α
2108 505 2149 561 ti

1988 526 1995 566 ;
2030 508 2079 560 Α
2108 505 2291 561 tinet?
2319 507 2385 559 In
2437 506 2725 576 promptu
2774 505 2867 558 est
2900 502 3252 575 responsio:
3285 505 3434 559 Nam
3482 516 3757 575 corpore,

385 602 787 678 ἆνθρωπότητος
847 606 1077 674 μέτροις,
1125 606 1216 653 καὶ
1253 603 1316 652 τὸ
1366 597 1713 655 ἀποθνήσκειν
1770 594 1999 666 πεφυκὸς
2106 608 2154 666 φ

1988 615 1999 655 ;
2106 593 2273 666 quod
2297 592 2452 649 mori
2478 590 2702 665 posset,
2726 596 3062 663 assumpto,
3089 590 3168 648 ad
3197 591 3504 678 humanm,
3522 594 3757 649 natura

387 677 554 764 σῶμα
584 691 774 759 λαϐὼν,
813 688 954 743 ἴδιόν
981 706 1037 742 τε
1067 689 1193 741 αῦτό
1239 689 1610 759 ποιησάμενος.
1641 684 1689 736 ἓν
1720 684 1861 753 αὐτῷ
1898 685 1995 735 πί·-
2103 681 2156 737 in

1988 712 1995 722 -
2103 681 2481 737 inﬁrmitates
2510 695 2572 736 se
2596 679 2799 751 ipsum
2819 678 3081 747 demisit,
3107 680 3169 735 in
3193 693 3387 752 eoque
3416 677 3599 735 veluti
3616 690 3757 752 pro-

382 784 547 834 πονοε
576 780 722 847 ἑκὼν,
750 785 840 832 καὶ
887 787 1005 840 ταῖς
1037 778 1283 830 ἀνωτάτω
1313 773 1496 839 δόξαις
1527 781 1870 846 στεφανοῦται
1901 767 1996 824 διὰ
2102 785 2151 844 p1

1987 792 1996 823 ι
2102 770 2236 844 prio
2260 774 2658 844 spontaneam
2688 771 2947 824 mortem
2977 768 3282 825 sustinuit.
3312 766 3402 826 0b
3420 772 3557 825 eam
3577 781 3756 840 porro

384 873 449 922 τὸ
479 872 667 937 πάθος,
700 872 770 930 ὡς
796 866 870 922 δι’
895 868 1053 921 αὐτοῦ
1089 870 1435 941 καταργήσας
1474 868 1559 917 τὸν
1609 865 1847 933 θάνατον,
1903 866 1993 914 καὶ
2102 875 2153 916 m

1986 882 1993 914 ι
2102 863 2359 916 mortem
2408 862 2465 914 et
2511 856 2881 931 passionem,
2939 864 3196 913 summa:
3227 855 3432 927 gloria;
3459 864 3755 941 coronam

384 961 659 1033 ἄπρατον
698 958 967 1031 ἀποφήνας
994 962 1090 1015 τήν
1121 958 1315 1030 φθοράν
1338 972 1351 985 ·
1385 957 1476 1008 ἅτε
1505 951 1574 1012 δὴ
1615 958 1705 1005 καὶ
1736 954 1991 1026 ὑπάρχων
2098 963 2153 1021 p1

1982 973 1991 999 ν
2098 946 2432 1021 promeruit
2452 964 2466 1014 ;
2498 944 2725 1018 quippe
2742 943 2849 1017 qui
2876 944 3011 1016 ipsa
3028 944 3154 1033 vita
3167 944 3619 1033 et'incorruptio
3637 947 3751 1014 est,

384 1031 666 1121 ἀφθαρσία
692 1052 782 1100 καὶ
838 1045 1159 1107 ζωή.”οταν
1209 1041 1297 1098 οὖν
1340 1046 1547 1102 Ἰησοῦν
1604 1042 1858 1117 ὀνομοξζῃ,
1898 1045 1989 1093 καὶ
2098 1042 2153 1094 et

1980 1050 1989 1093 ι
2098 1042 2158 1094 et
2185 1040 2440 1093 mortem
2471 1033 2752 1101 abolevit,
2777 1036 2836 1090 et
2854 1031 3304 1105 corruptionem
3334 1031 3502 1121 omni
3528 1033 3587 1089 vi
3608 1046 3749 1106 spo-

382 1120 724 1196 ἠλαττῶσοαι
784 1135 907 1207 λέγῃ
972 1138 1118 1209 παρά
1171 1138 1292 1195 τοὺς
1345 1132 1596 1205 ἀγγέλους
1660 1131 1833 1200 αὐτόν,
1895 1128 1989 1181 οὐκ
2094 1124 2151 1181 lit

1983 1150 1989 1180 ι
2094 1124 2287 1181 liavit.
2319 1124 2465 1179 Cum
2484 1124 2687 1179 Jesum
2715 1122 2859 1192 ergo
2886 1122 3183 1191 nominat,
3213 1126 3271 1178 et
3298 1120 3528 1193 angelis
3552 1121 3752 1179 mino—

382 1227 661 1300 ἄνθρωπον
718 1224 814 1277 ἀνὰ
859 1229 1013 1298 μέρος
1052 1229 1143 1276 καὶ
1185 1220 1391 1290 ἱδικῶς,
1442 1220 1550 1273 ἀλλ’
1582 1220 1737 1272 αὐτόν
1775 1225 1986 1289 νοοῦμεν
2093 1229 2151 1270 re

1982 1240 1986 1260 ι
2093 1229 2222 1270 rem
2246 1211 2555 1285 praedicat,
2574 1226 2698 1267 non
2729 1209 3075 1283 simpliciter
3097 1225 3211 1267 nos
3237 1210 3567 1281 hominem,
3592 1224 3751 1267 seor-

380 1318 475 1366 τὸν
500 1320 788 1383 Move-7am,
810 1320 1235 1386 παραχωροῦντα
1264 1318 1356 1363 τοῦ
1376 1313 1630 1382 προῦχειν
1651 1308 1987 1378 οἰκονομικῶς
2095 1318 2149 1358 st

1977 1326 1987 1366 ;
2095 1316 2351 1374 sumque
2408 1316 2478 1357 ac
2534 1314 2641 1371 per
2696 1314 2757 1354 se
2813 1298 3077 1370 positum
3105 1343 3119 1367 ,
3171 1304 3372 1356 mente
3431 1298 3746 1372 concipere

378 1409 496 1464 τοις
521 1402 695 1473 ἁγίοις
720 1400 961 1472 ἁγγελοις
984 1417 996 1429 ·
1032 1402 1111 1452 ὅτι
1165 1398 1379 1471 ἀληθείᾳ
1403 1402 1602 1470 γέγονεν
1651 1398 1921 1468 ἄνθρωπος
1958 1397 1984 1447 ὁ
2093 1406 2147 1464 0]

1980 1419 1984 1442 ι
2093 1394 2362 1464 oportet;
2420 1388 2528 1443 sed
2567 1388 2895 1460 ipsummet
2934 1387 3318 1458 Unigenitum
3359 1391 3607 1460 propter
3658 1386 3749 1444 in-

377 1498 481 1553 τῆς
511 1490 711 1543 ἐκείνων
737 1492 1007 1564 ὑπεροχῆς
1044 1491 1369 1559 ἡττώμενος·
1397 1489 1463 1539 τὰ
1494 1483 1553 1539 δε
1583 1494 1674 1548 τῆς
1718 1487 1984 1558 ὑπεροχῆς
2091 1495 2146 1536 οε

1979 1504 1984 1543 :
2091 1477 2457 1536 carnationis
2483 1477 2757 1533 ordinem
2786 1475 3050 1548 potiores
3085 1479 3290 1548 partes
3317 1474 3548 1546 angelis
3588 1474 3748 1532 defe-

376 1586 490 1640 τοίς
517 1578 686 1648 ἁγίοις
714 1562 964 1649 ἀγγέλοις,
988 1579 1070 1629 ὃτι
1086 1582 1175 1628 καὶ
1197 1576 1291 1638 ἔξω
1324 1578 1537 1648 σαρκός.
1565 1579 1654 1625 καὶ
1685 1580 1775 1625 τοῦ
1805 1574 1980 1624 τεθνά-
2088 1584 2145 1625 re

1977 1604 1980 1611 ι
2088 1573 2339 1625 rentem.
2370 1569 2518 1623 Nam
2542 1565 2649 1637 qui
2674 1562 3037 1619 excellentia
3084 1563 3324 1621 illorum
3362 1563 3573 1621 cedere
3596 1578 3746 1636 pre-

373 1688 466 1720 ναι
491 1673 759 1741 κρείττους
797 1667 901 1718 εἰσί
925 1681 938 1694 ⁸
984 1670 1254 1736 γεγονότος
1284 1663 1331 1715 ἐν
1370 1667 1570 1723 τούτοις
1598 1670 1689 1714 τοῦ
1726 1664 1850 1714 Υἱοῦ
1891 1657 1985 1712 διὰ
2090 1656 2142 1713 di

1976 1680 1985 1711 ι
2090 1656 2342 1727 dicatur,
2403 1655 2452 1709 is
2504 1668 2640 1710 vere
2700 1652 2905 1741 homo
2942 1651 3138 1708 factus
3194 1652 3588 1723 dignoscitur.
3638 1651 3745 1710 Illa

372 1760 474 1813 τὴν
526 1740 765 1807 ἑκούσιον
807 1759 1046 1806 κένωσιν.
1076 1753 1213 1805 Ἀλλ’
1245 1755 1270 1805 ὁ
1314 1752 1497 1826 βραχὺ
1552 1771 1680 1825 παρ,
1736 1749 1982 1821 ἀγγελους
2090 1762 2141 1803 a1

1974 1770 1982 1810 ;
2090 1752 2291 1803 autem
2350 1749 2696 1800 sanctorum
2739 1740 3098 1811 angelorum
3152 1743 3477 1799 eminentia
3528 1742 3591 1798 in
3626 1743 3743 1800 hoc

375 1844 762 1916 ἡλαττωμένος,
794 1840 889 1897 διὰ
937 1863 999 1914 γε
1036 1847 1093 1894 τό
1130 1852 1225 1916 τῆς
1264 1841 1663 1913 ἅνθρωπὸτητος
1693 1844 1899 1914 μέτρον,
1931 1840 1979 1891 ἐν
2011 1850 2051 1905 Β
2088 1851 2144 1909 pl

1971 1862 1979 1886 ρ
2011 1850 2051 1905 Β
2088 1835 2388 1909 ριιωοὶριιο
2418 1832 2615 1905 posita
2642 1836 2749 1903 est,
2781 1835 2838 1887 et
2859 1830 3029 1903 quod
3053 1845 3233 1887 carne
3253 1836 3390 1887 sunt
3416 1831 3740 1901 immunes,

373 1935 616 2007 ὑπεροχῇ
667 1935 903 1993 θεότητος
950 1933 1037 2002 ὦν,
1078 1939 1449 2005 προσκυνεῖται
1496 1932 1618 2005 παρ’
1668 1930 1856 1994 αὐτῶν,
1888 1935 1978 1982 καὶ
2088 1931 2142 1982 et

1976 1973 1978 1979 ,
2088 1931 2146 1982 et
2172 1924 2335 1997 quod
2359 1922 2537 1979 morti
2565 1937 2689 1978 non
2721 1924 2863 1977 sunt
2892 1920 3140 1978 obnoxii
3168 1939 3181 1977 :
3210 1921 3303 1977 his
3352 1926 3556 1979 autem
3584 1920 3745 1979 inﬁr-

372 2018 645 2094 ἐνίδρυται
672 2025 876 2086 θώκοις,
900 2021 988 2083 οὓς
1008 2028 1342 2094 περιιστᾶσιν
1372 2018 1553 2073 ἐκεῖνοι
1583 2017 1979 2090 δοξολογοῦντες
2086 2031 2141 2071 m

1975 2042 1979 2079 ;
2086 2013 2395 2071 mitatibus
2425 2012 2669 2082 propter
2684 2009 3092 2066 voluntariam
3116 2009 3587 2067 exinaniti'onem
3602 2010 3744 2067 sub.

370 2108 477 2177 ἀεὶ,
508 2116 600 2163 καὶ
621 2119 719 2162 τῶν
753 2106 1024 2182 δυνάμεων
1049 2110 1204 2161 αὐτόν
1228 2109 1567 2181 ὀνομάζοντες
1594 2111 1804 2184 Κύριον.
2082 2107 2139 2177 je

2082 2107 2275 2177 jectus
2326 2102 2435 2157 fuit
2480 2100 2677 2157 Filius.
2729 2101 2948 2156 Verum
3004 2102 3333 2170 enimvero,
3363 2100 3470 2174 qui
3497 2106 3744 2174 propter

364 2200 655 2257 humanm
684 2206 915 2256 naturas
952 2200 1360 2255 conditionem
1389 2198 1703 2270 paululum
1736 2197 1891 2253 infra
1918 2196 2167 2268 angelos
2195 2194 2531 2249 minoratus
2552 2188 2767 2245 dicitur
2785 2190 2854 2259 ³ο,
2911 2189 2965 2245 is
3002 2189 3066 2245 in
3094 2189 3335 2246 deitatis
3392 2188 3745 2247 excellentia

364 2291 689 2355 exsistens,
720 2288 800 2345 ab
824 2288 941 2344 illis
968 2291 1276 2356 adoretur,
1307 2287 1697 2359 considetque
1735 2287 1797 2343 in
1827 2287 1897 2342 iis
1927 2283 2257 2357 majestatis
2277 2280 2531 2346 thronis,
2554 2294 2710 2351 quos
2760 2276 2843 2334 illi
2882 2277 3294 2335 venerabundi
3335 2278 3743 2353 undequaque

365 2378 641 2449 cingunt,
672 2377 978 2436 indefesso
1007 2376 1261 2433 laudum
1293 2376 1598 2449 praeconio
1644 2376 1816 2433 illum
1854 2376 2224 2443 extollentes,
2260 2386 2331 2427 ac
2359 2370 2650 2425 virtutum
2670 2366 2993 2424 Dominum
3023 2366 3419 2440 appellantes.

361 2528 472 2574 Τοῦ
494 2521 649 2592 ἁγίου
678 2521 917 2573 Ἰωάννου
943 2527 1034 2573 τοῦ
1061 2524 1447 2593 Χρυσοστόμου
1474 2521 1608 2571 κατὰ
1637 2518 1860 2592 Ἀρείου,
1886 2522 1976 2570 καὶ
2084 2516 2130 2574 S

470 2592 482 2607 ,
583 2597 591 2607 .
670 2593 736 2607 ..ι
873 2591 892 2607 ς
1014 2595 1023 2604 .
1146 2591 1169 2607 ν
1208 2593 1221 2607 .
1265 2589 1277 2604 ν
1382 2595 1391 2607 .
1504 2597 1577 2607 ...-
1760 2595 1769 2605 .
1865 2596 1903 2607 ,ν

1972 2560 1976 2570 ν
2084 2514 2449 2607 ³-1(ξέιῖἒέἾὶ
2460 2511 2873 2607 ﬂii/‘25:?
2882 2511 3741 2607 ,σθ’ἷίῖἐέέῖίιὲῗῗξεεῙΖὲἒῖ

439 2592 513 2655 εἰς
536 2580 629 2644 ἰτὸν
668 2591 1081 2664 Εὑαγγελισμὸν,
1109 2580 1169 2643 ὸῦ
1199 2593 1229 2649 ἡ
1256 2580 1423 2665 inpii),
1450 2612 1478 2640 (ι
1504 2597 1578 2663 Τῇ
1612 2580 1974 2664 πρότέρᾳῖυ-
2154 2603 2208 2665 τῃ

2154 2580 2615 2665 nuntiationem;
2644 2584 2944 2665 Deiparas,
2996 2581 3248 2639 hontilia
3299 2580 3434 2655 qua
3478 2584 3743 2657 incipit:

438 2672 599 2737 ριακῇ
634 2656 831 2734 »(12).⁷
964 2656 973 2664 ’
1070 2656 1076 2658 ἡ
1554 2656 1563 2663 ’
1652 2656 1661 2663 ’
1770 2656 1825 2664 ”
2152 2660 2207 2715 Ρ

1411 2656 1417 2659 ⁷
1554 2656 1563 2663 ’
1652 2656 1661 2663 ’
1770 2656 1825 2664 ”’
2152 2656 2538 2715 Praecedente
2570 2656 2897 2711 Dominica.
2933 2676 2962 2704 ››

442 2787 496 2850 ε’.
526 2787 648 2841 Ἐὰν
678 2791 829 2859 εἷπῃ’
874 2787 1005 2859 Ἐγὼ
1053 2785 1101 2838 ἐν
1139 2795 1213 2857 τῷ
1263 2791 1453 2860 Πατρὶ,
1485 2782 1599 2838 καί
1624 2788 1651 2837 ὁ
1702 2790 1886 2858 Πατὴρ
1925 2784 1974 2838 ἓν
2159 2788 2211 2840 1(

2159 2788 2245 2840 10.
2280 2782 2338 2839 Si
2366 2780 2745 2851 dixeritzEgo
2767 2783 2826 2837 et
2851 2779 3028 2847 Pater
3053 2795 3253 2840 unum
3278 2796 3518 2849 sumus,
3536 2781 3743 2856 ipsum

366 2877 509 2949 ὶμοὶ,
528 2877 699 2945 ,αὐτοῦ
723 2875 932 2929 ἀκούετε
957 2898 969 2910 ·
1003 2876 1087 2928 ἐὰν
1118 2879 1236 2948 εἴπῃ
1264 2897 1276 2908 ·
1316 2875 1377 2927 Ὁ
1398 2876 1638 2949 ἑωρακὼς
1676 2874 1763 2946 ἐμὲ
1783 2875 1975 2948 ἑώρακε
2082 2888 2135 2929 a1

2082 2872 2302 2929 audite.
2341 2872 2399 2928 Si
2428 2868 2643 2926 dixerit
2673 2887 2688 2926 :
2715 2869 2848 2940 Ego
2891 2870 2957 2924 in
2985 2869 3175 2926 Patre
3215 2874 3273 2927 et
3328 2869 3519 2927 Pater
3557 2872 3624 2927 in
3652 2884 3746 2928 me

364 2972 459 3019 τὸν
491 2971 720 3040 Πατέρα,
776 2965 937 3018 αὐτοῦ
989 2964 1232 3018 ἀκούετε·
1287 2964 1347 3016 οῦ
1395 2967 1496 3039 γὰρ
1539 2961 1607 3022 δὴ
1648 2961 1902 3035 ψεύδεται
1940 2966 1970 3022 ἡ
2005 2966 2046 3021 C
2082 2977 2133 3019 ea

2005 2966 2046 3021 C
2082 2969 2189 3028 est,
2221 2961 2428 3034 ipsum
2454 2958 2676 3015 audite.
2727 2958 2786 3015 Si
2832 2957 3047 3016 dixerit
3077 2975 3091 3014 :
3123 2957 3238 3026 Qui
3264 2958 3416 3017 vidit
3452 2974 3565 3030 me,
3593 2959 3744 3016 vidit

368 3056 647 3113 ’AhiOeia'
707 3053 791 3107 ἐὰν
831 3058 950 3127 εἴπῃ
975 3071 989 3084 ⁸
1013 3053 1072 3106 Ὀ
1100 3052 1312 3124 πέμψας
1342 3072 1404 3124 με
1444 3058 1623 3126 Πατὴρ
1654 3057 1844 3125 μείζων
1874 3073 1975 3124 μου
2081 3051 2135 3107 Ρ

2081 3051 2350 3120 Patrem,
2382 3049 2585 3122 ipsum
2625 3046 2867 3115 audite;
2906 3046 3132 3103 Veritas
3162 3046 3323 3104 enim
3361 3062 3488 3104 non
3520 3042 3745 3105 menti-

366 3142 506 3213 ἐστι,
533 3151 689 3196 τοῦτο
714 3148 785 3214 μὴ
821 3144 1081 3215 θροήσητε
1101 3163 1113 3175 ·
1138 3142 1197 3194 οῦ
1226 3144 1327 3215 γὰρ
1358 3143 1576 3198 Θεότητα
1603 3144 1730 3214 πρὸς
1758 3142 1978 3199 θεότητα
2084 3143 2135 3195 tu

1974 3162 1978 3192 ι
2084 3143 2196 3195 tur.
2233 3138 2290 3194 Si
2319 3137 2535 3193 dixerit
2568 3153 2581 3191 :
2612 3135 2727 3203 Qui
2746 3136 2912 3192 misit
2932 3151 3026 3192 me
3049 3136 3269 3207 Pater,
3293 3138 3491 3207 major
3517 3150 3611 3193 me
3637 3139 3743 3208 est,

362 3232 522 3304 λέγει,
559 3231 668 3284 ἀλλ’
692 3234 772 3284 ὅτι
805 3234 983 3294 θεότης
1013 3240 1107 3292 τῆς
1150 3231 1551 3304 ἁνθρωπότητος
1588 3230 1780 3303 μείζων
1800 3246 1814 3260 ⁸
1845 3234 1975 3304 πρὸς
2081 3228 2131 3285 id

2081 3228 2145 3285 id
2173 3243 2285 3284 vos
2316 3243 2392 3284 ne
2418 3230 2636 3283 terreat
2663 3243 2676 3281 :
2709 3240 2909 3297 neque
2940 3225 3103 3281 enim
3132 3224 3509 3284 divinitatem
3532 3224 3749 3283 divini-

361 3326 424 3375 τὸ
455 3326 634 3395 μεῖζον
660 3325 721 3373 τό
746 3320 955 3374 ἵλαττον
984 3320 1292 3393 ἁρμόζεται.
1442 3379 1454 3388 ,
2082 3323 2130 3375 te

2082 3319 2188 3375 tati
2219 3316 2501 3391 opponit;
2535 3314 2642 3371 sed
2672 3314 2754 3371 ait
2800 3313 3179 3371 divinitatem
3208 3315 3509 3387 majorem
3531 3315 3748 3377 huma-

2081 3408 2266 3464 nitate
2292 3426 2305 3475 ;
2338 3422 2434 3462 res
2458 3406 2657 3461 minor
2682 3403 2760 3461 ad
2784 3404 3083 3476 majorem
3119 3402 3387 3463 refertur.

360 3507 470 3554 Τοῦ
495 3498 656 3551 αὐτοῦ
679 3497 733 3549 ἐκ
763 3506 863 3550 τῶν
893 3497 944 3573 ἐρ
950 3505 1178 3641 μηνειῶῖ
1190 3506 1281 3625 fg;
1301 3501 1426 3568 πρὸς
1444 3495 1710 3571 Ἑϐραίους
1730 3497 1975 3550 Ἐπιστο-
2079 3515 2129 3572 Ε

1045 3570 1135 3629 λῆς
1188 3574 1205 3623 1
1257 3574 1295 3640 ).
2127 3573 2129 3581 ‘

2079 3515 2369 3585 Ejusdem
2399 3528 2475 3570 ea:
2501 3515 3000 3583 interpretatione
3015 3512 3307 3583 Epistolas
3325 3512 3409 3570 ad
3433 3512 3748 3572 Hebraeos.

1046 3578 1135 3629 λῆς
1160 3578 1295 3629 (13).

442 3676 528 3730 ια’.
585 3680 684 3729 Τὸν
728 3672 787 3728 δὲ
838 3673 1022 3749 βραχύ
1059 3696 1112 3727 τι
1149 3683 1274 3747 παρ’
1313 3673 1559 3745 ἀγγέλους
1597 3674 1971 3746 ἠλαττωμένον,
2158 3678 2211 3733 11

2158 3678 2244 3735 11.
2270 3676 2743 3747 Aliquantulum
2768 3675 2940 3744 infra
2981 3675 3229 3745 angelos
3269 3670 3639 3733 minoratum
3660 3675 3746 3733 υί-

362 3770 519 3839 φησὶ,
566 3763 821 3837 βλέπομεν
852 3764 1058 3821 Ἰησοῦν
1091 3760 1186 3815 διὰ
1214 3768 1271 3815 τό
1326 3764 1549 3835 πάθημα
1585 3772 1677 3815 τοῦ
1730 3766 1972 3817 θανάτου.
2081 3766 2131 3822 ὠ

2081 3766 2308 3833 demus,
2340 3765 2555 3838 inquit,
2581 3764 2778 3821 Iesum
2803 3769 3056 3833 propter
3082 3764 3295 3820 mortis
3318 3765 3745 3833 passionem".

362 3850 499 3907 Εἶτα
523 3856 741 3927 χρηστά
794 3852 970 3919 πάλιν,
1010 3851 1139 3923 Δόξη
1207 3857 1298 3904 καὶ
1352 3859 1480 3923 τιμῇ
1543 3850 1971 3923 ἐστεφανωμένον.
2083 3852 2129 3908 D

2083 3852 2309 3909 Deinde
2338 3866 2547 3908 rursus
2588 3851 2754 3908 bona
2794 3850 3050 3922 adjecit:
3075 3851 3291 3909 Gloria
3317 3857 3377 3909 et
3407 3850 3634 3909 honore
3658 3867 3751 3909 co-

361 3939 543 4007 Εἶὸες,
576 3951 684 4003 πῶς
710 3942 853 4012 αὐτῷ
881 3944 1050 3993 πάντα
1080 3945 1309 4015 ἣρμοσε;
1340 3945 1410 3994 Τό
1439 3944 1540 4015 γὰρ
1566 3939 1751 4015 βραχὺ
1783 3947 1885 3993 τίνι
1914 3942 1974 3993 ἄν
2080 3960 2130 4000 r¢

2080 3950 2365 4001 renatum
2380 3944 2449 3998 ³³.
2483 3941 2687 3998 Viden’
2715 3945 2782 3997 ut
2806 3945 3026 3997 cuncta
3055 3940 3135 3997 ad
3162 3940 3476 3998 hominem
3504 3956 3749 3999 accom-

362 4035 395 4093 ἦ
430 4033 575 4103 αὐτῷ
631 4031 878 4105 ἁρμόσειε
912 4030 1103 4103 μᾶλλον
1156 4040 1229 4103 τῷ
1258 4039 1397 4105 τρεῖς
1435 4033 1631 4105 ἡμέρας
1658 4050 1704 4083 εν
1734 4028 1839 4104 ᾅδῃ
1892 4051 1973 4102 γε·
2082 4049 2131 4089 m

2082 4031 2390 4089 modavit?
2421 4034 2568 4088 Nam
2591 4028 2740 4086 illud
2768 4030 3247 4101 aliquantulum,
3277 4030 3524 4087 cuinam
3548 4030 3747 4103 magis

358 4127 558 4194 νομένῳ
587 4128 720 4193 μόνα
748 4138 761 4186 ;
793 4119 928 4184 Ἀλλ’
970 4120 1075 4191 οὐχ
1124 4122 1249 4192 ἡμῖν
1290 4127 1396 4182 τοῖς
1442 4120 1658 4173 ἐπιπολὺ
1710 4123 1974 4193 φθειρομί-
2081 4138 2123 4195 q

2081 4137 2267 4195 quam
2292 4121 2345 4177 ei
2377 4118 2721 4191 congruerit
2771 4118 2878 4191 qui
2916 4122 3037 4175 tres
3068 4118 3496 4178 tantummodo
3525 4117 3656 4176 dies
3682 4120 3747 4179 in

359 4231 492 4273 νοις.
523 4207 651 4263 Εἶτα
678 4209 831 4262 πάλιν
880 4215 1219 4283 παρακατιὼν
1252 4208 1420 4281 λέγει·
1457 4209 1519 4261 Εἰ
1564 4212 1663 4285 γὰρ
1692 4211 1718 4260 ό
1743 4229 1974 4283 προσκυ-
2082 4210 2128 4266 ir

2082 4210 2286 4267 inferis
2318 4207 2587 4266 mansit?
2616 4209 2780 4264 Certe
2806 4206 2985 4263 nobis
3013 4206 3500 4293 haudquaquam
3530 4208 3636 4281 qui
3666 4208 3746 4267 ad

356 4304 602 4373 νοῦμενος
631 4299 719 4351 ὑπ’
749 4297 1002 4370 ἀγγᾶων,
1032 4304 1212 4370 φησιν,
1246 4299 1501 4370 ἠνέσχετο
1543 4297 1728 4373 βραχύ
1774 4319 1825 4351 τι
1848 4299 1971 4373 παρ’
2009 4322 2052 4375 D
2081 4299 2125 4356 lc

2009 4322 2052 4375 Ι)
2081 4299 2333 4371 longum
2358 4304 2598 4371 tempus
2627 4297 3093 4369 corrumpimur.
3108 4296 3333 4354 Deinde
3344 4297 3742 4370 progrediens

358 4389 593 4461 ἀγγέλων
618 4392 761 4459 ἔχειν
788 4384 884 4440 διὰ
916 4392 992 4451 σε,
1022 4386 1385 4457 πολλρμᾱιλλον
1413 4392 1501 4457 σὺ,
1546 4389 1573 4439 ὁ
1614 4396 1713 4440 τῶν
1745 4387 1972 4461 ἀγγέλων
2083 4390 2127 4446 af

2083 4389 2165 4446 ait
2192 4407 2205 4445 ε
2236 4392 2387 4445 Nam
2423 4390 2473 4443 si
2505 4387 2557 4442 is
2587 4386 2693 4459 qui
2722 4385 3032 4453 adoretur,
3082 4386 3297 4460 inquit,
3358 4379 3439 4463 ab
3489 4386 3741 4460 angelis,

356 4478 604 4547 ἔλαττων,
638 4480 811 4529 πάντα
840 4481 1005 4552 φέρειν
1032 4476 1267 4548 ὀφείλεις.
2077 4494 2125 4534 sl

2077 4475 2661 4549 sustinuitquiddam
2678 4474 2879 4530 minus
2894 4474 3117 4532 habere
3132 4490 3321 4549 quam
3341 4474 3543 4547 angeli
3561 4491 3742 4550 prop-

355 4574 449 4626 ter
478 4574 555 4629 te,
575 4566 766 4623 multo
796 4566 993 4637 magis
1027 4571 1089 4622 tu
1119 4568 1223 4639 qui
1266 4583 1330 4622 es
1371 4567 1567 4624 minor
1627 4553 1879 4638 angelis,
1926 4566 2321 4627 debesomnia
2350 4570 2593 4639 propter
2613 4565 2818 4637 ipsum
2846 4563 3133 4637 perferre.

351 4693 449 4747 Ἐκ
498 4700 593 4751 τῆς
657 4690 862 4773 ὁμιλίας
910 4698 1019 4775 τοῦ(
1069 4690 1224 4775 ἁγίου
1258 4690 1611 4775 Ἀμφιλοχίου
1676 4690 1965 4744 ἐπισκόπου
2076 4692 2120 4746 Ε

2076 4691 2447 4775 Exﬁqmilia
2491 4690 2692 4775 sancti
2738 4688 3441 4775 amp/iilochiiﬁepiseopi
3466 4690 3739 4775 Iconien-

430 4766 654 4816 Ἰκονίου
685 4760 774 4822 ἐἰς
824 4767 884 4814 τό
905 4783 917 4795 ·
946 4785 975 4814 ι(
1006 4761 1066 4815 ⁸0
1107 4760 1420 4824 ἀποστείλας
1458 4760 1521 4836 με
1552 4768 1734 4839 Πατὴρ
1774 4767 1966 4837 μείζων
2147 4764 2199 4818 si

430 4838 532 4907 μού
563 4834 675 4887 ἔστι
708 4856 731 4885 ν
756 4833 889 4907 (14).
1266 4905 1274 4907 Α
2146 4850 2199 4892 es

2147 4764 2232 4890 si:
2254 4766 2319 4818 in
2347 4763 2507 4818 illud
2535 4778 2550 4816 :
2584 4783 2613 4813 ‹‹
2643 4760 2761 4828 Qui
2807 4762 2970 4818 misit
2996 4775 3091 4819 me
3133 4761 3343 4832 Pater,
3372 4760 3598 4835 ‘mqior
3644 4780 3741 4824 me

2146 4850 2205 4892 es
2239 4876 2251 4889 .
2284 4854 2313 4883 »
3312 4892 3320 4903 κ

433 4855 532 4887 αου
563 4853 675 4887 εστι
708 4856 731 4885 )
756 4853 889 4891 (1.4).
2146 4853 2251 4891 εει.

433 4957 528 5032 ιβ.
553 4958 677 5012 Εἰπε
706 4961 838 5011 κατὰ
866 4964 1011 5010 ποῖον
1040 4957 1190 5031 λόγον
1220 4957 1379 5030 λέγεις
1415 4961 1503 5011 τὸν
1530 4962 1737 5033 Πατέρα
1755 4959 1970 5031 μείζονα
2149 4962 2202 5017 ii

1969 5003 1970 5008 η
2149 4962 2238 5017 12.
2288 4960 2391 5017 Dic
2431 4959 2581 5017 mihi
2630 4972 2907 5034 quonam
2960 4975 3148 5018 sensu
3198 4960 3291 5020 ais
3326 4963 3565 5021 Patrem
3593 4962 3738 5022 Filio

429 5172 482 5208 ²⁶
512 5171 690 5228 Hebr.
722 5187 785 5239 ιι,
812 5177 864 5229 9.
942 5174 987 5208 ²¹
1022 5172 1169 5229 ibid.
1246 5174 1294 5208 ²²
1325 5172 1474 5232 ibid.

428 5381 550 5454 (12)
605 5380 766 5454 Hanc
826 5377 1142 5454 homiliam
1206 5379 1358 5433 inter
1404 5380 1648 5454 Spurias
1713 5378 1966 5438 collocat
2072 5385 2289 5439 Verum
2313 5382 2448 5454 ipsa
2497 5382 2752 5439 materia
2786 5382 3010 5439 codicis
3035 5381 3312 5440 Vaticani
3342 5388 3432 5442 est
3484 5385 3734 5445 inedita.

347 5448 858 5529 gontfa‘ucgnius,
889 5456 927 5506 t.
962 5453 1047 5517 Xl,
1103 5466 1163 5529 p._
1192 5454 1316 5505 858.
1348 5448 1636 5529 At_Graeci_
1661 5458 1818 5508 certe
1849 5454 1963 5509 sub
2074 5455 2204 5510 Imo
2233 5448 2376 5529 vero
2396 5454 2560 5510 idem
2614 5470 2813 5529 sermo
2867 5454 3125 5529 videtur,
3158 5457 3266 5529 qui
3304 5473 3492 5529 supra
3520 5457 3739 5516 dicitur

348 5520 625 5601 Manuale
643 5520 959 5601 gomneno
988 5520 1315 5601 genuinam
1341 5523 1791 5601 existimabant.
2074 5533 2290 5601 contra
2318 5527 2600 5601 Agrianos.
2634 5527 2865 5601 Etenim
2894 5526 3062 5601 locus
3083 5520 3260 5601 apud
3300 5520 3416 5585 nos
3444 5529 3581 5598 (col.
3604 5531 3734 5601 209)

428 5593 547 5672 (ΙΨ)
569 5593 729 5672 ﬁdit.
759 5593 957 5672 ld_o_ntf.
992 5602 1035 5672 t._
1064 5597 1174 5672 XII,
1205 5594 1415 5672 homil.
1442 5610 1609 5672 iv,-_p.
1639 5597 1703 5651 41
1739 5601 1811 5651 Α.
1884 5671 1889 5672 γ
2074 5600 2289 5672 citatus
2319 5598 2534 5654 dicitur
2567 5596 2733 5670 apud
2777 5593 3208 5657 Combeﬂsitim
3232 5616 3307 5658 ex
3341 5593 3621 5660 sermone
3673 5593 3738 5672 in

430 5666 550 5736 (14)
569 5664 900 5722 Titulushic
912 5665 1279 5738 exstatapud
1292 5664 1960 5740 Combeﬂsium,p.t45.
2074 5670 2260 5728 illud:
2290 5672 2478 5728 Pater
2505 5664 2823 5755 maiorne
2850 5676 2955 5740 est.
