4480 6430
282 399 385 457 217
1592 394 1956 459 τηεελυιιι
1984 398 2051 460 ιι

1869 397 1956 459 uu
1984 398 2116 460 LIB.
2145 401 2306 462 XXV.
3529 404 3638 467 218

724 527 832 581 ἰ’ὀῦ
1052 522 1433 599 Δύγονστινου.
1906 524 1961 584 Α

1267 526 1433 581 rhea.
1906 524 1961 584 Α
2590 530 2657 587 S.
2705 528 3036 601 Augustini

349 635 440 701 ις’.
469 636 754 711 Ἐπίγνωθι
790 643 884 700 τήν
909 636 1095 700 διττὴν
1134 642 1289 714 φύσιν
1329 645 1422 693 τοῦ
1459 645 1696 713 Χριστοῦ
1727 653 1741 670 ⁶
1782 644 1877 700 τὴν
2060 644 2118 701 id

1866 662 1877 692 ν
2060 644 2145 701 16.
2178 644 2451 714 Agnosce
2483 645 2786 717 geminam
2817 644 3219 701 substantiam
3249 644 3458 701 Christi
3492 662 3507 713 ;
3546 644 3635 701 di-

286 727 419 778 οειαν
449 721 520 786 δὴ
550 726 703 799 λέγω,
742 732 839 788 τὴν
874 732 998 789 In:
1048 731 1398 805 ὑπάρχουσαν
1434 736 1509 799 τῷ
1540 732 1708 805 liti-pi
1738 748 1752 766 ο
1786 728 1876 785 καὶ
1983 732 2055 787 vi:

1860 728 1876 779 ι
1983 732 2189 789 vinam
2231 732 2470 800 scilicet,
2503 749 2624 806 qua
2652 733 2903 812 aequalis
2934 738 3023 791 est
3050 732 3246 802 Patri;
3274 732 3629 803 humanam,

281 817 369 875 τὴν
397 812 741 894 ἀνθρωπείαν,
773 818 835 885 ἧς
858 819 1049 891 μείζων
1077 817 1218 875 ὅστὶν
1257 820 1283 872 6
1310 824 1490 905 Πατήρ
1521 818 1658 893 (18).
1983 836 2050 895 qt

886 819 1049 881 ιιιςων
1077 817 1218 875 ints
1257 820 1283 872 6
1310 824 1490 905 Πατήρ
1521 818 1658 893 (18).
1983 836 2107 895 qua
2136 824 2329 894 major
2356 828 2445 881 est
2467 826 2655 881 Pater.

632 939 739 992 Τοῦ
776 939 1124 1013 Δαμασκηνοῦ
1160 955 1274 1012 κεφ.
1306 934 1349 1014 ρ’
1380 936 1516 1006 (19).
2220 939 2401 999 Dama

2220 939 2581 999 Damascem'
2606 941 2939 1011 capitulum
2977 941 3381 999 centesimum.

350 1046 434 1113 εξ.
492 1054 593 1105 Καὶ
642 1053 973 1126 σεσάρκωται
1008 1056 1181 1110 τοίνυν
1222 1054 1251 1110 6
1294 1056 1486 1125 Λόγος,
1539 1055 1630 1108 καὶ
1667 1059 1763 1114 τῆς
1800 1050 1873 1106 οἷο
2057 1057 2119 1110 17

1860 1080 1873 1096 -
2057 1057 2119 1110 17
2134 1097 2147 1111 .
2168 1055 2234 1111 Et
2252 1069 2392 1112 caro
2412 1054 2591 1127 igitur
2608 1055 2875 1113 Verbum
2897 1056 3122 1113 factum
3142 1060 3254 1121 est,
3268 1059 3324 1112 et
3347 1059 3629 1112 naturam

284 1140 415 1201 κείας
462 1136 750 1202 ἆῦλὸτητος
785 1141 881 1194 οὐκ
931 1140 1174 1204 ἕξέστηκε
1227 1158 1242 1173 ⁸
1291 1146 1382 1197 καὶ
1435 1141 1544 1203 ὅλος
1598 1142 1872 1216 σεσάρκω-
1984 1157 2053 1198 su

1863 1170 1872 1185 -
1984 1157 2159 1198 suam
2186 1144 2437 1200 materia
2466 1151 2769 1217 expertem
2796 1159 2919 1201 non
2950 1143 3170 1201 amisit.
3201 1148 3412 1202 Totum
3442 1144 3632 1201 incar-

280 1243 380 1295 ταε,
454 1233 545 1284 καὶ
610 1228 728 1292 ὅλος
787 1228 928 1285 ἔστὶν
989 1229 1375 1305 ἁπερίγραπτος
1441 1250 1456 1267 ο
1535 1233 1873 1303 σμικρῦνεται
1981 1246 2049 1288 ns

1863 1250 1873 1283 ι
1981 1236 2192 1288 natum
2218 1238 2379 1289 estet
2397 1238 2588 1290 totum
2618 1240 2706 1291 est
2726 1234 3337 1307 incircumscriptum.
3355 1234 3632 1291 Minuitur

284 1325 590 1387 σωματικῶς
629 1324 721 1373 καὶ
760 1319 1113 1387 συστέλλεται,
1165 1326 1253 1374 καὶ
1304 1322 1483 1382 θεῑκῶς
1530 1319 1669 1374 εστιν
1745 1318 1873 1373 ἀπε·
1983 1336 2053 1376 co

1865 1350 1873 1363 ι
1983 1321 2368 1393 corporaliter
2392 1322 2854 1392 etcontrahitur,
2882 1322 3167 1378 divinitus
3197 1328 3395 1379 autem
3429 1326 3634 1379 manet

279 1408 581 1478 ρίγραπτος.
640 1408 700 1460 οὐ
764 1414 1335 1483 σνμπαρεκτεινομένης
1387 1418 1482 1471 τῆς
1540 1414 1734 1484 σαρκὸς
1778 1409 1872 1461 αὑ·
1981 1410 2039 1466 in

1864 1438 1872 1449 -
1981 1409 2284 1467 inﬁnitum
2331 1428 2344 1467 :
2386 1428 2582 1484 neque
2629 1428 2771 1468 vero
2813 1414 2943 1483 ejus
2996 1428 3136 1468 caro
3188 1412 3524 1469 extenditur
3554 1412 3633 1468 ad

280 1501 365 1545 τοῦ
410 1502 476 1567 τῇ
533 1494 903 1571 impr/pqui
957 1498 1117 1552 αὐτοῦ
1169 1501 1396 1557 θεότητι.
1434 1499 1586 1562 Ὀλος
1639 1502 1727 1571 μεν
1784 1498 1872 1551 οὖν
1981 1501 2049 1569 ej!

1865 1520 1872 1546 ν
1981 1500 2255 1569 ejusdem
2304 1501 2633 1558 divinitatis
2682 1501 3059 1557 infinitatem.
3104 1504 3283 1557 Totus
3321 1502 3500 1570 igitur
3546 1506 3634 1557 est

281 1579 385 1634 im.
422 1588 554 1647 Θεὸς
602 1585 812 1654 τέλειος,
852 1587 958 1659 οὐχ
1006 1588 1119 1641 ὅλον
1164 1584 1223 1641 δε
1273 1593 1403 1651 Θεὸς
1434 1610 1447 1622 ·
1490 1589 1548 1643 οὐ
1586 1591 1688 1663 γὰρ
1719 1593 1871 1660 μόνον
1982 1589 2050 1643 De

1867 1608 1871 1631 ν
1982 1589 2137 1643 Deus
2167 1588 2463 1662 perfectus
2492 1606 2504 1654 ;
2537 1605 2733 1662 neque
2760 1596 2959 1646 tamen
2995 1591 3124 1661 ejus
3153 1590 3509 1645 universitas
3548 1593 3636 1645 est

282 1673 424 1740 Θεὸς,
454 1671 583 1726 ἀλλὰ
606 1679 695 1726 καὶ
720 1676 1023 1748 ἄνθρωπος·
1056 1682 1144 1729 καὶ
1178 1676 1293 1739 ὅλος
1328 1677 1519 1741 nam;
1543 1679 1811 1751 ἄνθρωπος
1854 1693 1867 1707 ’
1982 1679 2051 1732 De

1861 1693 1867 1707 π
1982 1679 2177 1744 Deus;
2222 1692 2345 1733 non
2388 1680 2549 1735 enim
2604 1678 3026 1735 tantummodo
3065 1684 3153 1735 est
3194 1681 3369 1742 Deus,
3422 1694 3630 1735 verum

279 1759 377 1831 οὐχ
411 1760 528 1813 ὅλον
555 1758 615 1817 δε
643 1764 916 1837 ἄνθρωπος
949 1784 962 1799 ο
994 1765 1056 1819 οὐ
1093 1770 1247 1840 μόνον
1283 1768 1386 1843 γὰρ
1412 1767 1705 1843 ἄνθρωπος,
1744 1765 1872 1820 ἀλλὰ
1982 1768 2048 1823 eti

1865 1786 1872 1820 :
1982 1767 2161 1823 etiam
2192 1768 2403 1825 homo.
2458 1771 2636 1825 Totus
2680 1768 2977 1841 perfectus
3006 1774 3095 1825 est
3132 1769 3315 1824 homo
3353 1784 3366 1834 ;
3398 1784 3521 1825 non
3552 1772 3634 1825 ta-

278 1852 361 1903 xui
390 1853 539 1915 Θεὸς.
1025 1919 1035 1926 _
1901 1881 1944 1939 Β
1984 1872 2118 1913 men
2143 1858 2272 1928 ejus
2303 1859 2664 1914 universitas
2702 1865 2791 1915 est
2818 1858 3003 1914 homo
3036 1876 3049 1913 :
3084 1873 3279 1931 neque
3313 1860 3469 1915 enim
3504 1863 3634 1916 tan-

1982 1948 2298 2005 tummodo
2323 1953 2414 2004 est
2440 1948 2648 2013 homo,
2680 1964 2889 2005 verum
2914 1949 3095 2005 etiam
3124 1951 3299 2004 Deus.

282 2044 363 2100 Ἐκ
411 2055 506 2101 τοῦ
552 2055 762 2123 πρώτου
808 2049 1017 2125 βιϐλίου
1070 2062 1171 2106 τῶν
1217 2062 1513 2129 Θησαυρῶν
1564 2056 1656 2108 τοῦ
1722 2058 1870 2128 ἁγίου
1980 2064 2051 2122 E;

1862 2078 1870 2105 ν
1980 2064 2081 2122 Ex
2105 2065 2300 2135 primo
2329 2065 2481 2122 libro
2526 2066 2961 2123 Thesaurorum
2990 2067 3049 2121 S.
3084 2065 3317 2139 Cyritli,
3350 2079 3485 2136 cap.
3536 2064 3631 2122 ΧῙ.

458 2137 714 2213 Κυρίλλου
742 2138 798 2192 ἐκ
822 2149 914 2194 τοῦ
945 2138 1221 2196 ἑνδεκάτου
1260 2144 1537 2217 κεφαλαίου
1558 2145 1691 2216 (20).
3140 2137 3146 2139 Ἴ
3618 2164 3621 2165 ⁷

349 2250 435 2310 ιη’.
474 2251 637 2307 Ὀταν
675 2254 796 2328 λέγῃ
850 2262 1078 2330 Χριστὸς
1118 2258 1302 2314 ἑαυτοῦ
1362 2263 1449 2313 τὸν
1504 2265 1710 2334 Πατέρα
1766 2266 1874 2333 μεί-
2060 2256 2118 2309 18

1863 2292 1874 2301 .
2060 2256 2141 2309 18.
2176 2254 2321 2310 Cum
2344 2253 2605 2309 Christus
2635 2254 2795 2320 dicit,
2824 2256 3052 2310 Patrem
3076 2253 3369 2324 majorem
3392 2268 3457 2308 se
3481 2267 3632 2319 esse,

281 2342 418 2409 ζονα,
473 2345 621 2397 ἕσται
678 2346 830 2398 πάλιν
884 2355 947 2420 τῇ
1008 2347 1368 2422 ἂνθρωποινητι
1405 2355 1610 2425 πρέπων
1650 2352 1675 2403 ὅ
1705 2350 1869 2422 λογος,
1984 2358 2045 2398 88

1984 2358 2181 2398 sermo
2212 2343 2309 2398 hic
2347 2343 2703 2399 humanitati
2744 2343 2898 2398 illius
2926 2342 3222 2407 convenit,
3263 2358 3385 2397 non
3436 2346 3638 2398 autem

279 2431 336 2483 οὐ
395 2440 485 2493 τῆς
542 2435 682 2497 θείας
783 2435 964 2498 οὐσίας
1052 2437 1213 2491 αὑτοῦ
1270 2445 1633 2514 κατηγόρημα,
1702 2444 1770 2501 ὡς
1824 2441 1873 2493 ἐν
1985 2430 2046 2488 ἀί

1872 2466 1873 2477 ι
1985 2430 2255 2488 divinam
2298 2432 2574 2502 ejusdem
2615 2432 2942 2489 essentiam
2972 2432 3153 2497 laedit,
3187 2432 3367 2504 quasi
3398 2431 3641 2487 inferior

278 2520 509 2576 ἐλάττοσι
572 2528 831 2597 κειμένης,
903 2527 933 2585 ἧ
1034 2530 1083 2580 ἐν
1178 2531 1256 2592 οἷς
1326 2532 1467 2582 ἐστιν
1529 2532 1555 2582 6
1619 2537 1873 2602 γεννήσας
1986 2522 2047 2576 Sil

1986 2522 2061 2577 sit
2090 2522 2345 2577 Genitori
2378 2538 2505 2577 suo.
2542 2524 2606 2577 Et
2635 2522 2790 2577 intra
2838 2538 2851 2576 :
2903 2520 3169 2593 Equalis
3228 2521 3408 2591 igitur
3450 2525 3541 2577 est
3587 2525 3644 2576 et

278 2610 446 2669 αὐτόν.
484 2618 585 2667 Καὶ
630 2613 785 2667 πάλιν
846 2623 1041 2689 προῖὼν
1079 2633 1092 2647 ⁶
1134 2616 1273 2679 Ἶσος
1310 2620 1420 2692 ρῖρα
1466 2628 1538 2689 τῷ
1579 2626 1747 2693 Πατρὶ
1785 2625 1874 2674 καὶ
1984 2626 2047 2667 00

1871 2662 1874 2672 .
1984 2610 2514 2667 consubstantialis
2574 2610 2729 2667 Patri
2776 2610 2973 2666 Filius.
3022 2610 3455 2666 lncarnationis
3498 2624 3640 2666 vero

279 2700 547 2773 ὁμοοῦσιος
598 2703 623 2754 ὀ
673 2706 805 2764 Υἱός.
852 2705 1204 2779 Οἰκονομικῶς
1242 2704 1301 2761 δε
1355 2708 1598 2781 εἰρῆσθαι
1635 2712 1874 2763 πιστεύο-
1984 2716 2048 2755 οδ

1868 2739 1874 2751 ,
1984 2716 2169 2756 causa
2197 2700 2499 2755 credimus
2528 2702 2758 2756 Patrem
2782 2701 3076 2771 majorem
3100 2716 3136 2756 a
3158 2700 3303 2755 Filio
3334 2706 3637 2756 vacatum.

278 2808 361 2862 μεν
408 2790 491 2845 ἐπὶ
543 2799 637 2845 τοῦ
678 2798 879 2869 Πατρός
915 2799 975 2847 τὸ
1018 2796 1217 2868 μεῖζον.
1278 2796 1440 2851 Ὀταν
1478 2801 1579 2871 γὰρ
1619 2797 1872 2872 ὶνανθρω-
1984 2793 2047 2845 Cl

1984 2793 2132 2845 Cum
2158 2790 2316 2845 enim
2358 2788 2795 2847 humanitatem
2839 2790 3167 2862 assumpsit
3198 2794 3327 2845 tum
3356 2787 3538 2844 etiam
3578 2793 3642 2845 ut

277 2886 441 2942 πήσας
470 2886 723 2954 φαίνεται,
755 2888 871 2937 τότε
894 2890 979 2938 καὶ
1008 2890 1161 2939 τοῦτό
1192 2906 1351 2959 φησιν
1374 2890 1440 2949 ὡς
1474 2890 1764 2961 ἄνθρωπος.
1981 2878 2167 2935 homo
2191 2878 2306 2934 hoc
2327 2878 2493 2937 diXiL

393 3002 497 3050 Τοῦ
536 2996 699 3051 αὐτοῦ
728 2999 779 3052 ἐν
809 2995 1015 3073 ἑϐδόμῳ
1054 3008 1154 3053 τῶν
1179 3005 1306 3075 πρὸς
1333 3002 1571 3075 Ἑρμείαν
1597 3001 1754 3075 λόγῳ,
2056 2996 2162 3065 Eja

2056 2996 2339 3073 Ejusdem
2370 2997 2434 3051 in
2472 2998 2716 3065 septimo
2752 3011 3091 3052 sermonum
3122 2995 3205 3051 ad
3230 2995 3560 3052 Hermiam.

345 3112 428 3171 ιϐ’.
492 3116 884 3187 ’Δνθρωπότητι
946 3119 1049 3193 γὰρ
1114 3117 1232 3171 καθ’
1293 3121 1475 3171 ἕνωσιν
1540 3120 1871 3191 οἰκονομικὴν
2056 3118 2114 3169 19

1868 3142 1871 3162 ι
2056 3118 2139 3169 19.
2174 3114 2533 3169 [inmanitati
2565 3129 2670 3186 per
2695 3130 2919 3170 nexum
2950 3114 3399 3187 hypostaticum
3429 3112 3637 3169 ineffa-

278 3200 580 3278 ἆποῤῥήτως
632 3211 1002 3278 συνενηγμένος
1047 3209 1073 3259 6
1122 3206 1177 3259 ἐκ
1244 3216 1378 3262 Θεοῦ
1446 3214 1615 3281 Λόγος
1678 3218 1871 3262 νοεῖται
1902 3234 1943 3289 C
1982 3202 2047 3257 bl,

1902 3234 1943 3289 ο
1982 3201 2175 3258 biliter
2204 3204 2593 3274 conjunctum
2649 3204 2748 3259 Dei
2788 3202 3069 3268 Verbum,
3117 3202 3385 3259 Christus
3428 3202 3640 3259 intelli-

277 3297 502 3364 Χριστός
545 3306 561 3322 ⁸
650 3291 886 3367 ἀνωτέρω
1108 3294 1524 3370 ἁνθρωπότητος,
1589 3301 1654 3359 ὡς
1720 3302 1873 3371 φύσει
1983 3292 2038 3362 gi

1872 3344 1873 3347 η
1983 3292 2179 3362 gitur:
2242 3295 2515 3365 superior
2551 3293 2799 3364 quidem
2846 3292 3242 3359 humanitate,
3293 3297 3499 3364 utpote
3538 3309 3641 3348 na~

277 3383 395 3441 Θεὸς
447 3386 538 3433 καὶ
605 3384 725 3443 Υἱός
764 3403 779 3417 ο
833 3384 1093 3456 ὑφιζάνων
1136 3382 1195 3439 δέ
1242 3406 1292 3437 τι
1322 3384 1506 3462 βραχύ
1544 3396 1634 3439 τοῦ
1661 3386 1708 3439 ἐν
1741 3384 1867 3460 δόξῃ
1983 3387 2044 3438 tu

1983 3387 2114 3438 tura
2149 3385 2303 3438 Deus
2335 3388 2391 3438 et
2422 3382 2597 3438 Filius
2629 3400 2641 3438 :
2676 3383 3010 3439 minoratus
3034 3388 3236 3438 autem
3260 3382 3641 3454 aliquantum

278 3470 601 3543 Θεοπρεποῦς,
689 3474 759 3533 ὡς
843 3475 1133 3546 ἄνθρωπος,
1218 3480 1499 3550 Τοιγάρτοι
1581 3481 1703 3529 ποτε
1784 3482 1872 3548 μιν
1983 3472 2039 3526 in

1983 3471 2137 3527 infra
2168 3471 2421 3540 gloriam
2467 3474 2584 3527 Deo
2636 3472 2908 3540 dignam,
2942 3478 3144 3545 utpote
3187 3472 3391 3528 homo.
3427 3474 3644 3536 Quam-

274 3559 484 3629 ἔφασκεν
534 3576 549 3589 ·
597 3558 657 3612 Ὀ
704 3560 945 3633 ἑωρακὼς
994 3562 1080 3636 ἐμὲ
1127 3564 1317 3638 ἑώρακε
1353 3569 1438 3616 τὸν
1488 3570 1713 3640 Πατέρα.
1751 3571 1869 3635 Καὶ,
1984 3559 2043 3615 οὶ

1984 3559 2194 3615 obrem
2226 3561 2410 3615 modo
2440 3560 2587 3616 dixit
2620 3578 2631 3616 :
2675 3562 2789 3628 Qui
2826 3562 2975 3618 vidit
3027 3578 3138 3631 me,
3181 3562 3331 3617 vidit
3370 3561 3638 3617 Patrem.

275 3646 403 3718 Ἐγὼ
469 3655 560 3703 καὶ
614 3669 640 3702 ο
700 3656 879 3724 Πατὴρ
929 3653 978 3707 ἓν
1031 3652 1204 3725 ἔσμεν.
1240 3658 1367 3708 flori
1400 3651 1459 3708 δι
1506 3655 1573 3707 αὖ
1611 3655 1784 3723 πάλιν,
1814 3655 1874 3708 Ὀ
1985 3654 2044 3706 ltt

1867 3668 1874 3702 ›
1985 3654 2129 3706 item
2163 3668 2175 3705 :
2209 3651 2336 3721 Ego
2376 3658 2429 3708 et
2475 3654 2670 3709 Pater
2706 3668 2893 3708 unum
2925 3668 3150 3709 sumus.
3183 3651 3355 3709 Modo
3388 3657 3590 3709 autem
3623 3669 3636 3708 :

275 3744 447 3815 Πατήρ
491 3761 596 3814 μου
621 3742 810 3815 μείζων
836 3762 935 3816 μου
958 3743 1123 3803 ἐστιν,
1983 3741 2044 3796 Ρ‹

1064 3765 1123 3803 ιν,
1983 3741 2169 3797 Pater
2198 3756 2360 3798 meus
2380 3745 2579 3812 major
2616 3759 2704 3799 me
2732 3749 2833 3800 est.

272 3860 369 3909 Τοῦ
399 3859 553 3931 ἁγίου
583 3864 873 3933 Γρηγορίου
907 3868 997 3939 τοῦ
1029 3860 1287 3939 θεολόγον
1402 3870 1493 3915 τοῦ
1533 3868 1742 3939 πρώτου
1781 3870 1873 3916 τοῦ
1982 3857 2041 3914 S.

1866 3870 1873 3913 ἱ
1982 3857 2048 3914 S.
2083 3857 2355 3930 Gregorii
2408 3858 2687 3931 Theologi
2718 3876 2794 3917 ex
2821 3874 3092 3919 sermone
3124 3860 3325 3930 primo
3356 3859 3429 3917 de
3460 3858 3635 3916 Filio.

768 3938 886 4009 περὶ
912 3935 1035 3985 Υὶοῦ
1062 3933 1215 4006 λόγου
1239 3934 1371 4004 (21).
1572 3933 1582 3939 ’
2580 4010 2585 4015 ι

338 4045 405 4099 κ’.
474 4048 546 4101 Σὺ
605 4041 667 4099 δή
710 4066 802 4119 μοι
851 4051 1170 4122 καταριθμει
1233 4054 1362 4125 πρὸς
1410 4053 1577 4103 ταῦτά
1640 4054 1707 4103 τα
1780 4060 1875 4114 τῆς
2053 4053 2107 4106 2(

1872 4072 1875 4111 ;
2053 4053 2143 4106 20.
2170 4053 2251 4107 Tu
2281 4066 2422 4106 vero
2460 4050 2608 4106 mihi
2637 4049 2769 4106 illas
2796 4049 3149 4106 vecordium
3192 4048 3512 4105 hominum
3539 4062 3641 4104 vo-

272 4130 641 4207 ἅγνωμοσύνης
682 4136 896 4210 ῥήματα
930 4158 942 4170 ·
994 4140 1074 4203 τὸ,
1110 4143 1237 4192 Θεὸν
1267 4159 1367 4211 μου
1399 4146 1487 4193 καὶ
1527 4144 1653 4201 Θεὸς
1682 4142 1824 4213 ὑμῶν
1858 4164 1870 4176 ·
1985 4156 2041 4196 ce

1985 4156 2083 4196 ces
2114 4155 2403 4196 enumera
2435 4156 2447 4195 :
2481 4142 2628 4196 Deus
2658 4154 2821 4196 meus
2863 4145 2920 4196 et
2976 4140 3132 4195 Deus
3170 4144 3387 4205 vester,
3436 4141 3494 4193 et
3520 4153 3641 4193 ma-

270 4226 345 4290 τό,
376 4226 573 4296 μείζων
603 4241 617 4255 ·
659 4230 738 4291 τὸ,
780 4230 952 4280 ἔκτισε
999 4243 1013 4258 ⁸
1046 4232 1124 4297 τὸ,
1153 4231 1366 4299 ἡγίασε.
1401 4234 1497 4283 Καὶ
1524 4232 1635 4302 μετ’
1668 4230 1817 4302 ὀλίγα
1858 4249 1871 4263 ·
1976 4232 2039 4300 jo

1868 4250 1871 4261 ν
1976 4232 2100 4300 jor,
2148 4234 2205 4285 et
2245 4231 2494 4298 creavit,
2534 4234 2589 4285 et
2631 4230 3053 4295 sanctiﬁcavit.
3112 4231 3177 4284 Et
3224 4227 3410 4299 paulo
3442 4227 3637 4282 infra:

268 4317 468 4366 Τούτων
521 4318 625 4389 γὰρ
681 4317 899 4369 ἕκαστον
958 4317 1017 4370 οὐ
1082 4318 1315 4389 χαλεπὸν
1372 4326 1461 4372 xui.
1523 4323 1659 4372 κατὰ
1722 4326 1875 4396 μέρος
1987 4320 2032 4373 H

1873 4342 1875 4378 ;
1987 4320 2124 4374 Haec
2170 4319 2330 4374 enim
2381 4317 2617 4388 singula
2676 4317 2980 4387 sigillatim
3059 4318 3360 4390 persequi,
3421 4316 3642 4388 pioque

271 4401 531 4466 ἕπεξιὸντα
588 4405 892 4476 ἐξηγεῖσθαί
942 4422 1022 4459 τοι
1076 4412 1207 4480 πρὸς
1271 4413 1329 4461 τὸ
1378 4409 1746 4462 εὐσεϐέστατον
1786 4417 1875 4464 καὶ
1987 4425 2040 4464 se

1874 4456 1875 4459 η
1987 4425 2165 4464 sensu
2206 4408 2525 4480 explicare,
2559 4406 2804 4462 minime
2836 4405 3075 4461 difficile
3101 4411 3186 4461 est
3213 4426 3227 4473 ;
3251 4411 3432 4477 atque
3462 4404 3643 4461 offen-

271 4490 635 4566 ἀνακαθαίρειν
684 4498 740 4546 τὸ
790 4493 839 4547 ἐν
870 4503 977 4559 τοῖς
1020 4499 1299 4571 γράμμασι
1346 4518 1666 4571 προσκομμα
1698 4521 1710 4532 ·
1746 4504 1789 4552 εἰ
1818 4520 1875 4571 γε
1986 4497 2040 4552 di

1871 4520 1875 4550 :
1986 4497 2254 4552 diculum
2286 4496 2453 4566 illud,
2497 4497 2661 4569 quod
2694 4495 2752 4550 in
2775 4494 2979 4551 litteris
3008 4494 3259 4563 exsistit,
3300 4508 3640 4561 removere;

270 4588 616 4654 προσπταίεις
661 4588 839 4651 ὅντως,
883 4583 1011 4636 ἀλλὰ
1041 4594 1111 4657 μὴ
1166 4587 1290 4638 ἑκὼν
1321 4596 1649 4661 κακουργεῖς.
1680 4588 1783 4641 Ἐνι
1816 4586 1874 4642 δὲ
1911 4589 1955 4643 D
1988 4588 2033 4641 si

1911 4589 1955 4643 ι)
1988 4588 2033 4641 si
2062 4585 2245 4641 modo
2276 4602 2411 4640 vere
2447 4584 2723 4654 offendis,
2766 4589 2821 4639 et
2856 4599 2978 4638 non
3005 4583 3205 4655 potius
3233 4582 3307 4637 de
3348 4580 3645 4636 industria

270 4671 522 4743 κεφαλαίῳ
549 4677 617 4725 τὰ
655 4676 744 4745 μεν
770 4673 1066 4747 ὑψηλότερα
1094 4680 1329 4749 πρόσαγε
1368 4685 1428 4751 τῇ
1462 4679 1664 4735 θεὸτητι
1685 4684 1775 4730 καὶ
1806 4687 1866 4751 τῇ
1986 4691 2039 4747 pt

1986 4691 2222 4747 peccas.
2270 4675 2339 4728 Ut
2385 4679 2587 4728 autem
2640 4671 2991 4727 summatim
3036 4670 3260 4737 dicam,
3300 4674 3365 4725 tu
3395 4667 3642 4741 quidem

268 4768 514 4832 κρείττονι
538 4767 694 4835 φύσει
720 4766 898 4816 παθῶν
924 4771 1013 4817 καὶ
1050 4772 1307 4838 σώματος,
1343 4770 1408 4818 τὰ
1430 4765 1488 4820 δὲ
1516 4774 1870 4843 ταπεινότερα,
1987 4781 2037 4817 ει

1987 4762 2339 4819 sublimiora
2364 4761 2523 4817 dicta
2552 4761 2863 4829 divinitati,
2895 4760 3403 4833 passionibusque
3432 4764 3490 4814 et
3518 4772 3644 4814 cor-

268 4859 335 4922 τῷ
365 4854 601 4925 συνθέτῳ
654 4872 743 4907 και
782 4862 854 4925 τῷ
904 4852 998 4908 διὰ
1040 4859 1096 4909 σε
1122 4859 1387 4922 κενωθέντι
1413 4862 1502 4910 καὶ
1533 4861 1871 4934 σκρκωθέντι.
1986 4869 2037 4925 pt

1986 4869 2129 4925 pore
2160 4853 2385 4924 experti
2429 4858 2679 4918 naturas,
2727 4851 2983 4907 attribue
3018 4868 3031 4918 ;
3086 4849 3409 4905 humiliora
3439 4853 3640 4903 autem

1985 4943 2325 5014 composito
2352 4941 2585 4997 homini
2608 4942 2812 5013 tuique
2838 4956 3025 4995 causa
3045 4939 3349 4995 exinanito
3370 4942 3427 4995 et
3446 4938 3641 4993 incar-

1985 5038 2147 5089 nato.

622 5159 727 5213 Τοῦ
759 5156 918 5210 αὐτοῦ
949 5155 1004 5209 ἐκ
1032 5164 1126 5210 τοῦ
1158 5157 1319 5210 αὐτοῦ
1338 5157 1513 5231 λόγου.

2341 5157 2627 5228 Ejusdem
2671 5172 2747 5213 ex
2770 5156 2967 5213 eodem
2998 5170 3286 5212 sermone.

330 5266 569 5336 κα’.’Τίς
610 5268 700 5327 οὖν
759 5271 955 5347 ἀντερεί
1012 5272 1165 5346 λόγος
1228 5281 1430 5349 κτίσμα
1476 5279 1566 5349 μεν
1632 5276 1876 5349 λέγεσθαι
2056 5278 2089 5331 2

2056 5278 2115 5331 21
2133 5276 2443 5341 ,Ουεθοδω
2470 5290 2613 5346 ergo
2640 5274 2791 5331 ratio
2817 5277 2998 5343 vetat,
3048 5271 3379 5345 quominus
3420 5274 3651 5328 creatu-

331 5528 441 5601 (t8)
467 5526 802 5605 _Ves_tiganti_
852 5527 999 5605 mihi
1045 5528 1433 5605 occurritAliic
1465 5529 1651 5605 locus
1710 5532 1875 5605 apud
1986 5549 2119 5605 cap.
2155 5538 2208 5599 7,
2243 5536 2279 5589 t.
2317 5536 2358 5601 1,
2391 5548 2448 5605 p.
2483 5536 2609 5589 215.

267 5599 428 5669 Aug.
468 5599 531 5656 in
562 5600 740 5655 Joan.
788 5603 954 5665 tract,
1010 5616 1248 5671 Lxxvui,
1300 5602 1356 5659 3.
1394 5600 1480 5659 lbi
1526 5608 1730 5664 tamen
1752 5599 1769 5605 ’
1790 5609 1879 5661 est
2060 5599 2173 5677 (20)
2204 5599 2469 5661 Edith'it.
2497 5612 2533 5660 t.
2557 5607 2635 5677 7V,
2668 5607 2821 5676 part.
2848 5619 2888 5674 ι,
2912 5619 2973 5675 p.
3004 5606 3092 5673 85,
3127 5608 3195 5667 A,
3227 5606 3285 5659 et
3313 5617 3375 5675 p.
3408 5603 3477 5658 86
3510 5601 3573 5658 Β.

268 5685 816 5751 αθτξρξεᾳηπαξροη
847 5688 1121 5751 agnosce.
1157 5742 1191 5751 __
1262 5746 1292 5751 _
1373 5747 1392 5751 Α
1425 5746 1439 5751 _
1582 5747 1595 5751 _
2060 5676 2174 5751 (21)
2201 5677 2350 5736 Edit.
2383 5676 2634 5749 Maurin,
2661 5681 2701 5735 t.
2729 5680 2773 5749 l,
2806 5680 2956 5737 orat.
2993 5680 3084 5745 29,
3112 5677 3140 5745 §
3172 5678 3258 5732 18.

333 5744 445 5815 (ιο)
482 5747 551 5801 In
581 5742 849 5803 editione
888 5742 1216 5819 Loquienii,
1254 5746 1333 5805 De
1349 5746 1629 5817 ﬁd.orth.
1660 5746 1763 5806 lib.
1794 5763 1874 5820 ιιι,
2068 5742 2078 5749 ·
2156 5742 2166 5751 '
2452 5758 2457 5763 η
