  <div class='ocr_page' id='page_1' title='image "/cluster/home/n/w/nwhite01/storage/ocr_20150623/140/nnc1.0046979905/121.png"; bbox 0 0 4480 6430; ppageno 0'>
   <div class='ocr_carea' id='block_1_1' title="bbox 837 362 943 418">
    <p class='ocr_par' dir='ltr' id='par_1_1' title="bbox 837 362 943 418">
     <span class='ocr_line' id='line_1_1' title="bbox 837 362 943 418; baseline 0.028 -3"><span class='ocrx_word' id='word_1_1' title='bbox 837 362 943 418; x_wconf 78' lang='grc'><strong>219</strong></span> 
     </span>
    </p>
   </div>
   <div class='ocr_carea' id='block_1_2' title="bbox 2151 375 2869 467">
    <p class='ocr_par' dir='ltr' id='par_1_2' title="bbox 2151 375 2869 467">
     <span class='ocr_line' id='line_1_2' title="bbox 2151 375 2869 467; baseline 0.015 -38"><span class='ocrx_word' id='word_1_2' title='bbox 2151 375 2420 433; x_wconf 71' lang='lat' dir='ltr'><strong>NICETE</strong></span> <span class='ocrx_word' id='word_1_3' title='bbox 2452 378 2869 467; x_wconf 64' lang='lat' dir='ltr'><strong>cuculum:</strong></span> 
     </span>
    </p>
   </div>
   <div class='ocr_carea' id='block_1_3' title="bbox 4028 358 4194 454">
    <p class='ocr_par' dir='ltr' id='par_1_3' title="bbox 4028 358 4194 454">
     <span class='ocr_line' id='line_1_3' title="bbox 4028 358 4194 454; baseline 0.006 -1"><span class='ocrx_word' id='word_1_4' title='bbox 4028 358 4035 372; x_wconf 79' lang='grc'><strong>’</strong></span> <span class='ocrx_word' id='word_1_5' title='bbox 4086 401 4194 454; x_wconf 87' lang='lat'><strong>220</strong></span> 
     </span>
    </p>
   </div>
   <div class='ocr_carea' id='block_1_4' title="bbox 837 487 2606 592">
    <p class='ocr_par' dir='ltr' id='par_1_4' title="bbox 837 487 2606 560">
     <span class='ocr_line' id='line_1_4' title="bbox 837 487 2606 560; baseline 0.008 -20"><span class='ocrx_word' id='word_1_6' title='bbox 837 498 970 540; x_wconf 86' lang='lat' dir='ltr'><strong>ram</strong></span> <span class='ocrx_word' id='word_1_7' title='bbox 1020 487 1386 560; x_wconf 69' lang='lat' dir='ltr'><strong>Sapientiam</strong></span> <span class='ocrx_word' id='word_1_8' title='bbox 1427 491 1702 549; x_wconf 84' lang='lat' dir='ltr'><strong>dicamus</strong></span> <span class='ocrx_word' id='word_1_9' title='bbox 1753 496 2089 554; x_wconf 90' lang='lat' dir='ltr'><strong>secundum</strong></span> <span class='ocrx_word' id='word_1_10' title='bbox 2144 503 2482 558; x_wconf 83' lang='lat' dir='ltr'><strong>terrestrem</strong></span> <span class='ocrx_word' id='word_1_11' title='bbox 2513 506 2561 558; x_wconf 83' lang='grc' dir='ltr'><strong>Α</strong></span> <span class='ocrx_word' id='word_1_12' title='bbox 2588 523 2606 555; x_wconf 74' lang='grc' dir='ltr'>τ</span> 
     </span>
    </p>
   </div>
   <div class='ocr_carea' id='block_1_5' title="bbox 2421 487 4190 592">
    <p class='ocr_par' dir='ltr' id='par_1_5' title="bbox 2422 506 4190 592">
     <span class='ocr_line' id='line_1_5' title="bbox 2422 506 4190 592; baseline 0.012 -39"><span class='ocrx_word' id='word_1_13' title='bbox 2422 506 2682 562; x_wconf 78' lang='grc' dir='ltr'><strong>σιΑτὴν</strong></span> <span class='ocrx_word' id='word_1_14' title='bbox 2739 511 2926 579; x_wconf 84' lang='grc' dir='ltr'><strong>Σοφίαν</strong></span> <span class='ocrx_word' id='word_1_15' title='bbox 2982 512 3115 562; x_wconf 78' lang='grc' dir='ltr'><strong>κατὰ</strong></span> <span class='ocrx_word' id='word_1_16' title='bbox 3173 516 3267 570; x_wconf 86' lang='grc' dir='ltr'><strong>τὴν</strong></span> <span class='ocrx_word' id='word_1_17' title='bbox 3324 517 3465 567; x_wconf 77' lang='grc' dir='ltr'><strong>κάτω</strong></span> <span class='ocrx_word' id='word_1_18' title='bbox 3521 520 3782 587; x_wconf 76' lang='grc' dir='ltr'><strong>γέννησιν,</strong></span> <span class='ocrx_word' id='word_1_19' title='bbox 3840 524 4067 592; x_wconf 75' lang='grc' dir='ltr'><strong>γέννημα</strong></span> <span class='ocrx_word' id='word_1_20' title='bbox 4109 518 4190 574; x_wconf 67' lang='grc' dir='ltr'><strong>δὲ</strong></span> 
     </span>
    </p>
   </div>
   <div class='ocr_carea' id='block_1_6' title="bbox 837 572 2483 661">
    <p class='ocr_par' dir='ltr' id='par_1_6' title="bbox 837 572 2483 661">
     <span class='ocr_line' id='line_1_6' title="bbox 837 572 2483 661; baseline 0.013 -35"><span class='ocrx_word' id='word_1_21' title='bbox 837 572 1213 631; x_wconf 82' lang='lat' dir='ltr'><strong>nativitatem</strong></span> <span class='ocrx_word' id='word_1_22' title='bbox 1264 595 1276 644; x_wconf 90' lang='lat'><strong>;</strong></span> <span class='ocrx_word' id='word_1_23' title='bbox 1330 577 1538 634; x_wconf 89' lang='lat' dir='ltr'><strong>Filium</strong></span> <span class='ocrx_word' id='word_1_24' title='bbox 1586 586 1786 638; x_wconf 91' lang='lat' dir='ltr'><strong>autem</strong></span> <span class='ocrx_word' id='word_1_25' title='bbox 1841 586 2177 644; x_wconf 91' lang='lat' dir='ltr'><strong>secundum</strong></span> <span class='ocrx_word' id='word_1_26' title='bbox 2223 589 2483 661; x_wconf 84' lang='lat' dir='ltr'><strong>primam</strong></span> 
     </span>
    </p>
   </div>
   <div class='ocr_carea' id='block_1_7' title="bbox 835 662 1900 738">
    <p class='ocr_par' dir='ltr' id='par_1_7' title="bbox 835 662 1900 738">
     <span class='ocr_line' id='line_1_7' title="bbox 835 662 1900 738; baseline 0.01 -24"><span class='ocrx_word' id='word_1_27' title='bbox 835 662 1156 734; x_wconf 82' lang='lat' dir='ltr'><strong>magisque</strong></span> <span class='ocrx_word' id='word_1_28' title='bbox 1183 665 1852 738; x_wconf 81' lang='lat' dir='ltr'><strong>incumprehensibilem</strong></span> <span class='ocrx_word' id='word_1_29' title='bbox 1873 671 1900 725; x_wconf 82' lang='lat'><strong>?</strong></span> 
     </span>
    </p>
   </div>
   <div class='ocr_carea' id='block_1_8' title="bbox 833 748 2486 836">
    <p class='ocr_par' dir='ltr' id='par_1_8' title="bbox 833 748 2486 836">
     <span class='ocr_line' id='line_1_8' title="bbox 833 748 2486 836; baseline 0.013 -32"><span class='ocrx_word' id='word_1_30' title='bbox 833 748 1575 836; x_wconf 43' lang='lat' dir='ltr'><strong>S.Joanﬂs_1}qmasceni</strong></span> <span class='ocrx_word' id='word_1_31' title='bbox 1624 759 1706 813; x_wconf 87' lang='lat' dir='ltr'><strong>ad</strong></span> <span class='ocrx_word' id='word_1_32' title='bbox 1755 775 1848 815; x_wconf 83' lang='lat' dir='ltr'><strong>eos</strong></span> <span class='ocrx_word' id='word_1_33' title='bbox 1901 764 2008 832; x_wconf 89' lang='lat' dir='ltr'><strong>qui</strong></span> <span class='ocrx_word' id='word_1_34' title='bbox 2060 772 2300 836; x_wconf 86' lang='lat' dir='ltr'><strong>rogant,</strong></span> <span class='ocrx_word' id='word_1_35' title='bbox 2331 770 2486 826; x_wconf 79' lang='lat' dir='ltr'><strong>sitne</strong></span> 
     </span>
    </p>
   </div>
   <div class='ocr_carea' id='block_1_9' title="bbox 1070 821 2247 900">
    <p class='ocr_par' dir='ltr' id='par_1_9' title="bbox 1070 821 2247 900">
     <span class='ocr_line' id='line_1_9' title="bbox 1070 821 2247 900; baseline 0.011 -21"><span class='ocrx_word' id='word_1_36' title='bbox 1070 821 1300 879; x_wconf 77' lang='lat' dir='ltr'><strong>Christi</strong></span> <span class='ocrx_word' id='word_1_37' title='bbox 1321 840 1574 895; x_wconf 82' lang='lat' dir='ltr'><strong>persona</strong></span> <span class='ocrx_word' id='word_1_38' title='bbox 1603 836 1825 900; x_wconf 83' lang='lat' dir='ltr'><strong>creata,</strong></span> <span class='ocrx_word' id='word_1_39' title='bbox 1847 821 1927 889; x_wconf 78' lang='lat' dir='ltr'><strong>ari</strong></span> <span class='ocrx_word' id='word_1_40' title='bbox 1956 821 2247 894; x_wconf 71' lang='lat' dir='ltr'><strong>increata.</strong></span> 
     </span>
    </p>
   </div>
   <div class='ocr_carea' id='block_1_10' title="bbox 902 998 2484 1090">
    <p class='ocr_par' dir='ltr' id='par_1_10' title="bbox 902 998 2484 1090">
     <span class='ocr_line' id='line_1_10' title="bbox 902 998 2484 1090; baseline 0.015 -39"><span class='ocrx_word' id='word_1_41' title='bbox 902 998 1127 1090; x_wconf 65' lang='lat' dir='ltr'><strong>22._Dei</strong></span> <span class='ocrx_word' id='word_1_42' title='bbox 1151 999 1330 1058; x_wconf 84' lang='lat' dir='ltr'><strong>Verbi</strong></span> <span class='ocrx_word' id='word_1_43' title='bbox 1359 1018 1637 1075; x_wconf 88' lang='lat' dir='ltr'><strong>persona,</strong></span> <span class='ocrx_word' id='word_1_44' title='bbox 1668 1013 1803 1066; x_wconf 86' lang='lat' dir='ltr'><strong>ante</strong></span> <span class='ocrx_word' id='word_1_45' title='bbox 1832 1027 2077 1069; x_wconf 90' lang='lat' dir='ltr'><strong>carnem</strong></span> <span class='ocrx_word' id='word_1_46' title='bbox 2106 1022 2484 1090; x_wconf 90' lang='lat' dir='ltr'><strong>assumptam</strong></span> 
     </span>
    </p>
   </div>
   <div class='ocr_carea' id='block_1_11' title="bbox 834 1084 2484 1177">
    <p class='ocr_par' dir='ltr' id='par_1_11' title="bbox 834 1084 2484 1177">
     <span class='ocr_line' id='line_1_11' title="bbox 834 1084 2484 1177; baseline 0.015 -39"><span class='ocrx_word' id='word_1_47' title='bbox 834 1084 1090 1156; x_wconf 79' lang='lat' dir='ltr'><strong>simplex</strong></span> <span class='ocrx_word' id='word_1_48' title='bbox 1133 1094 1278 1158; x_wconf 88' lang='lat' dir='ltr'><strong>erat,</strong></span> <span class='ocrx_word' id='word_1_49' title='bbox 1325 1108 1436 1148; x_wconf 90' lang='lat' dir='ltr'><strong>nec</strong></span> <span class='ocrx_word' id='word_1_50' title='bbox 1477 1098 1833 1167; x_wconf 89' lang='lat' dir='ltr'><strong>composita.</strong></span> <span class='ocrx_word' id='word_1_51' title='bbox 1875 1102 2125 1174; x_wconf 84' lang='lat' dir='ltr'><strong>corpore</strong></span> <span class='ocrx_word' id='word_1_52' title='bbox 2156 1121 2388 1177; x_wconf 83' lang='lat' dir='ltr'><strong>expers,</strong></span> <span class='ocrx_word' id='word_1_53' title='bbox 2428 1113 2484 1162; x_wconf 89' lang='lat' dir='ltr'><strong>et</strong></span> 
     </span>
    </p>
   </div>
   <div class='ocr_carea' id='block_1_12' title="bbox 830 1170 2482 1264">
    <p class='ocr_par' dir='ltr' id='par_1_12' title="bbox 830 1170 2482 1264">
     <span class='ocr_line' id='line_1_12' title="bbox 830 1170 2482 1264; baseline 0.015 -38"><span class='ocrx_word' id='word_1_54' title='bbox 830 1170 1114 1230; x_wconf 87' lang='lat' dir='ltr'><strong>increata.</strong></span> <span class='ocrx_word' id='word_1_55' title='bbox 1155 1179 1238 1233; x_wconf 82' lang='lat' dir='ltr'><strong>Ex</strong></span> <span class='ocrx_word' id='word_1_56' title='bbox 1277 1195 1401 1251; x_wconf 93' lang='lat' dir='ltr'><strong>quo</strong></span> <span class='ocrx_word' id='word_1_57' title='bbox 1444 1187 1644 1239; x_wconf 92' lang='lat' dir='ltr'><strong>autem</strong></span> <span class='ocrx_word' id='word_1_58' title='bbox 1694 1201 1937 1244; x_wconf 91' lang='lat' dir='ltr'><strong>carnem</strong></span> <span class='ocrx_word' id='word_1_59' title='bbox 1981 1170 2261 1264; x_wconf 74' lang='lat' dir='ltr'><strong>suscepit,</strong></span> <span class='ocrx_word' id='word_1_60' title='bbox 2315 1195 2482 1250; x_wconf 91' lang='lat' dir='ltr'><strong>carni</strong></span> 
     </span>
    </p>
   </div>
   <div class='ocr_carea' id='block_1_13' title="bbox 831 1270 2480 1353">
    <p class='ocr_par' dir='ltr' id='par_1_13' title="bbox 831 1270 2480 1353">
     <span class='ocr_line' id='line_1_13' title="bbox 831 1270 2480 1353; baseline 0.016 -39"><span class='ocrx_word' id='word_1_61' title='bbox 831 1275 1076 1333; x_wconf 90' lang='lat' dir='ltr'><strong>quoque</strong></span> <span class='ocrx_word' id='word_1_62' title='bbox 1105 1280 1364 1336; x_wconf 80' lang='lat' dir='ltr'><strong>persona</strong></span> <span class='ocrx_word' id='word_1_63' title='bbox 1393 1270 1551 1328; x_wconf 87' lang='lat' dir='ltr'><strong>facta</strong></span> <span class='ocrx_word' id='word_1_64' title='bbox 1569 1279 1679 1342; x_wconf 89' lang='lat' dir='ltr'><strong>est,</strong></span> <span class='ocrx_word' id='word_1_65' title='bbox 1707 1279 2160 1353; x_wconf 89' lang='lat' dir='ltr'><strong>compositaque</strong></span> <span class='ocrx_word' id='word_1_66' title='bbox 2191 1285 2380 1339; x_wconf 77' lang='lat' dir='ltr'><strong>evasit</strong></span> <span class='ocrx_word' id='word_1_67' title='bbox 2407 1301 2480 1340; x_wconf 84' lang='lat' dir='ltr'><strong>ex</strong></span> 
     </span>
    </p>
   </div>
   <div class='ocr_carea' id='block_1_14' title="bbox 829 1348 2479 1437">
    <p class='ocr_par' dir='ltr' id='par_1_14' title="bbox 829 1348 2479 1437">
     <span class='ocr_line' id='line_1_14' title="bbox 829 1348 2479 1437; baseline 0.015 -33"><span class='ocrx_word' id='word_1_68' title='bbox 829 1348 1161 1422; x_wconf 86' lang='lat' dir='ltr'><strong>divinitate,</strong></span> <span class='ocrx_word' id='word_1_69' title='bbox 1191 1371 1378 1426; x_wconf 93' lang='lat' dir='ltr'><strong>quam</strong></span> <span class='ocrx_word' id='word_1_70' title='bbox 1400 1375 1716 1432; x_wconf 90' lang='lat' dir='ltr'><strong>nunquam</strong></span> <span class='ocrx_word' id='word_1_71' title='bbox 1742 1348 1864 1421; x_wconf 88' lang='lat' dir='ltr'><strong>non</strong></span> <span class='ocrx_word' id='word_1_72' title='bbox 1885 1348 2119 1437; x_wconf 78' lang='lat' dir='ltr'><strong>habuit,</strong></span> <span class='ocrx_word' id='word_1_73' title='bbox 2135 1374 2191 1426; x_wconf 91' lang='lat' dir='ltr'><strong>et</strong></span> <span class='ocrx_word' id='word_1_74' title='bbox 2207 1387 2279 1426; x_wconf 84' lang='lat' dir='ltr'><strong>ex</strong></span> <span class='ocrx_word' id='word_1_75' title='bbox 2301 1388 2479 1428; x_wconf 92' lang='lat' dir='ltr'><strong>carne</strong></span> 
     </span>
    </p>
   </div>
   <div class='ocr_carea' id='block_1_15' title="bbox 829 1447 2478 1530">
    <p class='ocr_par' dir='ltr' id='par_1_15' title="bbox 829 1447 2478 1530">
     <span class='ocr_line' id='line_1_15' title="bbox 829 1447 2478 1530; baseline 0.015 -38"><span class='ocrx_word' id='word_1_76' title='bbox 829 1453 1025 1530; x_wconf 3' lang='lat' dir='ltr'><strong>quam,</strong></span> <span class='ocrx_word' id='word_1_77' title='bbox 1061 1447 1396 1518; x_wconf 86' lang='lat' dir='ltr'><strong>assumpsit</strong></span> <span class='ocrx_word' id='word_1_78' title='bbox 1429 1467 1440 1503; x_wconf 91' lang='lat'>:</span> <span class='ocrx_word' id='word_1_79' title='bbox 1477 1452 1745 1524; x_wconf 90' lang='lat' dir='ltr'><strong>geritque</strong></span> <span class='ocrx_word' id='word_1_80' title='bbox 1776 1455 1928 1510; x_wconf 90' lang='lat' dir='ltr'><strong>adeo</strong></span> <span class='ocrx_word' id='word_1_81' title='bbox 1959 1457 2213 1530; x_wconf 87' lang='lat' dir='ltr'><strong>duplicis</strong></span> <span class='ocrx_word' id='word_1_82' title='bbox 2249 1466 2478 1517; x_wconf 78' lang='lat' dir='ltr'><strong>naturae</strong></span> 
     </span>
    </p>
   </div>
   <div class='ocr_carea' id='block_1_16' title="bbox 827 1529 2478 1610">
    <p class='ocr_par' dir='ltr' id='par_1_16' title="bbox 827 1529 2478 1610">
     <span class='ocr_line' id='line_1_16' title="bbox 827 1529 2478 1610; baseline 0.014 -28"><span class='ocrx_word' id='word_1_83' title='bbox 827 1529 1246 1600; x_wconf 85' lang='lat' dir='ltr'><strong>proprietates,</strong></span> <span class='ocrx_word' id='word_1_84' title='bbox 1283 1541 1484 1607; x_wconf 88' lang='lat' dir='ltr'><strong>utpote</strong></span> <span class='ocrx_word' id='word_1_85' title='bbox 1513 1555 1648 1610; x_wconf 82' lang='lat' dir='ltr'><strong>quae</strong></span> <span class='ocrx_word' id='word_1_86' title='bbox 1679 1542 1738 1596; x_wconf 88' lang='lat' dir='ltr'><strong>in</strong></span> <span class='ocrx_word' id='word_1_87' title='bbox 1769 1543 2009 1600; x_wconf 87' lang='lat' dir='ltr'><strong>duabus</strong></span> <span class='ocrx_word' id='word_1_88' title='bbox 2033 1529 2263 1604; x_wconf 86' lang='lat' dir='ltr'><strong>naturis</strong></span> <span class='ocrx_word' id='word_1_89' title='bbox 2283 1551 2478 1604; x_wconf 84' lang='lat' dir='ltr'><strong>nosci-</strong></span> 
     </span>
    </p>
   </div>
   <div class='ocr_carea' id='block_1_17' title="bbox 825 1619 2477 1704">
    <p class='ocr_par' dir='ltr' id='par_1_17' title="bbox 825 1619 2477 1704">
     <span class='ocr_line' id='line_1_17' title="bbox 825 1619 2477 1704; baseline 0.014 -32"><span class='ocrx_word' id='word_1_90' title='bbox 825 1620 940 1672; x_wconf 85' lang='lat' dir='ltr'><strong>tur.</strong></span> <span class='ocrx_word' id='word_1_91' title='bbox 975 1619 1105 1684; x_wconf 86' lang='lat' dir='ltr'><strong>Quo</strong></span> <span class='ocrx_word' id='word_1_92' title='bbox 1133 1620 1199 1676; x_wconf 85' lang='lat' dir='ltr'><strong>ﬁt</strong></span> <span class='ocrx_word' id='word_1_93' title='bbox 1228 1628 1292 1678; x_wconf 92' lang='lat' dir='ltr'><strong>ut</strong></span> <span class='ocrx_word' id='word_1_94' title='bbox 1323 1640 1443 1681; x_wconf 88' lang='lat' dir='ltr'><strong>una</strong></span> <span class='ocrx_word' id='word_1_95' title='bbox 1472 1628 1806 1701; x_wconf 89' lang='lat' dir='ltr'><strong>eademque</strong></span> <span class='ocrx_word' id='word_1_96' title='bbox 1835 1648 2094 1704; x_wconf 86' lang='lat' dir='ltr'><strong>persona</strong></span> <span class='ocrx_word' id='word_1_97' title='bbox 2123 1642 2178 1691; x_wconf 86' lang='lat' dir='ltr'><strong>et</strong></span> <span class='ocrx_word' id='word_1_98' title='bbox 2205 1638 2477 1694; x_wconf 85' lang='lat' dir='ltr'><strong>divinita-</strong></span> 
     </span>
    </p>
   </div>
   <div class='ocr_carea' id='block_1_18' title="bbox 827 1705 2474 1786">
    <p class='ocr_par' dir='ltr' id='par_1_18' title="bbox 827 1705 2474 1786">
     <span class='ocr_line' id='line_1_18' title="bbox 827 1705 2474 1786; baseline 0.015 -27"><span class='ocrx_word' id='word_1_99' title='bbox 827 1705 903 1761; x_wconf 89' lang='lat' dir='ltr'><strong>tis</strong></span> <span class='ocrx_word' id='word_1_100' title='bbox 933 1708 1162 1763; x_wconf 88' lang='lat' dir='ltr'><strong>ratione</strong></span> <span class='ocrx_word' id='word_1_101' title='bbox 1185 1710 1452 1770; x_wconf 89' lang='lat' dir='ltr'><strong>increata</strong></span> <span class='ocrx_word' id='word_1_102' title='bbox 1481 1718 1572 1786; x_wconf 89' lang='lat' dir='ltr'><strong>sit,</strong></span> <span class='ocrx_word' id='word_1_103' title='bbox 1615 1724 1671 1773; x_wconf 87' lang='lat' dir='ltr'><strong>et</strong></span> <span class='ocrx_word' id='word_1_104' title='bbox 1701 1727 1899 1777; x_wconf 89' lang='lat' dir='ltr'><strong>creata</strong></span> <span class='ocrx_word' id='word_1_105' title='bbox 1937 1724 2168 1781; x_wconf 86' lang='lat' dir='ltr'><strong>ratione</strong></span> <span class='ocrx_word' id='word_1_106' title='bbox 2195 1726 2474 1783; x_wconf 87' lang='lat' dir='ltr'><strong>humani-</strong></span> 
     </span>
    </p>
   </div>
   <div class='ocr_carea' id='block_1_19' title="bbox 826 1795 2545 1907">
    <p class='ocr_par' dir='ltr' id='par_1_19' title="bbox 826 1795 2545 1907">
     <span class='ocr_line' id='line_1_19' title="bbox 826 1795 2545 1907; baseline 0.014 -59"><span class='ocrx_word' id='word_1_107' title='bbox 826 1795 1001 1861; x_wconf 90' lang='lat' dir='ltr'><strong>tatis;</strong></span> <span class='ocrx_word' id='word_1_108' title='bbox 1031 1797 1280 1899; x_wconf 78' lang='lat' dir='ltr'><strong>visibilis</strong></span> <span class='ocrx_word' id='word_1_109' title='bbox 1312 1803 1491 1907; x_wconf 69' lang='lat' dir='ltr'><strong>simul</strong></span> <span class='ocrx_word' id='word_1_110' title='bbox 1523 1811 1578 1861; x_wconf 89' lang='lat' dir='ltr'><strong>et</strong></span> <span class='ocrx_word' id='word_1_111' title='bbox 1615 1807 1956 1869; x_wconf 85' lang='lat' dir='ltr'><strong>invisibilis.</strong></span> <span class='ocrx_word' id='word_1_112' title='bbox 1989 1815 2137 1868; x_wconf 85' lang='lat' dir='ltr'><strong>Nam</strong></span> <span class='ocrx_word' id='word_1_113' title='bbox 2165 1814 2391 1887; x_wconf 85' lang='lat' dir='ltr'><strong>alioqui</strong></span> <span class='ocrx_word' id='word_1_114' title='bbox 2413 1818 2473 1871; x_wconf 90' lang='lat' dir='ltr'><strong>in</strong></span> <span class='ocrx_word' id='word_1_115' title='bbox 2505 1854 2545 1907; x_wconf 79' lang='grc' dir='ltr'><strong>Β</strong></span> 
     </span>
    </p>
   </div>
   <div class='ocr_carea' id='block_1_20' title="bbox 824 1889 2474 1964">
    <p class='ocr_par' dir='ltr' id='par_1_20' title="bbox 824 1889 2474 1964">
     <span class='ocr_line' id='line_1_20' title="bbox 824 1889 2474 1964; baseline 0.015 -26"><span class='ocrx_word' id='word_1_116' title='bbox 824 1898 927 1939; x_wconf 87' lang='lat' dir='ltr'><strong>eas</strong></span> <span class='ocrx_word' id='word_1_117' title='bbox 965 1889 1273 1956; x_wconf 80' lang='lat' dir='ltr'><strong>angustias</strong></span> <span class='ocrx_word' id='word_1_118' title='bbox 1299 1891 1693 1964; x_wconf 90' lang='lat' dir='ltr'><strong>adducemur,</strong></span> <span class='ocrx_word' id='word_1_119' title='bbox 1727 1904 1791 1954; x_wconf 92' lang='lat' dir='ltr'><strong>ut</strong></span> <span class='ocrx_word' id='word_1_120' title='bbox 1818 1900 1911 1955; x_wconf 91' lang='lat' dir='ltr'><strong>vel</strong></span> <span class='ocrx_word' id='word_1_121' title='bbox 1941 1917 2133 1957; x_wconf 90' lang='lat' dir='ltr'><strong>unum</strong></span> <span class='ocrx_word' id='word_1_122' title='bbox 2165 1904 2474 1961; x_wconf 91' lang='lat' dir='ltr'><strong>eumdem-</strong></span> 
     </span>
    </p>
   </div>
   <div class='ocr_carea' id='block_1_21' title="bbox 821 1975 2469 2063">
    <p class='ocr_par' dir='ltr' id='par_1_21' title="bbox 821 1975 2469 2063">
     <span class='ocr_line' id='line_1_21' title="bbox 821 1975 2469 2063; baseline 0.015 -37"><span class='ocrx_word' id='word_1_123' title='bbox 821 1988 941 2045; x_wconf 93' lang='lat' dir='ltr'><strong>que</strong></span> <span class='ocrx_word' id='word_1_124' title='bbox 994 1975 1290 2035; x_wconf 91' lang='lat' dir='ltr'><strong>Christum</strong></span> <span class='ocrx_word' id='word_1_125' title='bbox 1333 1981 1697 2053; x_wconf 89' lang='lat' dir='ltr'><strong>dividamus,</strong></span> <span class='ocrx_word' id='word_1_126' title='bbox 1753 1989 1908 2046; x_wconf 92' lang='lat' dir='ltr'><strong>duas</strong></span> <span class='ocrx_word' id='word_1_127' title='bbox 1959 2007 2254 2063; x_wconf 87' lang='lat' dir='ltr'><strong>personas</strong></span> <span class='ocrx_word' id='word_1_128' title='bbox 2308 2010 2469 2051; x_wconf 89' lang='lat' dir='ltr'><strong>asse-</strong></span> 
     </span>
    </p>
   </div>
   <div class='ocr_carea' id='block_1_22' title="bbox 819 2063 2466 2152">
    <p class='ocr_par' dir='ltr' id='par_1_22' title="bbox 819 2063 2466 2152">
     <span class='ocr_line' id='line_1_22' title="bbox 819 2063 2466 2152; baseline 0.015 -35"><span class='ocrx_word' id='word_1_129' title='bbox 819 2063 1047 2135; x_wconf 90' lang='lat' dir='ltr'><strong>rendo;</strong></span> <span class='ocrx_word' id='word_1_130' title='bbox 1079 2067 1174 2123; x_wconf 90' lang='lat' dir='ltr'><strong>vel</strong></span> <span class='ocrx_word' id='word_1_131' title='bbox 1225 2075 1576 2131; x_wconf 90' lang='lat' dir='ltr'><strong>naturarum</strong></span> <span class='ocrx_word' id='word_1_132' title='bbox 1619 2077 2064 2137; x_wconf 86' lang='lat' dir='ltr'><strong>distinctionem</strong></span> <span class='ocrx_word' id='word_1_133' title='bbox 2107 2083 2466 2152; x_wconf 81' lang='lat' dir='ltr'><strong>inficiantes,</strong></span> 
     </span>
    </p>
   </div>
   <div class='ocr_carea' id='block_1_23' title="bbox 822 2156 2261 2229">
    <p class='ocr_par' dir='ltr' id='par_1_23' title="bbox 822 2156 2261 2229">
     <span class='ocr_line' id='line_1_23' title="bbox 822 2156 2261 2229; baseline 0.016 -22"><span class='ocrx_word' id='word_1_134' title='bbox 822 2156 1271 2214; x_wconf 88' lang='lat' dir='ltr'><strong>conversionem</strong></span> <span class='ocrx_word' id='word_1_135' title='bbox 1302 2166 1405 2217; x_wconf 89' lang='lat' dir='ltr'><strong>aut</strong></span> <span class='ocrx_word' id='word_1_136' title='bbox 1429 2165 1848 2225; x_wconf 82' lang='lat' dir='ltr'><strong>confusionem</strong></span> <span class='ocrx_word' id='word_1_137' title='bbox 1879 2171 2261 2229; x_wconf 88' lang='lat' dir='ltr'><strong>inducamus.</strong></span> 
     </span>
    </p>
   </div>
   <div class='ocr_carea' id='block_1_24' title="bbox 818 2241 2470 2382">
    <p class='ocr_par' dir='ltr' id='par_1_24' title="bbox 818 2241 2470 2382">
     <span class='ocr_line' id='line_1_24' title="bbox 818 2241 2470 2382; baseline 0.016 -87"><span class='ocrx_word' id='word_1_138' title='bbox 818 2241 1106 2311; x_wconf 84' lang='lat' dir='ltr'><strong>Ejusdem</strong></span> <span class='ocrx_word' id='word_1_139' title='bbox 1135 2250 1468 2317; x_wconf 77' lang='lat' dir='ltr'><strong>capitulum</strong></span> <span class='ocrx_word' id='word_1_140' title='bbox 1712 2259 1785 2315; x_wconf 86' lang='lat' dir='ltr'><strong>de</strong></span> <span class='ocrx_word' id='word_1_141' title='bbox 1811 2264 2174 2318; x_wconf 82' lang='lat' dir='ltr'><strong>naturarum</strong></span> <span class='ocrx_word' id='word_1_142' title='bbox 2197 2267 2470 2334; x_wconf 83' lang='lat' dir='ltr'><strong>proprie-</strong></span> 
     </span>
     <span class='ocr_line' id='line_1_25' title="bbox 1542 2341 1763 2382; baseline 0.005 -1"><span class='ocrx_word' id='word_1_143' title='bbox 1542 2341 1579 2382; x_wconf 89' lang='lat' dir='ltr'><strong>a</strong></span> <span class='ocrx_word' id='word_1_144' title='bbox 1611 2343 1630 2381; x_wconf 84' lang='grc' dir='ltr'>ι</span> <span class='ocrx_word' id='word_1_145' title='bbox 1671 2344 1763 2382; x_wconf 88' lang='lat' dir='ltr'><strong>us.</strong></span> 
     </span>
    </p>
   </div>
   <div class='ocr_carea' id='block_1_25' title="bbox 1542 2341 1763 2384">
    <p class='ocr_par' dir='ltr' id='par_1_25' title="bbox 1542 2341 1763 2384">
     <span class='ocr_line' id='line_1_26' title="bbox 1542 2341 1763 2384; baseline 0.014 -2"><span class='ocrx_word' id='word_1_146' title='bbox 1542 2341 1763 2384; x_wconf 75' lang='lat' dir='ltr'><strong>ancus.</strong></span> 
     </span>
    </p>
   </div>
   <div class='ocr_carea' id='block_1_26' title="bbox 888 2403 2471 2484">
    <p class='ocr_par' dir='ltr' id='par_1_26' title="bbox 888 2403 2471 2484">
     <span class='ocr_line' id='line_1_27' title="bbox 888 2403 2471 2484; baseline 0.016 -28"><span class='ocrx_word' id='word_1_147' title='bbox 888 2403 978 2461; x_wconf 84' lang='lat'><strong>23.</strong></span> <span class='ocrx_word' id='word_1_148' title='bbox 1020 2408 1312 2466; x_wconf 90' lang='lat' dir='ltr'><strong>Eumdem</strong></span> <span class='ocrx_word' id='word_1_149' title='bbox 1342 2427 1521 2484; x_wconf 89' lang='lat' dir='ltr'><strong>porro</strong></span> <span class='ocrx_word' id='word_1_150' title='bbox 1564 2415 1889 2476; x_wconf 92' lang='lat' dir='ltr'><strong>Dominum</strong></span> <span class='ocrx_word' id='word_1_151' title='bbox 1937 2428 2210 2479; x_wconf 91' lang='lat' dir='ltr'><strong>nostrum</strong></span> <span class='ocrx_word' id='word_1_152' title='bbox 2266 2425 2471 2481; x_wconf 86' lang='lat' dir='ltr'><strong>Jesum</strong></span> 
     </span>
    </p>
   </div>
   <div class='ocr_carea' id='block_1_27' title="bbox 819 2493 2447 2584">
    <p class='ocr_par' dir='ltr' id='par_1_27' title="bbox 819 2493 2447 2584">
     <span class='ocr_line' id='line_1_28' title="bbox 819 2493 2447 2584; baseline 0.015 -36"><span class='ocrx_word' id='word_1_153' title='bbox 819 2493 1140 2567; x_wconf 88' lang='lat' dir='ltr'><strong>Christum,</strong></span> <span class='ocrx_word' id='word_1_154' title='bbox 1165 2504 1222 2556; x_wconf 93' lang='lat' dir='ltr'><strong>et</strong></span> <span class='ocrx_word' id='word_1_155' title='bbox 1248 2501 1577 2572; x_wconf 83' lang='lat' dir='ltr'><strong>perfectum</strong></span> <span class='ocrx_word' id='word_1_156' title='bbox 1609 2509 1819 2578; x_wconf 88' lang='lat' dir='ltr'><strong>Deum,</strong></span> <span class='ocrx_word' id='word_1_157' title='bbox 1848 2515 1904 2566; x_wconf 92' lang='lat' dir='ltr'><strong>et</strong></span> <span class='ocrx_word' id='word_1_158' title='bbox 1923 2512 2251 2584; x_wconf 85' lang='lat' dir='ltr'><strong>perfectum</strong></span> <span class='ocrx_word' id='word_1_159' title='bbox 2279 2514 2447 2571; x_wconf 89' lang='lat' dir='ltr'><strong>homi</strong></span> 
     </span>
    </p>
   </div>
   <div class='ocr_carea' id='block_1_28' title="bbox 816 2588 2470 2671">
    <p class='ocr_par' dir='ltr' id='par_1_28' title="bbox 816 2588 2470 2671">
     <span class='ocr_line' id='line_1_29' title="bbox 816 2588 2470 2671; baseline 0.014 -33"><span class='ocrx_word' id='word_1_160' title='bbox 816 2597 958 2640; x_wconf 89' lang='lat' dir='ltr'><strong>nem</strong></span> <span class='ocrx_word' id='word_1_161' title='bbox 1008 2588 1429 2659; x_wconf 67' lang='lat' dir='ltr'><strong>prmdicantes,</strong></span> <span class='ocrx_word' id='word_1_162' title='bbox 1474 2595 1590 2651; x_wconf 92' lang='lat' dir='ltr'><strong>hoc</strong></span> <span class='ocrx_word' id='word_1_163' title='bbox 1637 2598 2010 2671; x_wconf 84' lang='lat' dir='ltr'><strong>proﬁtemur,</strong></span> <span class='ocrx_word' id='word_1_164' title='bbox 2072 2602 2357 2660; x_wconf 90' lang='lat' dir='ltr'><strong>eumdem</strong></span> <span class='ocrx_word' id='word_1_165' title='bbox 2413 2609 2470 2660; x_wconf 91' lang='lat' dir='ltr'><strong>et</strong></span> 
     </span>
    </p>
   </div>
   <div class='ocr_carea' id='block_1_29' title="bbox 815 2675 2469 2764">
    <p class='ocr_par' dir='ltr' id='par_1_29' title="bbox 815 2675 2469 2764">
     <span class='ocr_line' id='line_1_30' title="bbox 815 2675 2469 2764; baseline 0.013 -36"><span class='ocrx_word' id='word_1_166' title='bbox 815 2675 1024 2730; x_wconf 92' lang='lat' dir='ltr'><strong>omnia</strong></span> <span class='ocrx_word' id='word_1_167' title='bbox 1053 2676 1296 2745; x_wconf 89' lang='lat' dir='ltr'><strong>habere,</strong></span> <span class='ocrx_word' id='word_1_168' title='bbox 1338 2697 1472 2753; x_wconf 83' lang='lat' dir='ltr'><strong>quae</strong></span> <span class='ocrx_word' id='word_1_169' title='bbox 1516 2690 1687 2758; x_wconf 91' lang='lat' dir='ltr'><strong>pater</strong></span> <span class='ocrx_word' id='word_1_170' title='bbox 1715 2688 1916 2753; x_wconf 90' lang='lat' dir='ltr'><strong>habet,</strong></span> <span class='ocrx_word' id='word_1_171' title='bbox 1945 2697 2194 2763; x_wconf 81' lang='lat' dir='ltr'><strong>excepta</strong></span> <span class='ocrx_word' id='word_1_172' title='bbox 2222 2693 2469 2764; x_wconf 90' lang='lat' dir='ltr'><strong>ingeniti</strong></span> 
     </span>
    </p>
   </div>
   <div class='ocr_carea' id='block_1_30' title="bbox 815 2767 2466 2853">
    <p class='ocr_par' dir='ltr' id='par_1_30' title="bbox 815 2767 2466 2853">
     <span class='ocr_line' id='line_1_31' title="bbox 815 2767 2466 2853; baseline 0.012 -34"><span class='ocrx_word' id='word_1_173' title='bbox 815 2767 1176 2838; x_wconf 89' lang='lat' dir='ltr'><strong>proprietate</strong></span> <span class='ocrx_word' id='word_1_174' title='bbox 1210 2789 1222 2837; x_wconf 90' lang='lat'><strong>;</strong></span> <span class='ocrx_word' id='word_1_175' title='bbox 1273 2772 1326 2827; x_wconf 92' lang='lat' dir='ltr'><strong>ei</strong></span> <span class='ocrx_word' id='word_1_176' title='bbox 1356 2776 1563 2831; x_wconf 90' lang='lat' dir='ltr'><strong>omnia</strong></span> <span class='ocrx_word' id='word_1_177' title='bbox 1609 2778 1772 2848; x_wconf 89' lang='lat' dir='ltr'><strong>item,</strong></span> <span class='ocrx_word' id='word_1_178' title='bbox 1814 2795 1950 2851; x_wconf 78' lang='lat' dir='ltr'><strong>quae</strong></span> <span class='ocrx_word' id='word_1_179' title='bbox 1990 2782 2220 2853; x_wconf 91' lang='lat' dir='ltr'><strong>primus</strong></span> <span class='ocrx_word' id='word_1_180' title='bbox 2251 2783 2466 2847; x_wconf 87' lang='lat' dir='ltr'><strong>Adam,</strong></span> 
     </span>
    </p>
   </div>
   <div class='ocr_carea' id='block_1_31' title="bbox 817 2857 2465 2942">
    <p class='ocr_par' dir='ltr' id='par_1_31' title="bbox 817 2857 2465 2942">
     <span class='ocr_line' id='line_1_32' title="bbox 817 2857 2465 2942; baseline 0.012 -35"><span class='ocrx_word' id='word_1_181' title='bbox 817 2860 1065 2927; x_wconf 82' lang='lat' dir='ltr'><strong>excepto</strong></span> <span class='ocrx_word' id='word_1_182' title='bbox 1095 2857 1222 2914; x_wconf 90' lang='lat' dir='ltr'><strong>solo</strong></span> <span class='ocrx_word' id='word_1_183' title='bbox 1264 2867 1535 2932; x_wconf 90' lang='lat' dir='ltr'><strong>peccato,</strong></span> <span class='ocrx_word' id='word_1_184' title='bbox 1578 2865 1693 2921; x_wconf 91' lang='lat' dir='ltr'><strong>hoc</strong></span> <span class='ocrx_word' id='word_1_185' title='bbox 1719 2873 1827 2934; x_wconf 89' lang='lat' dir='ltr'><strong>est,</strong></span> <span class='ocrx_word' id='word_1_186' title='bbox 1861 2885 2083 2942; x_wconf 88' lang='lat' dir='ltr'><strong>corpus</strong></span> <span class='ocrx_word' id='word_1_187' title='bbox 2109 2875 2167 2926; x_wconf 92' lang='lat' dir='ltr'><strong>et</strong></span> <span class='ocrx_word' id='word_1_188' title='bbox 2197 2875 2465 2927; x_wconf 89' lang='lat' dir='ltr'><strong>animam</strong></span> 
     </span>
    </p>
   </div>
   <div class='ocr_carea' id='block_1_32' title="bbox 813 2943 2466 3032">
    <p class='ocr_par' dir='ltr' id='par_1_32' title="bbox 813 2943 2466 3032">
     <span class='ocr_line' id='line_1_33' title="bbox 813 2943 2466 3032; baseline 0.011 -36"><span class='ocrx_word' id='word_1_189' title='bbox 813 2943 1042 2999; x_wconf 89' lang='lat' dir='ltr'><strong>ratione</strong></span> <span class='ocrx_word' id='word_1_190' title='bbox 1078 2950 1134 3002; x_wconf 91' lang='lat' dir='ltr'><strong>et</strong></span> <span class='ocrx_word' id='word_1_191' title='bbox 1173 2947 1564 3019; x_wconf 80' lang='lat' dir='ltr'><strong>intelligentia</strong></span> <span class='ocrx_word' id='word_1_192' title='bbox 1601 2956 1916 3026; x_wconf 76' lang='lat' dir='ltr'><strong>praeditam</strong></span> <span class='ocrx_word' id='word_1_193' title='bbox 1964 2976 1976 3011; x_wconf 91' lang='lat'>:</span> <span class='ocrx_word' id='word_1_194' title='bbox 2037 2960 2180 3032; x_wconf 89' lang='lat' dir='ltr'><strong>quin</strong></span> <span class='ocrx_word' id='word_1_195' title='bbox 2237 2959 2466 3016; x_wconf 90' lang='lat' dir='ltr'><strong>habere</strong></span> 
     </span>
    </p>
   </div>
   <div class='ocr_carea' id='block_1_33' title="bbox 813 3032 2464 3116">
    <p class='ocr_par' dir='ltr' id='par_1_33' title="bbox 813 3032 2464 3116">
     <span class='ocr_line' id='line_1_34' title="bbox 813 3032 2464 3116; baseline 0.012 -31"><span class='ocrx_word' id='word_1_196' title='bbox 813 3032 992 3088; x_wconf 92' lang='lat' dir='ltr'><strong>etiam</strong></span> <span class='ocrx_word' id='word_1_197' title='bbox 1019 3050 1182 3104; x_wconf 91' lang='lat' dir='ltr'><strong>eum,</strong></span> <span class='ocrx_word' id='word_1_198' title='bbox 1210 3038 1295 3093; x_wconf 92' lang='lat' dir='ltr'><strong>uti</strong></span> <span class='ocrx_word' id='word_1_199' title='bbox 1324 3039 1564 3096; x_wconf 89' lang='lat' dir='ltr'><strong>duabus</strong></span> <span class='ocrx_word' id='word_1_200' title='bbox 1592 3046 1824 3100; x_wconf 84' lang='lat' dir='ltr'><strong>naturis</strong></span> <span class='ocrx_word' id='word_1_201' title='bbox 1866 3054 2338 3105; x_wconf 88' lang='lat' dir='ltr'><strong>consentaneum</strong></span> <span class='ocrx_word' id='word_1_202' title='bbox 2357 3054 2464 3116; x_wconf 86' lang='lat' dir='ltr'><strong>est,</strong></span> 
     </span>
    </p>
   </div>
   <div class='ocr_carea' id='block_1_34' title="bbox 811 3121 2466 3211">
    <p class='ocr_par' dir='ltr' id='par_1_34' title="bbox 811 3121 2466 3211">
     <span class='ocr_line' id='line_1_35' title="bbox 811 3121 2466 3211; baseline 0.011 -34"><span class='ocrx_word' id='word_1_203' title='bbox 811 3121 1082 3194; x_wconf 91' lang='lat' dir='ltr'><strong>duplices</strong></span> <span class='ocrx_word' id='word_1_204' title='bbox 1120 3133 1471 3189; x_wconf 86' lang='lat' dir='ltr'><strong>naturarum</strong></span> <span class='ocrx_word' id='word_1_205' title='bbox 1515 3133 1776 3191; x_wconf 91' lang='lat' dir='ltr'><strong>duarum</strong></span> <span class='ocrx_word' id='word_1_206' title='bbox 1806 3139 2111 3194; x_wconf 83' lang='lat' dir='ltr'><strong>naturales</strong></span> <span class='ocrx_word' id='word_1_207' title='bbox 2140 3141 2466 3211; x_wconf 89' lang='lat' dir='ltr'><strong>proprieta-</strong></span> 
     </span>
    </p>
   </div>
   <div class='ocr_carea' id='block_1_35' title="bbox 811 3214 2464 3297">
    <p class='ocr_par' dir='ltr' id='par_1_35' title="bbox 811 3214 2464 3297">
     <span class='ocr_line' id='line_1_36' title="bbox 811 3214 2464 3297; baseline 0.01 -28"><span class='ocrx_word' id='word_1_208' title='bbox 811 3217 898 3269; x_wconf 87' lang='lat' dir='ltr'><strong>tes</strong></span> <span class='ocrx_word' id='word_1_209' title='bbox 931 3233 945 3281; x_wconf 88' lang='lat'><strong>;</strong></span> <span class='ocrx_word' id='word_1_210' title='bbox 997 3214 1114 3271; x_wconf 90' lang='lat' dir='ltr'><strong>hoc</strong></span> <span class='ocrx_word' id='word_1_211' title='bbox 1143 3223 1251 3290; x_wconf 89' lang='lat' dir='ltr'><strong>est,</strong></span> <span class='ocrx_word' id='word_1_212' title='bbox 1284 3220 1438 3277; x_wconf 87' lang='lat' dir='ltr'><strong>duas</strong></span> <span class='ocrx_word' id='word_1_213' title='bbox 1465 3225 1770 3282; x_wconf 89' lang='lat' dir='ltr'><strong>naturales</strong></span> <span class='ocrx_word' id='word_1_214' title='bbox 1803 3228 2164 3297; x_wconf 86' lang='lat' dir='ltr'><strong>voluntates,</strong></span> <span class='ocrx_word' id='word_1_215' title='bbox 2195 3231 2464 3286; x_wconf 88' lang='lat' dir='ltr'><strong>divinam</strong></span> 
     </span>
    </p>
   </div>
   <div class='ocr_carea' id='block_1_36' title="bbox 810 3303 2463 3391">
    <p class='ocr_par' dir='ltr' id='par_1_36' title="bbox 810 3303 2463 3391">
     <span class='ocr_line' id='line_1_37' title="bbox 810 3303 2463 3391; baseline 0.009 -33"><span class='ocrx_word' id='word_1_216' title='bbox 810 3307 868 3360; x_wconf 88' lang='lat' dir='ltr'><strong>et</strong></span> <span class='ocrx_word' id='word_1_217' title='bbox 903 3303 1240 3363; x_wconf 90' lang='lat' dir='ltr'><strong>humanam</strong></span> <span class='ocrx_word' id='word_1_218' title='bbox 1274 3327 1286 3364; x_wconf 91' lang='lat'>:</span> <span class='ocrx_word' id='word_1_219' title='bbox 1332 3309 1486 3367; x_wconf 91' lang='lat' dir='ltr'><strong>duas</strong></span> <span class='ocrx_word' id='word_1_220' title='bbox 1523 3314 1667 3370; x_wconf 91' lang='lat' dir='ltr'><strong>item</strong></span> <span class='ocrx_word' id='word_1_221' title='bbox 1701 3319 2006 3374; x_wconf 88' lang='lat' dir='ltr'><strong>naturales</strong></span> <span class='ocrx_word' id='word_1_222' title='bbox 2062 3319 2463 3391; x_wconf 88' lang='lat' dir='ltr'><strong>operationes,</strong></span> 
     </span>
    </p>
   </div>
   <div class='ocr_carea' id='block_1_37' title="bbox 809 3392 2466 3470">
    <p class='ocr_par' dir='ltr' id='par_1_37' title="bbox 809 3392 2466 3470">
     <span class='ocr_line' id='line_1_38' title="bbox 809 3392 2466 3470; baseline 0.011 -24"><span class='ocrx_word' id='word_1_223' title='bbox 809 3392 1080 3450; x_wconf 90' lang='lat' dir='ltr'><strong>divinam</strong></span> <span class='ocrx_word' id='word_1_224' title='bbox 1105 3401 1162 3451; x_wconf 89' lang='lat' dir='ltr'><strong>et</strong></span> <span class='ocrx_word' id='word_1_225' title='bbox 1189 3396 1524 3457; x_wconf 89' lang='lat' dir='ltr'><strong>humanam</strong></span> <span class='ocrx_word' id='word_1_226' title='bbox 1568 3421 1581 3470; x_wconf 89' lang='lat'><strong>;</strong></span> <span class='ocrx_word' id='word_1_227' title='bbox 1626 3404 1780 3462; x_wconf 89' lang='lat' dir='ltr'><strong>duas</strong></span> <span class='ocrx_word' id='word_1_228' title='bbox 1813 3408 2116 3463; x_wconf 81' lang='lat' dir='ltr'><strong>naturales</strong></span> <span class='ocrx_word' id='word_1_229' title='bbox 2146 3408 2374 3464; x_wconf 87' lang='lat' dir='ltr'><strong>arbitrii</strong></span> <span class='ocrx_word' id='word_1_230' title='bbox 2401 3408 2466 3463; x_wconf 91' lang='lat' dir='ltr'><strong>1i-</strong></span> 
     </span>
    </p>
   </div>
   <div class='ocr_carea' id='block_1_38' title="bbox 809 3480 2464 3571">
    <p class='ocr_par' dir='ltr' id='par_1_38' title="bbox 809 3480 2464 3571">
     <span class='ocr_line' id='line_1_39' title="bbox 809 3480 2464 3571; baseline 0.01 -35"><span class='ocrx_word' id='word_1_231' title='bbox 809 3480 1378 3548; x_wconf 89' lang='lat' dir='ltr'><strong>bertates,divinam</strong></span> <span class='ocrx_word' id='word_1_232' title='bbox 1400 3496 1456 3546; x_wconf 91' lang='lat' dir='ltr'><strong>et</strong></span> <span class='ocrx_word' id='word_1_233' title='bbox 1471 3492 1836 3550; x_wconf 89' lang='lat' dir='ltr'><strong>humanam:</strong></span> <span class='ocrx_word' id='word_1_234' title='bbox 1858 3513 1928 3552; x_wconf 88' lang='lat' dir='ltr'><strong>ac</strong></span> <span class='ocrx_word' id='word_1_235' title='bbox 1948 3497 2207 3570; x_wconf 90' lang='lat' dir='ltr'><strong>denique</strong></span> <span class='ocrx_word' id='word_1_236' title='bbox 2227 3499 2464 3571; x_wconf 89' lang='lat' dir='ltr'><strong>sapien-</strong></span> 
     </span>
    </p>
   </div>
   <div class='ocr_carea' id='block_1_39' title="bbox 809 3570 2459 3652">
    <p class='ocr_par' dir='ltr' id='par_1_39' title="bbox 809 3570 2459 3652">
     <span class='ocr_line' id='line_1_40' title="bbox 809 3570 2459 3652; baseline 0.012 -27"><span class='ocrx_word' id='word_1_237' title='bbox 809 3570 955 3627; x_wconf 87' lang='lat' dir='ltr'><strong>tiam</strong></span> <span class='ocrx_word' id='word_1_238' title='bbox 977 3577 1034 3628; x_wconf 87' lang='lat' dir='ltr'><strong>et</strong></span> <span class='ocrx_word' id='word_1_239' title='bbox 1057 3575 1367 3633; x_wconf 85' lang='lat' dir='ltr'><strong>scientiam</strong></span> <span class='ocrx_word' id='word_1_240' title='bbox 1397 3579 1719 3652; x_wconf 89' lang='lat' dir='ltr'><strong>duplicem,</strong></span> <span class='ocrx_word' id='word_1_241' title='bbox 1739 3584 2007 3642; x_wconf 89' lang='lat' dir='ltr'><strong>divinam</strong></span> <span class='ocrx_word' id='word_1_242' title='bbox 2031 3592 2088 3642; x_wconf 89' lang='lat' dir='ltr'><strong>et</strong></span> <span class='ocrx_word' id='word_1_243' title='bbox 2107 3570 2459 3642; x_wconf 80' lang='lat' dir='ltr'><strong>humanam.</strong></span> 
     </span>
    </p>
   </div>
   <div class='ocr_carea' id='block_1_40' title="bbox 809 3664 2462 3740">
    <p class='ocr_par' dir='ltr' id='par_1_40' title="bbox 809 3664 2462 3740">
     <span class='ocr_line' id='line_1_41' title="bbox 809 3664 2462 3740; baseline 0.008 -23"><span class='ocrx_word' id='word_1_244' title='bbox 809 3664 959 3719; x_wconf 87' lang='lat' dir='ltr'><strong>Nam</strong></span> <span class='ocrx_word' id='word_1_245' title='bbox 989 3678 1128 3720; x_wconf 89' lang='lat' dir='ltr'><strong>cum</strong></span> <span class='ocrx_word' id='word_1_246' title='bbox 1161 3667 1429 3737; x_wconf 84' lang='lat' dir='ltr'><strong>ejusdem</strong></span> <span class='ocrx_word' id='word_1_247' title='bbox 1461 3687 1532 3726; x_wconf 93' lang='lat' dir='ltr'><strong>ac</strong></span> <span class='ocrx_word' id='word_1_248' title='bbox 1567 3674 1732 3728; x_wconf 87' lang='lat' dir='ltr'><strong>Pater</strong></span> <span class='ocrx_word' id='word_1_249' title='bbox 1762 3674 2112 3731; x_wconf 83' lang='lat' dir='ltr'><strong>substantiae</strong></span> <span class='ocrx_word' id='word_1_250' title='bbox 2154 3678 2245 3740; x_wconf 90' lang='lat' dir='ltr'><strong>sit,</strong></span> <span class='ocrx_word' id='word_1_251' title='bbox 2279 3676 2462 3732; x_wconf 88' lang='lat' dir='ltr'><strong>libere</strong></span> 
     </span>
    </p>
   </div>
   <div class='ocr_carea' id='block_1_41' title="bbox 807 3751 2463 3824">
    <p class='ocr_par' dir='ltr' id='par_1_41' title="bbox 807 3751 2463 3824">
     <span class='ocr_line' id='line_1_42' title="bbox 807 3751 2463 3824; baseline 0.009 -18"><span class='ocrx_word' id='word_1_252' title='bbox 807 3751 936 3807; x_wconf 87' lang='lat' dir='ltr'><strong>vult</strong></span> <span class='ocrx_word' id='word_1_253' title='bbox 965 3758 1020 3808; x_wconf 90' lang='lat' dir='ltr'><strong>et</strong></span> <span class='ocrx_word' id='word_1_254' title='bbox 1043 3755 1166 3824; x_wconf 84' lang='lat' dir='ltr'><strong>agit</strong></span> <span class='ocrx_word' id='word_1_255' title='bbox 1188 3762 1249 3812; x_wconf 90' lang='lat' dir='ltr'><strong>ut</strong></span> <span class='ocrx_word' id='word_1_256' title='bbox 1281 3759 1436 3813; x_wconf 87' lang='lat' dir='ltr'><strong>Deus</strong></span> <span class='ocrx_word' id='word_1_257' title='bbox 1469 3776 1482 3813; x_wconf 91' lang='lat'><strong>:</strong></span> <span class='ocrx_word' id='word_1_258' title='bbox 1516 3777 1721 3818; x_wconf 89' lang='lat' dir='ltr'><strong>rursus</strong></span> <span class='ocrx_word' id='word_1_259' title='bbox 1751 3780 1890 3819; x_wconf 92' lang='lat' dir='ltr'><strong>cum</strong></span> <span class='ocrx_word' id='word_1_260' title='bbox 1929 3766 2463 3822; x_wconf 85' lang='lat' dir='ltr'><strong>consubstantialis</strong></span> 
     </span>
    </p>
   </div>
   <div class='ocr_carea' id='block_1_42' title="bbox 809 3841 2461 3927">
    <p class='ocr_par' dir='ltr' id='par_1_42' title="bbox 809 3841 2461 3927">
     <span class='ocr_line' id='line_1_43' title="bbox 809 3841 2461 3927; baseline 0.008 -31"><span class='ocrx_word' id='word_1_261' title='bbox 809 3841 884 3896; x_wconf 90' lang='lat' dir='ltr'><strong>sit</strong></span> <span class='ocrx_word' id='word_1_262' title='bbox 911 3843 1109 3914; x_wconf 91' lang='lat' dir='ltr'><strong>nobis,</strong></span> <span class='ocrx_word' id='word_1_263' title='bbox 1133 3844 1315 3902; x_wconf 87' lang='lat' dir='ltr'><strong>libere</strong></span> <span class='ocrx_word' id='word_1_264' title='bbox 1352 3848 1494 3904; x_wconf 91' lang='lat' dir='ltr'><strong>item</strong></span> <span class='ocrx_word' id='word_1_265' title='bbox 1527 3851 1653 3906; x_wconf 90' lang='lat' dir='ltr'><strong>vult</strong></span> <span class='ocrx_word' id='word_1_266' title='bbox 1671 3857 1729 3907; x_wconf 92' lang='lat' dir='ltr'><strong>et</strong></span> <span class='ocrx_word' id='word_1_267' title='bbox 1757 3854 1900 3925; x_wconf 90' lang='lat' dir='ltr'><strong>agit,</strong></span> <span class='ocrx_word' id='word_1_268' title='bbox 1929 3859 1993 3910; x_wconf 90' lang='lat' dir='ltr'><strong>ut</strong></span> <span class='ocrx_word' id='word_1_269' title='bbox 2015 3854 2220 3910; x_wconf 92' lang='lat' dir='ltr'><strong>homo.</strong></span> <span class='ocrx_word' id='word_1_270' title='bbox 2270 3855 2461 3927; x_wconf 90' lang='lat' dir='ltr'><strong>Ipsius</strong></span> 
     </span>
    </p>
   </div>
   <div class='ocr_carea' id='block_1_43' title="bbox 807 3931 2313 4014">
    <p class='ocr_par' dir='ltr' id='par_1_43' title="bbox 807 3931 2313 4014">
     <span class='ocr_line' id='line_1_44' title="bbox 807 3931 2313 4014; baseline 0.01 -29"><span class='ocrx_word' id='word_1_271' title='bbox 807 3931 968 3986; x_wconf 90' lang='lat' dir='ltr'><strong>enim</strong></span> <span class='ocrx_word' id='word_1_272' title='bbox 995 3933 1289 3991; x_wconf 89' lang='lat' dir='ltr'><strong>miracula</strong></span> <span class='ocrx_word' id='word_1_273' title='bbox 1315 3941 1472 4003; x_wconf 85' lang='lat' dir='ltr'><strong>sunt,</strong></span> <span class='ocrx_word' id='word_1_274' title='bbox 1505 3939 1693 4011; x_wconf 92' lang='lat' dir='ltr'><strong>ipsius</strong></span> <span class='ocrx_word' id='word_1_275' title='bbox 1713 3957 1956 4014; x_wconf 91' lang='lat' dir='ltr'><strong>quoque</strong></span> <span class='ocrx_word' id='word_1_276' title='bbox 1981 3947 2313 4013; x_wconf 88' lang='lat' dir='ltr'><strong>passiones.</strong></span> 
     </span>
    </p>
   </div>
   <div class='ocr_carea' id='block_1_44' title="bbox 805 4023 2459 4099">
    <p class='ocr_par' dir='ltr' id='par_1_44' title="bbox 805 4023 2459 4099">
     <span class='ocr_line' id='line_1_45' title="bbox 805 4023 2459 4099; baseline 0.008 -23"><span class='ocrx_word' id='word_1_277' title='bbox 805 4023 906 4078; x_wconf 74' lang='lat' dir='ltr'><em>Ex</em></span> <span class='ocrx_word' id='word_1_278' title='bbox 932 4024 1193 4080; x_wconf 85' lang='lat' dir='ltr'><strong>secunda</strong></span> <span class='ocrx_word' id='word_1_279' title='bbox 1225 4026 1287 4081; x_wconf 92' lang='lat' dir='ltr'><strong>S.</strong></span> <span class='ocrx_word' id='word_1_280' title='bbox 1330 4027 1535 4083; x_wconf 79' lang='lat' dir='ltr'><strong>Leonis</strong></span> <span class='ocrx_word' id='word_1_281' title='bbox 1570 4045 1749 4099; x_wconf 72' lang='lat' dir='ltr'><strong>papa:</strong></span> <span class='ocrx_word' id='word_1_282' title='bbox 1792 4033 2053 4087; x_wconf 82' lang='lat' dir='ltr'><strong>Romani</strong></span> <span class='ocrx_word' id='word_1_283' title='bbox 2087 4035 2168 4088; x_wconf 84' lang='lat' dir='ltr'><strong>ad</strong></span> <span class='ocrx_word' id='word_1_284' title='bbox 2210 4037 2459 4090; x_wconf 88' lang='lat' dir='ltr'><strong>Leonem</strong></span> 
     </span>
    </p>
   </div>
   <div class='ocr_carea' id='block_1_45' title="bbox 876 4101 2457 4173">
    <p class='ocr_par' dir='ltr' id='par_1_45' title="bbox 876 4101 2457 4173">
     <span class='ocr_line' id='line_1_46' title="bbox 876 4101 2457 4173; baseline 0.008 -24"><span class='ocrx_word' id='word_1_285' title='bbox 876 4101 1297 4173; x_wconf 66' lang='lat' dir='ltr'><strong>imperatorem</strong></span> <span class='ocrx_word' id='word_1_286' title='bbox 1319 4102 1589 4167; x_wconf 79' lang='lat' dir='ltr'><strong>epistola,</strong></span> <span class='ocrx_word' id='word_1_287' title='bbox 1619 4104 1785 4171; x_wconf 83' lang='lat' dir='ltr'><strong>cujus</strong></span> <span class='ocrx_word' id='word_1_288' title='bbox 1805 4110 1889 4158; x_wconf 86' lang='lat' dir='ltr'><strong>est</strong></span> <span class='ocrx_word' id='word_1_289' title='bbox 1910 4107 2251 4173; x_wconf 80' lang='lat' dir='ltr'><strong>inscriptio:</strong></span> <span class='ocrx_word' id='word_1_290' title='bbox 2278 4130 2304 4155; x_wconf 75' lang='grc' dir='ltr'><strong>ι(</strong></span> <span class='ocrx_word' id='word_1_291' title='bbox 2326 4107 2457 4162; x_wconf 87' lang='lat' dir='ltr'><strong>Glo-</strong></span> 
     </span>
    </p>
   </div>
   <div class='ocr_carea' id='block_1_46' title="bbox 874 4168 2456 4246">
    <p class='ocr_par' dir='ltr' id='par_1_46' title="bbox 874 4168 2456 4246">
     <span class='ocr_line' id='line_1_47' title="bbox 874 4168 2456 4246; baseline 0.008 -26"><span class='ocrx_word' id='word_1_292' title='bbox 874 4168 1199 4246; x_wconf 51' lang='lat' dir='ltr'><strong>riosissimo</strong></span> <span class='ocrx_word' id='word_1_293' title='bbox 1220 4175 1275 4224; x_wconf 88' lang='lat' dir='ltr'><strong>et</strong></span> <span class='ocrx_word' id='word_1_294' title='bbox 1308 4168 1803 4242; x_wconf 78' lang='lat' dir='ltr'><strong>tranquillissima</strong></span> <span class='ocrx_word' id='word_1_295' title='bbox 1819 4177 1948 4244; x_wconf 78' lang='lat' dir='ltr'><strong>ﬁlio</strong></span> <span class='ocrx_word' id='word_1_296' title='bbox 1972 4168 2240 4246; x_wconf 68' lang='lat' dir='ltr'><strong>Augusto</strong></span> <span class='ocrx_word' id='word_1_297' title='bbox 2253 4179 2456 4246; x_wconf 82' lang='lat' dir='ltr'><strong>Leoni,</strong></span> 
     </span>
    </p>
   </div>
   <div class='ocr_carea' id='block_1_47' title="bbox 874 4239 1412 4308">
    <p class='ocr_par' dir='ltr' id='par_1_47' title="bbox 874 4239 1412 4308">
     <span class='ocr_line' id='line_1_48' title="bbox 874 4239 1412 4308; baseline 0.007 -16"><span class='ocrx_word' id='word_1_298' title='bbox 874 4239 988 4293; x_wconf 89' lang='lat' dir='ltr'><strong>Leo</strong></span> <span class='ocrx_word' id='word_1_299' title='bbox 1019 4241 1347 4308; x_wconf 84' lang='lat' dir='ltr'><strong>episcopus.</strong></span> <span class='ocrx_word' id='word_1_300' title='bbox 1384 4263 1412 4289; x_wconf 83' lang='lat'>»</span> 
     </span>
    </p>
   </div>
   <div class='ocr_carea' id='block_1_48' title="bbox 874 4327 2459 4404">
    <p class='ocr_par' dir='ltr' id='par_1_48' title="bbox 874 4327 2459 4404">
     <span class='ocr_line' id='line_1_49' title="bbox 874 4327 2459 4404; baseline 0.007 -22"><span class='ocrx_word' id='word_1_301' title='bbox 874 4329 962 4382; x_wconf 81' lang='grc'><strong>24.</strong></span> <span class='ocrx_word' id='word_1_302' title='bbox 986 4327 1051 4382; x_wconf 89' lang='lat' dir='ltr'><strong>In</strong></span> <span class='ocrx_word' id='word_1_303' title='bbox 1069 4344 1211 4384; x_wconf 90' lang='lat' dir='ltr'><strong>vero</strong></span> <span class='ocrx_word' id='word_1_304' title='bbox 1230 4331 1328 4384; x_wconf 91' lang='lat' dir='ltr'><strong>Dei</strong></span> <span class='ocrx_word' id='word_1_305' title='bbox 1350 4337 1527 4403; x_wconf 91' lang='lat' dir='ltr'><strong>atque</strong></span> <span class='ocrx_word' id='word_1_306' title='bbox 1549 4333 1811 4395; x_wconf 87' lang='lat' dir='ltr'><strong>hominis</strong></span> <span class='ocrx_word' id='word_1_307' title='bbox 1828 4335 2177 4404; x_wconf 88' lang='lat' dir='ltr'><strong>Filio,Verbi</strong></span> <span class='ocrx_word' id='word_1_308' title='bbox 2191 4342 2245 4393; x_wconf 90' lang='lat' dir='ltr'><strong>et</strong></span> <span class='ocrx_word' id='word_1_309' title='bbox 2262 4338 2459 4394; x_wconf 90' lang='lat' dir='ltr'><strong>carnis</strong></span> 
     </span>
    </p>
   </div>
   <div class='ocr_carea' id='block_1_49' title="bbox 804 4421 2458 4497">
    <p class='ocr_par' dir='ltr' id='par_1_49' title="bbox 804 4421 2458 4497">
     <span class='ocr_line' id='line_1_50' title="bbox 804 4421 2458 4497; baseline 0.007 -26"><span class='ocrx_word' id='word_1_310' title='bbox 804 4431 926 4472; x_wconf 89' lang='lat' dir='ltr'><strong>una</strong></span> <span class='ocrx_word' id='word_1_311' title='bbox 947 4424 1335 4488; x_wconf 84' lang='lat' dir='ltr'><strong>personaest,</strong></span> <span class='ocrx_word' id='word_1_312' title='bbox 1351 4436 1485 4492; x_wconf 72' lang='lat' dir='ltr'><strong>quae</strong></span> <span class='ocrx_word' id='word_1_313' title='bbox 1507 4421 1987 4493; x_wconf 85' lang='lat' dir='ltr'><strong>inseparabiliter</strong></span> <span class='ocrx_word' id='word_1_314' title='bbox 2003 4430 2184 4497; x_wconf 87' lang='lat' dir='ltr'><strong>atque</strong></span> <span class='ocrx_word' id='word_1_315' title='bbox 2207 4426 2458 4482; x_wconf 90' lang='lat' dir='ltr'><strong>indivise</strong></span> 
     </span>
    </p>
   </div>
   <div class='ocr_carea' id='block_1_50' title="bbox 803 4506 2460 4580">
    <p class='ocr_par' dir='ltr' id='par_1_50' title="bbox 803 4506 2460 4580">
     <span class='ocr_line' id='line_1_51' title="bbox 803 4506 2460 4580; baseline 0.005 -19"><span class='ocrx_word' id='word_1_316' title='bbox 803 4521 1160 4562; x_wconf 90' lang='lat' dir='ltr'><strong>communes</strong></span> <span class='ocrx_word' id='word_1_317' title='bbox 1179 4506 1362 4563; x_wconf 81' lang='lat' dir='ltr'><strong>habet</strong></span> <span class='ocrx_word' id='word_1_318' title='bbox 1383 4509 1666 4565; x_wconf 88' lang='lat' dir='ltr'><strong>actiones.</strong></span> <span class='ocrx_word' id='word_1_319' title='bbox 1691 4512 2089 4580; x_wconf 69' lang='lat' dir='ltr'><strong>lntelligendaa</strong></span> <span class='ocrx_word' id='word_1_320' title='bbox 2108 4520 2308 4569; x_wconf 85' lang='lat' dir='ltr'><strong>tamen</strong></span> <span class='ocrx_word' id='word_1_321' title='bbox 2321 4519 2460 4569; x_wconf 93' lang='lat' dir='ltr'><strong>sunt</strong></span> 
     </span>
    </p>
   </div>
   <div class='ocr_carea' id='block_1_51' title="bbox 801 4594 2459 4670">
    <p class='ocr_par' dir='ltr' id='par_1_51' title="bbox 801 4594 2459 4670">
     <span class='ocr_line' id='line_1_52' title="bbox 801 4594 2459 4670; baseline 0.005 -18"><span class='ocrx_word' id='word_1_322' title='bbox 801 4594 1078 4670; x_wconf 89' lang='lat' dir='ltr'><strong>ipsorum</strong></span> <span class='ocrx_word' id='word_1_323' title='bbox 1129 4612 1381 4668; x_wconf 90' lang='lat' dir='ltr'><strong>operum</strong></span> <span class='ocrx_word' id='word_1_324' title='bbox 1423 4599 1760 4670; x_wconf 91' lang='lat' dir='ltr'><strong>qualitates,</strong></span> <span class='ocrx_word' id='word_1_325' title='bbox 1799 4607 1856 4657; x_wconf 89' lang='lat' dir='ltr'><strong>et</strong></span> <span class='ocrx_word' id='word_1_326' title='bbox 1887 4602 2130 4660; x_wconf 77' lang='lat' dir='ltr'><strong>sincerae</strong></span> <span class='ocrx_word' id='word_1_327' title='bbox 2151 4604 2293 4661; x_wconf 88' lang='lat' dir='ltr'><strong>ﬁdei</strong></span> <span class='ocrx_word' id='word_1_328' title='bbox 2319 4621 2459 4660; x_wconf 85' lang='lat' dir='ltr'><strong>con-</strong></span> 
     </span>
    </p>
   </div>
   <div class='ocr_carea' id='block_1_52' title="bbox 798 4685 2460 4764">
    <p class='ocr_par' dir='ltr' id='par_1_52' title="bbox 798 4685 2460 4764">
     <span class='ocr_line' id='line_1_53' title="bbox 798 4685 2460 4764; baseline 0.005 -24"><span class='ocrx_word' id='word_1_329' title='bbox 798 4685 1190 4758; x_wconf 78' lang='lat' dir='ltr'><strong>temptatione</strong></span> <span class='ocrx_word' id='word_1_330' title='bbox 1240 4688 1609 4743; x_wconf 86' lang='lat' dir='ltr'><strong>cernendum</strong></span> <span class='ocrx_word' id='word_1_331' title='bbox 1660 4695 1766 4752; x_wconf 88' lang='lat' dir='ltr'><strong>est,</strong></span> <span class='ocrx_word' id='word_1_332' title='bbox 1815 4691 1895 4756; x_wconf 87' lang='lat' dir='ltr'><strong>ad</strong></span> <span class='ocrx_word' id='word_1_333' title='bbox 1925 4708 2061 4764; x_wconf 66' lang='lat' dir='ltr'><strong>quae</strong></span> <span class='ocrx_word' id='word_1_334' title='bbox 2093 4693 2460 4764; x_wconf 84' lang='lat' dir='ltr'><strong>provehatur</strong></span> 
     </span>
    </p>
   </div>
   <div class='ocr_carea' id='block_1_53' title="bbox 799 4774 2459 4850">
    <p class='ocr_par' dir='ltr' id='par_1_53' title="bbox 799 4774 2459 4850">
     <span class='ocr_line' id='line_1_54' title="bbox 799 4774 2459 4850; baseline 0.005 -21"><span class='ocrx_word' id='word_1_335' title='bbox 799 4774 1108 4831; x_wconf 90' lang='lat' dir='ltr'><strong>humilitas</strong></span> <span class='ocrx_word' id='word_1_336' title='bbox 1139 4777 1358 4847; x_wconf 86' lang='lat' dir='ltr'><strong>carnis,</strong></span> <span class='ocrx_word' id='word_1_337' title='bbox 1377 4784 1433 4833; x_wconf 91' lang='lat' dir='ltr'><strong>et</strong></span> <span class='ocrx_word' id='word_1_338' title='bbox 1461 4778 1538 4832; x_wconf 90' lang='lat' dir='ltr'><strong>ad</strong></span> <span class='ocrx_word' id='word_1_339' title='bbox 1559 4795 1694 4850; x_wconf 67' lang='lat' dir='ltr'><strong>qua:</strong></span> <span class='ocrx_word' id='word_1_340' title='bbox 1721 4780 2036 4836; x_wconf 89' lang='lat' dir='ltr'><strong>inclinetur</strong></span> <span class='ocrx_word' id='word_1_341' title='bbox 2059 4782 2312 4837; x_wconf 85' lang='lat' dir='ltr'><strong>altitudo</strong></span> <span class='ocrx_word' id='word_1_342' title='bbox 2338 4783 2459 4838; x_wconf 91' lang='lat' dir='ltr'><strong>dei-</strong></span> 
     </span>
    </p>
   </div>
   <div class='ocr_carea' id='block_1_54' title="bbox 797 4865 2458 4941">
    <p class='ocr_par' dir='ltr' id='par_1_54' title="bbox 797 4865 2458 4941">
     <span class='ocr_line' id='line_1_55' title="bbox 797 4865 2458 4941; baseline 0.004 -19"><span class='ocrx_word' id='word_1_343' title='bbox 797 4865 936 4922; x_wconf 90' lang='lat' dir='ltr'><strong>tatis</strong></span> <span class='ocrx_word' id='word_1_344' title='bbox 971 4887 983 4921; x_wconf 94' lang='lat'>:</span> <span class='ocrx_word' id='word_1_345' title='bbox 1020 4866 1168 4938; x_wconf 91' lang='lat' dir='ltr'><strong>quid</strong></span> <span class='ocrx_word' id='word_1_346' title='bbox 1209 4867 1281 4922; x_wconf 91' lang='lat' dir='ltr'><strong>sit</strong></span> <span class='ocrx_word' id='word_1_347' title='bbox 1310 4867 1476 4940; x_wconf 92' lang='lat' dir='ltr'><strong>quod</strong></span> <span class='ocrx_word' id='word_1_348' title='bbox 1506 4884 1648 4924; x_wconf 93' lang='lat' dir='ltr'><strong>caro</strong></span> <span class='ocrx_word' id='word_1_349' title='bbox 1687 4869 1813 4926; x_wconf 91' lang='lat' dir='ltr'><strong>sine</strong></span> <span class='ocrx_word' id='word_1_350' title='bbox 1846 4871 2034 4927; x_wconf 90' lang='lat' dir='ltr'><strong>Verbo</strong></span> <span class='ocrx_word' id='word_1_351' title='bbox 2065 4887 2187 4927; x_wconf 92' lang='lat' dir='ltr'><strong>non</strong></span> <span class='ocrx_word' id='word_1_352' title='bbox 2226 4873 2368 4941; x_wconf 87' lang='lat' dir='ltr'><strong>agit,</strong></span> <span class='ocrx_word' id='word_1_353' title='bbox 2401 4877 2458 4929; x_wconf 91' lang='lat' dir='ltr'><strong>et</strong></span> 
     </span>
    </p>
   </div>
   <div class='ocr_carea' id='block_1_55' title="bbox 797 4955 2458 5030">
    <p class='ocr_par' dir='ltr' id='par_1_55' title="bbox 797 4955 2458 5030">
     <span class='ocr_line' id='line_1_56' title="bbox 797 4955 2458 5030; baseline 0.004 -19"><span class='ocrx_word' id='word_1_354' title='bbox 797 4955 946 5028; x_wconf 85' lang='lat' dir='ltr'><strong>quid</strong></span> <span class='ocrx_word' id='word_1_355' title='bbox 969 4956 1043 5012; x_wconf 91' lang='lat' dir='ltr'><strong>sit</strong></span> <span class='ocrx_word' id='word_1_356' title='bbox 1071 4956 1235 5028; x_wconf 90' lang='lat' dir='ltr'><strong>quod</strong></span> <span class='ocrx_word' id='word_1_357' title='bbox 1268 4957 1525 5013; x_wconf 87' lang='lat' dir='ltr'><strong>Verbum</strong></span> <span class='ocrx_word' id='word_1_358' title='bbox 1550 4959 1877 5030; x_wconf 31' lang='lat' dir='ltr'><strong>sine‘carne</strong></span> <span class='ocrx_word' id='word_1_359' title='bbox 1905 4977 2024 5015; x_wconf 91' lang='lat' dir='ltr'><strong>non</strong></span> <span class='ocrx_word' id='word_1_360' title='bbox 2057 4961 2235 5017; x_wconf 78' lang='lat' dir='ltr'><strong>eiﬁcit</strong></span> <span class='ocrx_word' id='word_1_361' title='bbox 2263 4961 2290 5017; x_wconf 91' lang='lat'><strong>?</strong></span> <span class='ocrx_word' id='word_1_362' title='bbox 2323 4963 2458 5018; x_wconf 91' lang='lat' dir='ltr'><strong>Sine</strong></span> 
     </span>
    </p>
   </div>
   <div class='ocr_carea' id='block_1_56' title="bbox 797 5046 2458 5124">
    <p class='ocr_par' dir='ltr' id='par_1_56' title="bbox 797 5046 2458 5124">
     <span class='ocr_line' id='line_1_57' title="bbox 797 5046 2458 5124; baseline 0.005 -25"><span class='ocrx_word' id='word_1_363' title='bbox 797 5046 977 5102; x_wconf 86' lang='lat' dir='ltr'><strong>Verbi</strong></span> <span class='ocrx_word' id='word_1_364' title='bbox 1012 5047 1174 5102; x_wconf 91' lang='lat' dir='ltr'><strong>enim</strong></span> <span class='ocrx_word' id='word_1_365' title='bbox 1205 5048 1472 5118; x_wconf 91' lang='lat' dir='ltr'><strong>potentia</strong></span> <span class='ocrx_word' id='word_1_366' title='bbox 1498 5064 1607 5103; x_wconf 90' lang='lat' dir='ltr'><strong>nec</strong></span> <span class='ocrx_word' id='word_1_367' title='bbox 1637 5049 1978 5121; x_wconf 88' lang='lat' dir='ltr'><strong>conciperet</strong></span> <span class='ocrx_word' id='word_1_368' title='bbox 2005 5050 2182 5122; x_wconf 90' lang='lat' dir='ltr'><strong>Virgo</strong></span> <span class='ocrx_word' id='word_1_369' title='bbox 2214 5067 2325 5106; x_wconf 92' lang='lat' dir='ltr'><strong>nec</strong></span> <span class='ocrx_word' id='word_1_370' title='bbox 2355 5068 2458 5124; x_wconf 90' lang='lat' dir='ltr'><strong>pa-</strong></span> 
     </span>
    </p>
   </div>
   <div class='ocr_carea' id='block_1_57' title="bbox 795 5137 2456 5213">
    <p class='ocr_par' dir='ltr' id='par_1_57' title="bbox 795 5137 2456 5213">
     <span class='ocr_line' id='line_1_58' title="bbox 795 5137 2456 5213; baseline 0.003 -21"><span class='ocrx_word' id='word_1_371' title='bbox 795 5141 950 5192; x_wconf 87' lang='lat' dir='ltr'><strong>reret</strong></span> <span class='ocrx_word' id='word_1_372' title='bbox 989 5154 1002 5204; x_wconf 88' lang='lat'><strong>;</strong></span> <span class='ocrx_word' id='word_1_373' title='bbox 1031 5142 1088 5193; x_wconf 91' lang='lat' dir='ltr'><strong>et</strong></span> <span class='ocrx_word' id='word_1_374' title='bbox 1118 5137 1246 5192; x_wconf 92' lang='lat' dir='ltr'><strong>sine</strong></span> <span class='ocrx_word' id='word_1_375' title='bbox 1276 5138 1525 5193; x_wconf 90' lang='lat' dir='ltr'><strong>veritate</strong></span> <span class='ocrx_word' id='word_1_376' title='bbox 1567 5140 1768 5194; x_wconf 90' lang='lat' dir='ltr'><strong>carnis</strong></span> <span class='ocrx_word' id='word_1_377' title='bbox 1793 5140 2081 5196; x_wconf 89' lang='lat' dir='ltr'><strong>obvoluta</strong></span> <span class='ocrx_word' id='word_1_378' title='bbox 2119 5142 2338 5213; x_wconf 88' lang='lat' dir='ltr'><strong>pannis</strong></span> <span class='ocrx_word' id='word_1_379' title='bbox 2371 5142 2456 5198; x_wconf 91' lang='lat' dir='ltr'><strong>in-</strong></span> 
     </span>
    </p>
   </div>
   <div class='ocr_carea' id='block_1_58' title="bbox 793 5225 2456 5302">
    <p class='ocr_par' dir='ltr' id='par_1_58' title="bbox 793 5225 2456 5302">
     <span class='ocr_line' id='line_1_59' title="bbox 793 5225 2456 5302; baseline 0.004 -21"><span class='ocrx_word' id='word_1_380' title='bbox 793 5225 984 5282; x_wconf 85' lang='lat' dir='ltr'><strong>fantia</strong></span> <span class='ocrx_word' id='word_1_381' title='bbox 1011 5242 1137 5282; x_wconf 91' lang='lat' dir='ltr'><strong>non</strong></span> <span class='ocrx_word' id='word_1_382' title='bbox 1180 5227 1423 5296; x_wconf 87' lang='lat' dir='ltr'><strong>jaceret.</strong></span> <span class='ocrx_word' id='word_1_383' title='bbox 1479 5227 1614 5284; x_wconf 91' lang='lat' dir='ltr'><strong>Sine</strong></span> <span class='ocrx_word' id='word_1_384' title='bbox 1659 5229 1830 5284; x_wconf 87' lang='lat' dir='ltr'><strong>Verbi</strong></span> <span class='ocrx_word' id='word_1_385' title='bbox 1873 5230 2142 5302; x_wconf 89' lang='lat' dir='ltr'><strong>potentia</strong></span> <span class='ocrx_word' id='word_1_386' title='bbox 2181 5247 2303 5287; x_wconf 91' lang='lat' dir='ltr'><strong>non</strong></span> <span class='ocrx_word' id='word_1_387' title='bbox 2353 5232 2456 5287; x_wconf 94' lang='lat' dir='ltr'><strong>ad-</strong></span> 
     </span>
    </p>
   </div>
   <div class='ocr_carea' id='block_1_59' title="bbox 795 5316 2458 5390">
    <p class='ocr_par' dir='ltr' id='par_1_59' title="bbox 795 5316 2458 5390">
     <span class='ocr_line' id='line_1_60' title="bbox 795 5316 2458 5390; baseline 0.002 -16"><span class='ocrx_word' id='word_1_388' title='bbox 795 5321 1036 5376; x_wconf 75' lang='lat' dir='ltr'><strong>orarent</strong></span> <span class='ocrx_word' id='word_1_389' title='bbox 1063 5316 1214 5389; x_wconf 77' lang='lat' dir='ltr'><strong>Magi</strong></span> <span class='ocrx_word' id='word_1_390' title='bbox 1243 5332 1525 5390; x_wconf 91' lang='lat' dir='ltr'><strong>puerum,</strong></span> <span class='ocrx_word' id='word_1_391' title='bbox 1548 5317 1718 5374; x_wconf 87' lang='lat' dir='ltr'><strong>stella</strong></span> <span class='ocrx_word' id='word_1_392' title='bbox 1746 5318 1942 5374; x_wconf 89' lang='lat' dir='ltr'><strong>indice</strong></span> <span class='ocrx_word' id='word_1_393' title='bbox 1970 5319 2371 5387; x_wconf 90' lang='lat' dir='ltr'><strong>declaratum;</strong></span> <span class='ocrx_word' id='word_1_394' title='bbox 2400 5325 2458 5377; x_wconf 91' lang='lat' dir='ltr'><strong>et</strong></span> 
     </span>
    </p>
   </div>
   <div class='ocr_carea' id='block_1_60' title="bbox 865 5668 2451 5745">
    <p class='ocr_par' dir='ltr' id='par_1_60' title="bbox 865 5668 2451 5745">
     <span class='ocr_line' id='line_1_61' title="bbox 865 5668 2451 5745; baseline 0.003 -23"><span class='ocrx_word' id='word_1_395' title='bbox 865 5670 980 5745; x_wconf 12' lang='lat'><strong>(22‘)</strong></span> <span class='ocrx_word' id='word_1_396' title='bbox 1008 5668 1157 5745; x_wconf 67' lang='lat' dir='ltr'><strong>Edit.</strong></span> <span class='ocrx_word' id='word_1_397' title='bbox 1187 5669 1468 5745; x_wconf 80' lang='lat' dir='ltr'><strong>Lequien.</strong></span> <span class='ocrx_word' id='word_1_398' title='bbox 1508 5671 1590 5726; x_wconf 90' lang='lat' dir='ltr'><strong>De</strong></span> <span class='ocrx_word' id='word_1_399' title='bbox 1628 5669 1938 5739; x_wconf 80' lang='lat' dir='ltr'><strong>ﬁd.&quot;orth.</strong></span> <span class='ocrx_word' id='word_1_400' title='bbox 1973 5671 2080 5728; x_wconf 92' lang='lat' dir='ltr'><strong>lib.</strong></span> <span class='ocrx_word' id='word_1_401' title='bbox 2120 5689 2194 5742; x_wconf 83' lang='lat' dir='ltr'><strong>iv,</strong></span> <span class='ocrx_word' id='word_1_402' title='bbox 2226 5688 2363 5745; x_wconf 91' lang='lat' dir='ltr'><strong>cap.</strong></span> <span class='ocrx_word' id='word_1_403' title='bbox 2398 5678 2451 5728; x_wconf 87' lang='lat'><strong>5.</strong></span> 
     </span>
    </p>
   </div>
   <div class='ocr_carea' id='block_1_61' title="bbox 861 5740 1807 5816">
    <p class='ocr_par' dir='ltr' id='par_1_61' title="bbox 861 5740 1807 5816">
     <span class='ocr_line' id='line_1_62' title="bbox 861 5740 1807 5816; baseline 0.002 -20"><span class='ocrx_word' id='word_1_404' title='bbox 861 5743 974 5813; x_wconf 88' lang='lat'><strong>(23)</strong></span> <span class='ocrx_word' id='word_1_405' title='bbox 1007 5743 1181 5814; x_wconf 90' lang='lat' dir='ltr'><strong>Oper.</strong></span> <span class='ocrx_word' id='word_1_406' title='bbox 1207 5740 1304 5799; x_wconf 78' lang='lat' dir='ltr'><strong>cit.</strong></span> <span class='ocrx_word' id='word_1_407' title='bbox 1331 5740 1436 5811; x_wconf 87' lang='lat' dir='ltr'><strong>lib,</strong></span> <span class='ocrx_word' id='word_1_408' title='bbox 1459 5747 1807 5816; x_wconf 47' lang='lat' dir='ltr'><strong>ii,‘cap..l3.</strong></span> 
     </span>
    </p>
   </div>
   <div class='ocr_carea' id='block_1_62' title="bbox 2593 597 3696 672">
    <p class='ocr_par' dir='ltr' id='par_1_62' title="bbox 2593 597 3696 672">
     <span class='ocr_line' id='line_1_63' title="bbox 2593 597 3696 672; baseline 0.012 -28"><span class='ocrx_word' id='word_1_409' title='bbox 2593 597 2728 646; x_wconf 78' lang='grc' dir='ltr'><strong>κατὰ</strong></span> <span class='ocrx_word' id='word_1_410' title='bbox 2756 601 2849 654; x_wconf 79' lang='grc' dir='ltr'><strong>τὴν</strong></span> <span class='ocrx_word' id='word_1_411' title='bbox 2879 603 3088 671; x_wconf 87' lang='grc' dir='ltr'><strong>πρώτην</strong></span> <span class='ocrx_word' id='word_1_412' title='bbox 3127 605 3216 653; x_wconf 86' lang='lat' dir='ltr'><strong>xui</strong></span> <span class='ocrx_word' id='word_1_413' title='bbox 3251 601 3400 655; x_wconf 76' lang='grc' dir='ltr'><strong>πλέον</strong></span> <span class='ocrx_word' id='word_1_414' title='bbox 3426 603 3655 662; x_wconf 70' lang='grc' dir='ltr'><strong>ἄληπτον</strong></span> <span class='ocrx_word' id='word_1_415' title='bbox 3682 622 3696 672; x_wconf 87' lang='lat'>;</span> 
     </span>
    </p>
   </div>
   <div class='ocr_carea' id='block_1_63' title="bbox 2591 771 4188 873">
    <p class='ocr_par' dir='ltr' id='par_1_63' title="bbox 2591 771 4188 873">
     <span class='ocr_line' id='line_1_64' title="bbox 2591 771 4188 858; baseline 0.01 -35"><span class='ocrx_word' id='word_1_416' title='bbox 2591 777 2693 824; x_wconf 85' lang='grc' dir='ltr'><strong>Τοῦ</strong></span> <span class='ocrx_word' id='word_1_417' title='bbox 2724 771 2876 844; x_wconf 80' lang='grc' dir='ltr'><strong>ἁγίου</strong></span> <span class='ocrx_word' id='word_1_418' title='bbox 2908 775 3144 829; x_wconf 80' lang='grc' dir='ltr'><strong>Ἰωάννου</strong></span> <span class='ocrx_word' id='word_1_419' title='bbox 3172 788 3265 830; x_wconf 81' lang='grc' dir='ltr'><strong>τοῦ</strong></span> <span class='ocrx_word' id='word_1_420' title='bbox 3307 787 3655 853; x_wconf 76' lang='grc' dir='ltr'><strong>Δαμασκηνοῦ</strong></span> <span class='ocrx_word' id='word_1_421' title='bbox 3702 789 3830 857; x_wconf 87' lang='grc' dir='ltr'><strong>πρὸς</strong></span> <span class='ocrx_word' id='word_1_422' title='bbox 3865 790 3985 846; x_wconf 85' lang='grc' dir='ltr'><strong>τοὺς</strong></span> <span class='ocrx_word' id='word_1_423' title='bbox 4022 785 4188 858; x_wconf 77' lang='grc' dir='ltr'><strong>λέγον-</strong></span> 
     </span>
     <span class='ocr_line' id='line_1_65' title="bbox 2662 847 4177 873; baseline 0 0"><span class='ocrx_word' id='word_1_424' title='bbox 2662 863 2756 873; x_wconf 71' lang='grc'><strong>-..-</strong></span> <span class='ocrx_word' id='word_1_425' title='bbox 2799 847 2829 873; x_wconf 67' lang='lat'><strong>.1</strong></span> <span class='ocrx_word' id='word_1_426' title='bbox 2859 848 3152 873; x_wconf 34' lang='lat'><strong>.&#39;___&#39;__..__4</strong></span> <span class='ocrx_word' id='word_1_427' title='bbox 3190 858 3277 873; x_wconf 73' lang='lat'><strong>___~</strong></span> <span class='ocrx_word' id='word_1_428' title='bbox 3310 859 3380 873; x_wconf 35' lang='lat'><strong>‘7.</strong></span> <span class='ocrx_word' id='word_1_429' title='bbox 3431 872 3450 873; x_wconf 32' lang='grc' dir='ltr'><em>κ</em></span> <span class='ocrx_word' id='word_1_430' title='bbox 3526 862 3542 869; x_wconf 65' lang='grc' dir='ltr'>η-</span> <span class='ocrx_word' id='word_1_431' title='bbox 3745 862 3752 872; x_wconf 75' lang='grc'>.</span> <span class='ocrx_word' id='word_1_432' title='bbox 3823 857 3838 873; x_wconf 74' lang='grc'>‹</span> <span class='ocrx_word' id='word_1_433' title='bbox 3896 858 3916 870; x_wconf 75' lang='grc' dir='ltr'><strong>ι-</strong></span> <span class='ocrx_word' id='word_1_434' title='bbox 4171 872 4177 873; x_wconf 61' lang='lat'><strong><em>,</em></strong></span> 
     </span>
    </p>
   </div>
   <div class='ocr_carea' id='block_1_64' title="bbox 2662 848 4182 926">
    <p class='ocr_par' dir='ltr' id='par_1_64' title="bbox 2662 848 4182 926">
     <span class='ocr_line' id='line_1_66' title="bbox 2662 848 4182 926; baseline 0.011 -32"><span class='ocrx_word' id='word_1_435' title='bbox 2662 863 2773 912; x_wconf 87' lang='grc' dir='ltr'><strong>τας,</strong></span> <span class='ocrx_word' id='word_1_436' title='bbox 2799 848 2829 902; x_wconf 77' lang='grc' dir='ltr'><strong>ἡ</strong></span> <span class='ocrx_word' id='word_1_437' title='bbox 2859 848 3153 926; x_wconf 57' lang='grc' dir='ltr'><strong>ὑπόστασις</strong></span> <span class='ocrx_word' id='word_1_438' title='bbox 3188 858 3279 902; x_wconf 83' lang='grc' dir='ltr'><strong>τοῦ</strong></span> <span class='ocrx_word' id='word_1_439' title='bbox 3310 848 3545 925; x_wconf 76' lang='grc' dir='ltr'><strong>Χριστοῦ</strong></span> <span class='ocrx_word' id='word_1_440' title='bbox 3575 848 3787 926; x_wconf 65' lang='lat' dir='ltr'><strong>aii-turi),</strong></span> <span class='ocrx_word' id='word_1_441' title='bbox 3817 857 3846 915; x_wconf 74' lang='grc' dir='ltr'><em>ἦ</em></span> <span class='ocrx_word' id='word_1_442' title='bbox 3881 848 4130 919; x_wconf 79' lang='grc' dir='ltr'><strong>ἅκτιστος</strong></span> <span class='ocrx_word' id='word_1_443' title='bbox 4166 872 4182 888; x_wconf 87' lang='grc'>⁶</span> 
     </span>
    </p>
   </div>
   <div class='ocr_carea' id='block_1_65' title="bbox 2666 917 3099 989">
    <p class='ocr_par' dir='ltr' id='par_1_65' title="bbox 2666 917 3099 989">
     <span class='ocr_line' id='line_1_67' title="bbox 2666 917 3099 989; baseline 0.016 -22"><span class='ocrx_word' id='word_1_444' title='bbox 2666 921 2786 986; x_wconf 82' lang='grc' dir='ltr'><strong>Κεφ.</strong></span> <span class='ocrx_word' id='word_1_445' title='bbox 2809 917 2923 989; x_wconf 74' lang='grc' dir='ltr'><strong>ρκζ</strong></span> <span class='ocrx_word' id='word_1_446' title='bbox 2962 921 3099 987; x_wconf 90' lang='lat'><strong>(22).</strong></span> 
     </span>
    </p>
   </div>
   <div class='ocr_carea' id='block_1_66' title="bbox 2661 1020 4186 1110">
    <p class='ocr_par' dir='ltr' id='par_1_66' title="bbox 2661 1020 4186 1110">
     <span class='ocr_line' id='line_1_68' title="bbox 2661 1020 4186 1110; baseline 0.012 -38"><span class='ocrx_word' id='word_1_447' title='bbox 2661 1020 2767 1094; x_wconf 80' lang='grc' dir='ltr'><strong>κβ’.</strong></span> <span class='ocrx_word' id='word_1_448' title='bbox 2810 1023 2868 1075; x_wconf 83' lang='grc' dir='ltr'><strong>Ἡ</strong></span> <span class='ocrx_word' id='word_1_449' title='bbox 2908 1027 3197 1089; x_wconf 80' lang='grc' dir='ltr'><strong>ὑπόστασις</strong></span> <span class='ocrx_word' id='word_1_450' title='bbox 3245 1038 3336 1081; x_wconf 83' lang='grc' dir='ltr'><strong>τοῦ</strong></span> <span class='ocrx_word' id='word_1_451' title='bbox 3386 1038 3519 1083; x_wconf 82' lang='grc' dir='ltr'><strong>Θεοῦ</strong></span> <span class='ocrx_word' id='word_1_452' title='bbox 3571 1035 3745 1104; x_wconf 84' lang='grc' dir='ltr'><strong>Λόγου</strong></span> <span class='ocrx_word' id='word_1_453' title='bbox 3783 1039 3913 1107; x_wconf 90' lang='grc' dir='ltr'><strong>πρὸς</strong></span> <span class='ocrx_word' id='word_1_454' title='bbox 3942 1040 4034 1097; x_wconf 82' lang='grc' dir='ltr'><strong>τὴς</strong></span> <span class='ocrx_word' id='word_1_455' title='bbox 4061 1056 4186 1110; x_wconf 91' lang='grc' dir='ltr'><strong>σαρ-</strong></span> 
     </span>
    </p>
   </div>
   <div class='ocr_carea' id='block_1_67' title="bbox 2590 1112 4183 1195">
    <p class='ocr_par' dir='ltr' id='par_1_67' title="bbox 2590 1112 4183 1195">
     <span class='ocr_line' id='line_1_69' title="bbox 2590 1112 4183 1195; baseline 0.011 -35"><span class='ocrx_word' id='word_1_456' title='bbox 2590 1116 2794 1171; x_wconf 79' lang='grc' dir='ltr'><strong>κώσεως</strong></span> <span class='ocrx_word' id='word_1_457' title='bbox 2849 1112 2982 1172; x_wconf 81' lang='grc' dir='ltr'><strong>ἁπλῆ</strong></span> <span class='ocrx_word' id='word_1_458' title='bbox 3034 1113 3096 1186; x_wconf 74' lang='grc' dir='ltr'><strong>ᾖν</strong></span> <span class='ocrx_word' id='word_1_459' title='bbox 3143 1122 3230 1168; x_wconf 81' lang='grc' dir='ltr'><strong>καὶ</strong></span> <span class='ocrx_word' id='word_1_460' title='bbox 3283 1117 3557 1182; x_wconf 83' lang='grc' dir='ltr'><strong>ἀσύνθετος</strong></span> <span class='ocrx_word' id='word_1_461' title='bbox 3605 1128 3694 1174; x_wconf 88' lang='lat' dir='ltr'><strong>xui</strong></span> <span class='ocrx_word' id='word_1_462' title='bbox 3752 1122 4030 1195; x_wconf 78' lang='grc' dir='ltr'><strong>ἀσώματος</strong></span> <span class='ocrx_word' id='word_1_463' title='bbox 4092 1132 4183 1178; x_wconf 86' lang='lat' dir='ltr'><strong>xui</strong></span> 
     </span>
    </p>
   </div>
   <div class='ocr_carea' id='block_1_68' title="bbox 2590 1199 4186 1289">
    <p class='ocr_par' dir='ltr' id='par_1_68' title="bbox 2590 1199 4186 1289">
     <span class='ocr_line' id='line_1_70' title="bbox 2590 1199 4186 1289; baseline 0.011 -40"><span class='ocrx_word' id='word_1_464' title='bbox 2590 1199 2850 1260; x_wconf 80' lang='grc' dir='ltr'><strong>ᾶκτιστος.</strong></span> <span class='ocrx_word' id='word_1_465' title='bbox 2904 1207 3238 1275; x_wconf 80' lang='grc' dir='ltr'><strong>Σαρκωθιῐσα</strong></span> <span class='ocrx_word' id='word_1_466' title='bbox 3289 1204 3348 1259; x_wconf 64' lang='grc' dir='ltr'><strong>δὴ</strong></span> <span class='ocrx_word' id='word_1_467' title='bbox 3396 1209 3527 1266; x_wconf 78' lang='grc' dir='ltr'><strong>αὕτη</strong></span> <span class='ocrx_word' id='word_1_468' title='bbox 3566 1215 3748 1281; x_wconf 79' lang='grc' dir='ltr'><strong>γέγονε</strong></span> <span class='ocrx_word' id='word_1_469' title='bbox 3770 1216 3859 1264; x_wconf 81' lang='grc' dir='ltr'><strong>καὶ</strong></span> <span class='ocrx_word' id='word_1_470' title='bbox 3916 1221 3977 1285; x_wconf 80' lang='grc' dir='ltr'><strong>τῇ</strong></span> <span class='ocrx_word' id='word_1_471' title='bbox 4030 1220 4186 1289; x_wconf 73' lang='grc' dir='ltr'><strong>σαρκὶ</strong></span> 
     </span>
    </p>
   </div>
   <div class='ocr_carea' id='block_1_69' title="bbox 2589 1288 4187 1366">
    <p class='ocr_par' dir='ltr' id='par_1_69' title="bbox 2589 1288 4187 1366">
     <span class='ocr_line' id='line_1_71' title="bbox 2589 1288 4187 1366; baseline 0.012 -30"><span class='ocrx_word' id='word_1_472' title='bbox 2589 1288 2880 1350; x_wconf 77' lang='grc' dir='ltr'><strong>ὑπόστασις</strong></span> <span class='ocrx_word' id='word_1_473' title='bbox 2931 1307 2944 1320; x_wconf 80' lang='grc'><em>’</em></span> <span class='ocrx_word' id='word_1_474' title='bbox 2998 1297 3086 1343; x_wconf 84' lang='lat' dir='ltr'><strong>xui</strong></span> <span class='ocrx_word' id='word_1_475' title='bbox 3151 1297 3326 1363; x_wconf 78' lang='grc' dir='ltr'><strong>γέγονε</strong></span> <span class='ocrx_word' id='word_1_476' title='bbox 3384 1299 3623 1360; x_wconf 83' lang='grc' dir='ltr'><strong>σύνθετος</strong></span> <span class='ocrx_word' id='word_1_477' title='bbox 3677 1297 3730 1349; x_wconf 81' lang='grc' dir='ltr'><strong>ἐκ</strong></span> <span class='ocrx_word' id='word_1_478' title='bbox 3795 1301 4054 1366; x_wconf 77' lang='grc' dir='ltr'><strong>θεότητος,</strong></span> <span class='ocrx_word' id='word_1_479' title='bbox 4101 1288 4187 1363; x_wconf 59' lang='lat' dir='ltr'><strong>iis;</strong></span> 
     </span>
    </p>
   </div>
   <div class='ocr_carea' id='block_1_70' title="bbox 2589 1372 4186 1464">
    <p class='ocr_par' dir='ltr' id='par_1_70' title="bbox 2589 1372 4186 1464">
     <span class='ocr_line' id='line_1_72' title="bbox 2589 1372 4186 1464; baseline 0.009 -37"><span class='ocrx_word' id='word_1_480' title='bbox 2589 1372 2728 1447; x_wconf 80' lang='grc' dir='ltr'><strong>εἶχεν</strong></span> <span class='ocrx_word' id='word_1_481' title='bbox 2784 1377 2881 1447; x_wconf 79' lang='grc' dir='ltr'><strong>ἀεὶ,</strong></span> <span class='ocrx_word' id='word_1_482' title='bbox 2935 1386 3025 1432; x_wconf 84' lang='grc' dir='ltr'><strong>καὶ</strong></span> <span class='ocrx_word' id='word_1_483' title='bbox 3065 1379 3118 1444; x_wconf 75' lang='grc' dir='ltr'><strong>ἑξ</strong></span> <span class='ocrx_word' id='word_1_484' title='bbox 3168 1383 3232 1443; x_wconf 82' lang='grc' dir='ltr'><strong>ἧς</strong></span> <span class='ocrx_word' id='word_1_485' title='bbox 3287 1385 3600 1458; x_wconf 74' lang='grc' dir='ltr'><strong>προσείληφε</strong></span> <span class='ocrx_word' id='word_1_486' title='bbox 3647 1392 3839 1459; x_wconf 74' lang='grc' dir='ltr'><strong>σαρκός</strong></span> <span class='ocrx_word' id='word_1_487' title='bbox 3868 1403 3884 1418; x_wconf 88' lang='lat'><strong>&#39;</strong></span> <span class='ocrx_word' id='word_1_488' title='bbox 3918 1394 4008 1441; x_wconf 80' lang='lat' dir='ltr'><strong>xui</strong></span> <span class='ocrx_word' id='word_1_489' title='bbox 4047 1394 4186 1464; x_wconf 66' lang='grc' dir='ltr'><strong>φέρει</strong></span> 
     </span>
    </p>
   </div>
   <div class='ocr_carea' id='block_1_71' title="bbox 2587 1463 4182 1549">
    <p class='ocr_par' dir='ltr' id='par_1_71' title="bbox 2587 1463 4182 1549">
     <span class='ocr_line' id='line_1_73' title="bbox 2587 1463 4182 1549; baseline 0.011 -35"><span class='ocrx_word' id='word_1_490' title='bbox 2587 1473 2685 1515; x_wconf 87' lang='grc' dir='ltr'><strong>τῶν</strong></span> <span class='ocrx_word' id='word_1_491' title='bbox 2743 1463 2840 1518; x_wconf 78' lang='grc' dir='ltr'><strong>δύο</strong></span> <span class='ocrx_word' id='word_1_492' title='bbox 2889 1471 3088 1538; x_wconf 78' lang='grc' dir='ltr'><strong>φύσεων</strong></span> <span class='ocrx_word' id='word_1_493' title='bbox 3143 1473 3208 1522; x_wconf 80' lang='grc' dir='ltr'><strong>τὰ</strong></span> <span class='ocrx_word' id='word_1_494' title='bbox 3253 1469 3534 1544; x_wconf 75' lang='grc' dir='ltr'><strong>ἰδιώματα,</strong></span> <span class='ocrx_word' id='word_1_495' title='bbox 3579 1474 3626 1526; x_wconf 86' lang='grc' dir='ltr'><strong>ἐν</strong></span> <span class='ocrx_word' id='word_1_496' title='bbox 3668 1473 3796 1528; x_wconf 84' lang='grc' dir='ltr'><strong>δυσὶ</strong></span> <span class='ocrx_word' id='word_1_497' title='bbox 3834 1477 4182 1549; x_wconf 74' lang='grc' dir='ltr'><strong>γνωριζομένη</strong></span> 
     </span>
    </p>
   </div>
   <div class='ocr_carea' id='block_1_72' title="bbox 2585 1557 4186 1634">
    <p class='ocr_par' dir='ltr' id='par_1_72' title="bbox 2585 1557 4186 1634">
     <span class='ocr_line' id='line_1_74' title="bbox 2585 1557 4186 1634; baseline 0.009 -30"><span class='ocrx_word' id='word_1_498' title='bbox 2585 1562 2700 1613; x_wconf 87' lang='grc' dir='ltr'><strong>ταῖς</strong></span> <span class='ocrx_word' id='word_1_499' title='bbox 2739 1559 2976 1626; x_wconf 76' lang='grc' dir='ltr'><strong>φύσεσιν.</strong></span> <span class='ocrx_word' id='word_1_500' title='bbox 3029 1557 3190 1611; x_wconf 81' lang='grc' dir='ltr'><strong>Ὠστε</strong></span> <span class='ocrx_word' id='word_1_501' title='bbox 3254 1567 3342 1612; x_wconf 83' lang='lat' dir='ltr'><strong>xui</strong></span> <span class='ocrx_word' id='word_1_502' title='bbox 3380 1563 3511 1620; x_wconf 83' lang='grc' dir='ltr'><strong>αὐτὴ</strong></span> <span class='ocrx_word' id='word_1_503' title='bbox 3559 1569 3656 1634; x_wconf 82' lang='grc' dir='ltr'><strong>μία</strong></span> <span class='ocrx_word' id='word_1_504' title='bbox 3693 1566 4009 1630; x_wconf 82' lang='grc' dir='ltr'><strong>ὑπόστασις,</strong></span> <span class='ocrx_word' id='word_1_505' title='bbox 4042 1567 4186 1618; x_wconf 81' lang='grc' dir='ltr'><strong>ἀκτι-</strong></span> 
     </span>
    </p>
   </div>
   <div class='ocr_carea' id='block_1_73' title="bbox 2589 1643 4179 1728">
    <p class='ocr_par' dir='ltr' id='par_1_73' title="bbox 2589 1643 4179 1728">
     <span class='ocr_line' id='line_1_75' title="bbox 2589 1643 4179 1728; baseline 0.009 -35"><span class='ocrx_word' id='word_1_506' title='bbox 2589 1649 2710 1704; x_wconf 85' lang='grc' dir='ltr'><strong>στὸς</strong></span> <span class='ocrx_word' id='word_1_507' title='bbox 2751 1648 2804 1696; x_wconf 72' lang='grc' dir='ltr'><strong>τε</strong></span> <span class='ocrx_word' id='word_1_508' title='bbox 2849 1643 2960 1696; x_wconf 88' lang='grc' dir='ltr'><strong>ἐστι</strong></span> <span class='ocrx_word' id='word_1_509' title='bbox 3010 1656 3070 1718; x_wconf 74' lang='grc' dir='ltr'><strong>τῇ</strong></span> <span class='ocrx_word' id='word_1_510' title='bbox 3120 1650 3344 1711; x_wconf 89' lang='grc' dir='ltr'><strong>Θεότητι,</strong></span> <span class='ocrx_word' id='word_1_511' title='bbox 3372 1657 3461 1702; x_wconf 83' lang='grc' dir='ltr'><strong>καὶ</strong></span> <span class='ocrx_word' id='word_1_512' title='bbox 3491 1658 3678 1710; x_wconf 81' lang='grc' dir='ltr'><strong>κτιστη</strong></span> <span class='ocrx_word' id='word_1_513' title='bbox 3707 1662 3769 1724; x_wconf 80' lang='grc' dir='ltr'><strong>τῇ</strong></span> <span class='ocrx_word' id='word_1_514' title='bbox 3801 1653 4179 1728; x_wconf 80' lang='grc' dir='ltr'><strong>ἁνθρωπότητι,</strong></span> 
     </span>
    </p>
   </div>
   <div class='ocr_carea' id='block_1_74' title="bbox 2585 1732 4181 1815">
    <p class='ocr_par' dir='ltr' id='par_1_74' title="bbox 2585 1732 4181 1815">
     <span class='ocr_line' id='line_1_76' title="bbox 2585 1732 4181 1815; baseline 0.009 -33"><span class='ocrx_word' id='word_1_515' title='bbox 2585 1732 2744 1803; x_wconf 83' lang='grc' dir='ltr'><strong>ὁρατὴ</strong></span> <span class='ocrx_word' id='word_1_516' title='bbox 2779 1753 2832 1785; x_wconf 85' lang='grc' dir='ltr'><strong>τε</strong></span> <span class='ocrx_word' id='word_1_517' title='bbox 2858 1740 2946 1786; x_wconf 88' lang='lat' dir='ltr'><strong>xui</strong></span> <span class='ocrx_word' id='word_1_518' title='bbox 2969 1735 3206 1808; x_wconf 81' lang='grc' dir='ltr'><strong>ἀόρατος.</strong></span> <span class='ocrx_word' id='word_1_519' title='bbox 3241 1737 3383 1790; x_wconf 85' lang='grc' dir='ltr'><strong>Ἐπεί</strong></span> <span class='ocrx_word' id='word_1_520' title='bbox 3410 1739 3811 1813; x_wconf 77' lang='grc' dir='ltr'><strong>ἀναγκαζόμεθα</strong></span> <span class='ocrx_word' id='word_1_521' title='bbox 3842 1740 4063 1815; x_wconf 81' lang='grc' dir='ltr'><strong>διαιρεῖν</strong></span> <span class='ocrx_word' id='word_1_522' title='bbox 4094 1747 4181 1796; x_wconf 85' lang='grc' dir='ltr'><strong>τὸν</strong></span> 
     </span>
    </p>
   </div>
   <div class='ocr_carea' id='block_1_75' title="bbox 2584 1821 4181 1901">
    <p class='ocr_par' dir='ltr' id='par_1_75' title="bbox 2584 1821 4181 1901">
     <span class='ocr_line' id='line_1_77' title="bbox 2584 1821 4181 1901; baseline 0.008 -29"><span class='ocrx_word' id='word_1_523' title='bbox 2584 1821 2667 1872; x_wconf 79' lang='grc' dir='ltr'><strong>ἕνα</strong></span> <span class='ocrx_word' id='word_1_524' title='bbox 2699 1827 2946 1896; x_wconf 81' lang='grc' dir='ltr'><strong>Χριστόν,</strong></span> <span class='ocrx_word' id='word_1_525' title='bbox 3005 1821 3101 1877; x_wconf 76' lang='grc' dir='ltr'><strong>δύο</strong></span> <span class='ocrx_word' id='word_1_526' title='bbox 3131 1830 3225 1887; x_wconf 81' lang='grc' dir='ltr'><strong>τὰς</strong></span> <span class='ocrx_word' id='word_1_527' title='bbox 3263 1829 3582 1890; x_wconf 73' lang='grc' dir='ltr'><strong>ὑποστάσεις</strong></span> <span class='ocrx_word' id='word_1_528' title='bbox 3616 1830 3867 1901; x_wconf 83' lang='grc' dir='ltr'><strong>λέγοντες,</strong></span> <span class='ocrx_word' id='word_1_529' title='bbox 3896 1833 3925 1890; x_wconf 76' lang='grc' dir='ltr'>ἦ</span> <span class='ocrx_word' id='word_1_530' title='bbox 3959 1838 4053 1890; x_wconf 80' lang='grc' dir='ltr'><strong>τήν</strong></span> <span class='ocrx_word' id='word_1_531' title='bbox 4081 1841 4181 1884; x_wconf 87' lang='grc' dir='ltr'><strong>τῶν</strong></span> 
     </span>
    </p>
   </div>
   <div class='ocr_carea' id='block_1_76' title="bbox 2582 1911 4180 1994">
    <p class='ocr_par' dir='ltr' id='par_1_76' title="bbox 2582 1911 4180 1994">
     <span class='ocr_line' id='line_1_78' title="bbox 2582 1911 4180 1994; baseline 0.009 -34"><span class='ocrx_word' id='word_1_532' title='bbox 2582 1913 2780 1980; x_wconf 80' lang='grc' dir='ltr'><strong>φύσεων</strong></span> <span class='ocrx_word' id='word_1_533' title='bbox 2820 1911 3089 1984; x_wconf 80' lang='grc' dir='ltr'><strong>ἀρνεῖσθαι</strong></span> <span class='ocrx_word' id='word_1_534' title='bbox 3119 1912 3374 1990; x_wconf 75' lang='grc' dir='ltr'><strong>διαφοράν</strong></span> <span class='ocrx_word' id='word_1_535' title='bbox 3407 1935 3419 1948; x_wconf 92' lang='grc'><strong>·</strong></span> <span class='ocrx_word' id='word_1_536' title='bbox 3465 1923 3553 1970; x_wconf 86' lang='lat' dir='ltr'><strong>xui</strong></span> <span class='ocrx_word' id='word_1_537' title='bbox 3584 1925 3781 1994; x_wconf 79' lang='grc' dir='ltr'><strong>τροπὴν</strong></span> <span class='ocrx_word' id='word_1_538' title='bbox 3827 1921 4051 1992; x_wconf 80' lang='grc' dir='ltr'><strong>εἰσάγειν</strong></span> <span class='ocrx_word' id='word_1_539' title='bbox 4091 1927 4180 1974; x_wconf 84' lang='lat' dir='ltr'><strong>xui</strong></span> 
     </span>
    </p>
   </div>
   <div class='ocr_carea' id='block_1_77' title="bbox 2583 2003 2876 2072">
    <p class='ocr_par' dir='ltr' id='par_1_77' title="bbox 2583 2003 2876 2072">
     <span class='ocr_line' id='line_1_79' title="bbox 2583 2003 2876 2072; baseline 0.017 -22"><span class='ocrx_word' id='word_1_540' title='bbox 2583 2003 2852 2072; x_wconf 84' lang='grc' dir='ltr'><strong>σύγχυσιν</strong></span> <span class='ocrx_word' id='word_1_541' title='bbox 2865 2045 2876 2056; x_wconf 94' lang='grc'>.</span> 
     </span>
    </p>
   </div>
   <div class='ocr_carea' id='block_1_78' title="bbox 2579 2271 4176 2351">
    <p class='ocr_par' dir='ltr' id='par_1_78' title="bbox 2579 2271 4176 2351">
     <span class='ocr_line' id='line_1_80' title="bbox 2579 2271 4176 2351; baseline 0.003 -27"><span class='ocrx_word' id='word_1_542' title='bbox 2579 2277 2680 2324; x_wconf 82' lang='grc' dir='ltr'><strong>Τοῦ</strong></span> <span class='ocrx_word' id='word_1_543' title='bbox 2727 2271 2885 2323; x_wconf 85' lang='grc' dir='ltr'><strong>αὐτοῦ</strong></span> <span class='ocrx_word' id='word_1_544' title='bbox 2950 2273 3220 2344; x_wconf 83' lang='grc' dir='ltr'><strong>κεφάλαιον</strong></span> <span class='ocrx_word' id='word_1_545' title='bbox 3265 2273 3345 2346; x_wconf 46' lang='lat' dir='ltr'><strong>py</strong></span> <span class='ocrx_word' id='word_1_546' title='bbox 3410 2281 3529 2351; x_wconf 66' lang='grc' dir='ltr'><strong>περὶ</strong></span> <span class='ocrx_word' id='word_1_547' title='bbox 3564 2286 3662 2329; x_wconf 84' lang='grc' dir='ltr'><strong>τῶν</strong></span> <span class='ocrx_word' id='word_1_548' title='bbox 3722 2275 4015 2351; x_wconf 79' lang='grc' dir='ltr'><strong>ἰδιωμάτων</strong></span> <span class='ocrx_word' id='word_1_549' title='bbox 4077 2287 4176 2330; x_wconf 86' lang='grc' dir='ltr'><strong>τῶν</strong></span> 
     </span>
    </p>
   </div>
   <div class='ocr_carea' id='block_1_79' title="bbox 3183 2348 3569 2418">
    <p class='ocr_par' dir='ltr' id='par_1_79' title="bbox 3183 2348 3569 2418">
     <span class='ocr_line' id='line_1_81' title="bbox 3183 2348 3569 2418; baseline 0.021 -23"><span class='ocrx_word' id='word_1_550' title='bbox 3183 2349 3381 2418; x_wconf 80' lang='grc' dir='ltr'><strong>φύσεων</strong></span> <span class='ocrx_word' id='word_1_551' title='bbox 3438 2348 3569 2418; x_wconf 79' lang='lat'><strong>(23).</strong></span> 
     </span>
    </p>
   </div>
   <div class='ocr_carea' id='block_1_80' title="bbox 2651 2430 4177 2509">
    <p class='ocr_par' dir='ltr' id='par_1_80' title="bbox 2651 2430 4177 2509">
     <span class='ocr_line' id='line_1_82' title="bbox 2651 2430 4177 2509; baseline 0.005 -26"><span class='ocrx_word' id='word_1_552' title='bbox 2651 2431 2750 2504; x_wconf 84' lang='grc' dir='ltr'><strong>κγ’.</strong></span> <span class='ocrx_word' id='word_1_553' title='bbox 2819 2432 3015 2486; x_wconf 85' lang='grc' dir='ltr'><strong>Τέλειον</strong></span> <span class='ocrx_word' id='word_1_554' title='bbox 3088 2430 3148 2487; x_wconf 71' lang='grc' dir='ltr'><strong>δὲ</strong></span> <span class='ocrx_word' id='word_1_555' title='bbox 3224 2439 3351 2488; x_wconf 87' lang='grc' dir='ltr'><strong>Θεὸν</strong></span> <span class='ocrx_word' id='word_1_556' title='bbox 3430 2437 3792 2509; x_wconf 76' lang='grc' dir='ltr'><strong>ὁμολογοῦντες</strong></span> <span class='ocrx_word' id='word_1_557' title='bbox 3874 2441 3960 2490; x_wconf 86' lang='grc' dir='ltr'><strong>τόν</strong></span> <span class='ocrx_word' id='word_1_558' title='bbox 4024 2438 4177 2490; x_wconf 90' lang='grc' dir='ltr'><strong>αὐτὸν</strong></span> 
     </span>
    </p>
   </div>
   <div class='ocr_carea' id='block_1_81' title="bbox 2582 2516 4180 2599">
    <p class='ocr_par' dir='ltr' id='par_1_81' title="bbox 2582 2523 4180 2599">
     <span class='ocr_line' id='line_1_83' title="bbox 2582 2523 4180 2599; baseline 0.004 -28"><span class='ocrx_word' id='word_1_559' title='bbox 2582 2523 2771 2591; x_wconf 81' lang='grc' dir='ltr'><strong>Κύριον</strong></span> <span class='ocrx_word' id='word_1_560' title='bbox 2824 2523 2970 2592; x_wconf 76' lang='grc' dir='ltr'><strong>ἡμῶν</strong></span> <span class='ocrx_word' id='word_1_561' title='bbox 3020 2523 3223 2580; x_wconf 75' lang='grc' dir='ltr'><strong>Ἰησοῦν</strong></span> <span class='ocrx_word' id='word_1_562' title='bbox 3271 2530 3522 2596; x_wconf 82' lang='grc' dir='ltr'><strong>Χριστὸν,</strong></span> <span class='ocrx_word' id='word_1_563' title='bbox 3590 2531 3680 2578; x_wconf 86' lang='lat' dir='ltr'><strong>xui</strong></span> <span class='ocrx_word' id='word_1_564' title='bbox 3734 2525 3919 2578; x_wconf 72' lang='grc' dir='ltr'><strong>τέλειον</strong></span> <span class='ocrx_word' id='word_1_565' title='bbox 3985 2528 4180 2599; x_wconf 81' lang='grc' dir='ltr'><strong>ἅνθρω-</strong></span> 
     </span>
    </p>
   </div>
   <div class='ocr_carea' id='block_1_82' title="bbox 2578 2613 4176 2687">
    <p class='ocr_par' dir='ltr' id='par_1_82' title="bbox 2578 2613 4176 2687">
     <span class='ocr_line' id='line_1_84' title="bbox 2578 2613 4176 2687; baseline 0.005 -28"><span class='ocrx_word' id='word_1_566' title='bbox 2578 2627 2694 2676; x_wconf 80' lang='grc' dir='ltr'><strong>πον,</strong></span> <span class='ocrx_word' id='word_1_567' title='bbox 2743 2615 2904 2682; x_wconf 77' lang='grc' dir='ltr'><strong>φαμεν</strong></span> <span class='ocrx_word' id='word_1_568' title='bbox 2961 2616 3048 2663; x_wconf 89' lang='grc' dir='ltr'><strong>τὸν</strong></span> <span class='ocrx_word' id='word_1_569' title='bbox 3101 2613 3256 2666; x_wconf 87' lang='grc' dir='ltr'><strong>αὐτόν</strong></span> <span class='ocrx_word' id='word_1_570' title='bbox 3318 2617 3484 2667; x_wconf 82' lang='grc' dir='ltr'><strong>πάντα</strong></span> <span class='ocrx_word' id='word_1_571' title='bbox 3548 2618 3688 2687; x_wconf 78' lang='grc' dir='ltr'><strong>ἔχειν</strong></span> <span class='ocrx_word' id='word_1_572' title='bbox 3728 2618 3828 2668; x_wconf 87' lang='grc' dir='ltr'><strong>ὅσα</strong></span> <span class='ocrx_word' id='word_1_573' title='bbox 3884 2617 3909 2667; x_wconf 93' lang='lat'><strong>6</strong></span> <span class='ocrx_word' id='word_1_574' title='bbox 3972 2621 4176 2683; x_wconf 78' lang='grc' dir='ltr'><strong>Πατὴο,</strong></span> 
     </span>
    </p>
   </div>
   <div class='ocr_carea' id='block_1_83' title="bbox 2577 2695 4176 2776">
    <p class='ocr_par' dir='ltr' id='par_1_83' title="bbox 2577 2695 4176 2776">
     <span class='ocr_line' id='line_1_85' title="bbox 2577 2695 4176 2776; baseline 0.004 -28"><span class='ocrx_word' id='word_1_575' title='bbox 2577 2695 2710 2754; x_wconf 82' lang='grc' dir='ltr'><strong>πλὴν</strong></span> <span class='ocrx_word' id='word_1_576' title='bbox 2759 2696 3070 2769; x_wconf 77' lang='grc' dir='ltr'><strong>ἀγεννησίας</strong></span> <span class='ocrx_word' id='word_1_577' title='bbox 3111 2718 3123 2730; x_wconf 90' lang='grc'><strong>·</strong></span> <span class='ocrx_word' id='word_1_578' title='bbox 3176 2706 3266 2753; x_wconf 76' lang='grc' dir='ltr'><strong>καὶ</strong></span> <span class='ocrx_word' id='word_1_579' title='bbox 3309 2705 3480 2754; x_wconf 82' lang='grc' dir='ltr'><strong>πάντα</strong></span> <span class='ocrx_word' id='word_1_580' title='bbox 3534 2705 3675 2774; x_wconf 83' lang='grc' dir='ltr'><strong>ἔχειν</strong></span> <span class='ocrx_word' id='word_1_581' title='bbox 3720 2705 3822 2756; x_wconf 86' lang='grc' dir='ltr'><strong>ὅσα</strong></span> <span class='ocrx_word' id='word_1_582' title='bbox 3869 2706 3894 2755; x_wconf 93' lang='lat'><strong>6</strong></span> <span class='ocrx_word' id='word_1_583' title='bbox 3925 2701 4103 2776; x_wconf 81' lang='grc' dir='ltr'><strong>Ἀδὰμ.</strong></span> <span class='ocrx_word' id='word_1_584' title='bbox 4151 2705 4176 2755; x_wconf 98' lang='lat'><strong>6</strong></span> 
     </span>
    </p>
   </div>
   <div class='ocr_carea' id='block_1_84' title="bbox 2577 2784 4178 2866">
    <p class='ocr_par' dir='ltr' id='par_1_84' title="bbox 2577 2784 4178 2866">
     <span class='ocr_line' id='line_1_86' title="bbox 2577 2784 4178 2866; baseline 0.005 -29"><span class='ocrx_word' id='word_1_585' title='bbox 2577 2795 2778 2859; x_wconf 84' lang='grc' dir='ltr'><strong>πρῶτος</strong></span> <span class='ocrx_word' id='word_1_586' title='bbox 2831 2784 2970 2859; x_wconf 77' lang='grc' dir='ltr'><strong>δίχα</strong></span> <span class='ocrx_word' id='word_1_587' title='bbox 2998 2794 3160 2860; x_wconf 81' lang='grc' dir='ltr'><strong>μόνης</strong></span> <span class='ocrx_word' id='word_1_588' title='bbox 3210 2799 3305 2852; x_wconf 81' lang='grc' dir='ltr'><strong>τῆς</strong></span> <span class='ocrx_word' id='word_1_589' title='bbox 3356 2791 3609 2864; x_wconf 76' lang='grc' dir='ltr'><strong>ἁμαρτίας</strong></span> <span class='ocrx_word' id='word_1_590' title='bbox 3639 2808 3653 2822; x_wconf 78' lang='grc'>⁸</span> <span class='ocrx_word' id='word_1_591' title='bbox 3689 2793 3839 2845; x_wconf 74' lang='grc' dir='ltr'><strong>ἅτινά</strong></span> <span class='ocrx_word' id='word_1_592' title='bbox 3869 2793 3983 2845; x_wconf 86' lang='grc' dir='ltr'><strong>ἐστι</strong></span> <span class='ocrx_word' id='word_1_593' title='bbox 4025 2802 4178 2866; x_wconf 82' lang='grc' dir='ltr'><strong>σῶμα</strong></span> 
     </span>
    </p>
   </div>
   <div class='ocr_carea' id='block_1_85' title="bbox 2576 2875 4175 2953">
    <p class='ocr_par' dir='ltr' id='par_1_85' title="bbox 2576 2875 4175 2953">
     <span class='ocr_line' id='line_1_87' title="bbox 2576 2875 4175 2953; baseline 0.006 -27"><span class='ocrx_word' id='word_1_594' title='bbox 2576 2880 2666 2926; x_wconf 83' lang='grc' dir='ltr'><strong>καὶ</strong></span> <span class='ocrx_word' id='word_1_595' title='bbox 2703 2875 2858 2947; x_wconf 74' lang='grc' dir='ltr'><strong>ψυχὴ</strong></span> <span class='ocrx_word' id='word_1_596' title='bbox 2909 2877 3090 2950; x_wconf 79' lang='grc' dir='ltr'><strong>λογική</strong></span> <span class='ocrx_word' id='word_1_597' title='bbox 3150 2899 3203 2931; x_wconf 88' lang='grc' dir='ltr'><strong>τε</strong></span> <span class='ocrx_word' id='word_1_598' title='bbox 3247 2886 3335 2932; x_wconf 87' lang='lat' dir='ltr'><strong>xui</strong></span> <span class='ocrx_word' id='word_1_599' title='bbox 3363 2884 3512 2953; x_wconf 79' lang='grc' dir='ltr'><strong>νοερά</strong></span> <span class='ocrx_word' id='word_1_600' title='bbox 3545 2899 3557 2912; x_wconf 90' lang='grc'><strong>·</strong></span> <span class='ocrx_word' id='word_1_601' title='bbox 3592 2883 3732 2953; x_wconf 84' lang='grc' dir='ltr'><strong>ἔχειν</strong></span> <span class='ocrx_word' id='word_1_602' title='bbox 3774 2879 3832 2934; x_wconf 77' lang='grc' dir='ltr'><strong>δὲ</strong></span> <span class='ocrx_word' id='word_1_603' title='bbox 3859 2885 4012 2934; x_wconf 87' lang='grc' dir='ltr'><strong>αύτόν</strong></span> <span class='ocrx_word' id='word_1_604' title='bbox 4043 2902 4175 2934; x_wconf 84' lang='grc' dir='ltr'><strong>κατ-</strong></span> 
     </span>
    </p>
   </div>
   <div class='ocr_carea' id='block_1_86' title="bbox 2578 2963 4173 3043">
    <p class='ocr_par' dir='ltr' id='par_1_86' title="bbox 2578 2963 4173 3043">
     <span class='ocr_line' id='line_1_88' title="bbox 2578 2963 4173 3043; baseline 0.004 -28"><span class='ocrx_word' id='word_1_605' title='bbox 2578 2963 2799 3025; x_wconf 75' lang='grc' dir='ltr'><strong>αλλὴλως</strong></span> <span class='ocrx_word' id='word_1_606' title='bbox 2846 2974 2959 3028; x_wconf 82' lang='grc' dir='ltr'><strong>ταῖς</strong></span> <span class='ocrx_word' id='word_1_607' title='bbox 3014 2964 3142 3020; x_wconf 72' lang='grc' dir='ltr'><strong>δυσὶ</strong></span> <span class='ocrx_word' id='word_1_608' title='bbox 3192 2972 3381 3040; x_wconf 80' lang='grc' dir='ltr'><strong>φύσεσι</strong></span> <span class='ocrx_word' id='word_1_609' title='bbox 3421 2967 3585 3021; x_wconf 72' lang='grc' dir='ltr'><strong>διπλᾶ</strong></span> <span class='ocrx_word' id='word_1_610' title='bbox 3621 2975 3686 3022; x_wconf 78' lang='grc' dir='ltr'><strong>τὰ</strong></span> <span class='ocrx_word' id='word_1_611' title='bbox 3715 2979 3814 3022; x_wconf 82' lang='grc' dir='ltr'><strong>τῶν</strong></span> <span class='ocrx_word' id='word_1_612' title='bbox 3847 2968 3943 3023; x_wconf 82' lang='grc' dir='ltr'><strong>δύο</strong></span> <span class='ocrx_word' id='word_1_613' title='bbox 3975 2975 4173 3043; x_wconf 77' lang='grc' dir='ltr'><strong>φύσεων</strong></span> 
     </span>
    </p>
   </div>
   <div class='ocr_carea' id='block_1_87' title="bbox 2577 3051 4174 3130">
    <p class='ocr_par' dir='ltr' id='par_1_87' title="bbox 2577 3051 4174 3130">
     <span class='ocr_line' id='line_1_89' title="bbox 2577 3051 4174 3130; baseline 0.004 -27"><span class='ocrx_word' id='word_1_614' title='bbox 2577 3056 2774 3123; x_wconf 82' lang='grc' dir='ltr'><strong>φυσικὰ</strong></span> <span class='ocrx_word' id='word_1_615' title='bbox 2834 3051 3098 3126; x_wconf 75' lang='grc' dir='ltr'><strong>ἰδιωματα</strong></span> <span class='ocrx_word' id='word_1_616' title='bbox 3147 3077 3159 3089; x_wconf 88' lang='grc'><strong>·</strong></span> <span class='ocrx_word' id='word_1_617' title='bbox 3233 3054 3329 3109; x_wconf 71' lang='grc' dir='ltr'><strong>δύο</strong></span> <span class='ocrx_word' id='word_1_618' title='bbox 3379 3058 3606 3118; x_wconf 81' lang='grc' dir='ltr'><strong>θελήσεις</strong></span> <span class='ocrx_word' id='word_1_619' title='bbox 3664 3061 3907 3130; x_wconf 77' lang='grc' dir='ltr'><strong>φυσικὰς,</strong></span> <span class='ocrx_word' id='word_1_620' title='bbox 3946 3061 4082 3110; x_wconf 86' lang='grc' dir='ltr'><strong>θείαν</strong></span> <span class='ocrx_word' id='word_1_621' title='bbox 4121 3078 4174 3110; x_wconf 84' lang='grc' dir='ltr'><strong>τι</strong></span> 
     </span>
    </p>
   </div>
   <div class='ocr_carea' id='block_1_88' title="bbox 2575 3142 4176 3219">
    <p class='ocr_par' dir='ltr' id='par_1_88' title="bbox 2575 3142 4176 3219">
     <span class='ocr_line' id='line_1_90' title="bbox 2575 3142 4176 3219; baseline 0.006 -28"><span class='ocrx_word' id='word_1_622' title='bbox 2575 3147 2665 3192; x_wconf 86' lang='grc' dir='ltr'><strong>καὶ</strong></span> <span class='ocrx_word' id='word_1_623' title='bbox 2713 3142 3036 3216; x_wconf 78' lang='grc' dir='ltr'><strong>ἀνθρωπίνην</strong></span> <span class='ocrx_word' id='word_1_624' title='bbox 3069 3159 3083 3174; x_wconf 84' lang='grc'><em>’</em></span> <span class='ocrx_word' id='word_1_625' title='bbox 3130 3151 3220 3197; x_wconf 87' lang='lat' dir='ltr'><strong>xui</strong></span> <span class='ocrx_word' id='word_1_626' title='bbox 3255 3145 3502 3218; x_wconf 79' lang='grc' dir='ltr'><strong>ἐνεργείας</strong></span> <span class='ocrx_word' id='word_1_627' title='bbox 3565 3143 3661 3199; x_wconf 76' lang='grc' dir='ltr'><strong>δύο</strong></span> <span class='ocrx_word' id='word_1_628' title='bbox 3702 3151 3944 3219; x_wconf 79' lang='grc' dir='ltr'><strong>φυσικὰς,</strong></span> <span class='ocrx_word' id='word_1_629' title='bbox 3991 3154 4084 3205; x_wconf 82' lang='grc' dir='ltr'><strong>τήν</strong></span> <span class='ocrx_word' id='word_1_630' title='bbox 4121 3167 4176 3200; x_wconf 89' lang='grc' dir='ltr'><strong>τε</strong></span> 
     </span>
    </p>
   </div>
   <div class='ocr_carea' id='block_1_89' title="bbox 2498 3203 4175 3308">
    <p class='ocr_par' dir='ltr' id='par_1_89' title="bbox 2498 3203 4175 3308">
     <span class='ocr_line' id='line_1_91' title="bbox 2498 3203 4175 3308; baseline 0.005 -28"><span class='ocrx_word' id='word_1_631' title='bbox 2498 3203 2538 3257; x_wconf 78' lang='lat' dir='ltr'>C</span> <span class='ocrx_word' id='word_1_632' title='bbox 2579 3231 2714 3281; x_wconf 81' lang='grc' dir='ltr'><strong>θείαν</strong></span> <span class='ocrx_word' id='word_1_633' title='bbox 2744 3236 2832 3283; x_wconf 87' lang='lat' dir='ltr'><strong>xui</strong></span> <span class='ocrx_word' id='word_1_634' title='bbox 2862 3236 2956 3289; x_wconf 79' lang='grc' dir='ltr'><strong>τὴν</strong></span> <span class='ocrx_word' id='word_1_635' title='bbox 2984 3231 3306 3305; x_wconf 79' lang='grc' dir='ltr'><strong>ἀνθρωπίνην</strong></span> <span class='ocrx_word' id='word_1_636' title='bbox 3331 3255 3342 3266; x_wconf 92' lang='grc'><strong>·</strong></span> <span class='ocrx_word' id='word_1_637' title='bbox 3369 3241 3459 3287; x_wconf 86' lang='lat' dir='ltr'><strong>xui</strong></span> <span class='ocrx_word' id='word_1_638' title='bbox 3484 3236 3798 3297; x_wconf 84' lang='grc' dir='ltr'><strong>αὐτεξούσια</strong></span> <span class='ocrx_word' id='word_1_639' title='bbox 3827 3234 3924 3289; x_wconf 73' lang='grc' dir='ltr'><strong>δύο</strong></span> <span class='ocrx_word' id='word_1_640' title='bbox 3955 3240 4175 3308; x_wconf 80' lang='grc' dir='ltr'><strong>φυσικὰ,</strong></span> 
     </span>
    </p>
   </div>
   <div class='ocr_carea' id='block_1_90' title="bbox 2577 3320 4174 3396">
    <p class='ocr_par' dir='ltr' id='par_1_90' title="bbox 2577 3320 4174 3396">
     <span class='ocr_line' id='line_1_92' title="bbox 2577 3320 4174 3396; baseline 0.004 -26"><span class='ocrx_word' id='word_1_641' title='bbox 2577 3320 2709 3370; x_wconf 83' lang='grc' dir='ltr'><strong>θεῖόν</strong></span> <span class='ocrx_word' id='word_1_642' title='bbox 2738 3339 2790 3371; x_wconf 82' lang='grc' dir='ltr'><strong>τε</strong></span> <span class='ocrx_word' id='word_1_643' title='bbox 2828 3326 2917 3372; x_wconf 89' lang='lat' dir='ltr'><strong>xui</strong></span> <span class='ocrx_word' id='word_1_644' title='bbox 2957 3320 3272 3395; x_wconf 75' lang='grc' dir='ltr'><strong>ἀνθρώπινον</strong></span> <span class='ocrx_word' id='word_1_645' title='bbox 3297 3341 3308 3354; x_wconf 88' lang='grc'><strong>·</strong></span> <span class='ocrx_word' id='word_1_646' title='bbox 3343 3329 3432 3376; x_wconf 87' lang='lat' dir='ltr'><strong>xui</strong></span> <span class='ocrx_word' id='word_1_647' title='bbox 3465 3330 3648 3396; x_wconf 89' lang='grc' dir='ltr'><strong>σοφίαν</strong></span> <span class='ocrx_word' id='word_1_648' title='bbox 3673 3331 3762 3377; x_wconf 85' lang='lat' dir='ltr'><strong>xui</strong></span> <span class='ocrx_word' id='word_1_649' title='bbox 3791 3333 4003 3396; x_wconf 85' lang='grc' dir='ltr'><strong>γνῶσιν,</strong></span> <span class='ocrx_word' id='word_1_650' title='bbox 4035 3327 4174 3377; x_wconf 86' lang='grc' dir='ltr'><strong>θείαν</strong></span> 
     </span>
    </p>
   </div>
   <div class='ocr_carea' id='block_1_91' title="bbox 2571 3408 4175 3486">
    <p class='ocr_par' dir='ltr' id='par_1_91' title="bbox 2571 3408 4175 3486">
     <span class='ocr_line' id='line_1_93' title="bbox 2571 3408 4175 3486; baseline 0.005 -28"><span class='ocrx_word' id='word_1_651' title='bbox 2571 3426 2626 3458; x_wconf 86' lang='grc' dir='ltr'><strong>τε</strong></span> <span class='ocrx_word' id='word_1_652' title='bbox 2655 3414 2743 3460; x_wconf 89' lang='lat' dir='ltr'><strong>xui</strong></span> <span class='ocrx_word' id='word_1_653' title='bbox 2783 3408 3125 3481; x_wconf 80' lang='grc' dir='ltr'><strong>ἀνθρωπίνην.</strong></span> <span class='ocrx_word' id='word_1_654' title='bbox 3158 3411 3465 3484; x_wconf 74' lang='grc' dir='ltr'><strong>Ὀμοούσιος</strong></span> <span class='ocrx_word' id='word_1_655' title='bbox 3487 3416 3589 3486; x_wconf 76' lang='grc' dir='ltr'><strong>γὰρ</strong></span> <span class='ocrx_word' id='word_1_656' title='bbox 3614 3415 3680 3464; x_wconf 83' lang='grc' dir='ltr'><strong>ὢν</strong></span> <span class='ocrx_word' id='word_1_657' title='bbox 3711 3423 3782 3485; x_wconf 79' lang='grc' dir='ltr'><strong>τῷ</strong></span> <span class='ocrx_word' id='word_1_658' title='bbox 3809 3419 3916 3484; x_wconf 82' lang='grc' dir='ltr'><strong>Θεῷ</strong></span> <span class='ocrx_word' id='word_1_659' title='bbox 3947 3418 4036 3466; x_wconf 89' lang='lat' dir='ltr'><strong>xui</strong></span> <span class='ocrx_word' id='word_1_660' title='bbox 4071 3421 4175 3466; x_wconf 86' lang='grc' dir='ltr'><strong>Πα-</strong></span> 
     </span>
    </p>
   </div>
   <div class='ocr_carea' id='block_1_92' title="bbox 2572 3498 4175 3575">
    <p class='ocr_par' dir='ltr' id='par_1_92' title="bbox 2572 3498 4175 3575">
     <span class='ocr_line' id='line_1_94' title="bbox 2572 3498 4175 3575; baseline 0.004 -27"><span class='ocrx_word' id='word_1_661' title='bbox 2572 3502 2678 3570; x_wconf 75' lang='grc' dir='ltr'><strong>τρὶ,</strong></span> <span class='ocrx_word' id='word_1_662' title='bbox 2709 3498 3050 3561; x_wconf 84' lang='grc' dir='ltr'><strong>αὐτεξουσίως</strong></span> <span class='ocrx_word' id='word_1_663' title='bbox 3103 3500 3231 3553; x_wconf 87' lang='grc' dir='ltr'><strong>θέλει</strong></span> <span class='ocrx_word' id='word_1_664' title='bbox 3261 3507 3348 3553; x_wconf 84' lang='grc' dir='ltr'><strong>καὶ</strong></span> <span class='ocrx_word' id='word_1_665' title='bbox 3379 3504 3571 3575; x_wconf 86' lang='grc' dir='ltr'><strong>ἐνεργεί</strong></span> <span class='ocrx_word' id='word_1_666' title='bbox 3595 3505 3660 3562; x_wconf 79' lang='grc' dir='ltr'><strong>ὡς</strong></span> <span class='ocrx_word' id='word_1_667' title='bbox 3683 3508 3810 3565; x_wconf 83' lang='grc' dir='ltr'><strong>Θεὸς</strong></span> <span class='ocrx_word' id='word_1_668' title='bbox 3853 3521 3865 3532; x_wconf 91' lang='grc'>·</span> <span class='ocrx_word' id='word_1_669' title='bbox 3898 3505 4175 3574; x_wconf 79' lang='grc' dir='ltr'>ὀμοούσιος</span> 
     </span>
    </p>
   </div>
   <div class='ocr_carea' id='block_1_93' title="bbox 2574 3583 4170 3665">
    <p class='ocr_par' dir='ltr' id='par_1_93' title="bbox 2574 3583 4170 3665">
     <span class='ocr_line' id='line_1_95' title="bbox 2574 3583 4170 3665; baseline 0.004 -28"><span class='ocrx_word' id='word_1_670' title='bbox 2574 3583 2632 3638; x_wconf 75' lang='grc' dir='ltr'><strong>δὲ</strong></span> <span class='ocrx_word' id='word_1_671' title='bbox 2671 3593 2759 3638; x_wconf 90' lang='lat' dir='ltr'><strong>xui</strong></span> <span class='ocrx_word' id='word_1_672' title='bbox 2791 3590 2934 3659; x_wconf 76' lang='grc' dir='ltr'><strong>ἡμῖν,</strong></span> <span class='ocrx_word' id='word_1_673' title='bbox 2987 3589 3334 3652; x_wconf 72' lang='grc' dir='ltr'><strong>αὐτεξουσίως</strong></span> <span class='ocrx_word' id='word_1_674' title='bbox 3366 3591 3495 3643; x_wconf 73' lang='grc' dir='ltr'><strong>θέλει</strong></span> <span class='ocrx_word' id='word_1_675' title='bbox 3525 3596 3616 3643; x_wconf 83' lang='grc' dir='ltr'><strong>καὶ</strong></span> <span class='ocrx_word' id='word_1_676' title='bbox 3657 3591 3850 3664; x_wconf 85' lang='grc' dir='ltr'><strong>ἐνεργεί</strong></span> <span class='ocrx_word' id='word_1_677' title='bbox 3873 3595 3941 3652; x_wconf 80' lang='grc' dir='ltr'><strong>ὡς</strong></span> <span class='ocrx_word' id='word_1_678' title='bbox 3972 3593 4170 3665; x_wconf 79' lang='grc' dir='ltr'><strong>ἅνθρω-</strong></span> 
     </span>
    </p>
   </div>
   <div class='ocr_carea' id='block_1_94' title="bbox 2569 3677 4176 3752">
    <p class='ocr_par' dir='ltr' id='par_1_94' title="bbox 2569 3677 4176 3752">
     <span class='ocr_line' id='line_1_96' title="bbox 2569 3677 4176 3752; baseline 0.003 -26"><span class='ocrx_word' id='word_1_679' title='bbox 2569 3695 2665 3735; x_wconf 87' lang='grc' dir='ltr'>πος</span> <span class='ocrx_word' id='word_1_680' title='bbox 2722 3678 2746 3728; x_wconf 92' lang='lat'><strong>6</strong></span> <span class='ocrx_word' id='word_1_681' title='bbox 2809 3677 2982 3740; x_wconf 73' lang='grc' dir='ltr'><strong>αὐτὸς.</strong></span> <span class='ocrx_word' id='word_1_682' title='bbox 3017 3680 3187 3731; x_wconf 81' lang='grc' dir='ltr'><strong>Λύτου</strong></span> <span class='ocrx_word' id='word_1_683' title='bbox 3237 3682 3337 3752; x_wconf 77' lang='grc' dir='ltr'><strong>γὰρ</strong></span> <span class='ocrx_word' id='word_1_684' title='bbox 3384 3683 3449 3731; x_wconf 80' lang='grc' dir='ltr'><strong>τὰ</strong></span> <span class='ocrx_word' id='word_1_685' title='bbox 3477 3682 3736 3752; x_wconf 76' lang='grc' dir='ltr'><strong>θαύματα,</strong></span> <span class='ocrx_word' id='word_1_686' title='bbox 3777 3681 3937 3732; x_wconf 88' lang='grc' dir='ltr'><strong>αὐτου</strong></span> <span class='ocrx_word' id='word_1_687' title='bbox 3976 3686 4066 3733; x_wconf 81' lang='grc' dir='ltr'><strong>καὶ</strong></span> <span class='ocrx_word' id='word_1_688' title='bbox 4110 3680 4176 3731; x_wconf 81' lang='grc' dir='ltr'><strong>τὰ</strong></span> 
     </span>
    </p>
   </div>
   <div class='ocr_carea' id='block_1_95' title="bbox 2570 3767 2875 3837">
    <p class='ocr_par' dir='ltr' id='par_1_95' title="bbox 2570 3767 2875 3837">
     <span class='ocr_line' id='line_1_97' title="bbox 2570 3767 2875 3837; baseline 0.01 -23"><span class='ocrx_word' id='word_1_689' title='bbox 2570 3767 2875 3837; x_wconf 76' lang='grc' dir='ltr'><strong>παθήματα.</strong></span> 
     </span>
    </p>
   </div>
   <div class='ocr_carea' id='block_1_96' title="bbox 2571 4031 4173 4118">
    <p class='ocr_par' dir='ltr' id='par_1_96' title="bbox 2571 4031 4173 4118">
     <span class='ocr_line' id='line_1_98' title="bbox 2571 4031 4173 4118; baseline 0.002 -34"><span class='ocrx_word' id='word_1_690' title='bbox 2571 4031 2656 4084; x_wconf 80' lang='grc' dir='ltr'><strong>Ἐκ</strong></span> <span class='ocrx_word' id='word_1_691' title='bbox 2721 4041 2811 4093; x_wconf 83' lang='grc' dir='ltr'><strong>τῆς</strong></span> <span class='ocrx_word' id='word_1_692' title='bbox 2864 4031 3110 4108; x_wconf 76' lang='grc' dir='ltr'><strong>δευτέρας</strong></span> <span class='ocrx_word' id='word_1_693' title='bbox 3168 4035 3441 4096; x_wconf 84' lang='grc' dir='ltr'><strong>ἐπιστολῆς</strong></span> <span class='ocrx_word' id='word_1_694' title='bbox 3541 4045 3633 4088; x_wconf 76' lang='grc' dir='ltr'><strong>τοῦ</strong></span> <span class='ocrx_word' id='word_1_695' title='bbox 3708 4035 3862 4118; x_wconf 49' lang='lat' dir='ltr'><strong>inv/io?</strong></span> <span class='ocrx_word' id='word_1_696' title='bbox 3955 4039 4173 4118; x_wconf 60' lang='grc' dir='ltr'><strong>Λέοντος</strong></span> 
     </span>
    </p>
   </div>
   <div class='ocr_carea' id='block_1_97' title="bbox 2637 4105 4167 4181">
    <p class='ocr_par' dir='ltr' id='par_1_97' title="bbox 2637 4105 4167 4181">
     <span class='ocr_line' id='line_1_99' title="bbox 2637 4105 4167 4181; baseline 0.005 -28"><span class='ocrx_word' id='word_1_697' title='bbox 2637 4105 2828 4156; x_wconf 84' lang='grc' dir='ltr'>πάππα</span> <span class='ocrx_word' id='word_1_698' title='bbox 2875 4105 3076 4177; x_wconf 77' lang='grc' dir='ltr'><strong>Ῥώμης</strong></span> <span class='ocrx_word' id='word_1_699' title='bbox 3128 4112 3252 4181; x_wconf 79' lang='grc' dir='ltr'><strong>πρὸς</strong></span> <span class='ocrx_word' id='word_1_700' title='bbox 3315 4113 3519 4181; x_wconf 63' lang='grc' dir='ltr'><strong>Λέοντα</strong></span> <span class='ocrx_word' id='word_1_701' title='bbox 3565 4111 3650 4159; x_wconf 88' lang='grc' dir='ltr'><strong>τὸν</strong></span> <span class='ocrx_word' id='word_1_702' title='bbox 3700 4105 3944 4181; x_wconf 71' lang='grc' dir='ltr'><strong>βασιλέα,</strong></span> <span class='ocrx_word' id='word_1_703' title='bbox 4009 4109 4072 4167; x_wconf 82' lang='grc' dir='ltr'>ἧς</span> <span class='ocrx_word' id='word_1_704' title='bbox 4138 4110 4167 4164; x_wconf 82' lang='grc' dir='ltr'>ἡ</span> 
     </span>
    </p>
   </div>
   <div class='ocr_carea' id='block_1_98' title="bbox 2638 4173 4172 4252">
    <p class='ocr_par' dir='ltr' id='par_1_98' title="bbox 2638 4173 4172 4252">
     <span class='ocr_line' id='line_1_100' title="bbox 2638 4173 4172 4252; baseline 0.003 -27"><span class='ocrx_word' id='word_1_705' title='bbox 2638 4173 2919 4248; x_wconf 77' lang='grc' dir='ltr'><strong>ἐπιγραφὴ,</strong></span> <span class='ocrx_word' id='word_1_706' title='bbox 2951 4173 2980 4227; x_wconf 73' lang='grc' dir='ltr'><strong>(ί</strong></span> <span class='ocrx_word' id='word_1_707' title='bbox 3007 4186 3088 4248; x_wconf 82' lang='grc' dir='ltr'><em>Τῴ</em></span> <span class='ocrx_word' id='word_1_708' title='bbox 3117 4173 3566 4252; x_wconf 73' lang='grc' dir='ltr'><strong>ὑπερενδοξοτατῷ</strong></span> <span class='ocrx_word' id='word_1_709' title='bbox 3593 4173 4045 4251; x_wconf 79' lang='grc' dir='ltr'><strong>καὶγαληνοτάτῳ</strong></span> <span class='ocrx_word' id='word_1_710' title='bbox 4076 4187 4172 4249; x_wconf 83' lang='grc' dir='ltr'><strong>υιῷ</strong></span> 
     </span>
    </p>
   </div>
   <div class='ocr_carea' id='block_1_99' title="bbox 2638 4247 3878 4320">
    <p class='ocr_par' dir='ltr' id='par_1_99' title="bbox 2638 4247 3878 4320">
     <span class='ocr_line' id='line_1_101' title="bbox 2638 4247 3878 4320; baseline 0.006 -23"><span class='ocrx_word' id='word_1_711' title='bbox 2638 4247 2926 4320; x_wconf 81' lang='grc' dir='ltr'><strong>Αὐγούστῳ</strong></span> <span class='ocrx_word' id='word_1_712' title='bbox 2961 4247 3161 4318; x_wconf 78' lang='grc' dir='ltr'><strong>Λέοντι,</strong></span> <span class='ocrx_word' id='word_1_713' title='bbox 3195 4247 3336 4303; x_wconf 81' lang='grc' dir='ltr'><strong>Λέων</strong></span> <span class='ocrx_word' id='word_1_714' title='bbox 3377 4247 3654 4311; x_wconf 82' lang='grc' dir='ltr'>ἐπίσκοπος</span> <span class='ocrx_word' id='word_1_715' title='bbox 3685 4251 3817 4319; x_wconf 70' lang='grc'><strong>(24).</strong></span> <span class='ocrx_word' id='word_1_716' title='bbox 3859 4272 3878 4299; x_wconf 73' lang='grc' dir='ltr'><strong><em>ι</em></strong></span> 
     </span>
    </p>
   </div>
   <div class='ocr_carea' id='block_1_100' title="bbox 2639 4334 4170 4410">
    <p class='ocr_par' dir='ltr' id='par_1_100' title="bbox 2639 4334 4170 4410">
     <span class='ocr_line' id='line_1_102' title="bbox 2639 4334 4170 4410; baseline 0.001 -22"><span class='ocrx_word' id='word_1_717' title='bbox 2639 4334 2740 4392; x_wconf 77' lang='grc' dir='ltr'><strong>κδ’.</strong></span> <span class='ocrx_word' id='word_1_718' title='bbox 2795 4346 2876 4410; x_wconf 80' lang='grc' dir='ltr'><strong>Τῷ</strong></span> <span class='ocrx_word' id='word_1_719' title='bbox 2918 4338 3098 4396; x_wconf 77' lang='grc' dir='ltr'><strong>ἀληθεῖ</strong></span> <span class='ocrx_word' id='word_1_720' title='bbox 3152 4348 3243 4391; x_wconf 78' lang='grc' dir='ltr'><strong>τοῦ</strong></span> <span class='ocrx_word' id='word_1_721' title='bbox 3290 4348 3424 4392; x_wconf 71' lang='grc' dir='ltr'><strong>Θεον</strong></span> <span class='ocrx_word' id='word_1_722' title='bbox 3474 4347 3564 4392; x_wconf 81' lang='grc' dir='ltr'><strong>καὶ</strong></span> <span class='ocrx_word' id='word_1_723' title='bbox 3613 4339 3886 4410; x_wconf 82' lang='grc' dir='ltr'><strong>ἀνθρώπου</strong></span> <span class='ocrx_word' id='word_1_724' title='bbox 3937 4341 4041 4409; x_wconf 82' lang='grc' dir='ltr'><strong>Υὶῷ</strong></span> <span class='ocrx_word' id='word_1_725' title='bbox 4080 4347 4170 4391; x_wconf 75' lang='grc' dir='ltr'><strong>τοῦ</strong></span> 
     </span>
    </p>
   </div>
   <div class='ocr_carea' id='block_1_101' title="bbox 2567 4431 4168 4504">
    <p class='ocr_par' dir='ltr' id='par_1_101' title="bbox 2567 4431 4168 4504">
     <span class='ocr_line' id='line_1_103' title="bbox 2567 4431 4168 4504; baseline 0 -25"><span class='ocrx_word' id='word_1_726' title='bbox 2567 4447 2622 4480; x_wconf 86' lang='grc' dir='ltr'><strong>τε</strong></span> <span class='ocrx_word' id='word_1_727' title='bbox 2667 4432 2839 4498; x_wconf 83' lang='grc' dir='ltr'><strong>Λόγου</strong></span> <span class='ocrx_word' id='word_1_728' title='bbox 2919 4434 3008 4481; x_wconf 84' lang='grc' dir='ltr'><strong>καὶ</strong></span> <span class='ocrx_word' id='word_1_729' title='bbox 3073 4438 3164 4489; x_wconf 77' lang='grc' dir='ltr'><strong>τῆς</strong></span> <span class='ocrx_word' id='word_1_730' title='bbox 3223 4434 3417 4504; x_wconf 80' lang='grc' dir='ltr'><strong>σαρκὸς</strong></span> <span class='ocrx_word' id='word_1_731' title='bbox 3465 4431 3514 4483; x_wconf 80' lang='grc' dir='ltr'><strong>ἓν</strong></span> <span class='ocrx_word' id='word_1_732' title='bbox 3580 4433 3820 4503; x_wconf 59' lang='grc' dir='ltr'><strong>ὑπάρχει,</strong></span> <span class='ocrx_word' id='word_1_733' title='bbox 3867 4433 4168 4499; x_wconf 78' lang='grc' dir='ltr'><strong>πρόσωπον,</strong></span> 
     </span>
    </p>
   </div>
   <div class='ocr_carea' id='block_1_102' title="bbox 2493 4518 4170 4612">
    <p class='ocr_par' dir='ltr' id='par_1_102' title="bbox 2493 4518 4170 4612">
     <span class='ocr_line' id='line_1_104' title="bbox 2493 4518 4170 4612; baseline 0 -42"><span class='ocrx_word' id='word_1_734' title='bbox 2493 4519 2688 4612; x_wconf 70' lang='grc' dir='ltr'><strong>Πόπερ</strong></span> <span class='ocrx_word' id='word_1_735' title='bbox 2748 4520 3059 4592; x_wconf 76' lang='grc' dir='ltr'><strong>ἀχωρίστως</strong></span> <span class='ocrx_word' id='word_1_736' title='bbox 3123 4527 3214 4572; x_wconf 85' lang='lat' dir='ltr'><strong>xui</strong></span> <span class='ocrx_word' id='word_1_737' title='bbox 3290 4518 3602 4596; x_wconf 81' lang='grc' dir='ltr'><strong>ἀδιαιρέτως</strong></span> <span class='ocrx_word' id='word_1_738' title='bbox 3668 4524 3840 4580; x_wconf 80' lang='grc' dir='ltr'><strong>κοινὰς</strong></span> <span class='ocrx_word' id='word_1_739' title='bbox 3902 4519 4015 4589; x_wconf 70' lang='grc' dir='ltr'><strong>ἐγει</strong></span> <span class='ocrx_word' id='word_1_740' title='bbox 4079 4522 4170 4580; x_wconf 73' lang='grc' dir='ltr'><strong>τὰς</strong></span> 
     </span>
    </p>
   </div>
   <div class='ocr_carea' id='block_1_103' title="bbox 2567 4603 4172 4682">
    <p class='ocr_par' dir='ltr' id='par_1_103' title="bbox 2567 4603 4172 4682">
     <span class='ocr_line' id='line_1_105' title="bbox 2567 4603 4172 4682; baseline -0.001 -22"><span class='ocrx_word' id='word_1_741' title='bbox 2567 4608 2795 4681; x_wconf 70' lang='grc' dir='ltr'><strong>πράξεις.</strong></span> <span class='ocrx_word' id='word_1_742' title='bbox 2855 4616 2940 4661; x_wconf 85' lang='grc' dir='ltr'><strong>Δεῖ</strong></span> <span class='ocrx_word' id='word_1_743' title='bbox 3012 4617 3142 4661; x_wconf 86' lang='grc' dir='ltr'><strong>νοεῖν</strong></span> <span class='ocrx_word' id='word_1_744' title='bbox 3231 4612 3366 4682; x_wconf 86' lang='grc' dir='ltr'><strong>ὅμως</strong></span> <span class='ocrx_word' id='word_1_745' title='bbox 3425 4603 3593 4661; x_wconf 79' lang='grc' dir='ltr'><strong>αὐτῶν</strong></span> <span class='ocrx_word' id='word_1_746' title='bbox 3651 4618 3750 4660; x_wconf 85' lang='grc' dir='ltr'><strong>τῶν</strong></span> <span class='ocrx_word' id='word_1_747' title='bbox 3848 4611 4007 4680; x_wconf 79' lang='grc' dir='ltr'><strong>ἔργων</strong></span> <span class='ocrx_word' id='word_1_748' title='bbox 4078 4610 4172 4665; x_wconf 85' lang='grc' dir='ltr'><strong>τὰς</strong></span> 
     </span>
    </p>
   </div>
   <div class='ocr_carea' id='block_1_104' title="bbox 2567 4697 4167 4771">
    <p class='ocr_par' dir='ltr' id='par_1_104' title="bbox 2567 4697 4167 4771">
     <span class='ocr_line' id='line_1_106' title="bbox 2567 4697 4167 4771; baseline -0.001 -23"><span class='ocrx_word' id='word_1_749' title='bbox 2567 4703 2845 4759; x_wconf 78' lang='grc' dir='ltr'><strong>ποιότητας</strong></span> <span class='ocrx_word' id='word_1_750' title='bbox 2902 4716 2913 4728; x_wconf 90' lang='grc'><strong>·</strong></span> <span class='ocrx_word' id='word_1_751' title='bbox 2983 4705 3071 4751; x_wconf 88' lang='lat' dir='ltr'><strong>xui</strong></span> <span class='ocrx_word' id='word_1_752' title='bbox 3123 4708 3183 4771; x_wconf 72' lang='grc' dir='ltr'><strong>τῇ</strong></span> <span class='ocrx_word' id='word_1_753' title='bbox 3237 4705 3549 4757; x_wconf 71' lang='grc' dir='ltr'><strong>κατανοήσει</strong></span> <span class='ocrx_word' id='word_1_754' title='bbox 3598 4706 3694 4760; x_wconf 83' lang='grc' dir='ltr'><strong>τῆς</strong></span> <span class='ocrx_word' id='word_1_755' title='bbox 3737 4697 4040 4769; x_wconf 78' lang='grc' dir='ltr'><strong>εἰλικρινους</strong></span> <span class='ocrx_word' id='word_1_756' title='bbox 4080 4717 4167 4748; x_wconf 81' lang='grc' dir='ltr'><strong>πι-</strong></span> 
     </span>
    </p>
   </div>
   <div class='ocr_carea' id='block_1_105' title="bbox 2571 4785 4168 4863">
    <p class='ocr_par' dir='ltr' id='par_1_105' title="bbox 2571 4785 4168 4863">
     <span class='ocr_line' id='line_1_107' title="bbox 2571 4785 4168 4863; baseline -0.001 -25"><span class='ocrx_word' id='word_1_757' title='bbox 2571 4806 2726 4848; x_wconf 90' lang='grc' dir='ltr'><strong>στεως</strong></span> <span class='ocrx_word' id='word_1_758' title='bbox 2798 4785 2880 4840; x_wconf 79' lang='grc' dir='ltr'><strong>δεῖ</strong></span> <span class='ocrx_word' id='word_1_759' title='bbox 2950 4790 3198 4863; x_wconf 81' lang='grc' dir='ltr'><strong>καθορᾲν,</strong></span> <span class='ocrx_word' id='word_1_760' title='bbox 3247 4787 3331 4840; x_wconf 83' lang='grc' dir='ltr'><strong>ἐπὶ</strong></span> <span class='ocrx_word' id='word_1_761' title='bbox 3389 4795 3516 4840; x_wconf 90' lang='grc' dir='ltr'>ποῖα</span> <span class='ocrx_word' id='word_1_762' title='bbox 3569 4790 3658 4859; x_wconf 75' lang='grc' dir='ltr'><strong>μὲν</strong></span> <span class='ocrx_word' id='word_1_763' title='bbox 3711 4789 3740 4844; x_wconf 80' lang='grc' dir='ltr'><strong>ἠ</strong></span> <span class='ocrx_word' id='word_1_764' title='bbox 3820 4795 3911 4846; x_wconf 85' lang='grc' dir='ltr'><strong>τῆς</strong></span> <span class='ocrx_word' id='word_1_765' title='bbox 3975 4789 4168 4859; x_wconf 71' lang='grc' dir='ltr'><strong>σαρκός</strong></span> 
     </span>
    </p>
   </div>
   <div class='ocr_carea' id='block_1_106' title="bbox 2565 4875 4167 4951">
    <p class='ocr_par' dir='ltr' id='par_1_106' title="bbox 2565 4875 4167 4951">
     <span class='ocr_line' id='line_1_108' title="bbox 2565 4875 4167 4951; baseline -0.001 -23"><span class='ocrx_word' id='word_1_766' title='bbox 2565 4881 2853 4951; x_wconf 83' lang='grc' dir='ltr'><strong>προάγεται</strong></span> <span class='ocrx_word' id='word_1_767' title='bbox 2882 4885 3208 4945; x_wconf 79' lang='grc' dir='ltr'><strong>ταπεινότης,</strong></span> <span class='ocrx_word' id='word_1_768' title='bbox 3242 4877 3324 4930; x_wconf 79' lang='grc' dir='ltr'><strong>ἐπὶ</strong></span> <span class='ocrx_word' id='word_1_769' title='bbox 3363 4886 3488 4930; x_wconf 89' lang='grc' dir='ltr'><strong>ποῖα</strong></span> <span class='ocrx_word' id='word_1_770' title='bbox 3515 4875 3573 4930; x_wconf 79' lang='grc' dir='ltr'><strong>δὲ</strong></span> <span class='ocrx_word' id='word_1_771' title='bbox 3612 4881 3670 4929; x_wconf 86' lang='grc' dir='ltr'><strong>τὸ</strong></span> <span class='ocrx_word' id='word_1_772' title='bbox 3712 4876 3839 4946; x_wconf 70' lang='grc' dir='ltr'>ὕψος</span> <span class='ocrx_word' id='word_1_773' title='bbox 3868 4885 3960 4937; x_wconf 82' lang='grc' dir='ltr'><strong>τῆς</strong></span> <span class='ocrx_word' id='word_1_774' title='bbox 3993 4878 4167 4932; x_wconf 66' lang='grc' dir='ltr'><strong>θεότηι</strong></span> 
     </span>
    </p>
   </div>
   <div class='ocr_carea' id='block_1_107' title="bbox 2565 4963 4165 5040">
    <p class='ocr_par' dir='ltr' id='par_1_107' title="bbox 2565 4963 4165 5040">
     <span class='ocr_line' id='line_1_109' title="bbox 2565 4963 4165 5040; baseline -0.003 -21"><span class='ocrx_word' id='word_1_775' title='bbox 2565 4988 2652 5028; x_wconf 90' lang='grc' dir='ltr'><strong>τος</strong></span> <span class='ocrx_word' id='word_1_776' title='bbox 2709 4967 3051 5020; x_wconf 65' lang='grc' dir='ltr'><strong>ἐπικλίνει-αι’</strong></span> <span class='ocrx_word' id='word_1_777' title='bbox 3119 4974 3206 5019; x_wconf 87' lang='lat' dir='ltr'><strong>xui</strong></span> <span class='ocrx_word' id='word_1_778' title='bbox 3249 4973 3299 5019; x_wconf 73' lang='grc' dir='ltr'><strong>τί</strong></span> <span class='ocrx_word' id='word_1_779' title='bbox 3361 4971 3449 5040; x_wconf 71' lang='grc' dir='ltr'><strong>μὲν</strong></span> <span class='ocrx_word' id='word_1_780' title='bbox 3503 4967 3665 5032; x_wconf 85' lang='grc' dir='ltr'><strong>ἐστὶν,</strong></span> <span class='ocrx_word' id='word_1_781' title='bbox 3726 4968 3847 5039; x_wconf 84' lang='grc' dir='ltr'><strong>ὅπερ</strong></span> <span class='ocrx_word' id='word_1_782' title='bbox 3918 4964 4052 5040; x_wconf 83' lang='grc' dir='ltr'><strong>σὰρξ</strong></span> <span class='ocrx_word' id='word_1_783' title='bbox 4107 4963 4165 5016; x_wconf 81' lang='grc' dir='ltr'><strong>οὐ</strong></span> 
     </span>
    </p>
   </div>
   <div class='ocr_carea' id='block_1_108' title="bbox 2564 5053 4167 5130">
    <p class='ocr_par' dir='ltr' id='par_1_108' title="bbox 2564 5053 4167 5130">
     <span class='ocr_line' id='line_1_110' title="bbox 2564 5053 4167 5130; baseline -0.002 -21"><span class='ocrx_word' id='word_1_784' title='bbox 2564 5061 2781 5130; x_wconf 79' lang='grc' dir='ltr'><strong>πράττει</strong></span> <span class='ocrx_word' id='word_1_785' title='bbox 2837 5055 2976 5129; x_wconf 71' lang='grc' dir='ltr'><strong>δίχα</strong></span> <span class='ocrx_word' id='word_1_786' title='bbox 3021 5078 3110 5110; x_wconf 90' lang='grc' dir='ltr'><strong>του</strong></span> <span class='ocrx_word' id='word_1_787' title='bbox 3151 5064 3331 5128; x_wconf 82' lang='grc' dir='ltr'><strong>Λόγου</strong></span> <span class='ocrx_word' id='word_1_788' title='bbox 3365 5079 3377 5090; x_wconf 78' lang='grc' dir='ltr'><strong>ο</strong></span> <span class='ocrx_word' id='word_1_789' title='bbox 3420 5062 3472 5108; x_wconf 87' lang='grc' dir='ltr'><strong>τί</strong></span> <span class='ocrx_word' id='word_1_790' title='bbox 3513 5053 3570 5108; x_wconf 71' lang='grc' dir='ltr'><strong>δὲ</strong></span> <span class='ocrx_word' id='word_1_791' title='bbox 3626 5059 3701 5113; x_wconf 87' lang='grc' dir='ltr'><strong>εἴη</strong></span> <span class='ocrx_word' id='word_1_792' title='bbox 3752 5057 3872 5129; x_wconf 86' lang='grc' dir='ltr'><strong>ὅπερ</strong></span> <span class='ocrx_word' id='word_1_793' title='bbox 3920 5056 3944 5105; x_wconf 93' lang='lat'><strong>6</strong></span> <span class='ocrx_word' id='word_1_794' title='bbox 3996 5060 4167 5124; x_wconf 85' lang='grc' dir='ltr'><strong>Λόγος</strong></span> 
     </span>
    </p>
   </div>
   <div class='ocr_carea' id='block_1_109' title="bbox 2564 5145 4168 5221">
    <p class='ocr_par' dir='ltr' id='par_1_109' title="bbox 2564 5145 4168 5221">
     <span class='ocr_line' id='line_1_111' title="bbox 2564 5145 4168 5221; baseline -0.002 -23"><span class='ocrx_word' id='word_1_795' title='bbox 2564 5150 2730 5220; x_wconf 76' lang='grc' dir='ltr'><strong>χωρὶς</strong></span> <span class='ocrx_word' id='word_1_796' title='bbox 2771 5155 2862 5207; x_wconf 83' lang='grc' dir='ltr'><strong>τῆς</strong></span> <span class='ocrx_word' id='word_1_797' title='bbox 2909 5151 3103 5221; x_wconf 84' lang='grc' dir='ltr'><strong>σαρκός</strong></span> <span class='ocrx_word' id='word_1_798' title='bbox 3155 5147 3247 5198; x_wconf 79' lang='grc' dir='ltr'><strong>οὐκ</strong></span> <span class='ocrx_word' id='word_1_799' title='bbox 3297 5145 3590 5218; x_wconf 73' lang='grc' dir='ltr'><strong>ἐργάζεται.</strong></span> <span class='ocrx_word' id='word_1_800' title='bbox 3641 5149 3782 5216; x_wconf 87' lang='grc' dir='ltr'><strong>Δίχα</strong></span> <span class='ocrx_word' id='word_1_801' title='bbox 3822 5147 4040 5218; x_wconf 76' lang='grc' dir='ltr'><strong>μὲνγὰρ</strong></span> <span class='ocrx_word' id='word_1_802' title='bbox 4070 5151 4168 5205; x_wconf 82' lang='grc' dir='ltr'><strong>τῆς</strong></span> 
     </span>
    </p>
   </div>
   <div class='ocr_carea' id='block_1_110' title="bbox 2561 5231 4164 5309">
    <p class='ocr_par' dir='ltr' id='par_1_110' title="bbox 2561 5231 4164 5309">
     <span class='ocr_line' id='line_1_112' title="bbox 2561 5231 4164 5309; baseline -0.004 -19"><span class='ocrx_word' id='word_1_803' title='bbox 2561 5246 2651 5290; x_wconf 75' lang='grc' dir='ltr'><strong>τοῦ</strong></span> <span class='ocrx_word' id='word_1_804' title='bbox 2711 5243 2886 5308; x_wconf 88' lang='grc' dir='ltr'><strong>Λόγου</strong></span> <span class='ocrx_word' id='word_1_805' title='bbox 2946 5233 3210 5308; x_wconf 77' lang='grc' dir='ltr'><strong>δυνάμεως</strong></span> <span class='ocrx_word' id='word_1_806' title='bbox 3248 5232 3360 5288; x_wconf 72' lang='grc' dir='ltr'><strong>οὐδ’</strong></span> <span class='ocrx_word' id='word_1_807' title='bbox 3411 5233 3470 5286; x_wconf 84' lang='grc' dir='ltr'><strong>ἆν</strong></span> <span class='ocrx_word' id='word_1_808' title='bbox 3503 5237 3531 5293; x_wconf 80' lang='grc' dir='ltr'>ἡ</span> <span class='ocrx_word' id='word_1_809' title='bbox 3566 5236 3827 5309; x_wconf 88' lang='grc' dir='ltr'><strong>Παρθένος</strong></span> <span class='ocrx_word' id='word_1_810' title='bbox 3872 5231 4164 5302; x_wconf 72' lang='grc' dir='ltr'><strong>συνελαϐεν,</strong></span> 
     </span>
    </p>
   </div>
   <div class='ocr_carea' id='block_1_111' title="bbox 2565 5315 4168 5396">
    <p class='ocr_par' dir='ltr' id='par_1_111' title="bbox 2565 5315 4168 5396">
     <span class='ocr_line' id='line_1_113' title="bbox 2565 5315 4168 5396; baseline -0.006 -14"><span class='ocrx_word' id='word_1_811' title='bbox 2565 5325 2687 5383; x_wconf 67' lang='grc' dir='ltr'><strong>οὐδε</strong></span> <span class='ocrx_word' id='word_1_812' title='bbox 2715 5330 2913 5380; x_wconf 78' lang='grc' dir='ltr'><strong>ἔτεκεν·</strong></span> <span class='ocrx_word' id='word_1_813' title='bbox 2965 5322 3104 5396; x_wconf 82' lang='grc' dir='ltr'><strong>δίχα</strong></span> <span class='ocrx_word' id='word_1_814' title='bbox 3151 5315 3327 5386; x_wconf 74' lang='grc' dir='ltr'><strong>δετῆς</strong></span> <span class='ocrx_word' id='word_1_815' title='bbox 3368 5323 3607 5384; x_wconf 79' lang='grc' dir='ltr'><strong>ἀληθείας</strong></span> <span class='ocrx_word' id='word_1_816' title='bbox 3667 5332 3764 5385; x_wconf 81' lang='grc' dir='ltr'><strong>τῆς</strong></span> <span class='ocrx_word' id='word_1_817' title='bbox 3819 5325 4015 5395; x_wconf 79' lang='grc' dir='ltr'><strong>σαρκὸς</strong></span> <span class='ocrx_word' id='word_1_818' title='bbox 4073 5321 4168 5373; x_wconf 80' lang='grc' dir='ltr'><strong>οὐκ</strong></span> 
     </span>
    </p>
   </div>
   <div class='ocr_carea' id='block_1_112' title="bbox 2634 5665 3633 5752">
    <p class='ocr_par' dir='ltr' id='par_1_112' title="bbox 2634 5665 3633 5752">
     <span class='ocr_line' id='line_1_114' title="bbox 2634 5665 3633 5752; baseline -0.002 -27"><span class='ocrx_word' id='word_1_819' title='bbox 2634 5671 2748 5741; x_wconf 77' lang='grc'><strong>(24)</strong></span> <span class='ocrx_word' id='word_1_820' title='bbox 2772 5668 2920 5725; x_wconf 88' lang='lat' dir='ltr'><strong>Edit.</strong></span> <span class='ocrx_word' id='word_1_821' title='bbox 2952 5667 3225 5723; x_wconf 87' lang='lat' dir='ltr'><strong>Ballerin.</strong></span> <span class='ocrx_word' id='word_1_822' title='bbox 3255 5671 3295 5721; x_wconf 91' lang='lat' dir='ltr'><strong>t.</strong></span> <span class='ocrx_word' id='word_1_823' title='bbox 3324 5665 3366 5743; x_wconf 87' lang='grc' dir='ltr'><strong>Ι,</strong></span> <span class='ocrx_word' id='word_1_824' title='bbox 3392 5680 3452 5740; x_wconf 91' lang='lat' dir='ltr'><strong>p.</strong></span> <span class='ocrx_word' id='word_1_825' title='bbox 3478 5666 3633 5752; x_wconf 46' lang='lat'><strong>1366.</strong></span> 
     </span>
    </p>
   </div>
  </div>
