4480 6430
255 400 344 458 221
1585 404 1932 462 THESAURJ
1959 405 2092 460 LIB.
2127 405 2258 461 XXV

3491 410 3603 465 222

257 524 310 576 in
357 525 716 598 κεκαλυμμένη
776 536 884 589 τοῖς
933 531 1147 602 ῥάκεσιν
1201 531 1364 581 ἔκειτο
1419 535 1685 589 νηπιότης.
1744 533 1845 581 Καὶ
1875 532 1922 583 Α
1953 528 2026 583 si:

1832 533 1845 580 ἰ
1875 532 1922 583 Α
1953 528 2080 584 sine
2108 530 2356 585 veritate
2385 530 2584 586 carnis
2622 545 2746 586 non
2772 529 3126 601 juberentur
3171 531 3232 586 in
3279 534 3601 604 Egyptum

259 611 388 684 δίχα
563 625 657 677 τῆς
697 625 791 668 τοῦ
840 623 1012 688 Λόγου
1065 615 1333 690 δυνάμεως
1372 617 1466 670 οὐκ
1496 617 1556 669 ἂν
1588 621 1844 688 προσεκύ-

257 724 412 761 νησαν
476 706 525 756 oi
564 708 738 777 Μάγοι
789 713 846 758 τό
901 705 1136 773 παιδίον,
1204 712 1262 759 τὸ
1327 710 1425 759 ὑπὸ
1496 716 1587 759 τοῦ
1625 711 1844 779 μηνύον-

259 810 335 852 τος
364 791 584 866 ἀστέρος
635 790 950 866 δηλούμενον
984 813 996 825 ’
1054 792 1194 866 δίχα
1232 783 1290 848 δί
1341 805 1432 856 τῆς
1479 795 1720 856 ἀληθείας
1751 803 1847 855 τῆς

261 885 450 955 σαρκὸς
505 881 600 934 οὐκ
653 881 713 934 ἆν
779 883 1028 937 ἕκελεὺετο
1077 889 1134 936 τὸ
1189 881 1399 938 παιδίον
1453 885 1524 944 εἰς
1580 885 1844 955 Αἴγυπτον

259 971 651 1044 μεταφέρεσθαι,
710 976 799 1024 καὶ
874 979 966 1025 τοῦ
1041 977 1174 1025 κατὰ
1235 978 1323 1026 τὸν
1375 970 1617 1048 Ἡρώδην
1693 973 1844 1035 ὑπεξ-

261 1060 474 1128 άγεσθαι
521 1054 781 1132 διωγμοῦ.
836 1065 935 1113 Καὶ
975 1059 1111 1133 δίχα
1145 1066 1237 1134 μεν
1288 1070 1380 1122 τῆς
1408 1070 1499 1114 τοῦ
1538 1067 1709 1132 Λόγου
1751 1057 1843 1113 δυ-

260 1149 449 1218 νάμεως
525 1149 618 1200 οὐκ
693 1148 755 1200 ἃν
827 1151 993 1221 ἔλεγεν
1047 1155 1076 1209 η
1139 1157 1276 1224 φωνὴ
1353 1161 1444 1203 τοῦ
1512 1156 1735 1225 Πατρός,
1795 1151 1847 1213 ἐξ

261 1237 480 1309 οὐρανῶν
556 1237 824 1309 ἀφεθεῖσα,
902 1241 1070 1302 Οὗτός
1144 1241 1286 1292 ἔστιν
1361 1243 1386 1292 6
1463 1244 1577 1300 Υἱός

261 1324 540 1393 ἀγαπητὸς,
599 1326 647 1378 ἒν
701 1328 742 1398 ᾧ
799 1325 1082 1386 ηὑδόκησα
1115 1347 1126 1358 ·

258 1422 344 1465 τοῦ
406 1421 645 1486 σώματος
702 1417 796 1468 οὐκ
843 1417 904 1468 ἂν
965 1423 1427 1492 προσεμαρτύρατο
1502 1422 1528 1469 6
1567 1420 1843 1480 Ἰωάννης·

1655 1261 1753 1312 μου
1821 1243 1846 1292 6

1181 1327 1320 1400 δίχα
1378 1327 1436 1382 δὴ
1473 1339 1560 1390 τῆς
1604 1330 1848 1390 ἀληθείας

258 1498 360 1554 Ἰδε
433 1505 458 1553 ὁ
513 1503 678 1574 ἀμνὸς
749 1514 842 1557 τοῦ
916 1514 1078 1571 Θεοῦ,
1136 1509 1161 1558 6
1220 1512 1377 1580 αἷρων
1430 1513 1524 1564 τὴν
1591 1509 1848 1579 ἁμαρτίαν

258 1609 344 1641 του
394 1596 619 1662 κόσμου.
681 1601 780 1646 Καὶ
831 1591 970 1665 δίχα
1021 1600 1112 1667 μεν
1162 1605 1255 1655 τῆς
1307 1606 1398 1648 τοὺ
1465 1603 1638 1666 Λόγου
1693 1593 1846 1647 δυνά-

259 1699 380 1750 μεως
439 1682 533 1732 οὐκ
589 1682 648 1733 ἂν
698 1682 886 1752 ἐγένετο
943 1693 1043 1736 τῶν
1093 1705 1145 1738 τε
1190 1684 1538 1738 ἀσθενούντων
1593 1689 1620 1744 η
1688 1687 1847 1758 ῥώσις

260 1775 342 1821 καὶ
387 1778 483 1820 τῶν
512 1773 800 1823 τεθνεώτων
843 1775 872 1829 ἡ
917 1775 1237 1834 ζωοποίησις
1273 1793 1282 1802 ·
1320 1772 1455 1845 δίχα
1487 1772 1544 1827 δε
1594 1785 1689 1836 τῆς
1721 1775 1849 1832 ἀλη-

264 1860 396 1919 θείας
442 1867 536 1918 τῆς
597 1865 793 1934 σαρκὸς
848 1866 964 1914 οὔτε
1017 1869 1177 1934 τροφὴ
1234 1873 1304 1934 τῷ
1357 1869 1679 1930 νηστεύοντι,
1738 1869 1850 1917 οὔτε

261 1951 358 2016 μὴν
411 1947 564 2008 ὕπνος
604 1947 885 2018 ἀναγκαῖος
928 1953 1166 2022 ὑπῆρχεν
1230 1963 1301 2022 τῷ
1360 1957 1692 2009 κοπιάσαντι,
1752 1962 1850 2007 Καὶ

261 2039 315 2087 τὸ
354 2033 420 2093 δή
469 2042 622 2109 πέρας
649 2035 787 2108 δίχα
833 2044 922 2111 μεν
965 2049 1059 2102 τῆς
1099 2050 1190 2092 του
1222 2048 1394 2112 Λόγου
1439 2040 1700 2114 δυνάμεως
1757 2045 1851 2095 οὐκ

263 2123 318 2174 ἂν
364 2125 542 2177 εαυτὸν
607 2129 632 2178 6
693 2131 880 2201 Κύριος
955 2132 1067 2180 ἴσον
1142 2139 1214 2199 τῷ
1293 2137 1456 2202 Ιιατρὶ
1522 2136 1852 2203 τυγχάνοντα

263 2214 504 2284 ὡμολόγει
533 2233 546 2244 ·
606 2213 747 2287 δίχα
793 2215 852 2269 δι
893 2228 981 2278 τῆς
1039 2217 1275 2279 ἀληθείας
1323 2241 1414 2272 του
1476 2229 1715 2293 σώματος
1757 2225 1850 2275 ουκ

261 2300 317 2352 ἄν
353 2305 378 2353 6
420 2304 601 2366 ίαυτὸς
625 2305 759 2376 ἔλεγε
801 2308 1014 2378 μείζονα
1052 2307 1183 2360 εἶναι
1227 2308 1412 2361 ἑαυτοῦ
1463 2315 1550 2362 τὸν
1594 2317 1800 2385 Πατέρα
1831 2329 1845 2343 ⁶

259 2392 400 2444 ὁπότε
453 2399 543 2445 καὶ
583 2397 610 2451 ἡ
655 2396 904 2453 καθολικη
948 2403 1124 2457 πίστις
1181 2399 1419 2473 ἑκάτερον
1460 2397 1698 2470 δέχεται,
1757 2409 1847 2455 καὶ

257 2480 484 2557 ἑκάτερον
531 2482 746 2555 ἐκδικεί,
793 2490 904 2547 ἣτις
957 2493 1090 2540 κατά
1137 2495 1232 2546 τὴν
1275 2490 1553 2561 ὁμολογίαν
1606 2502 1697 2544 του
1741 2514 1846 2564 μα-

254 2577 428 2643 καρίου
459 2572 752 2626 ἀποστόλου
808 2580 1026 2647 Πέτρου,
1082 2579 1168 2628 ἕνα
1209 2583 1438 2651 Χριστόν
1490 2583 1577 2630 τὸν
1607 2585 1725 2632 Υίόν
1757 2592 1848 2634 τοῦ

1953 618 2256 674 transferri
2307 635 2477 690 puer.
2509 624 2566 674 et
2613 619 2691 675 ab
2723 619 2966 676 Herodis
2995 622 3410 690 persecutione
3459 621 3601 676 sub-

1953 706 2114 762 duci.
2147 708 2285 763 Sine
2313 708 2482 763 Verbi
2531 709 2795 780 potentia
2825 723 2946 763 non
2978 708 3199 764 diceret
3249 725 3367 764 vox
3411 708 3602 764 Patris

1954 795 2137 851 missa
2162 796 2236 851 de
2257 795 2440 852 caelo:
2465 797 2581 852 Hic
2605 802 2691 853 est
2704 797 2896 853 Filius
2924 813 3087 853 meus
3116 797 3463 863 dilectus,in
3485 812 3601 868 quo

1952 885 2102 941 mihi
2123 886 2266 941 bene
2295 886 2688 953 complacui“
2709 905 2721 953 ;
2745 889 2802 940 et
2824 886 2948 941 sine
2977 885 3222 941 veritate
3253 886 3450 942 carnis
3477 900 3600 940 non

1954 979 2379 1045 protestaretur
2406 974 2668 1030 Joannes
2699 991 2712 1028 :
2745 974 2898 1030 Ecce
2943 975 3133 1045 Agnus
3173 976 3300 1040 Dei,
3340 989 3471 1030 ecce
3497 973 3605 1046 qui

1956 1065 2114 1118 tollit
2146 1068 2394 1132 peccata
2442 1064 2740 1118 mundi”.
2777 1062 2911 1119 Sine
2954 1063 3128 1118 Verbi
3168 1064 3434 1135 potentia
3479 1078 3600 1118 non

1955 1152 2117 1207 fieret
2176 1152 2604 1222 redintegratio
2653 1153 2968 1222 debilium,
3013 1158 3070 1209 et
3098 1153 3412 1208 viviﬁcatio
3447 1167 3605 1208 mor-

1956 1248 2192 1296 tuorum
2221 1259 2233 1305 ;
2263 1249 2319 1297 et
2349 1244 2474 1298 sine
2500 1244 2742 1298 veritate
2769 1243 2964 1297 carnis
3001 1259 3106 1297 nec
3159 1243 3329 1298 cibus
3371 1243 3600 1312 jejuno,

1957 1347 2065 1386 nec
2093 1348 2341 1385 somnus
2381 1338 2539 1387 esset
2569 1333 2947 1387 necessarius
2983 1332 3251 1401 fatigato.
3299 1335 3604 1387 Postremo

1957 1421 2081 1474 sine
2117 1420 2287 1474 Verbi
2323 1422 2586 1492 potentia
2633 1437 2756 1476 non
2801 1437 2866 1476 se
2921 1421 3205 1476 Dominus
3237 1422 3394 1476 Patri
3423 1423 3608 1493 proﬁ-

1957 1515 2176 1564 teretur
2205 1509 2533 1580 aaqualem;
2567 1514 2624 1564 et
2650 1510 2776 1564 sine
2800 1510 3044 1564 veritate
3074 1511 3272 1564 carnis
3297 1526 3417 1565 non
3445 1511 3606 1567 idem

1957 1597 2177 1654 diceret
2208 1601 2437 1653 Patrem
2488 1615 2552 1652 se
2581 1614 2711 1653 esse
2749 1599 3044 1668 majorem
3079 1616 3091 1652 :
3143 1615 3279 1654 cum
3313 1600 3608 1657 catholica

1957 1687 2108 1740 ﬁdes
2144 1695 2462 1758 utrumque
2494 1688 2796 1758 suscipiat,
2814 1693 3132 1759 utrumque
3161 1687 3606 1761 defendat,quaa

1960 1777 2292 1832 secundum
2323 1776 2762 1830 confessionem
2780 1776 2939 1832 beati
2965 1777 3221 1848 apostoli
3241 1780 3604 1846 Petri,unum

1888 1881 1924 1932 Β
1961 1865 2255 1919 Christum
2292 1865 2388 1919 Dei
2449 1865 2562 1918 vivi
2598 1863 2824 1929 Filium,
2866 1870 2924 1919 et
2951 1864 3260 1920 hominem
3316 1865 3505 1921 credit
3551 1872 3608 1922 et

1960 1959 2236 2013 Verbum.
2281 1954 2566 2020 Quamvis
2615 1954 2813 2026 itaque
2862 1953 2940 2009 ab
2988 1953 3087 2010 illo
3136 1954 3319 2025 initio,
3369 1972 3491 2026 quo
3541 1955 3604 2011 in

1963 2055 2128 2102 utero
2158 2044 2407 2113 virginis
2430 2043 2694 2098 Verbum
2725 2058 2866 2098 caro
2905 2043 3126 2098 factum
3171 2048 3280 2109 est,
3309 2045 3453 2099 nihil
3497 2060 3606 2099 un-

1959 2152 2136 2208 quam
2167 2136 2316 2190 inter
2340 2141 2656 2204 utramque
2677 2131 2933 2187 formam
2963 2131 3270 2187 divisionis
3299 2133 3604 2203 exstiterit,

1960 2233 2017 2282 et
2044 2241 2150 2296 per
2183 2225 2390 2280 omnia
2420 2223 2787 2276 incrementa
2807 2237 3096 2293 corporea
3126 2221 3302 2276 unius
3332 2237 3607 2294 persona

1959 2315 2177 2370 fuerint
2203 2312 2382 2368 totius
2437 2311 2725 2382 temporis
2765 2310 3065 2376 actiones;
3103 2325 3177 2366 ea
3221 2310 3352 2382 ipsa
3382 2317 3606 2378 tamen,

1958 2421 2094 2477 quas
2132 2401 2609 2475 inseparabiliter
2635 2399 2792 2456 facta
2840 2405 3000 2468 sunt,
3026 2400 3193 2456 nulla
3221 2402 3609 2472 permistione

1958 2493 2422 2558 confundimus;
2479 2490 2584 2546 sed
2625 2491 2799 2561 cujus
2849 2490 3055 2546 formae
3108 2491 3201 2560 sit,
3249 2507 3324 2547 ex
3357 2507 3611 2564 operum

1957 2583 2241 2656 qualitate
2264 2582 2573 2636 sentimus.

255 2666 378 2711 Θεοῦ
415 2671 506 2712 τοὺ
547 2664 758 2729 ζῶντος,
797 2670 887 2715 καὶ
916 2667 1186 2739 ἄνθρωπον
1208 2671 1439 2719 πιστεύει
1468 2675 1557 2721 καὶ
1598 2675 1784 2740 Λόγον.
1822 2673 1879 2724 Εἰ
1899 2680 1989 2724 καὶ
2019 2676 2084 2724 τά
2123 2671 2356 2743 μάλιστα
2385 2675 2555 2722 τοίνυν
2583 2669 2635 2731 ἐξ
2674 2669 2863 2729 ἐκείνης
2892 2678 2985 2730 τῆς
3018 2667 3216 2742 ἀρχῆς,
3247 2668 3332 2741 ἀφ’
3359 2671 3424 2730 ἧς
3461 2671 3512 2722 ἐν
3541 2679 3603 2730 τῆ

254 2756 440 2824 γαστρὶ
479 2760 572 2811 τῆς
623 2755 885 2824 Παρθένου
926 2756 951 2806 6
983 2762 1153 2825 Λογος
1189 2760 1337 2826 γίγνι
1380 2758 1531 2829 σὰρξ,
1566 2760 1704 2810 τουτ’
1737 2763 1849 2812 ἔστι
1895 2765 2066 2834 σάρκα
2096 2761 2290 2828 ἂαϐεν,
2332 2757 2431 2812 οὐδ
2461 2761 2539 2811 ὅτι
2569 2755 2656 2810 οὖν
2705 2755 2766 2816 ἦν
2799 2754 3106 2832 διαιρέσεως
3139 2757 3332 2829 μεταξὺ
3373 2767 3466 2819 τῆς
3493 2761 3606 2811 ἔκα-

253 2843 391 2911 τέρας
421 2850 626 2913 μορφῆς
659 2860 671 2872 ⁸
710 2848 799 2894 καὶ
833 2841 904 2894 δι’
949 2844 1156 2905 ἀπάσης
1188 2846 1456 2907 αὖξήσεως
1505 2859 1810 2920 σωματικῆς
1884 2853 1990 2914 ἐνὸς
2031 2857 2313 2925 προσώπου
2365 2852 2419 2901 αἱ
2457 2869 2548 2900 του
2585 2852 2773 2907 παντὸς
2808 2853 3002 2919 χρόνου
3033 2847 3245 2920 πράξεις
3283 2852 3556 2918 γεγόνασιν
3588 2864 3602 2878 ⁸

255 2929 379 2997 ὅμως
420 2930 557 2981 αὐτά
593 2951 779 2997 ταυτα,
822 2933 948 3007 οἷπερ
979 2932 1291 3006 ἀχωρίστως
1316 2941 1606 3007 γεγένηται,
1637 2940 1750 2989 κατ’
1780 2937 2030 3014 οὐδεμίαν
2062 2939 2324 3011 ἐπιμιξίαν
2355 2943 2646 3009 συγχέομεν
2682 2953 2693 2965 ·
2723 2935 2853 2988 ἀλλά
2875 2941 3032 2998 ποίας
3060 2939 3136 2993 εἴη
3169 2945 3394 3009 μορφῆς,
3427 2935 3482 2988 ἐκ
3510 2944 3606 2997 τῆς

254 3025 344 3067 τῶν
385 3021 544 3092 ἔργων
577 3027 851 3082 ποιότητος
892 3024 1266 3095 αἰσθανόμεθα.

255 3122 558 3178 Ἀθανασίου
617 3127 904 3181 ἐπισκόπου
960 3129 1357 3205 Ἀλεξαρδριίας
1422 3142 1514 3186 τοῦ
1585 3135 1844 3207 ὁμολογη-

916 3239 1008 3271 του
1037 3222 1170 3290 (25).

314 3319 400 3375 κε’.
455 3320 621 3374 Ὀσαι
685 3330 854 3376 τοίνυν
905 3332 1144 3378 ταπειναί
1207 3327 1361 3390 λέξεις
1419 3333 1507 3381 καὶ
1570 3333 1716 3402 ἔργα,
1778 3333 1846 3390 εἰς

250 3413 302 3459 τὸ
333 3419 480 3482 σῶμα
520 3420 615 3463 τοῦ
668 3415 793 3465 Υἱόῦ
845 3421 1178 3488 γεγραμμένα
1215 3423 1316 3468 νόει
1353 3433 1364 3445 ·
1423 3420 1523 3470 ὅσα
1563 3415 1621 3470 δε
1660 3416 1846 3482 ἔνδοξα

249 3501 538 3570 γράμματα,
599 3501 672 3562 εἰς
716 3508 810 3559 τὴν
862 3515 951 3554 τον
985 3511 1160 3575 Λόγου
1216 3507 1450 3563 θεότητα.
1481 3507 1642 3559 Ὀταν
1696 3516 1846 3578 πεινᾲ

249 3592 367 3657 μετά
419 3594 473 3640 νὸ
533 3599 844 3660 νηστεῦσαι,
897 3601 989 3644 τοῦ
1040 3601 1279 3666 σώματος
1336 3595 1646 3668 ἐλάττωμα·
1696 3599 1846 3654 ἡνίκα

252 3673 304 3727 δι
373 3676 426 3729 ἐκ
501 3685 650 3733 πέντε
707 3684 875 3755 οἶρτων
935 3687 1050 3742 τοὺς
1105 3689 1337 3745 πεντάκις
1393 3685 1600 3757 χιλίους
1651 3683 1844 3757 ἄνδρας

250 3774 403 3837 χωρὶς
476 3767 707 3822 παιδίων
766 3775 855 3822 καὶ
909 3783 1168 3842 γυναικῶν
1222 3779 1412 3846 τρέφει,
1469 3781 1557 3826 καὶ
1633 3773 1844 3828 δώδεκα

251 3863 476 3927 κοφίνους
539 3861 754 3934 πλήρεις
815 3861 1126 3933 κλασμάτων
1196 3869 1514 3937 περισσεύει,
1583 3873 1676 3927 τῆς
1738 3869 1842 3918 θεό-

250 3964 394 4008 τητος
446 3957 541 4001 τοῦ
602 3959 774 4019 Λογου
832 3954 888 4001 τὸ
929 3953 1092 4022 ἔργον.
1133 3951 1314 4004 Ἠνίκα
1353 3949 1411 4004 δε
1464 3952 1548 4005 ἐπὶ
1586 3958 1644 4004 τό
1680 3975 1842 4028 προσ-

251 4037 507 4106 κεφάλαιον
569 4039 618 4091 ἐν
679 4048 749 4108 τῷ
808 4040 968 4112 πλοίῳ
1006 4048 1273 4112 κοιμᾶται,
1336 4041 1676 4104 ἀναπαύσεως
1734 4063 1843 4096 σω-

250 4135 463 4194 ματικῆς
521 4132 668 4200 ἔργον
703 4150 715 4161 ο
777 4131 896 4180 ὅταν
947 4140 1244 4202 περιπάτων
1285 4130 1366 4182 ἐπὶ
1419 4141 1512 4192 τῆς
1573 4133 1846 4194 θαλάσσης

251 4212 417 4287 ἀπειλῇ
476 4227 585 4278 τοῖς
634 4237 839 4289 κυμασι
876 4225 966 4270 καὶ
1017 4226 1126 4278 τοῖς
1184 4219 1408 4290 ἀνέμοις,
1453 4228 1646 4287 Σιώπα,
1690 4228 1842 4293 πεφί-

249 4324 402 4372 μωσο,
465 4306 617 4366 εὐθὺς
681 4305 857 4359 ἀκούει
908 4310 1052 4381 παρὰ
1107 4317 1208 4359 τῶν
1265 4307 1313 4360 ἐν
1367 4317 1438 4379 τῷ
1500 4309 1660 4382 πλοίῳ
1715 4314 1843 4381 μεθ-

249 4393 397 4462 ὄρκων
443 4395 860 4466 ὁμολογούντων,
915 4396 1151 4458 Ἀληθῶς
1217 4405 1350 4449 Θεοῦ
1402 4401 1521 4460 Υἱὸς
1578 4398 1640 4454 εἷ.
1682 4400 1844 4453 Ὀταν

249 4480 396 4542 ἑστὼς
469 4489 597 4558 πρός

248 4575 459 4630 ὁπηνίκα
517 4578 756 4646 πάσχειν
807 4575 992 4647 ἔμελλε,
1046 4576 1164 4649 λίγη
1204 4595 1214 4606 ·
1280 4576 1565 4653 Περίλυπός
1620 4579 1760 4633 ἐστιν
1810 4584 1840 4640 η

246 4661 387 4733 ψυχή
438 4685 538 4736 μου
601 4667 692 4725 ἕως
743 4667 986 4723 θανάτου,
1031 4672 1118 4718 καὶ
1179 4665 1416 4740 ἀδημονῇ
1453 4683 1469 4699 ⁸
1519 4676 1608 4722 καὶ
1659 4675 1718 4723 τὸ
1755 4675 1844 4742 μὲν

247 4762 433 4824 πνεῦμα
461 4763 553 4814 τῆς
584 4757 829 4815 θεότητος
849 4758 1116 4827 πρόθυμον
1138 4757 1207 4818 εἰς
1238 4764 1412 4809 πᾶσαν
1441 4759 1737 4831 οἰκονομίαν
1767 4760 1844 4813 λέ-

247 4861 328 4912 γη,
361 4851 449 4901 τὴν
490 4841 551 4896 δε
600 4847 777 4916 σάρκα
817 4843 1031 4916 ἀσθενῇ,
1065 4853 1157 4897 τοῦ
1198 4853 1438 4919 σώματος
1484 4847 1742 4912 ἀσθένεια,
1786 4854 1843 4902 τὸ

247 4931 508 4986 λυπεῖσθαι
565 4939 660 4985 καὶ
717 4931 1000 5005 ἀδημονεῖν
1033 4951 1046 4963 ·
1118 4929 1239 4986 ὅταν
1300 4936 1636 4998 κελευστικῶς
1695 4939 1840 5012 λέγῃ,

248 5021 459 5096 Λάξαρε,
501 5020 662 5095 δεῦρο
703 5022 818 5086 ἔξω,
848 5028 937 5074 καὶ
969 5022 1156 5082 ἀνέστη
1192 5025 1292 5084 ζῶν
1340 5027 1367 5076 6
1405 5031 1581 5098 νεκρός
1619 5035 1842 5103 τετραὴ-

244 5129 381 5184 μερος
409 5110 516 5171 ἤδη
550 5113 820 5183 λελυμένος
855 5113 903 5176 (ὁ
926 5113 1020 5164 οὐκ
1051 5115 1245 5184 ἐγένετο
1287 5115 1376 5167 ἀπ’
1404 5114 1577 5190 ἀρχῆς
1602 5125 1696 5179 τῆς
1726 5123 1841 5170 κτί-

248 5204 400 5273 σεως),
432 5211 525 5265 τῆς
555 5206 800 5263 θεότητος
828 5207 887 5254 τὸ
925 5211 1162 5276 σημεῖον,

301 5382 345 5415 ³⁸
374 5381 583 5440 Matth.
621 5397 712 5447 in,
744 5387 805 5438 17
834 5399 850 5449 ;
890 5398 1051 5450 xvm,
1082 5387 1133 5438 5.
1213 5385 1261 5419 ³⁵
1295 5387 1464 5440 Joan.
1496 5383 1539 5450 Ι,
1571 5389 1661 5442 29.

269 5554 828 5639 .(25)'_Se_quentibus
859 5559 1076 5639 similia
1099 5560 1595 5639 legebam__et_ian1
1615 5562 1674 5639 in
1709 5579 1846 5635 spu-

241 5633 336 5694 rio,
375 5636 436 5687 ut
465 5633 716 5700 dicitur,
758 5647 939 5703 opere
990 5634 1045 5687 S.
1098 5635 1410 5689 Athanasii
1449 5634 1523 5691 de
1560 5633 1680 5690 ﬁde
1706 5633 1838 5700 sua,

240 5705 387 5792 quod
413 5709 610 5765 exstat
642 5705 852 5762 Latine
873 5708 936 5761 in
969 5703 1108 5761 edit.
1140 5705 1391 5762 Maurin.
1421 5710 1463 5761 t.
1507 5705 1577 5775 II,
1619 5721 1679 5779 p.
1713 5709 1836 5762 629.

2026 3137 2087 3192 S.
2127 3137 2440 3192 Athanasii
2462 3135 2715 3204 episcopi
2738 3133 3137 3189 Alexandrini
3162 3132 3536 3202 confessoris.

2025 3339 2113 3388 25.
2145 3334 2404 3387 Cunctas
2434 3331 2615 3400 igitur
2635 3329 2894 3386 humiles
2923 3329 3215 3386 dictiones
3235 3328 3310 3385 de
3329 3329 3454 3384 Filii
3486 3345 3611 3385 cor-

1955 3429 2098 3494 p'ore
2126 3423 2377 3493 scriptas
2407 3421 2718 3476 existima:
2753 3419 3046 3488 gloriosas
3091 3423 3293 3474 autem
3322 3418 3612 3474 dictiones

1955 3511 2032 3566 ad
2060 3511 2239 3566 Verbi
2269 3510 2639 3565 divinitatem
2671 3508 2843 3563 refer.
2897 3511 3043 3565 Cum
3083 3508 3271 3563 esurit
3299 3513 3434 3579 post
3456 3507 3612 3578 jeju-

1954 3602 2143 3665 nium,
2177 3599 2445 3672 corporis
2487 3603 2572 3654 est
2623 3597 2973 3668 inﬁrmitas;
3025 3612 3164 3652 cum
3208 3602 3409 3652 autem
3439 3596 3612 3668 quin-

1953 3706 2070 3762 que
2095 3690 2352 3761 panibus
2380 3690 2645 3743 virorum
2671 3688 2938 3759 quinque
2965 3687 3172 3755 millia,
3205 3687 3434 3758 absque
3463 3701 3610 3758 pue-

1953 3779 2033 3833 ris
2067 3778 2558 3849 mulieribusque,
2592 3782 2840 3841 saturat,
2875 3783 2933 3832 et
2963 3776 3284 3832 duodecim
3315 3776 3611 3848 cophinos

1954 3868 2306 3938 fragmentis
2339 3867 2568 3939 implet,
2593 3867 2707 3922 hoc
2734 3883 2769 3921 a
2791 3865 2961 3921 Verbi
2992 3866 3300 3922 divinitate
3319 3865 3608 3938 procedit.

1956 3960 2100 4013 Cum
2130 3959 2189 4012 in
2218 3958 2356 4012 navi
2395 3957 2586 4030 capite
2635 3955 2923 4011 reclinato
2971 3955 3212 4020 dormit,
3243 3955 3302 4010 id
3335 3970 3612 4026 corpora-

1953 4047 2025 4101 lis
2057 4047 2284 4118 requiei
2333 4046 2644 4117 prOprium
2685 4049 2772 4100 est
2805 4062 2818 4100 :
2865 4061 3005 4100 cum
3060 4051 3260 4100 autem
3291 4043 3614 4100 ambulans

1954 4152 2138 4207 supra
2162 4153 2327 4191 mare
2348 4135 2631 4190 ﬂuctibus
2655 4133 2963 4206 ventisque
2993 4134 3300 4205 imperans
3322 4134 3403 4189 ait
3431 4151 3444 4188 :
3468 4134 3611 4202 Sile,

1954 4227 2304 4292 obmutesce,
2350 4225 2546 4279 statim
2581 4223 2747 4278 audit
2773 4223 2944 4278 navis
2985 4223 3180 4278 socios
3219 4239 3358 4278 cum
3417 4238 3615 4278 sacra-

1956 4319 2160 4370 mento
2183 4313 2590 4368 afﬁrmantes:
2633 4313 2777 4368 Vere
2799 4312 2993 4368 Filius
3024 4313 3133 4368 Dei
3172 4327 3229 4368 es
3245 4313 3314 4366 ".
3347 4313 3496 4368 Cum
3529 4325 3617 4366 se-

1956 4404 2163 4476 pulcro
2194 4402 2399 4457 Lazari
2431 4407 2639 4457 astans
2669 4401 3072 4473 lacrymatur;
3098 4405 3150 4456 et
3177 4417 3316 4456 cum
3346 4401 3615 4473 passioni

673 4493 747 4554 τῷ
821 4490 1054 4556 μνήματι
1134 4487 1382 4559 Λαζάρου
1457 4486 1685 4562 δακρύῃ,
1755 4496 1914 4565 καὶ“
1955 4494 2269 4565 proximus
2310 4491 2442 4547 άὶοὶι

1881 4557 1914 4565 _
1955 4494 2269 4565 proximus
2310 4491 2450 4547 dicit
2483 4510 2496 4546 :
2553 4493 2761 4546 Tristis
2787 4498 2871 4547 est
2913 4493 3124 4548 anima
3155 4506 3282 4547 mea
3311 4505 3498 4562 usque
3534 4489 3616 4546 ad

1958 4589 2203 4639 mortem
2232 4589 2410 4654 atque
2441 4583 2679 4649 (adiat;
2730 4587 2787 4637 et
2814 4580 3142 4636 divinitatis
3169 4580 3419 4652 quidem
3446 4579 3616 4651 spiri-

1956 4678 2083 4727 tum
2114 4672 2191 4726 ad
2223 4687 2403 4726 omne
2424 4686 2579 4742 opus
2608 4669 3036 4726 incarnationis
3065 4673 3346 4742 paratum
3377 4669 3617 4745 ait,car-

1955 4776 2096 4815 nem
2148 4766 2350 4815 autem
2381 4758 2720 4826 inﬁrmam;
2761 4759 2890 4814 haec
2925 4763 3018 4814 est
3047 4757 3318 4813 videlicet
3346 4758 3615 4829 corporis

1956 4850 2292 4914 infirmitas,
2331 4865 2465 4920 quae
2512 4849 2776 4904 tristatur
2805 4853 2986 4920 atque
3015 4848 3250 4915 taediat;
3284 4863 3424 4902 cum
3473 4862 3614 4903 vero

1954 4938 2309 5009 imperative
2356 4937 2544 4993 dicit:
2586 4938 2832 5005 Lazare,
2884 4939 3017 4994 veni
3059 4937 3253 5006 foras,
3301 4936 3614 5008 surgitque

1951 5027 2252 5082 redivivus
2281 5027 2386 5099 qui
2439 5026 2882 5098 quatriduanus
2921 5026 3051 5097 jam
3099 5025 3346 5086 fcetcbat
3388 5026 3619 5096 (cujus-

1952 5116 2117 5172 modi
2144 5133 2238 5171 res
2261 5116 2340 5172 ab
2356 5116 2502 5172 orbe
2524 5115 2767 5172 condito
2788 5131 3105 5189 nunquam
3127 5115 3617 5187 acciderat).hasc

1953 5207 2282 5264 divinitatis
2313 5207 2751 5264 demonstratio
2775 5212 2886 5263 est.

1739 5386 1788 5421 ²⁶
1815 5387 1992 5440 Marc.
2028 5401 2105 5453 ιν,
2138 5389 2226 5441 39.

1954 5565 2100 5618 Item
2129 5563 2303 5635 paria
2322 5560 2506 5618 habet
2535 5560 2770 5635 Nicetas
2793 5559 3190 5635 Aquileiensis
3217 5559 3280 5616 in
3309 5557 3617 5635 opusculo

1951 5637 2038 5692 De
2063 5631 2302 5691 ratione
2329 5635 2468 5702 ﬁdei
2495 5649 2533 5689 a
2557 5648 2654 5689 me
2683 5631 3012 5702 divulgato.
3354 5631 3360 5632 “
3472 5660 3477 5679 ε
3532 5665 3535 5669 ι
3604 5634 3610 5640 ’
