4480 6430
803 418 909 474 223

2148 413 2419 474 mcsm
2456 366 2833 477 auom”:

4004 388 4166 479 ἐει

804 540 869 597 S.
901 538 1121 613 Cyrilli
1159 553 1237 598 ex
1266 538 1419 597 libro
1464 540 1847 628 nonooperis
1884 540 1959 599 de
1995 540 2353 600 adoratione
2400 540 2466 599 in
2494 538 2573 595 Δί

2001 540 2353 600 adoratione
2400 540 2466 599 in
2494 538 2545 595 Δ
2571 545 2677 595 Τοῦ
2705 540 2873 628 ἁγίου.
2903 539 3157 628 ςυρίλλομ
3214 539 3316 628 ἀπό
3360 550 3457 628 req
3492 541 3699 628 έννείτου
3721 542 3770 628 Al}

1513 612 1753 681 spiritu.

876 723 967 780 26.
999 721 1127 775 Non
1159 718 1336 790 igitur
1377 734 1620 794 mquare
1669 719 1888 793 poterit
1924 719 2247 777 divinitatis
2277 717 2464 776 excel-

804 808 1049 867 lentiam
1073 808 1345 867 humana
1369 814 1586 867 natura
1611 828 1625 877 ;
1656 809 1717 870 id
1745 809 1906 869 enim
1929 809 2056 867 ﬁeri
2084 810 2331 867 minime
2360 824 2467 882 ρο·

805 901 935 955 test.
962 901 1185 974 Itaque,
1218 902 1282 955 ut
1304 900 1409 972 qui
1440 900 1631 956 nostri
1652 900 1861 961 similis
1891 900 2083 957 factus
2108 904 2281 972 esset,
2308 900 2464 959 talis-

806 1001 925 1061 que
962 986 1407 1058 intelligeretur,
1439 988 1679 1047 dicebat
1709 1006 1723 1048 :
1760 989 1945 1050 Pater
1994 992 2190 1061 major
2216 1006 2311 1048 me
2356 997 2461 1059 est,

809 1092 949 1135 cum
980 1080 1183 1134 tamen
1211 1077 1375 1135 idem
1398 1094 1472 1136 ex
1501 1084 1717 1138 natura
1736 1078 2062 1151 divinitatis
2085 1080 2337 1155 aequalis
2368 1081 2461 1154 sit,

808 1168 865 1226 et
894 1164 1080 1226 nihilo
1101 1165 1347 1225 inferior
1371 1167 1719 1228 excellentia
1749 1169 2059 1229 Genitoris.

1462 1275 1523 1334 S.
1553 1276 1799 1347 Cyralli.

876 1384 964 1437 27.
994 1384 1199 1438 Nonne
1229 1381 1304 1438 de
1334 1382 1472 1454 ipso
1504 1384 1788 1456 scriptum
1827 1388 1915 1441 est
1945 1384 2282 1442 inferiorem
2308 1402 2457 1455 esse,

806 1470 973 1543 quod
1016 1470 1094 1527 ad
1132 1470 1566 1528 humanitatem
1600 1473 1825 1537 attinet,
1855 1479 2177 1545 prmstante
2221 1476 2462 1545 angelo—

806 1574 941 1615 rum
972 1562 1221 1625 natura;
1243 1559 1517 1632 infraque
1543 1562 1759 1617 horum
1788 1562 2039 1631 gloriam
2062 1564 2245 1636 paulo
2269 1570 2463 1623 mino-

806 1648 1053 1704 ratum?
1094 1651 1177 1704 Ita
1206 1652 1310 1704 est.
1350 1649 1501 1705 Dixit
1548 1650 1707 1706 enim
1738 1651 1961 1707 Paulus
1996 1668 2010 1707 :
2059 1654 2214 1710 Eum
2262 1661 2459 1712 autem

807 1739 912 1809 qui
929 1738 1160 1795 modico
1183 1755 1362 1811 quam
1388 1743 1593 1810 angeli
1614 1743 1949 1798 minoratus
1965 1750 2068 1810 est,
2084 1745 2349 1802 videmus
2368 1748 2462 1804 Je-

805 1843 955 1892 sum,
982 1834 1229 1897 propter
1260 1833 1593 1897 passionem
1629 1832 1857 1899 mortis,
1912 1834 2111 1903 gloria
2155 1840 2211 1891 et
2239 1835 2463 1894 honore

807 1924 1173 1973 coronatum.
1206 1922 1279 1974 At
1306 1918 1452 1991 quid
1495 1936 1693 1976 causae
1726 1921 1821 1985 sit,
1857 1937 1964 1977 cur
1995 1922 2131 1979 licet
2172 1930 2463 1996 praestan-

806 2006 1017 2063 tiorem
1058 2011 1338 2064 naturam
1368 2010 1524 2065 nacti
1555 2025 1831 2082 supernae
1863 2011 2115 2069 civitatis
2144 2013 2376 2082 incolas,
2409 2022 2466 2075 et

807 2095 1135 2153 certissima
1158 2100 1337 2170 atque
1363 2097 1705 2155 indubitata
1729 2116 1979 2172 prorsus
2003 2102 2103 2158 Dei
2120 2105 2464 2173 cognitione

804 2184 1057 2257 praediti,
1091 2185 1260 2242 illum
1293 2188 1399 2259 qui
1428 2192 1642 2244 natura
1682 2188 1921 2245 inferior
1950 2196 2059 2258 est,
2092 2197 2150 2249 et
2192 2192 2465 2267 ipsorum

807 2272 1004 2342 glorise
1027 2274 1204 2335 cedit.
1231 2275 1613 2333 adorandum
1644 2278 1906 2349 fecerint,
1939 2295 2191 2353 expone,
2234 2299 2462 2356 quasso.

811 2362 1104 2441 Equidem
1156 2368 1272 2420 tuas
1295 2365 1422 2436 jam
1456 2370 1595 2422 sunt
1641 2366 1735 2423 hae
1790 2373 2007 2441 partes.
2043 2371 2244 2440 Igitur,
2282 2372 2331 2428 si
2379 2378 2467 2431 est

802 2435 966 2507 idem
1000 2456 1057 2508 et
1085 2435 1332 2510 inferior
1361 2455 1558 2522 simul,
1592 2460 1649 2512 et
1676 2457 2236 2531 incomparabiliter
2277 2465 2468 2519 excel-

805 2539 954 2604 lens,
985 2540 1157 2598 facile
1188 2542 1524 2599 tribuemus
1546 2544 1905 2602 humanitati
1934 2548 1996 2603 id
2025 2550 2191 2621 quod
2215 2550 2463 2607 inferius

807 2633 916 2699 est,
945 2629 1108 2702 quod
1140 2631 1201 2687 in
1241 2647 1378 2688 eam
1408 2649 1674 2704 congrue
1703 2635 1862 2692 cadit
1886 2637 2167 2706 (multum
2197 2642 2355 2696 enim
2378 2641 2463 2697 di.

806 2722 921 2774 stat
952 2719 1030 2775 ab
1060 2721 1289 2791 angelis
1318 2726 1534 2778 natura
1572 2723 1898 2790 hominis):
1931 2726 2133 2783 deitati
2164 2745 2306 2786 vero
2336 2746 2463 2787 om-

807 2808 907 2863 nia
934 2810 1260 2881 superanti,
1297 2813 1748 2883 supereminere
1791 2820 1848 2871 et
1886 2816 2069 2872 attolli
2128 2834 2315 2891 supra
2366 2837 2462 2877 res

806 2902 1123 2966 creatas,et
1152 2899 1305 2955 ultra
1334 2916 1579 2957 omnem
1605 2903 1959 2960 rationalem
1983 2906 2382 2966 substantiam
2405 2914 2461 2967 et

807 3002 989 3042 omne
1018 3002 1239 3043 nomen
1271 2990 1435 3061 quod
1467 2992 1835 3059 nominatur,
1861 2994 2328 3054 substantialiter
2357 3014 2458 3055 ex-

804 3074 1016 3131 cedere
1046 3077 1468 3134 concedemus.
1502 3079 1607 3135 Sin
1635 3086 1835 3138 autem
1864 3083 2041 3139 etiam
2074 3084 2308 3158 absque
2335 3104 2459 3145 car-

806 3168 970 3245 ne,et
996 3164 1273 3221 nondum
1304 3167 1664 3225 humanitati
1680 3170 1841 3226 velut
1870 3172 2157 3229 insertum
2178 3176 2459 3233 Verbum-

3783 547 3898 621 ίῖψ
3928 550 4021 600 τοῦ
4047 552 4167 621 περι

2811 563 2859 593 τυ
2904 563 3157 614 ιυριΑΑου
3214 563 3316 596 απο
3360 563 3453 600 του
3492 563 3699 602 εννατου
3744 563 3771 596 Α
3837 563 3898 601 ου

2811 621 2906 675 τῆς
2936 614 2985 665 έν
3012 615 3268 686 πνεύματι
3284 613 3537 691 λατρείας.
3564 622 3687 689 Κεφ.
3713 563 3923 689 β’ἷέϐ).

2641 716 2743 779 κζ’.
2775 714 2977 772 Οὐκοῦν
3006 718 3100 773 οὐκ
3128 719 3465 781 ίσοστατήσει
3491 730 3583 786 τῆς
3612 724 3850 785 θεότητος
3879 723 4169 796 ὑπεροχαῖς

2572 808 2631 859 τὸ
2671 805 2987 881 ἀνθρώπινον
3018 829 3031 843 ο
3090 808 3281 863 πολλοῦ
3334 829 3396 883 γε
3450 816 3543 864 καὶ
3597 807 3698 865 δεῖ.
3752 813 4035 886 Τοιγάρτοι
4077 814 4168 863 atati.

2571 898 2791 969 ἔφασκεν
2812 899 2881 959 ὡς
2900 896 3019 950 καθ’
3039 899 3179 970 ἡμᾶς
3204 904 3424 972 γεγονὼς
3451 904 3541 953 καὶ
3574 903 3868 973 νοούμενος·
3894 898 3954 953 Ὀ
3983 902 4165 971 Πατήρ

2570 1004 2671 1057 μου
2710 985 2901 1057 μείζων
2930 988 3032 1065 μού
3062 984 3195 1054 ίστι,
3236 992 3409 1047 καίτοι
3436 990 3574 1046 κατὰ
3597 991 3752 1062 φύσιν
3780 990 4017 1049 θεότητος
4048 986 4166 1039 ἰσο-

2569 1078 2765 1146 μέτρως
2794 1076 2953 1152 ἔχων,
2997 1079 3083 1132 καὶ
3109 1083 3203 1145 τῆς
3236 1083 3327 1132 τοῦ
3363 1081 3597 1147 τέκοντος
3625 1079 3895 1159 ὑπεροχῆς
3930 1075 4038 1150 οὐχ
4066 1076 4166 1135 ἡτ-

2567 1168 2791 1236 τώμενος
2804 1205 2818 1221 .

2994 1278 3097 1330 Τοῦ
3136 1272 3290 1346 ἁγίου
3322 1272 3576 1348 Κυρίλλου

2638 1375 2736 1441 κζ’.
2768 1376 2834 1430 Ἦ
2864 1380 2966 1453 γὰρ
2996 1378 3125 1452 οὐχὶ
3169 1385 3460 1457 γέγραπται
3510 1386 3629 1457 περὶ
3670 1380 3832 1435 αὐτου
3861 1381 3932 1444 ὧς
3977 1380 4166 1453 ὗφιζή-

2570 1485 2700 1519 σειεν
2758 1466 2818 1519 ἂν
2872 1470 3007 1521 κατά
3067 1489 3123 1541 γε
3174 1473 3232 1523 τὸ
3290 1469 3608 1546 ἀνθρώπινον
3672 1475 3763 1524 καὶ
3816 1474 3912 1530 τήν
3977 1468 4167 1543 ἀμείνω

2569 1558 2741 1627 φύσιν,
2800 1562 3041 1611 τουτέστι
3095 1563 3189 1618 τὴν
3254 1558 3611 1632 ώαγγελικήν,
3666 1564 3754 1612 καὶ
3815 1568 3912 1622 τῆς
3967 1557 4167 1638 έκείνων

2569 1643 2789 1706 εὐκλείας
2836 1646 2993 1699 νοοῖτ⁹
3053 1646 3112 1699 ἂν
3168 1650 3431 1706 ἡττᾶσθαι
3489 1647 3713 1723 βραχύς
3765 1647 3993 1708 Ἀληθές.
4033 1646 4166 1719 Ἔφη

2566 1735 2668 1805 γὰρ
2726 1736 2752 1785 ό
2806 1733 3009 1797 Παυλος
3040 1752 3053 1767 ·
3112 1739 3212 1789 Τόν
3279 1733 3338 1790 δε
3406 1734 3590 1812 βραχύ
3646 1757 3699 1790 τι
3752 1736 3876 1813 παρ’
3925 1734 4171 1808 ἀγγέλους

2569 1822 2923 1895 ἠλαττωμένον
3006 1822 3259 1898 βλέπομέν
3336 1826 3542 1884 Ἰησουν
3636 1822 3731 1879 διὰ
3818 1828 3878 1878 τὸ
3949 1825 4176 1897 πάθημα

2568 1920 2660 1965 τοῦ
2755 1915 2976 1966 θανάτου
3009 1956 3023 1981 ,
3104 1911 3233 1988 δόξη
3328 1920 3417 1969 καὶ¹
3510 1924 3634 1989 τιμῇ
3740 1914 4170 1988 ἐστεφανωμένον.

2569 1997 2697 2055 Εἶτα
2733 2006 2785 2054 τί
2839 2004 3107 2074 παθόντες,
3150 2003 3279 2057 εἰπέ
3312 2016 3423 2078 μοι,
3464 2009 3638 2057 καίτοι
3693 2008 3787 2063 τὴν
3854 2002 4044 2076 ἀμείνω
4083 2005 4177 2074 φύ-

2572 2076 2655 2143 σιν
2692 2090 2943 2162 λαχόντες
2981 2095 3029 2145 οἱ
3066 2097 3162 2151 τὴν
3199 2095 3305 2146 ἄνω
3340 2093 3598 2169 τρίϐοντες
3654 2093 3821 2159 πόλιν,
3863 2098 3953 2145 καὶ
4006 2090 4177 2143 ἁπλα-

2570 2187 2628 2239 νῆ
2689 2200 2789 2233 που
2854 2182 3060 2243 πάντως
3119 2187 3208 2235 καὶ
3272 2180 3693 2258 ἁπαραλόγιστον
3755 2186 3848 2240 τὴν
3910 2180 3996 2234 ἐπὶ
4063 2187 4178 2250 Θεῷ

2571 2276 2761 2337 γνῶσιν
2836 2270 3295 2338 πεπλουτηκότες,ι
3337 2277 3424 2324 τὸν
3499 2270 3547 2324 έν
3622 2276 3788 2345 μείονι
3862 2273 4013 2343 φύσει
4086 2272 4178 2321 καὶ

2573 2362 2791 2410 κατόπιν
2854 2361 3047 2417 ἡκοντα
3099 2369 3188 2422 τῆς
3245 2359 3457 2423 ἐνούσης
3514 2360 3747 2423 εὐκλείας
3804 2360 3998 2425 αὐτοῖς,
4040 2357 4178 2411 ἕποι-

2573 2455 2722 2500 οῦντο
2782 2453 3165 2524 προσκυνητὸν,
3220 2453 3441 2523 φράσαις
3497 2449 3578 2518 ἂν,
3619 2447 3659 2501 ὦ
3700 2451 3889 2524 ἑταῖρε.
3934 2452 4035 2502 Καὶ
4075 2452 4178 2521 μὴν

2571 2542 2661 2589 καὶ
2698 2542 2849 2591 τουτό
2886 2543 2946 2609 γέ
3002 2538 3138 2592 ἔστιν
3190 2537 3297 2598 ἤδη
3361 2544 3470 2593 σόν.
3531 2540 3755 2611 Οὔκουν,
3797 2543 3934 2613 εἴπερ
3976 2536 4117 2590 ἔστιν
4154 2538 4179 2589 ό

2572 2627 2729 2689 αὐτὸς
2767 2626 2987 2680 έλάττων
3024 2647 3078 2681 τε
3114 2628 3225 2701 ἅμα
3262 2633 3352 2682 καὶ
3391 2628 3439 2681 έν
3489 2638 3599 2692 τοῖς
3656 2627 3990 2704 ἀσυγκρίτως
4027 2628 4179 2698 ὑπερ-

2571 2720 2841 2788 κειμένοις,
2907 2715 3257 2790 ἀπονεμουμεν
3324 2718 3567 2791 εὐκρινῶς
3632 2725 3694 2790 τῇ
3764 2720 3853 2795 μὲν
3912 2714 4180 2789 ἀνθρωπό-

2569 2824 2689 2864 τητι
2744 2809 2803 2858 τὸ
2878 2814 3087 2879 χωροῦν
3145 2805 3221 2859 ἐπ’
3281 2807 3410 2881 αὐτῇ
3488 2806 3805 2882 πρεπόντως,
3858 2808 3916 2858 τὸ
3972 2803 4181 2857 ἔλαττον

2544 2896 2735 2969 (παρὰ
2782 2894 2911 2948 πολὺ
2967 2898 3068 2967 γὰρ
3129 2894 3357 2967 ἁγγελων
3414 2894 3686 2971 ἀνθρώπου
3751 2896 3927 2967 φύσις)
3959 2907 3975 2923 '
4017 2900 4080 2964 τῇ
4124 2886 4184 2943 δε

2567 2986 2693 3057 ὑπὲρ
2750 2986 2931 3036 πάνπα
2989 2986 3194 3042 θεὸτητι
3252 2988 3312 3038 τὸ
3370 2985 3711 3060 ὑπερκεῖσθαι
3751 3002 3804 3037 τε
3841 2986 3931 3035 καὶ
3971 2981 4186 3055 ὑπεραι-

2570 3071 2673 3128 δειν
2729 3077 2796 3127 τὰ
2852 3078 3049 3147 γενητὰ
3109 3081 3199 3128 καὶ
3238 3078 3417 3138 πάσης
3480 3074 3713 3128 ἐπέκεινα
3748 3074 3966 3145 λογικῆς
4003 3071 4187 3127 οὐσίας

2570 3168 2662 3216 καὶ
2714 3168 2904 3225 παντὸς
2961 3165 3213 3238 ὀνόματος
3270 3161 3499 3237 διᾴττειν
3553 3160 3847 3225 οὐσιωδώς.
3891 3162 3952 3214 Εἰ
3991 3157 4051 3214 δε
4114 3157 4181 3219 δὴ

805 3240 955 3326 ipsis
992 3270 1239 3327 quoque
1267 3258 1496 3327 angelis
1550 3259 1798 3317 inferius
1827 3278 1955 3318 esse
1986 3270 2319 3336 censeatur,
2353 3269 2467 3323 mir
2504 3240 2543 3295 Ο
2571 3274 2574 3303 τ

2419 3269 2467 3323 ir
2504 3240 2543 3295 Ο
2571 3257 2663 3306 καὶ
2704 3250 2844 3326 δίχα
2871 3257 3085 3322 σαρκὸς,
3126 3259 3215 3307 καὶ
3245 3257 3388 3307 οὔπω
3424 3260 3533 3314 τοῖς
3569 3253 3686 3306 καθ’
3726 3255 3867 3324 ἡμὰς
3904 3252 4011 3304 οἷον
4054 3268 4188 3341 συμῖ

807 3359 923 3398 nus
951 3344 1199 3415 quidem
1232 3347 1341 3402 erit
1367 3346 1573 3419 ipsum
1604 3348 1725 3404 suis
1756 3353 2061 3418 creaturis,
2087 3369 2157 3410 ac
2182 3360 2466 3427 praeterea

808 3431 1128 3501 adorator;
1161 3449 1272 3490 nec
1298 3434 1350 3490 ei
1374 3435 1505 3505 jam
1529 3445 1837 3494 succurret
1866 3445 1970 3497 aut
1996 3445 2469 3512 patrocinabitur

807 3520 1053 3577 demum
1096 3527 1301 3579 nostra
1332 3524 1620 3583 defensio.
1657 3529 1827 3594 Quod
1874 3531 1922 3585 si
1971 3531 2095 3587 haac
2141 3534 2339 3591 dicere
2398 3552 2470 3592 ac

809 3610 1024 3666 sentire
1052 3610 1309 3683 impium
1335 3619 1424 3670 est
1443 3614 1624 3671 simul
1655 3631 1725 3672 ac
1762 3616 2241 3692 fallacissimum,
2273 3624 2472 3681 minor

810 3703 1010 3754 autem
1039 3705 1145 3767 est,
1172 3702 1465 3773 quoniam
1496 3708 1553 3759 et
1579 3704 1764 3761 homo
1795 3713 1882 3763 est
1906 3726 1919 3775 ;
1948 3711 2149 3781 utique
2187 3718 2472 3784 sequetur

811 3785 873 3842 id
902 3802 1031 3844 esse
1052 3790 1466 3862 cogitandum,
1499 3793 1720 3851 scilicet
1749 3795 2130 3856 adoratorem
2155 3816 2471 3876 esse,qua-

808 3879 985 3934 tenus
1010 3877 1205 3936 homo
1221 3884 1326 3937 est.

1488 4170 1787 4239 Ejusdem.

877 4275 968 4331 28.
1003 4276 1151 4331 Cum
1191 4278 1393 4331 autem
1425 4277 1756 4348 apostolico
1788 4278 1947 4335 dicto
1993 4281 2302 4350 insultent,
2343 4300 2475 4358 per-

804 4361 947 4419 inde
976 4378 1047 4419 ac
1077 4364 1126 4419 si
1154 4366 1232 4420 ad
1258 4364 1573 4435 vulgarem
1602 4366 1869 4440 aliquam
1896 4370 2203 4427 hominem
2236 4373 2478 4431 referre-

808 4457 1050 4522 tur,age
1071 4458 1261 4509 totam
1286 4458 1643 4513 sententiam
1667 4458 1746 4513 ab
1767 4459 1935 4516 initio
1959 4467 2479 4537 repetamus,qua-

2575 3342 2792 3405 πλακεὶς
2852 3344 2878 3395 ό
2943 3348 3136 3415 Λόγος,
3195 3347 3253 3396 τό
3308 3362 3369 3414 γε
3426 3342 3474 3395 έν
3538 3342 3779 3395 ἐλάττοσι
3832 3341 4038 3394 κεῖσθαι
4095 3346 4189 3390 και

2580 3431 2745 3483 αὐτῶν
2812 3431 3089 3495 ἀνεικότως
3156 3432 3467 3507 ἀποφέροιτο
3537 3439 3637 3485 τῶν
3707 3430 3950 3502 ἀγγέλων,

2579 3527 2669 3597 μέν
2708 3522 2823 3575 ἐστι
2876 3530 2977 3574 τῶν
3037 3519 3187 3575 ἰδίων
3235 3525 3560 3594 κτισμάτων,
3600 3526 3691 3574 καὶ
3731 3526 3857 3596 πρὸς
3908 3538 3966 3591 γε
4019 3520 4185 3589 τούτῳ

2578 3616 2973 3687 προσκυνητὴς,
3053 3608 3204 3665 οὐδὲν
3279 3614 3628 3684 ἱπαμύνοντος
3689 3611 3719 3671 ἡ
3779 3605 4188 3684 ῥπερδικούντος

2580 3705 2657 3755 ἔτι
2702 3720 2795 3753 του
2846 3698 2968 3775 παρ’
3021 3702 3146 3772 ἡμῖν
3202 3699 3380 3773 λόγου.
3423 3700 3486 3753 Εἰ
3544 3696 3601 3753 δε
3643 3696 3710 3757 δὴ
3753 3702 3901 3751 ταυτὶ
3942 3698 4097 3769 φάναι
4134 3712 4187 3748 τε

2579 3796 2669 3843 καὶ
2720 3797 2918 3863 φρονεῖν
2984 3786 3239 3853 δυσσεϐές
3294 3809 3348 3845 τε
3410 3790 3522 3862 οἶμα
3584 3794 3674 3841 καὶ
3742 3786 4135 3861 σφαλερώτατον
4167 3799 4181 3814 ’

2581 3884 2735 3954 μείων
2796 3876 2874 3945 δε,
2937 3881 3014 3932 ὅτι
3075 3884 3165 3933 καὶ
3222 3880 3497 3954 ἄνθρωπος
3528 3896 3541 3911 '
3585 3879 3765 3949 ἕψεταί
3821 3896 3922 3930 που
3979 3876 4185 3934 πάντως

3039 3974 3406 4044 προσκυνητης
3460 3971 3562 4045 γάρ
3623 3967 3758 4037 ἐστι,
3812 3968 3895 4021 ὄτι
3949 3969 4040 4019 καὶ
4101 3965 4186 4019 ἄν·

4029 3447 4185 3501 μείων

2580 3971 2737 4025 έκεῖνο
2802 3977 2933 4025 νοεῖν
2966 3987 2978 4001 ·

2580 4064 2805 4135 θρωπος.

3141 4174 3245 4221 Τοῦ
3276 4166 3437 4220 αὐτοῦ
3479 4167 3612 4238 (28).

2656 4275 2756 4335 κη’.
2838 4272 3048 4335 Ἐπειδὴ
3148 4272 3207 4329 δὲ
3297 4280 3392 4334 τὴν
3480 4274 3833 4333 ἀποπολικήν
3925 4273 4165 4337 κατεξανι

2589 4372 2749 4419 στᾶσε
2822 4367 3000 4442 ῥῆσιν,
3060 4368 3129 4427 ὡς
3203 4364 3280 4419 ἐπ’
3348 4364 3621 4439 ἀνθρώπου
3688 4371 3861 4417 κοινοῦ
3934 4381 4190 4437 προενενε·

2587 4460 2800 4529 γμένην,
2893 4460 3008 4530 φέρε
3081 4455 3303 4528 λέγωμεν
3396 4454 3588 4516 ἅόντες
3672 4453 3761 4507 ἀπ’
3816 4452 4017 4529 ,ἀρχῆς
4088 4460 4189 4504 τῶν

807 4546 982 4626 tenus
1012 4542 1093 4598 ad
1117 4543 1457 4600 institutum
1493 4561 1837 4603 sermonem
1866 4550 2141 4621 pertinet.
2178 4554 2477 4626 Scriptum
2513 4568 2558 4624 ι)

2421 4572 2477 4611 m
2513 4550 2955 4624 ογεγραμμένων
3038 4549 3201 4619 μέχρι
3288 4544 3617 4609 καταλήξεως
3702 4552 3797 4606 τῆς
3868 4542 4190 4617 ἀποχρώσης

806 4617 1013 4704 itaque
1043 4636 1131 4689 est
1159 4651 1171 4689 :
1195 4633 1353 4690 Eum
1388 4640 1587 4690 autem
1618 4637 1725 4707 qui
1761 4617 1994 4694 modico
2039 4656 2221 4711 quam
2276 4617 2482 4715 angeli

804 4722 1142 4791 minor-alus
1175 4728 1278 4786 est,
1315 4723 1583 4779 videmus
1614 4724 1813 4780 Jesum
1853 4734 2102 4797 propter
2146 4732 2480 4798 passionem

805 4812 1014 4867 mortis
1039 4813 1233 4883 gloria
1257 4817 1311 4868 et
1337 4811 1563 4869 honore
1591 4817 2057 4872 coronatumﬂt
2082 4820 2265 4888 paulo
2288 4821 2476 4891 infra.

808 4902 953 4955 Ecce
983 4900 1167 4965 enim,
1210 4906 1266 4957 et
1311 4900 1560 4973 quidem
1595 4901 1973 4973 apertissime
2014 4920 2153 4961 cum
2184 4907 2346 4964 dicat
2374 4909 2481 4965 mi-

805 4995 1085 5046 noratum
1122 4990 1277 5046 infra
1307 4989 1556 5060 angelos
1590 4995 1839 5073 propter
1863 4994 2211 5064 passionem
2248 4998 2476 5065 mortis,

805 5086 987 5153 atque
1008 5080 1088 5138 ob
1118 5081 1179 5137 id
1211 5084 1569 5137 coronatum
1600 5096 1733 5135 esse
1773 5080 1965 5149 gloria
1995 5088 2051 5138 et
2080 5084 2328 5151 honore,
2354 5103 2482 5143 ma-

804 5172 1015 5227 niteste
1032 5170 1200 5227 illum
1230 5170 1497 5227 ostendit
1522 5169 1597 5225 de
1629 5185 1755 5241 quo
1786 5171 1973 5227 verba
2001 5171 2157 5240 fecit,
2186 5174 2478 5232 nimirum

807 5261 1188 5331 Unigenitum
1219 5277 1231 5315 :
1262 5260 1619 5332 participem
1654 5259 1817 5314 enim
1839 5260 1920 5317 ait
1940 5259 2164 5322 factum
2188 5279 2322 5324 esse
2351 5281 2479 5324 car-

803 5351 898 5409 nis
936 5356 993 5410 et
1023 5350 1339 5424 sanguinis
1377 5348 1630 5426 perinde
1664 5364 1735 5409 ac
1761 5363 1903 5411 nos.

877 5610 969 5675 (26
1054 5606 1308 5664 Edit.cit.
1342 5609 1381 5663 t.
1406 5608 1449 5673 Ι,
1475 5623 1534 5681 p-
1570 5611 1672 5664 317
1701 5609 1766 5664 D.

877 5605 992 5748 (27;
1022 5681 1111 5738 De
1166 5681 1479 5748 Trinitate,
1531 5678 1753 5748 dialog.

804 5678 991 5809 6222B)
1022 5681 1111 5738 De
1166 5678 1498 5749 Trinitate,’
1531 5678 1753 5753 dialog.
1812 5697 1887 5752 1v,
1938 5683 1977 5737 t.
2010 5682 2076 5753 V,
2117 5684 2272 5755 part.
2326 5696 2367 5753 1,
2408 5696 2470 5755 p.

2592 4644 2663 4707 τῷ
2700 4635 2868 4707 λόχῳ.
2917 4639 3211 4708 Γέγραπται
3262 4639 3433 4687 τοίνυν
3464 4648 3479 4664 ⁶
3521 4637 3621 4687 Τὸν
3662 4629 3720 4686 δε
3759 4631 3945 4705 βραχύ
3975 4652 4029 4684 τι
4066 4631 4192 4705 παρ’

2592 4725 2838 4798 ἀγγέλους
2913 4724 3266 4797 ἠλαττωμένον
3347 4723 3604 4797 βλέπομεν
3688 4724 3894 4781 Ἰησοῦν
3966 4719 4061 4775 διὰ
4132 4726 4192 4774 τὸ

2590 4817 2814 4888 πάθημα
2848 4835 2938 4868 του
2967 4816 3189 4867 θανάτου
3226 4810 3356 4887 δόξῃ
3388 4820 3479 4867 καὶ
3506 4822 3632 4887 τιμῇ
3666 4812 4094 4886 ίστεφανωμένον.
4124 4841 4194 4853 -

2593 4910 2695 4959 Καὶ
2752 4904 2863 4978 μετ’
2920 4904 3112 4976 ὀλίγα³
3169 4900 3309 4958 Ἰδοὺ
3346 4906 3471 4977 γὰρ,
3531 4900 3649 4955 ἰδοὺ
3680 4907 3770 4955 καὶ
3826 4902 3967 4975 μάλα
4015 4909 4194 4974 σαφῶς

2590 4994 2926 5053 ἠλαττῶσθαι
2962 4994 3121 5065 λέγων
3161 4994 3317 5047 αὑτὸν
3365 4997 3507 5060 παρά
3544 4998 3665 5055 τοὺς
3705 4991 3955 5065 ἀγγέλους
4004 4988 4096 5044 διὰ
4134 4996 4193 5043 τὸ

2588 5087 2813 5158 πάθημα
2849 5092 2941 5138 τοῦ
2982 5087 3224 5155 θανάτου,
3287 5086 3633 5156 κατεστέφθαι
3682 5102 3743 5155 γε
3799 5088 3904 5155 μὴν
3943 5078 4018 5135 δι’
4067 5083 4195 5134 αὐτὸ

2588 5182 2713 5247 τιμῇ
2748 5193 2802 5227 τε
2840 5179 2929 5227 καὶ
2956 5170 3107 5247 δόξῃ,
3150 5174 3465 5231 καθίστησιν
3496 5171 3690 5245 έμφανῆ
3722 5174 3807 5225 τὸν
3846 5172 3925 5244 ἐφ’
4034 5177 4198 5223 ποιεῖ-

2586 5283 2675 5317 ται
2702 5267 2824 5325 τοὺς
2866 5263 3047 5335 λόγους
3079 5279 3091 5293 ·
3146 5259 3310 5322 δῆλον)
3351 5258 3411 5315 δε
3468 5265 3546 5313 ὁτι
3585 5265 3672 5314 τόν
3711 5268 3970 5331 Μονογενῆ
3998 5274 4012 5290 ⁶
4054 5279 4197 5333 μετε-

2589 5357 2851 5425 σχηκέναι
2896 5356 2997 5427 γάρ
3039 5372 3198 5427 φησιν
3230 5350 3386 5405 αὐτόν
3413 5353 3631 5426 αἳματος
3659 5355 3750 5404 καὶ
3796 5353 3992 5427 σαρκός
4031 5369 4198 5423 παρα-

2587 5441 2686 5502 πλη
2697 5448 2823 5507 σίως
2852 5444 2999 5516 ἡμῖν.
3608 5450 3615 5455 “

2659 5605 3028 5737 (28213ἱὲ08.
3061 5605 3232 5675 Quod
3260 5621 3417 5663 unus
3447 5610 3530 5664 est
3564 5603 3857 5673 Christus,
3888 5604 4010 5670 LV,
4033 5605 4189 5676 part.

2659 5695 2717 5737 ι).
2936 5722 2948 5734 .
4103 5717 4106 5721 .

2586 5696 2624 5745 ι,
2657 5695 2717 5754 p.
2750 5695 2851 5737 "me
2883 5695 2948 5734 rs.
4103 5717 4106 5721 η
