4480 6430
294 412 381 467 225

741 533 845 582 Τοῦ
874 527 1260 601 Χρυσοστόμου
1284 523 1419 595 (29).
1902 522 1951 578 Α

356 635 450 693 κθ’,
513 633 671 690 Ἀλλᾶ
739 638 831 687 καὶ
888 636 1173 709 περιφέρων
1247 635 1340 689 τὴν
1406 630 1596 705 σάρκα,
1659 627 1876 701 ἀφίησιν

302 724 447 784 αὐτὴν
504 726 573 777 τὰ
625 731 722 786 τῆς
776 724 979 796 φύσεως
1040 720 1378 793 ἄλαττὼματα
1432 719 1727 791 ὑπομεῖναι,
1786 721 1877 769 καὶ

304 811 542 885 διψῆσαι,
580 818 671 867 καὶ
728 813 1069 880 καθεσθῆναι,
1121 814 1212 861 καὶ
1277 809 1534 861 κοπιάσαι
1568 826 1581 840 ⁸
1624 806 1767 868 τέλος
1820 802 1879 860 δι

302 907 378 955 καὶ
430 900 515 955 ἐπὶ
560 906 647 954 τόν
687 905 913 976 σταυρόν
970 898 1267 975 ίρχόμενος,
1328 895 1544 969 ἀφίησιν
1603 895 1767 954 αὐτὴν
1816 897 1881 947 τὰ

301 999 379 1052 τῆς
414 994 610 1067 σαρκὸς
664 992 847 1045 παθεῖν
879 1006 893 1019 ·
936 985 1032 1041 διὰ
1067 995 1221 1041 τοῦτο
1268 991 1359 1039 καὶ
1394 989 1605 1061 κρουνοὶ
1646 982 1879 1057 ἱδρώτων

303 1084 620 1155 κατεφέροντο
709 1078 762 1143 ἕξ
852 1076 1011 1139 αὐτῆς
1042 1093 1057 1109 ·
1134 1081 1225 1129 καὶ
1311 1075 1529 1147 ἄγγελος
1603 1076 1880 1149 ηὑρίσκετο

304 1170 448 1228 αὐτὴν
488 1166 787 1245 διακρατῶν
820 1185 833 1199 ⁸
866 1172 957 1220 καὶ
1005 1166 1266 1231 λυπεῖται,
1305 1170 1395 1217 καὶ
1447 1160 1706 1236 ἀδημονιῑ
1734 1176 1749 1192 ⁸
1792 1167 1881 1214 καὶ

301 1262 389 1332 γὰρ
424 1264 579 1335 πρινὴ
622 1266 789 1311 ταῦτα
815 1258 990 1327 εἰπεῖν,
1026 1262 1207 1328 φησὶν,
1230 1255 1287 1308 Ἠ
1318 1255 1471 1326 ψυχή
1501 1274 1601 1327 μου
1632 1254 1879 1327 τετάρακ-

304 1364 417 1400 ται·
457 1354 568 1415 καὶ,
628 1347 915 1422 Περίλυπός
962 1345 1101 1398 ἐστιν
1157 1345 1187 1402 ἡ
1230 1343 1383 1416 ψυχή
1435 1362 1534 1416 μου
1593 1344 1686 1405 ἕως
1727 1343 1881 1395 θανά-

304 1426 402 1491 τον.

924 1547 1027 1594 Τοῦ
1057 1539 1242 1597 αὐτοῦ.

366 1646 490 1707 λ’.Ὀ
517 1645 577 1703 δι
597 1649 826 1724 Χριστός
860 1655 1014 1720 σῶμα
1043 1648 1268 1720 καθαρὸν
1298 1644 1687 1719 ἁμαρτημάτων
1721 1638 1882 1716 εἶχεν,

308 1738 359 1791 οὗ
394 1748 618 1812 φυσικῶν
650 1737 887 1809 ἀναγκῶν
933 1735 1326 1808 ἀπηλλαγμένον
1359 1750 1373 1765 ·
1425 1733 1534 1787 ἐπεὶ
1564 1730 1687 1786 οὐδὲ
1736 1742 1889 1806 σῶμα

314 1825 333 1843 9

309 1849 384 1886 ην.
1918 1872 1963 1925 Β

680 1940 784 1987 Τοῦ
824 1930 978 2005 ἁγίου
1010 1931 1330 2005 Ἀμϐροσίου
1361 1931 1492 2003 (30).

370 2039 457 2097 λα’.
513 2038 601 2104 Ὠς
663 2043 935 2115 ἄνθρωπος
999 2036 1087 2092 οὖν
1142 2036 1423 2104 ἐνδοιάζει,
1483 2039 1581 2100 ὡς·
1617 2037 1890 2111 ἄνθρωπος

309 2129 659 2204 ἰκταράττεται
688 2146 704 2161 ⁶
746 2131 807 2183 οῦ
853 2132 1164 2203 ταράττεται
1188 2132 1290 2203 γὰρ
1330 2132 1359 2186 ἠ
1396 2124 1622 2200 δύναμις
1673 2125 1798 2181 οὐδε
1854 2130 1885 2186 ἡ

310 2223 474 2282 θεότης
528 2220 711 2291 αὐτοῦ,
751 2218 858 2271 ἀλλ’
890 2222 919 2278 ἡ
961 2218 1116 2290 ψυχὴ
1175 2220 1486 2293 ταράττεται
1523 2222 1613 2269 καὶ
1646 2219 1889 2291 σπαράτ-

306 2328 435 2362 τεται
496 2312 635 2363 κατὰ
688 2313 783 2367 τὴν
840 2316 936 2371 τῆς
996 2307 1318 2382 ἀνθρωπίνης
1386 2308 1711 2381 σαθρότητος
1761 2311 1890 2382 πρὸ·

305 2396 401 2470 ληψ
409 2420 470 2454 ιν.

862 2509 966 2558 Τοῦ
997 2503 1156 2557 αὐτοῦ
1184 2504 1319 2575 (31).

370 2611 456 2665 λς.
484 2612 543 2666 Ὁ
592 2609 680 2665 οὖν
718 2615 829 2673 ἶσος
884 2610 933 2664 ἐν
987 2620 1050 2685 τῇ
1105 2618 1238 2665 Θεοῦ
1269 2618 1439 2684 μορφῇ
1477 2609 1710 2664 ίλάσσων
1741 2609 1789 2665 ἒν
1827 2618 1890 2685 τῇ

309 2702 590 2773 προσλήψει
628 2710 723 2763 τῆς
756 2704 971 2775 σαρκὸς,
1011 2705 1203 2771 καὶτῷ
1243 2703 1397 2753 πάθει
1435 2709 1528 2753 τοῦ
1570 2700 1842 2775 ἀνθρώπου
1876 2723 1890 2736 ·

307 2799 408 2851 πῶς
432 2793 531 2865 γὰρ
558 2786 790 2850 ἠδύνατο
829 2791 860 2847 ἡ
895 2789 1026 2848 αὐτὴ
1057 2792 1209 2860 φύσις
1234 2788 1451 2841 ἐλάττων
1479 2787 1607 2842 εἶναι
1644 2796 1734 2842 καὶ
1762 2794 1853 2849 ἴση
1876 2808 1890 2859 ;

310 2885 412 2939 Πῶς
436 2876 513 2948 δε,
547 2878 633 2931 ἐὰν
663 2878 884 2931 ἐλάττων
911 2878 1045 2949 ἐστὶ,
1075 2880 1143 2929 τὰ
1171 2878 1303 2930 αὐτὰ
1328 2887 1462 2931 ποιεῖ
1494 2880 1683 2951 ὁμοίως
1709 2880 1837 2953 οἷπερ
1866 2881 1891 2931 ὀ

308 2972 475 3042 Πατὴρ
514 2977 695 3035 ποιεί;
761 2972 861 3020 Καὶ
898 2970 999 3042 γὰρ
1050 2972 1167 3019 τίνα
1195 2972 1384 3041 τρόπον
1431 2969 1461 3025 ἡ
1498 2968 1627 3026 αὑτὴ
1667 2966 1895 3041 ἐνέργεια

308 3052 550 3130 διαφόρου
584 3056 697 3110 ἐστὶ
728 3054 1035 3129 δυνάμεως
1077 3062 1163 3115 Μή
1219 3075 1271 3108 τι
1301 3057 1461 3119 οὕτως
1502 3053 1723 3109 δύναται
1762 3056 1894 3132 ἐνερ-

304 3154 402 3215 γεῖν
429 3148 453 3199 ὁ
494 3150 685 3213 ἣττων,
716 3146 833 3198 καθ’
857 3147 909 3198 ὃν
948 3149 1138 3219 τρόπον
1168 3147 1194 3197 ό
1226 3149 1417 3218 μείζων
1442 3166 1456 3214 ;
1485 3146 1514 3204 ἡ
1549 3151 1646 3219 μία
1668 3145 1893 3220 ἐνέργεια

306 3230 513 3287 δύναται
544 3232 697 3303 εἶναι,
738 3239 867 3287 ὅπου
908 3230 1161 3309 διάφορος
1186 3234 1341 3287 οὐσία
1379 3234 1527 3302 ἐστί;
1570 3241 1751 3288 Τοίνυν
1774 3235 1894 3289 λάϐε
1924 3218 1964 3274 C

303 3326 384 3376 τὸν
415 3330 644 3398 Χριστόν
669 3326 807 3377 κατὰ
844 3327 939 3383 τὴν
981 3326 1203 3383 θεότητα
1239 3330 1311 3397 μὴ
1356 3321 1619 3380 δύνασθαι
1650 3324 1895 3378 ἐλάττονα

302 3411 549 3484 ὶέγεσθαι.

703 3527 807 3574 Τοῦ
839 3519 989 3593 ἁγίου
1022 3521 1319 3593 Ἀγάθωνος
1357 3525 1484 3593 (32).

366 3624 459 3697 ).γ’.
505 3631 610 3681 Καὶ
650 3626 703 3680 ἐν
759 3632 868 3700 ὅσῳ
907 3625 1173 3681 δείκνυσιν
1202 3630 1229 3681 ό
1281 3633 1443 3701 μέγας
1469 3626 1786 3704 ’Λμϐρόσιος
1823 3636 1893 3703 μὴ

303 3709 553 3769 δύνασθαι
593 3710 853 3789 διαφόρου
917 3712 1183 3790 δυναμεως
1239 3721 1361 3789 μίαν
1417 3719 1666 3792 ἐνέργειαν
1725 3720 1897 3793 ὑπάρ-

300 3823 429 3874 χειν,
486 3803 629 3878 μηδὲ
688 3812 777 3864 τὴν
836 3805 1095 3859 ἐλάσσονα
1134 3804 1393 3859 δύνασθαι
1454 3805 1667 3882 ἐνεργεῖν
1706 3811 1772 3860 τὰ
1809 3818 1900 3869 τῆς

300 3893 544 3962 μείζονος,

299 3976 549 4035 δύνασθαι
605 3984 842 4035 νοεῖσθαι
897 3989 991 4042 τὴν
1044 3984 1320 4058 ἐνέργειαν,
1391 3982 1735 4038 ἀποδείκνυσι
1801 4007 1898 4059 φα·

627 3896 748 3946 οὔτε
822 3898 952 3946 ὅπου
1029 3892 1275 3968 διάφορος
1349 3894 1505 3948 οὐσία
1575 3900 1708 3967 ἐστὶ,
1777 3903 1900 3970 μίαν

297 4079 449 4144 νιροῐς
522 4077 804 4145 μηνύμασι
878 4076 936 4125 τὸ
1011 4078 1084 4146 μὴ
1165 4070 1426 4126 δύνασθαι
1483 4079 1607 4146 μίαν
1676 4082 1901 4148 φυσικήν

294 4156 535 4233 ἐνέργειαν
604 4164 750 4233 ἔχειν
816 4164 908 4214 τὰν
961 4163 1181 4220 θεότητα
1218 4169 1309 4216 καὶ
1364 4168 1457 4221 την
1526 4163 1903 4238 ἀνθρωπότητα

293 4256 375 4299 τοῦ
423 4257 663 4322 Χριστοῦ
695 4269 709 4282 ·

295 4355 393 4407 μεν,

297 4426 615 4501 θεωροῦνται·
658 4427 831 4480 Ὀπου
895 4434 1065 4481 τοίνυν
1115 4434 1270 4501 μείων
1332 4435 1419 4483 καὶ
1480 4430 1700 4483 ἐλάττων
1759 4431 1897 4507 ἐνέρ-

292 4533 400 4584 γεια
452 4515 681 4589 λέγεται,
732 4517 790 4569 οὗ
829 4521 950 4591 περὶ
990 4524 1135 4590 μιᾶς,
1189 4516 1316 4571 ἀλλά
1371 4524 1489 4593 περὶ
1530 4516 1626 4573 δύο
1667 4532 1899 4593 φυσικῶν

293 4610 375 4653 τοῦ
414 4604 514 4666 ἑνός
554 4613 799 4679 Χριστοῦ
858 4604 1118 4679 ἐνεργειῶν
1169 4617 1475 4683 φανεροῦται
1513 4612 1648 4681 (33).
1697 4642 1758 4651 -—
1798 4617 1898 4664 Καὶ

292 4700 447 4746 ταῦτα
488 4699 581 4767 μὲν
615 4697 756 4748 εἶπεν
797 4698 1175 4771 ἑπικυροῦσαῆ
1211 4699 1330 4756 ἕκτη
1368 4694 1588 4761 σύνοδος
1635 4702 1699 4751 τὰ
1756 4703 1901 4775 παρὰ

773 4251 817 4303 εἰ
875 4256 963 4303 καὶ
1004 4251 1112 4314 ἐνὸς
1149 4258 1435 4325 προσώπου
1486 4249 1615 4305 εἶναι
1652 4260 1902 4324 γινώσκο-

475 4345 568 4392 καὶ
646 4342 782 4411 μετὰ
855 4348 946 4401 τῆς
1022 4339 1252 4398 ἀλλήλων
1336 4346 1609 4403 κοινωνίας
1683 4342 1900 4417 ἐνεργεῖν

1930 4572 1977 4625 D

291 4790 375 4834 τοῦ
422 4784 573 4857 ἁγίου
618 4785 944 4861 Ἀμϐροσίου
1005 4791 1309 4861 γραφέντα’
1363 4791 1393 4848 ἡ
1453 4786 1513 4842 δέ
1571 4810 1630 4861 γε
1688 4796 1896 4864 πέμπτη

294 4871 504 4937 σύνοδος
541 4884 721 4929 ταῦτα
759 4875 1044 4949 ἐξεφώνησε
1095 4883 1215 4952 περὶ
1273 4878 1431 4940 αὐτῆς
1487 4884 1575 4931 καὶ
1635 4888 1735 4932 τῶν
1800 4881 1902 4933 λοι-

291 4968 390 5014 πῶν
453 4964 619 5037 ἁγίων
690 4974 792 5018 τῶν
869 4971 983 5019 τότε
1047 4967 1413 5039 συνελθόντων,
1493 4970 1574 5021 ὅτι
1631 4973 1902 5042 Δεχόμεθα

291 5053 447 5107 πάντα
500 5058 567 5107 τὰ
606 5055 739 5129 παρ’
781 5054 949 5107 αὐτῶν
1002 5062 1119 5131 περὶ
1182 5066 1277 5119 τῆς
1340 5057 1500 5133 ὀρθῆς
1552 5064 1779 5122 πίστεως
1836 5061 1902 5121 εἰς

290 5145 593 5219 κατάκρισιν
672 5153 779 5198 τῶν
861 5146 1132 5219 αἰρετιχῶν
1208 5145 1471 5201 ἐκτεθέντα
1504 5164 1517 5178 ⁸
1598 5154 1699 5203 Καὶ
1773 5154 1904 5223 μετά

291 5247 441 5287 τιναο
487 5241 616 5289 σΚαὶ
684 5238 731 5289 εἰ
789 5254 870 5299 τις
936 5235 1116 5289 ἑαυτὸν
1154 5244 1251 5299 τῆς
1307 5236 1356 5290 ἐν
1414 5238 1593 5299 αὐτοῖς
1636 5244 1904 5302 κοινωνίας

352 5517 464 5596 (g9)
475 5520 879 5596 Sequentium
892 5521 1056 5596 apud
1070 5522 1568 5596 Chrysostomum
1579 5524 1908 5581 verborum

299 5590 494 5670 sedem
506 5590 959 5670 jéstiganglaui
984 5590 1309 5670 perotium
1331 5596 1577 5653 eruditis
1602 5598 1906 5670 permitto.

363 5664 587 5744 (illi?!
617 5681 779 5744 oper
803 5666 892 5723 De
910 5664 1049 5744 ﬁde.
1077 5666 1182 5724 lib-
1211 5683 1271 5737 ιι,
1302 5684 1436 5744 cap-
1470 5670 1524 5737 7,
1556 5664 1623 5727 ιιῑ
1654 5674 1743 5729 56.

364 5734 468 5809 (3t)
487 5737 621 5797 Lib.
655 5734 763 5797 cit.
793 5734 928 5812 cap.
951 5740 1008 5811 8,
1037 5734 1101 5799 η.
1131 5744 1225 5801 70.

1592 396 1941 458 THESAURI
1981 395 2110 454 LIB.
2150 395 2304 455 XXV.

3530 408 3637 465 226

2592 519 3029 592 Chrysostomi.

2055 628 2144 682 29.
2184 624 2298 683 Sed
2346 641 2526 683 carne
2569 633 2900 701 assumpta,
2931 629 3070 687 sinit
3096 645 3233 689 eam
3262 636 3494 690 naturre
3542 635 3637 691 in-

1987 714 2298 772 firmitates
2336 716 2620 788 perferre,
2644 717 2921 776 videlicet
2973 725 3029 776 et
3077 720 3259 789 sitire,
3309 727 3367 779 et
3403 724 3639 796 requie-

1988 820 2171 876 scere,
2206 809 2263 862 et
2284 804 2563 863 laborare
2589 824 2602 862 :
2635 806 2897 880 denique
2918 808 2998 866 ad
3024 825 3263 867 crucem
3293 811 3636 885 deveniens,

1990 893 2128 951 sinit
2156 910 2400 951 carnem
2431 911 2567 968 quas
2599 901 2740 953 sunt
2768 898 3014 971 propria
3067 900 3343 971 ejusdem
3391 903 3639 975 perpeti.

1989 980 2433 1057 Proptereaque
2463 990 2520 1041 et
2571 984 2808 1042 sudoris
2839 987 2945 1043 rivi
2975 1003 3050 1043 ex
3078 1004 3150 1045 ea
3176 988 3547 1057 deﬂuebant,
3587 994 3645 1047 et

1990 1072 2244 1144 angelus
2275 1073 2558 1146 apparuit
2595 1074 2759 1132 illam
2798 1076 3180 1145 confortans;
3212 1085 3270 1135 et
3292 1079 3561 1137 tristatur
3588 1085 3645 1138 et

1991 1167 2209 1218 maesta
2242 1168 2348 1218 est.
2392 1166 2539 1219 Nam
2587 1169 2645 1220 et
2674 1170 3001 1237 antequam
3033 1167 3162 1223 haec
3205 1167 3427 1225 diceret
3458 1185 3472 1222 :
3498 1171 3644 1225 Ani-

1990 1267 2109 1321 ma,
2132 1252 2346 1325 inquit,
2375 1268 2504 1309 mea
2535 1254 2779 1311 turbata
2805 1263 2910 1321 est,
2939 1257 3084 1313 Item
3117 1275 3130 1313 :
3169 1260 3378 1315 Tristis
3408 1266 3489 1317 est
3516 1261 3644 1318 ani-

1991 1356 2091 1397 ma
2121 1355 2252 1397 mea
2282 1356 2468 1413 usque
2497 1343 2579 1398 ad
2607 1349 2875 1400 mortem.

2670 1539 2977 1609 Ejusdem.

2068 1644 2162 1699 30.
2203 1641 2433 1700 Christo
2463 1647 2664 1701 autem
2696 1661 2916 1717 corpus
2941 1650 3065 1702 erat
3093 1646 3357 1720 peccatis
3400 1664 3643 1721 purum,

1996 1746 2122 1788 non
2160 1736 2362 1789 tamen
2418 1733 2797 1790 naturalibus
2853 1736 3307 1793 necessitatibus
3346 1738 3638 1795 alienum.

2000 1820 2240 1895 Alioqui
2267 1838 2487 1896 corpus
2517 1838 2638 1879 non
2666 1822 2899 1879 fuisset.

2540 1930 2756 1987 Sancti
2778 1931 3087 1989 Ambrosii.

2069 2038 2160 2093 3t.
2201 2037 2271 2094 Ut
2301 2036 2487 2094 homo
2532 2052 2675 2108 ergo
2713 2037 2964 2105 dubitat,
2997 2043 3063 2095 ut
3112 2039 3299 2097 homo
3339 2041 3639 2098 turbatur.

2000 2127 2130 2183 Non
2163 2126 2438 2184 turbatur
2464 2128 2593 2199 ejus
2624 2129 2834 2196 virtus,
2866 2144 2989 2184 non
3017 2129 3295 2187 turbatur
3320 2131 3449 2202 ejus
3497 2120 3649 2188 divi-

1998 2216 2191 2285 nitas;
2224 2216 2327 2271 sed
2370 2217 2645 2273 turbatur
2692 2216 2898 2273 anima
2930 2234 2943 2273 :
2980 2217 3259 2276 turbatur
3311 2220 3648 2277 secundum

1998 2304 2285 2363 humanm
2314 2305 2649 2376 fragilitatis
2676 2307 3178 2380 assumptionem.

2660 2503 2972 2574 Ejusdem.

2074 2607 2452 2682 32.1Equalis
2482 2623 2624 2680 ergo
2663 2609 2725 2666 in
2762 2610 2863 2667 Dei
2884 2610 3103 2678 forma,
3138 2610 3336 2667 minor
3356 2612 3417 2668 in
3449 2627 3654 2670 susce-

2000 2697 2207 2771 ptione
2227 2698 2425 2754 carnis
2446 2702 2505 2755 et
2526 2699 2792 2755 hominis
2824 2699 3127 2771 passione.
3163 2703 3313 2756 Nam
3343 2702 3655 2774 quomodo

2002 2787 2216 2844 eadem
2238 2792 2443 2860 posset
2470 2790 2667 2845 minor
2687 2803 2815 2844 esse
2840 2788 3214 2862 aequalisque
3239 2793 3485 2847 natura?
3506 2794 3659 2857 Quo-

2004 2876 2188 2933 modo
2221 2881 2424 2933 autem
2472 2878 2520 2932 si
2550 2876 2749 2933 minor
2795 2882 2904 2948 est,
2949 2878 3162 2934 eadem
3216 2881 3483 2936 similiter
3518 2881 3659 2936 facit

2003 2981 2137 3037 quae
2168 2968 2337 3021 Pater
2360 2965 2544 3022 facit?
2570 2970 2717 3021 Nam
2743 2965 3264 3038 quemadmodum
3286 2968 3499 3024 eadem
3518 2984 3660 3041 ope-

2000 3054 2155 3111 ratio
2192 3054 2447 3111 diversaa
2493 3060 2647 3111 esset
2674 3056 2990 3127 potestatis
3015 3056 3042 3110 ‘I
3074 3058 3377 3129 Numquid
3425 3058 3507 3113 sic
3548 3073 3658 3129 po-

2004 3148 2115 3199 test
2144 3144 2361 3209 minor,
2413 3143 2939 3215 quemadmodum
2997 3146 3192 3215 major
3238 3146 3524 3218 operari?
3557 3150 3661 3202 aut

2005 3248 2127 3287 una
2156 3231 2425 3304 operatio
2455 3238 2650 3304 potest
2678 3248 2827 3299 esse,
2886 3232 2991 3287 ubi
3027 3233 3267 3289 diversa
3322 3234 3662 3290 substantia

2004 3322 2130 3377 est?
2161 3324 2365 3393 Itaque
2396 3322 2599 3394 accipe
2644 3321 2947 3377 Christum
3006 3322 3342 3378 secundum
3391 3323 3662 3379 divinita-

2007 3396 2144 3480 tem,
2170 3409 2466 3466 minorem
2496 3425 2617 3466 non
2642 3426 2818 3481 posse
2844 3408 2982 3465 dici.

2532 3517 2746 3573 Sancti
2772 3518 3132 3588 Agathonis.

2080 3628 2166 3681 33.
2202 3626 2269 3680 Et
2317 3623 2465 3681 dum
2517 3623 2778 3680 ostendit
2810 3639 3072 3694 magnus
3126 3624 3500 3700 Ambrosius,
3541 3644 3667 3687 non

2008 3730 2186 3787 posse
2207 3714 2461 3769 diversae
2479 3712 2788 3786 potestatis
2817 3729 3004 3769 unam
3025 3716 3436 3785 operationem
3454 3718 3665 3776 existe-

2009 3819 2219 3871 re,nec
2249 3804 2546 3859 minorem
2573 3819 2755 3875 posse
2775 3803 3190 3876 operariquod
3214 3820 3532 3878 magnam;
3554 3824 3665 3865 nec

2011 3892 2115 3947 ubi
2142 3892 2382 3947 diversa
2414 3891 2752 3947 substantia
2784 3896 2889 3958 est,
2936 3907 3123 3947 unam
3162 3910 3341 3964 posse
3367 3897 3664 3967 operatio-

2010 3998 2151 4038 nem
2172 3979 2442 4051 intelligi,
2466 3980 2838 4036 demonstrat
2860 3981 3193 4037 manifestis
3220 3983 3476 4052 indiciis,
3497 3987 3666 4058 quod

2011 4086 2135 4126 non
2164 4069 2353 4143 possit
2400 4086 2585 4125 unam
2624 4069 2961 4126 naturalem
2994 4072 3407 4143 operationem
3440 4074 3667 4133 habere

2012 4159 2295 4215 divinitas
2327 4164 2385 4216 et
2404 4160 2753 4215 humanitas
2784 4159 3169 4227 Christi,licet
3195 4162 3372 4216 unius
3392 4177 3665 4234 personae

2012 4264 2143 4305 esse
2174 4254 2523 4317 noscantur,
2557 4253 2613 4303 et
2643 4247 2897 4304 alterum
2937 4264 3077 4303 cum
3108 4247 3353 4304 alterius
3393 4266 3668 4309 commu-

2011 4340 2190 4395 nione
2240 4338 2476 4411 operari
2508 4344 2847 4394 cernantur.
2882 4337 2990 4394 Ubi
3016 4339 3220 4410 itaque
3252 4340 3448 4411 major
3487 4345 3544 4397 et
3561 4342 3670 4398 mi-

2010 4443 2122 4483 nor
2151 4426 2368 4482 dicitur
2395 4426 2688 4499 operatio,
2725 4441 2849 4482 non
2902 4425 2978 4481 de
3023 4441 3146 4482 una
3175 4426 3282 4482 sed
3312 4426 3386 4482 de
3425 4428 3669 4485 duabus

2010 4516 2386 4573 naturalibus
2438 4516 2617 4572 unius
2672 4515 2883 4571 Christi
2936 4515 3389 4586 operationibus
3436 4517 3672 4575 intima-

2011 4613 2126 4663 tur.
2154 4644 2216 4652 —
2243 4610 2431 4679 Atque
2477 4606 2606 4661 haec
2632 4606 2881 4678 quidem
2932 4610 3100 4662 sexta
3129 4605 3401 4678 synodus
3431 4607 3670 4665 decreto

2010 4698 2436 4770 ﬁrmavit,quse
2460 4697 2736 4753 videlicet
2758 4700 3002 4753 sanctus
3032 4696 3390 4753 Ambrosius
3422 4698 3674 4770 scripse-
3743 4748 3749 4753 .

2011 4793 2119 4845 rat.
2165 4789 2384 4854 Quinta
2412 4803 2555 4843 vero
2588 4786 2861 4859 synodus
2882 4792 3013 4843 tum
3031 4786 3173 4843 huic
3207 4788 3517 4844 sententiae
3546 4794 3670 4845 tum

2010 4877 2257 4949 reliquis
2310 4881 2658 4933 sanctorum
2726 4878 2964 4932 Patrum
3033 4882 3542 4946 congregatorum
3590 4878 3675 4935 sic

2014 4966 2500 5023 acclamaverat:
2559 4964 2898 5037 Recipimus
2951 4970 3186 5038 cuncta,
3221 4982 3357 5038 quae
3410 4966 3489 5023 ab
3527 4968 3676 5040 ipsis

2014 5058 2174 5114 circa
2198 5064 2421 5114 rectam
2468 5057 2647 5112 tidem
2680 5056 2915 5128 prolata
2963 5060 3104 5111 sunt
3146 5056 3227 5112 ad
3255 5056 3677 5115 haereticorum

2017 5148 2605 5205 condemnationem.
2637 5148 2713 5202 Et
2738 5148 2929 5216 paulo
2948 5153 3103 5216 post.
3130 5149 3195 5203 Et
3225 5146 3273 5201 si
3301 5148 3437 5220 quis
3468 5148 3547 5204 ab
3572 5148 3679 5206 ho-

2017 5254 2154 5295 rum
2176 5253 2475 5294 consensu
2496 5240 2684 5293 semet
2713 5235 3029 5308 abstrahit,
3057 5237 3357 5294 contraria
3390 5236 3676 5309 sentiens,

2090 5523 2204 5590 (32)
2263 5523 2345 5577 Ex
2397 5518 2610 5577 conci].
2666 5534 2725 5576 ιιι
2772 5519 3249 5594 Constantinop.,
3304 5494 3409 5579 'cd.
3476 5520 3681 5594 Coletl,

2020 5595 2537 5797 t'_§ii'rié$i3§
2560 5667 2757 5725 exstat
2785 5667 2982 5724 textus
3034 5665 3205 5740 apud
3241 5665 3490 5726 citatum
3543 5681 3683 5726 con-

2022 5754 2074 5797 οι
2123 5753 2247 5797 um.

2022 5754 2247 5798 cuium.
