4480 6430
823 400 929 465 227

2171 402 2438 463 NICETE
2481 372 2849 463 CHONIATE

4030 378 4036 389 ’
4075 412 4181 467 22s

822 532 919 588 hic
944 535 1235 606 quoniam
1289 535 1453 588 recta
1478 529 1599 586 ﬁde
1630 546 1692 586 se
1722 529 2025 587 abalienat
2061 530 2473 602 haereticisque
2506 534 2553 585 Α
2588 593 2591 602 ί

2411 546 2473 585 ue
2506 534 2553 585 Α
2588 535 2814 603 χωρίσει
2838 534 2904 584 τὰ
2952 530 3155 584 ἐναντία
3202 539 3415 606 φρονῶν,
3454 532 3479 583 6
3517 551 3767 603 τοιουτος,
3800 533 3979 587 ἑαυτὸν
4033 534 4180 588 ἁλλο-

823 628 1237 684 connumerat.
1270 624 1482 679 merito
1505 637 1540 677 a
1570 625 1776 677 sancta
1802 621 1903 676 Dei
1935 619 2194 677 Ecclesia.
2221 620 2473 676 damna-

825 714 919 767 tur
948 715 1127 783 atque
1154 711 1522 767 anathemati
1560 709 1895 781 subjicitur.

828 924 927 980 Ex
979 924 1279 993 synodicis
1317 939 1444 994 qua:
1491 924 1741 979 Romam
1792 924 1953 978 misit
2004 930 2245 978 sanctus
2291 924 2475 979 Pater

898 1002 1098 1051 noster
1128 996 1500 1065 Sophronias
1525 994 1882 1064 patriarcha
1905 995 2474 1063 Hierosolymorum,

898 1068 971 1121 de
999 1067 1301 1122 dominica
1330 1068 1769 1123 incarnatione.
1821 1072 1875 1119 et
1906 1066 2081 1135 quod.
2103 1068 2178 1119 sit
2209 1080 2365 1119 unus
2404 1080 2479 1120 ea:

905 1138 1195 1193 Trim'tate
1214 1139 1381 1193 Jesus
1412 1137 1687 1193 Christus
1717 1136 1911 1191 Filius
1940 1137 2051 1191 Dei
2091 1143 2143 1191 et
2187 1138 2477 1190 Dominus

898 1214 1118 1264 noster.

896 1317 986 1372 34.
1019 1318 1137 1371 Nos
1179 1331 1370 1371 unum
1420 1316 1716 1372 Christum
1748 1319 1806 1371 et
1834 1316 2045 1372 Filium
2073 1314 2476 1385 incarnatum,

821 1419 1041 1476 nempe
1070 1404 1354 1471 Verbum,
1384 1404 1748 1469 asserimus;
1782 1409 1836 1459 et
1867 1405 2111 1460 unicam
2161 1404 2290 1474 ejus
2340 1404 2482 1459 sub-

821 1494 1102 1548 stantiam
1134 1493 1539 1565 compositam
1558 1493 1835 1558 dicimus,
1869 1497 1927 1547 et
1958 1494 2112 1547 duas
2145 1488 2480 1562 ejus’conﬁ-

822 1586 1015 1636 temur
1038 1581 1656 1649 naturas,voluntates
1681 1587 1862 1652 atque
1893 1581 2294 1652 operationes.
2324 1583 2482 1635 Duas

818 1684 1064 1741 quoque
1094 1668 1369 1739 ejusdem
1403 1668 1573 1723 Verbi
1615 1668 1715 1723 Dei
1769 1669 2116 1724 nativitates
2158 1668 2477 1737 credimus,

820 1772 1006 1812 unam
1026 1757 1275 1828 quidem
1301 1772 1374 1812 ex
1398 1757 1518 1812 Deo
1538 1759 1703 1813 Patre
1738 1773 1923 1828 quam
1949 1756 2411 1829 intemporalem
2429 1761 2485 1810 et

2585 628 2741 691 τριῶν
2770 626 2860 673 καὶ
2888 630 2980 682 τῆς
3002 620 3160 693 ὀρθῆς
3196 626 3420 681 πίστεως
3448 626 3539 673 καὶ
3578 630 3688 685 τοῖς
3716 626 3993 697 αὶρετικοῐς
4020 642 4181 675 συνα-

2583 711 2801 783 ριθμῶν,
2839 707 3054 770 δικαίως
3093 713 3205 762 ὑπο
3239 719 3335 772 τῆς
3372 710 3522 781 ἁγίας
3550 719 3642 763 τοῦ
3692 720 3825 765 Θεοῦ
3876 711 4184 772 Ἐκκλησίας

2583 804 2946 873 κατακρίνεται
2965 804 3055 851 καὶ
3084 798 3516 871 ἁναθεματίζεται
3545 800 3673 871 (34).

2585 919 2715 977 Ἀπὸ
2748 932 2846 974 τῶν
2891 919 3178 975 συνοδικῶν
3231 924 3297 972 ὧν
3328 922 3549 995 ἔπεμψεν
3590 922 3637 973 ἐν
3660 922 3827 995 Ῥώμη
3884 924 3909 975 6
3940 922 3987 974 ἐν
4019 923 4185 994 ἁγίοις

2662 1000 2834 1079 Πατὴρ
2868 997 3011 1064 ἡμῶν
3037 998 3316 1075 Σωρρὸνως
3336 993 3641 1067 πατιάρχης
3673 993 4037 1066 Ἰεροσολύμων
4062 993 4184 1079 περὶ

2659 1074 2751 1137 τῆς
2793 1062 3043 1137 ἔνσάρκου
3082 1062 3374 1136 οἰκονομίας
3403 1062 3508 1116 του’
3534 1062 3639 1125 ἑνός
3670 1062 3765 1126 τῆς
3785 1062 3938 1134 ἁγίας
3959 1062 4187 1136 Τριάδος

2658 1136 2833 1193 Ἰησοῦ
2894 1136 3127 1209 Χριστοῦ
3170 1144 3259 1187 τού
3321 1138 3444 1188 Υἱοῦ
3504 1146 3595 1187 τοῦ
3659 1144 3791 1189 Θεοῦ
3836 1136 3926 1188 καί
3994 1142 4186 1211 Κυρίου

2661 1210 2827 1279 ἡμῶν.

2661 1311 2760 1366 λδ’.
2802 1314 2979 1386 Ἡμεῖς
3051 1315 3137 1366 ἕνα
3209 1317 3441 1387 Χριστὸν
3507 1318 3595 1365 καὶ
3659 1316 3777 1365 Υἱόν
3833 1316 3920 1365 τὸν
3990 1333 4189 1385 σαρκω-

2596 1406 2742 1455 θέντα
2780 1407 2945 1473 Λόγον
2998 1400 3343 1473 πρεσϐεύομεν
3379 1418 3390 1430 ·
3442 1405 3531 1453 καὶ
3561 1406 3685 1473 μίαν
3717 1401 3877 1452 αὐτου
3930 1406 4023 1459 τὴν
4064 1403 4190 1452 ύπὸ-

3396 1496 3485 1543 καὶ
3523 1493 3570 1543 έν
3612 1487 3767 1543 δυσὶν
3812 1492 3965 1543 αὐτὸν
4014 1492 4192 1562 ὁμολο-

3301 1578 3556 1650 θελήμασί
3611 1598 3665 1630 τε
3724 1584 3813 1630 καὶ
3868 1577 4188 1652 ἐνεργείαιςν

2596 1512 2782 1545 στασιν
2820 1492 3029 1564 λέγομεν
3063 1494 3303 1544 σύνθετον
3336 1508 3349 1520 ’

2590 1600 2780 1652 γουμεν
2835 1589 2948 1641 ταῖς
3016 1583 3080 1651 φύ
3091 1599 3225 1640 σεσι,

2593 1676 2681 1722 καὶ
2736 1667 2831 1721 δύο
2889 1677 2981 1721 τοῦ
3030 1669 3189 1720 αὑτοῦ
3242 1672 3368 1721 Θεοῦ
3419 1673 3594 1738 Λόγου
3632 1672 3893 1738 γεννήσεις
3944 1670 4192 1719 πιστεύο-

2594 1779 2683 1831 μεν
2720 1776 2731 1787 ·
2780 1764 2903 1831 μίαν
2943 1762 3032 1829 μὲν
3071 1763 3165 1815 τὴν
3209 1756 3264 1808 ἐκ
3293 1764 3425 1809 Θεοῦ
3465 1762 3553 1807 καὶ
3604 1759 3821 1829 Πατρός,
3875 1757 3937 1814 ἣν
3967 1757 4192 1829 ἄχρονον

822 1844 1251 1916 sempiternam
1294 1845 1555 1912 scimus;
1590 1861 1663 1900 ex
1692 1845 1944 1918 Deipara
1994 1851 2182 1900 matre
2209 1844 2480 1926 alteram,
2518 1873 2557 1926 Β

2423 1855 2683 1926 [1,Βκαι
2756 1846 2923 1900 ἀίδιον
2999 1844 3249 1919 οἴδαμεν·
3328 1851 3417 1898 καὶ
3493 1843 3736 1917 δευτέραν
3810 1850 3899 1903 τὴν
3974 1846 4028 1896 ἐκ
4101 1854 4192 1906 τῆς

823 1948 1010 2004 quam
1030 1938 1086 1988 et
1119 1949 1412 2004 nuperam
1444 1938 1502 1988 et
1524 1934 1922 2005 temporalem
1950 1934 2394 2003 cognoscimus.
2424 1925 2485 1986 Et

825 2026 1180 2077 naturarum
1234 2023 1625 2094 proprietates
1696 2024 1919 2077 servari
1983 2023 2259 2086 dicimus,
2329 2021 2482 2076 duas

827 2125 1046 2182 nempe
1076 2110 1361 2183 physicas
1388 2111 1743 2177 voluntates,
1768 2117 1824 2167 et
1844 2112 1998 2167 duas
2029 2112 2311 2182 physicas
2342 2126 2481 2181 ope-

827 2198 1110 2255 rationes.
1149 2203 1215 2255 Et
1243 2189 1542 2272 quatenus
1571 2203 1725 2255 Deus
1756 2205 1866 2271 est,
1899 2200 2480 2255 consubstantialem

826 2287 1026 2359 ipsum
1068 2289 1224 2344 Patri
1263 2288 1638 2344 afﬁrmamus
1671 2306 1683 2343 :
1736 2290 1901 2346 Matri
1939 2295 2138 2345 autem
2179 2288 2479 2360 nobisque

824 2378 1727 2463 consubstantialem,quatenus
1742 2380 1920 2435 homo
1933 2379 2329 2442 est.eumdem
2347 2396 2479 2452 pro-

823 2466 1174 2522 nuntiamus
1200 2485 1213 2534 ;
1248 2466 1540 2523 visibilem
1566 2468 1790 2539 puriter
1819 2473 1876 2523 et
1903 2468 2278 2532 invisibilem,
2312 2482 2478 2523 crea-

818 2560 948 2611 tum
994 2561 1051 2611 et
1099 2556 1455 2621 increatum,
1497 2572 1857 2629 corporeum
1914 2562 1971 2612 et
2029 2557 2476 2629 incorporeum,

819 2643 1305 2700 contrectabilem
1372 2650 1429 2700 et
1488 2644 2066 2715 incontrectabilem,
2112 2644 2479 2701 circumscri-

820 2737 993 2805 ptum
1023 2738 1079 2788 et
1099 2734 2038 2806 incircumscriptum,terrenum
2070 2741 2127 2790 et
2156 2737 2474 2805 caelestem,

824 2837 1005 2879 carne
1024 2839 1163 2878 cum
1189 2823 1466 2879 rationali
1488 2824 1695 2878 anima
1715 2825 2035 2896 prmditum
2060 2830 2116 2880 et
2138 2824 2318 2885 simul
2334 2824 2481 2880 divi-

825 2911 1030 2978 nitate,
1057 2926 1359 2984 nuperum
1389 2917 1446 2968 et
1493 2913 1945 2984 sempiternum,
1976 2914 2267 2969 humilem
2299 2919 2356 2968 et
2384 2928 2479 2968 ex-

830 3000 1079 3065 celsum,
1114 3006 1170 3056 et
1198 3016 1599 3073 qutecumque
1625 3001 1881 3074 duplicis
1902 3002 2377 3075 inseparabiliter
2398 3018 2482 3056 re-

828 3088 1142 3162 periuntur
1170 3096 1419 3145 naturae.
1453 3093 1518 3145 Et
1547 3090 1829 3146 sublimia
1871 3092 2119 3163 quidem
2160 3092 2209 3147 is
2248 3106 2485 3163 semper

2596 1946 2853 1990 Θεοτοκου
2910 1940 3126 2011 μητρὸς,
3170 1936 3231 1994 ἦν
3288 1940 3377 1999 καὶ
3442 1938 3740 2008 πρόσφατον
3800 1939 3889 1985 καὶ
3940 1938 4193 2006 χρονικήν

2593 2026 2961 2098 ἐπιστάμεθα·
3027 2031 3116 2077 καὶ
3183 2028 3248 2075 τὰ
3310 2032 3408 2075 τῶν
3466 2026 3661 2094 φύσεων
3723 2025 3983 2093 φάσκομεν
4038 2025 4193 2084 σύζε-

2595 2118 2720 2167 σθαι
2772 2113 2889 2167 ῖδια
2921 2133 2957 2148 ἰ
2990 2118 3230 2166 τουτέστι
3270 2110 3367 2164 δύο
3416 2114 3614 2183 φυσικὰ
3655 2111 3939 2182 θελήματα,
3979 2108 4194 2163 καὶδύο

2592 2207 2819 2276 φυσικὰς
2893 2204 3146 2278 ἐνεργείας
3180 2220 3191 2230 ⁸
3270 2207 3360 2253 καὶ
3435 2203 3711 2272 όμοούσιον
3786 2202 3851 2259 ὡς
3919 2204 4047 2252 Θεὸν
4122 2208 4193 2268 τῷ

2594 2299 2759 2368 Πατρὶ
2816 2297 2902 2345 τὸν
2957 2293 3113 2343 αὐτὸν
3173 2290 3533 2364 ἀναγράφομεν
3574 2303 3587 2317 ⁸

2590 2388 2753 2455 μητρὶ
2802 2387 2891 2433 καὶ
2944 2383 3067 2453 ἡμῖν
3097 2384 3184 2431 τὸν
3234 2380 3388 2430 αύτον
3438 2382 3505 2438 ὡς
3553 2378 3821 2449 ἄνθρωπον
3870 2378 4134 2448 φάσκομεν
4170 2398 4181 2410 ·

3650 2294 3739 2340 καὶ
3792 2290 3817 2339 6
3822 2291 4072 2360 μοούσιον
4129 2296 4191 2360 τῇ

2591 2473 2773 2542 ὁρατὸν
2815 2470 2971 2521 αὐτὸν
3018 2474 3106 2521 καὶ
3155 2467 3409 2541 ἀόρατον·
3464 2470 3672 2517 κτιστόν
3726 2469 3813 2517 τὸν
3876 2466 4032 2517 αὑτὸν
4090 2468 4192 2517 ὡσ-

2590 2563 2758 2622 αύτως
2795 2566 2884 2612 καὶ
2936 2562 3181 2611 οἴκτιστον
3214 2576 3225 2587 ·
3291 2566 3443 2629 σῶμα
3498 2560 3585 2608 τὸν
3634 2555 3790 2608 αὐτόν
3837 2553 3927 2607 καὶ
3981 2553 4194 2626 ἀσώμα-

2586 2669 2671 2701 τον
2710 2666 2722 2678 ⁶
2786 2649 2948 2701 ἁπτόν
3000 2652 3087 2699 τόν
3145 2647 3299 2699 αὐτὸν
3354 2651 3443 2697 καὶ
3492 2644 3745 2716 ἀνέπαφον
3781 2663 3793 2674 ’
3842 2647 4195 2717 περιγραπτὸν

2588 2742 2674 2791 τὸν
2720 2738 2875 2790 αὐτόν
2915 2743 3003 2789 καὶ
3036 2736 3417 2811 ἀπερίγραπτον
3450 2750 3467 2766 ⁹
3502 2732 3723 2804 ἐπίγειον
3771 2736 3858 2784 τόν
3898 2732 4050 2784 αὐτόν
4106 2738 4197 2784 καὶ

2590 2829 2826 2901 οὐράνιον
2862 2844 2874 2855 ·
2947 2830 3119 2901 σάρκα
3181 2830 3268 2878 τὸν
3336 2824 3491 2875 αύτόν
3558 2822 3906 2893 ἐψυχωμένην
3976 2821 4197 2892 λογικῶς

2597 2922 2688 2968 καὶ
2757 2919 3019 2975 θεότητα·
3080 2919 3381 2990 πρόσφατον
3445 2916 3542 2968 τὸν,
3593 2911 3749 2962 αύτὸν
3823 2916 3913 2961 καὶ
3974 2907 4147 2961 ἀίδιον
4181 2922 4193 2932 ’

2594 3009 2833 3057 ταπεινόν
2860 3008 2947 3057 τόν
2996 3005 3151 3057 αὑτὸν
3214 3009 3302 3055 καὶ
3341 3005 3624 3074 ὑπέρτατον
3659 3021 3671 3033 ’
3713 3005 3803 3051 καὶ
3860 3001 3960 3051 ὅσα
4012 2995 4197 3059 διττῆς

2596 3094 2888 3169 ἀμερίστως
2954 3096 3251 3169 εὑρίσκεται
3308 3096 3530 3164 φύσεως.
3594 3094 3695 3143 Καὶ
3749 3092 3815 3140 τα
3874 3092 3963 3160 μὲν
4021 3087 4199 3158 ύψηλα

829 3176 1065 3278 habuit,
1091 3183 1292 3250 utpote
1323 3180 1690 3251 sempiterna
1712 3186 1929 3235 natura
1954 3181 2266 3253 praeditus;
2292 3181 2487 3236 humi-
2517 3223 2558 3278 Ο
2597 3208 2598 3212 η

2430 3181 2487 3235 Ii-
2517 3223 2558 3278 Ο
2597 3187 2837 3259 ύπῆρχεν
2868 3185 2965 3247 αεὶ,
3019 3188 3087 3244 ὡς
3117 3186 3272 3255 φύσιν
3335 3184 3473 3252 ἔχων
3513 3176 3685 3231 αῖδιον
3718 3195 3730 3207 ·
3774 3180 3841 3229 τὰ
3889 3174 3948 3229 δέ
3984 3180 4199 3229 ταπεινὰ

826 3266 909 3322 lia
935 3282 1078 3321 vero
1099 3271 1343 3339 propter
1365 3281 1475 3324 nos
1503 3270 1785 3324 extremis
1806 3270 2181 3341 temporibus
2207 3272 2484 3328 immuta-

826 3354 1024 3411 biliter
1057 3356 1291 3422 ascivit,
1319 3362 1564 3429 propter
1590 3364 1969 3431 assumptam
1999 3361 2335 3415 humanam
2381 3377 2486 3416 na-

827 3445 1243 3509 turam.Quare
1263 3461 1421 3501 unus
1449 3445 1627 3502 simul
1651 3462 1783 3502 esse
1807 3448 2276 3519 deprehenditur
2306 3456 2485 3522 atque

827 3532 979 3588 duo:
1011 3549 1169 3588 unus
1189 3535 1434 3606 quidem
1458 3536 1793 3592 secundum
1824 3538 2273 3594 subsistentiam
2305 3546 2484 3611 atque

828 3636 1177 3694 personam,
1221 3623 1343 3679 duo
1370 3640 1514 3681 vero
1543 3625 1878 3683 secundum
1926 3628 2089 3701 ipsas
2129 3634 2377 3684 naturas
2414 3645 2485 3684 ac

829 3720 1138 3776 naturales
1169 3736 1379 3777 earum
1410 3723 1824 3795 proprietates,
1851 3724 2125 3781 videlicet
2161 3725 2484 3782 voluntatis

829 3814 887 3866 et
915 3810 1300 3882 operationis.
1332 3813 1588 3884 Utraque
1636 3814 1795 3868 enim
1844 3812 2041 3870 forma
2088 3831 2227 3870 cum
2274 3820 2486 3871 mutua

829 3902 1258 3957 communione
1278 3906 1563 3974 operatur
1590 3903 1756 3975 quod
1785 3905 2097 3977 proprium
2128 3905 2222 3961 sui
2246 3910 2335 3961 est
2360 3918 2371 3957 :
2404 3905 2486 3960 ita

829 3994 898 4046 ut
926 3990 1185 4045 Verbum
1209 3997 1490 4063 operetur
1513 3992 1681 4066 quod
1703 3993 1882 4049 Verbi
1906 3996 2221 4067 proprium
2242 4000 2329 4051 est
2344 4010 2483 4050 cum

829 4081 1103 4152 corporis
1152 4081 1618 4149 communione;
1661 4098 1881 4155 corpus
1925 4088 2128 4139 autem
2170 4100 2307 4159 quae
2346 4088 2487 4139 sunt

828 4170 1077 4242 propria
1092 4170 1342 4242 peragit,
1364 4186 1488 4227 non
1514 4171 1641 4227 sine
1660 4171 1835 4227 Verbi
1859 4174 2483 4244 cooperatione.Porro

827 4274 903 4315 ex
917 4259 1011 4314 his
1040 4274 1232 4315 unum
1259 4260 1550 4332 prodigiis
1567 4267 1863 4331 coruscat,
1890 4262 2143 4318 alterum
2176 4267 2482 4318 contume-

824 4347 937 4404 lias
964 4348 1310 4421 perpetitur.

1003 4454 1063 4512 S.
1107 4456 1325 4513 Basilii
1347 4458 1413 4513 in
1442 4458 1605 4514 illud
1631 4473 1657 4515 .⁶
1694 4480 1724 4509 ‹‹
1755 4459 1885 4530 Ego
1914 4476 2045 4516 sum
2077 4460 2234 4516 vitis.
2267 4478 2300 4514 ›

900 4657 989 4710 35.
1014 4652 1117 4709 Hic
1140 4669 1237 4709 me
1260 4652 1557 4711 invadunt
1583 4655 1864 4730 haeretici,
1896 4658 2183 4731 aiuntque
2212 4675 2225 4714 :
2252 4657 2310 4715 Si
2344 4656 2481 4714 vitis

829 4750 919 4801 est
949 4746 1245 4806 Servator,
1274 4758 1384 4799 nos
1414 4744 1715 4816 palmites,
1748 4748 2014 4818 agricola
2038 4754 2242 4804 autem
2279 4751 2480 4823 Pater;

826 4850 1040 4891 rursus
1062 4834 1110 4889 si
1130 4833 1406 4906 palmites
1426 4836 1700 4906 ejusdem
1719 4845 1946 4895 naturae
1968 4842 2227 4913 sunt,ch
2238 4859 2306 4898 us
2324 4844 2485 4913 vitis,

826 4924 963 4981 vitis
983 4928 1186 4980 autem
1205 4939 1329 4980 non
1349 4930 1438 4981 est
1456 4926 1735 4997 agricolae
1748 4928 2295 5001 consubstantialis;
2311 4932 2488 4989 Filius

826 5014 1075 5087 quidem
1117 5013 1392 5084 ejusdem
1422 5023 1516 5072 est
1538 5022 1764 5073 naturae
1794 5020 1970 5091 cujus
2009 5036 2121 5077 nos
2153 5038 2488 5096 sumusque

824 5116 941 5159 nos
970 5101 1166 5174 ipsius
1205 5116 1392 5174 pars:
1433 5120 1559 5161 non
1608 5111 1811 5162 autem
1865 5107 2041 5163 Filius
2092 5110 2364 5181 ejusdem
2402 5116 2491 5167 est

822 5197 1057 5248 natura
1084 5192 1261 5264 cujus
1286 5195 1477 5263 Pater,
1532 5194 1641 5251 sed
1669 5196 1923 5254 omnino
1971 5197 2223 5255 alienus.
2258 5200 2488 5266 Quibus

821 5281 1604 5355 respondebimus,vocatos
1629 5301 1743 5342 nos
1770 5303 1903 5343 esse
1924 5304 2049 5343 non
2073 5288 2311 5345 deitatis
2332 5290 2489 5346 illius

822 5371 1126 5444 palmites,
1162 5372 1267 5427 sed
1316 5375 1556 5446 carnis;
1596 5376 1933 5433 secundum
1976 5394 2116 5434 eum
2147 5380 2253 5452 qui
2291 5379 2439 5436 dixit
2472 5399 2485 5450 ;

824 5461 943 5516 Nos
1001 5462 1177 5517 enim
1208 5478 1415 5519 sumus
1464 5479 1681 5533 corpus
1730 5464 1961 5522 Christi
2002 5472 2059 5523 et
2095 5468 2364 5526 membra
2414 5485 2490 5526 ea:

896 5667 1013 5812 23L)
1042 5668 1129 5725 Ex
1155 5667 1371 5727 conci].
1396 5668 1494 5727 cit.
1517 5674 1558 5728 t.
1588 5672 1702 5756 VII,
1726 5688 1788 5746 p.
1811 5675 2074 5755 β97-899.

924 5745 1020 5812 35}
1046 5742 1356 5800 Adversus
1374 5743 1763 5812 Eunomzum,
1783 5746 1893 5804 lib.
1914 5760 1978 5805 ιν
1996 5746 2074 5805 ed

2510 4575 2559 4631 D

2598 3270 2671 3326 δί’
2730 3275 2868 3347 ἡμᾶς
2922 3273 2969 3323 ἐν
3018 3277 3195 3345 χρόνῳ
3256 3270 3469 3343 ἐσχάτῳ
3528 3268 3788 3343 ἀτρέπτως
3846 3268 4063 3337 ἐγένετο,
4129 3268 4199 3326 ὡς

2596 3366 2750 3435 φύσιν
2824 3361 3132 3435 προσλαϐὼν
3205 3365 3299 3418 τὴν
3367 3358 3701 3433 ἀνθρώπειον.
3761 3360 3860 3408 Καὶ
3942 3358 4082 3407 ἔστιν
4148 3355 4197 3407 ἓν

2594 3458 2684 3505 καὶ
2751 3448 2849 3504 δύο
2906 3454 2931 3503 6
2989 3452 3146 3512 αὐτὸς
3201 3451 3579 3522 γνωριζόμενος
3613 3468 3625 3480 ο
3677 3446 3725 3499 ἓν
3791 3448 3881 3517 μὲν
3932 3448 4067 3496 κατὰ
4108 3450 4195 3501 τὴν

2593 3544 2888 3594 ὑπόστασιν
2918 3546 3009 3593 καὶ
3053 3545 3111 3593 τὸ
3142 3545 3441 3615 πρόσωπον,
3472 3535 3569 3589 δύο
3619 3532 3677 3588 δὲ
3714 3536 3849 3586 κατὰ
3878 3536 3969 3595 τὰς
4017 3537 4197 3605 φύσεις

2593 3631 2756 3692 αύτὰς
2822 3636 2911 3683 καὶ
2972 3632 3063 3690 τὰς
3114 3631 3338 3699 φυσικὰς
3395 3627 3564 3679 αὐτῶν
3621 3621 3910 3690 ἰδιότητας,
3964 3622 4096 3693 λέγω
4137 3618 4197 3673 δε

2596 3722 2883 3795 θελήματος
2931 3726 3019 3773 καὶ
3058 3719 3311 3795 ἐνεργείας
3338 3735 3351 3748 ·
3412 3717 3723 3791 ἐνεργούσης
3778 3714 4023 3788 ἑκατέρας
4060 3732 4195 3787 μορ-

2595 3822 2693 3885 φῆς
2738 3814 2869 3885 μετὰ
2897 3819 2985 3872 τῆς
3016 3812 3231 3883 θατέρου
3280 3812 3565 3870 κοινωνίας,
3599 3808 3719 3879 ὅπερ
3758 3801 3818 3857 ’ίδ
3825 3824 3898 3856 ιον
3946 3804 4147 3875 ἔσχηκε
4174 3818 4189 3832 ·

2592 3921 2681 3954 του
2721 3906 2811 3975 μὶν
2860 3906 3033 3973 Λόγου
3086 3899 3536 3975 κατεργαζομένου
3588 3894 3727 3947 τουθ’
3773 3896 3894 3966 ὅπερ
3955 3891 4068 3943 ἐστὶ
4105 3897 4197 3944 τοῦ

2593 3996 2768 4063 Λόγου
2800 4010 2929 4063 μετα
2966 3998 3062 4051 τῆς
3091 3993 3360 4048 κοινωνίας
3385 3994 3477 4038 τοῦ
3507 3991 3769 4057 σώματος,
3817 4002 3907 4034 του
3938 3977 3997 4034 δε
4024 3985 4197 4054 σωμά-

2592 4100 2681 4143 τος
2727 4079 3069 4140 έκετελοῡντος
3116 4077 3244 4150 οἷπερ
3292 4075 3403 4128 ἐστὶ
3431 4083 3521 4127 τοῦ
3576 4081 3840 4146 σώματος,
3871 4088 4201 4131 κοινωνοντος

2594 4172 2735 4242 αύτῷ
2795 4190 2887 4223 του
2950 4175 3125 4241 Λόγου
3178 4176 3269 4228 τῆς
3324 4165 3575 4240 πράξεως,
3620 4168 3721 4216 Καὶ
3770 4165 3830 4213 τό
3883 4164 3973 4234 μὲν
4031 4159 4198 4211 αὐτῶν
4274 4207 4281 4215 ,

2593 4258 2879 4333 διαλάμπει
2930 4266 3041 4320 τοῖς
3097 4260 3351 4329 θαύμασι,
3384 4258 3442 4307 τὸ
3475 4250 3535 4306 δε
3588 4260 3705 4313 ταῖς
3743 4250 3954 4323 ύϐρεσιν
4000 4250 4201 4301 ύποπέ-

2589 4370 2781 4407 πτωκε.

2770 4459 2877 4514 Τοῦ
2908 4458 3060 4531 ἁγίου
3087 4455 3361 4511 Βασιλείου
3403 4454 3473 4531 είς
3506 4457 3587 4521 τὸ,
3622 4474 3650 4503 ι(
3682 4450 3959 4523 Ἐγὼεἰμι
3986 4450 4016 4507 ἡ

3172 4528 3398 4601 ἄμπελος
3428 4527 3557 4596 (35).
3585 4547 3614 4575 ››

2660 4658 2744 4714 λε’.
2793 4658 3047 4711 Ἐνταυθά
3085 4676 3176 4729 μοι
3229 4652 3646 4711 ἄπισκήπτουσιν
3694 4651 3745 4702 οἱ.
3801 4650 4053 4722 αἰρετικοὶ
4108 4647 4198 4696 καὶ

2594 4769 2750 4822 φασιν
2780 4766 2792 4778 ’
2828 4748 2887 4801 Εἰ
2939 4745 3161 4818 ἄμπελος
3215 4744 3355 4816 μενό
3388 4746 3585 4816 Σωτὴρ,
3629 4739 3874 4811 κλήματα
3923 4733 3981 4789 δε
4024 4737 4194 4807 ἡμεῖς,

2593 4840 2822 4912 γεωργός
2885 4833 2944 4888 δὲ
3008 4837 3032 4886 6
3082 4839 3279 4907 Πατὴρ,
3344 4835 3409 4883 τὰ
3467 4828 3525 4883 δε
3575 4829 3821 4901 κλήματα
3876 4828 4075 4899 ὁμοφυῆ
4131 4830 4193 4895 τῇ

2596 4927 2829 5001 ἀμπέλῳ,
2884 4928 2914 4984 ἡ
2980 4921 3039 4977 δε
3094 4923 3316 4997 ἄμπελος
3372 4921 3479 4993 ούχ
3530 4922 3755 4992 ὁμοφυής
3806 4924 3877 4986 τῷ
3933 4920 4149 4988 γεωργῷ
4182 4927 4195 4941 “

2562 5012 2821 5091 ¹ὁμοφυὴς
2861 5018 2965 5091 ἄρα
3008 5016 3132 5087 ἡμῖν
3181 5015 3207 5064 6
3258 5014 3395 5079 Υἱὸς,
3431 5016 3520 5063 καὶ
3568 5014 3722 5083 μέρος
3773 5009 3925 5079 ἡμεῖς
3989 5022 4149 5056 αυτου
4183 5018 4199 5035 ο

2598 5108 2705 5179 οὐχ
2742 5108 2971 5179 ὁμοφυὴς
3016 5100 3073 5156 δὲ
3130 5110 3202 5173 τῷ
3247 5106 3415 5175 Πατρὶ
3444 5101 3470 5151 6
3500 5101 3642 5164 Υἱὸς,
3675 5096 3803 5148 ἀλλὰ
3854 5096 3988 5147 κατὰ
4034 5093 4205 5144 πάντα

2600 5198 2893 5273 ἀλλότριος.
2961 5198 3099 5268 Πρὸς
3163 5191 3253 5254 οὓς
3328 5189 3585 5266 έρουμεν·
3657 5186 3733 5239 Ού
3798 5192 3893 5246 τῆς
3963 5185 4205 5273 θεότητος

2599 5272 2778 5357 αὐτοῦ,
2850 5285 2978 5338 ἀλλὰ
3033 5292 3124 5344 τῆς
3174 5285 3369 5355 σαρκός
3433 5282 3632 5353 εἴρηκεν
3698 5278 3836 5346 ἡμᾶς
3895 5274 3920 5324 6
3973 5272 4206 5343 Χριστός

2597 5384 2878 5451 κλήματα·
2940 5376 3077 5427 κατὰ
3124 5376 3212 5424 τόν
3247 5364 3464 5423 ἐἶπόντα
3498 5386 3509 5398 ·
3566 5366 3739 5442 Ἡμεῖς
3775 5366 3877 5437 γὰρ
3937 5360 4088 5433 ἐσμεν
4143 5360 4203 5409 τὸ

2601 5448 2754 5541 σῶμα
2798 5474 2890 5519 τοῦ
2950 5469 3186 5539 Χριστοῦ
3230 5465 3321 5512 καὶ
3375 5458 3502 5532 μέλη
3562 5458 3619 5509 ix
3671 5458 3881 5531 μέρους.
3939 5454 4041 5505 Καὶ
4097 5448 4207 5501 πά·-

924 5745 1020 5812 35}
1046 5742 1356 5800 Adversus
1374 5742 1763 5817 Eunomiuni,
1783 5746 1893 5804 lib.
1914 5760 1978 5805 iv
1996 5746 2096 5805 ed.
2124 5745 2411 5821 Garnerii,
2441 5752 2487 5808 t.
2515 5749 2564 5820 Ι,
2590 5762 2658 5822 p.
2685 5749 2814 5807 291.
