4480 6430
267 348 351 428 ιιι

1572 359 1918 453 THESAURI
1956 369 2087 427 LIB.
2125 369 2278 426 xxv.

3502 378 3608 435 230

267 496 360 546 λιν·
396 494 508 547 Ούκ
554 492 736 547 οἴδατε
768 498 848 548 ὅτι
889 499 954 548 τὰ
1001 501 1221 566 σώματα
1259 496 1404 565 ἡμῶν
1447 493 1573 565 μέλη
1617 500 1849 565 Χριστοῦ
1886 497 1934 550 Α
1959 509 2036 563 pa

1837 502 1849 545 ἱ
1886 497 1934 550 A
1959 496 2213 563 parte“.
2240 496 2306 549 Et
2337 509 2610 549 rursum:
2641 494 2892 552 Nescitis
2913 498 3073 567 quod
3102 513 3358 581 corpora
3386 506 3606 573 vestra,

270 583 425 649 ἐστιν;
469 583 580 635 Ούκ
628 584 698 643 εἰς
736 590 830 642 τὴν
880 587 1099 642 θεότητα
1130 580 1216 635 οὖν
1255 603 1345 634 του
1396 588 1591 652 Λόγου,
1624 582 1731 634 ἀλλ’
1782 583 1852 643 εἰς

270 677 346 730 τὴν
392 671 717 743 ἀνθρωπίνην
757 674 915 725 αὐτοῦ
946 678 1238 747 παρουσίαν
1284 670 1514 743 ἀναφέρω
1554 676 1629 741 τὸ,
1661 672 1789 742 Ἐγὼ
1819 675 1848 730 ἦ

272 761 481 831 ἄμπελος
508 783 519 792 ·
556 763 707 831 ἡμεῖς
735 765 835 832 γὰρ
867 766 1000 813 κατά
1030 767 1086 813 τό
1121 771 1273 832 σῶμα
1310 770 1400 811 του
1432 766 1623 833 Κυρίου
1667 779 1852 830 συγγε-

270 859 350 909 νεῖς
377 850 527 921 ἐσμεν
550 872 561 882 -
597 858 685 901 καὶ
726 851 879 912 αὐτὸς
913 849 1005 903 διὰ
1050 859 1203 902 τοῦτο
1252 847 1384 901 εἶπεν
1412 867 1422 877 ·
1461 850 1759 920 Ἀπαγγελῶ
1796 853 1852 901 τὸ

274 942 413 1010 όνομά
473 960 567 991 σου
616 949 724 1000 τοῖς
783 937 1024 1011 uris/emi;
1080 960 1217 1012 μου·
1272 944 1358 990 καὶ
1408 942 1579 1013 ὡσπερ
1635 938 1743 991 ἐστὶ
1791 943 1855 990 τὰ

272 1030 495 1098 xituth
535 1030 791 1099 ομοούσια
828 1038 915 1088 τῆς
966 1029 1191 1100 ἀμπέλου
1234 1033 1323 1078 καὶ
1378 1027 1429 1089 ἐξ
1478 1028 1669 1087 αὐτῆς,
1722 1028 1854 1079 οὕτω

272 1122 345 1165 καὶ
375 1119 543 1186 ἡμεῖς,
581 1120 795 1187 ὁμογενῆ
846 1122 907 1169 τὰ
942 1126 1156 1188 σωματα
1187 1120 1392 1187 ἔχοντες
1424 1125 1493 1184 τῲ
1530 1126 1733 1187 σώματι
1763 1124 1853 1167 τοῦ

278 1212 472 1275 Κυρίου,
508 1206 560 1256 ἐκ
595 1214 683 1256 τον
716 1206 1059 1277 πὶηρνέιματος
1087 1206 1247 1257 αὐτου
1273 1204 1621 1277 luueuvoun'
1652 1206 1856 1257 κακεῖνο

272 1295 400 1367 pater:
443 1298 630 1365 ἔχομεν
682 1296 747 1354 εἰς
792 1300 879 1349 τὴν
931 1295 1217 1346 ἀνάστασιν
1271 1301 1358 1345 και
1415 1300 1506 1351 τὴν
1572 1300 1854 1367 σωτηρίαν.

272 1383 319 1434 Ὀ
356 1380 407 1433 δὲ
443 1390 621 1457 Πατήρ
667 1388 867 1455 εἴρηται
899 1387 923 1434 ο
960 1390 1225 1456 γεωργός·
1264 1385 1417 1443 αὐτος
1448 1388 1547 1455 γὰρ
1578 1385 1857 1455 εἰργάσατο

276 1468 355 1523 διὰ
396 1482 483 1522 τον
530 1478 700 1541 Λόγου
732 1477 824 1528 τήν
868 1474 1112 1541 άμπεὶον,
1148 1476 1258 1531 ἣτις
1305 1473 1414 1523 ἐστὶ
1446 1478 1500 1522 το
1544 1471 1858 1546 ἀνθρωπινον

276 1568 353 1611 του
382 1568 647 1634 Σωτῆρος·
683 1568 772 1612 καὶ
812 1562 967 1622 αὐτὸς
1018 1558 1089 1611 δι’
1131 1564 1289 1612 αὐτου
1342 1570 1428 1612 του
1466 1567 1636 1630 Atr/ou
1668 1566 1760 1617 τὴν
1792 1561 1861 1619 εἰς

276 1648 528 1719 βασιλείαν
562 1653 685 1721 ἡμῖν
717 1648 838 1701 όὸόν
870 1654 1171 1721 ἡτοίμασεν.

321 1781 413 1826 Τοῦ
452 1780 838 1846 Χρυσοστόμου
878 1774 1055 1845 ὁμιλία
1094 1776 1161 1834 κζ
1200 1776 1267 1834 εἰς
1306 1779 1363 1825 τό
1403 1776 1539 1825 κατὰ
1578 1775 1816 1831 Ἰωάννην

720 1834 786 1917 άγ
796 1867 866 1897 ιον
902 1834 1212 1917 Ῐ-ὶυαγγελιον
1253 1850 1365 1915 ι36)
1376 1889 1388 1901 ,

340 1968 432 2032 λς’.
474 1971 535 2022 Εἰ
592 1973 658 2021 τὰ
717 1969 917 2040 ἐπίγεια
974 1967 1113 2021 εἶπον
1175 1972 1314 2041 ὑμῖν,
1377 1974 1466 2020 καὶ
1526 1969 1862 2033 sitiren-

280 2078 377 2124 ετε,
430 2068 575 2124 πῶς,
634 2059 718 2110 ἐὰν
783 2063 905 2111 εἴπω
957 2061 1078 2125 ὑμῖν
1146 2062 1210 2109 τὰ
1273 2058 1590 2130 ἐπουράνια,
1642 2062 1863 2109 πιστεύ-

282 2167 401 2204 σετε.
464 2152 598 2213 Καὶ,
668 2145 856 2207 Οὐδεὶς
921 2146 1234 2204 ἀναϐέϐηκεν
1296 2148 1362 2207 εἰς
1446 2151 1533 2198 τὸν
1608 2147 1861 2220 οὐρανὸν,

280 2237 317 2287 εἰ
368 2242 433 2307 μὴ
503 2238 528 2287 ὁ
590 2236 643 2287 ἐκ
709 2246 800 2288 του
867 2238 1088 2309 ούρανοῦ
1156 2235 1431 2304 καταϐὰς,
1500 2238 1526 2287 ὁ
1592 2239 1712 2296 Υἱός
1774 2244 1865 2288 τοῦ

280 2323 538 2398 ανθρώπου
584 2327 608 2375 ὁ
662 2327 729 2375 ὡν
780 2325 828 2375 ἐν
886 2334 957 2395 τῷ
1016 2325 1235 2399 ούρανῷ.
1298 2329 1417 2377 Υίόν
1476 2321 1536 2376 δι
1594 2323 1909 2398 ἀνθρώπου.

278 2414 485 2466 ἐνταῦθα
560 2415 617 2466 οὐ
678 2420 774 2472 τὴν
846 2418 1017 2485 σάρκα
1093 2415 1366 2475 ἐκάλεσεν,
1437 2414 1543 2465 ἀλλ’
1611 2413 1712 2466 ἀπὸ
1773 2423 1868 2475 τῆς

280 2502 530 2565 ἐλάττονος
610 2503 791 2564 οὐσίας
858 2504 968 2555 ὅλον
1048 2503 1267 2572 ἑαυτὸν,
1337 2504 1398 2555 ἶν’
1464 2504 1628 2565 οὕτως
1702 2508 1866 2569 εἴπω,

1960 582 2225 638 membra
2259 582 2486 638 Christi
2512 584 2715 638 sunt"
2738 583 2766 638 ?
2798 587 2924 639 Non
2949 585 3128 655 igitur
3147 587 3226 642 ad
3258 588 3430 645 Verbi
3458 589 3610 647 divi-

1962 671 2227 733 nitatem,
2265 669 2373 735 sed
2421 670 2500 725 ad
2528 671 2867 726 humanum
2898 673 3029 742 ejus
3069 674 3401 731 adventum
3429 678 3614 735 verba

1960 758 2176 814 refero:
2199 759 2326 827 Ego
2342 774 2470 813 sum
2494 760 2626 813 vitis
2640 761 2706 813 ’9.
2729 763 2843 815 Nos
2860 762 3019 815 enim
3043 763 3376 832 secundum
3394 780 3612 837 corpus

1962 848 2200 917 cognati
2244 863 2457 902 sumus
2506 849 2761 903 Domini.
2799 851 2861 904 Et
2904 850 3029 921 ipse
3078 858 3397 923 propterea
3425 854 3612 922 dixit,

1962 936 2267 991 Nuntiabo
2296 951 2508 990 nomen
2546 942 2712 990 tuum
2754 938 3048 1006 fratribus
3078 941 3299 997 meis“.
3333 944 3399 997 Et
3441 944 3617 999 sicuti

1964 1024 2239 1097 palmites
2286 1024 2829 1080 consubstantiales
2860 1032 2997 1081 sunt
3026 1028 3126 1083 viti
3156 1046 3230 1085 ex
3258 1046 3451 1103 eaque
3480 1048 3617 1104 pro-

1965 1114 2207 1175 cedunt,
2249 1114 2332 1167 sic
2362 1119 2419 1167 et
2457 1129 2567 1168 nos
2613 1114 2993 1184 homogenea
3038 1132 3295 1189 corpora
3327 1120 3618 1177 habentes

1965 1203 2201 1273 corpori
2249 1201 2479 1271 Christi,
2512 1219 2585 1257 ex
2636 1203 2765 1273 ejus
2813 1203 3183 1275 plenitudine
3234 1210 3616 1280 accipimus;

1964 1290 2147 1361 idque
2169 1290 2466 1345 habemus
2490 1290 2668 1346 veluti
2684 1291 2951 1347 radicem
2973 1296 3418 1352 resurrectionis
3438 1303 3619 1370 atque

1969 1377 2196 1433 salutis.
2246 1380 2413 1433 Pater
2459 1393 2599 1432 vero
2652 1377 2868 1433 dicitur
2913 1380 3222 1449 agricola;
3270 1384 3400 1455 ipse
3456 1386 3620 1440 enim

1968 1482 2073 1538 per
2104 1467 2359 1521 Verbum
2392 1466 2649 1522 excoluit
2680 1468 2881 1533 vitem,
2909 1486 3046 1542 quas
3078 1477 3165 1526 est
3192 1473 3379 1543 ipsius
3417 1475 3623 1531 Serva-

1969 1556 2111 1610 toris
2157 1557 2505 1610 humanitas
2534 1574 2546 1622 ;
2577 1557 2705 1627 ipse
2748 1557 2995 1612 demum
3022 1574 3129 1630 per
3174 1561 3335 1617 idem
3363 1563 3621 1620 Verbum

1969 1644 2129 1700 viam
2160 1646 2333 1700 nobis
2365 1645 2443 1700 ad
2468 1660 2724 1714 regnum
2754 1648 2967 1702 munit.

1972 1770 2380 1838 Chrysostomi
2424 1784 2500 1825 ex
2548 1770 2797 1825 homilia
2834 1775 2899 1825 27
2940 1772 3005 1826 in
3051 1780 3328 1830 sanctum
3369 1776 3623 1833 Joannis

2583 1842 3006 1911 Evangelium.

2044 1968 2128 2020 36.
2155 1965 2224 2019 Si
2238 1970 2478 2020 terrena
2493 1965 2625 2019 dixi
2644 1966 2824 2024 vobis.
2845 1972 2899 2021 et
2913 1983 3028 2022 non
3047 1969 3319 2039 creditis;
3334 1972 3626 2041 quomodo

1972 2056 2025 2109 si
2048 2055 2258 2110 dixero
2286 2056 2447 2109 vobis
2473 2057 2754 2119 caelestia,
2782 2057 3331 2115 credetis“?Nemo
3357 2064 3626 2118 ascendit

1974 2146 2038 2199 in
2060 2145 2295 2209 cmlum,
2319 2147 2437 2199 nisi
2464 2148 2569 2215 qui
2591 2146 2663 2201 de
2688 2148 2834 2202 σα»ιο
2862 2148 3183 2203 descendit.
3216 2150 3407 2205 Filius
3434 2152 3629 2207 homi-

1976 2235 2068 2287 nis
2100 2235 2202 2304 qui
2231 2239 2315 2288 est
2346 2234 2409 2288 in
2442 2235 2668 2289 caelo”.
2696 2235 2905 2291 Filium
2932 2237 3194 2293 hominis
3224 2238 3320 2293 hic
3348 2254 3471 2294 non
3496 2256 3630 2295 car-

1976 2338 2116 2378 nem
2139 2322 2390 2386 vocavit,
2416 2324 2520 2378 sed
2549 2339 2585 2379 a
2616 2324 2847 2380 minore
2878 2326 3215 2381 substantia
3242 2343 3304 2383 se
3332 2333 3545 2395 totum,
3568 2338 3636 2385 ut

1977 2412 2060 2467 ita
2110 2411 2331 2477 dicam,
2360 2412 2711 2468 nominavit.
2744 2414 2901 2470 Solet
2939 2414 3099 2471 enim
3130 2431 3289 2487 saepe
3336 2432 3373 2473 a
3424 2418 3636 2474 divini-

1978 2506 2118 2569 tate,
2151 2516 2311 2572 smpe
2359 2501 2502 2556 item
2534 2502 2613 2557 ab
2661 2503 3035 2559 humanitate
3066 2520 3128 2559 se
3157 2509 3350 2560 totum
3392 2522 3631 2564 vocare.

278 2593 502 2663 ὠνόμασε
544 2599 631 2643 νῦν
659 2613 672 2626 ο
718 2598 807 2645 καὶ
854 2596 955 2665 γὰρ
1002 2601 1158 2645 τοῦτο
1203 2596 1317 2653 ἔθος
1358 2592 1519 2662 αὐτῷ,
1550 2593 1796 2653 πολλάκις
1837 2595 1926 2665 μὲν
1966 2590 2067 2642 ἀπὸ
2110 2598 2202 2649 τῆς
2251 2592 2511 2659 θεότητος,
2556 2590 2801 2653 πολλάκις
2851 2588 2911 2645 δί
2959 2591 3060 2644 ἀπὸ
3099 2602 3195 2656 τῆς
3237 2593 3637 2669 ὼθρωπότητος

276 2684 330 2731 τὸ
362 2687 456 2731 πᾶν
494 2682 686 2736 καλεῖν.

343 2769 433 2830 λζ.
491 2772 599 2842 Ἐφ’
665 2773 838 2821 ἰκανὸν
891 2767 949 2822 δι
1010 2779 1106 2832 τῆς
1156 2780 1255 2822 τῶν
1322 2774 1567 2823 τοιούτων
1627 2777 1872 2844 χρήσεων

280 2864 539 2930 γινομνης
607 2859 1027 2925 κατεξετάσεως,
1096 2865 1185 2911 καὶ
1264 2864 1507 2933 πρότερον
1590 2864 1679 2931 μὲν
1745 2860 1875 2911 πο).-

282 2946 415 3007 λάκις
476 2950 501 2998 ό
569 2948 942 3018 φιλοθεώτατος
1004 2948 1150 3007 οὗτος
1220 2951 1364 3019 ἡμῶν
1434 2947 1680 3019 βασιλεὺς
1749 2968 1877 3000 συν-

284 3032 607 3088 διεαοπείτο
683 3041 800 3109 περὶ
876 3044 968 3087 τοῦ
1034 3039 1379 3108 πράγματοςο
1446 3040 1529 3089 ότε
1596 3041 1685 3108 μέν
1766 3056 1879 3088 τισι

1548 3129 1657 3178 ἔστι
1712 3123 1762 3177 δ’
1819 3126 1879 3176 οὗ

282 3220 364 3265 καί
426 3222 573 3286 κοινῇ
654 3223 753 3265 τῶν
825 3233 970 3275 τινας
1033 3220 1153 3288 περὶ
1230 3219 1423 3267 τούτων
1501 3213 1881 3288 διαφερομένων

284 3304 713 3375 ἓπεκκαλούμενος
735 3347 749 3373 ,

281 3127 485 3190 τούτων,
552 3127 637 3176 ὁτὲ
690 3123 739 3177 δ’
792 3124 1015 3193 ἐκείνων,
1077 3122 1503 3197 διομιλούμενος·

826 3307 915 3354 καὶ
982 3312 1070 3363 τῆς
1137 3304 1581 3378 ὀρθοτομουμένης
1641 3310 1731 3355 καὶ
1796 3304 1883 3355 εύ-

286 3391 455 3452 σεϐοῦς
527 3393 804 3464 ἑρμηνείας
879 3391 1336 3463 ἀντιποιούμενος,
1409 3394 1467 3451 ἦν
1543 3392 1596 3444 ἐκ
1670 3392 1884 3464 χειλέων

289 3488 592 3553 προήνεγκεν
647 3482 839 3533 αὐτίκα
895 3489 1004 3542 τοῖς
1060 3481 1352 3554 λεγομένοις
1406 3483 1567 3542 οὕτως
1632 3481 1886 3534 ἐπιϐαλὼν

286 3568 339 3620 ἐκ
390 3578 605 3644 πρώτης
682 3579 779 3631 τῆς
836 3579 927 3622 τοῦ
997 3571 1297 3643 ζητημάτος
1359 3570 1693 3646 ἀκροάσεωςο
1754 3573 1889 3622 ὥστε

286 3664 401 3711 ποτε
448 3665 540 3711 καὶ
586 3656 779 3729 τοιῷδε
824 3668 896 3729 τῷ
945 3658 1323 3734 ἐπιχειρήματι
1369 3664 1705 3735 χρήσασθαι.
1749 3660 1889 3712 Ἐπεὶ

284 3752 379 3821 γάρ
410 3769 554 3801 τισιν
604 3746 779 3801 ἓὸόκει
825 3751 962 3800 κατὰ
1001 3768 1057 3800 το
1102 3758 1193 3809 τῆς
1241 3759 1417 3810 κοινῆς
1460 3760 1559 3801 τῶν
1610 3749 1891 3823 ἀνθρώπων

288 3843 481 3907 φύσεως
557 3845 841 3911 πρόσωπον
912 3844 1006 3896 τὴν
1083 3842 1332 3897 τοιαύτην
1390 3844 1560 3911 φωνὴν
1636 3838 1893 3911 ἐνύαμϐά-

284 3932 494 3999 νεσθαι,
553 3934 676 3981 τότε
746 3926 815 3986 δὴ
886 3929 1035 3991 οὗτος
1102 3930 1127 3980 ό
1198 3932 1444 4001 θεόσοφος
1515 3928 1766 4001 βασιλεὺς
1821 3935 1892 3998 τῷ

288 4019 485 4089 μεγάλῳ
546 4024 643 4070 καὶ
711 4018 1128 4089 θεολογικωτάτῳ
1197 4018 1493 4089 Ἀθανασίῳ
1557 4023 1893 4091 προεντυχὼν

288 4104 639 4180 διαλεγομένῳ
696 4111 825 4181 πρὸς
880 4106 1126 4180 Ἀρειον,
1191 4113 1281 4160 καὶ
1349 4116 1531 4159 τοῦτον
1597 4107 1894 4179 ἀνατρέπειν

291 4195 692 4264 σπουδάζοντι,
763 4198 833 4259 εἰς
915 4197 1129 4259 ἀνίσους
1208 4201 1388 4269 φύσεις
1452 4203 1547 4257 τὴν
1617 4200 1896 4270 ὁμοούσιον

289 4285 436 4357 ἁγίαν
513 4284 835 4361 διαιροῦντα
896 4285 1143 4359 Τριάὸα,
1212 4293 1302 4339 καὶ
1378 4284 1742 4360 δευτερεύοντα
1805 4291 1897 4337 τοῦ

289 4383 489 4451 Πατρός
538 4382 632 4430 τὸν
680 4385 927 4449 μονογενῆ
974 4380 1093 4430 Υὶὸν
1142 4374 1270 4429 εἶναι
1315 4376 1550 4447 λέγοντα,
1594 4382 1685 4427 καὶ
1732 4378 1896 4447 ταύτῃ

2055 2774 2145 2825 37.
2173 2771 2500 2841 Postquam
2530 2770 2675 2826 satis
2704 2769 2797 2826 has
2829 2773 3068 2827 Patrum
3098 2774 3481 2830 auctoritates
3509 2790 3641 2846 per-

1983 2875 2187 2931 pensas
2230 2860 2489 2926 fuerunt,
2518 2862 2577 2915 in
2607 2862 2815 2932 primis
2840 2861 3087 2933 quidem
3118 2879 3187 2918 ac
3222 2880 3640 2936 saepenumero

1990 2950 2107 3004 Deo
2148 2949 2567 3003 dilectissimus
2617 2956 2821 3004 noster
2849 2966 2951 3005 rex
2994 2952 3110 3006 hoc
3149 2955 3457 3021 negotium
3501 2970 3644 3011 cum

1989 3039 2215 3093 caeteris
2262 3038 2661 3110 expendehat,
2710 3040 2896 3095 modo
2938 3042 3045 3095 hos
3082 3042 3265 3097 modo
3311 3043 3445 3098 illos
3497 3044 3644 3101 allo-

1920 3145 1959 3199 ρ
1990 3143 2204 3199 quens.
2231 3128 2531 3183 Interdum
2555 3144 2696 3183 vero
2727 3134 2783 3183 et
2812 3129 3102 3198 gregatim
3135 3130 3363 3203 aliquot
3381 3133 3485 3204 qui
3516 3148 3646 3189 sen-

1991 3216 2188 3270 tentiis
2217 3216 2595 3271 dissidebant
2622 3232 2985 3283 convocans,
3016 3224 3242 3274 rectam
3273 3220 3647 3291 religiosam-

1992 3320 2110 3379 que
2142 3305 2693 3376 interpretationem
2737 3305 3131 3379 defendebat;
3159 3324 3346 3380 quam
3376 3311 3506 3382 ipse
3544 3326 3650 3367 ore

1997 3409 2107 3449 suo
2129 3394 2328 3448 statim
2346 3393 2458 3448 illis
2480 3393 2878 3465 signiﬁcabat,
2897 3396 3041 3467 quia
3060 3397 3161 3452 vix
3182 3398 3389 3454 audito
3412 3404 3649 3456 contro-

1995 3483 2208 3537 versiaa
2237 3484 2423 3543 initio,
2453 3484 2536 3537 sic
2566 3499 2693 3538 rem
2724 3484 2855 3555 ipse
2883 3484 2993 3539 sibi
3017 3492 3420 3556 persuaserat.
3454 3489 3651 3553 Quare

1997 3571 2327 3643 aliquando
2356 3571 2441 3626 sic
2471 3572 2650 3627 etiam
2680 3578 3135 3642 argumentatus
3171 3580 3283 3630 est.
3316 3578 3463 3632 Cum
3489 3578 3653 3633 enim

1996 3659 2305 3715 nonnullis
2334 3660 2637 3716 videretur
2660 3661 2740 3716 ad
2765 3662 3106 3730 generalem
3135 3664 3453 3721 hominum
3478 3670 3655 3722 natu-

1998 3765 2132 3804 ram
2164 3749 2458 3804 trahenda
2499 3765 2629 3805 esse
2659 3750 2992 3820 evangelici
3032 3751 3177 3807 dicti
3219 3753 3649 3827 interpretatio,

2002 3839 2201 3893 Caesar
2221 3843 2423 3893 autem
2446 3854 2707 3911 superno
2736 3838 2963 3895 lumine
2991 3840 3313 3898 instructus
3342 3844 3403 3899 in
3446 3845 3658 3916 magni

2003 3927 2348 3998 summique
2389 3926 2649 3996 theologi
2673 3928 2981 3983 Athanasii
3010 3929 3321 4000 dialogum
3351 3948 3490 3988 cum
3521 3934 3658 3990 Ario

2002 4016 2279 4071 habitum
2324 4016 2551 4085 incidit,
2580 4016 2660 4072 ob
2702 4016 2870 4073 illum
2904 4021 3361 4089 coarguendum
3391 4022 3496 4094 qui
3525 4037 3661 4079 san-

2005 4110 2165 4161 ctam
2213 4105 2919 4180 consubstantialemque
2946 4109 3291 4164 Trinitatem
3322 4110 3383 4165 in
3411 4115 3662 4169 naturas

2006 4194 2271 4265 impares
2315 4194 2642 4263 dividebat,
2682 4196 3147 4270 inferioremque
3190 4199 3347 4254 Patri
3393 4200 3665 4271 unigeni-

2008 4289 2137 4339 tum
2192 4282 2403 4338 Filium
2451 4283 2710 4350 dicebat,
2751 4291 2932 4358 atque
2978 4286 3094 4342 hoc
3139 4287 3273 4359 ipso
3319 4290 3666 4359 evangelico

2009 4372 2169 4428 dicto
2202 4372 2280 4427 ad
2310 4388 2434 4427 sum
2463 4372 2760 4428 hazreseos
2788 4377 3339 4446 propugnationem
3369 4377 3669 4435 abuteba-

290 4462 354 4524 δὴ
402 4475 463 4539 τῇ
514 4474 661 4540 φωνῇ
708 4471 841 4542 πρὸς
890 4470 1226 4542 παράστασιν
1274 4476 1366 4527 τῆς
1414 4467 1603 4526 οἰκείας
1655 4468 1900 4537 αἱρέσεως
1933 4497 1978 4552 D
2012 4467 2059 4517 tt

1899 4489 1900 4492 η
1933 4497 1978 4552 D
2012 4467 2129 4519 tur.
2160 4461 2473 4517 Athanasii
2502 4477 2646 4532 ergo
2687 4463 2820 4535 ipsa
2849 4463 3034 4520 verba
3062 4467 3261 4521 Casar
3286 4466 3349 4521 in
3394 4467 3668 4525 medium

291 4554 671 4629 ἀποχρώμενον
700 4599 718 4621 ,
803 4559 893 4616 τὰς
971 4555 1163 4608 ἐκείνου
1250 4555 1505 4615 συλλαϐὰς
1585 4555 1657 4615 εἰς
1744 4558 1901 4627 μέσον

290 4655 537 4720 παρῆγε,
610 4649 749 4720 πρὸς
824 4644 1028 4718 Ἀρειον
1092 4646 1323 4717 λέγοντος
1392 4647 1506 4716 (37)
1541 4662 1553 4673 '
1625 4665 1653 4694 ‹‹
1716 4647 1803 4703 Τίς
1876 4644 1903 4694 ὁ

291 4742 613 4797 κεκοπιακὼς
669 4753 685 4802 ;
759 4736 1030 4810 ἄνθρωπος
1103 4737 1131 4794 ἦ
1213 4740 1338 4796 Θεὸς

294 4823 421 4878 εἶπεν
450 4848 462 4858 ·

1415 4741 1581 4806 Λόγος
1632 4751 1646 4801 ;
1726 4740 1906 4807 Αρειος

538 4826 876 4898 ”Ανθρωπος.
937 4825 1243 4890 Ἀθανάσιος
1303 4823 1435 4878 εἶπεν
1470 4847 1481 4858 ·
1555 4825 1756 4877 Ούκοῦν
1817 4828 1906 4875 σόν

293 4914 400 4967 ἔστι
450 4920 510 4968 τὸ
567 4924 770 4973 νοῆσαι
821 4914 1019 4968 λοιπόν.
1076 4914 1275 4989 ’Ἄρειος
1329 4912 1476 4967 εἶπε-
1538 4912 1907 4984 Κατελαϐόμην

296 5023 386 5057 σου
442 5010 529 5057 τὸν
591 5013 719 5057 νοῦν
780 5003 828 5056 ἐν
876 5013 949 5075 τῷ
1003 5004 1137 5076 λόγῳ
1194 5008 1397 5075 τούτῳο
1450 5006 1568 5069 ὅτι,
1628 5010 1719 5055 τοῦ
1776 5008 1910 5055 Θεοῦ

295 5102 463 5167 Λόγου
498 5102 796 5167 πανταχοῦ
842 5098 1116 5168 παρόντος,
1161 5090 1319 5151 δῆλον
1359 5095 1438 5145 ὅτι
1479 5090 1573 5145 διὰ
1600 5097 1694 5151 τὴν
1741 5095 1915 5165 σάρκα

296 5182 477 5253 εἶπεν,
537 5185 600 5238 Ὀ
691 5187 876 5258 Πατὴρ
939 5185 964 5235 ό
1027 5183 1238 5257 πέμψας
1311 5188 1502 5256 μείζων
1577 5202 1677 5255 μου
1754 5181 1912 5251 ἐστι,

296 5280 384 5333 τήν
430 5274 790 5348 βαδίζουσαν
847 5279 937 5326 καὶ
992 5282 1261 5327 κοπιῶσαν
1319 5277 1408 5325 καὶ
1458 5272 1559 5325 απὸ
1614 5276 1775 5325 τόπου
1844 5272 1917 5333 εἰς

389 5439 433 5473 ²’¹
476 5441 498 5495 Ι
554 5438 702 5494 Cor.
743 5451 836 5507 xu,
895 5438 991 5493 27.

1108 5436 1219 5489 ³⁸1
1266 5437 1396 5492 Cor.
1448 5451 1524 5503 vi,
1582 5438 1673 5490 15.

300 5510 344 5545 ⁸³
378 5510 528 5567 ibid.
571 5514 670 5568 13.

372 5674 482 5745 (36)
521 5672 687 5730 Edit.
724 5667 1042 5727 Monﬂauc.
1074 5672 1118 5728 t.
1144 5669 1285 5742 Vlll,
1311 5684 1373 5743 p.
1404 5669 1528 5739 153,
1562 5670 1687 5729 154.

1792 5434 1843 5469 ³9
1879 5435 2051 5492 Joan.
2109 5450 2200 5508 xv,
2262 5438 2322 5490 5.

2015 4551 2229 4621 attulit,
2274 4551 2568 4607 adversus
2616 4552 2818 4608 Arium
2860 4552 3270 4626 disputantis:
3316 4577 3337 4606 ι
3374 4557 3486 4622 Qui
3531 4556 3670 4615 fati-

2018 4648 2191 4713 gatus
2256 4646 2385 4707 est,
2454 4640 2719 4698 homone
2777 4658 2855 4699 an
2926 4646 3077 4699 Deus
3130 4645 3440 4702 Verbum?
3498 4648 3672 4703 Arius

2016 4733 2201 4788 dixit.
2235 4734 2445 4786 Homo.
2478 4731 2839 4787 Athanasius
2881 4732 3065 4790 dixit:
3097 4736 3288 4790 Tuum
3328 4736 3505 4806 igitur
3542 4737 3675 4808 jam

2018 4828 2109 4877 est
2143 4820 2489 4891 intelligere.
2538 4822 2732 4889 Arius,
2776 4822 3008 4895 inquit:
3058 4824 3324 4896 Percipio
3371 4825 3522 4898 quid
3572 4830 3677 4883 tuo

2018 4913 2135 4968 hoc
2204 4926 2498 4982 responso
2563 4911 2861 4983 intelligas
2912 4928 2926 4980 ;
2994 4929 3253 4986 nempe,
3319 4931 3461 4972 cum
3521 4917 3679 4973 Deus

2021 5000 2281 5057 Verbum
2311 5000 2538 5072 ubique
2570 4999 2746 5070 adsit,
2778 5000 2983 5074 palam
3020 5012 3153 5058 esse
3189 5004 3391 5077 ipsum
3433 5010 3683 5079 propter

2023 5106 2270 5148 carnem
2301 5090 2523 5146 dixisse
2552 5108 2565 5146 :
2599 5090 2779 5147 Pater
2807 5108 2989 5164 meus,
3021 5095 3129 5165 qui
3154 5097 3314 5151 misit
3342 5110 3454 5163 me,
3480 5100 3685 5169 major

2024 5197 2116 5238 me
2143 5187 2247 5237 est.
2278 5183 2411 5236 Haec
2439 5179 2603 5235 enim
2632 5180 3020 5249 gradiebatur
3047 5187 3107 5238 et
3134 5182 3526 5256 fatigabatur,
3551 5188 3610 5241 et
3647 5198 3687 5242 ε.

2024 5270 2158 5328 loco
2188 5270 2251 5326 in
2279 5270 2482 5326 locum
2511 5269 2836 5339 migrabat.
2864 5273 3033 5328 Certe
3057 5270 3121 5328 id
3138 5278 3304 5333 recte
3335 5289 3400 5330 se
3424 5274 3628 5332 habet.
3654 5296 3686 5327 ιο

2434 5433 2483 5469 ³ο
2521 5429 2852 5505 Ρεειι.’χχι,
2909 5437 3008 5492 23.
3127 5435 3173 5473 ⁸¹
3211 5436 3393 5496 Joan.
3451 5451 3534 5505 in,
3587 5440 3682 5496 i2.

2101 5668 2218 5741 (37)
2257 5666 2472 5727 Recole
2496 5682 2690 5744 supra
2714 5673 2842 5729 not.
2881 5672 2938 5729 7.
