4480 6430
859 389 957 445 231

2200 381 2465 441 NICETIS
2511 381 2882 442 CHONIATE

4040 374 4046 386 '
4105 393 4210 451 233

857 513 1047 583 Atque
1076 508 1157 565 ita
1186 506 1548 564 Athanasius
1581 505 2102 580 interpretabatur,
2135 521 2260 564 non
2291 522 2504 564 secun-
2542 508 2590 566 Α
2617 528 2626 541 ·

2441 522 2504 562 n-
2542 508 2773 566 Ατὸπον
2851 508 3018 582 ἕτερον
3097 510 3466 582 πορευομένην.
3535 509 3768 574 Ἀληθῶς
3845 511 4008 588 ὀρθῶς
4097 516 4210 587 ἔχει

858 599 1004 654 dum
1035 598 1304 653 divinam
1335 596 1732 652 substantiam
1762 596 1890 652 hac
1919 597 2216 653 Christum
2255 611 2504 668 passum

856 686 1062 751 fuisse,
1083 687 1190 742 sed
1213 685 1544 741 secundum
1567 700 1752 757 quam
1775 684 2054 741 induerat
2074 701 2317 741 carnem
2339 689 2506 741 natu-

855 775 1085 832 ralibus
1125 775 1255 830 sine
1293 778 1539 847 peccato
1583 773 1911 830 obnoxiam
1951 774 2357 846 passionibus.
2398 776 2506 829 Ha-

854 863 1104 936 buitque
1147 863 1208 919 in
1256 863 1350 918 his
1398 862 1868 918 consentientem
1916 863 2140 932 Arium,
2175 862 2505 919 conceden-

855 957 1097 1026 temque
1144 954 1440 1024 majorem
1487 952 1604 1008 dici
1644 955 1876 1009 Patrem
1926 953 2152 1008 Christo
2204 958 2504 1025 quatenus

856 1042 1037 1099 homo
1086 1049 1192 1098 est.
1246 1047 1414 1115 Aque
1461 1042 1598 1097 hinc
1644 1041 1841 1098 valide
1892 1043 2228 1122 invicteque
2268 1041 2505 1098 conclu-

853 1131 1036 1188 debat
1057 1133 1268 1199 Ctesar,
1292 1147 1682 1205 nequaquam
1711 1131 1789 1187 ad
1816 1130 2156 1202 generalem
2187 1131 2504 1188 hominum

853 1227 1135 1278 naturam
1182 1220 1453 1277 retulisse
1503 1237 1796 1292 magnum
1851 1222 2246 1278 Athanasium
2295 1222 2507 1281 Christi

852 1310 1118 1367 dictum:
1151 1310 1333 1366 Pater
1356 1312 1556 1380 major
1585 1317 1691 1368 est.
1725 1310 1836 1376 Qui
1867 1309 2027 1366 enim
2072 1309 2200 1367 ﬁeri
2249 1316 2504 1383 poterat.

851 1404 919 1455 ut
949 1399 1330 1454 adversarius
1372 1399 1544 1455 Arius
1574 1399 1635 1453 in
1666 1399 1759 1454 his
1801 1398 1981 1454 rebus
2013 1401 2419 1469 acutissimus,
2451 1403 2507 1455 et

849 1487 912 1543 in
939 1488 1318 1544 sermonibus
1345 1487 1705 1543 ventilandis
1737 1488 2180 1554 solertissimus,
2205 1493 2507 1561 pateretur

850 1594 1143 1649 magnum
1200 1580 1362 1634 hunc
1410 1578 1603 1633 virum
1655 1577 1728 1634 de
1783 1579 1898 1634 alio
1957 1579 2270 1635 individuo
2317 1579 2503 1652 loqui,

851 1681 1042 1740 eoque
1096 1671 1328 1722 Patrem
1384 1667 1578 1722 dicere
1639 1667 1932 1737 majorem
1978 1685 1989 1722 :
2048 1667 2196 1723 dum
2248 1668 2375 1740 ipse
2431 1665 2504 1724 de

852 1757 1081 1814 Christo
1111 1761 1423 1828 quaereret,
1459 1761 1637 1828 atque
1667 1757 1782 1812 hoc
1816 1757 2126 1826 Unigenito
2167 1756 2388 1813 diceret
2419 1773 2505 1814 se-

2617 605 2790 652 τοῦτο.
2844 601 2943 650 Καὶ
2986 596 3119 649 οὕτω
3165 602 3236 670 μὴ
3285 602 3418 652 κατά
3464 604 3559 660 τὴν
3613 603 3751 655 θείαν
3809 602 3993 655 όύσίαν
4041 612 4212 658 ταῦτα

2615 688 2796 738 παθεῖν
2860 689 2946 738 τὸν
3007 690 3233 759 Χριστόν
3291 687 3698 762 έρμηνεύοντος,
3772 689 3898 743 ἀλλὰ
3976 693 4094 744 καθ’
4150 694 4212 752 ἣν

2616 774 2822 849 ἐφόρεσε
2883 778 3054 850 σάρκα
3103 783 3207 838 τοῖς
3260 786 3498 850 φυσικοῖς
3553 785 3641 833 καὶ
3700 777 4040 842 ἀδιαϐλήτοις
4087 783 4211 835 ύπο-

2614 867 2849 928 κειμένην
2901 865 3111 927 πάθεσι,
3161 869 3252 917 καὶ
3309 875 3488 919 τοῦτον
3547 864 3613 926 δὴ
3683 873 3769 922 τὸν
3825 868 4029 944 Ἀρειον
4092 889 4210 922 συν-

2617 953 2754 1005 ιέντα
2825 961 2924 1005 τῶν
3001 953 3277 1026 λεγομένων
3356 958 3563 1028 ἔχοντος
3596 1001 3609 1024 ,
3685 963 3774 1011 καὶ
3846 961 3903 1012 τό
3995 959 4210 1032 μείζονα

2612 1041 2853 1113 λέγεσθαι
2898 1045 2985 1094 τόν
3033 1047 3239 1118 Πατέρα
3288 1045 3357 1107 ὡς
3399 1043 3670 1120 ἀνθρώπου
3700 1055 3791 1100 τοῦ
3833 1047 3936 1117 ένός
3973 1056 4210 1124 Χριστοῦ

2617 1133 2970 1204 συντιθέμενον
3005 1152 3019 1165 ·
3077 1131 3347 1186 κάντεῦθεν
3427 1132 3814 1208 ἀναμφιλέκτως
3888 1143 3978 1190 καὶ
4048 1138 4208 1210 ἰσχυ-

2613 1228 2716 1294 ρῶς
2780 1219 3072 1296 έπεπέραινε
3145 1225 3216 1293 μὴ
3297 1225 3433 1275 κατά
3493 1229 3587 1284 τὴν
3653 1230 3829 1284 κοινὴν
3891 1228 4046 1299 φύσιν
4111 1235 4211 1279 τῶν

2617 1304 2894 1382 ἀνθρώπων
2960 1309 3124 1381 λέγειν
3201 1311 3287 1363 τὸν
3367 1314 3528 1384 μέγαν
3593 1313 3903 1368 Ἀθανάσιον
3969 1313 4212 1388 εἰρῆσθαι

2613 1399 2757 1472 παρὰ
2803 1403 2894 1450 τοῦ
2949 1404 3185 1472 Χριστοῦ
3237 1402 3324 1452 τόν
3383 1405 3589 1475 Πατέρα
3642 1401 3891 1475 μείζοναο
3947 1413 4058 1466 πῶς
4108 1407 4210 1480 γὰρ

2615 1485 2674 1538 ἂν
2714 1491 2802 1539 καὶ
2855 1489 2880 1538 6
2929 1483 3417 1560 ἀντικαθιστάμενος
3463 1493 3662 1566 ’Ἄρειος
3718 1501 3818 1544 τῶν
3868 1493 3982 1569 περὶ
4047 1496 4212 1548 ταῦτά

2613 1594 2667 1628 τε
2733 1577 3008 1646 τυγχάνων
3068 1574 3283 1649 δεινῶν,
3353 1583 3442 1632 καὶ
3509 1576 3861 1653 ἀκριϐολογεῖν
3929 1573 4080 1644 εἰδὼς
4145 1583 4212 1637 τὰ

2614 1663 2859 1737 λεγόμενα
2894 1709 2907 1730 ,
2972 1670 3059 1717 τόν
3121 1667 3281 1738 μέγαν
3342 1676 3522 1720 τοῦτον
3583 1667 3754 1746 ἄνδρα
3818 1667 4026 1735 ἐδέξατο
4092 1679 4210 1749 περὶ

2617 1753 2789 1826 ἐτέρου
2849 1752 3041 1827 ἀτόμου
3103 1751 3504 1828 διαλεγόμενον,
3560 1753 3798 1812 κάκείνου
3858 1759 4072 1831 λέγοντα
4124 1766 4212 1815 τόν

851 1846 1120 1900 cundum
1156 1861 1329 1900 suam
1371 1849 1653 1900 naturam
1699 1849 1929 1901 Patrem
1969 1847 2309 1917 majorem?
2346 1849 2505 1902 Tunc
2545 1855 2586 1911 Β
2618 1850 2620 1895 ἲ

2444 1862 2505 1902 [ιο
2545 1847 2824 1917 ΒΠατέρα
2887 1844 3144 1914 μείζονα,
3211 1845 3236 1896 ό
3294 1850 3410 1917 περὶ
3473 1854 3706 1921 Χριστοῦ
3772 1850 4059 1918 συζητὼν;
4124 1856 4213 1904 καὶ

853 1934 1014 1989 enim
1043 1933 1204 1988 idem
1235 1933 1535 1989 evenisset
1565 1949 1635 1988 ac
1667 1933 1719 1988 si
1760 1933 1862 1999 illi,
1902 1935 2007 2006 qui
2053 1935 2234 1991 falces
2275 1940 2504 2007 petunt,

851 2022 1228 2093 audiuntque
1260 2021 1372 2076 sibi
1396 2021 1626 2091 ligones
1647 2021 1952 2090 denegari,
1977 2023 2225 2078 minime
2257 2023 2320 2078 id
2350 2038 2506 2092 aegre

852 2110 1088 2166 ferrent.
1127 2110 1239 2166 Sed
1288 2125 1484 2181 neque
1529 2110 1695 2165 aliter
1735 2113 1980 2166 Nicaeum
2031 2112 2239 2183 primae
2289 2112 2506 2183 synodi

849 2201 1073 2264 Patres,
1103 2199 1220 2254 Arii
1271 2199 1450 2268 hujus
1495 2198 1785 2253 adversus
1831 2200 2203 2268 unigenitum
2245 2200 2504 2257 Verbum

849 2287 1152 2355 haeresim,
1185 2303 1320 2359 quas
1347 2287 1425 2342 ab
1458 2303 1528 2342 eo
1555 2302 1778 2342 nomen
1806 2288 2112 2358 contraxit,
2147 2288 2506 2345 refutassent
2547 2357 2555 2366 _

850 2377 922 2446 (is
951 2376 1111 2432 enim
1158 2375 1352 2431 Verbo
1397 2376 1729 2431 secundum
1760 2376 2029 2432 divinam
2062 2377 2189 2447 ejus
2224 2377 2501 2433 substan-

848 2465 991 2521 tiam
1045 2464 1555 2520 accommodabat
1611 2465 1947 2520 dictiones:
2001 2467 2245 2522 Creavit
2296 2481 2407 2536 me,
2448 2470 2504 2522 et

842 2554 1108 2611 Fidelem
1149 2556 1203 2610 ei
1229 2555 1336 2624 qui
1362 2569 1422 2610 se
1461 2555 1622 2624 fecit,
1659 2559 1716 2609 et
1758 2556 2105 2623 Apostolum
2148 2571 2220 2611 ac
2259 2557 2502 2625 pontiﬁ-

845 2658 968 2699 cem
1013 2644 1394 2714 confessionis
1445 2644 1720 2713 nostra);
1762 2644 1875 2698 nisi
1917 2645 2216 2714 ejusmodi
2253 2644 2502 2700 locutio-

844 2748 952 2788 nes
984 2733 1060 2787 ad
1102 2733 1314 2787 Christi
1363 2732 1801 2787 humanitatem
1833 2732 2188 2788 retulissent.
2236 2736 2383 2789 Nam
2427 2734 2502 2788 de

843 2822 1052 2877 divina
1092 2828 1309 2877 natura
1354 2822 1638 2893 scriptum
1678 2823 2185 2894 pronuntiarunt:
2222 2824 2289 2878 In
2337 2825 2503 2892 prin-

845 2913 999 2980 cipio
1057 2918 1188 2967 erat
1263 2911 1511 2967 Verbum
1543 2925 1563 2980 ,'
1616 2923 1716 2966 et:
1778 2912 1906 2980 Ego
1965 2919 2018 2968 et
2077 2912 2256 2968 Pater
2312 2929 2498 2968 unum

843 3017 1068 3064 sumus.
1098 3008 1153 3056 et
1180 3017 1316 3073 quas
1341 3001 1435 3055 his
1467 3006 1606 3056 sunt
1636 3001 1873 3057 similia.

2616 1934 2800 1984 τούτου
2849 1934 2913 1992 ὡς
2976 1941 3274 2004 μονογενοῦς
3326 1937 3450 1986 Υὶοῦ
3506 1939 3638 1988 κατά
3692 1942 3786 1996 τὴν
3840 1941 3993 2011 φύσιν
4053 1939 4213 2011 λέγων

2612 2018 2744 2073 εἶναι
2813 2023 2898 2072 τόν
2965 2024 3171 2095 Πατέρα
3237 2023 3506 2094 μείζονας
3574 2029 3772 2078 Ταυτόν
3836 2030 3937 2100 γὰρ
4009 2025 4069 2079 ἃν
4151 2021 4213 2087 ἧν

2614 2116 2719 2171 τοῖς
2785 2112 2918 2161 κατὰ
2979 2114 3074 2168 τὴν
3147 2119 3432 2186 παροιμίαν
3493 2115 3630 2186 οἴμας
3695 2118 3784 2187 μὲν
3854 2117 4210 2188 ἐκζητοῦσιν,

2615 2196 3001 2272 ἀπαρνουμένας
3087 2196 3146 2251 δὲ
3229 2203 3317 2261 τὰς
3403 2205 3606 2274 σκάφας
3669 2206 3992 2276 μανθάνουσι
4052 2208 4211 2279 (38),

2613 2292 2703 2338 καὶ
2763 2291 2834 2358 μὴ
2901 2290 3032 2360 πρός
3093 2293 3187 2346 τὴν
3247 2287 3523 2362 ἀπόκρισιν
3592 2287 4040 2367 δυσχεραίνουσιν
4075 2315 4088 2328 ·
4153 2295 4212 2347 ού

2614 2379 2715 2448 μὴν
2780 2375 2888 2426 ἀλλ’
2947 2372 3070 2429 οὐδὲ
3135 2376 3301 2440 ἄλλως
3363 2381 3410 2430 οἱ
3475 2387 3572 2442 τῆς
3636 2379 3683 2432 έν
3744 2387 3941 2455 Νικαίᾳ
3999 2389 4213 2457 πρώτης

2616 2460 2840 2516 συνόδου
2920 2472 2992 2535 τῷ
3058 2464 3237 2539 Ἀρείῳ
3317 2469 3482 2540 τούτῳ
3556 2473 3649 2529 τὴν
3720 2471 4002 2544 έπωνύμως
4078 2477 4215 2526 κατά

2612 2562 2705 2606 τοῦ
2765 2563 3066 2626 μονογενοῦς
3129 2561 3303 2627 Λόγου
3368 2563 3556 2630 μανίαν
3621 2550 4061 2637 ἓναπεκρόύσαντο
4128 2565 4210 2637 (τῇ

2611 2647 2798 2696 τούτου
2863 2646 3150 2698 ὑποστάσει
3216 2650 3352 2699 κατά
3416 2654 3510 2707 τὴν
3589 2652 3727 2702 θείαν
3804 2652 3987 2704 οὐσίαν
4051 2673 4214 2728 προσο

2612 2735 2862 2794 άπτοντος
2924 2739 3016 2792 τὴν
3066 2742 3195 2804 τοῦ,
3262 2735 3468 2790 Ἐκτισέ
3535 2757 3634 2810 με,
3699 2746 3905 2812 φωνην,
3968 2746 4058 2794 καὶ
4117 2749 4212 2802 τὴν

2610 2830 2719 2893 τοῦ,
2788 2826 2982 2875 Πιστόν
3048 2832 3120 2893 τῷ
3187 2830 3468 2882 ποιήσαντι
3534 2828 3710 2894 αύτόν,
3778 2835 3867 2881 καὶ
3932 2835 4024 2889 τὴν
4091 2840 4211 2899 τοῦ,

2610 2914 2706 2963 Τόν
2757 2910 3040 2964 ἀπόστολον
3089 2918 3178 2965 καὶ
3225 2913 3474 2986 ἀρχιερέα
3527 2925 3620 2974 τῆν
3670 2917 3948 2990 ὁμολογίας
3995 2922 4207 2992 ἡμιιῖιν)⁹

2612 3000 2654 3052 εἰ
2682 3005 2752 3072 μη
2788 3005 2879 3063 τὰς
2922 3005 3163 3063 τοιαύτας
3194 3007 3361 3075 φωνὰς
3407 3014 3478 3075 τῷ
3517 3014 3608 3058 τοῦ
3639 3015 3874 3080 Χριστοῦ
3903 3007 4209 3082 ἀνθρωπίνῳ

846 3087 1121 3162 ἀπένειμαν
1151 3110 1162 3122 ο
1206 3095 1322 3162 περὶ
1369 3091 1470 3163 γὰρ
1514 3097 1608 3150 τῆς
1663 3091 1798 3150 θείας
1837 3093 2030 3161 φύσεως
2069 3092 2150 3157 τὸ,
2196 3089 2273 3142 Ἐν
2314 3087 2456 3164 ἀρχῇ
2511 3086 2572 3162 ᾖν
2612 3089 2637 3140 6
2682 3094 2870 3162 Λόγος,
2913 3096 3255 3164 παρήγαγονο
3302 3097 3390 3146 καὶ
3434 3097 3514 3162 τό,
3565 3096 3694 3167 Ἐγὼ
3732 3101 3821 3149 καὶ
3870 3099 3895 3149 6
3938 3103 4118 3174 Πατὴρ
4161 3101 4208 3152 ἓν

843 3177 995 3251 ἔσμεν
1020 3200 1032 3212 °
1075 3183 1164 3231 καὶ
1203 3179 1302 3230 ὅσα
1340 3181 1544 3238 τούτοις
1582 3183 1865 3251 παρόμοια.

913 3271 1000 3323 38.
1047 3268 1189 3323 Huic
1247 3267 1479 3339 optimo
1537 3283 1607 3322 ac
1659 3274 1970 3340 tantopere
2025 3267 2494 3324 demonstrativo
2538 3269 2576 3322 C

840 3361 1218 3426 argumento,
1245 3356 1426 3412 aliam
1457 3373 1700 3429 quoque
1729 3358 1945 3427 adjecit
1973 3357 2266 3412 miriﬁcus
2297 3361 2496 3413 Caesar

839 3447 1386 3511 conﬁrmationem,
1410 3446 1823 3513 restringenda
1851 3446 2071 3501 scilicet
2101 3462 2171 3500 ac
2203 3446 2495 3502 subtiliter

836 3535 1196 3608 explicando
1243 3541 1586 3590 sanctorum
1615 3534 1795 3594 dicta,
1831 3540 1895 3589 ut
1924 3541 2282 3606 opportune,
2318 3540 2496 3607 prout

835 3642 945 3700 par
962 3630 1088 3680 erat
1110 3624 1596 3694 intelligerentur.
1617 3624 1708 3680 Sic
1729 3623 1888 3679 enim
1908 3624 2123 3680 aiebat.
2143 3627 2288 3681 Cum
2308 3624 2492 3697 aliqui

835 3720 1158 3771 occurrunt
1184 3713 1454 3768 Ecclesiae
1480 3713 1824 3768 defensores
1853 3714 2053 3768 Patres
2084 3714 2309 3769 dictum
2343 3713 2490 3768 illud

834 3804 1200 3876 explicantes
1234 3801 1571 3858 secundum
1602 3802 1766 3875 quod
1799 3805 1964 3857 Pater
1995 3819 2179 3858 causa
2205 3808 2297 3858 est
2327 3802 2490 3858 caale-

837 3894 944 3949 stis
976 3893 1320 3960 nativitatis,
1353 3892 1414 3948 hi
1441 3897 1582 3948 tunc
1620 3893 1694 3947 de
1724 3892 2013 3961 unigeniti
2042 3892 2167 3948 Filii
2215 3893 2314 3948 Dei
2362 3908 2490 3964 per-

834 3999 987 4039 sona
1040 3982 1372 4051 theologice
1410 3982 1472 4037 id
1519 3982 1748 4045 dicunt,
1776 3988 1839 4037 ut
1868 3981 2356 4038 adversariorum
2382 3998 2488 4039 ora

832 4073 1174 4142 occludant,
1203 4073 1306 4144 qui
1336 4071 1733 4128 differentiam
1766 4072 1826 4126 in
1859 4087 2042 4127 unam
2084 4073 2486 4144 eamdemque

830 4169 1114 4220 naturam
1162 4161 1491 4226 invehunt;
1523 4163 1638 4233 ipsi
1685 4167 1886 4216 autem
1937 4165 2133 4217 Patres
2180 4161 2488 4218 affirmant

827 4253 995 4310 haud
1018 4252 1255 4308 differre
1297 4267 1332 4307 a
1371 4257 1622 4323 paterna
1668 4251 1790 4307 Filii
1839 4257 2156 4317 naturam;
2191 4267 2388 4323 neque
2422 4253 2483 4307 in

827 4341 1023 4414 gradu
1044 4343 1276 4412 majore
1297 4343 1529 4396 Patrem
1552 4340 1790 4410 versari,
1811 4341 1987 4412 quasi
2008 4340 2356 4396 substantia:
2378 4356 2484 4396 seu

825 4438 1057 4488 natura
1096 4431 1321 4487 habeat
1361 4429 1782 4485 differentiam.
1825 4430 1940 4486 Sed
1986 4430 2268 4501 quamvis
2315 4433 2484 4486 Pater

824 4521 1058 4577 dicatur
1105 4521 1300 4592 major
1326 4535 1361 4575 a
1395 4519 1557 4587 Filio,
1589 4519 1651 4574 id
1695 4524 1896 4574 tamen
1921 4518 2150 4576 dictum
2180 4519 2484 4591 sempiter-

2678 3267 2774 3326 λη’.
2822 3270 2938 3323 Ἐπί
2988 3267 3046 3323 δὲ
3089 3279 3160 3342 τῷ
3209 3275 3426 3344 τοιούτῳ
3475 3271 3675 3348 ἀρίστῷ
3717 3280 3808 3328 καὶ
3857 3273 4210 3349 ἀποδεικτικῳ

2607 3366 2697 3409 τοῦ
2759 3358 2914 3430 λόγου
2991 3359 3364 3434 ἐπιχειρήματι
3429 3368 3516 3414 καὶ
3589 3365 3783 3422 ταύτην
3850 3367 3875 3416 6
3947 3368 4207 3429 θειότατος

2606 3445 2834 3520 ἐπήγαγε
2899 3448 3148 3521 βασιλεὺς
3213 3456 3304 3509 τὴν
3364 3455 3444 3504 ἐπὶ
3507 3460 3611 3513 τοὶς
3673 3459 4023 3527 προκειμένοις
4082 3476 4209 3527 συγ-

2604 3542 2888 3611 κρότησιν·
2955 3539 3348 3592 καταλεπτύνων
3413 3542 3518 3593 οἷον
3579 3547 3670 3595 κα)⁸
3739 3544 4060 3616 ἰσχνο).ογῶν
4113 3549 4206 3608 τὰς

2602 3635 2698 3677 τῶν
2753 3626 2913 3698 ἁγίων
2973 3631 3140 3700 φωνὰς
3196 3631 3330 3689 ὃπως
3385 3633 3520 3681 κατά
3577 3635 3756 3706 καιρόν
3791 3635 3860 3692 ’ὡς
3913 3630 4019 3685 ἔδει
4074 3653 4208 3706 παρ-

2603 3717 2965 3789 ελαμϐάνοντο.
3022 3719 3165 3788 Ὀτε,
3212 3723 3335 3793 γὰρ,
3389 3723 3624 3791 ἔφασκεν,
3677 3724 4004 3796 εὑρίσκονται
4071 3741 4204 3786 τινες

2600 3815 2697 3858 τῶν
2754 3816 2847 3869 τῆς
2905 3808 3212 3870 Ἐκκλησίας
3265 3812 3585 3884 ὑπερμάχων
3656 3816 3893 3884 Πατέρων
3951 3818 4044 3870 τὴν
4100 3833 4203 3865 τοι·

2601 3899 2760 3953 αύτην
2801 3902 2968 3968 φωνην
3014 3901 3150 3949 κατὰ
3195 3901 3251 3950 τό
3292 3901 3456 3950 αἴτιον
3504 3907 3594 3959 τῆς
3637 3898 3877 3952 ἀνωτάτω
3914 3907 4201 3972 γεννήσεως

2599 3983 2951 4058 ἐξηγούμενοι,
3002 3992 3115 4039 τότε
3160 3983 3226 4044 δὴ
3282 3991 3395 4060 περὶ
3441 3996 3536 4048 τῆς
3587 3996 3678 4040 τοῦ
3725 3997 4029 4061 μονογενοῦς
4069 3993 4198 4042 Υὶοῦ

2597 4083 2688 4126 τοῦ
2735 4084 2868 4128 Θεοῦ
2898 4078 3236 4138 ὑποστάσεως
3269 4077 3622 4148 θεολογοῦντες
3663 4086 3814 4130 τοῦτο
3845 4075 4194 4148 διδάσκουσι,

2596 4169 2713 4226 τούς
2789 4162 3210 4239 ἐτεροδοξοῦντας
3266 4164 3728 4238 έπιστομίζοντες,
3789 4164 4044 4243 διαφορὰν
4111 4170 4196 4220 ἐπὶ

2594 4263 2686 4313 τῆς
2733 4260 2856 4326 μιᾶς
2922 4255 3084 4316 αὐτῆς
3131 4255 3432 4326 εἰσάγοντας
3485 4259 3720 4327 φύσεωςο
3771 4262 3860 4309 καὶ
3918 4254 4197 4320 ἀποδεῖξαι

2596 4341 2903 4415 βουλόμενοι
2932 4340 3098 4415 μηδέν
3144 4363 3196 4395 τι
3244 4348 3378 4396 κοιτά
3408 4349 3562 4416 φύσιν
3611 4354 3702 4398 τοῦ
3733 4349 3938 4417 Πατρός
3986 4343 4196 4399 διίστα-

2595 4434 2720 4488 σθαι
2757 4436 2844 4484 τόν
2884 4436 3022 4501 Υιὸν,
3051 4429 3190 4506 μηδὲ
3235 4437 3321 4486 τόν
3365 4435 3580 4507 μείζονα
3622 4433 3829 4506 κλῆρον,
3855 4434 4060 4506 ἐπέχειν
4108 4439 4194 4488 τόν

2595 4527 2802 4594 Πατέρα
2846 4519 2937 4575 διὰ
2984 4527 3041 4575 τό
3081 4533 3172 4584 τῆς
3219 4523 3399 4584 ούσίας
3446 4528 3610 4576 εἶτουν
3651 4527 3848 4596 φύσεως
3895 4523 3944 4576 ἕν
3992 4527 4195 4586 τούτοις

823 4627 971 4668 nam
1011 4611 1285 4681 orginem
1326 4625 1716 4682 causamque,
1747 4609 1807 4664 id
1861 4614 1954 4665 est
1999 4609 2077 4664 ad
2116 4609 2481 4665 ineffabilem
2514 4621 2557 4674 D

2427 4627 2481 4664 In
2514 4621 2557 4674 D
2595 4608 2863 4686 διάφορον.
2917 4612 3050 4664 Ἀλλ’
3100 4613 3144 4665 εἰ
3194 4618 3284 4666 καὶ
3327 4613 3511 4666 ἑαυτοῦ
3561 4615 3751 4686 μείζων
3809 4617 4012 4686 εἴρηται
4053 4617 4196 4686 παρά

822 4701 1433 4774 inexplicabilemquc
1476 4700 1943 4771 generationem,
1987 4699 2267 4769 referunt,
2300 4700 2484 4756 veluti

825 4791 900 4848 de
936 4791 1244 4864 unigenito
1279 4790 1417 4846 Filio
1455 4789 1554 4845 Dei
1585 4789 1975 4861 personaliter
2004 4789 2349 4862 eloquentes
2380 4807 2393 4858 ;
2427 4793 2485 4845 et

825 4883 908 4938 sic
931 4881 1104 4936 unice
1128 4886 1269 4936 tunc
1291 4879 1738 4948 intelligendam
1764 4880 2084 4934 dictionem
2117 4880 2302 4935 aiunt.
2333 4882 2482 4936 Cum

824 4975 1026 5028 autem
1073 4969 1364 5040 unigeniti
1413 4969 1592 5024 Verbi
1645 4969 2120 5045 incarnationem
2180 4975 2479 5042 spectant,

820 5067 1001 5134 atque
1033 5061 1110 5118 ad
1137 5059 1490 5130 conjunctas
1519 5058 1831 5114 inconfuse
1863 5064 2108 5115 naturas
2139 5075 2481 5118 sermonem

817 5155 1540 5221 convertunt,earumque
1563 5147 1963 5205 differentiam
1985 5148 2233 5204 delinire
2249 5150 2475 5223 volunt,

815 5247 958 5298 tunc
989 5240 1203 5298 Christi
1242 5254 1488 5312 quoque
1517 5238 1879 5295 humanitati
1927 5239 2087 5295 hanc
2117 5239 2478 5296 locutionem

814 5329 1304 5387 accommodant.
1331 5331 1579 5399 Magnus
1605 5328 1784 5398 igitur
1812 5328 2128 5398 theologus
2161 5330 2477 5400 Gregorius

812 5421 909 5478 hic
956 5421 1018 5476 in
1067 5419 1338 5475 medium
1383 5419 1819 5490 proferebatur,
1867 5419 1971 5492 qui
2026 5424 2162 5491 post
2213 5421 2474 5492 priorem

809 5510 1366 5582 interpretationem
1401 5509 1738 5564 secundum
1769 5525 2017 5564 causam
2048 5509 2267 5565 divinae
2298 5525 2472 5581 gene-

810 5601 1077 5668 rationis,
1110 5600 1267 5656 hanc
1311 5614 1555 5671 quoque
1585 5598 1806 5670 adjecit
1834 5617 1846 5655 :
1881 5599 2032 5656 Nam
2076 5599 2274 5657 dicere
2306 5600 2473 5673 quod

884 5709 994 5789 (39)
1035 5707 1253 5768 Zenob.
1285 5706 1574 5782 proverb.
1600 5723 1642 5781 ι,
1677 5709 1765 5766 83.

2593 4710 2684 4753 τοῦ
2725 4704 2849 4754 Υὶοῦ
2901 4704 2926 4754 ό
2977 4707 3180 4776 Πατὴρ,
3219 4705 3346 4775 πρός
3390 4704 3621 4775 ἄναρχον
3662 4702 3838 4777 ἀρχὴν
3877 4708 3966 4755 καὶ
3997 4705 4191 4771 αἰτίαν,

2591 4795 2833 4843 τουτέστι
2892 4796 2984 4850 τὴν
3041 4791 3264 4867 ἄρρητον
3321 4797 3601 4864 γέννησιν,
3649 4796 3705 4845 τό
3777 4800 3976 4845 τοιοῦτο
4037 4793 4194 4868 ῥητόν

2593 4879 2953 4954 ἀναφέρουσιν,
2984 4885 3052 4944 ὡς
3099 4887 3217 4954 περὶ
3264 4890 3356 4934 τοῦ
3396 4889 3697 4954 μονογενοῦς
3746 4885 3871 4935 Υὶοῦ
3919 4890 4012 4934 τοῦ
4060 4890 4193 4935 Θεοῦ

2593 4972 2960 5032 ύποστατικώς
3012 4975 3096 5024 τόν
3163 4971 3312 5042 λόγον
3376 4971 3663 5044 ἐκφέροντες
3705 4991 3717 5004 ·
3781 4971 3840 5023 ού
3903 4975 4076 5043 μέντοι
4135 4968 4195 5024 δὲ

2591 5065 2680 5112 καὶ
2731 5064 2863 5113 κατὰ
2917 5063 3111 5118 ταύτην
3161 5065 3330 5133 ,μόνην
3389 5058 3673 5131 ἐπάγουσιν
3722 5059 3882 5118 αύτὴν
3932 5058 4194 5129 ἐκλαμϐά-

2590 5152 2790 5204 νεσθαι.
2845 5149 2967 5203 Ὀτε
3025 5147 3083 5202 δι
3140 5154 3222 5202 τόν
3274 5158 3522 5223 μονογενῆ
3582 5153 3749 5222 Λόγον
3802 5154 4195 5222 σεσαρκωμένον

2593 5241 2794 5314 θεωρεῖν
2859 5242 3050 5312 ἔχουσι
3111 5244 3200 5292 καὶ
3262 5243 3387 5314 πρός
3448 5241 3543 5300 τὰς
3609 5237 3656 5290 έν
3726 5237 3866 5309 αύτῳ
3929 5239 4196 5310 ἠνωμένας

2589 5329 2908 5402 ἀσυγχύτως
2976 5333 3156 5402 φύσεις
3213 5329 3557 5402 χειραγωγεῖν
3621 5330 3706 5380 τόν
3771 5327 3924 5398 λόγον
3991 5326 4196 5399 ἐπιχει-

2583 5429 2738 5496 ροῦσι
2787 5426 2876 5473 καὶ
2931 5416 3238 5493 διευκρινείν
3287 5423 3345 5470 τό
3394 5416 3442 5469 ἐν
3494 5419 3706 5478 ταύταις
3764 5413 4036 5490 διάφορον,
4081 5420 4196 5469 τότε

2584 5515 2672 5563 καὶ
2723 5519 2784 5584 τῇ
2847 5509 2894 5562 έν
2950 5517 3022 5580 τῷ
3084 5515 3296 5582 Χριστῷ
3356 5504 3720 5581 ἀνθρωπότητι
3783 5509 3878 5565 τὴν
3944 5507 4193 5564 τοιαύτην

2585 5605 2753 5674 φωνὴν
2809 5599 3294 5675 προσαρμόζουσιν.
3347 5596 3404 5651 Ὀ
3460 5601 3642 5671 μέγας,
3697 5592 3783 5650 οὖν
3837 5594 3886 5649 ἕν
3955 5593 4196 5670 θεολογίᾳ
