4480 6430
831 378 938 433 235

834 497 980 555 dicti
1011 494 1339 566 evangelici
1367 493 1918 567 interpretationem
1952 495 2028 551 ad
2058 496 2356 569 liquidum
2385 496 2487 552 de-

834 587 1012 654 duci;
1039 600 1114 641 ne
1145 584 1224 641 ob
1247 587 1376 655 ejus
1400 583 1854 654 ambiguitatem
1885 585 2485 642 cordainﬁrmiorum

832 674 1370 756 perturbarentur;
1421 671 1501 728 ad
1557 677 1894 728 extremum
1943 674 2355 729 sanctissimos
2381 690 2486 746 pa-

830 763 1125 822 triarchas
1155 776 1513 833 sacramque
1530 765 1587 816 et
1606 761 1875 817 divinam
1901 763 2287 832 congregavit
2307 778 2486 834 syno-

831 852 1002 922 dum,
1036 851 1117 907 ad
1149 866 1337 923 quam
1393 854 1697 906 senatores
1749 865 1994 922 quoque
2049 857 2479 915 convenerunt,

830 939 1231 1014 prmsentibus
1261 939 1441 995 etiam
1467 938 2006 995 illustrissimorum
2037 940 2312 995 omnium
2357 956 2481 996 mo-

829 1029 1233 1086 nasteriorum
1263 1027 1609 1083 abbatibus.
1642 1030 1707 1083 Et
1736 1029 1929 1084 Caesar
1971 1029 2218 1105 quidem
2258 1029 2481 1084 reside-

827 1118 936 1176 bat
955 1119 1018 1174 in
1037 1118 1206 1187 regio
1233 1117 1469 1187 throno,
1502 1116 1607 1188 qui
1637 1121 1723 1172 est
1751 1117 1812 1172 in
1845 1117 2116 1172 conclavi
2158 1134 2326 1174 mare
2356 1134 2482 1173 ver-

826 1223 932 1263 sus
963 1207 1172 1276 magni
1198 1205 1403 1278 palatii
1432 1221 1626 1277 nuper
1655 1205 1734 1261 ab
1764 1206 1896 1278 ipso
1920 1209 2154 1263 Cmsare
2175 1207 2478 1275 exstructi,

826 1295 994 1369 quod
1019 1294 1376 1351 occidentali
1407 1293 1574 1349 urbis
1607 1310 1783 1349 muro
1828 1295 2123 1363 imminet,
2174 1296 2480 1368 habetque

821 1384 886 1441 id
916 1383 1204 1441 conclave
1235 1385 1313 1438 ad
1342 1383 1475 1454 ipso
1499 1382 1764 1439 Manuele
1787 1399 2012 1439 nomen
2039 1401 2051 1436 :
2093 1401 2217 1456 quo
2241 1386 2302 1440 in
2346 1385 2480 1440 loco

822 1471 1297 1530 innumerabiles
1354 1472 1735 1544 imperatoris
1787 1473 2068 1529 victorias
2115 1465 2285 1529 brevi
2329 1489 2478 1546 gyro

821 1563 1302 1634 comprehensas
1332 1576 1430 1616 ars
1460 1561 1733 1632 pictoria,
1776 1562 1973 1617 aureis
2024 1563 2246 1635 lapillis
2277 1565 2478 1620 varios

817 1653 1182 1708 interserens
1209 1650 1462 1713 colores,
1491 1654 1670 1722 prout
1713 1649 1840 1705 ﬁeri
1883 1651 2099 1723 potuit,
2140 1651 2473 1723 descripsit.

819 1741 920 1798 Hic
941 1740 1052 1796 fuit
1081 1739 1416 1796 consistorii
1441 1739 1646 1807 locus;
1673 1738 1878 1812 ibique
1909 1738 2157 1796 deﬁnita
2178 1747 2316 1796 sunt
2342 1757 2475 1814 qum

2170 371 2444 432 Μαι-πλε
2487 332 2857 439 caenum

2598 502 2682 554 ἱνα
2709 508 2781 575 μὴ
2815 512 2886 574 τῷ
2917 501 3097 576 ἀδήλῳ
3135 507 3332 566 ταύτης
3359 504 3418 559 αἱ
3444 512 3544 556 τῶν
3573 504 3946 578 ἁπαγεστίρων
3972 504 4190 581 καρδίαι

2595 586 2630 643 δ
2637 595 3026 666 ιαταράττοιντο
3049 614 3061 628 ο
3093 592 3235 655 τέλος
3263 597 3381 653 τούς
3410 593 3728 664 ἁγιωτάτους
3751 598 4085 668 πατριάρχας
4104 601 4188 648 καὶ

2592 684 2686 736 τήν
2716 682 2853 752 ἱερὰν
2883 687 2972 734 καὶ
3005 683 3143 734 θείαν
3171 684 3484 754 συνήθροισε
3515 677 3734 733 σύνοδον
3764 699 3776 711 ⁸
3821 681 3927 734 ἁλλ’
3977 681 4101 736 οὐδε
4139 687 4188 737 οἱ

2590 775 2686 830 τῆς
2719 769 3012 840 συγκλήτου
3043 768 3242 842 βουλῆς
3271 769 3603 827 ἀπελείποντο
3629 791 3642 802 ·
3673 778 3920 844 παρήσειν
3949 768 4010 826 δε
4029 777 4120 825 καὶ
4139 774 4187 824 οἱ

2590 865 2690 908 τῶν
2720 856 3118 930 ἄπισημοτάτων
3145 868 3328 912 πασῶν
3357 867 3522 930 μονῶν
3539 860 3922 931 καθηγούμενοι
3943 877 3958 892 ·
3989 864 4185 914 καὶτὸν

2590 948 2680 1017 μὶν
2711 947 2736 1000 ὁ
2768 945 3047 1019 βασιλικὸς
3077 945 3190 1020 εἶχε
3218 950 3391 1022 θρόνος
3430 947 3480 1000 ἄν
3509 955 3582 1018 τῷ
3620 952 3753 1021 πρὸς
3783 948 4037 1002 θάλατταν
4067 950 4186 1004 ὐπο-

2589 1040 2706 1108 ρῲῳ
2731 1044 2823 1090 τοῦ
2853 1035 2901 1089 ἄν
2933 1045 3004 1106 τῷ
3034 1038 3242 1109 μεγάλῳ
3265 1037 3501 1107 παλατίω
3521 1039 3917 1110 νεουργηθέντος
3946 1041 4092 1091 οἴκου
4113 1046 4185 1107 τῷ

2591 1122 2803 1195 βασιλεῖ
2832 1134 2921 1178 τοῦ
2953 1123 3302 1202 δυτικωτίρου
3326 1131 3538 1199 τείχους
3560 1111 3856 1200 ἐφύπερθεν,
3889 1134 4183 1200 φερώνυμον

2587 1218 2676 1272 τήν
2707 1214 2894 1274 κλῆσιν
2925 1216 2981 1269 ἰκ
3011 1226 3106 1278 τῆς
3136 1226 3226 1271 τοῦ
3260 1217 3507 1276 Μανουήλ
3534 1222 3877 1290 προσρήσεως
3905 1222 4145 1290 φέροντος
4165 1232 4180 1248 ⁸

2588 1304 2637 1355 ἓν
2738 1310 2828 1357 καὶ
2851 1313 2952 1357 τῶν
3002 1303 3417 1378 δυσαριθμήτων
3454 1308 3867 1379 κατορθωμάτων
3899 1314 3989 1358 τοῦ
4035 1306 4186 1358 αὐτο-

2586 1395 2839 1468 κράτορος
2871 1393 3065 1469 βραχέ’
3091 1397 3226 1447 ἄττα
3252 1394 3628 1467 παραλαϐοῦσα
3654 1397 3683 1454 ἠ
3718 1395 3992 1469 ζωγράφος
4020 1399 4182 1466 τέχνη

2587 1481 2643 1535 ἐκ
2673 1486 3028 1556 καταχρύσων
3070 1480 3316 1556 ψηφίδων
3350 1483 3744 1556 ποικιλοχρόοις
3787 1483 3978 1557 ἑτέραις
4016 1482 4184 1536 imm—

2583 1575 2868 1642 γνυμίνων,
2899 1575 2968 1634 ὡς
2999 1571 3158 1644 εἶχεν,
3188 1569 3570 1646 ἐνδιεγράψατο
3595 1593 3607 1606 '
3641 1572 3865 1626 ἐνταῦθα
3905 1575 3994 1644 μεν
4027 1569 4095 1630 δή
4122 1576 4185 1628 τὰ

2584 1667 2680 1720 τῆς
2707 1659 3047 1723 συνιλεύσιως
3073 1678 3081 1686 ·
3118 1669 3396 1733 κυροῦνται
3427 1657 3486 1714 δέ
3514 1663 3581 1714 τὰ
3627 1663 4032 1732 ὑποτεταγμένα,
4063 1664 4182 1733 ομο-

2583 1751 3024 1820 γνωμονήσάντων
3054 1749 3312 1819 ἀλλήλοις,
3345 1759 3442 1802 τῶν
3482 1769 3536 1802 τε
3583 1750 3885 1822 ἁγιωτάτων
3932 1769 4181 1824 πατριαρ-

817 1830 976 1889 infra
1005 1846 1326 1904 ponemus,
1353 1829 1864 1886 consentientibus
1892 1829 2044 1886 inter
2072 1847 2137 1886 se
2168 1831 2474 1887 sanctissi-
2504 1870 2545 1924 Β
2582 1899 2586 1909 η

2410 1832 2474 1886 δί’
2504 1870 2545 1924 Β
2582 1846 2716 1909 χῶν,
2747 1847 2846 1890 τῶν
2880 1841 3166 1909 ἱερωτάτων
3208 1838 3512 1914 ἀρχιερέων,
3545 1847 3636 1890 τοῦ
3689 1841 3948 1912 ἱερατικοῦ
3995 1837 4179 1892 λοιποῦ

817 1922 937 1978 mis
961 1919 1342 1995 patriarchis,
1387 1917 1934 1992 sacratissimisque
1980 1919 2470 1993 archiepiscopis,

816 2010 1173 2084 reliquoque
1202 2007 1567 2065 sacerdotali
1593 2012 1769 2077 coetu,
1816 2013 1875 2065 et
1922 2009 2302 2065 senatoribus
2347 2010 2467 2065 uni-

815 2101 1046 2167 versis;
1079 2099 1164 2155 sic
1219 2098 1456 2156 favente
1505 2100 1674 2170 pacis
1723 2100 1864 2166 Deo,
1921 2111 2160 2154 necnon
2211 2097 2475 2169 religiosi

815 2188 1009 2248 nostri
1037 2205 1076 2246 a
1104 2190 1226 2245 Deo
1256 2187 1528 2244 coronati
1556 2186 1941 2262 imperatoris
1967 2186 2111 2243 zelo.
2143 2187 2224 2242 De
2251 2187 2343 2242 his
2367 2203 2472 2243 au-

815 2283 939 2336 tem
964 2283 1164 2336 tomus
1194 2293 1439 2353 quoque
1469 2275 1845 2350 conscriptus
1875 2276 2002 2347 fuit,
2038 2277 2098 2333 in
2129 2293 2252 2351 quo
2284 2275 2362 2332 ad
2387 2276 2474 2331 lit-

815 2373 1007 2429 teram
1028 2368 1343 2444 sequentia
1370 2367 1772 2426 continentur.

1487 2564 1692 2622 ACTIO
1739 2565 1804 2619 ll.

814 2709 1040 2768 Mensis
1076 2707 1293 2766 Martii
1326 2706 1422 2764 die
1463 2707 1750 2773 secunda.
1801 2708 2145 2766 indictionis
2197 2711 2349 2767 XIV
2379 2711 2475 2768 die

1518 2803 1760 2870 quarta.

807 2981 814 2986 I
887 2910 938 2963 l.
969 2904 1328 2964 Prasidente
1386 2920 1423 2961 a
1481 2907 1602 2961 Deo
1655 2910 1943 2962 coronato
2007 2911 2216 2962 sancto
2265 2901 2470 2964 nostro

808 3013 950 3069 rege
970 3001 1028 3053 et
1054 2997 1416 3071 imperatore
1444 2995 1696 3051 domino
1741 2996 2012 3052 Manuelo
2044 2996 2373 3069 Comneno,
2404 2998 2465 3054 in

812 3087 1045 3161 tropico
1075 3085 1347 3142 conclavi
1378 3084 1691 3141 meridiem
1722 3102 1954 3152 versus,
1985 3102 2207 3159 nempe
2255 3088 2314 3142 in
2346 3104 2470 3145 ma-

813 3177 916 3249 gni
945 3175 1150 3249 palatii
1185 3175 1842 3252 porphyromanuelico
1870 3175 2123 3232 triclinio
2157 3195 2171 3244 ;
2229 3178 2469 3234 astanti-

809 3267 929 3324 bus
957 3268 1180 3321 sancte
1223 3264 1527 3335 majestati
1574 3264 1724 3334 ejus,
1759 3264 2128 3321 amabilibus
2158 3267 2465 3323 consobri-

808 3356 926 3420 nis,
957 3353 1096 3410 ﬁliis
1124 3352 1330 3426 inclyti
1387 3352 1889 3410 sebastocratoris
1943 3354 2177 3411 domini
2235 3356 2466 3411 Andro-

809 3443 1178 3513 nici,scilicet
1206 3441 1629 3515 protosebasto
1654 3447 1712 3498 et
1740 3444 2196 3516 protovestiario
2228 3443 2466 3500 domino

807 3535 1045 3591 Joanne
1070 3531 1401 3598 Comneno,
1435 3531 1685 3603 ejusque
1730 3531 1910 3588 fratre
1961 3531 2213 3588 domino
2263 3532 2467 3589 Alexio

810 3626 1152 3689 Comneno;
1183 3619 1429 3677 amabili
1460 3621 1828 3677 consobrino
1859 3622 2118 3694 potentis
2151 3624 2466 3696 sanctique

803 3712 995 3771 nostri
1023 3711 1204 3782 regis,
1256 3709 1506 3766 domino
1559 3710 1904 3767 Andronico
1965 3714 2294 3780 Comneno,
2344 3714 2465 3770 tilio

805 3799 1167 3876 pansebasti
1199 3799 1512 3855 celsissimi
1556 3798 1787 3855 domini
1831 3800 2126 3856 Theodori
2171 3804 2461 3866 Batatzaa;

801 3892 984 3949 fratre
1005 3891 1137 3963 ejus
1164 3893 1222 3945 et
1250 3889 1499 3944 amabili
1529 3889 1901 3944 consobrino
1937 3890 2197 3962 potentis
2242 3893 2463 3947 sancti-

803 3997 924 4055 que
954 3979 1144 4037 nostri
1164 3977 1322 4049 regis
1348 3977 1600 4034 domino
1622 3979 1826 4034 Alexio
1857 3982 2190 4048 Comneno,
2215 3981 2462 4037 amabili

799 4069 1073 4144 patruele
1092 4068 1352 4142 potentis
1388 4067 1704 4140 sanctique
1751 4067 1934 4124 nostri
1979 4068 2158 4137 regis,
2203 4074 2348 4124 nato
2390 4086 2461 4125 ex

799 4159 1051 4217 amabili
1098 4161 1314 4231 patruo
1359 4157 1617 4231 potentis
1667 4157 1980 4230 sanctique
2039 4159 2228 4213 nostri
2281 4160 2457 4230 regis,

796 4248 1175 4324 pansebasto
1205 4246 1541 4303 celsissimo
1600 4246 1852 4302 domino
1908 4248 2297 4303 Constantino
2343 4254 2458 4303 An-

796 4339 953 4413 gelo,
986 4337 1259 4404 domino,
1293 4337 1568 4409 inquam,
1590 4338 1819 4392 Joanne
1853 4339 2053 4403 Duca;
2086 4335 2268 4393 fratre
2299 4339 2458 4408 ejus-

792 4430 958 4498 dem,
991 4427 1237 4484 amabili
1268 4431 1487 4499 nepote
1511 4427 1770 4499 potentis
1824 4432 1882 4482 et
1911 4427 2102 4482 sancti
2147 4428 2334 4483 nostri
2365 4445 2457 4484 re-

791 4521 908 4592 gis,
940 4519 1196 4576 domino
1226 4517 1573 4574 Andronico
1605 4520 1767 4573 Duca
1793 4536 1805 4584 ;
1841 4531 2062 4586 genero
2111 4518 2370 4588 potentis
2401 4523 2458 4573 et

2583 1927 2896 1999 καταλόγου,
2924 1933 3014 1980 καὶ
3045 1928 3352 2001 ξυμπάντων
3378 1936 3476 1979 τῶν
3507 1935 3599 1988 τῆς
3627 1927 3980 1999 συγκλητικῆς
4000 1947 4180 2001 γερου-

2587 2021 2727 2084 σίας,
2759 2013 2976 2089 εὐδοκίᾳ
2999 2025 3090 2070 τοῦ
3115 2025 3206 2078 τῆς
3236 2017 3442 2089 εἰρήνης
3471 2023 3604 2070 Θεοῦ
3648 2021 3738 2068 καὶ
3766 2012 4006 2089 διαπύρῳ
4037 2016 4178 2089 ζήλῳ

2583 2114 2674 2160 τοῦ
2706 2106 2946 2168 εὐσεϐοῦς
2975 2110 3122 2180 ἡμῶν
3151 2113 3240 2159 καὶ
3275 2109 3575 2178 θεοστιφοῦς
3625 2107 4040 2181 αὐτοκράτορος·
4095 2106 4179 2159 ἐπὶ

2586 2193 2653 2256 δή
2686 2199 2892 2258 τούτοις
2919 2200 3008 2249 καὶ
3032 2201 3190 2269 τόμος
3219 2195 3496 2263 ἐκτίθεται,
3527 2193 3657 2253 τάδε
3705 2197 3839 2247 κατὰ
3882 2197 4027 2275 ῥῆμα
4075 2192 4156 2255 διε

2583 2285 2724 2347 ξιών.
3293 2285 3311 2298 ’“

3209 2579 3444 2629 ΠΡΑΞΙΣ
3485 2573 3553 2629 Β’.

2581 2720 2721 2774 Μηνὶ
2751 2721 2971 2792 Μαρτίῳ
3000 2712 3236 2790 δευτέρα²
3265 2718 3434 2791 ἡμέρᾳ
3477 2718 3694 2789 τετάρτῃ
3734 2710 4057 2778 ἱνδικτιῶνος
4088 2713 4178 2771 td‘.

2652 2911 2717 2970 α’.
2748 2914 3149 2984 Προκαθήμένου
3184 2920 3273 2966 τοῦ
3307 2915 3618 2966 θεοστέπτου
3651 2912 3800 2984 ἁγίου
3827 2917 3856 2972 ἤ
3865 2922 3972 2984 μῶν
4023 2911 4180 2986 βασι-

2577 3000 2698 3062 λέως
2725 3007 2815 3054 καὶ
2837 3002 3214 3076 αὐτοκράτορος
3244 3010 3404 3075 κυροῦ
3432 3002 3681 3059 Μανουὴλ
3701 3010 3790 3054 τοῦ
3817 3009 4107 3074 Κομνηνοῦ,
4131 3003 4179 3056 ἐν

2577 3099 2639 3164 τῇ
2674 3093 2882 3164 ύπερῴᾳ
2907 3099 3127 3165 τροπικῇ
3161 3100 3220 3163 τῇ
3254 3095 3381 3164 πρὸς
3410 3090 3742 3164 μεσημϐρίαν
3767 3100 3856 3143 τοῦ
3889 3091 3937 3143 ἐν
3981 3101 4054 3163 τῷ
4092 3113 4179 3165 μευ

2578 3180 2717 3251 γάλῳ
2735 3180 2969 3251 παλατίῳ
2997 3179 3596 3252 πορφυρομανουηλάτου
3619 3180 3903 3253 τρικλίνου,
3921 3200 4179 3253 παριστα-

2579 3273 2739 3340 μένων
2771 3277 2831 3342 τῇ
2867 3270 2993 3341 ἁγίᾳ
3025 3267 3274 3341 βασιλείᾳ
3317 3269 3479 3321 αὐτοῦ
3507 3279 3606 3320 τῶν
3654 3271 4013 3343 περιποθήτων
4066 3271 4177 3324 ἁνε-

2578 3357 2712 3428 ψιῶν
2743 3358 2902 3410 αὐτοῦ
2933 3363 3021 3410 καὶ
3042 3361 3164 3409 υἱῶν
3196 3365 3286 3410 τοῦ
3309 3354 3558 3430 ἀοιδίμου
3587 3357 4062 3432 σεϐαστοκράτορος
4091 3379 4180 3411 κυ-

2576 3454 2672 3522 ροῦ
2699 3443 3057 3521 Ἀνδρονίκου,
3091 3455 3182 3499 τοῦ
3212 3445 3650 3522 πρωτοσεϐαστοῦ
3676 3451 3766 3499 καὶ
3796 3447 4180 3521 πρωτοϐεστια-

2576 3540 2694 3609 ρίου
2721 3544 2882 3610 κυροῦ
2913 3536 3149 3589 Ἰωάννου
3178 3545 3270 3588 τοῦ
3305 3543 3592 3608 Κομνηνου⁹
3627 3541 3717 3589 καὶ
3739 3546 3830 3589 τοῦ
3851 3533 4070 3588 αὐταδέ)
4083 3557 4178 3608 φου

2577 3623 2735 3676 αὐτοῦ
2768 3633 2930 3700 κυροῦ
2962 3624 3189 3687 Ἀλεξίου
3215 3633 3307 3678 τοῦ
3342 3633 3610 3698 Κομνγτνοῦ
3641 3647 3652 3658 ·
3701 3635 3792 3678 τοῦ
3823 3628 4176 3700 περιποθήτου

2578 3710 2790 3783 ἀνεψιοῦ
2822 3723 2913 3765 τοῦ
2939 3723 3192 3786 κραταιοῦ
3224 3719 3314 3766 καὶ
3343 3715 3497 3786 ἁγίου
3527 3717 3673 3786 ἡμῶν
3705 3714 3984 3788 βασιᾘως,
4016 3723 4177 3790 κυροῦ

2585 3798 2906 3878 Ανδρονίκου
2936 3812 3025 3855 νοῦ
3059 3811 3326 3876 Κομνηνου
3358 3812 3449 3856 τοῦ
3495 3807 3612 3856 υἱοῦ
3657 3813 3748 3857 τοῦ
3787 3804 4152 3858 πανσεϐαστου

2573 3895 2828 3966 περτάτου
2855 3902 3017 3967 κυροῦ
3059 3891 3336 3969 Θεοδώρου
3380 3902 3470 3946 τοῦ
3515 3897 3782 3958 Βατάτζου
3819 3916 3830 3928 -
3877 3903 3968 3947 τοῦ
4018 3895 4176 3947 αὐτα-

2575 3977 2762 4054 δέλφου
2787 3983 2947 4035 αὐτοῦ
2973 3989 3061 4036 καὶ
3082 3987 3435 4056 περιποθήτου
3465 3983 3678 4056 ἀνεψιοῦ
3700 3992 3790 4036 τοῦ
3817 3993 4064 4056 κραταιοῦ
4086 3992 4176 4037 καὶ

2572 4070 2722 4142 ἁγίου
2750 4074 2895 4144 ἡμῶν
2923 4071 3203 4144 βασιλέως,
3230 4081 3392 4145 κυροῦ
3444 4073 3675 4136 Ἀλεξίου
3717 4081 3807 4125 τοῦ
3864 4080 4133 4145 Κομνήνοῦ
4159 4095 4171 4107 ·

2569 4167 2662 4212 τοῦ
2685 4163 3036 4233 περιποθήτου
3054 4159 3332 4234 ἐξαδέλφου
3356 4170 3452 4214 τοῦ
3469 4170 3721 4236 κραταιοῦ
3742 4167 3833 4214 καὶ
3853 4163 4004 4233 ἁγίου
4029 4166 4174 4235 ἡμῶν

2571 4249 2847 4323 βασιλέως,
2879 4260 2971 4304 τοῦ
2998 4255 3113 4304 υἱοῦ
3143 4261 3235 4305 τοῦ
3256 4255 3610 4327 περιποθήτου
3635 4255 3772 4305 θείου
3799 4261 3890 4304 τοῦ
3921 4261 4173 4325 κραταιοῦ

2568 4345 2657 4392 καὶ
2685 4340 2838 4412 ἁγίου
2886 4344 3030 4414 ἡμῶν
3087 4341 3368 4414 βασιλέως,
3407 4350 3498 4394 τοῦ
3546 4342 4172 4416 πανσεϐαστουπερτάτου

2565 4438 2728 4503 κυροῦ
2764 4437 3147 4484 Κωνστὰντίνου
3179 4440 3270 4484 τοῦ
3320 4432 3588 4504 Ἀγγελου,
3620 4440 3780 4507 κυροῦ
3815 4432 4050 4485 Ἰωάννου
4081 4441 4173 4485 τοῦ

2566 4522 2737 4572 Δούκα
2771 4541 2782 4553 ·
2813 4528 2904 4572 τοῦ
2940 4518 3266 4593 αὐταδέλφου
3299 4522 3484 4588 αὐτοῦ,
3529 4529 3620 4574 τοῦ
3667 4524 4020 4594 περιποθήτου
4054 4522 4171 4585 ἐξα-

790 4589 984 4666 sancti
1003 4607 1192 4665 nostri
1224 4607 1382 4676 regis
1411 4605 1651 4662 sebasto
1680 4606 1931 4662 domino
1973 4608 2201 4661 Joanne
2247 4607 2453 4662 Canta-
2486 4589 2529 4642 D

2402 4623 2453 4662 a-
2486 4589 2529 4642 D
2567 4605 2756 4681 δελφου
2788 4618 2879 4661 τοῦ
2911 4620 3164 4684 κραταιοῦ
3195 4617 3283 4663 καὶ
3315 4612 3470 4683 ἁγίου
3524 4614 3668 4684 ἡμῶν
3702 4610 3976 4684 βασιλέως,
4009 4620 4171 4685 κυροῦ

789 4715 1048 4768 cuzeno;
1082 4713 1306 4769 genero
1334 4697 1595 4770 potentis
1619 4694 1675 4752 et
1698 4696 1890 4753 sancti
1939 4696 2126 4752 nostri
2154 4697 2312 4764 regis
2339 4697 2451 4752 do-

784 4790 954 4847 mino
980 4787 1374 4846 Constantino
1406 4789 1606 4854 Duca;
1637 4786 1879 4842 sebasto
1910 4785 2161 4842 domino
2199 4785 2450 4842 Gudelio

781 4877 1114 4936 Tzicandile
1143 4897 1156 4947 ;
1191 4876 1432 4933 sebasto
1462 4881 1518 4933 et
1546 4891 1774 4946 magno
1804 4875 2204 4932 hetaeriarcha
2249 4875 2449 4931 domi-

779 4987 861 5028 no
893 4969 1143 5042 Georgio
1189 4967 1564 5038 Palaeologo;
1628 4965 1868 5024 sebasto
1907 4965 2161 5020 domino
2218 4968 2447 5022 Joanne

776 5061 942 5117 Duca
970 5079 983 5129 ;
1019 5058 1262 5116 sebasto
1289 5061 1344 5114 et
1391 5056 1725 5113 domestico
1783 5054 2063 5112 vestiario
2095 5055 2359 5127 potentis
2389 5062 2446 5110 et

775 5150 970 5206 sancti
1027 5149 1218 5206 nostri
1259 5147 1420 5219 regis
1479 5146 1729 5203 domino
1792 5143 2000 5201 Alexio
2057 5145 2438 5218 Petralipha;

771 5241 1016 5298 sebasto
1047 5243 1104 5296 et
1148 5239 1487 5296 domestico
1551 5236 1835 5292 vestiario
1859 5236 2118 5310 potentis
2160 5242 2218 5292 et
2247 5237 2440 5292 sancti

765 5330 957 5388 nostri
977 5329 1134 5400 regis
1164 5328 1394 5384 domno
1429 5327 1653 5383 Isaacio
1688 5328 1883 5394 Duca;
1934 5324 2174 5381 sebasto
2232 5331 2287 5380 et
2334 5324 2422 5379 do»

763 5420 1020 5477 mestico
1074 5418 1359 5474 vestiario
1391 5416 1655 5489 potentis
1700 5421 1757 5473 et
1810 5415 2004 5472 sancti
2044 5416 2232 5471 nostri
2278 5415 2436 5484 regis

761 5511 1013 5568 domino
1074 5509 1274 5565 Alexio
1334 5507 1636 5578 Rogerio;
1699 5505 1939 5562 sebasto
1992 5511 2046 5562 et
2102 5505 2433 5562 domestico

759 5602 1042 5659 vestiario
1073 5599 1334 5674 potentis
1379 5603 1435 5654 et
1467 5597 1659 5654 sancti
1699 5597 1888 5652 nostri
1937 5597 2098 5666 regis
2148 5604 2204 5652 et
2260 5596 2352 5651 (τὴν
2381 5612 2430 5651 r-

761 5694 980 5754 tulario
1045 5692 1298 5752 domino
1359 5687 1708 5747 Andronico
1771 5687 2168 5756 Lombardo;
2227 5693 2431 5762 proto-

2567 4693 2904 4772 Ἀνδρονίκου
2932 4708 3023 4751 τοῦ
3051 4704 3220 4752 Δούκα
3245 4719 3255 4730 ·
3287 4709 3380 4752 τοῦ
3409 4700 3650 4774 γαμϐρου
3684 4710 3774 4753 τοῦ
3804 4709 4055 4774 κραταιοῦ
4081 4706 4173 4753 καὶ

2562 4787 2716 4858 ἁγίου
2749 4791 2893 4861 ἡμῶν
2927 4788 3208 4861 βασιλέως,
3234 4800 3325 4842 τοῦ
3344 4790 3604 4843 σεϐαστοῦ
3630 4800 3791 4866 κυροῦ
3818 4793 4055 4844 Ἰωάννου
4077 4801 4170 4843 τοῦ

2563 4880 3001 4939 Καντακουζηνοῦ
3036 4897 3047 4908 ·
3085 4888 3176 4931 τοῦ
3206 4879 3448 4953 γαμϐροῦ
3479 4889 3570 4933 τοῦ
3601 4890 3853 4955 κραταιοῦ
3901 4888 3990 4934 καὶ
4017 4882 4167 4952 ἁγίου

2557 4969 2703 5039 ἡμῶν
2735 4967 3018 5040 βασιλέως,
3049 4978 3210 5043 κυροῦ
3255 4977 3641 5023 Κωνσταντίνου
3677 4980 3768 5022 τοῦ
3818 4974 3988 5023 Δούκα
4016 4991 4026 5000 ·
4076 4979 4169 5023 τοῦ

2557 5056 2817 5110 σεϐαστοῦ
2845 5067 3007 5133 κυροῦ
3036 5057 3313 5113 Γουδελίου
3358 5070 3450 5113 τοῦ
3496 5057 3816 5121 Τζικανδίλη
3841 5078 3851 5087 ’
3883 5070 3974 5112 τοῦ
4007 5060 4167 5113 σεϐα-

2556 5156 2682 5199 στοῦ
2715 5153 2803 5200 καὶ
2825 5149 3053 5221 μεγάλου
3087 5150 3452 5225 ἑταιρειάρνχου
3476 5159 3638 5224 κυροῦ
3667 5156 3924 5225 Γεωργίου
3947 5159 4038 5202 τοῦ
4062 5158 4165 5203 Πα-

2549 5235 2821 5309 λαιολόγου
2856 5261 2866 5272 ο
2900 5247 2991 5291 τοῦ
3026 5238 3285 5293 σεϐαστοῦ
3325 5249 3484 5314 κυροῦ
3526 5240 3764 5294 Ἰωάννου
3815 5248 3906 5291 τοῦ
3946 5244 4116 5292 Δούκα
4151 5263 4162 5274 ·

2548 5336 2638 5379 τοῦ
2673 5328 2932 5382 σεϐαστοῦ
2959 5335 3048 5383 καὶ
3074 5326 3636 5404 οἰκείουβεστιαρίτου
3672 5339 3764 5382 τοῦ
3790 5340 4043 5403 κραταιοῦ
4074 5337 4166 5385 καὶ

2550 5417 2702 5489 ἁγίου
2738 5421 2883 5492 ἡμῶν
2917 5419 3200 5496 βασιλέως,
3233 5429 3393 5494 κυροῦ
3436 5421 3666 5483 Ἀλεξίου
3699 5428 3789 5472 τοῦ
3821 5421 4118 5495 Πετραλίφα
4149 5445 4161 5456 ο

2545 5516 2635 5558 τοῦ
2670 5508 2930 5562 σεϐαστοῦ
2957 5517 3046 5563 καὶ
3069 5511 3260 5563 οἰκείου
3294 5510 3633 5585 βεστιαρίτου
3657 5520 3748 5563 τοῦ
3790 5521 4045 5584 κραταιοῦ
4072 5519 4164 5567 καὶ

2545 5596 2698 5668 ἁγίου
2731 5601 2876 5672 ἡμῶν
2914 5598 3192 5672 βασιλέως,
3215 5610 3375 5675 κυροῦ
3401 5602 3668 5654 Ίσαακίου
3698 5611 3790 5654 τοῦ
3828 5606 3998 5656 Δούκα
4021 5624 4032 5635 ·
4067 5613 4162 5657 τοῦ

2545 5686 2805 5742 σεϐαστοῦ
2848 5694 2939 5743 καὶ
2986 5690 3180 5744 οἰκείου
3233 5689 3578 5766 βιστιαρίτόυ
3619 5699 3712 5748 τοῦ
3763 5700 4020 5768 κραταιοῦ
4067 5694 4161 5748 καί
