4480 6430
270 407 367 465 237

1563 404 1911 465 THESAURI
1949 401 2076 458 LIB.
2124 408 2275 466 XXV.

3517 428 3625 485 238

272 531 415 601 ἁγίου
439 534 587 603 ἡμῶν
617 529 897 604 βασιλέως,
920 540 1081 605 κυροῦ
1115 534 1342 596 Ἀλεξίου
1374 544 1465 587 τοῦ
1494 536 1725 607 Ῥογέρησ
1772 539 1863 584 τοῦ
1899 531 1944 583 Δ
1976 544 2041 585 nc

1859 540 1863 576 ι
1899 531 1944 583 A
1976 530 2349 623 nobilissimo
2380 545 2432 594 et
2464 544 2726 613 eparcho
2756 545 2969 602 Basilio
3018 546 3328 605 Camatero
3362 568 3374 617 ;
3424 556 3628 623 proto~

274 619 523 673 σεϐαστου
550 625 641 673 καὶ
696 620 889 672 οἰκείου
951 627 1287 694 Βεστιαρίτου
1342 632 1435 674 τοῦ
1488 630 1740 694 κραταιου
1776 626 1865 672 καὶ

272 706 416 777 ἁγίου
441 710 588 779 ἡμῶν
614 706 893 779 βασιλέως,
950 711 1442 785 καὶχαρτουλαρίου
1476 707 1837 784 κυροῦἈνδρο

271 800 407 848 νίκου
454 804 544 848 τοῦ
606 794 949 868 Λαμπαρδᾰ·
995 806 1086 849 τοῦ
1146 798 1706 871 πρωτονωϐελισσίμου
1773 802 1863 851 καὶ

270 883 501 960 ἐπάρχου
532 885 805 958 βασιλείου
836 894 927 939 τοῦ
989 894 1328 961 Καματηροῦ·
1386 896 1478 941 τοῦ
1526 886 1862 960 πρωτονωϐε-

270 973 515 1047 λισσίμου
549 974 817 1028 ἰσαακίου
846 983 937 1027 τοῦ
993 976 1323 1030 ’Δκολοῦθου-
1356 985 1449 1029 τοῦ
1483 976 1864 1047 νωϐελισσίδιιου

270 1068 355 1115 καὶ
400 1068 749 1137 πριμικηρίου
830 1072 927 1116 τῶν
994 1062 1377 1141 βαρδαριωτῶν
1456 1066 1725 1119 Βασιλείου
1776 1072 1863 1117 τοῦ

270 1151 567 1226 Τριψύχου·
600 1157 690 1204 καὶ
722 1152 905 1227 ἐτέρων
936 1153 1027 1206 οὐκ
1064 1154 1265 1226 ὀλίγων.

272 1374 357 1417 τοῦ
395 1366 691 1437 ἀγιωτάτου
758 1372 849 1418 καὶ
890 1368 1248 1439 οἰκουιαενικοῦ
1312 1372 1648 1441 πατριάρχου
1706 1376 1865 1440 κυροῦ

470 1272 915 1350 Συνεδριαζόντων
964 1288 1062 1330 τῶν
1115 1281 1418 1350 άγιωτάτων
1492 1288 1860 1352 πατριαρχῶν,

277 1461 451 1507 Λουκᾶ
484 1476 495 1487 ·
564 1463 656 1507 τοῦ
737 1458 1031 1526 άγιωτάτου
1107 1460 1436 1531 πατριάρχου
1540 1458 1867 1518 Θεουπολεως

274 1543 498 1615 μεγάλης
553 1543 883 1615 Ἀντιοχείας
948 1552 1109 1619 κυροῡ
1190 1547 1527 1599 Ἀθανασίου’
1611 1551 1700 1597 καὶ
1776 1555 1865 1597 του

274 1633 561 1703 ἁγιωττάου
614 1636 949 1707 πατριάρχου
1038 1634 1404 1706 Ἰεροσολύμων
1480 1644 1640 1709 κυροῦ
1694 1642 1865 1692 Νικη-

275 1726 473 1793 φόρου·
534 1726 933 1794 παρισταμένων
1010 1728 1099 1774 καὶ
1182 1727 1467 1795 ίερωτάτων
1558 1722 1864 1798 ἀρχιερέων,

272 1818 356 1861 τοῦ
429 1811 735 1883 Ἡρακλείας
804 1811 1049 1882 Μιχαὴλ,
1112 1820 1201 1863 τοῦ
1288 1813 1577 1883 Ἀμασείας
1642 1820 1863 1877 Νικητα,

272 1908 355 1950 τοῦ
411 1901 699 1960 Μελιτηνῆς
736 1907 956 1969 Νικὴτα,
1003 1909 1094 1951 τοῦ
1142 1908 1388 1974 Fata/7.06m
1450 1903 1704 1963 Ἰωάννου,
1775 1912 1864 1954 τοῦ
1900 1878 1937 1931 Β

271 1992 453 2061 Μύρων
508 1995 895 2063 Χριστοφορου·
951 1998 1042 2041 τοῦ
1098 1993 1348 2057 Κορίνθου
1405 1988 1705 2064 Θεοδώρου,
1775 2000 1865 2043 τοῦ

274 2078 494 2134 Ἀθηνῶν
516 2078 800 2145 Νικολάου,
829 2086 920 2130 τοῦ
970 2086 1236 2136 Μωκησοῦ
1288 2087 1485 2143 Λουκά,
1528 2089 1619 2131 τοῦ
1662 2087 1867 2152 Κρήτης

272 2166 526 2235 Ἰωάννου,
570 2176 660 2219 τοῦ
712 2172 1103 2241 Τραπεζοῦντος
1152 2170 1392 2239 Μιχαὴλ,
1448 2177 1537 2221 τοῦ
1587 2176 1867 2243 Λαρίσσης

268 2256 522 2322 Ἰωάννου,
557 2264 648 2307 τοῦ
695 2257 1145 2316 Φιλιππουπολεως
1188 2257 1479 2313 Βασίλειον.
1544 2278 1633 2309 του
1682 2256 1864 2310 Ῥοὸου

270 2350 539 2414 Λέοντος,
602 2365 693 2397 του
752 2345 1016 2398 Φιλίππων
1048 2347 1302 2411 Ἰωαννου,
1356 2355 1443 2398 τοῦ
1493 2345 1866 2418 Ἀδριανουπό-

266 2435 382 2495 λεως
412 2439 643 2501 Λέοντος,
672 2443 762 2486 τοῦ
800 2435 1130 2508 Ἰεραπὸλεως
1164 2441 1443 2509 Γεωργίου,
1490 2446 1583 2488 του
1634 2438 1864 2495 Μιτυλη-

267 2544 352 2585 νης
376 2527 573 2591 Ηοθου,
606 2532 696 2575 τοῦ
726 2529 847 2575 νέων
881 2530 1094 2598 Πατρῶν
1128 2525 1412 2596 Εῦθυριίου,
1466 2534 1558 2577 τοῦ
1590 2527 1865 2597 Εῦχαίτων

271 2618 682 2679 Κωνσταντίνου,
715 2621 805 2665 τοῦ
847 2610 1210 2686 Ἀμάστριὸος
1270 2616 1527 2679 Ἰωάννου,
1563 2625 1652 2667 τοῦ
1685 2617 1865 2673 Θηϐῶν

270 2702 520 2767 Ἰωάννου,
550 2711 643 2753 τοῦ
677 2702 867 2776 Σερρών
892 2700 1194 2773 Θεοδώρου,
1245 2712 1333 2755 τοῦ
1396 2708 1547 2756 Αἴνου
1607 2705 1861 2775 Ἰωάννου,

267 2802 350 2843 τοῦ
378 2798 640 2866 Δρίστρας
670 2798 903 2859 Λέοντος,
958 2801 1049 2843 τοῦ
1113 2796 1376 2866 Κερκύρας
1441 2801 1851 2854 Κωνσταντίνου,

266 2890 346 2931 τοῦ
372 2878 604 2933 Ἀϐύδου
646 2882 885 2953 Μιχαὴλ,
936 2890 1037 2933 τσῦ
1086 2885 1378 2953 Μηθύμνης
1432 2884 1709 2945 Νικολάου,
1766 2895 1859 2938 τοῦ

267 2968 686 3041 Λακεδαιμονίοις
732 2973 959 3035 Nix/170:,
1018 2979 1108 3022 τοῦ
1160 2972 1501 3045 Μεσημϐρίας
1561 2970 1861 3049 Θεοδώρου,

265 3068 346 3110 τοῦ
401 3060 636 3118 Μιλήτου
694 3064 916 3129 Νικήτα,
970 3068 1060 3111 τοῦ
1118 3067 1422 3134 Μαρωνείας
1490 3069 1715 3135 Νικήτα9
1772 3084 1861 3116 του

267 3146 743 3221 Ἀρκαδιουπολεως
800 3155 1212 3218 Κωνσταντίνου,
1277 3160 1370 3203 τοῦ
1429 3158 1627 3227 Παρίου
1704 3160 1853 3207 Νικο-

1975 622 2350 682 nobilissimo
2385 632 2607 687 lsaacio
2634 634 2955 702 Acolutho;
2988 636 3366 694 nobilissimo
3423 622 3479 695 et
3508 642 3627 713 pri-

1976 711 2216 769 micerio
2261 717 2746 777 bardariotarum
2797 723 3018 782 Basilio
3053 726 3377 799 Tripsycho
3408 734 3463 786 et
3501 711 3625 787 non

1974 802 2184 872 paucis
2202 803 2354 871 aliis,

2046 1276 2096 1325 2.
2116 1271 2572 1328 Considentibus
2613 1275 3006 1331 sanctissimis
3023 1278 3627 1354 patriarchis,nempe

1979 1361 2353 1415 sanctissimo
2367 1366 2422 1415 et
2440 1364 2812 1417 (ecumenico
2830 1365 3170 1435 patriarcha
3187 1366 3437 1423 domino
3455 1371 3629 1436 Luca,

1976 1450 2353 1504 sanctissimo
2381 1452 2718 1521 patriarcha
2742 1452 2904 1507 urbis
2933 1454 3029 1507 Dei
3057 1470 3293 1524 magna;
3313 1457 3632 1514 Antiochia:

1977 1537 2225 1593 domino
2258 1538 2602 1607 Athanasio,
2639 1544 2694 1595 et
2719 1541 3099 1597 sanctissimo
3132 1545 3476 1614 patriarcha
3503 1548 3633 1603 Hie-

1976 1626 2415 1681 rosolvmitano
2500 1627 2750 1682 Domino
2812 1630 3158 1701 Nicephero:
3234 1634 3634 1703 praesentibus

1979 1716 2157 1769 etiam
2182 1716 2599 1770 sacratissimis
2629 1716 2946 1788 episcopis,
2977 1719 3269 1775 Heracleae
3331 1722 3633 1793 Michaele,

1981 1804 2167 1875 Cyzici
2194 1804 2427 1869 Basilio,
2454 1806 2811 1860 Nicomedia:
2840 1806 3140 1874 Michaele,
3202 1810 3476 1866 Amaseaa
3536 1813 3634 1868 Ni-

1980 1898 2127 1955 ceta,
2158 1893 2451 1948 Melitenes
2481 1893 2699 1959 Niceta,
2734 1896 3109 1965 Gangrorum
3138 1900 3386 1968 Joanne,
3441 1903 3634 1973 Myro-

1978 1998 2110 2037 rum
2140 1983 2581 2055 Christophoro,
2617 1985 2880 2040 Corinthi
2906 1987 3235 2057 Theodoro,
3266 1989 3635 2048 Athenarum

1976 2072 2239 2139 Nicolao,
2266 2074 2475 2127 Mocesi
2500 2074 2675 2142 Luca,
2718 2074 2899 2130 Cretae
2945 2078 3194 2140 Joanne,
3251 2080 3635 2150 Trapezuntis

1976 2160 2545 2230 Michaele,l.arissa3
2574 2164 2821 2235 Joanne,
2868 2164 3350 2238 Philippopoleos
3396 2169 3633 2239 Basilio,

1978 2252 2171 2305 Rhodi
2204 2254 2415 2315 Leone,
2472 2252 2881 2325 Philipporum
2922 2257 3173 2321 Joanne,
3210 2258 3630 2331 Hadrianopo-

1976 2341 2098 2395 leos
2135 2344 2346 2409 Leone,
2392 2342 2771 2414 Hierapoleos
2798 2345 3071 2414 Georgio,
3098 2346 3403 2418 Mitylenes
3426 2350 3631 2421 Potho,

1978 2433 2409 2501 Neopatrarum
2425 2431 3197 2502 Euthymio,Euchaitarum
3214 2438 3630 2503 Constantino,

1976 2520 2327 2573 Amastridis
2349 2523 2600 2586 Joanne,
2633 2521 2971 2577 Theborum
2998 2519 3268 2593 iJoanne,
3326 2528 3637 2584 Serrarum

1976 2610 2307 2673 Theodoro,
2359 2610 2485 2664 Eni
2522 2612 2772 2671 Joanne.
2830 2612 3061 2666 Dristrze
3120 2615 3633 2687 Leone,Corcyrae

1976 2699 2382 2761 Constantino,
2418 2698 2611 2770 Abydi
2656 2699 3318 2773 Michaele,Methymnae
3369 2704 3631 2773 Nicolao,

1977 2788 2445 2843 Lacedaemoniae
2465 2790 2680 2857 Niceta,
2713 2790 3181 2861 Arcadiopoleos
3212 2795 3626 2866 Constantino,

1976 2877 2125 2932 Parii
2150 2878 2409 2947 Nicolao,
2441 2878 2817 2933 Proeconnesi
2850 2880 3095 2949 lsaacio,
3131 2880 3413 2953 Selybriaz
3449 2884 3637 2940 Theo-

1973 2967 2135 3033 dulo,
2195 2968 2361 3022 Derci
2416 2970 2664 3033 Joanne,
2709 2968 2977 3024 Anchiali
3039 2971 3389 3041 Stephano:
3426 2978 3632 3029 astan-

1974 3058 2135 3113 tibus
2186 3058 2363 3113 etiam
2423 3058 2520 3113 Dei
2566 3058 2999 3114 amantissimis
3053 3060 3468 3118 ecclesiasticis
3490 3079 3638 3137 prae-

1972 3151 2200 3224 positis.

262 3236 397 3304 λάου,
454 3248 549 3292 τοῦ
608 3244 996 3311 Προικοννήσου
1041 3239 1330 3302 Ἰσαακίου,
1370 3251 1461 3293 τοῦ
1512 3242 1783 3316 Σελυϐρίας
1810 3243 2119 3313 Θεοδοῦλου,
2144 3247 2232 3293 τοῦ
2262 3242 2450 3311 Δέρκου
2474 3237 2734 3307 Ἰωάννου,
2766 3243 2857 3291 καὶ
2888 3246 2981 3292 τοῦ
3026 3239 3309 3313 Ἀγγιαλου
3332 3244 3589 3316 Στεφάνου
3616 3265 3630 3280 ο

266 3332 771 3403 συιαπαρισταμίνων
798 3334 885 3380 καὶ
914 3338 1013 3380 τῶν
1050 3329 1452 3401 θεοφιλεστάτων
1484 3330 1930 3389 ἐκκλησιαστικών
1962 3333 2251 3407 ἀρχόντων.

263 3507 400 3579 λογος
462 3510 612 3580 παρά
672 3527 821 3559 τινων
894 3512 1010 3581 περὶ
1066 3516 1157 3559 τοῦ
1234 3512 1371 3569 ὅπως
1416 3518 1608 3563 νοεῖται
1666 3515 1745 3578 τὸ,
1808 3514 1865 3565 Ὀ

266 3604 437 3669 Πατήρ
497 3617 603 3668 μου
688 3598 877 3669 μείζων
916 3600 1015 3668 μου
1072 3596 1201 3666 ἔστι,
1263 3598 1515 3655 συνῆλθον
1585 3602 1869 3671 προστάξει

428 3686 707 3746 Βασιλείας
768 3706 868 3758 μου

263 3776 595 3847 μεγαλοπολει
648 3774 935 3851 ἀρχιερεῖς,
987 3781 1076 3828 καὶ
1141 3776 1493 3849 ἠρωτήθησαν
1546 3780 1683 3840 ὅπως
1733 3788 1867 3831 νοεῖ-

264 3694 349 3748 τῆς
428 3686 707 3746 Βασιλείας
768 3706 868 3758 μου
962 3692 1187 3759 σήμερον
1263 3690 1311 3738 οἱ
1398 3684 1738 3759 ἐνδημοῦντες
1804 3700 1863 3763 τῇ

264 3884 338 3914 ται
392 3870 449 3917 τὸ
508 3874 751 3917 τοιοῦτον
828 3864 1156 3935 εῦαγγελικὸν
1208 3866 1386 3939 ῥητὸν.
1446 3874 1650 3941 Πρῶτος
1699 3874 1868 3921 τοίνυν

261 3956 284 4005 ὁ
334 3955 646 4030 Ἡρακλείας
696 3954 973 4028 ἐρωτηθεὶς
1021 3954 1064 4006 εἰ
1111 3958 1168 4006 τὸ
1221 3954 1278 4006 Ὀ
1330 3961 1506 4029 Πατήρ
1546 3977 1645 4028 μου
1677 3959 1867 4030 μείζων

261 4049 351 4116 μου
404 4044 569 4099 ἐστιν.
650 4048 857 4115 εἷρηται
892 4046 1036 4117 παρά
1074 4052 1167 4095 τοῦ
1223 4050 1417 4118 Κυρίου
1451 4051 1539 4098 καὶ
1590 4055 1723 4099 Θεοῦ
1780 4053 1868 4100 καὶ

259 4142 482 4208 Σωτῆρος
537 4138 690 4207 ἡμῶν
746 4133 923 4191 Ἰησοῦ
973 4139 1231 4207 Χριστοῦ,
1300 4140 1390 4187 καὶ
1469 4138 1604 4187 κατὰ
1666 4141 1760 4194 τὴν
1818 4140 1867 4189 ἓν

258 4224 389 4295 αὐτῷ
436 4228 669 4282 κτίστην
714 4225 868 4294 φύσιν
928 4224 1043 4273 καθ’
1104 4226 1166 4279 ἦν
1224 4228 1315 4274 καὶ
1368 4227 1607 4289 πέπονθε,
1670 4221 1869 4279 δέδωκε

260 4323 324 4383 τῷ
378 4320 547 4389 Πατρὶ
593 4318 691 4364 καὶ
729 4314 866 4363 κατὰ
887 4320 1041 4363 τοῦτο
1083 4332 1139 4363 το
1169 4312 1378 4384 μείζων
1414 4319 1503 4365 καὶ
1564 4318 1651 4375 τὰς
1683 4314 1869 4376 λοιπὰς

260 4403 323 4463 εἰς
383 4412 539 4455 τοῦτο
610 4411 716 4453 τῶν
789 4402 948 4473 ἁγίων
1046 4406 1287 4476 Πατέρων
1376 4403 1639 4475 ἐξηγήσεις
1714 4404 1867 4457 εἰπὼν

260 4490 644 4565 ἀποδέχεσθαι.
705 4491 765 4545 Ὀ
796 4493 1055 4570 ,Κυζίκου
1100 4500 1194 4554 τῆς
1263 4492 1421 4553 αὐτῆς
1504 4490 1610 4545 εἶπε
1657 4500 1869 4566 γνώμης

260 4581 379 4634 εἶναι
420 4592 490 4652 τῷ
544 4581 884 4657 Ἠρακλείας.
938 4580 995 4633 Ὀ
1054 4578 1417 4653 Νικομηὸείας
1466 4582 1558 4654 ἐφη
1607 4587 1696 4650 ὡς,
1732 4584 1869 4637 Ἐπεὶ

258 4676 338 4724 τὸν
392 4674 477 4725 ἕνα
543 4678 641 4723 καὶ
687 4667 984 4743 ἀδιαίρετον
1024 4675 1110 4723 τὸν
1160 4675 1411 4745 Χριστὸν,
1468 4678 1555 4724 καὶ
1605 4693 1734 4745 μετα
1777 4679 1869 4731 τὴν

262 4764 515 4834 άφραστον
599 4763 877 4833 σάρκωσιν
928 4759 974 4811 ἐν
1062 4756 1191 4812 δυσὶ
1241 4763 1431 4832 φύσεσι
1495 4764 1667 4835 θεωρῶ
1720 4761 1870 4835 ἀτρέ-

258 4870 399 4913 πτοις
438 4858 527 4905 καὶ
560 4850 927 4921 ἀσυγχύτοις,
962 4854 1195 4921 ακτίστῳ
1240 4869 1294 4902 τε
1344 4856 1432 4902 καὶ
1489 4860 1701 4924 κτιστῇ,
1732 4853 1868 4903 ἀπα-

260 4944 426 4995 θεῖτε
479 4948 573 4994 καὶ
634 4943 879 5011 παθητῇ,
940 4938 1329 5012 ἑκλαμϐἀνομαι
1406 4944 1464 4992 τὸ
1538 4940 1871 5012 εῦαγγελικὸν

255 5032 398 5104 ῥητὸν
465 5036 547 5095 τὸ,
610 5031 674 5083 '0
739 5030 921 5103 Πατὴρ
990 5048 1091 5101 μου
1150 5030 1342 5101 μείζων
1419 5034 1518 5102 μού
1587 5029 1721 5100 ἐστι,
1783 5037 1872 5084 καὶ

256 5126 380 5173 κατὰ
405 5123 528 5195 ξτὴν
576 5121 628 5173 ἐν
693 5120 839 5189 αὐτῷ
892 5124 1112 5177 κτιστήν
1169 5139 1221 5171 τε
1263 5125 1351 5172 καὶ
1396 5122 1637 5179 παθητὴν
1695 5124 1868 5193 φύσιν·

258 5209 647 5285 ἀποδεχόμενος
675 5212 888 5271 καὶτὰς
922 5208 1073 5269 ἄλλοις
1103 5214 1220 5282 περὶ
1264 5217 1355 5261 τοῦ
1414 5230 1654 5263 τοιουτου
1711 5212 1873 5285 ῥητοῦ

257 5300 539 5374 ἑρμηνείας,
573 5302 635 5361 ἆς
669 5302 721 5353 οἱ
778 5308 874 5361 τῆς
906 5297 1224 5360 Ἐκκλησίας
1279 5308 1549 5375 φωστῆρες
1608 5301 1869 5375 εἰρηκασι.

255 5396 323 5443 Td
371 5392 502 5444 αὐτὰ
558 5388 984 5465 ἀπαραλλάκτως
1027 5387 1189 5458 λέγειν
1252 5397 1321 5458 τῷ
1375 5388 1731 5462 Νικομηὸείας
1786 5396 1875 5443 καὶ

259 5482 281 5531 ὁ
354 5482 647 5555 Ἀμασείας
737 5477 1041 5549 ἐφθέγξατο,
1126 5476 1185 5529 Ὀ

264 5569 507 5633 Ἀκούσας
569 5577 669 5622 τοῦ
732 5572 931 5640 Κυρίου
962 5569 1107 5639 ἡμῶν
1141 5567 1318 5625 Ἰησοῦ
1372 5576 1606 5643 Χριστοῦ
1645 5569 1878 5641 λέγοντος

1259 5478 1552 5542 Μελιτηνῆς
1605 5478 1739 5532 εἶπεν
1798 5485 1877 5532 ὅτι

264 5660 305 5712 ἐν
334 5658 436 5722 τοῖς
479 5658 835 5733 Εῦαγγελίοις
862 5653 921 5709 Ὀ
977 5661 1159 5731 Πατήρ
1202 5678 1301 5731 μου
1356 5661 1547 5731 μείζων
1604 5663 1705 5733 μου
1743 5660 1877 5732 ἐστι,

263 5750 381 5822 λέγω
425 5759 584 5804 τοῦτο
637 5749 910 5824 εἰρηκέναι
952 5746 1107 5799 αὐτὸν
1160 5754 1251 5801 καὶ
1297 5752 1431 5803 κατά
1478 5754 1572 5809 τὴν
1637 5749 1686 5803 ἐν
1738 5751 1879 5823 αὐτῷ

460 3420 610 3471 Ἐπεὶ
695 3422 796 3490 πρὸ
873 3438 1021 3469 τινων
1062 3421 1266 3491 ἡμερῶν
1341 3422 1531 3491 ἔφθασε
1575 3420 1865 3481 λαληθῆναι
1904 3426 1944 3478 C

2049 3426 2100 3477 3.
2126 3417 2422 3486 Quoniam
2454 3420 2592 3471 ante
2627 3415 2852 3488 aliquoi
2878 3416 3005 3472 dies
3037 3433 3235 3474 sermo
3267 3436 3303 3475 a
3333 3422 3639 3479 nonnullis

1980 3514 2322 3568 commotus
2362 3508 2489 3576 fuit,
2522 3506 2835 3579 quomodo
2866 3507 3252 3577 intelligenda
3298 3512 3414 3568 sint
3450 3514 3639 3572 verba

1978 3603 2165 3659 Pater
2192 3614 2352 3654 meus
2382 3599 2582 3667 major
2606 3612 2698 3653 me
2730 3602 2833 3662 est,
2858 3605 3268 3656 convenerunt
3294 3602 3473 3672 jussu
3512 3620 3638 3661 ma-

1976 3690 2209 3762 jestatis
2234 3704 2383 3743 mea:
2413 3686 2725 3758 hodie,qui
2754 3692 2921 3742 erant
2945 3687 3005 3742 in
3034 3690 3419 3758 magnaurbe
3435 3693 3635 3764 ponti-

1978 3778 2621 3849 ﬁces,rogatiquesunt
2650 3776 2900 3848 quinam
2943 3792 3160 3834 sensus
3204 3780 3279 3836 sit
3307 3783 3637 3853 evangelici

1978 3871 2161 3941 hujus
2191 3867 2350 3923 dicti.
2373 3866 2600 3921 Primus
2630 3881 2774 3935 ergo
2814 3866 3210 3922 Heracliensis
3230 3874 3477 3938 rogatus
3505 3886 3637 3926 sen-

1980 3959 2249 4021 tentiam,
2287 3972 2363 4012 an
2393 3955 2582 4010 verba
2603 3954 2782 4011 Pater
2800 3971 2963 4012 meus
2992 3960 3193 4028 major
3216 3974 3307 4015 me
3338 3964 3442 4030 est,
3474 3959 3637 4017 dicta

1978 4048 2197 4103 fuerint
2228 4063 2263 4102 a
2292 4044 2549 4100 Domino
2580 4048 2636 4100 et
2658 4046 2776 4100 Deo
2802 4049 2859 4101 et
2886 4046 3195 4103 Servatore
3252 4052 3457 4105 nostro
3498 4051 3639 4105 Jesu

1980 4137 2207 4192 Christo
2228 4136 2407 4191 etiam
2434 4132 2773 4189 secundum
2807 4150 2986 4191 suam
3040 4140 3305 4193 creatam
3353 4142 3637 4195 naturam

1977 4226 2035 4281 in
2068 4242 2190 4298 qua
2223 4230 2279 4280 et
2318 4240 2534 4296 passus
2560 4226 2687 4291 est;
2744 4225 3037 4280 concessit
3098 4226 3251 4281 Patri
3307 4228 3638 4300 epithetum

1979 4319 2174 4386 major
2205 4320 2296 4383 ;et
2323 4319 2568 4370 caeteras
2590 4329 2835 4386 quoque
2877 4314 3038 4371 effati
3074 4316 3256 4387 hujus
3290 4322 3639 4375 sanctorum

1979 4410 2216 4462 Patrum
2258 4404 2775 4477 interpretationes
2823 4421 2885 4459 se
2924 4405 3238 4463 admittere
3276 4408 3443 4465 dixit.
3479 4411 3640 4483 Cyzi-

1982 4511 2165 4550 cenus
2196 4495 2254 4549 ia
2283 4493 2497 4550 eadem
2526 4494 2822 4549 sententia
2853 4510 2919 4549 se
2958 4510 3094 4551 esse
3119 4496 3283 4568 dixit,
3310 4515 3499 4571 quam
3522 4500 3639 4555 He-

1980 4584 2289 4640 racliensis
2320 4583 2648 4655 protulerat
2680 4583 3145 4639 Nicomediensis
3175 4585 3324 4642 dixit
3356 4605 3369 4643 :
3417 4592 3539 4659 Ego
3566 4590 3641 4645 de

1984 4674 2161 4729 unius
2182 4678 2237 4728 et
2268 4672 2563 4727 individui
2598 4672 2829 4741 Christi,
2872 4674 3051 4729 etiam
3081 4682 3217 4746 post
3273 4676 3641 4735 ineﬁabilem

1905 4788 1948 4841 ι)
1982 4762 2484 4829 incarnationem,
2518 4761 2759 4817 duabus
2803 4763 3036 4818 naturis
3080 4764 3641 4824 inconvertibilibus

1983 4858 2042 4908 et
2080 4852 2431 4920 inconfusis,
2466 4852 2732 4908 increata
2764 4852 2983 4909 scilicet
3015 4859 3071 4910 et
3110 4860 3330 4923 creata,
3358 4857 3643 4931 impassi-

1983 4942 2083 4998 bili
2108 4948 2163 4997 et
2191 4941 2480 5013 passibili.
2505 4941 2769 5011 intelligo
2790 4943 3208 5013 evangelicum
3240 4946 3490 5019 dictum,
3538 4952 3646 5007 Pa-

1984 5038 2076 5089 ter
2114 5048 2276 5087 meus
2307 5034 2511 5101 major
2540 5047 2632 5088 me
2653 5039 2735 5087 est
2773 5048 2785 5099 ;
2820 5048 3039 5105 nempe
3066 5034 3246 5089 etiam
3280 5036 3357 5091 ad
3379 5042 3643 5093 creatam

1982 5121 2169 5194 ipsius
2193 5120 2662 5193 passibilemque
2683 5124 2966 5177 naturam
3004 5121 3067 5177 id
3120 5122 3344 5179 refero:
3396 5126 3646 5200 recipio-

1985 5228 2100 5284 que
2129 5211 2308 5267 simul
2333 5211 2483 5268 alias
2510 5228 2756 5285 quoque
2778 5212 3033 5285 hujusce
3046 5213 3187 5271 dicti
3208 5215 3645 5291 interpretatio-

1984 5318 2117 5367 nes,
2140 5318 2294 5375 quas
2326 5302 2599 5358 Ecclesiaa
2625 5302 3061 5360 illuminatores
3082 5308 3645 5378 pronuntiaverunt.

1985 5396 2047 5449 In
2083 5392 2551 5448 Nicomediensis
2578 5394 2936 5450 sententiam
2965 5395 3228 5466 pedibus
3250 5414 3311 5453 se
3358 5398 3443 5455 ire
3470 5403 3648 5458 Ama-

1988 5499 2169 5538 senus
2195 5482 2367 5538 dixit.
2404 5482 2716 5539 Melitensis
2749 5483 2865 5543 ait:
2894 5487 3016 5554 Ego
3035 5486 3290 5543 audiens
3323 5490 3648 5547 Dominum

1988 5580 2262 5629 nostrum
2283 5575 2483 5629 Jesum
2516 5573 2814 5630 Christum
2846 5575 2907 5630 in
2938 5577 3274 5648 Evangeliis
3301 5578 3601 5637 dicentem
3632 5598 3645 5638 :

1990 5665 2168 5720 Pater
2196 5679 2358 5720 meus
2388 5665 2587 5734 major
2610 5678 2703 5721 me
2727 5670 2832 5735 est,
2878 5666 2973 5722 aio
3026 5666 3143 5723 hoc
3178 5668 3297 5724 dici
3346 5671 3530 5727 etiam
3573 5671 3650 5729 de

1993 5757 2195 5811 creata
2224 5753 2500 5825 ejusdem
2526 5758 2766 5813 natura.
2796 5756 3157 5828 Gangrensis
3182 5757 3329 5817 dixit
3363 5762 3515 5833 :Ego
3546 5778 3653 5820 au-
