4480 6430
840 396 944 453 239
2177 390 2450 449 NlCET/E
2487 391 2609 448 CHC

2427 391 2450 444 Β
2487 391 2855 448 ΟΗΟΝΙΑΤᾹΞ
4105 400 4196 454 240

839 518 1012 574 diens
1045 516 1366 573 Dominum
1397 515 1693 571 dicentem
1719 534 1731 571 :
1757 520 1930 573 Pater
1957 533 2119 574 meus
2175 518 2374 586 major
2401 530 2494 570 me
2603 534 2608 564 :

2426 530 2494 570 ne
2603 520 2818 572 κτίστην
2859 518 3034 586 φύσιν·
3095 517 3155 568 Ὀ
3189 523 3436 591 Γαγγρών
3491 525 3626 569 εἶπεν
3667 519 3767 572 ὃτι.
3810 517 4069 582 Ἀκούσας
4116 529 4195 573 τοῦ

838 614 939 677 est,
964 607 1061 662 aio
1091 606 1153 662 id
1174 605 1252 661 ab
1283 621 1354 661 eo
1375 605 1488 660 dici
1524 605 1702 660 etiam
1731 606 2063 661 secundum
2110 610 2490 675 assumptum
2605 610 2607 616 '

2422 620 2490 657 .m
2605 608 2797 677 Κυρίου
2837 603 3086 674 λέγοντος,
3135 604 3192 656 Ὀ
3245 612 3423 679 Πατήρ
3479 625 3578 677 μον
3654 607 3847 677 μείζων
3908 611 4008 680 μού
4071 609 4191 676 ἐστι,

835 695 1171 751 humanam
1201 698 1500 748 naturam.
1523 693 1990 764 Myrensisdixit:
2021 696 2085 750 Ut
2105 693 2491 765 iuterpretau-
2599 690 2604 741 ‘.

2430 706 2491 745 ll—
2599 690 2730 762 λέγω
2773 699 2926 744 τοῦτο
2990 694 3247 766 εἰρηκέναι
3303 694 3458 746 αὐτόν
3503 700 3592 745 καὶ
3641 698 3774 746 κατά
3818 700 3912 752 την
3944 697 4191 770 ἀνθρωπί-

835 786 930 838 tur
956 786 1200 838 sanctus
1249 781 1520 841 Basilius,
1569 785 1627 836 et
1671 780 1985 849 theologus
2043 781 2382 850 Gregorius,
2435 782 2492 833 et
2599 799 2604 827 τ

2435 782 2492 833 et
2599 799 2689 837 νην
2722 783 2876 852 φύσιν
2906 786 3000 839 τὴν
3042 783 3162 857 παρ’
3207 783 3369 834 αὑτοῦ
3413 782 3862 856 προσληφθεῖσαν.
3913 782 3969 835 Ὀ
4010 787 4191 858 Μύρων

835 872 1319 944 Chrysostomus,
1340 870 1421 925 sic
1444 874 1500 925 et
1520 885 1632 938 ego
1659 869 1772 925 hoc
1794 869 2036 926 effatum
2060 871 2415 941 interpretor
2437 871 2489 922 rt
2600 892 2604 919 ι

2437 871 2489 922 (ξι
2600 866 2734 920 εἶπεν
2783 871 2866 938 ὡς,
2925 873 3107 934 Καθὼς
3139 869 3408 944 ἑρμηνεὺει
3445 879 3600 924 τοῦτο
3658 873 3683 925 ὀ
3744 874 3888 944 ἅγιος
3941 874 4191 935 Βασίλειος

832 961 1092 1032 accipio:
1136 959 1503 1031 etquoniam
1530 958 1628 1014 alii
1651 975 1893 1031 quoque
1929 960 2271 1032 complures
2300 956 2489 1012 sancti
2598 977 2601 1006 τ

2418 956 2489 1011 cii
2598 962 2687 1008 xui
2746 959 2771 1009 6
2826 958 3080 1030 Θεολόγος
3118 966 3408 1035 Γρηγόριος
3460 967 3550 1014 xui
3595 963 3620 1013 ό
3674 967 4072 1036 Χρυσόστομος,
4117 963 4187 1036 ἐρ-

830 1049 1132 1114 dixerunt,
1156 1047 1524 1104 ceconomice
1556 1048 1618 1103 id
1647 1064 1683 1104 a
1713 1048 1941 1104 Christo
1977 1049 2225 1114 dictum,
2277 1051 2485 1118 quate-
2597 1105 2599 1117 Α

2420 1062 2485 1100 0-
2597 1049 2800 1118 μηνεύω
2847 1057 2998 1101 τοῦτο
3038 1047 3179 1121 καγὼ
3233 1055 3322 1102 καὶ
3384 1046 3636 1123 δέχομαι·
3692 1049 3799 1104 ἐπεὶ
3840 1048 3900 1105 δὲ
3921 1057 4009 1104 καὶ
4036 1051 4189 1125 ἕτεροι

830 1153 1181 1210 nusnempe
1208 1138 1391 1193 homo
1423 1141 1532 1207 est,
1574 1153 1648 1192 ne
1701 1136 1795 1191 his
1826 1137 2072 1208 quidem
2118 1135 2484 1192 contradico.
2596 1158 2599 1166 ·

2420 1150 2484 1188 ,0.
2596 1135 2772 1188 πολλοὶ
2832 1145 2932 1188 τῶν
2997 1137 3156 1208 ἁγίων
3225 1136 3365 1192 εἷπον
3399 1140 3741 1212 οἰκονομικῶς
3796 1149 3949 1194 τοῦτο
4005 1140 4189 1212 λεχθῆ-

2594 1243 2679 1276 ναι
2743 1225 2864 1301 παρ’
2924 1226 3083 1279 αὐτοῦ
3150 1235 3388 1302 Χριστοῦ
3459 1231 3588 1282 καθὸ
3654 1234 3856 1303 γέγονεν
3905 1229 4186 1305 ἅνθρωπος,

895 1322 950 1374 4.
983 1316 1318 1375 Corinthius
1343 1315 1424 1371 ait
1451 1333 1463 1372 :
1494 1316 1776 1387 Majorem
1806 1317 2044 1372 Patrem
2079 1316 2345 1372 Christus
2400 1314 2461 1370 di
2595 1313 2664 1364 οὑι

1566 1316 1776 1387 ijorem
1806 1317 2044 1372 Patrem
2079 1316 2345 1372 Christus
2400 1314 2461 1370 di
2595 1309 2718 1364 οὐδὲ
2758 1317 2958 1375 τούτοις
2987 1318 3335 1388 ἓναντιοῡμαι.

823 1407 927 1475 xit,
959 1408 1139 1463 etiam
1171 1410 1470 1478 quatenus
1497 1406 1823 1462 exinanivit
1843 1422 1930 1472 se,
1956 1409 2012 1461 et
2033 1421 2223 1478 usque
2252 1404 2330 1460 ad
2357 1420 2484 1459 cor-

2419 1420 2484 1458 u'-
2667 1397 2733 1456 δ’.
2800 1403 2857 1455 ’0
2927 1407 3179 1476 Κορίνθου
3242 1404 3376 1458 εἶπεν
3443 1409 3523 1459 ὅτι
3590 1407 3821 1467 Μείζονα
3877 1411 3962 1459 τόν
3989 1413 4188 1483 Πατέρα

823 1511 940 1568 pus
970 1512 1030 1552 se
1052 1495 1290 1551 demisit
1319 1499 1530 1566 sponte
1567 1495 1672 1567 qui
1737 1500 1863 1551 erat
1918 1495 2266 1563 altissimus,
2310 1494 2482 1548 susti-

2419 1494 2482 1548 [ἱ-
2595 1495 2786 1564 εἴρηκε,
2842 1497 2930 1546 καὶ
2984 1496 3208 1547 καθόσον
3265 1498 3504 1548 ἐκένωσεν
3580 1496 3780 1562 ἑαυτὸν,
3825 1502 3914 1549 καί
3972 1497 4187 1556 κατῆλθε

822 1586 1074 1657 nuitque
1105 1599 1350 1639 carnem
1376 1583 1679 1654 suscipere
1701 1582 2037 1649 inconfuse,
2060 1582 2482 1638 inconvertibi-

2416 1583 2482 1638 )i-
2592 1590 2758 1654 μεχρι
2815 1587 2904 1633 καὶ
2955 1588 3194 1654 σώματος
3245 1583 3368 1635 ἑκὼν
3426 1583 3751 1655 ὁὟ-ιθιστος,
3791 1590 3880 1637 καὶ
3937 1587 4185 1657 ἠνέσχετο

819 1672 971 1740 liter,
1001 1671 1464 1741 indivisibiliter,
1485 1671 1878 1744 ejusdemque
1890 1673 2099 1744 recipit
2115 1672 2480 1727 oeconomica

2416 1687 2480 1727 ce
2596 1672 2764 1743 σάρκα
2821 1671 3131 1744 προσλαϐεῖν
3186 1670 3530 1743 ἁσυγχύτως,
3597 1673 3881 1747 ἀτρέπτως,
3950 1671 4185 1750 ἀδιαιρέ-

819 1761 1135 1834 passiones
1166 1761 1294 1816 sine
1314 1766 1560 1833 peccato
1583 1777 1596 1826 ;
1617 1766 1873 1817 mortem
1900 1761 2161 1833 denique
2190 1761 2364 1817 nobis
2384 1779 2476 1817 su-

2418 1779 2476 1816 a-
2589 1777 2702 1817 τως·
2769 1764 2857 1810 καὶ
2910 1762 2976 1812 τὰ
3027 1769 3245 1813 τοιαῦτα
3313 1757 3610 1820 ἀδιάϐλητα
3672 1765 3815 1820 πάθη
3878 1759 4185 1826 κατεδέξατο

817 1851 1077 1907 lutarem
1107 1855 1166 1908 et
1193 1867 1442 1907 causam
1491 1855 1710 1906 nostrae
1757 1851 2232 1919 resurrectionis,
2302 1852 2478 1921 cujus
2520 1863 2557 1916 Β

2414 1867 2478 1905 us
2520 1863 2557 1916 Β
2588 1845 2944 1920 οἰκονομικῶς
3017 1855 3106 1901 καὶ
3175 1851 3392 1903 θάνατον
3462 1856 3719 1925 σωτήριον
3751 1852 3876 1924 ἡμῖν
3932 1857 4021 1904 καὶ
4060 1850 4183 1904 ἀνα-

818 1944 996 1997 antea
1016 1955 1121 2014 spe
1144 1939 1520 1996 carebamus.
1557 1938 1936 1995 Atheniensis
1972 1941 2150 1996 dixit:
2207 1942 2479 1996 Servator

2413 1955 2479 1994 οι·
2589 1938 2822 1999 στοίσεως
2872 1938 3132 2011 πρόξενον,
3180 1940 3242 2001 ἧς
3297 1940 3389 1991 οὐκ
3447 1942 3658 2012 εἰχομεν
3711 1939 3899 1994 ἐλπίδα
3918 1947 4180 2016 πρότερον.

819 2033 1022 2085 noster
1051 2031 1225 2097 Deus,
1268 2027 1554 2084 ineﬂabili
1596 2029 2008 2085 misericordia
2045 2029 2238 2085 factus
2297 2028 2476 2084 etiam
2584 2025 2588 2034 ’

2411 2045 2476 2083 ιι]
2584 2025 2641 2075 Ὀ
2694 2025 2920 2084 Ἀθηνῶν
2980 2024 3136 2080 εἶπεν·
3204 2028 3261 2079 Ὀ
3303 2034 3476 2100 Σωτὴρ
3543 2031 3689 2102 ἡμῶν
3754 2034 3906 2092 Θεὸς,
3969 2037 4180 2103 γενόμε-

819 2117 1114 2192 perfectus
1160 2118 1366 2185 homo,
1447 2116 1945 2190 quandoquidem
2011 2118 2477 2189 theanthropum
2583 2134 2588 2144 '

2418 2135 2477 2173 ω
2583 2133 2662 2174 νος
2712 2111 2784 2166 δι’
2836 2116 3030 2186 ἄφατον
3079 2116 3212 2169 ἔλεον
3269 2123 3358 2169 xui
3409 2116 3674 2188 ἅνθρωπος
3734 2119 3942 2187 τέλειος,
4001 2116 4179 2177 ἐπειδὴ

818 2207 1080 2264 Verbum
1131 2211 1241 2277 est,
1300 2222 1424 2264 una
1475 2207 1844 2280 hypostasis,
1893 2223 2138 2280 unaque
2195 2224 2475 2280 persona,

2420 2225 2475 2276 ει,
2587 2203 2911 2272 θέανθρωπος
2951 2209 3019 2256 ὧν
3075 2210 3240 2275 Λόγος
3290 2211 3387 2277 μία
3450 2207 3741 2268 ὑπόστασίς
3803 2206 3916 2260 ἐστι
3982 2214 4072 2260 xui
4137 2210 4181 2260 ἓν

817 2302 1062 2371 propter
1088 2313 1394 2353 summam
1425 2296 1688 2352 duarum
1713 2302 2068 2354 naturarum
2108 2298 2478 2368 conjunctio-
2582 2314 2586 2322 ‘

2409 2300 2478 2353 ζο-
2582 2296 2858 2365 πρόσωπον
2919 2290 3011 2346 δια
3059 2299 3146 2351 την
3209 2293 3372 2366 ἄκραν
3431 2297 3612 2347 ἕνωσιν
3657 2304 3754 2348 τῶν
3805 2292 3902 2348 δύο
3961 2300 4178 2369 φύσεωνο

817 2402 958 2443 nem
983 2402 998 2453 ;
1021 2401 1133 2457 ego
1162 2386 1411 2458 quidem
1435 2402 1470 2442 θ.
1499 2387 1721 2442 sanctis
1750 2386 1941 2452 disco,
1967 2387 2132 2460 quod
2175 2393 2475 2459 quatenus
2584 2437 2586 2451 ,

2414 2406 2475 2443 us
2584 2383 2826 2452 μανθάνω
2895 2381 2994 2433 ἀπὸ
3058 2392 3155 2434 των
3222 2383 3378 2453 αγίων
3443 2385 3542 2449 ὅτι,
3613 2388 3679 2447 ὡς
3748 2389 3836 2457 μὲν
3887 2387 4183 2448 ὑπόστασις

818 2480 907 2533 est
932 2476 1295 2548 hypostasis,
1321 2491 1518 2548 neque
1539 2476 1690 2532 Patri
1715 2476 1974 2532 cohaeret
1991 2493 2185 2548 neque
2213 2477 2472 2548 Spiritui,
2586 2505 2587 2510 π

2413 2477 2472 2543 1i,
2586 2473 2703 2522 οὔτε
2760 2479 2832 2540 τῷ
2873 2478 3038 2545 Πατρὶ
3084 2475 3400 2524 συνάπτεται
3448 2480 3536 2526 καὶ
3597 2484 3667 2544 τῷ
3736 2478 4017 2547 Πνεὺματι,
4070 2481 4182 2528 οὔτε

815 2579 1014 2636 neque
1039 2563 1214 2620 matri
1239 2563 1334 2620 vel
1363 2564 1558 2620 nobis.
1589 2565 1933 2621 Secundum
1977 2566 2155 2636 igitur
2198 2565 2473 2620 humaui-
2581 2580 2584 2586 λ

2412 2567 2473 2620 )j-
2581 2566 2641 2629 τῇ
2705 2564 2865 2634 μητρὶ
2919 2565 3006 2610 καὶ
3063 2562 3208 2632 ἡμῖν·
3271 2565 3404 2614 κατα
3456 2571 3580 2633 γοῦν
3658 2567 3753 2620 την
3813 2563 4181 2637 ἁνθρωπότητα

817 2657 1024 2721 tatem,
1057 2668 1181 2725 qua
1203 2653 1382 2709 matri
1409 2653 1705 2724 nobisque
1730 2655 2159 2718 communicat,
2192 2653 2473 2709 existimo
2581 2667 2586 2697 τ

2411 2669 2473 2709 λο
2581 2647 2700 2698 καθ’
2759 2649 2816 2706 ἦν
2865 2647 3184 2701 ἐπικοινωνεί
3224 2658 3283 2722 τῇ
3335 2656 3494 2724 μητρὶ
3551 2657 3640 2704 καὶ
3699 2653 3823 2724 ἡμῖν
3869 2657 4066 2723 νομίζω
4115 2655 4180 2705 εἰ-

815 2742 1018 2815 ipsum
1047 2741 1271 2797 dixisse
1299 2744 1528 2797 Patrem
1555 2742 1871 2813 majorem.
1893 2742 2236 2814 Amplector
2270 2747 2472 2797 autem
2580 2784 2584 2805 λ

2412 2759 2472 2797 m
2580 2739 2793 2805 ρηκέναι
2842 2736 2996 2788 αὑτὸν
3050 2737 3264 2809 μείζονα
3319 2743 3406 2790 τόν
3468 2743 3685 2814 Πατέρα·
3772 2738 4082 2812 ἀσπάζομαι
4125 2739 4181 2794 δὲ

815 2834 1164 2888 sanctorum
1185 2846 1430 2902 quoque
1456 2830 1530 2886 de
1552 2831 1667 2886 hoc
1705 2831 1866 2887 dicto
1900 2833 2248 2888 sententias.
2282 2834 2470 2886 Moce-
2580 2844 2584 2874 ε

2404 2847 2470 2885 ;e.
2580 2829 2670 2876 xui
2719 2828 2784 2876 τὰ
2840 2833 2957 2902 περὶ
3028 2836 3117 2879 τοῦ
3168 2831 3403 2880 τοιούτου
3434 2830 3593 2902 ρητοὺ
3624 2839 3720 2881 τῶν
3770 2833 3932 2900 ἁγίων
3969 2831 4173 2904 ῥήσεις.

815 2921 983 2976 sinus
1015 2920 1198 2976 dixit:
1250 2921 1533 2992 Majorem
1588 2920 1823 2977 Patrem
1879 2921 2143 2994 appellat
2183 2921 2468 2978 Christus.
2578 2913 2584 2925 ’

2421 2938 2468 2978 ς,
2578 2913 2635 2964 Ὀ
2678 2921 2944 2972 Μωκησου
2996 2915 3129 2968 εἶπεν
3185 2919 3265 2968 ὅτι
3332 2919 3560 2977 Μείζονα
3612 2918 3794 2970 ἑαυτοῦ
3843 2923 3929 2970 τὸν
3982 2924 4184 2994 Πατέρα

817 3010 990 3066 sicuti
1021 3015 1242 3066 sanctae
1283 3009 1504 3082 synodi
1537 3015 1902 3083 sanctusque
1929 3010 2188 3066 aﬂirmat
2215 3016 2469 3081 Aposto-
2579 3023 2586 3052 π

2410 3027 2469 3065 ε)-
2579 3002 2741 3069 καλεῖ,
2773 3007 2946 3066 καθὼς
2985 3008 3038 3057 αἱ
3068 3006 3216 3076 ἇγιαι
3264 3003 3477 3058 σύνοδοι
3527 3012 3614 3058 xui
3647 3009 3672 3058 6
3720 3007 3874 3077 ἅγιος
3926 3008 4179 3061 Ἀπόστο⁴

812 3099 930 3155 lus.
959 3098 1066 3154 Aio
1092 3099 1271 3168 igitur
1309 3100 1606 3170 majorem
1630 3099 1852 3154 dixisse
1875 3103 2128 3168 Patrem,
2170 3105 2469 3172 quatenus
2576 3090 2581 3141 ἶ

2412 3116 2469 3154 ,ιε
2576 3090 2662 3152 λος
2729 3089 2889 3149 εἷπον.
2924 3100 3071 3165 Λέγω
3130 3091 3217 3146 οὖν
3276 3097 3492 3168 μείζονα
3556 3097 3814 3168 εἰρηκέναι
3869 3097 4024 3149 αὑτὸν
4095 3103 4181 3149 τὸν

813 3189 994 3246 Filius
1017 3204 1263 3245 carnem
1293 3193 1512 3246 nostra:
1544 3189 1803 3245 similem
1834 3189 1947 3245 sibi
1970 3189 2180 3245 ascivit
2209 3205 2280 3244 ac
2335 3204 2467 3244 san-
2511 3213 2550 3267 ρ
2577 3187 2582 3232 1

2414 3204 2467 3243 Γι-
2511 3185 2784 3267 ΟΠατέρα
2848 3187 2977 3236 καθό
3036 3190 3373 3243 κεκοινώνηκε
3447 3186 3830 3258 παραπλησίως
3875 3189 3998 3259 ἡμῖν
4058 3206 4183 3260 σαρ-

814 3279 1166 3349 guinem,et
1209 3282 1512 3350 quatenus
1561 3283 1826 3334 creatam
1868 3283 2148 3333 naturam
2174 3277 2378 3344 habet,
2407 3279 2468 3332 in
2575 3289 2583 3318 =

2407 3279 2468 3332 in
2575 3273 2659 3330 x6;
2701 3276 2792 3322 xui
2846 3275 3086 3342 αἰματος,
3129 3278 3218 3324 xui
3281 3275 3416 3323 κατὰ
3459 3278 3550 3330 την
3612 3272 3660 3324 ἐν
3739 3273 3880 3344 αὐτῷ
3955 3280 4175 3332 κτίστην

811 3383 937 3440 qua
960 3367 1143 3423 etiam
1169 3382 1386 3438 passus
1434 3371 1540 3422 est.
1595 3367 1888 3423 Cretensis
1920 3366 2100 3422 dixit:
2151 3369 2270 3437 Ego
2327 3383 2467 3421 cun-
2576 3384 2580 3402 ι

2408 3383 2467 3421 [ι-
2576 3362 2731 3429 φύσιν
2799 3361 2916 3412 καθ’
3001 3359 3059 3418 ἢν
3129 3366 3220 3412 xvi
3279 3363 3541 3413 πέπονθεν.
3622 3361 3680 3413 Ὀ
3744 3366 3956 3434 Κρήτης
4021 3359 4177 3414 εἶπεν·

812 3459 939 3513 ctas
963 3459 1310 3511 sanctorum
1337 3455 1662 3512 sententias
1685 3471 1865 3527 super
1881 3454 2286 3525 effatogPaler
2305 3471 2468 3511 meus

2406 3471 2468 3510 us
2592 3442 2791 3520 Ἐγωγε
2835 3451 3007 3509 πασας
3067 3451 3157 3510 τὰς
3207 3451 3390 3524 ῥήσεις
3431 3459 3530 3501 τῶν
3588 3450 3748 3520 ἁγίων
3796 3452 3888 3512 τὰς
3918 3455 4036 3525 περί
4063 3460 4175 3518 τοῦ,

810 3549 1012 3617 major
1034 3562 1126 3602 me
1146 3552 1226 3602 est
1259 3546 1577 3618 recipiens,
1610 3563 1686 3603 ne
1718 3545 1882 3603 illam
1913 3546 2160 3619 quidem
2212 3547 2466 3619 repudio

2411 3548 2466 3602 io
2585 3545 2626 3588 Ο
2696 3544 2874 3612 Πατήρ
2943 3557 3044 3610 μου
3134 3543 3325 3611 μείζων
3387 3539 3487 3611 {uo-3
3557 3538 3717 3602 ἐστιν,
3782 3536 4179 3612 ἀποδεχόμενος

809 3653 948 3710 quae
977 3636 1038 3693 id
1070 3636 1588 3706 intelligitdictum
1635 3637 1972 3692 secundum
2025 3636 2465 3693 humanitatem
2574 3652 2578 3672 ⁴

2409 3655 2465 3692 m
2574 3624 2694 3679 οὸὃὲ
2732 3631 2789 3679 τὸ
2839 3631 2974 3679 κατα
3021 3631 3085 3679 τὰ
3153 3626 3479 3702 ἀνθρώπινον
3533 3625 3661 3680 εἶναι
3702 3630 3918 3701 μείζονα
3939 3627 4178 3702 ,ἀποπέμ-

808 3726 872 3782 id
909 3730 1021 3794 est,
1051 3726 1386 3782 secundum
1415 3725 1628 3782 Christi
1651 3730 1916 3782 creatam
1943 3731 2246 3793 naturam,
2270 3727 2326 3781 in
2342 3743 2467 3800 qua
2574 3739 2577 3747 ί

2408 3743 2467 3782 ια
2574 3735 2759 3788 πομαι,
2811 3720 2925 3774 ἦτοι
2973 3719 3108 3768 κατὰ
3163 3719 3257 3775 την
3309 3716 3354 3768 ἐν
3398 3718 3535 3788 αὑτῴ
3579 3727 3648 3788 τῷ
3708 3724 3923 3791 Χριστῷ
3954 3724 4177 3778 κτίστην

809 3817 990 3873 etiam
1019 3832 1241 3889 passus
1271 3820 1386 3872 est:
1419 3816 1847 3888 consentioque
1878 3819 1935 3872 et
1975 3816 2275 3886 sutfragor
2321 3833 2464 3872 con-
2575 3832 2578 3849 ι

2407 3834 2464 3872 [ι-
2575 3809 2750 3877 φύσιν,
2801 3807 2917 3859 καθ’
2963 3810 3025 3865 ἦν
3080 3812 3169 3858 καὶ
3223 3809 3459 3860 πέπονθε·
3537 3816 3842 3882 συμφρονῶν
3895 3813 3985 3860 καὶ
4035 3828 4176 3881 συμ-

806 3906 974 3963 fratri
1006 3922 1144 3962 meo
1185 3905 1565 3974 Heracliensi,
1615 3911 1673 3962 et
1712 3906 2090 3978 synodorum
2143 3909 2465 3963 sententias

2409 3925 2465 3962 [ιε
2575 3897 2918 3968 φθεγγόμενος
2962 3904 3032 3965 τῷ
3088 3893 3390 3968 συναδελφῳ
3427 3916 3526 3967 μου
3583 3905 3654 3967 τῷ
3708 3896 4033 3970 Ἡρακλείας
4087 3904 4178 3950 καὶ

807 3996 1162 4068 amplector.
1213 3995 1557 4052 Secundum
1587 3995 1776 4052 verba
1822 3996 2115 4052 Cretensis
2150 3996 2297 4052 dixit
2334 4013 2464 4053 sen-
2573 4006 2576 4014 ‘

2406 4013 2464 4052 η-
2573 3987 2638 4035 τα
2665 3983 2915 4055 λεχθέντα
2958 3987 3102 4058 παρὰ
3149 3993 3249 4036 τῶν
3311 3982 3544 4038 συνόδων
3575 3986 4062 4058 κατασπαζόμενος.
4095 3989 4175 4039 Τὰ

803 4085 1053 4144 tentiam
1074 4085 1253 4140 etiam
1266 4085 1713 4157 Trapezuntius.
1739 4084 2065 4140 Larissaeus
2083 4085 2258 4141 dixit:
2277 4086 2464 4142 Verba

2411 4103 2464 4142 ,α
2573 4073 2707 4124 αὑτά
2775 4082 2846 4124 τί)
2912 4077 3121 4146 Κρήτης
3172 4071 3277 4126 εἶπε
3324 4074 3488 4145 λέγειν
3544 4081 3634 4127 καὶ
3685 4076 3710 4127 ὁ
3755 4076 4173 4150 Τραπεζοῦντος.

804 4177 982 4230 Pater
1000 4189 1162 4230 mens
1189 4189 1387 4243 major
1407 4189 1498 4230 me
1518 4179 1622 4238 est,
1647 4172 2161 4246 deprehendimus
2182 4190 2218 4229 a
2241 4175 2462 4230 sanctis
2569 4163 2573 4173 ’

2415 4175 2462 4229 is
2569 4162 2627 4214 Ὀ
2685 4167 2965 4236 Λαρίσσης
3023 4160 3148 4215 εἷπε·
3181 4167 3271 4229 T6,
3325 4163 3383 4215 Ὀ
3448 4171 3626 4238 Πατηρ
3692 4184 3793 4237 μου
3846 4169 4035 4236 μείζων
4075 4169 4177 4238 μού

802 4263 1083 4334 theologo
1114 4265 1415 4336 Gregorio,
1460 4279 1687 4335 magno
1720 4264 1957 4331 Basilio,
2015 4268 2072 4321 et
2118 4282 2154 4321 a
2213 4265 2456 4338 Chryso-

2407 4282 2456 4321 ο.
2571 4253 2733 4316 ἐστιν,
2791 4253 3096 4326 εὑρίσκομεν
3151 4251 3252 4304 ἀπὸ
3312 4263 3410 4304 τῶν
3454 4252 3635 4325 ἁγίων,
3689 4262 3782 4306 τοῦ
3812 4273 3867 4306 τε
3914 4254 4176 4326 Θεολόγου

803 4358 1002 4410 stomo
1021 4353 1318 4410 intellecta
1347 4353 1684 4409 secundum
1707 4352 2056 4426 qualitatem
2088 4354 2460 4411 causativam

2408 4372 2460 4410 [η
2571 4345 2886 4414 Γρηγορίου,
2949 4349 3042 4393 τοῦ
3108 4342 3334 4413 μεγάλου
3403 4342 3672 4394 Βασιλείου
3699 4347 3788 4394 καὶ
3850 4352 3942 4394 τοῦ
3964 4350 4177 4416 Χρυσο-

797 4443 1218 4516 honoremque
1248 4443 1454 4514 patris,
1487 4447 1543 4498 et
1563 4443 1742 4514 quasi
1772 4443 1852 4498 ob
1874 4443 2312 4515 discipulorum
2367 4461 2460 4499 so-

2409 4461 2460 4499 ς),
2571 4434 2790 4502 στόμου,
2838 4435 2929 4481 καὶ
2949 4431 3083 4480 κατὰ
3111 4433 3169 4481 1'6
3223 4434 3387 4482 αἴτιον
3414 4436 3502 4483 xui
3566 4427 3659 4483 διὰ
3720 4437 3813 4489 την
3842 4436 4021 4504 τιμὴν,
4084 4437 4178 4485 xui

797 4532 1012 4590 latium
1033 4532 1208 4605 [dicta
1236 4532 1475 4593 fuerint.
1512 4532 1628 4589 Sed
1673 4532 1819 4605 quia
1845 4533 2015 4605 Lnovi
2067 4549 2103 4588 a
2150 4533 2458 4590 nonnullis
2491 4565 2534 4618 Β

2400 4522 2697 4618 ligna-pb;
2795 4523 3123 4594 παρηγορίαν
3183 4529 3282 4571 τῶν
3361 4523 3608 4593 μαθητῶν
3684 4520 4169 4594 ἔκλα-λιῆανόμενον.

797 4623 1021 4680 sanctis
1072 4621 1382 4691 afﬁrmari,
1446 4621 1534 4678 sic
1591 4621 1859 4678 locutum
1897 4621 2082 4678 fuisse
2134 4623 2455 4680 Dominum
2491 4607 2531 4618 u

2407 4641 2455 4680 ω
2491 4607 2531 4618 ’³
2568 4607 2711 4660 Ἐπεὶ
2769 4609 2828 4660 δὲ
2884 4610 3108 4682 εὑρίσκω
3164 4613 3307 4672 τινὰς
3378 4619 3475 4662 τῶν
3533 4609 3692 4681 ἁγίων
3731 4610 3966 4682 λέγοντας
4035 4611 4176 4683 εἰρη-

795 4713 975 4770 etiam
995 4716 1241 4785 propter
1268 4712 1733 4779 humanitatem,
1767 4712 1844 4767 ad
1875 4728 2065 4785 quam
2088 4729 2150 4767 se
2191 4712 2452 4781 demisit,

2401 4718 2452 4781 η,
2565 4703 2706 4750 κέναι
2769 4705 2923 4750 τοῦτο
2988 4701 3076 4750 τὸν
3143 4701 3328 4774 Κύριον
3386 4705 3476 4751 xui
3531 4702 3667 4751 κατὰ
3727 4704 3784 4752 1'6
3826 4699 4170 4774 ἀνθρώπινον,

792 4806 974 4875 atque
1008 4808 1074 4857 ut
1101 4800 1390 4867 humanas
1413 4817 1536 4856 suae
1558 4804 1791 4856 naturae
1815 4799 2001 4857 ﬁdem
2032 4799 2270 4871 faceret,
2295 4801 2452 4859 hanc

2406 4819 2452 4859 ιο
2562 4788 2695 4839 καθὸ
2773 4785 3110 4840 ἐταπείνωσεν
3197 4789 3377 4841 ἑαυτὸν
3445 4791 3513 4851 ὡς
3579 4789 3732 4842 θελων
3789 4792 4175 4843 πιστώσασθαι

791 4874 905 4962 ego
920 4906 1166 4964 quoque
1201 4889 1536 4963 amplector
1566 4889 1947 4946 sententiam.
2559 4902 2560 4905 ‘

2559 4881 2652 4935 τὴν
2712 4874 3032 4950 ἀνθρωπείαν
3109 4881 3266 4950 φύσιν
3333 4882 3427 4937 τὴν
3502 4877 3552 4930 ἐν
3609 4878 3773 4951 αὐτῷ,
3851 4877 4172 4953 ἀσπάζομαι

2557 4974 2712 5018 τοῦτο
2745 4971 2834 5018 καὶ
2856 4965 3028 5027 αὐτός.

858 5077 916 5128 5.
966 5071 1323 5129 Rhodiensis
1344 5070 1530 5127 dixit:
1574 5069 1875 5137 Quoniam
1925 5071 2047 5128 scio
2098 5070 2447 5128 theanthro-

2402 5089 2447 5127 ι-
2628 5072 2681 5127 ε”
2772 5073 2830 5126 '0
2911 5070 3094 5127 Ῥόδου
3163 5071 3316 5127 εἶπεν·
3362 5075 3502 5129 Ἐπεὶ
3567 5076 3793 5150 εὑρίσκω
3878 5079 3965 5128 τὸν
4023 5078 4171 5130 θεάν-

783 5179 935 5236 pum
975 5161 1244 5218 Verbum
1293 5161 1632 5218 secundum
1677 5162 2080 5218 oeconomiam
2110 5161 2302 5219 multa
2350 5163 2445 5219 di-

2402 5163 2445 5219 ἱ·
2558 5165 2760 5237 θρωπον
2834 5168 3001 5235 Λόγον
3075 5164 3417 5236 οἰκονομικῶς
3473 5164 3685 5236 λέγοντα
3739 5164 3924 5234 πολλὰ,
3983 5165 4036 5229 ἑξ
4096 5163 4171 5218 ὧν

781 5252 1173 5316 xisse,veluti
1225 5250 1376 5307 illud
1428 5252 1501 5308 de
1550 5251 1647 5306 die
1712 5257 1910 5308 autem
1940 5252 2054 5308 illa
2082 5260 2263 5324 atque
2293 5252 2445 5311 hora

2404 5269 2445 5311 κα
2554 5253 2668 5306 ἐστι
2729 5259 2818 5306 καὶ
2884 5257 2964 5323 τὸ,
3059 5259 3184 5327 Περὶ
3247 5264 3345 5316 τῆς
3401 5257 3593 5329 ἡμέρας
3661 5253 3858 5318 ἐκείνης
3919 5261 4009 5309 xui
4066 5265 4173 5320 τῆς

779 5359 951 5400 nemo
982 5343 1111 5408 scit,
1163 5357 1352 5413 neque
1375 5341 1583 5412 angeli
1609 5355 1799 5413 neque
1824 5341 2023 5398 Filius
2048 5359 2062 5410 ;
2115 5342 2211 5398 aio
2241 5342 2440 5416 ipsum

2401 5360 2440 5398 n
2552 5348 2684 5419 ὥρας
2746 5339 2922 5406 οὐδεὶς
2979 5339 3118 5396 οἶδεν
3175 5340 3349 5410 οὐδὲν,
3403 5341 3528 5398 οὐδὲ
3587 5347 3635 5397 οἱ
3703 5344 3917 5418 ἄγγελοι
3969 5343 4093 5398 οὐδὲ
4141 5349 4170 5400 ὁ

777 5431 1006 5489 dixisse
1035 5433 1177 5488 item
1211 5435 1386 5489 Pater
1407 5433 1601 5501 major
1624 5446 1715 5488 me
1743 5437 1828 5487 est
1854 5432 2245 5498 oeconomice,
2273 5432 2333 5488 id
2356 5439 2442 5489 est

2396 5439 2442 5489 st
2550 5435 2695 5503 Υἱός,
2781 5432 2910 5505 λέγω
2979 5433 3240 5507 εἰρηκέναι
3307 5433 3462 5486 αὐτὸν
3528 5439 3617 5486 καὶ
3683 5437 3765 5502 τὸ,
3848 5434 3908 5487 Ὀ
3975 5441 4165 5513 Πατήρ

775 5522 1115 5579 secundum
1172 5526 1438 5580 creatam
1479 5537 1658 5576 suam
1711 5525 2037 5578 naturam:
2090 5520 2435 5595 accedoque

2404 5537 2435 5579 e
2546 5541 2646 5594 μου
2703 5527 2896 5595 μειζων
2959 5527 3058 5596 μού
3127 5522 3287 5589 ἐστιν,
3319 5523 3678 5596 οἰκονομικῶς,
3719 5529 3961 5578 τουτέστι
4026 5530 4169 5580 κατὰ

772 5618 1126 5670 sanctorum
1166 5611 1344 5669 etiam
1394 5610 1578 5683 hujus
1635 5609 1779 5668 dicti
1814 5609 2429 5685 interpretationibus,

2395 5629 2429 5682 ι,
2542 5615 2637 5676 τὴν
2701 5617 2920 5672 κτίστην
2979 5615 3133 5686 φύσιν
3187 5618 3282 5672 τὴν
3339 5612 3387 5666 ἐν
3444 5613 3604 5666 αὐτῶο
3632 5617 4035 5691 προστιθέμενος
4063 5623 4164 5672 xui
