4480 6430
322 415 431 475 241

325 551 449 603 ταῖς
507 550 606 593 τῶν
664 539 825 612 ἁγίων
873 533 1157 609 ἐξηγήσεσι
1212 543 1301 589 τοῦ
1355 540 1587 588 τοιούτου
1632 534 1815 608 ῥητοῦ.
1874 531 1932 583 Ὀ
1963 536 2006 587 Α

327 630 786 691 ψιλιππονπολεως
853 626 987 681 εἶπεν
1063 631 1144 695 ὡς,
1229 628 1367 679 Ἐπεὶ
1442 628 1576 677 κατὰ
1649 628 1739 681 τὴν
1805 624 1933 693 χθὶς

326 726 687 792 παρεγενόμην
717 718 817 770 ἀπὸ
862 727 957 779 τῆς
993 717 1288 788 λαχούσης,
1332 734 1415 787 με,
1469 720 1558 765 καὶ
1606 714 1697 765 οὐκ
1745 708 1934 768 ἐδυνή-

330 811 430 865 θην
474 811 634 882 εὑρεῖν
680 813 902 879 χρῆσεις
952 815 1051 857 τῶν
1110 806 1269 875 αγίων
1327 809 1442 874 περὶ
1485 810 1573 854 τοὺ
1618 805 1933 871 ζητουμένου

326 899 518 971 ῥητοῦ,
568 897 696 967 λέγω
748 898 828 946 ὃτι
876 896 947 953 οἷς
994 891 1133 945 εἶπον
1172 895 1219 945 οἰ
1252 901 1519 963 φωστῆρες
1547 896 1636 941 καὶ
1668 885 1931 941 διδασκα-

326 985 414 1036 λοι
469 987 637 1057 ἡμῶν,
688 987 786 1035 εἴτε
840 982 1072 1051 ὑψηλῶς.
1134 986 1295 1051 ἤγουν
1337 982 1468 1030 κατὰ
1527 984 1619 1035 τὴν
1672 980 1775 1028 οῐνω
1826 980 1933 1045 γέν-

326 1079 485 1131 νησιν
542 1072 659 1124 καθ’
712 1073 774 1130 ἣν
824 1076 913 1123 καὶ
950 1076 1079 1142 τιμᾷ
1126 1073 1211 1121 τὸν
1245 1072 1450 1141 Πατέρα
1478 1085 1489 1097 ⁸
1543 1071 1639 1119 εἴτε
1671 1065 1934 1138 ἀνθρωπι-

326 1173 457 1229 κῶς,
516 1160 757 1220 δηλονότι
809 1163 942 1213 κατὰ
1000 1166 1093 1218 τὴν
1148 1159 1202 1211 έκ
1252 1168 1341 1219 τῆς
1394 1159 1758 1230 Ἀειπαρθένου
1816 1160 1935 1225 γέν-

326 1252 685 1318 νησιν,’καθ’
739 1250 800 1308 ἣν
859 1247 925 1308 δὴ
986 1249 1367 1323 παραπλησίως
1416 1250 1539 1318 ἡμῖν
1602 1249 1793 1320 σαρκὸς
1851 1247 1937 1295 καὶ

328 1343 552 1412 αἳματος
595 1346 952 1401 κεκοινώνηκε,
998 1344 1090 1394 την
1144 1342 1362 1395 κτιστην
1412 1340 1566 1407 φύσιν
1613 1340 1701 1386 καὶ
1760 1336 1934 1390 παθη-

325 1435 427 1487 την
493 1429 610 1480 καθ’
679 1428 739 1485 ἦν
806 1432 895 1479 καὶ
959 1428 1177 1479 πέπονος
1233 1424 1670 1500 προσλαϐόμενος,
1734 1426 1937 1482 τούτοις

328 1520 642 1589 συντίθεμαι
725 1522 815 1568 καὶ
900 1516 1074 1576 αὐτὸς.
1173 1515 1233 1565 Ὀ
1309 1515 1572 1567 Φιλίππων
1650 1509 1782 1564 εἶπεν
1858 1514 1937 1562 ὁτι

325 1606 554 1667 Διπλοῦς
619 1606 685 1655 ὢν
746 1606 773 1656 6
842 1608 1063 1678 Χριστὸς
1133 1602 1185 1654 ἐκ
1257 1605 1395 1664 θείας
1461 1607 1551 1653 καὶ
1611 1600 1938 1673 ἀνθρωπίνης

325 1700 557 1768 φύσεως,
611 1695 825 1766 μείζονα
878 1698 963 1745 τὸν
1022 1697 1251 1765 Πατέραε
1284 1695 1455 1765 εἴρηκε
1495 1693 1629 1742 κατά
1691 1695 1783 1747 τὴν
1844 1687 1935 1739 ἀν-

328 1786 648 1857 Θρωπότητα
694 1788 784 1835 καὶ
833 1787 924 1840 τὴν
965 1781 1136 1833 αἰτίαν
1184 1786 1273 1832 καὶ
1320 1785 1414 1837 την
1454 1783 1579 1851 πρὸς
1618 1782 1703 1829 τὸν
1733 1782 1937 1851 Πατέρα

326 1878 515 1945 τιμὴν,
562 1876 677 1934 ἶσος
720 1873 787 1923 ὢν
843 1872 983 1942 αὐτῷ
1031 1873 1166 1923 κατά
1212 1876 1305 1928 τὴν
1348 1871 1584 1926 θεότητα.
1622 1868 1682 1919 Ὀ
1712 1864 1933 1940 Ἀδρια-
1967 1879 2010 1931 Β

326 1962 619 2021 νονπόλεως
679 1962 855 2013 εἶπεν·
914 1961 972 2012 Ὀ
1029 1964 1223 2034 σαρκὸς
1288 1964 1377 2011 καὶ
1443 1961 1664 2029 αἳματος
1711 1957 1934 2029 ὑπερθυ-

330 2058 460 2112 σίως
528 2055 931 2117 κεκοινωνηκὼς,
996 2054 1175 2106 καινήν
1242 2068 1355 2100 τινα
1420 2044 1729 2120 θεανδρικὴν
1796 2044 1935 2117 ἐνερ-

331 2160 477 2210 γειαν
537 2142 663 2211 ἡμῖν
718 2138 1162 2211 πεπολιτευμένος,
1218 2138 1321 2208 οὐχ
1388 2140 1449 2197 ὡς
1516 2141 1586 2208 μὴ
1648 2136 1933 2207 ἄνθρωπος,

329 2228 447 2293 ἀλλ,
484 2234 553 2290 ὡς
602 2227 653 2290 ἐξ
712 2226 1012 2301 ἀνθρώπων,
1075 2225 1354 2299 ὰνῡρωπων
1409 2225 1661 2292 ἐπέκεινα,
1723 2224 1937 2295 μείζονα

327 2322 523 2369 έαυτού
569 2321 654 2367 τὸν
695 2320 902 2389 Πατέρα
945 2312 1071 2377 εἷπε,
1123 2316 1298 2374 καθὼς
1340 2315 1365 2364 ὁ
1410 2317 1570 2385 μέγας
1628 2316 1932 2385 Χρυσὸστο-

326 2424 449 2475 μος,
482 2424 572 2454 και
601 2405 625 2454 6
668 2403 1042 2464 Πηλουσιώτης
1083 2400 1355 2474 Ἰσίδωρος
1396 2400 1810 2475 έφηρμήνενσαν,
1850 2406 1934 2452 ναὶ

324 2498 436 2565 μὴν
494 2499 583 2544 καὶ
637 2495 662 2543 6
714 2495 969 2552 θειότατος
1020 2492 1286 2566 Κύριλλος.
1344 2496 1489 2562 Λέγω
1548 2488 1606 2543 δὲ
1645 2492 1725 2541 ὃτι
1766 2494 1937 2563 εἴρηκε

325 2592 485 2634 τοῦτο
541 2589 631 2634 καὶ
682 2586 748 2643 ὡς
802 2584 1071 2656 ἄνθρωπος
1130 2579 1224 2633 διὰ
1280 2586 1372 2639 τὴν
1431 2580 1477 2631 ἓν
1533 2580 1672 2649 αὐτῷ
1715 2585 1935 2636 κτιστην

326 2675 491 2744 φύσιν
540 2673 657 2723 καθ’
717 2671 777 2729 ἣν
835 2676 923 2723 καὶ
986 2674 1248 2724 πέπονθεν.
1304 2677 1361 2722 '0
1418 2669 1745 2743 Ἰεραπὸλεως
1802 2666 1936 2719 εἶπεν

327 2763 414 2812 ὅτι
458 2768 532 2833 Τῇ
574 2767 753 2833 γνώμη
798 2768 887 2813 τοῦ
920 2760 1224 2833 Ἡρακλείας
1270 2765 1358 2810 καὶ
1404 2767 1493 2810 τοῦ
1555 2764 1757 2830 Κρήτης
1813 2757 1933 2808 ἁκο-

327 2851 505 2902 λονθώ
573 2849 657 2902 ἐπὶ
721 2857 901 2903 πᾶσιν.
970 2850 1028 2901 Ὀ
1096 2849 1394 2911 Μιτυλήνης
1463 2852 1553 2920 ἔφη
1627 2850 1728 2907 ὅτι,
1795 2848 1936 2900 Ἐπεὶ

1878 2935 1936 2986 Ὀ

332 3032 453 3087 Υιὸς
520 3036 610 3079 τοῦ
673 3034 806 3081 Θεοῦ
864 3027 1102 3080 ἐκένωσεν
1170 3028 1348 3079 ἑαυτὸν
1411 3025 1673 3087 ἁκενωτως
1735 3028 1936 3097 μορφὴν

329 2940 560 3012 εὑρίσκω
633 2942 719 2990 τὸν
798 2943 959 3011 μέγαν
1026 2938 1337 2991 Ἀποστολον
1416 2938 1629 3009 λέγοντα
1704 2938 1802 3001 ὅτι,

330 3114 527 3169 δούλου
569 3116 758 3183 λαϐὼν,
806 3116 937 3189 λέγω
990 3117 1145 3170 εἰπεῖν
1184 3120 1271 3169 τὸν
1312 3123 1527 3191 Σωτῆρα
1592 3119 1678 3167 τὸν
1732 3119 1939 3187 Πατέρα

328 3207 551 3279 μείζονα
602 3210 739 3258 κατὰ
784 3211 878 3265 τὴν
928 3205 1305 3281 ἀνθρωποτητα
1361 3210 1478 3263 ἦτοι
1524 3209 1617 3262 την
1674 3205 1937 3275 σνγκατοὶ-
1968 3232 2008 3287 C

327 3294 487 3347 ϐασιν
535 3300 624 3347 καὶ
676 3300 770 3354 τὴν
818 3300 1051 3361 κένωσιν,
1108 3298 1283 3357 καθὼς
1339 3296 1364 3346 6
1410 3296 1808 3368 θανματονργὸς
1853 3296 1939 3364 μὲ-

324 3406 425 3457 γας
484 3390 772 3459 Γρηγὸριος
825 3382 1075 3438 διδάσκει
1126 3404 1207 3455 με,
1279 3388 1559 3459 Γρηγόριος
1617 3385 1642 3433 6
1696 3386 1934 3446 Νύσσης,

325 3481 421 3529 καὶ
491 3477 517 3526 ὀ
578 3476 730 3547 ἅγιος
798 3474 1066 3550 Κύριλλος,
1132 3480 1221 3527 καὶ
1274 3476 1298 3525 6
1377 3475 1525 3545 ἅγιος
1582 3474 1933 3536 Ἀθανάσιος·

324 3570 491 3637 ἤγουν
547 3568 684 3617 κατὰ
732 3569 826 3623 τὴν
874 3563 922 3617 έν
976 3564 1118 3636 αὐτῷ
1158 3567 1313 3637 φύσιν
1352 3568 1446 3621 την
1498 3560 1807 3635 βαδίσασαν
1848 3569 1938 3616 καὶ

324 3658 686 3710 κοπιάσασαν.

400 3745 475 3800 3'.
512 3744 570 3798 Ὀ
617 3749 737 3797 νέων
786 3751 1001 3819 Πατρῶν
1043 3741 1150 3798 εἶπε
1180 3761 1191 3774 ·
1240 3748 1310 3797 T6
1351 3747 1587 3796 ταπεινὸν
1618 3752 1771 3796 τοῦτο
1794 3745 1939 3818 ῥῆμα

326 3838 412 3903 τὸ,
465 3835 525 3887 Ὀ
580 3840 760 3907 Πατήρ
811 3854 910 3907 μου
961 3835 1151 3907 μείζων
1203 3836 1302 3906 μού
1357 3832 1519 3903 ἐστιν,
1564 3834 1725 3895 οὕτως
1784 3833 1939 3885 εἰπεῖν

328 3933 432 3977 νοῶ
476 3929 564 3977 τὸν
615 3931 876 3997 Μονογενῆ
937 3925 1053 3977 καθ’
1104 3924 1156 3976 ὃν
1199 3924 1349 3996 λόγον
1393 3929 1483 3975 καὶ
1530 3926 1594 3975 τὰ
1645 3922 1803 3975 λοιπὰ
1839 3932 1939 3975 τῶν

331 4019 707 4090 ταπεινοτέρων
770 4011 997 4067 δέδωκεν
1065 4014 1251 4085 ἑαυτῷ,
1320 4018 1412 4073 τὴν
1477 4013 1770 4086 οἰκονομίαν
1838 4008 1943 4070 δη-

328 4104 506 4157 λονότι
566 4107 931 4177 πιστούμενος,
983 4108 1074 4156 καὶ
1132 4105 1210 4156 ὅτι
1256 4106 1393 4156 κατὰ
1444 4102 1687 4161 ἀλήθειαν
1744 4104 1940 4177 ἄνθρω-

328 4214 428 4257 πος
496 4198 721 4268 γέγονεν·
788 4194 847 4247 Ὀ
912 4194 1186 4267 Εὐχαττων
1254 4192 1361 4247 εἷπε
1393 4212 1405 4226 ·
1470 4198 1614 4265 Λέγω
1681 4196 1745 4254 ὡς
1810 4196 1945 4244 κατά

328 4289 392 4337 τὸ
446 4288 612 4339 αἴτιον
668 4291 759 4339 καὶ
802 4289 895 4344 τὴν
952 4290 1110 4359 τιμὴν
1149 4290 1237 4337 καὶ
1284 4288 1413 4359 πρὸς
1472 4288 1800 4357 παρηγορίαν
1844 4293 1943 4336 τῶν

327 4378 583 4449 μαθητῶν
626 4381 715 4429 καὶ
754 4372 850 4429 διὰ
895 4380 987 4435 τὴν
1043 4378 1291 4448 ἡμετέραν
1338 4376 1512 4449 σάρκα
1558 4374 1617 4433 ἣν
1674 4373 1941 4427 ἀντελάϐετο

327 4465 718 4541 παραπλησίως
766 4467 893 4538 ἡμῖν
939 4470 1258 4526 κοινωνήσας
1314 4467 1505 4538 σαρκὸς
1560 4468 1649 4517 καὶ
1697 4465 1939 4537 αἳματος.

324 4555 389 4609 Ὀ
457 4553 817 4629 ’Δμάστριδος
886 4552 1018 4609 εἶπεν
1086 4557 1166 4608 ὅτι
1242 4551 1509 4628 Οὑδεμίαν
1574 4563 1775 4629 χρῆσιν
1843 4562 2014 4645 τῶνυ

330 4647 499 4718 ἁγίων
580 4645 977 4719 ἀποπέμπομαι,
1061 4644 1189 4697 ἀλλὰ
1257 4648 1433 4708 πασας
1507 4640 1883 4719 προσδέχομαι
1927 4666 1938 4677 ·

328 4743 424 4789 καὶ
501 4739 637 4789 κατὰ
697 4744 851 4790 τοῦτο
915 4743 1015 4788 νοῶ
1081 4736 1161 4788 ὃτι
1228 4732 1361 4789 εἶπεν
1424 4736 1449 4787 6
1528 4738 1713 4810 Κύριος
1796 4736 1942 4807 ἡμῶν

328 4827 549 4889 Ἰησοῦς
616 4830 849 4903 Χριστὸς
913 4828 993 4879 ὃτι
1052 4825 1112 4878 Ὀ
1180 4831 1358 4901 Πατήρ
1426 4844 1527 4898 μου
1595 4828 1784 4897 μείζων
1842 4826 1943 4897 μού

330 4915 473 4983 ἐστι,
514 4921 605 4969 καὶ
646 4918 783 4970 κατὰ
825 4919 885 4969 τὸ
936 4914 1257 4991 ἀνθρώπινον
1292 4932 1304 4945 ’
1352 4913 1669 4991 ἀνθρώπινον
1708 4910 1766 4967 δὲ
1813 4912 1945 4985 λέγω

328 5012 429 5067 τὴν
501 5005 917 5079 συγκατάϐασιν,
984 5010 1078 5066 τὴν
1144 5010 1380 5072 κένωσιν,
1451 5010 1545 5065 -ὴν
1608 5009 1941 5071 ταπείνωσιν,

326 5102 424 5151 καὶ
484 5100 544 5150 τὸ
606 5097 989 5169 παραπλησίως
1053 5098 1180 5170 ἡμῖν
1237 5104 1556 5155 κοινωνῆσαι
1615 5097 1809 5169 σαρκὸς
1856 5099 1947 5147 καὶ

328 5191 555 5261 αἵματος
584 5205 597 5218 ·
656 5192 746 5241 καὶ
798 5190 933 5241 κατὰ
978 5190 1068 5240 τὸν
1117 5186 1266 5259 ἅγιον
1315 5187 1649 5251 Ἀθανοξσιον,
1698 5181 1792 5238 διὰ
1851 5189 1945 5243 τὴν

330 5278 383 5331 έν
441 5278 585 5349 αὐτῷ
637 5282 855 5337 κτιστήν
905 5280 1060 5350 φύσιν
1109 5281 1204 5335 τὴν
1253 5280 1589 5329 κοπιάσασαν
1642 5281 1729 5328 καὶ
1782 5271 1945 5348 βαδί-

333 5387 532 5436 σασαν,
578 5368 698 5421 καθ’
747 5368 807 5427 ἣν
854 5372 946 5421 καὶ
985 5369 1256 5425 πέπονθεν.
1296 5367 1355 5420 Ὀ
1406 5366 1595 5425 Θηϐῶν
1646 5369 1735 5439 ἔφη
1788 5365 1949 5417 ’Ἐπεὶ

329 5462 422 5512 τὸν
472 5460 594 5513 Υἰον
652 5463 977 5531 συγκτίστην
1042 5464 1133 5512 καὶ
1187 5454 1615 5532 ωνδημιουργὸν
1666 5464 1738 5527 τῷ
1787 5459 1945 5527 Πατρὶ

332 5546 487 5621 οἰδα,
536 5545 610 5601 δι’
654 5548 815 5602 αὐτοῦ
863 5552 964 5623 γὰρ
1012 5553 1102 5603 καὶ
1150 5553 1272 5611 τοὺς
1310 5548 1496 5609 αἰῶνας
1530 5545 1791 5612 ἐποίησεν,
1835 5548 1951 5597 ἴσον

408 5751 459 5787 ³³
498 5748 752 5827 Philipp.
784 5764 849 5819 ιι,
878 5755 938 5807 7.

1653 405 2000 466 THESAURI
2039 407 2164 465 LIB.
2208 405 2361 468 XXV.

3591 408 3696 465 242

2048 534 2621 608 Philippopolitanus
2642 531 2789 590 dixit
2818 547 2830 588 :
2867 530 3161 599 Quoniam
3192 528 3383 604 pridie
3414 548 3484 587 ex
3512 533 3698 589 eccle-

2046 623 2131 677 sia
2160 640 2293 679 mea
2317 626 2432 679 huc
2456 624 2719 697 perveni,
2749 622 3142 693 nondumque
3164 622 3327 692 potui
3351 626 3697 677 sanctorum

2046 714 2426 768 auctoritates
2481 713 2554 768 de
2604 717 2991 768 controverso
3040 710 3197 765 dicto
3230 710 3542 778 nancisci;
3602 710 3699 766 aio

2047 816 2140 855 me
2174 802 2451 856 assentiri
2488 800 2796 856 sententiis
2827 815 2980 871 quas
3029 798 3462 853 illuminatores
3506 798 3698 869 magi-

2046 890 2267 961 strique
2305 891 2488 946 nostri
2538 890 2955 962 protulerunt;
2998 888 3164 961 quod
3208 888 3492 943 nimirum
3535 888 3698 942 Chri-

2046 985 2170 1032 stus
2206 979 2295 1033 vel
2325 980 2609 1034 divinitus
2643 980 2723 1033 sic
2756 978 2989 1033 Patrem
3023 978 3275 1031 honorat
3303 982 3548 1049 propter
3579 992 3697 1032 cce-

2043 1065 2250 1122 lestem
2317 1069 2686 1123 nativitatem
2742 1083 2754 1131 ;
2823 1066 2915 1121 vel
2990 1066 3338 1121 humanitus
3413 1065 3694 1137 loquitur,

2046 1164 2287 1227 propter
2316 1173 2487 1211 suam
2520 1173 2591 1211 ex
2624 1160 2911 1228 perpetua
2944 1155 3175 1223 Virgine
3210 1154 3596 1222 nativitatem,
3620 1154 3699 1209 ob

2045 1260 2229 1315 quam
2262 1262 2431 1317 teque
2460 1261 2529 1300 ac
2561 1262 2671 1300 nos
2700 1244 2863 1299 carni
2897 1249 2951 1299 et
2980 1243 3261 1312 sanguini
3293 1244 3700 1298 communica-

2046 1333 2142 1401 vit,
2180 1341 2377 1389 creata
2404 1334 2676 1389 videlicet
2698 1334 3085 1405 passibilique
3117 1338 3331 1388 natura
3364 1337 3698 1404 assumpta,

2045 1418 2104 1472 in
2135 1436 2253 1492 qua
2282 1423 2461 1477 etiam
2488 1438 2704 1494 passus
2750 1428 2855 1478 est.
2891 1422 3283 1494 Philippensis
3319 1422 3464 1477 dixit
3501 1441 3513 1477 :
3550 1422 3700 1487 Quia

2046 1507 2270 1579 duplex
2295 1517 2384 1565 est
2411 1512 2674 1566 Christus
2705 1526 2776 1565 ex
2807 1510 3008 1567 divina
3034 1511 3425 1582 humanaque
3456 1516 3696 1574 natura,

2048 1598 2339 1667 majorem
2384 1602 2615 1655 Patrem
2659 1600 2806 1654 dixit
2850 1599 3190 1655 secundum
3236 1598 3696 1663 humanitatem,

2047 1694 2225 1758 atque
2257 1688 2336 1743 ob
2368 1687 2715 1760 qualitatem
2742 1689 3116 1744 causativam
3147 1688 3558 1759 honoremque
3591 1702 3700 1759 pa-

2046 1778 2149 1832 tris
2176 1792 2187 1841 ;
2221 1777 2499 1849 quamvis
2528 1778 2723 1832 eidem
2755 1778 2827 1832 sit
2856 1777 3105 1849 aequalis
3127 1776 3461 1833 secundum
3492 1775 3703 1831 divini-

2048 1871 2249 1921 tatem.
2286 1867 2893 1938 Hadrianopolitanus
2917 1867 3065 1922 dixit
3097 1884 3109 1921 :
3146 1868 3256 1932 Qui
3284 1867 3450 1922 carni
3476 1872 3534 1921 et
3569 1882 3702 1921 san-

2048 1956 2213 2023 guini
2245 1955 2776 2027 supernaturaliter
2805 1956 3195 2028 participavit,
3228 1971 3452 2011 novam
3484 1970 3700 2027 quam-

2047 2044 2189 2099 dam
2221 2044 2629 2099 theandricam
2657 2046 3065 2117 operationem
3089 2044 3253 2116 apud
3280 2060 3391 2099 nos
3421 2044 3698 2113 cheruit,

2046 2148 2165 2188 non
2197 2134 2363 2206 quod
2403 2150 2524 2189 non
2568 2140 2724 2189 esset
2760 2136 2968 2199 homo,
3002 2134 3106 2190 sed
3136 2134 3313 2190 veluti
3341 2151 3412 2190 ex
3445 2134 3702 2189 homini-

2045 2224 2159 2277 bus
2189 2239 2373 2295 supra
2400 2224 2695 2292 homines,
2717 2225 3010 2295 majorem
3044 2228 3273 2280 Patrem
3304 2240 3491 2296 quam
3530 2238 3591 2278 se
3617 2223 3701 2278 di-

2046 2313 2147 2377 xit,
2178 2313 2349 2367 sicuti
2393 2329 2649 2383 magnus
2697 2313 3161 2386 Chrysostomus
3194 2318 3249 2369 et
3282 2312 3575 2367 Pelusiota
3605 2312 3704 2367 lsi-

2045 2402 2229 2457 dorus
2279 2402 2643 2473 interpretati
2685 2408 2842 2469 sunt,
2893 2404 3016 2458 imo
3068 2404 3248 2458 etiam
3293 2402 3547 2457 eximius
3594 2402 3702 2472 Cy-

2047 2493 2235 2547 rillns.
2294 2493 2399 2548 Aio
2432 2499 2630 2548 tamen
2667 2494 2963 2549 Christum
2990 2494 3051 2548 id
3082 2494 3301 2549 dixisse
3344 2494 3523 2549 etiam
3555 2508 3700 2565 qua-

2046 2587 2219 2636 tenus
2250 2582 2434 2636 homo
2467 2587 2609 2649 erat,
2643 2588 2885 2655 propter
2910 2587 3173 2637 creatam
3199 2598 3371 2637 suam
3395 2587 3699 2649 naturam,

2047 2671 2249 2742 inqua
2282 2677 2332 2725 et
2371 2687 2590 2742 passus
2625 2676 2729 2726 est.
2768 2671 3243 2743 Hierapolitanus
3274 2672 3420 2726 dixit
3450 2687 3511 2725 se
3536 2686 3702 2743 pror-

2047 2778 2148 2815 sus
2196 2762 2477 2816 accedere
2526 2762 2602 2816 ad
2638 2762 3028 2817 Heracliensis
3060 2768 3117 2817 et
3147 2762 3436 2817 Cretensis
3464 2767 3702 2817 senten-

2046 2851 2085 2903 ti
2111 2865 2211 2903 ιω.
2248 2848 2611 2921 Mitylenmus
2653 2850 2837 2906 dixit:
2886 2851 3183 2916 Quoniam
3218 2852 3361 2905 novi
3406 2866 3701 2920 magnum

2046 2938 2401 3010 Apostolum
2440 2938 2838 3006 dicentem”,
2865 2940 3029 3013 quod
3073 2939 3249 2996 Filius
3292 2940 3389 2995 Dei
3432 2941 3701 3012 seipsum

2048 3030 2377 3086 exinanivit
2403 3046 2655 3086 manens
2680 3031 3244 3098 inexhaustus,cum
3277 3031 3430 3087 servi
3448 3030 3702 3087 formam

2046 3119 2293 3191 accepit,
2326 3120 2421 3174 aio
2452 3135 2488 3174 a
2521 3124 2832 3175 Servatorc
2857 3121 3081 3176 dictum
3124 3123 3356 3176 Patrem
3406 3121 3702 3192 majorem

2046 3210 2379 3265 secundum
2412 3211 2852 3267 humanitatem
2894 3212 3019 3267 sive
3059 3212 3490 3267 demissionem
3520 3217 3703 3285 atque

2045 3300 2536 3366 exinanitionem,
2570 3300 3093 3372 quemadmodum
3126 3316 3221 3356 me
3270 3301 3488 3356 docent
3527 3301 3701 3357 thau-

2044 3395 2360 3459 maturgus
2394 3392 2732 3459 Gregorius,
2759 3395 3064 3463 Nyssenus
3098 3391 3438 3461 Gregorius,
3460 3395 3703 3446 sanctus

2047 3479 2319 3551 Cyrillus,
2353 3484 2409 3535 et
2441 3486 2683 3536 sanctus
2721 3481 3088 3536 Athanasius
3126 3496 3139 3547 ;
3187 3480 3460 3535 videlicet
3484 3496 3703 3537 secun-

2045 3569 2191 3624 dum
2224 3568 2385 3624 illam
2417 3569 2547 3640 ejus
2571 3574 2852 3625 naturam
2871 3586 3005 3645 quae
3030 3568 3385 3626 ambulabat
3414 3573 3471 3625 et
3494 3567 3705 3638 fatiga-

2044 3658 2242 3714 batur.

2118 3753 2169 3804 6.
2218 3750 2633 3823 Neopatrensis
2680 3750 2873 3806 dixit:
2927 3750 3220 3807 Humilem
3254 3752 3413 3806 hanc
3453 3748 3703 3805 locutio-

2047 3855 2187 3894 nem
2212 3855 2225 3894 :
2260 3840 2443 3896 Pater
2470 3854 2631 3895 meus
2665 3842 2863 3910 major
2886 3856 2975 3895 me
3003 3847 3086 3897 est
3114 3839 3410 3913 prolatam
3441 3836 3705 3907 intelligo

2050 3929 2128 3984 ab
2152 3929 2468 3998 Unigenito
2499 3930 2711 3985 eadem
2745 3930 2971 3985 ratione
3002 3946 3125 4001 qua
3155 3935 3402 3986 caeteras
3431 3927 3708 3984 humilio-

2047 4035 2143 4073 res
2176 4023 2377 4090 partes
2406 4018 2520 4074 sibi
2545 4018 3121 4082 attribuit,videlicet
3147 4026 3203 4075 ut
3228 4019 3707 4075 incarnationem

2050 4124 2223 4163 suam
2274 4112 2606 4175 testaretur,
2641 4113 2697 4164 et
2726 4109 2891 4181 quod
2923 4110 3108 4165 homo
3137 4126 3352 4181 reapse
3379 4109 3706 4164 exsisteret.

2052 4198 2461 4254 Euehaitensis
2492 4199 2677 4255 dixit:
2724 4199 2829 4255 Aio
2861 4200 2941 4253 sic
2990 4198 3257 4255 locutum
3288 4199 3466 4255 fuisse
3493 4214 3707 4254 secun-

2050 4287 2194 4343 dum
2244 4288 2614 4345 causativam
2661 4288 3011 4361 qualitatem
3046 4290 3461 4361 honoremque
3500 4287 3705 4351 Patris,

2050 4383 2103 4433 et
2134 4377 2213 4433 ob
2244 4377 2679 4450 discipulorum
2721 4377 3025 4446 solatium,
3060 4384 3114 4435 et
3154 4384 3397 4451 propter
3438 4381 3708 4435 nostram

2052 4482 2238 4537 quam
2287 4467 2414 4539 ipse
2468 4473 2877 4540 assumpserat
2924 4484 3189 4535 carnem,
3249 4468 3709 4524 communicans

2052 4573 2224 4630 aeque
2254 4573 2323 4614 ac
2356 4574 2470 4613 nos
2510 4559 2673 4613 carni
2716 4563 2774 4615 et
2820 4559 3118 4630 sanguini.
3165 4559 3580 4615 Amastrianus
3624 4557 3710 4613 di-

2049 4650 2171 4705 xit:
2208 4648 2441 4704 Nullam
2474 4664 2504 4703 e
2536 4648 2707 4704 dictis
2728 4649 2891 4722 apud
2924 4654 3166 4705 sanctos
3200 4649 3508 4705 sententiis
3535 4664 3713 4721 repu~

2050 4738 2171 4809 dio,
2220 4736 2325 4793 sed
2372 4743 2619 4794 cunctas
2668 4739 3041 4811 amplector;
3092 4744 3148 4795 et
3197 4739 3533 4794 secundum
3580 4738 3712 4794 illas

2050 4827 2329 4884 existimo
2370 4827 2586 4883 dixisse
2628 4829 2949 4884 Dominum
2989 4833 3262 4885 nostrum
3304 4831 3504 4884 Jesum
3546 4828 3712 4884 Chri-

2050 4921 2205 4973 tum:
2240 4919 2428 4974 Pater
2448 4934 2609 4975 meus
2632 4920 2829 4988 major
2849 4924 3053 4990 meesl,
3070 4923 3127 4974 et
3143 4918 3477 4974 secundum
3498 4919 3713 4976 huma-

2053 5008 2303 5063 nitatem
2338 5026 2351 5076 ;
2386 5008 2824 5064 humanitatem
2851 5013 3054 5065 autem
3084 5008 3219 5065 dico
3259 5008 3712 5078 demissionem,

2050 5097 2546 5167 exinanitionem,
2605 5099 3110 5163 humiliationem,
3152 5104 3492 5172 nostraaque
3514 5100 3715 5155 carnis

2054 5194 2111 5243 et
2162 5187 2478 5257 sanguinis
2531 5187 3093 5261 participationem;
3153 5193 3334 5261 atque
3390 5192 3455 5244 ut
3516 5192 3717 5244 censet

2054 5283 2302 5333 sanctus
2323 5278 2972 5352 Athanasius,propter
2985 5283 3247 5334 creatam
3261 5278 3393 5348 ejus
3412 5283 3713 5350 naturam,

2055 5385 2190 5442 quae
2222 5367 2541 5424 laborabat
2562 5372 2617 5423 et
2648 5368 3030 5439 fatigabatur,
3062 5369 3118 5423 in
3148 5384 3270 5441 qua
3301 5368 3479 5424 etiam
3500 5385 3719 5441 passus

2058 5464 2168 5515 est.
2198 5459 2517 5515 Thebanus
2548 5459 2697 5515 dixit
2731 5477 2742 5515 :
2788 5460 3085 5525 Quoniam
3131 5459 3339 5515 Filium
3387 5466 3719 5516 creatorem

2060 5554 2488 5622 auctoremque
2518 5566 2718 5607 rerum
2752 5566 2873 5606 una
2902 5566 3037 5606 cum
3063 5553 3228 5605 Patre
3251 5549 3373 5606 scio
3405 5566 3417 5605 :
3447 5565 3591 5606 nam
3616 5564 3723 5622 per
