4480 6430
743 373 849 429 243

2091 383 2135 438 Ν
2143 382 2357 439 ΙΟΕΤΕ
2400 382 2783 445 CHONIATE

4017 388 4123 444 244

743 494 949 588 ipsum
977 494 1152 552 Pater
1190 495 1326 554 fecit
1351 501 1406 554 et
1437 501 1659 557 saecula
1687 520 1701 570 ;
1742 502 1967 560 idcirco
2006 504 2215 560 Filium
2247 506 2403 561 Patri
2432 512 2479 563 A

2350 507 2403 560 ri
2432 512 2479 563 Α
2516 511 2626 581 ἔχω
2673 521 2854 566 τοῦτον
2892 524 2962 585 τῷ
3007 519 3195 588 Πατρί.
3249 513 3388 565 Ἐπεὶ
3430 508 3482 564 δ’
3524 507 3658 564 εἶπεν
3708 511 3789 561 ὅτι
3831 510 3889 562 Ὀ
3940 493 4119 568 Πατήρ

746 584 1044 657 aequalem
1074 602 1311 643 censeo.
1350 588 1465 644 Sed
1486 592 1779 663 quoniam
1802 593 1951 649 dixit
1981 613 1993 650 :
2034 596 2215 651 Pater
2242 612 2404 651 meus

742 677 944 743 major
970 690 1062 731 me
1079 680 1182 747 est,
1206 679 1709 752 propositumque
1732 683 1923 754 pridie
1954 683 2061 739 fuit
2089 689 2147 740 ut
2179 685 2404 757 disqui-

739 766 970 818 reretur
992 779 1266 835 quaenam
1292 766 1406 821 hac
1428 767 1501 823 de
1524 783 1584 823 re
1606 770 2039 827 nonnullorum
2054 779 2402 828 sanctorum

740 866 915 908 mens
962 852 1213 919 fuisset;
1264 870 1480 911 censeo
1529 856 1588 912 id
1632 857 1862 914 dictum
1895 860 2074 915 fuisse
2107 877 2143 916 a
2173 861 2402 917 Christo

739 939 923 995 etiam
965 941 1304 997 secundum
1338 942 1780 1001 humanitatem
1822 952 1879 1002 et
1922 947 2400 1004 humiliationem

737 1028 1077 1102 miramque
1091 1030 1519 1087 demissionem
1534 1033 1609 1089 ad
1622 1033 1957 1091 humanam
1971 1053 2154 1108 quam
2173 1053 2401 1092 assum-

740 1117 859 1188 psit
886 1124 1192 1187 naturam,
1222 1121 1281 1175 in
1313 1137 1437 1193 qua
1464 1138 1586 1178 non
1611 1139 1786 1180 secus
1807 1130 1986 1198 atque
2014 1143 2126 1182 nos
2155 1128 2320 1181 carni
2345 1132 2401 1182 et

739 1207 1025 1276 sanguini
1066 1210 1463 1282 participavit.
1515 1214 1814 1268 Serrensis
1862 1215 2009 1272 dixit
2043 1233 2055 1271 :
2084 1215 2399 1287 Quoniam

738 1296 1153 1365 evangelicum
1172 1298 1285 1353 hoc
1308 1299 1533 1356 dictum
1555 1318 1568 1355 :
1592 1302 1773 1358 Pater
1788 1318 1950 1359 meus
1967 1307 2167 1373 major
2182 1319 2273 1360 me
2293 1311 2398 1373 est,

738 1385 928 1439 sancti
956 1388 1153 1442 Patres
1186 1388 1285 1442 alii
1316 1388 1487 1444 aliter
1516 1390 1883 1463 interpretati
1926 1398 2067 1448 sunt
2097 1411 2109 1460 ;
2152 1400 2209 1449 et
2247 1410 2397 1466 quo-

735 1473 903 1529 niam
930 1474 1148 1531 horum
1178 1478 1452 1534 nonnulli
1482 1480 1659 1536 etiam
1696 1482 2031 1538 secundum
2058 1483 2399 1540 humanita-

734 1566 859 1618 tem
890 1564 1005 1620 hoc
1035 1565 1221 1621 fuisse
1254 1567 1557 1639 prolatum
1588 1570 1990 1636 afﬁrmarunt,
2020 1572 2243 1644 recipio
2274 1590 2398 1629 am-

734 1652 1082 1726 plectorque
1113 1662 1362 1713 cunctas
1396 1664 1745 1715 sanctorum
1766 1662 2011 1717 Patrum
2042 1663 2393 1733 locutiones,

734 1757 981 1815 unaque
1011 1744 1169 1800 hanc
1198 1762 1335 1818 quas
1367 1746 1595 1803 dictum
1625 1748 1801 1805 refert
1828 1750 1908 1805 ad
1934 1751 2395 1809 humanitatem.

2512 618 2613 669 μου
2668 606 2857 672 μείζων
2906 606 3006 674 μού
3053 603 3185 667 ἐστι,
3245 605 3334 652 καὶ
3404 598 3643 656 ἐτυπώθη
3708 607 3769 669 τῇ
3831 604 4119 672 προτεραίᾳ

2511 688 2953 751 κατεξετασθῆναι
3008 700 3117 752 πῶς
3169 710 3304 751 τινες
3366 698 3465 740 τῶν
3526 688 3688 757 ἁγίων
3755 689 4064 759 προσέθεντο
4099 704 4110 715 ·

2510 781 2599 827 καὶ
2651 782 2786 829 κατά
2842 785 2900 831 τό
2951 779 3268 852 ἀνθρώπινον
3317 786 3415 829 νοῶ
3464 784 3617 827 τοῦτο
3684 776 3926 848 εἰρῆσθαι
3989 777 4111 849 παρ’

2510 864 2669 916 αὐτοῦ
2714 864 2806 918 διὰ
2870 874 2964 926 τὴν
3022 874 3332 921 ταπείνωσιν
3384 872 3473 917 καὶ
3532 870 3626 921 τὴν
3682 866 3846 935 οἰκραν
3906 884 4109 934 συγκα-

2508 953 2727 1007 τάϐασιν
2780 961 2910 1030 πρὸς
2957 962 3048 1016 τὴν
3103 962 3257 1029 φυσιν
3299 976 3390 1013 την
3442 953 3765 1029 ἀνθρωπίνην
3816 953 3876 1010 ἢν
3923 972 4087 1028 προσε

2509 1042 2709 1112 λάϐετο,
2769 1047 2884 1098 καθ’
2939 1046 2999 1103 ἣν
3047 1045 3429 1120 παραπλησίως
3480 1046 3604 1115 ἡμῖν
3655 1046 3851 1117 σαρκὸς
3893 1046 3983 1094 καὶ
4030 1044 4087 1094 αῖ

2507 1152 2671 1203 ματος
2722 1140 3105 1193 κεκοινώνηκεν,
3157 1134 3215 1187 Ὀ
3265 1133 3457 1207 Σερρὼν
3512 1134 3645 1185 εἶπεν
3699 1134 3779 1183 ὅτι
3831 1135 3899 1184 Τὸ
3962 1132 4108 1203 εὐαχ-

2505 1221 2709 1292 γελικὸν
2760 1231 2914 1274 τοῦτο
2958 1225 3116 1298 ῥητόν
3158 1226 3237 1294 τό,
3290 1222 3348 1275 Ὀ
3398 1228 3575 1296 Πατήρ
3630 1241 3730 1293 μου
3775 1224 3965 1292 μείζων
4012 1225 4112 1293 μού

2508 1308 2639 1377 ἐστι,
2712 1307 2957 1385 διάφοροι
3018 1321 3118 1363 τῶν
3185 1311 3346 1381 ἁγίων
3405 1314 3645 1383 Πατέρων
3714 1306 3975 1383 διαφόρως
4025 1311 4113 1361 εὓ-

2506 1404 2767 1471 ρηκασιν·
2817 1400 2926 1452 ἐπεὶ
2980 1397 3038 1453 δε
3086 1419 3213 1460 τινες
3268 1402 3461 1451 τούτων
3504 1402 3593 1450 καὶ
3638 1400 3774 1450 κατὰ
3817 1401 3873 1449 τὸ
3924 1396 4117 1469 ἀνθρώ-

2504 1506 2651 1539 πινον
2711 1486 2850 1540 εἶπον
2908 1489 3172 1561 εἰρῆσθαι,
3240 1485 3576 1560 ἀποδέχομαι
3635 1490 3725 1558 μεν
3788 1491 3875 1538 καὶ
3942 1485 4113 1537 ἀσπά-

2508 1577 2668 1648 ζομαι
2742 1581 2916 1639 πάσας
2998 1581 3091 1639 τάς
3165 1586 3265 1629 τῶν
3342 1577 3505 1647 ἁγίων
3602 1580 3837 1650 Πατέρων
3922 1578 4110 1646 φωνὰς,

2508 1663 2637 1717 ἁλλά
2696 1663 2762 1723 δὴ
2820 1672 2910 1718 καὶ
2955 1671 3151 1725 ταύτην
3206 1672 3301 1724 τὴν
3358 1668 3497 1717 κατά
3548 1669 3605 1717 τὸ
3663 1663 3983 1736 ἀνθρώπινον
4038 1663 4114 1715 λέ-

2505 1774 2729 1826 γουσαν.
2813 1755 3158 1830 Ἀνθρώπινον
3245 1752 3304 1807 δε
3371 1759 3500 1825 Λέγω
3571 1759 3663 1812 τὴν
3731 1754 3781 1806 ἐν
3835 1753 3974 1823 αὐτῷ
4042 1760 4113 1822 τῷ

735 1829 922 1887 Porro
960 1833 1405 1891 humanitatem
1454 1836 1721 1907 intelligo
1759 1843 2025 1895 creatam
2069 1840 2130 1894 in
2165 1840 2396 1896 Christo
2431 1861 2468 1910 Β

2343 1845 2396 1895 to
2431 1861 2468 1910 Β
2508 1851 2719 1917 Χριστῷ
2768 1829 2988 1903 κτιστήν
3042 1847 3217 1915 φύσιν,
3274 1845 3390 1896 καθ’
3446 1844 3504 1901 ἣν
3549 1842 3933 1915 παραπλησίως
3989 1844 4112 1913 ημῖν

734 1925 1042 1995 naturam,
1082 1924 1144 1979 in
1191 1941 1315 1998 qua
1365 1941 1538 1998 teque
1580 1942 1652 1983 ac
1689 1943 1801 1984 nos
1831 1930 1998 1985 carni
2028 1934 2085 1985 et
2116 1930 2398 1999 sanguini

736 2013 1233 2069 communicavit.

809 2106 862 2155 7.
914 2102 1189 2159 Enensis
1240 2102 1434 2160 dixit:
1478 2105 1713 2161 Domini
1761 2110 1819 2163 et
1859 2108 1957 2163 Dei
1988 2112 2045 2164 et
2071 2107 2400 2164 Servatoris

737 2192 931 2249 nostri
959 2194 1096 2248 Jesu
1123 2193 1333 2249 Christi
1374 2210 1709 2260 sermones,
1744 2196 1930 2251 modo
1958 2196 2401 2253 humanitatem

738 2286 1032 2356 spectant,
1084 2283 1268 2339 modo
1319 2285 1675 2341 sententiam
1716 2285 1793 2341 ad
1837 2285 2209 2341 divinitatem
2259 2286 2399 2341 diri-

739 2377 908 2444 gunt.
944 2376 1091 2430 Cum
1121 2374 1303 2441 igitur
1330 2374 1768 2431 humanitatem
1808 2376 2228 2449 respiciebant,
2263 2381 2402 2432 tunc

743 2466 1017 2522 Servator
1064 2465 1362 2534 majorem
1410 2468 1642 2521 Patrem
1684 2466 2100 2532 conﬁtebatur,
2153 2472 2217 2521 ut
2254 2483 2400 2521 verae

739 2554 1170 2611 incarnationis
1194 2554 1381 2609 ﬁdem
1398 2554 1637 2611 faceret.
1665 2558 1783 2611 Hoc
1803 2560 2005 2612 autem
2026 2557 2111 2611 sic
2141 2556 2400 2628 afﬁrmo,

740 2648 807 2700 ut
861 2648 1105 2700 caeteras
1154 2659 1276 2699 non
1321 2660 1609 2716 respuam
1659 2650 2010 2701 sanctorum
2060 2646 2398 2717 opiniones.

743 2731 1091 2789 Dristrensis
1139 2733 1335 2804 primo
1382 2732 1631 2804 quidem
1671 2733 1899 2789 dixerat
1949 2750 2010 2789 se
2051 2751 2189 2789 cum
2231 2735 2403 2789 Athe-

742 2821 936 2877 niensi
957 2821 1339 2893 metropolita
1368 2822 1703 2877 consentire
1732 2840 1743 2877 :
1777 2822 1994 2879 deinde
2014 2822 2219 2879 audita
2241 2840 2405 2878 reve-

742 2911 1092 2967 rendissimi
1122 2916 1180 2967 et
1207 2912 1415 2981 magni
1438 2913 1738 2967 aaconomi
1771 2913 2082 2979 sententia,
2116 2916 2199 2969 ait
2230 2930 2294 2968 se
2327 2913 2405 2968 ab

743 3002 1124 3058 Atheniensis
1157 3008 1354 3058 mente
1380 3001 1709 3068 discedere,
1734 3008 1913 3075 atque
1945 3003 2021 3058 ad
2042 3004 2409 3058 reverendis-

747 3091 885 3146 simi
916 3093 1274 3147 sententiam
1307 3090 1592 3147 accedere
1636 3109 1893 3164 eamque
1941 3094 2135 3165 sequi.
2187 3096 2407 3165 Corcy-

2511 1938 2703 2008 σαρκὸς
2733 1939 2822 1987 καὶ
2848 1936 3071 2006 αἵματος
3096 1940 3479 1991 κεκοινώνηκεν.

2582 2110 2646 2172 ξ’.
2686 2112 2744 2163 Ὀ
2794 2115 2948 2164 Λίνου
2987 2108 3121 2163 εἶπεν
3153 2129 3165 2141 ·
3209 2114 3274 2164 Οἱ
3314 2119 3403 2163 τοῦ
3449 2115 3644 2183 Κυρίου
3699 2115 3787 2161 καὶ
3840 2117 3974 2162 Θεοῦ
4026 2112 4115 2159 καὶ

2510 2209 2742 2275 Σωτῆρος
2827 2203 2971 2272 ἡμῶν
3055 2201 3232 2259 Ἰησου
3316 2208 3539 2273 Χριοτοὺ
3613 2199 3760 2270 λόγοι
3826 2202 3949 2250 ποτε
4024 2201 4113 2269 μεν

2509 2295 2639 2363 πρὸς
2701 2294 2759 2341 τό
2819 2288 3137 2364 ἀνθρώπινον
3202 2288 3461 2361 ἀφεώρων,
3526 2290 3649 2340 ποτε
3718 2285 3775 2340 δὲ
3856 2291 3982 2361 πρὸς
4055 2290 4114 2338 τὸ

2514 2382 2644 2431 θεῖον
2692 2379 3079 2453 ἐχειραγώγονν
3123 2383 3211 2436 τὴν
3263 2375 3518 2431 διάνοιαν.
3566 2376 3689 2430 ’Ὀτε
3721 2385 3846 2447 γοῦν
3891 2381 4014 2451 πρὸς
4056 2379 4114 2428 τὸ

2513 2467 2833 2543 ἀνθρώπινον
2911 2466 3250 2535 ἁπετείνοντο,
3324 2472 3439 2519 τότε
3515 2469 3540 2518 ό
3616 2471 3793 2537 Σωτὴρ
3866 2465 4118 2537 ὡμολόγει

2514 2562 2601 2609 τόν
2654 2562 2860 2629 Πατέρα
2912 2557 3128 2629 μείζονα
3185 2557 3390 2622 ἑαυτοῦ,
3441 2558 3787 2627 πιστούμενος
3842 2560 3935 2612 τὴν
3984 2555 4119 2606 οἱκο-

2512 2651 2721 2718 νομίαν.
2770 2651 2919 2716 Λέγω
2972 2643 3031 2698 δὲ
3076 2665 3228 2697 τουτο
3267 2648 3398 2717 μετά
3439 2654 3539 2696 τών
3589 2644 3751 2696 οῐλλων
3796 2644 3861 2694 ὧν
3896 2646 3943 2694 οἱ
3979 2643 4120 2713 οἷγιοι

2514 2735 2770 2806 λέγουσιν.
2824 2735 2881 2787 ’0
2927 2741 3186 2807 Δρίστρας
3244 2744 3425 2807 πρῶτα
3485 2738 3573 2806 μεν
3633 2733 3765 2785 εἶπεν
3825 2734 4120 2805 ὁμοφρονως

2515 2832 2713 2897 φρονεῖν
2768 2833 2837 2894 τῷ
2900 2824 3258 2897 μητροπολίτη
3330 2824 3559 2881 Ἀθηνῶν
3595 2844 3606 2855 ο
3677 2822 3784 2874 ἐπεὶ
3847 2818 3905 2873 δε
3973 2822 4120 2874 ὔστε-

2513 2933 2601 2987 ρον
2670 2914 2969 2987 ηκροάσατο
3028 2922 3124 2974 τῆς
3166 2920 3375 2984 γνώμης
3428 2920 3520 2963 του
3578 2913 3863 2985 ὑπερτίμου
3907 2916 3995 2963 καὶ
4034 2929 4118 2982 με·

2512 3003 2674 3073 γάλου
2720 3004 3010 3074 οἰκονόμου,
3072 3002 3371 3075 μεταϐαλών
3422 2999 3576 3067 εἶπεν,
3638 3000 3964 3072 ἀφίστασθαι
4030 3005 4118 3072 μὲν

2514 3100 2609 3153 τῆς
2661 3100 2752 3143 τοῦ
2803 3092 3029 3148 Ἀθηνῶν
3090 3099 3320 3163 γνώμης,
3368 3091 3744 3164 προστίθεσθαι
3796 3086 3854 3141 δι
3908 3097 3969 3153 τῆ
4029 3096 4119 3140 τοῦ

743 3181 936 3237 rensis
971 3180 1120 3237 dixit
1146 3199 1161 3236 :
1197 3181 1614 3253 Comperimus
1642 3181 1701 3236 in
1729 3182 2056 3251 evangeliis
2085 3200 2121 3238 a
2154 3182 2406 3238 Domino
2438 3212 2477 3267 ρ

2350 3198 2406 3237 ιο
2438 3212 2477 3267 C
2517 3182 2801 3255 ὑπερτίμου
2849 3188 3052 3253 γνώμη,
3098 3186 3188 3231 καὶ
3242 3183 3406 3251 ταύτῃ
3454 3186 3708 3250 στοιχεῖν.
3741 3178 3798 3230 Ὀ
3850 3180 4119 3251 Κερκύρων

745 3272 980 3325 Patrem
1000 3271 1297 3341 majorem
1321 3270 1534 3338 dici,et
1558 3270 1745 3325 Deum
1772 3287 2017 3344 quoque
2049 3288 2246 3330 suum.
2268 3287 2406 3326 cum

748 3360 863 3416 ait:
891 3365 1068 3416 Deum
1090 3376 1284 3416 meum
1314 3366 1369 3417 et
1392 3362 1579 3417 Deum
1612 3367 1871 3417 vestrum
1898 3363 1966 3415 ³⁸.
1997 3362 2284 3417 Existimo
2307 3378 2409 3416 au-

745 3454 871 3506 tem
893 3449 1205 3522 utriusque
1231 3450 1511 3506 dictionis
1531 3465 1740 3523 parem
1769 3448 1902 3507 esse
1934 3452 2079 3506 vim.
2112 3451 2410 3517 Quoniam

746 3553 889 3595 vero
946 3541 1378 3608 Damascenus,
1429 3539 1531 3608 ait,
1580 3539 1934 3595 humanitus
1975 3556 2113 3595 cum
2166 3537 2413 3595 mentali

749 3628 1129 3684 distinctione
1180 3630 1365 3684 Deum
1414 3644 1588 3684 suum
1632 3628 1861 3684 dictum
1902 3645 2034 3684 esse
2086 3628 2321 3684 Patrem
2378 3645 2413 3684 a

748 3718 1005 3773 Domino
1031 3736 1043 3785 ;
1066 3717 1281 3774 eadem
1313 3717 1543 3773 ratione
1577 3733 1817 3787 censeo,
1847 3721 2135 3788 majorem
2168 3733 2413 3789 quoque

751 3807 1121 3881 appellatum
1166 3807 1370 3863 fuisse.
1421 3809 1488 3862 Et
1532 3807 1713 3863 simul
1762 3808 1984 3880 recipio
2023 3812 2269 3862 cunctas
2298 3808 2412 3863 hac

749 3913 932 3969 super
955 3913 1018 3952 re
1049 3902 1395 3953 sanctorum
1423 3898 1666 3953 Patrum
1692 3897 2042 3966 sententias,
2060 3898 2161 3969 qui
2185 3897 2411 3952 dictum

748 3987 811 4044 id
849 3987 1030 4043 etiam
1074 3986 1153 4041 ad
1190 3986 1631 4043 humanitatem
1684 3986 2033 4042 retulerunt.
2085 3986 2414 4058 Abydenus

748 4076 932 4132 dixit:
986 4079 1107 4147 Ego
1156 4075 1314 4131 hanc
1355 4076 1589 4132 Domini
1629 4076 1955 4132 dictionem
1990 4077 2187 4131 sciens
2214 4093 2250 4130 ο.
2280 4092 2415 4130 san-

749 4167 855 4222 ctis
885 4164 1164 4221 Patribus
1193 4170 1249 4220 et
1288 4165 1558 4221 Ecclesiae
1589 4165 1939 4221 doctoribus
1968 4166 2130 4221 varie
2158 4165 2412 4237 explica-

749 4261 895 4322 tam,
928 4255 1024 4311 aio
1054 4256 1138 4309 sic
1169 4254 1392 4309 dixisse
1423 4254 1722 4309 Christum
1764 4255 1943 4309 etiam
1984 4260 2045 4309 ut
2077 4255 2407 4318 hominem,

748 4349 1049 4418 quatenus
1090 4360 1262 4416 aeque
1301 4360 1371 4399 ac
1402 4359 1512 4398 nos
1544 4344 1709 4399 carni
1741 4349 1796 4399 et
1827 4344 2107 4413 sanguini
2140 4360 2410 4399 commu-

746 4432 989 4490 nicavit.
1027 4434 1257 4506 Sequor
1288 4438 1489 4489 autem
1522 4432 1916 4488 Heracliensis
1954 4448 2196 4505 quoque
2236 4438 2292 4488 et
2322 4432 2410 4487 Ni-

746 4522 1150 4579 comediensis
1216 4523 1595 4578 sententiam.
1664 4522 2098 4594 Methymnaeus
2157 4522 2407 4588 dixerat,

746 4614 916 4685 sequi
943 4628 1004 4668 se
1036 4611 1423 4684 Corcyrensis
1466 4612 1868 4668 sententiam:
1922 4616 2133 4684 postea
2185 4616 2406 4678 tamen,

743 4703 963 4759 auditis
998 4703 1480 4775 patriarcharum
1517 4702 1779 4772 judiciis,
1816 4706 2047 4757 mutata
2088 4708 2287 4757 mente
2328 4703 2409 4756 ait

743 4810 806 4849 se
840 4794 1147 4850 discedere
1196 4810 1230 4849 a
1283 4794 1663 4866 Corcyrensis
1707 4794 2020 4858 sententia,
2065 4799 2244 4866 atque
2292 4793 2404 4848 illis

742 4885 1261 4941 sanctissimorum
1292 4883 1774 4957 patriarcharum
1801 4884 2129 4939 adhaarere.

741 4980 922 5047 γνώμη
984 4996 997 5008 ·

2520 3268 2654 3323 εἶπεν
2696 3291 2708 3303 ·
2780 3272 3093 3342 Εὑρίσκεται
3160 3268 3208 3319 ἐν
3275 3277 3382 3329 τοῖς
3444 3267 3773 3338 Εὐαγγε).ίοις
3838 3269 3864 3319 ὁ
3933 3271 4122 3341 Κύριος

2518 3364 2607 3411 καὶ
2698 3361 2912 3430 μείζονα
3015 3358 3202 3409 ἑαυτοῦ
3303 3360 3386 3408 τὸν
3464 3360 3669 3430 Πατέρα
3768 3356 3944 3426 λέγων,
4034 3360 4123 3406 καὶ

2520 3451 2649 3501 Θεὸν
2708 3447 2868 3498 αὐτου
2918 3446 2967 3497 ἐν
3027 3455 3097 3515 τῷ
3152 3445 3314 3516 λέγειν
3381 3449 3471 3496 καὶ
3527 3450 3655 3498 Θεον
3708 3465 3808 3516 μου
3846 3449 3935 3496 καὶ
3995 3450 4121 3496 Θεὸν

2520 3538 2683 3609 ὑμῶν.
2724 3535 2981 3607 Ἠγοῡμαι
3019 3531 3077 3587 δε
3115 3534 3379 3607 ἀμφότερα
3422 3536 3488 3586 τά
3546 3534 3775 3606 ὀνόματα
3826 3530 4123 3605 ἰσοδύναμα

2522 3624 2685 3678 εἶναι’
2742 3625 2849 3677 ἐπεὶ
2899 3632 3023 3695 γοῦν
3074 3644 3231 3696 φησιν
3286 3626 3310 3675 ὸ
3369 3627 3714 3695 Δαμασκηνὸς
3762 3622 4125 3697 ἀνθρωποπρε-

2520 3725 2625 3776 πῶς
2692 3713 2785 3767 διὰ
2841 3720 2934 3773 την
2993 3716 3107 3766 κατ’
3172 3714 3400 3767 ἐπίνοιαν
3454 3711 3713 3789 διαίρεσιν
3774 3717 3899 3766 Θεὸν
3965 3713 4122 3765 αὐτοῦ

3000 3808 3228 3878 Πατέρα,

2523 3807 2779 3879 εἰρηκέναι
2844 3809 2927 3856 τόν
3000 3808 3228 3878 Πατέρα,
3315 3808 3401 3855 τόν
3480 3807 3666 3876 Κύριον
3747 3823 3880 3875 φημι
3939 3820 3950 3832 ·
4035 3808 4124 3854 καὶ

2522 3897 2736 3968 μείζονα
2805 3896 2988 3947 ἑαυτου
3051 3896 3215 3956 οὕτως
3268 3893 3503 3957 ἐξεῖπεν’
3575 3892 3965 3965 ἀποδεχόμενος
4035 3898 4124 3944 καὶ

2522 3987 2696 4046 πάσας
2748 3987 2836 4045 τὰς
2882 3991 2998 4057 περὶ
3049 3987 3244 4036 τούτων
3288 3994 3387 4035 τῶν
3444 3982 3602 4054 ἁγίων
3654 3987 3894 4056 Πατέρων
3960 3984 4124 4053 φωνὰς

2520 4083 2619 4125 των
2674 4080 2763 4125 καὶ
2820 4076 2954 4125 κατὰ
3004 4077 3060 4124 τὸ
3112 4071 3428 4145 ἀνθρώπινον
3473 4072 3714 4143 εἰρῆσθαι
3762 4080 3912 4123 τουτο
3954 4070 4127 4141 λεγόν-

2518 4183 2636 4217 των.
2668 4162 2726 4215 Ὀ
2774 4159 2999 4215 Ἀϐύδου
3047 4159 3184 4213 εἶπεν
3212 4183 3224 4194 ’
3278 4162 3427 4232 Ἐγὼ,
3468 4165 3561 4219 τὴν
3619 4169 3711 4212 τοῦ
3760 4165 3953 4233 Κυρίου
4003 4163 4125 4211 ταύ-

2521 4272 2613 4309 την
2663 4256 2831 4323 φωνην
2880 4256 2971 4308 τὴν
3020 4250 3281 4322 λεγουσιν,
3341 4252 3421 4302 ὅτι
3460 4250 3517 4301 Ὀ
3566 4255 3744 4322 Πατήρ
3789 4269 3888 4321 μου
3932 4250 4124 4321 μείζων

2519 4344 2619 4414 μού
2661 4340 2821 4403 ἐστιν,
2875 4337 3023 4400 εἰδὼς
3052 4345 3167 4401 τοὺς
3220 4340 3401 4411 ἁγίους
3449 4342 3683 4414 Πατέρας
3730 4344 3819 4391 καὶ
3862 4335 4124 4391 διδασκά-

2518 4430 2632 4491 λους
2698 4440 2793 4491 τῆς
2873 4429 3183 4490 Ἐκκλησίας
3255 4432 3388 4481 κατά
3450 4430 3735 4504 διαφόρους
3801 4427 4125 4499 ἐξηγησαμέ-

2516 4540 2635 4581 νους
2692 4518 2952 4586 ἐπιϐολὰς,
2998 4519 3131 4590 λέγω
3196 4519 3453 4593 εἰρηκέναι
3521 4522 3606 4570 τὸν
3667 4522 3855 4590 Κύριον
3914 4523 4004 4569 καὶ
4062 4520 4125 4576 ὡς

2517 4612 2804 4682 οἰνθρωπον.
2866 4610 2983 4661 καθ’
3036 4609 3061 4659 ὃ
3131 4608 3510 4681 παραπλησίως
3571 4610 3696 4680 ἡμῖν
3775 4610 3971 4681 σαρκός
4036 4612 4124 4657 καὶ

2518 4702 2739 4772 αἳματος
2807 4705 3143 4756 κεκοινώνηκε
3191 4719 3203 4731 ·
3280 4706 3479 4770 στοιχώ
3555 4693 3614 4749 δὲ
3678 4702 3765 4748 καὶ
3830 4705 3890 4769 τῇ
3941 4702 4120 4769 γνώμη

2516 4799 2606 4842 τοῦ
2672 4809 2725 4842 τε
2822 4787 3119 4862 Ἡρακλείας
3218 4792 3305 4840 καὶ
3405 4794 3496 4839 τοῦ
3588 4782 3967 4858 Νικομηδείας.
4066 4785 4123 4837 Ὀ

2515 4882 2808 4952 Μηθύμνης
2878 4876 2985 4931 εἷπε
3064 4880 3153 4950 μὲν
3232 4884 3467 4949 στοιχεῖν
3536 4884 3598 4949 τῇ
3672 4885 3763 4929 του
3852 4878 4123 4950 Κερκύρων

1076 4975 1462 5047 ἀκροασάμενος
1535 4971 1594 5026 δὲ
1667 4977 1798 5045 μετά
1882 4984 2050 5025 ταυτα
2116 4981 2215 5024 τών
2280 4979 2685 5047 πατριαρχικών
2760 4978 2999 5041 γνωμῶν,
3067 4965 3368 5040 μεταϐαλὼν
3436 4963 3570 5019 εἶπεν
3638 4964 3961 5039 ἀφίστασθαι
4033 4967 4124 5038 μεν

738 5072 835 5125 τῆς
860 5072 952 5116 του
996 5068 1269 5140 Κερκύρων
1292 5070 1472 5136 γνώμη
1486 5085 1525 5130 ς,
1560 5071 1793 5134 στοιχεῖν
1818 5060 1875 5115 δὲ
1902 5071 2012 5123 ταῖς
2043 5072 2141 5114 τῶν
2168 5062 2472 5133 ἁγιωτάτων
2501 5068 2870 5133 πατριαρχὼν.

809 5160 860 5211 8.
907 5155 1402 5211 Lacedaemonius
1428 5155 1615 5209 dixit:
1646 5152 1977 5209 Verborum
2008 5154 2196 5209 Pater
2240 5168 2401 5209 meus

734 5247 936 5316 major
964 5264 1054 5302 me
1074 5251 1156 5301 est
1188 5244 1708 5317 interpretationes
1739 5246 1837 5300 SS.
1864 5246 2103 5299 Patrum
2139 5242 2405 5313 Gregorii

733 5335 1021 5405 theologi,
1074 5335 1268 5391 Basilii
1318 5334 1532 5405 Magni,
1580 5338 1637 5390 et
1694 5333 2105 5406 Chrysostomi
2154 5348 2405 5388 veneror

734 5426 1079 5499 recipioque
1114 5444 1125 5481 :
1174 5426 1265 5481 aio
1298 5424 1547 5497 insuper
1572 5440 1814 5480 carnem
1844 5424 2077 5480 ratione
2109 5428 2167 5479 et
2195 5424 2403 5479 anima

730 5516 1048 5589 praeditam
1076 5520 1469 5589 susceptama
1485 5514 1740 5572 Domino
1754 5518 1972 5571 nostra;
1991 5513 2197 5571 salutis
2217 5528 2403 5571 causa

803 5715 848 5752 ³⁸
888 5716 1057 5772 Joan.
1094 5732 1184 5771 xx.
1224 5718 1303 5771 l7.

2584 5150 2648 5209 η’.
2701 5158 2759 5203 Ὀ
2813 5145 3237 5219 Λακετῖαιμονίας
3291 5144 3427 5200 εἶπεν
3487 5148 3567 5199 ὅτι
3621 5149 3723 5207 Τάς
3761 5150 3879 5221 περὶ
3927 5153 4017 5197 τοῦ
4067 5143 4127 5197 Ὀ

2520 5246 2701 5315 Πατήρ
2782 5260 2882 5313 μου
2958 5242 3149 5312 μείζων
3243 5240 3343 5311 μού
3430 5236 3571 5290 ἔστιν
3664 5236 3933 5310 ἑρμηνείας

2518 5330 2676 5402 ἁγίων
2733 5335 2996 5404 Πατέρων,
3066 5332 3228 5401 ἤγουν
3304 5332 3595 5404 Γρηγορίου
3670 5335 3763 5379 τοῦ
3846 5325 4119 5397 Θεολόγου,

3045 5418 3296 5492 μεγάλου,
3379 5422 3468 5471 καὶ
3545 5426 3637 5470 τοῦ
3717 5422 4122 5491 Χρυσοστόμου,

2513 5519 2793 5589 προσκυνώ
2839 5514 2930 5563 καὶ
2981 5506 3323 5584 ἀποδέχομαι
3357 5530 3369 5543 ·
3419 5508 3550 5583 λέγω
3611 5504 3670 5562 δὲ
3724 5509 3896 5583 σάρκα
3954 5508 4123 5559 ἔννουν

3243 5240 3343 5311 μού
3430 5236 3571 5290 ἔστιν
3664 5236 3933 5310 ἑρμηνείας
4024 5244 4123 5287 τῶν

2518 5420 2790 5473 Βασιλείου
2877 5428 2967 5472 τοῦ
