4480 6430
290 398 378 455 Μ

1619 382 1965 445 TBESAURl
2007 387 2140 444 LIB.
2190 387 2322 442 XXV

3519 386 3623 441 246

292 528 365 575 καὶ
413 520 653 593 εμψυχον
704 516 1025 589 ἀνειληφέναι
1073 519 1161 567 τὸν
1218 518 1404 589 Κύριον
1456 511 1549 567 διὰ
1591 518 1684 571 τὴν
1744 515 1867 584 ἡμε-
1902 516 1949 567 Α
1980 510 2061 565 fui

1861 542 1867 552 ι
1902 516 1949 567 Α
1980 510 2204 567 fuisse:
2238 516 2294 567 et
2321 514 2564 584 propter
2578 510 2759 577 hanc,
2786 508 3014 565 dictum
3045 506 3123 563 ab
3146 522 3216 563 eo
3240 505 3476 563 Patrem
3502 522 3630 563 ma-

290 617 419 679 τίραν
477 613 744 681 σωτηρίαν
807 624 820 637 ·
871 611 961 657 καὶ
1017 607 1150 656 κατὰ
1204 610 1397 661 ταύτην
1458 604 1620 674 λέγειν
1688 602 1872 654 ἑαυτοῦ

294 701 488 770 μείζονα
533 701 619 748 τόν
686 700 911 767 Πατέρα.
977 693 1035 745 Ὀ
1092 692 1432 766 Μεσημϐρίας
1490 689 1595 743 εἷπε
1648 698 1710 761 τῇ
1782 696 1874 741 τοῦ

1216 790 1259 833 Ο
1318 781 1548 838 Μιλήτου
1616 778 1722 831 εἶπε
1781 780 1871 843 Τό,

293 885 342 927 ’0
389 879 566 946 Πατήρ
623 893 721 944 μου
777 873 967 943 μείζων
1030 874 1131 942 μού
1187 870 1351 937 ἐστιν,
1401 871 1539 921 ουτω
1602 877 1701 919 νοῶ
1785 870 1875 917 καὶ

292 786 571 860 Ἠρακλειας
640 790 817 856 φνωμη
885 790 1136 853 στοιχεῖν.

296 967 412 1015 κατὰ
453 968 507 1014 τό
567 962 617 1013 ἐν
668 970 741 1030 τῷ
791 968 1006 1032 Χριστῴ
1055 958 1371 1033 ἀνθρώπινον
1440 956 1874 1029 ἐπιλαμϐάνεσθαι,

297 1053 346 1104 ού
398 1054 530 1103 κατὰ
576 1048 754 1112 δοξαν,
812 1049 871 1099 οὐ
910 1051 1046 1099 κατὰ
1104 1054 1275 1119 τιμὴν,
1341 1047 1399 1099 ού
1440 1049 1576 1097 κατὰ
1606 1044 1776 1111 ἀξίαν,
1820 1042 1877 1094 ού

297 1144 417 1192 κατὰ
460 1137 704 1210 δύναμιν,
769 1138 827 1189 ού
866 1140 1002 1188 κατὰ
1048 1136 1306 1199 ἐξουσίαν,
1337 1136 1394 1187 οὐ
1437 1138 1573 1187 κατοί
1601 1154 1651 1186 τι
1690 1134 1879 1204 ἕτερον,

1754 1220 1882 1272 ἀλλὰ

298 1321 417 1369 κατὰ
489 1322 548 1369 τό
615 1315 662 1367 ὲν
743 1316 883 1385 αὐτῷ
961 1334 1195 1377 κτιστον,
1263 1316 1393 1366 καθὸ
1459 1318 1547 1365 καὶ
1612 1312 1878 1363 πέπονθεν.

300 1407 422 1458 Ἐπεὶ
486 1402 546 1456 δε
590 1408 681 1455 καὶ
728 1411 822 1463 τῆς
864 1411 1077 1473 γνωμης
1113 1411 1204 1453 τού
1259 1398 1585 1472 συναδέλφου
1633 1419 1733 1470 μου
1791 1404 1883 1449 τοῦ

297 1233 385 1282 ὅσα
434 1237 524 1288 τῆς
577 1230 719 1289 θείας
766 1224 926 1288 δόξης
963 1245 1017 1278 τε
1078 1231 1166 1277 καὶ
1223 1226 1621 1297 μεγαλειότητος
1682 1244 1693 1255 ·

297 1490 635 1565 Νικομηδείας
716 1493 1084 1563 ἠκροασάμην,
1150 1493 1220 1552 ὡς
1293 1490 1459 1549 καλῶς
1525 1488 1724 1560 ἐχούσῃ
1794 1490 1885 1537 καὶ

298 1602 442 1653 ταυτῃ
521 1583 712 1652 ἕπομαι
759 1582 894 1631 κατὰ
946 1582 1135 1631 πάντα.
1192 1578 1251 1630 Ὀ
1323 1582 1621 1650 Μαρωνείας
1678 1572 1811 1628 εἶπεν
1870 1590 1884 1604 ’

299 1670 427 1722 Ἐπεὶ
478 1671 705 1741 εὑρίσκω
768 1672 854 1719 τὸν
920 1672 1081 1739 μέγαν
1140 1666 1427 1731 Βασίλειον,
1491 1670 1577 1717 τόν
1635 1663 1888 1733 Θεολόγον

302 1766 334 1812 Γ
335 1766 591 1833 ρηγόριον,
650 1762 739 1809 τὸν
810 1762 1205 1831 Χρυσόστομον,
1264 1763 1352 1808 καὶ
1410 1760 1497 1807 τόν
1555 1755 1704 1823 άγιον
1758 1754 1889 1807 Ἰσί-

1977 601 2189 671 jorem.
2225 600 2695 657 Mesembriensis
2716 598 2862 654 dixit
2889 614 2953 654 se
2985 596 3376 653 Heracliensis
3401 596 3630 668 judicio

1983 688 2377 744 subscribere.
2411 689 2663 745 Milesius
2689 688 2873 744 dixit:
2908 686 3095 743 Verba
3120 686 3300 742 Pater
3320 701 3484 742 meus
3508 700 3633 741 ma-

1974 780 2076 847 jor
2100 794 2191 833 me
2216 786 2297 833 est
2328 778 2489 834 dicta
2518 777 2780 847 intelligo
2813 775 2993 832 etiam
3034 775 3371 831 secundum
3425 772 3638 832 Christi

1985 868 2419 924 humanitatem
2454 885 2467 922 :
2501 884 2623 923 non
2646 867 2979 923 secundum
3011 865 3287 935 gloriam,
3318 865 3635 927 honorem,

1985 956 2356 1027 dignitatem,
2379 959 2678 1025 virtutem,
2695 960 3066 1028 potestatem,
3086 954 3174 1009 vel
3195 953 3359 1009 aliud
3378 952 3638 1027 quodvis

1988 1047 2206 1102 divinm
2259 1048 2461 1115 gloriae
2493 1052 2550 1103 et
2579 1046 3016 1117 magnitudinis
3046 1050 3504 1111 ornamentum;
3534 1042 3641 1099 sed

1991 1136 2328 1191 secundum
2369 1141 2649 1191 naturam
2688 1137 2817 1205 ejus
2865 1138 3128 1190 creatam
3170 1133 3232 1189 in
3270 1148 3393 1205 qua
3421 1146 3642 1205 passus

1991 1231 2095 1279 est.
2126 1230 2402 1280 Attaiman
2435 1232 2765 1297 postquam
2797 1230 2853 1280 et
2881 1223 3198 1280 confratris
3230 1223 3347 1278 mei
3381 1222 3647 1278 Nicome«

1992 1312 2215 1369 diensis
2260 1315 2618 1369 sententiam
2661 1313 2921 1370 intellexi
2960 1316 3115 1369 recte
3175 1327 3237 1367 se
3290 1311 3643 1377 habentem,

1993 1402 2131 1457 huic
2161 1408 2341 1457 etiam
2367 1418 2614 1475 prorsus
2645 1401 2979 1458 subscribo.
3024 1399 3409 1457 Maroniensis
3449 1399 3599 1455 dixit
3628 1415 3643 1454 :

1995 1492 2288 1555 Quoniam
2316 1492 2621 1563 comperio
2649 1506 2943 1561 magnum
2966 1489 3265 1555 Basiliam,
3302 1487 3650 1557 theologum

1997 1581 2363 1649 Gregorium,
2401 1582 2921 1652 Chrysostomnm:
2954 1584 3011 1635 et
3041 1583 3321 1635 sanctum
3351 1577 3651 1633 lsidorum

1996 1668 2265 1723 retulisse
2304 1669 2491 1725 verba
2544 1669 2662 1735 illa,
2710 1668 2893 1724 alium
2935 1667 3183 1741 quidem
3223 1665 3303 1724 ad
3330 1666 3648 1730 honorem,

1999 1757 2183 1812 alium
2210 1757 2289 1813 ad
2314 1758 2664 1831 qualitatem
2702 1760 3093 1820 causativam,
3129 1756 3315 1812 alium
3345 1755 3424 1812 ad
3462 1753 3650 1811 disci-

303 1845 455 1921 δωρον
490 1847 752 1917 λέγοντας,
804 1850 890 1897 τόν
929 1849 1018 1917 μεν
1065 1842 1159 1897 διὰ
1200 1851 1379 1917 τιμὴν,
1432 1848 1518 1895 τόν
1559 1840 1618 1895 δι
1668 1844 1804 1894 κατὰ
1831 1844 1889 1892 τὸ
1924 1864 1962 1918 η
2002 1860 2072 1916 pu

1875 1844 1889 1892 5
1924 1864 1962 1918 η
2002 1844 2277 1916 pulorum
2326 1847 2629 1918 solatium,
2693 1846 2917 1919 recipio
2958 1846 3071 1902 hos
3116 1850 3297 1916 atque
3340 1842 3644 1917 approbo.

302 1941 468 2004 airtov,
508 1940 595 1987 τόν
641 1932 701 1987 δι
746 1932 839 1987 διὰ
883 1936 1220 2008 παραμυθίαν
1280 1944 1379 1984 τῶν
1434 1935 1701 2005 μαθητῶν,
1736 1926 1892 2001 δέχο-

302 2046 389 2097 μαι
421 2028 630 2084 τούτους
685 2029 775 2075 καὶ
832 2022 1143 2095 ἀσπάζομαι
1174 2040 1186 2053 ·
1247 2028 1332 2074 ναὶ
1368 2026 1469 2093 μὴν
1500 2020 1629 2073 ἁλλά
1657 2026 1746 2072 καὶ
1776 2024 1891 2079 τούς

304 2116 523 2175 εἰπόντας
580 2114 824 2188 εἰρῆσθαι
860 2122 1015 2164 τούτο
1062 2115 1206 2183 παρὰ
1251 2119 1344 2162 τού
1392 2115 1586 2181 Κυρίου
1633 2109 1891 2181 οἰκονομι-

301 2212 411 2268 κῶς,
458 2207 576 2260 ἤτοι
632 2204 765 2253 κατὰ
814 2205 873 2254 τὸ
924 2200 1262 2273 ἀνθρώπινον,
1320 2196 1566 2256 δηλονότι
1616 2201 1748 2249 κατὰ
1798 2202 1891 2255 τὴν

301 2291 344 2343 ἓν
382 2292 517 2362 αύτῷ
568 2298 785 2365 Χριστῷ
822 2292 1061 2347 παθητὴν
1109 2294 1197 2342 καὶ
1224 2294 1445 2347 κτιστην
1477 2291 1653 2360 φύσιν,
1685 2287 1803 2339 καθ’
1832 2287 1891 2344 ἣν

300 2388 380 2433 καὶ
410 2382 676 2433 πέπονθεν.

364 2470 421 2527 θ’.
490 2470 548 2522 Ὀ
606 2466 1092 2543 Ἀρκαδιουπόλεως
1146 2470 1281 2522 εἶπεν
1338 2490 1351 2502 ο
1407 2468 1588 2529 Ὀπως
1640 2468 1729 2539 μὶν
1785 2466 1893 2519 ιῖπε

298 2564 368 2627 τό,
428 2559 486 2612 Ὀ
548 2565 727 2633 Πατήρ
795 2578 899 2631 μου
956 2560 1145 2629 μείζων
1207 2561 1305 2630 μού
1375 2556 1538 2617 ἐστιν,
1598 2559 1625 2608 ό
1705 2558 1891 2628 Κύριος

299 2654 379 2700 καὶ
420 2654 544 2709 Θεός
590 2650 739 2720 ἡμῶν
788 2649 997 2709 Ἰησοῦς
1042 2653 1291 2719 χριστός,
1343 2646 1533 2708 ἐκεῖνος
1568 2642 1708 2698 οἶδεν
1739 2644 1895 2703 αὐτός

300 2740 323 2790 ὁ
360 2746 622 2809 γινώσκων
674 2743 765 2791 καὶ
810 2746 917 2798 πῶς
956 2736 1322 2808 ἕνηνθρωπησε
1365 2758 1377 2769 ο
1420 2737 1649 2787 καθόσον
1695 2730 1754 2785 δε
1805 2736 1895 2784 καὶ

300 2837 389 2879 τῶν
461 2831 809 2880 θεοπνεύστων
884 2826 1045 2898 ἁγίων
1126 2831 1360 2900 Πατάρων
1450 2826 1655 2896 ἑκάστῳ
1732 2825 1897 2896 χάρις

1716 2914 1895 2987 ἡρμή-

574 3012 668 3058 καὶ
729 3005 847 3058 καθ’
911 3007 1066 3067 ὅσους
1127 3004 1188 3056 ἃν
1240 3009 1467 3079 τρόπους
1533 3006 1893 3077 ἡρμήνευσαν,

301 3092 474 3147 ούδένα
544 3099 742 3147 τούτων
814 3095 929 3146 κατ’
986 3090 1176 3147 ούδίνα
1240 3094 1391 3165 λόγον
1455 3092 1814 3164 ἀποϐάλλομαι
1880 3108 1892 3121 ⁸

302 2916 607 2991 ἐπιμετρὴθη
667 2918 882 2982 ἀνωθεν,
941 2920 999 2968 τὸ
1072 2918 1230 2990 ῥητόν
1304 2918 1615 2986 θεοκινήτῳς

300 3025 434 3059 νενσε
486 3024 500 3037 ⁸

2002 1938 2250 2008 Insuper
2288 1942 2343 1993 et
2391 1954 2494 1993 eos
2543 1936 2648 2009 qui
2697 1940 2966 2001 censent,
2997 1936 3227 1991 dictum
3256 1934 3319 1990 id
3349 1950 3386 1990 a
3425 1932 3656 1990 Christo

2000 2026 2181 2081 fuisse
2213 2026 2602 2097 reconomice,
2630 2026 2692 2082 id
2721 2030 2827 2089 est,
2862 2025 3232 2094 humanitus,
3262 2028 3326 2080 ut
3357 2022 3657 2093 signiﬁca-

1999 2122 2086 2171 ret
2117 2116 2463 2187 passibilem
2493 2122 2877 2189 creatamque
2902 2122 3186 2174 naturam
3216 2129 3413 2181 suam,
3444 2114 3660 2185 inqua

2000 2220 2211 2278 reapse
2238 2222 2455 2280 passus
2479 2211 2584 2263 est.

2074 2484 2126 2533 9.
2159 2475 2719 2549 Arcadiopolitanus
2750 2476 2833 2533 ait
2860 2492 2873 2531 :
2908 2479 3185 2542 Quonam
3217 2490 3400 2531 sensu
3423 2472 3657 2547 dixerit,

2002 2572 2189 2625 Pater
2216 2581 2378 2623 meus
2400 2569 2598 2637 major
2625 2582 2717 2623 me
2736 2572 2841 2635 est,
2873 2566 3162 2622 Dominus
3186 2568 3244 2621 et
3272 2567 3426 2621 Deus
3455 2569 3662 2621 noster

2000 2663 2168 2716 Jesus
2219 2657 2511 2723 Christus,
2582 2658 2709 2729 ipse
2765 2657 2893 2726 scit,
2951 2656 3057 2729 qui
3111 2656 3293 2713 etiam
3344 2655 3661 2728 quomodo

2003 2748 2194 2804 factus
2225 2748 2298 2802 sit
2324 2747 2721 2815 homo,novit.
2759 2746 2957 2802 Sancti
2997 2750 3199 2800 autem
3230 2746 3457 2813 Patres,
3480 2746 3664 2816 prout

2003 2837 2327 2907 unicuique
2350 2834 2540 2905 gratia
2570 2850 2826 2907 superne
2851 2833 2995 2889 data
3027 2832 3155 2902 fuit,
3178 2835 3263 2888 ita
3286 2833 3402 2889 hoc
3432 2832 3663 2888 dictum

2004 2925 2372 2997 interpretati
2425 2928 2564 2980 sunt
2612 2940 2625 2977 :
2674 2939 2937 2996 quarum
2994 2939 3138 2994 ergo
3187 2921 3662 2995 explicationum

2004 3014 2230 3071 nullam
2290 3012 2564 3069 excludo.
2634 3014 3059 3069 Verumtamen
3114 3011 3387 3085 plerique
3445 3025 3661 3067 omnes

2006 3106 2185 3161 etiam
2210 3102 2548 3159 secundum
2578 3102 3020 3159 humanitatem
3052 3102 3139 3157 sic
3163 3102 3432 3159 locutum
3462 3100 3663 3158 Domi-

301 3184 414 3236 me:
449 3187 636 3245 πάντες
685 3180 885 3255 σχεδόν
940 3189 1029 3236 καὶ
1086 3186 1224 3235 κατὰ
1274 3188 1332 3234 τό
1374 3182 1695 3255 ἀνθρώπινόν
1735 3181 1895 3233 αὑτοῦ
1926 3219 1966 3275 C
2005 3211 2070 3250 nt

1926 3219 1966 3275 ο
2005 3211 2151 3250 num
2175 3192 2652 3262 afﬁrmavarunt,
2672 3208 2859 3264 quam
2879 3196 2936 3248 et
2955 3206 3067 3262 ego
3094 3191 3451 3247 sententiam
3468 3190 3664 3264 probo

299 3274 541 3346 εἰρηκέναι
598 3282 755 3325 τούτο
808 3270 949 3324 εἶπον
996 3275 1082 3324 τόν
1148 3275 1336 3347 Κύριον
1385 3289 1398 3303 ⁸
1444 3276 1534 3323 καὶ
1584 3269 1897 3341 ἀσπάζομαι

295 3369 377 3415 καὶ
421 3372 573 3415 τοῦτο
617 3368 709 3415 καὶ
759 3358 1129 3435 ἀποδέχομαι.
1188 3361 1331 3414 Ἐπεὶ
1388 3357 1447 3413 δί
1505 3358 1681 3433 βλέπω
1743 3358 1897 3410 αὐτόν

297 3454 375 3504 ἕνα
400 3457 485 3504 καὶ
533 3457 624 3504 τόν
670 3451 827 3503 αὑτὸν
870 3455 994 3503 ὄντα
1039 3453 1176 3503 κατὰ
1212 3456 1307 3509 τὴν
1338 3451 1658 3511 ὑπόστασιν,
1700 3445 1799 3500 δύο
1840 3444 1899 3500 δε

295 3546 420 3593 κατὰ
467 3548 563 3600 τήν
614 3541 896 3615 ἑτερότητα
951 3538 999 3592 ἐν
1060 3540 1199 3611 αύτῴ
1250 3536 1349 3592 δύο
1392 3542 1621 3611 φύσεωυ,
1663 3545 1899 3590 κατανοῶ

296 3637 442 3683 είπείν
506 3635 595 3683 τὸν
646 3633 837 3705 Κύριον
894 3630 1110 3702 μείζονα
1152 3629 1314 3681 αὐτοῦ
1370 3648 1456 3681 τον
1507 3632 1715 3700 Πατέρα
1764 3628 1900 3678 κατὰ

294 3726 377 3778 τὴν
430 3719 477 3772 ἐν
533 3720 677 3790 αύτῷ
730 3724 953 3777 κτιστήν
990 3727 1088 3780 τῆς
1129 3722 1323 3791 σαρκὸς
1366 3721 1542 3784 φύσιν,
1571 3718 1687 3769 καθ’
1720 3717 1782 3776 ἣν
1811 3720 1901 3768 καὶ

295 3812 554 3865 πέπονθεν.
637 3808 696 3861 Ὀ
773 3814 972 3883 Παρίου
1022 3809 1157 3862 εἶπεν
1190 3828 1204 3842 ο

294 3910 383 3952 τῶν
458 3897 805 3952 διδασκάλων
869 3907 968 3959 τῆς
1017 3898 1331 3957 Ἐκκλησίας
1383 3897 1752 3971 ἐρμηνεύοντας
1819 3898 1897 3966 τό,

1284 3808 1422 3861 Ἐπεὶ
1469 3809 1697 3882 εὑρίσκω
1756 3808 1901 3867 τινὰς

294 3996 332 4041 Ο
391 3994 565 4062 Πατήρ
623 4008 726 4061 μου
788 3989 981 4060 μείζων
1029 3990 1130 4060 μού
1215 3986 1351 4055 ἐστι,
1417 3990 1553 4039 κατὰ
1616 3982 1903 4060 διαφόρους

294 4084 520 4153 τρόπους,
573 4084 664 4131 ναὶ
722 4083 827 4151 μὴν
877 4083 968 4130 καὶ
1020 4081 1157 4131 κατὰ
1218 4081 1278 4129 τό
1332 4076 1671 4152 ἀνθρώπινον,
1733 4075 1904 4128 ἀσπά-

297 4171 444 4243 ζομαι
498 4171 700 4229 πάντας
748 4183 763 4199 ⁸
829 4168 961 4240 λέγω
1013 4165 1073 4221 δε
1123 4166 1440 4239 ἀνθρώπινον
1497 4172 1592 4225 τὴν
1655 4165 1702 4217 ἐν
1760 4166 1901 4236 αύτῷ

297 4261 454 4333 σάρκα
512 4262 573 4319 ἣν
627 4259 683 4321 ἐξ
738 4260 884 4330 ἡμῶν
948 4257 1320 4333 προσελάϐετο.
1388 4257 1448 4309 ’0
1516 4261 1901 4331 Προικόννησον

295 4350 395 4402 εἶπε
430 4354 518 4421 μὲν
580 4356 827 4421 στοιχεῖν
884 4355 945 4421 τῇ
996 4354 1176 4421 γνώμῃ
1218 4356 1311 4400 τοῦ
1358 4347 1589 4405 Ἀθηνῶν
1646 4367 1658 4380 -
1714 4346 1907 4420 ἀκροα-

298 4442 506 4511 σάμενος
550 4435 614 4492 δε
664 4447 766 4492 τῶν
824 4446 1045 4510 γνωμῶν
1092 4446 1193 4490 τῶν
1222 4437 1529 4509 ἁγιωτάτων
1557 4444 1904 4511 πατριαρχῶν

295 4528 586 4599 μεταϐαλὼν
648 4525 790 4581 εἶπεν
863 4526 1191 4600 ἀφίστασθαι
1244 4530 1333 4599 μεν
1399 4534 1495 4588 τῆς
1552 4532 1761 4598 γνώμης
1813 4531 1905 4577 τοῦ

298 4617 533 4687 Ἀθηνῶν,
597 4624 838 4690 στοιχεῖν
891 4613 951 4670 δι
998 4625 1113 4678 ταῖς
1160 4623 1391 4689 γνώμαις
1449 4624 1548 4669 τῶν
1605 4616 1907 4687 ἁγιωτάτων

296 4718 654 4784 πατριαρχών.
726 4708 786 4761 Ὀ
853 4706 1142 4783 Σηλυϐρίας
1182 4703 1319 4760 εἶπεν
1368 4722 1381 4736 ·
1438 4706 1800 4777 Ἐντυγχάνων
1843 4713 1905 4777 τῇ

296 4798 365 4862 εἰς
411 4806 487 4861 τό,
553 4799 614 4853 ’0
650 4804 837 4873 Πατήρ
892 4818 995 4871 μου
1057 4799 1249 4871 μείζων
1308 4799 1408 4870 μού
1457 4795 1616 4865 ἔστιν,
1668 4796 1915 4870 ἑρμηνείᾳ

301 4897 383 4940 τοῦ
454 4891 606 4962 ἁγίου
698 4887 981 4963 Κυρίλλου,
1053 4892 1144 4940 καὶ
1210 4889 1463 4963 εὑρίσκων
1531 4885 1687 4938 αὐτόν
1761 4893 1913 4938 τοῦτο

305 4978 529 5051 λέγοντα,
576 5002 607 5030 ιι
654 4986 771 5039 Πῶς
819 4996 972 5051 φησι,
1015 4977 1145 5050 Ἐγὼ
1192 4982 1283 5029 καὶ
1322 4978 1347 5029 ό
1380 4981 1561 5052 Πατὴρ
1610 4978 1658 5029 ἓν
1698 4974 1848 5049 ἔσμεν
1897 4997 1913 5049 ;

292 5068 349 5141 τῇ
401 5073 503 5123 άνω
555 5073 660 5147 πρὸ
725 5068 929 5121 αἰώνων
981 5073 1222 5140 γεννήσει
1256 5083 1269 5098 °
1320 5074 1430 5130 πῶς
1494 5066 1549 5133 ὀ
1585 5071 1765 5141 Πατήρ
1816 5086 1917 5139 μου

295 5159 474 5230 μείζων
527 5163 633 5234 μού
689 5158 810 5212 ἐστι
854 5166 965 5230 ςτῇ
1027 5159 1169 5210 κάτω
1235 5157 1293 5210 ἐκ
1346 5159 1609 5232 Παρθένου
1660 5161 1917 5228 γεννήσει,

299 5261 489 5323 στοιχῶ
536 5260 602 5325 τῇ
658 5257 759 5303 τοῦ
791 5248 951 5321 ἁγίου
985 5244 1321 5321 διδασκαλίᾳ
1347 5264 1360 5278 ⁸
1409 5244 1803 5320 ἀποδεχόμενος
1833 5267 1922 5319 καὶ

296 5340 381 5399 τὰς
421 5348 518 5392 τῶν
581 5340 778 5415 ἑτέρων
835 5338 1001 5410 ἁγίων
1061 5340 1232 5411 φωνάς
1290 5352 1303 5366 ⁶
1375 5340 1440 5398 ὡς
1502 5334 1556 5388 ἐκ
1618 5344 1710 5389 τού
1762 5336 1922 5390 αὐτοῦ

297 5432 379 5481 καὶ
422 5428 527 5493 ἐνὸς
582 5432 889 5503 πνεύματος
952 5428 1340 5503 ἐκφωνηθιίσας

300 5523 382 5570 καὶ
430 5524 570 5573 κατὰ
621 5523 685 5573 τὸ
749 5518 799 5572 ἄν
854 5515 928 5592 τῷ
975 5516 1194 5594 Χριστῷ
1238 5517 1577 5597 ἀνθρώπινον,
1620 5521 1782 5590 ἤγουν
1830 5521 1926 5575 τὴν

1375 5340 1440 5398 ὡς

1396 5444 1409 5456 ·
1456 5436 1582 5481 νοῶν
1639 5426 1692 5491 ἐξ
1745 5426 1921 5479 αὐτῶν

379 5662 420 5701 ¹³
439 5664 620 5726 Joan.
655 5678 770 5736 xx,
801 5663 892 5724 30.

2004 3284 2370 3356 recipioque.
2419 3282 2719 3347 Quoniam
2760 3297 2903 3338 vero
2939 3280 3117 3337 video
3183 3281 3481 3336 Christum
3532 3295 3664 3337 esse

2006 3390 2195 3428 unum
2246 3371 2583 3428 secundum
2622 3385 2971 3443 personam,
3004 3370 3310 3442 duplicem
3335 3374 3667 3435 autem'se-

2007 3462 2271 3518 sundum
2316 3461 2577 3516 duarum
2629 3460 2691 3515 in
2734 3475 2804 3516 eo
2845 3463 3201 3515 naturarum
3230 3458 3661 3527 diversitatem,

2006 3551 2284 3607 existimo
2314 3549 2540 3605 dictum
2583 3565 2621 3606 a
2649 3548 2906 3605 Domino
2956 3551 3210 3607 Patrem
3252 3550 3543 3619 majorem
3570 3563 3667 3605 se-

2007 3640 2277 3697 cundum
2316 3643 2581 3695 creatam
2628 3654 2803 3695 suam
2859 3642 3161 3706 naturam,
3210 3638 3273 3694 in
3314 3654 3439 3711 qua.
3484 3638 3666 3694 etiam

2007 3748 2229 3804 passus
2258 3734 2368 3785 est.
2402 3729 2613 3784 Parius
2641 3728 2790 3784 dixit
2813 3729 2993 3794 :Quia
3014 3728 3320 3800 comperio
3337 3727 3665 3784 nonnullos

2011 3820 2282 3876 Ecclesiae
2315 3818 2590 3875 doctores
2620 3818 3038 3889 interpretatos
3059 3832 3191 3873 esse
3221 3816 3403 3874 verba
3434 3834 3448 3872 :
3481 3817 3670 3873 Pater

2009 3926 2171 3966 meus
2210 3911 2409 3979 major
2454 3924 2548 3965 me
2584 3913 2670 3965 est
2713 3908 2830 3963 alio
2878 3907 3028 3964 alios
3076 3907 3285 3978 modo,
3330 3910 3389 3963 et
3415 3906 3667 3979 quidem

2009 4000 2189 4056 etiam
2220 3998 2555 4054 secundum
2584 3998 3045 4067 humanitatem,
3078 4012 3190 4068 ego
3230 4012 3442 4053 omnes
3484 3994 3669 4052 laudo

2012 4090 2363 4147 sententias:
2397 4087 2534 4145 dico
2550 4092 2751 4145 autem
2771 4087 3236 4156 humanitatem,
3269 4101 3514 4143 carnem
3536 4085 3669 4157 ejus

2011 4197 2198 4254 quam
2230 4195 2302 4234 ex
2327 4177 2503 4234 nobis
2534 4176 2759 4233 ascivit.
2794 4176 3245 4232 Praeconnesius
3274 4175 3509 4232 dixerat
3538 4189 3670 4231 sec-

2012 4271 2123 4327 tari
2164 4286 2227 4325 se
2270 4267 2645 4324 Atheniensis
2703 4266 3061 4322 sententiam
3106 4272 3117 4315 ξ
3178 4281 3388 4322 verum
3448 4264 3670 4322 auditis

2012 4359 2528 4417 sanctissimorum
2547 4356 3021 4429 patriarcharum
3034 4354 3299 4426 judiciis,
3313 4354 3673 4427 resipiscens

2015 4451 2097 4507 ait
2121 4447 2399 4505 recedere
2430 4463 2492 4503 se
2534 4446 2612 4502 ab
2642 4444 3006 4511 Atheniensi,
3034 4444 3205 4517 sequi
3228 4460 3373 4501 vero
3414 4444 3672 4500 sanctis-

1937 4580 1981 4634 Β
2014 4540 2200 4596 simos
2228 4535 2620 4610 patriarchas.
2656 4534 3050 4634 Selybriensis
3081 4534 3225 4634 dixit
3251 4552 3264 4589 :
3289 4536 3437 4590 Cum
3458 4533 3677 4634 verbo-

2016 4646 2153 4687 rum
2199 4630 2387 4685 Pater
2432 4642 2594 4683 meus
2632 4628 2833 4696 major
2882 4642 2974 4683 me
3011 4631 3093 4682 est
3126 4624 3678 4697 interpretationem

2018 4720 2269 4790 legerim
2347 4718 2540 4774 sancti
2597 4716 2817 4789 Cyrilli,
2888 4716 3407 4788 compererimque
3472 4715 3677 4788 ipsum

2022 4811 2318 4866 dicentem
2356 4826 2369 4863 :
2403 4808 2719 4875 Quomodo
2752 4808 2851 4863 ait.
2893 4809 3024 4879 Ego
3052 4814 3107 4865 et
3146 4809 3331 4864 Pater
3364 4822 3553 4862 unum
3583 4822 3678 4861 su-

2024 4903 2246 4958 mus“?
2274 4899 2551 4956 videlicet
2577 4898 2911 4957 secundum
2942 4904 3228 4955 aeternam
3266 4897 3671 4954 nativitatem.

2027 4991 2345 5059 Quomodo
2376 4991 2479 5048 ait.
2518 4989 2699 5047 Pater
2727 5005 2889 5047 meus
2926 4993 3123 5060 major
3160 5004 3251 5045 me
3281 4994 3366 5046 est
3390 4989 3418 5045 ‘I
3463 4987 3686 5044 scilicet

2028 5081 2363 5139 secundum
2392 5086 2732 5137 terrestrem
2763 5096 2835 5137 ex
2866 5080 3099 5153 Virgine
3130 5079 3505 5135 nativitatem
3547 5096 3560 5135 :
3593 5094 3682 5135 se-

2028 5188 2184 5247 quor
2208 5171 2398 5228 sancti
2427 5172 2537 5227 viri
2566 5170 2902 5227 doctrinam
2935 5186 2948 5237 ;
2986 5171 3069 5226 ita
3098 5174 3303 5225 tamen
3342 5172 3410 5225 ut
3449 5172 3689 5225 caetero-

2029 5279 2165 5319 rum
2194 5261 2524 5317 locutiones
2555 5260 2829 5334 probem,
2868 5265 3159 5333 tanquam
3188 5276 3261 5315 ex
3295 5258 3510 5315 eodem
3542 5272 3690 5315 uno-

2032 5368 2147 5428 que
2179 5352 2387 5424 spiritu
2427 5351 2724 5424 profectas
2758 5370 2771 5420 ;
2822 5367 2895 5407 ex
2948 5350 3040 5406 his
3080 5364 3471 5422 cognoscens,
3505 5348 3688 5404 etiam

2035 5442 2368 5499 secundum
2413 5441 2873 5509 humanitatem,
2914 5440 2977 5495 id
3025 5444 3113 5495 est
3163 5442 3427 5495 creatam
3472 5436 3691 5494 Christi

2036 5537 2337 5595 naturam,
2366 5531 2427 5587 in
2452 5547 2574 5604 qua
2604 5534 2659 5589 et
2689 5546 2905 5604 passus
2950 5546 3061 5603 pro
3108 5528 3282 5585 nobis
3312 5532 3424 5598 est,
3460 5526 3691 5587 dictum
