4480 6430
754 362 858 419 247

2089 363 2373 425 NlCET/E
2412 366 2784 429 CHONIATE

4014 374 4120 434 2&8

754 484 937 552 fuisse
965 485 1144 542 Pater
1166 500 1329 542 meus
1370 487 1574 558 major
1613 503 1703 547 me
1745 495 1848 547 est.
1892 491 2202 549 Dercensis
2234 493 2401 563 dixit,
2440 500 2486 551 A
2519 518 2523 543 ι

2349 494 2401 563 lt,
2440 500 2486 551 Α
2519 492 2567 546 ἐν
2617 496 2757 567 αὐτῷ
2788 502 3008 556 κτίστην
3036 498 3214 570 φύσιν,
3254 495 3374 550 καθ’
3402 500 3465 555 ἦν
3493 502 3583 551 καὶ
3612 499 3831 552 πέπονθε
3869 494 3943 552 δι’
3963 501 4118 573 ἡμᾶς,

753 576 838 631 ire
895 591 956 630 se
1004 574 1260 646 pedibus
1295 575 1354 630 in
1396 579 1751 634 sententiam
1783 581 2099 637 Cretensis.
2131 582 2410 639 Similiter

754 664 934 720 etiam
966 663 1376 719 Anehialensis
1407 664 1552 721 dixit
1584 683 1644 721 se
1672 684 1917 739 prorsus
1949 686 2086 725 cum
2119 672 2409 741 suffragio

754 753 1044 807 Cretensis
1062 753 1427 823 conspirare.

832 935 913 999 t0,
944 930 1498 987 Reverendissimus
1529 937 1585 988 et
1614 950 1873 1004 magnus
1902 953 2256 993 (economus
2288 937 2405 992 ait:

750 1019 924 1077 Multa
949 1019 1195 1091 quidem
1218 1020 1414 1076 dicere
1446 1021 1755 1091 haberem,
1784 1026 2185 1096 quamobrem
2210 1026 2407 1081 existi-

750 1123 912 1164 mem
942 1108 1170 1163 dictum
1194 1124 1229 1164 a
1259 1109 1512 1165 Domino
1546 1114 1777 1167 Patrem
1806 1115 2097 1184 majorem
2125 1115 2204 1170 ob
2235 1131 2408 1169 suam

751 1199 931 1255 etiam
982 1198 1464 1267 humanitatem;
1517 1207 1830 1257 contentus
1875 1210 2073 1259 tamen
2125 1221 2227 1259 ero
2267 1220 2409 1276 apo-

754 1286 965 1342 stolico
988 1286 1295 1342 brevitatis
1318 1304 1503 1343 causa
1533 1289 1713 1346 ei'fato
1741 1308 1815 1347 ex
1858 1309 1977 1348 uno
2013 1309 2230 1359 omnes,
2284 1302 2409 1348 tum

749 1378 857 1449 qui
896 1377 1257 1443 sanctiﬁcat,
1282 1382 1406 1430 tum
1446 1380 1845 1447 sanctz’ﬁcalz’;
1884 1386 2061 1454 utque
2093 1382 2206 1437 hac
2248 1382 2410 1436 verbi

750 1480 872 1520 uno
904 1464 1415 1535 interpretatione,
1455 1466 1621 1537 quod
1661 1484 1879 1541 nempe
1911 1471 2252 1526 communis
2282 1486 2409 1527 om-

748 1555 919 1609 nium
963 1556 1131 1608 Pater
1168 1558 1257 1608 est
1300 1556 1475 1618 Deus,
1520 1560 1584 1610 ut
1614 1556 1799 1613 laetor
1830 1563 2011 1631 atque
2042 1565 2274 1615 creator
2308 1577 2320 1626 ;
2355 1564 2414 1614 et

749 1643 998 1715 quidem
1031 1642 1209 1697 etiam
1248 1642 1436 1713 ipsius
1481 1644 1708 1716 Christi,
1743 1653 2043 1718 quatenus
2074 1649 2257 1703 homo
2302 1653 2407 1702 est.

749 1731 1018 1803 Nihilque
1066 1730 1391 1796 absonum,
1438 1733 1485 1787 si
1529 1735 1862 1791 secundum
1918 1737 2077 1792 haue
2116 1738 2411 1793 rationem

753 1821 1055 1891 majorem
1088 1823 1319 1874 Patrem
1351 1837 1412 1874 se
1449 1821 1695 1879 homine
1727 1826 1892 1881 dixit.
1922 1829 2171 1895 Magnus
2205 1830 2412 1883 Scero-
2451 1855 2487 1907 Β

750 1909 981 1983 phylax
1004 1908 1487 1980 dixitziNondum
1514 1912 1575 1967 in
1599 1916 1885 1985 apostolis
1908 1916 2088 1988 plena
2119 1917 2335 1989 tirmaq
2347 1934 2415 1972 ue

752 2004 880 2054 erat
907 1999 983 2053 de
1018 2000 1323 2053 Servatore
1369 1998 1520 2055 ﬁdes
1564 2018 1575 2065 ;
1627 2009 2067 2077 proptereaque
2120 2007 2416 2075 majorem

751 2104 961 2144 curam
995 2086 1346 2159 postulabat
1370 2088 1588 2145 horum
1619 2092 1958 2161 infirmitas,
1989 2112 2173 2166 quam
2198 2095 2418 2150 divime

750 2178 956 2249 gloria:
986 2176 1543 2251 magnitudinisque
1571 2181 2019 2239 demonstratio.
2057 2188 2249 2250 Quare
2281 2202 2418 2241 cum

748 2269 973 2325 Judaeis
1008 2282 1216 2339 parem
1252 2277 1369 2329 Deo
1399 2287 1458 2325 se
1486 2270 1678 2327 facere
1724 2274 1892 2328 visus
1925 2280 2032 2339 est,
2062 2275 2291 2347 lapides
2321 2276 2421 2331 ad‘

749 2375 960 2415 versus
997 2378 1135 2419 eum
1180 2364 1565 2420 sustulerunt.
1618 2363 1799 2435 Igitur
1844 2370 1907 2419 ut
1936 2367 2249 2435 paritatem
2282 2383 2419 2421 cum

754 2451 874 2505 Deo
908 2450 1309 2520 subtraheret,
1355 2452 1682 2509 exilitatem
1734 2470 1908 2509 suam
1962 2455 2419 2510 demissionemr

751 2554 871 2609 que
918 2546 974 2594 et
1016 2541 1419 2599 humilitatem
1469 2547 1674 2613 aperte
1730 2558 2026 2606 asserens,
2079 2544 2423 2600 humanita-

753 2627 949 2700 tisque
981 2630 1301 2688 modulum
1349 2648 1471 2687 non
1510 2631 1858 2701 indignans,
1897 2638 2421 2705 congruentesque

753 2719 1161 2775 extenuationi
1191 2720 1523 2776 locutiones
1554 2736 1675 2776 non
1699 2720 2049 2792 repudians,
2075 2727 2420 2794 opportuno

754 2809 1025 2878 tempore
1050 2810 1343 2882 majorem
1362 2814 1593 2866 Patrem
1616 2810 1956 2882 appellavit,
1977 2816 2276 2883 quatenus
2292 2811 2422 2883 ipse

757 2896 915 2950 servi
952 2896 1213 2955 formam
1237 2902 1829 2971 acceperat.Magnus
1857 2899 2205 2955 saecllarius
2232 2900 2382 2955 dixit
2406 2916 2418 2954 :

758 2984 1138 3054 Unigenitum
1155 2987 1413 3043 Verbum
1440 2988 1538 3043 Dei
1565 2993 1620 3042 et
1648 2988 1857 3053 Patris,
1878 3004 2130 3060 prosper
2154 2994 2423 3044 nostram

756 3072 1013 3129 salutem
1077 3076 1479 3141 exinanitum,
1556 3081 1739 3148 atque
1802 3076 1881 3132 ad
1941 3076 2423 3132 incarnationem

755 3180 951 3236 usque
971 3165 1327 3234 demissum,
1356 3164 1437 3220 ait
1455 3164 1518 3220 in
1542 3164 1899 3236 Evangeliis,
1924 3166 2105 3221 Pater
2120 3180 2280 3221 meus
2301 3180 2423 3222 ma-

747 3258 855 3328 jor
878 3273 971 3315 me
994 3262 1102 3321 est,
1130 3254 1407 3309 videlicet
1435 3253 1616 3310 etiam
1643 3260 1891 3326 propter
1922 3255 2423 3323 incarnationem,

758 3363 828 3403 ac
876 3352 1158 3403 naturam
1224 3344 1564 3399 humanam
1611 3360 1799 3414 quam
1842 3344 2121 3399 comitem
2160 3344 2425 3400 habebat

756 3435 1113 3509 passibilem
1165 3436 1577 3505 creatamque,
1633 3449 1771 3505 quae
1830 3449 2044 3505 reapse
2096 3449 2279 3505 passa
2317 3438 2423 3504 est.

758 3522 1209 3596 Chartophylax
1246 3520 1397 3576 dixit
1438 3537 1451 3576 :
1511 3521 1811 3587 Quoniam
1868 3522 2214 3591 unigenitus
2248 3522 2427 3577 Filius

758 3616 882 3672 Dei.
929 3615 1080 3671 Patri
1130 3612 1669 3669 consubstantialis
1700 3613 2051 3685 honoreque
2078 3629 2205 3686 par,
2240 3613 2429 3685 perfe—

757 3712 887 3763 ctus
908 3709 1078 3771 Deus,
1096 3705 1281 3760 homo
1303 3718 1548 3775 quoque
1569 3704 1868 3775 perfectus
1889 3708 2134 3775 propter
2152 3708 2423 3758 nostram

754 3795 1011 3852 salutem
1065 3795 1258 3851 iactus
1320 3800 1425 3867 est,
1463 3810 1633 3866 aeque
1680 3810 1748 3849 ac
1792 3809 1900 3849 nos
1955 3793 2150 3849 carnis
2182 3793 2423 3862 sangui—

753 3886 971 3958 nisque
1004 3888 1394 3961 participans,
1447 3886 1672 3941 idcirco
1720 3884 2017 3954 majorem
2052 3886 2283 3937 Patrem
2316 3898 2424 3954 ap-

752 3978 1023 4051 pellavit,
1048 3978 1228 4034 etiam
1253 3976 1588 4033 secundum
1623 3979 1884 4029 creatam
1910 3978 2192 4029 naturam
2224 3988 2419 4039 suam,

751 4067 815 4123 in
844 4082 971 4140 qua
1000 4071 1057 4122 et
1087 4082 1309 4138 passus
1336 4071 1450 4122 est.
1480 4062 1837 4120 Canstrisius
1863 4061 2011 4117 dixit
2058 4078 2071 4116 :
2121 4064 2239 4131 Ego
2268 4078 2419 4133 quo-

750 4171 871 4228 que
901 4156 1043 4221 scio,
1082 4155 1233 4210 inter
1262 4153 1597 4224 exegetieas
1640 4155 1987 4207 sanctorum
2040 4151 2283 4206 Patrum
2326 4166 2422 4205 ex-

750 4245 1103 4319 plicationes
1123 4244 1283 4301 cliuli
1302 4244 1505 4315 hujus,
1522 4240 1846 4298 nonnullos
1864 4239 2420 4301 afﬁrmare,dictum

748 4336 812 4393 id
866 4334 1054 4391 fuisse
1099 4335 1280 4391 etiam
1338 4333 1413 4388 de
1479 4330 1855 4387 humanitate
1918 4347 1929 4381 :
1981 4329 2419 4385 humanitatem

749 4428 953 4484 autem
981 4424 1250 4494 intelligo
1284 4427 1585 4495 quatenus
1643 4422 1826 4475 homo
1879 4418 2073 4474 factus
2120 4424 2227 4474 est.
2294 4422 2419 4473 lmo

748 4515 930 4572 etiam
978 4514 1208 4570 dictum
1260 4511 1527 4581 intelligo
1582 4508 1915 4566 secundum
1959 4507 2418 4563 substantialem

746 4604 1190 4678 physicamque
1233 4602 1526 4658 rationem
1593 4598 1991 4656 humanitatis
2020 4615 2155 4670 quea
2184 4597 2245 4652 in
2284 4598 2417 4671 ipso

746 4700 857 4759 est,
888 4695 1062 4765 cujus
1081 4697 1345 4749 creatam
1364 4690 1765 4747 substantiam
1789 4689 2160 4761 hypostalice
2191 4689 2419 4745 increa~

746 4789 820 4842 tua
854 4784 1204 4839 substantia:
1247 4782 1477 4838 unitam
1516 4786 1571 4837 et
1614 4780 1958 4835 deiﬁcatam
2003 4777 2082 4834 ob
2110 4795 2412 4836 summam

743 4874 1253 4945 conjunctionem,
1289 4888 1409 4927 non
1440 4870 1754 4927 inconfuse
1789 4868 1985 4925 solum
2014 4874 2070 4924 et
2098 4868 2412 4925 inconver-

2520 584 2763 655 ἱερῆσθαι
2829 590 2885 639 τὸ
2942 586 2999 638 Ὀ
3059 591 3239 661 Πατὴρ
3281 606 3381 659 μου
3434 588 3627 659 μείζων
3691 590 3791 660 μού
3846 587 4005 655 ἐστιν,
4062 590 4121 641 ’0

2519 680 2705 745 Δερκου
2736 673 2870 728 εἶπεν
2902 677 3121 728 ἔπεσθαι
3147 683 3208 747 τῇ
3237 682 3414 747 γνώμη
3442 683 3535 727 τοῦ
3577 681 3786 750 Κρήτης
3815 675 3864 728 ἐν
3900 683 4117 731 ἅπασιν·

2518 763 2705 833 ὁμοίως
2735 760 2793 815 δὲ
2821 768 2910 815 καί
2948 765 2973 815 ό
3012 762 3298 835 Ἀγχιάλου
3326 762 3434 816 εἶπε
3470 772 3532 837 τῇ
3576 772 3666 816 τοῦ
3700 769 3910 839 Κρήτης
3937 772 4118 839 γνώμῃ

2519 849 2567 902 ἐν
2597 858 2733 903 πᾶσι
2776 860 3027 923 στοιχεῖν.

2591 939 2639 1009 ι’,
2704 938 2761 992 Ὀ
2830 941 3112 1013 ὐπέρτιμος
3178 945 3267 992 καὶ
3360 945 3521 1012 μέγας
3613 941 3877 1015 οἰκονόμος
3950 944 4112 996 εἶπιν⁹

2518 1030 2681 1099 Εἶχον
2738 1032 2828 1100 μὲν
2898 1028 3062 1081 πολλά
3136 1029 3292 1082 εἰπεῖν
3354 1031 3489 1089 ὅπως
3544 1037 3643 1081 νοῶ
3710 1030 3966 1104 εἰρηκέναι
4034 1035 4122 1084 τόν

2522 1119 2709 1191 Κύριον
2767 1118 2984 1189 μείζονα
3040 1121 3127 1169 τόν
3179 1122 3386 1191 Πατέρα
3441 1120 3705 1170 καὶκατὰ
3742 1122 3800 1171 τό
3862 1118 4123 1192 ιῖινθροὶνιιί⁸

2517 1225 2600 1257 νον
2634 1227 2646 1239 ·
2678 1204 2940 1281 ἀρκοῦμαι
2979 1203 3038 1259 δὲ
3077 1215 3149 1277 τῷ
3200 1205 3528 1276 ἀποστολικῷ
3587 1208 3730 1281 ῥητῷ
3779 1203 3871 1261 διὰ
3914 1207 4126 1281 βραχυ-

2518 1293 2693 1366 λογίαν
2754 1304 2826 1365 τῷ
2889 1296 3050 1355 οὕτως
3099 1293 3319 1365 λέγοντι,
3383 1298 3449 1354 ὡς
3516 1295 3602 1357 Ἐξ
3666 1294 3771 1356 ἑνὸς
3834 1298 4035 1367 πάντες,
4099 1296 4126 1349 ὃ

2518 1402 2572 1435 τε
2623 1383 2852 1454 ἁγιάζων
2903 1389 2993 1435 καὶ
3032 1386 3081 1435 οἱ
3122 1383 3460 1455 ἁγιαζόμενοι
3502 1404 3515 1417 ’
3558 1388 3648 1436 καὶ
3692 1392 3764 1455 τῷ
3821 1384 4127 1459 ἑρμηνεύον-

2519 1492 2571 1524 τι
2628 1476 2685 1523 τὸ
2754 1472 2806 1534 ἐξ
2859 1471 2987 1536 ἐνὸς,
3045 1474 3126 1524 ὃτι
3182 1477 3348 1533 κοινὸς
3413 1473 3619 1525 πάντων
3666 1477 3837 1547 πατὴρ
3903 1472 4044 1526 ἐστιν
4101 1475 4128 1525 ό

2522 1564 2673 1627 Θεὸς,
2724 1565 2793 1623 ὡς
2853 1567 3073 1623 κτίστης
3131 1566 3220 1614 καὶ
3270 1558 3618 1635 δημιουργὸς,
3689 1567 3777 1614 xui
3833 1562 3994 1615 αὐτοῦ
4056 1559 4125 1621 δὴ

2522 1658 2613 1701 τοῦ
2664 1657 2899 1723 Χριστοῦ
2943 1647 3037 1701 διὰ
3086 1654 3145 1701 τό
3185 1648 3503 1723 ἀνθρώπινον
3565 1650 3745 1703 αὐτοῦ.
3809 1656 3910 1704 Καὶ
3975 1648 4129 1704 οὐδὲν

2527 1738 2737 1799 unum;
2789 1738 3007 1791 εἰκατά
3059 1742 3146 1791 τὸν
3192 1739 3342 1811 λόγον
3391 1747 3571 1791 τοῦτον
3622 1740 3838 1811 μείζονα
3874 1744 3960 1792 τὸν
4019 1747 4129 1793 [Ια-

2526 1832 2649 1902 τέρα
2688 1832 2862 1900 εἴρηκε
2914 1832 3005 1879 xui
3054 1830 3118 1888 ὡς
3172 1830 3462 1902 ἄνθρωπος.
3490 1827 3551 1879 Ὀ
3597 1833 3757 1900 μέγας
3810 1829 4133 1901 σκευοφύλαξ

2528 1918 2662 1968 εἶπεν
2705 1932 2717 1944 ’
2762 1920 2921 1969 Οὔπω
2978 1918 3042 1967 τά
3117 1924 3214 1977 τῆς
3278 1917 3633 1992 πληροφορίας
3700 1926 3791 1979 τῆς
3854 1922 3973 1993 περὶ
4038 1927 4131 1971 τοῦ

2529 2013 2765 2078 Σωτῆρος
2815 2013 2918 2065 τοῖς
2968 2004 3273 2067 ἀποστόλοις
3331 2003 3391 2064 ἦν
3455 2004 3647 2078 βέϐαια
3679 2024 3692 2037 ·
3734 2012 3824 2059 καὶ
3856 2004 3950 2059 διὰ
3978 2015 4131 2061 τοῦτο

2530 2092 2759 2153 πλείονος
2821 2092 3098 2169 φροντίδος
3155 2095 3366 2157 ἠξιοῦτο
3420 2097 3449 2152 ἠ
3513 2098 3709 2147 τούτων
3777 2094 4035 2167 ἀσθένεια,
4097 2098 4127 2157 ἦ

2530 2184 2559 2239 ἡ
2620 2191 2713 2243 τῆς
2770 2185 2913 2242 θείας
2985 2181 3146 2246 δόξης
3219 2189 3307 2235 xui
3387 2183 3786 2256 μεγαλειότητος
3847 2180 4130 2247 ἀνάδειξις.

2528 2272 2651 2325 ’Ὅτε
2716 2280 2837 2343 γοῦν
2882 2274 3079 2325 ἰσόθεόν
3133 2274 3288 2324 αὐτὸν
3350 2276 3399 2324 οὶ
3432 2270 3684 2326 Ἰουδαῖοι
3725 2274 3849 2335 ὅλως
3892 2272 4133 2344 ἐνόμισαν

2529 2360 2789 2431 λέγεσθαι,
2847 2361 3020 2421 λίθους
3078 2362 3207 2435 ἦραν
3261 2359 3339 2413 ἐπ’
3378 2361 3532 2413 αὐτόν
3565 2383 3577 2395 ι
3625 2358 3711 2413 διὸ
3761 2365 3818 2413 τό
3864 2360 4135 2432 ἀνθρωπό-

2530 2469 2685 2510 τητος
2728 2450 2821 2502 οὐκ
2869 2450 3138 2523 ἀτιμάζων
3185 2454 3392 2525 μέτρον,
3451 2456 3570 2512 τοὺς
3618 2460 3680 2523 τῇ
3733 2456 3945 2503 κενώσει
4008 2455 4135 2523 πρέ-

2530 2557 2721 2600 ποντας
2778 2538 2870 2590 οὐκ
2937 2536 3366 2611 ἀποπεμπόμενος
3412 2538 3616 2610 λόγους,
3660 2540 3706 2591 ἐν
3764 2548 3835 2608 τῷ
3893 2543 4140 2611 πρέποντι

2531 2636 2696 2701 καιρῷ
2739 2629 2954 2699 μείζονα
3011 2630 3120 2679 εἶπε
3167 2632 3253 2679 τόν
3300 2632 3524 2700 Πατέρα,
3585 2628 3675 2680 ἅτε
3716 2632 3919 2702 μορφὴν
3950 2624 4139 2679 δούλου

2531 2714 2717 2769 λαϐὼν.
2778 2715 2834 2767 Ὀ
2893 2721 3058 2787 μέγας
3127 2715 3463 2789 σακελλάριος
3515 2717 3648 2768 εἶπεν
3679 2733 3691 2744 ·
3747 2715 3805 2767 Ὀ
3857 2720 4140 2788 μονογενὴς

2536 2810 2706 2877 Λόγος
2759 2814 2849 2858 τοῦ
2896 2814 3029 2859 Θεοῦ
3079 2813 3168 2858 xui
3218 2810 3420 2877 Πατρός
3478 2811 3567 2858 καὶ
3608 2803 3702 2858 διὰ
3747 2810 3841 2864 τὴν
3888 2808 4139 2880 ἡμετέραν

2535 2900 2799 2967 σωτηρίαν
2853 2898 3085 2955 κενωθεὶς
3142 2900 3231 2946 καὶ
3296 2896 3396 2947 ὑπό
3461 2897 3702 2947 σύνθεσιν
3758 2893 3932 2960 ἐλθὼν,
4002 2891 4139 2947 εἶπεν

2532 2981 2580 3034 ἐν
2640 2983 2993 3055 Εὐαγγελίοις,
3064 2983 3121 3035 Ὀ
3177 2988 3358 3056 Πατήρ
3413 3003 3513 3055 μου
3562 2984 3752 3055 μείζων
3826 2986 3927 3056 μού
4002 2982 4137 3050 ἐστι,

2532 3077 2623 3124 καὶ
2683 3069 2777 3125 διὰ
2832 3077 2926 3131 τὴν
2987 3074 3247 3140 σύνθεσιν,
3299 3076 3459 3144 ἤγουν
3515 3069 3609 3125 διὰ
3670 3076 3728 3124 τό
3789 3076 4007 3146 φορέσαι
4043 3076 4137 3129 τὴν

2534 3161 2863 3235 ἀνθρωπίνην
2921 3164 3077 3233 φύσιν
3138 3166 3233 3220 τὴν
3284 3163 3527 3219 παθητὴν
3588 3166 3677 3213 καὶ
3732 3166 3971 3228 κτίστην,
4023 3164 4140 3222 ητις

2534 3256 2624 3303 καὶ
2681 3252 2946 3304 πέπονθεν.
3015 3250 3073 3302 Ὀ
3140 3250 3483 3326 χαρτοφύλαξ
3538 3257 3692 3303 εἶπεν.
3752 3250 3890 3303 Ἐπιὶ
3956 3252 3983 3302 ό
4044 3268 4140 3323 μο-

2533 3346 2745 3413 νογενής
2799 3344 2917 3402 Υἱός
2966 3347 3056 3392 τοῦ
3108 3348 3241 3393 Θεοῦ
3296 3343 3321 3393 ό
3365 3342 3645 3413 ὁμοούσιος
3708 3349 3780 3411 τῷ
3840 3345 4009 3416 Πατρὶ
4046 3344 4138 3392 καὶ

2536 3432 2804 3503 ὁμοτιμος,
2878 3433 3004 3490 Θιός
3075 3429 3262 3490 τέλειος
3319 3430 3406 3496 ὢν,
3480 3434 3571 3481 καὶ
3625 3430 3895 3504 ἄνθρωπος
3958 3434 4137 3501 γέγονε

2535 3520 2739 3589 τελειος,
2796 3516 2889 3571 διὰ
2942 3524 3033 3577 τὴν
3100 3521 3352 3594 ἡμετέραν
3430 3523 3693 3591 σωτηρίαν
3759 3519 4135 3591 παραπλησίως

2536 3612 2660 3682 ἡμῖν
2725 3614 3009 3681 μετασχὼν
3078 3610 3291 3681 αἳματος
3363 3612 3453 3660 καὶ
3510 3612 3721 3681 σαρκός,
3773 3608 3988 3680 μείζονα
4051 3612 4137 3662 τόν

2537 3704 2743 3775 Πατέρα
2798 3700 2932 3752 εἶπεν
2978 3699 3162 3751 ἑαυτοῦ
3202 3702 3291 3751 καὶ
3337 3700 3469 3750 κατά
3520 3702 3614 3755 τὴν
3654 3696 3702 3749 ἐν
3743 3697 3885 3768 αὐτῷ
3919 3703 4139 3757 κτιστήν

2534 3794 2711 3861 φύσιν,
2769 3790 2885 3842 καθ’
2936 3788 2996 3847 ἣν
3044 3794 3131 3840 καὶ
3181 3790 3450 3843 πέπονθεν.
3505 3796 3548 3840 Ο
3588 3793 3925 3860 κανστρίσιος
3955 3790 4089 3843 εἶπεν
4123 3806 4137 3821 ⁸

2535 3876 2676 3932 Οἶδα
2714 3882 2803 3951 μὲν
2851 3883 2941 3930 καὶ
2992 3877 3146 3939 αὐτὸς
3192 3876 3239 3929 ἐν
3279 3884 3393 3940 ταῖς
3424 3882 3661 3950 περὶτοῦ
3700 3880 3937 3930 τοιούτου
3974 3876 4138 3953 ῥητοῦ

2533 3969 2865 4041 ἐξηγητικαῐς
2922 3970 3309 4041 ὑπαγορεύσεσι
3363 3976 3462 4020 τῶν
3532 3967 3692 4039 ἁγίων
3738 3973 3999 4043 Πατέρων,
4048 3974 4139 4023 καὶ

2532 4063 2601 4122 ὡς
2653 4062 2920 4135 ἄνθρωπον
2983 4059 3241 4131 εἰρηκέναι
3298 4065 3451 4111 τοῦτο
3510 4060 3597 4110 τὸν
3654 4061 3843 4131 Κύριον
3902 4058 4139 4130 λέγοντάς

2530 4170 2673 4212 τινας
2708 4171 2721 4183 θ
2759 4153 2892 4201 οὕτω
2943 4145 3002 4201 δὲ
3038 4157 3137 4201 νοῶ
3197 4152 3276 4215 τό,
3310 4150 3378 4210 ὡς
3428 4148 3719 4221 ἄνθρωπον.
3763 4150 3894 4200 καθὸ
3933 4153 4138 4220 γέγονεν

2529 4241 2795 4313 ἅνθρωπος
2856 4238 2915 4291 οὗ
2968 4242 3069 4311 μὴν
3137 4236 3264 4289 ἀλλὰ
3303 4242 3392 4290 καὶ
3435 4239 3569 4289 κατά
3605 4240 3692 4290 τόν
3745 4234 3982 4296 οὐσιωδη
4049 4244 4140 4293 καὶ

2530 4332 2747 4402 φυσικόν
2807 4325 3047 4386 δηλονότι
3099 4326 3252 4399 λόγον
3312 4335 3404 4387 τῆς
3452 4326 3499 4378 ἐν
3534 4326 3674 4398 αὐτῷ
3724 4326 4136 4403 ἀνθρωπότητος,

2530 4421 2589 4479 ἧς
2651 4422 2708 4470 τό
2768 4422 2977 4471 κτιστόν
3039 4418 3407 4479 ὑποστατικώς
3438 4418 3617 4470 ἑνωθὲν
3664 4425 3735 4488 τῷ
3783 4415 4009 4490 ἀκτίστῳ
4048 4423 4139 4470 xui

2532 4511 2714 4562 θεωθὲν
2780 4508 2833 4571 ἐξ
2889 4510 3049 4583 οἰκρας
3110 4506 3359 4574 ἑνωσεως,
3420 4506 3514 4559 οὐκ
3590 4505 3911 4578 ἀσυγχύτως
3984 4513 4136 4581 μόνον

4039 4604 4139 4671 μιᾷ

2526 4694 2885 4763 προσκυνήσει
2938 4694 3306 4760 προσκυνεῖται
3359 4685 3408 4738 ἐν
3484 4694 3555 4757 τῷ
3597 4684 3828 4759 ἀκτίστῳ
3896 4692 4053 4759 Λόγῳ
4118 4703 4132 4719 ⁸

2528 4604 2617 4652 καὶ
2673 4598 3060 4672 ἀμεταϐλήτως,
3135 4597 3262 4650 ἀλλά
3312 4593 3381 4655 δὴ
3439 4600 3531 4649 xui
3599 4593 3959 4667 ἀδιαστάτως,

2526 4786 2615 4833 xui
2674 4787 2800 4839 Θεος
2852 4778 3037 4838 τέλειος
3076 4797 3207 4850 μετα
3270 4786 3367 4840 τῆς
3428 4776 3624 4838 οἰκείας
3678 4775 3926 4850 ἀτριψίας
3983 4780 4135 4851 ὑπερ.

2526 4878 2664 4944 φυῶς
2703 4868 2816 4921 ἐστί
2846 4887 2901 4921 τι
2939 4872 3028 4920 καὶ
3054 4866 3387 4940 ὀνομάζεται.

740 4963 999 5033 tibiliter,
1032 4978 1244 5018 verum
1276 4962 1458 5019 etiam
1512 4959 1923 5021 immobiliter,
1971 4958 2148 5015 unica
2189 4958 2591 5017 admiratione
2636 4974 2998 5014 veneramur
3042 4962 3101 5014 et
3147 4955 3404 5013 colimus
3449 4954 3512 5012 in
3550 4955 3815 5012 increato
3875 4955 4077 5014 Verbo
4116 4974 4129 5013 :

746 5056 1025 5126 Deusquc
1054 5052 1356 5125 perfectus
1396 5052 1453 5107 in
1486 5049 1733 5125 propria
1765 5048 2326 5105 inconvertibilitate
2354 5049 2708 5107 mirabiliter
2730 5052 2817 5105 est
2839 5052 2895 5104 et
2924 5046 3294 5104 nominatur.

816 5149 899 5200 tl.
944 5142 1404 5200 lteterendarius
1450 5142 1640 5197 dixit:
1700 5141 1847 5196 Cum
1879 5139 1982 5194 diu
2011 5155 2191 5212 super
2233 5155 2412 5195 evan-

736 5234 928 5305 gelico
959 5234 1120 5289 dicto
1147 5234 1333 5290 Pater
1358 5248 1522 5290 meus
1552 5235 1750 5301 major
1772 5246 1862 5287 me
1891 5235 1973 5287 est
2001 5229 2257 5301 quaestio
2287 5230 2410 5299 agi-

736 5330 979 5394 taretur,
1022 5330 1227 5381 utrum
1271 5324 1450 5380 etiam
1485 5322 1821 5379 secundum
1855 5320 2091 5377 Domini
2122 5320 2406 5377 divinita-

737 5422 855 5475 tem
888 5435 923 5474 a
954 5419 1178 5473 sanctis
1208 5416 1623 5472 sacerdotibus
1654 5414 1874 5471 nostris
1901 5412 2179 5485 divisque
2218 5414 2404 5467 Patri-

733 5507 849 5563 bus
895 5507 1042 5563 illud
1083 5507 1453 5562 intellectum
1506 5505 1681 5561 fuerit
1716 5522 1727 5569 ;
1770 5519 2033 5575 cumque
2080 5502 2207 5575 ejus
2241 5501 2404 5557 otiati

734 5613 981 5652 sensum
1016 5597 1516 5655 considerassem.
1543 5602 1719 5668 prout
1746 5594 1817 5649 de
1842 5610 1911 5649 eo
1944 5592 2400 5665 pronuntiatqu

733 5694 866 5745 est:
920 5688 1115 5760 deque
1158 5689 1368 5743 eodem
1413 5686 1745 5742 collocutus
1777 5700 1899 5742 non
1942 5682 2124 5740 semel
2154 5682 2401 5739 fuissem

2597 5140 2680 5194 ια’.
2742 5139 2798 5191 Ὀ
2851 5133 3276 5214 ῥαιφερινὸάριος
3334 5133 3469 5190 εἶπεν
3518 5152 3533 5167 ⁶
3598 5135 3677 5190 Ἐν
3744 5144 3907 5212 καιρῷ
3975 5140 4133 5209 ἱκανῷ

2520 5240 2612 5290 τῆς
2678 5233 2795 5303 περὶ
2852 5238 2943 5281 του
3001 5226 3335 5299 εὖαγγιλικοῦ
3396 5228 3559 5303 ρητου
3624 5232 3739 5281 τοῦ.
3824 5225 3883 5279 Ὀ
3948 5232 4130 5303 Πατὴρ

2519 5339 2620 5391 μου
2678 5320 2869 5391 μείζων
2932 5320 3032 5391 μού
3085 5316 3218 5385 ἔστι,
3278 5321 3547 5390 γινομένης
3603 5316 3872 5377 ζητήσέως
3933 5316 3976 5369 εἰ
4041 5318 4133 5370 καὶ

2518 5412 2655 5462 κατὰ
2692 5413 2750 5462 τὸ
2810 5408 2857 5460 ἐν
2915 5416 2987 5479 τῷ
3049 5412 3225 5480 Κυρίῳ
3288 5406 3605 5482 ἀνθρώπινον
3644 5409 3790 5481 παρά
3817 5414 3921 5468 τοῖς
3959 5404 4129 5479 ἀγιοις

2515 5496 2884 5573 μυσταγωγοῖς
2950 5500 3096 5570 ἡμῶν
3136 5502 3225 5549 καὶ
3280 5498 3542 5570 θεοφόροις
3600 5499 3871 5571 Πατροίσιν
3937 5495 4127 5560 ἑξείλη-

2514 5610 2663 5653 πται,
2706 5595 2795 5641 καὶ
2834 5594 2927 5647 την
2990 5593 3110 5662 περὶ
3160 5590 3346 5640 τούτου
3408 5590 3601 5641 ἔννοιαν
3669 5587 4118 5660 ἀναλογιζόμενος,

2514 5683 2651 5742 ὅπως
2706 5685 2900 5755 ἔφησαν
2953 5683 3065 5754 περὶ
3120 5682 3333 5750 τούτου,
3383 5684 3473 5733 καὶ
3528 5674 3968 5753 διομιλησάμενος
3998 5674 4120 5730 δια-
