4480 6430
298 410 411 473 240

1655 388 2004 462 THESAURI
2036 399 2167 458 LIB.
2200 397 2350 461 XXV.

3548 405 3668 463 250

304 544 479 607 φόρως
534 540 607 603 τῷ
663 529 938 603 ἁγιωτάτῳ
994 530 1138 603 ἡμῶν
1197 525 1422 602 δεσπότῃ
1483 533 1571 581 καὶ
1624 527 1907 597 οἰκουμενι-
1939 524 1986 578 Α
2018 538 2073 578 Cl

1898 555 1907 563 -
1939 524 1986 578 Α
2018 538 2155 579 cum
2178 526 2558 583 sanctissimo
2583 525 2832 582 Domino
2854 531 2910 581 et
2936 524 3308 583 meumenico
3335 532 3543 584 nostro
3564 544 3667 599 pa-

304 633 382 693 κῷ
449 622 783 694 πατριάρχη,
828 619 1183 691 κατελαϐόμην
1234 624 1327 676 τὴν
1394 617 1620 688 μεγάλην
1678 616 1906 684 ἁγιωσύ-

304 731 399 768 νην
437 710 598 760 αὑτοῦ
648 706 940 768 ἀκολούθως
993 715 1100 766 τοῖς
1153 707 1327 775 αγίοις
1366 708 1634 778 Ιιατράσιν
1693 700 1906 773 διερμη-

1024 800 1113 847 καὶ
1165 794 1362 866 ἕμμίνω
1423 802 1483 864 τῇ
1542 801 1635 852 τῆς
1682 790 1909 862 μεγάλης

1246 882 1302 935 ⁸Ο
1368 884 1777 953 ὑπομνηματθγρ
1788 882 1910 948 ἀφος

304 802 560 851 νεύουσαν
623 800 682 849 τό
749 798 905 870 ῥητόν
956 816 969 828 ·

959 889 1160 955 γνώμῃ-

307 973 449 1028 εἶπεν
505 977 584 1026 ὃτι
626 975 1045 1048 Ἀκροασάμενος
1098 982 1197 1024 τῶν
1259 981 1475 1044 γνωμῶν
1538 980 1635 1021 τῶν
1684 968 1909 1038 ἁγιωτά-

306 888 611 957 αγιωσύνης
699 884 859 937 αὐτοῦ

306 1084 412 1115 των
456 1072 836 1138 πατριαρχὼν,
897 1061 1087 1134 ἕπομαι
1152 1064 1385 1120 ταύταις.
1460 1060 1517 1111 Ὀ
1592 1061 1910 1131 ἱερομνήμων

308 1151 449 1205 εἶπεν
483 1169 494 1181 ·
557 1151 785 1223 Ἐπομαι
827 1156 916 1203 καὶ
956 1152 1113 1211 αὐτὸς
1159 1158 1270 1210 ταῖς
1313 1156 1546 1221 γνώμαις
1596 1156 1694 1198 των
1748 1146 1907 1215 αγιω-

303 1245 487 1293 τάτων
528 1249 894 1313 πατριαρχῶν.
953 1240 1012 1291 Ὀ
1080 1238 1162 1291 ἐπι
1225 1247 1324 1291 τῶν
1389 1239 1615 1309 γονάτων
1665 1234 1771 1287 εἷπε
1822 1239 1911 1285 καὶ

307 1331 463 1391 αὐτὸς
518 1333 585 1382 τὰ
631 1330 766 1382 αυτὰ
831 1329 1014 1399 λέγειν.
1077 1328 1135 1380 Ὀ
1207 1324 1534 1387 διδάσκαλος
1592 1322 1723 1377 εἶπεν
1759 1345 1771 1356 ·
1830 1320 1911 1382 Εἷς

305 1422 459 1490 ἡμῶν
518 1418 631 1470 ἐστι
686 1414 1010 1478 διδάσκαλος
1066 1421 1155 1468 καὶ
1205 1417 1512 1487 καθηγητὴς
1572 1416 1597 1465 ό
1639 1417 1908 1487 Χριστός·

305 1512 502 1560 τούτου
545 1509 787 1579 μαθητὴν
838 1509 1124 1581 ὀρθόφρονα
1169 1511 1441 1577 γινώσκων
1490 1508 1574 1555 τόν
1626 1502 1913 1573 ἁγιώτατον

306 1599 468 1668 ἡμῶν
528 1593 792 1653 δεσπότην
838 1600 927 1647 καὶ
974 1595 1328 1667 οἰκουριενικον
1381 1594 1741 1666 πατριάρχην,
1778 1610 1916 1641 στοι-

305 1694 400 1756 χσῖι
454 1693 517 1757 τῇ
577 1688 764 1737 τούτου
811 1690 1014 1757 γνώμη.
1072 1683 1131 1735 Ὀ
1188 1685 1597 1755 ὑπομιμνήσκων
1662 1678 1795 1732 εἶπεν
1854 1681 1918 1738 ὡς

310 1770 488 1836 Εἰδὼς
544 1781 780 1846 Χριστοῦ
823 1777 1011 1848 χάριτι
1055 1776 1141 1825 τόν
1184 1773 1473 1843 ἁγιώτατον
1526 1773 1670 1841 ἡμων
1724 1764 1915 1819 δεσπό-

2020 613 2275 669 triarcha
2296 633 2309 669 :
2331 617 2607 685 cognovi,
2643 631 2929 685 magnam
2958 617 3333 671 sanctitatem
3358 617 3487 687 ejus
3512 616 3672 672 haud

2017 701 2183 755 aliter
2201 719 2387 775 quam
2413 713 2654 759 sanctos
2689 708 2886 759 Patres
2911 703 2968 758 id
2996 705 3240 759 citatum
3275 704 3669 777 interpretari.

2018 793 2222 846 Maneo
2249 793 2425 861 igitur
2454 794 2515 848 in
2558 808 2791 862 magnas
2820 792 3149 847 sanctitatis
3190 794 3317 862 ejus
3350 794 3667 849 sententia.

2019 878 2128 941 Qui
2160 884 2251 933 est
2279 894 2314 934 a
2354 882 2801 935 commentariis
2825 880 2971 934 dixit
2998 896 3009 933 :
3037 882 3265 951 Sequor
3295 896 3448 952 quas
3471 881 3671 937 audivi

2019 968 2342 1023 sententias
2397 970 2916 1025 sanctissimorum
2981 970 3487 1040 patriai-charum.
3549 970 3672 1025 Hie-

2019 1071 2373 1113 romnemon
2408 1058 2589 1113 dixit:
2627 1062 2854 1129 Sequor
2902 1065 2958 1111 et
2987 1074 3098 1123 ego
3146 1059 3672 1114 sanctissimorum

2021 1144 2501 1214 patriarcharum
2534 1146 3147 1202 sententiasMiuister
3169 1164 3203 1200 a
3222 1148 3476 1215 genibus
3499 1148 3666 1218 dixit,

2022 1250 2084 1288 se
2128 1249 2371 1307 quoque
2430 1238 2486 1290 in
2547 1237 2606 1291 id
2660 1238 3022 1308 conspirare.
3084 1236 3421 1307 Praeceptor
3474 1237 3671 1292 dixit:

2024 1324 2185 1377 Unus
2216 1330 2302 1379 est
2332 1331 2662 1397 praeceptor
2694 1334 2892 1379 noster
2922 1333 2979 1379 et
3006 1332 3352 1380 antecessor
3367 1326 3667 1383 Christus:

2020 1410 2193 1481 cujus
2245 1428 2382 1468 cum
2417 1415 2685 1469 noverim
2718 1413 3120 1469 orthodoxam
3153 1430 3281 1469 esse
3312 1414 3677 1486 discipulum

2023 1501 2470 1557 sanctissimum
2502 1510 2777 1558 nostrum
2805 1503 3119 1557 dominum
3150 1508 3205 1558 et
3234 1504 3677 1558 meumenicum

2023 1590 2451 1661 patriarcham,
2484 1591 2563 1647 ad
2580 1592 2761 1662 hujus
2796 1592 3153 1647 sententiam
3180 1592 3677 1648 accedo.Monitor

2023 1676 2208 1734 dixit:
2247 1681 2544 1744 Quoniam
2603 1680 2837 1736 favente
2900 1684 3016 1735 Deo
3066 1681 3516 1735 sanctissimum
3572 1696 3677 1736 no-

2026 1771 2215 1823 strum
2267 1770 2585 1824 Dominum
2630 1775 2783 1825 recte
2828 1770 3183 1824 sentientem
3218 1770 3375 1834 novi,
3418 1769 3676 1825 retinen-

308 1883 409 1920 την
439 1863 604 1936 ὀρθῶς
630 1871 936 1935 φρονοῦντα,
978 1867 1068 1914 καὶ
1120 1864 1255 1913 κατά
1302 1864 1395 1922 τὰς
1449 1855 1767 1933 παραδόσείς
1814 1866 1912 1907 των
1955 1858 1997 1913 Β
2026 1860 2077 1912 te

1908 1884 1912 1900 ι
1955 1858 1997 1913 Β
2026 1860 2267 1929 temque
2319 1857 2598 1913 divorum
2656 1861 2896 1913 Patrum
2957 1858 3327 1925 traditiones,
3366 1875 3589 1930 sequor
3619 1864 3677 1915 et

312 1953 468 2004 θείων
524 1957 790 2017 Πατέρων,
848 1952 1039 2020 ἕπομαι
1084 1955 1173 2002 καὶ
1226 1950 1378 2011 αὐτὸς
1431 1958 1537 2010 τοῖς
1590 1948 1711 2019 παρ’
1757 1947 1915 1998 αὑτοῦ

308 2039 632 2099 λαληθεῖσιν.
662 2044 739 2094 Τὰ
782 2040 917 2092 αὐτὰ
972 2043 1138 2111 τούτῳ
1194 2036 1303 2092 εἷπε
1349 2043 1438 2090 καὶ
1488 2040 1514 2089 ό
1567 2046 1765 2111 πρῶτος
1818 2038 1920 2109 ἀρ·-

312 2150 436 2202 χων
504 2139 604 2181 τῶν
669 2128 977 2187 ἐκκλησιῶν.
1050 2128 1109 2181 Ὀ
1191 2131 1431 2201 μαῖστωρ
1506 2135 1604 2179 τῶν
1686 2127 1919 2200 ῥητόρων

317 2226 433 2271 εἰπε
492 2235 505 2247 ·
564 2222 634 2271 Τό
704 2221 841 2270 κατὰ
917 2221 974 2269 τό
1050 2216 1365 2291 ἀνθρώπινον
1443 2216 1704 2287 εἰρημένον
1778 2216 1921 2289 παρά

311 2315 417 2359 τῶν
512 2307 669 2379 ἁγίων
744 2312 834 2359 καὶ
911 2309 1163 2381 θεοφόρων
1230 2311 1503 2380 Πατέρων,
1619 2305 1751 2355 οὕτω
1831 2321 1920 2375 μοι

310 2399 556 2449 νοεῖσθαι
617 2396 962 2453 κατείληπται
1005 2418 1016 2429 ’
1052 2396 1123 2448 ἐνὶ
1174 2399 1262 2469 μὲν
1318 2395 1475 2466 λόγῳ,
1522 2396 1599 2446 ὅτι
1655 2396 1681 2445 ό
1742 2397 1919 2463 [ιατηρ

317 2488 517 2557 ἔμεινεν
568 2485 617 2537 ἐν
655 2483 733 2547 οἷς
773 2483 834 2543 ἦν
867 2484 945 2537 ἀεί
974 2504 986 2517 ·
1030 2487 1055 2538 ό
1098 2482 1155 2537 δὲ
1214 2488 1335 2546 Υἱός
1374 2489 1465 2542 τὴν
1526 2484 1757 2535 ἑκούσιον
1798 2484 1920 2533 υπο-

312 2580 503 2647 μείνας
555 2579 769 2628 κένωσιν
831 2574 880 2625 ἐν
937 2582 998 2647 τῇ
1060 2582 1151 2626 τοῦ
1196 2571 1385 2627 δούλου
1452 2580 1622 2645 μορφῇ
1679 2571 1867 2629 κατέϐη
1905 2592 1916 2603 ·

316 2662 479 2735 ἑτέρῳ
524 2659 575 2714 δ’
637 2663 702 2715 αὖ
761 2667 899 2714 κατά
954 2667 1039 2715 τόν
1092 2662 1208 2737 ὁρον
1264 2667 1354 2714 καὶ
1399 2661 1548 2731 λόγον
1614 2668 1707 2721 τῆς
1757 2678 1920 2733 προσ-

314 2751 607 2822 ληφθείσης
672 2752 815 2821 αὖτῲ
888 2750 1211 2826 ἀνθρωπίνης
1270 2759 1489 2812 κτιστῆς
1567 2754 1655 2801 καὶ
1732 2752 1924 2809 θνητῆς

317 2844 548 2912 φύσεως,
602 2848 660 2893 '0
717 2837 957 2913 δεύτερος
1024 2841 1292 2913 ὀστιάριος
1350 2837 1458 2891 εἷπε
1511 2847 1627 2899 ταῖς
1690 2845 1923 2910 γνώμαις

318 2939 423 2982 τῶν
453 2930 754 3001 ἁγιωτάτων
792 2940 1138 3003 πατριαρχῶν
1165 2937 1421 3001 στοιχεῖν.

397 3018 497 3091 ιβ’.
544 3019 604 3072 Ὀ
648 3019 938 3091 ἁγιώτατος
992 3028 1138 3091 ημῶν
1179 3015 1442 3079 δεσπότης
1498 3022 1587 3069 καί
1638 3018 1922 3089 οἰκουμενι-

316 3112 409 3170 κός
443 3110 781 3183 πατριάρχης
829 3108 965 3161 εἶπεν
1018 3110 1099 3160 ὅτι
1147 3109 1291 3181 Ἐμοὶ
1344 3104 1591 3159 δοκοῦσιν
1621 3109 1737 3159 ὅσοι
1784 3108 1923 3158 εἷπον

2024 1945 2154 2017 ipse
2182 1945 2516 2002 doctrinam
2538 1948 2687 2018 ejus.
2721 1951 2879 2001 Idem
2908 1946 3245 2002 dixitetiaui
3272 1948 3500 2018 primus
3520 1964 3674 2019 pra:-

2026 2036 2259 2107 positus
2305 2036 2717 2092 ecclesiarum.
2779 2036 3052 2105 Magister
3108 2037 3413 2091 rhetorum
3471 2036 3673 2093 dixit:

2027 2124 2198 2191 Quod
2233 2126 2421 2180 sancti
2450 2125 2689 2197 divique
2722 2128 2918 2179 Patres
2950 2124 3172 2180 dictum
3195 2124 3337 2179 illud
3361 2124 3439 2180 ad
3467 2126 3683 2181 huma-

2030 2214 2274 2268 nitatem
2307 2214 2653 2282 retulerunt,
2686 2214 2743 2269 id
2768 2215 2915 2269 mihi
2944 2216 3026 2269 sic
3058 2214 3511 2283 intelligendum
3526 2215 3686 2271 vide-

2032 2307 2156 2366 tur;
2211 2304 2426 2374 partim
2459 2303 2706 2374 quidem
2747 2306 2890 2374 quia
2939 2306 3107 2358 Pater
3155 2305 3213 2358 in
3280 2306 3404 2357 suis
3437 2304 3685 2359 dotibus

2032 2408 2271 2463 semper
2298 2392 2659 2464 permansit;
2696 2398 2755 2447 at
2796 2394 2971 2448 Filius
3006 2392 3405 2447 voluntariam
3433 2392 3679 2449 subiens

2030 2483 2497 2539 exinanitionem
2532 2483 2607 2538 ad
2638 2483 2792 2538 servi
2836 2483 3092 2538 fortnam
3143 2483 3454 2539 descendit
3493 2500 3505 2538 :
3548 2500 3683 2555 par-

2031 2572 2133 2626 tim
2169 2588 2308 2626 vero
2338 2572 2677 2627 secundum
2706 2573 3321 2643 circumscriptionem
3362 2573 3693 2628 rationem-

2030 2677 2147 2732 que
2179 2666 2506 2732 assumptze
2536 2660 2612 2716 ab
2644 2677 2714 2715 eo
2748 2661 3032 2716 humanm
3056 2668 3269 2717 creatae
3298 2661 3693 2733 mortalisque

2031 2755 2281 2805 naturae.
2312 2749 2621 2805 Secundus
2654 2750 2945 2805 Ostiarius
2977 2749 3125 2804 dixit
3165 2750 3690 2805 sanctissimorum

2031 2838 2507 2909 patriarcharum
2542 2838 2848 2893 sententiis
2880 2854 3007 2892 sese
3040 2838 3366 2893 adhzerere.

2108 3022 2190 3072 12.
2212 3017 2637 3073 Sanctissimus
2663 3024 2863 3074 noster
2886 3017 3173 3073 dominus
3201 3024 3254 3074 et
3278 3019 3690 3075 (ecumenicus

2036 3108 2377 3179 patriarcha
2406 3108 2590 3164 dixit:
2625 3108 2757 3166 Mihi
2799 3109 3033 3165 videtur
3075 3116 3374 3182 quotquot
3422 3110 3692 3183 episcopi

315 3200 421 3251 τῶν
479 3196 765 3273 ἀρχιερέων
827 3202 918 3249 καὶ
967 3206 1064 3250 τῶν
1130 3196 1399 3271 ἀρχόντων
1462 3199 1593 3248 κατὰ
1630 3199 1688 3248 τό
1750 3194 1797 3247 ἐν
1851 3204 1923 3266 τῷ
1967 3212 2084 3269 cat

1918 3220 1923 3243 ι
1967 3212 2011 3269 c
2037 3213 2107 3254 ac
2138 3198 2443 3270 praepositi
2469 3197 2545 3253 de
2579 3198 2788 3254 Christi
2820 3199 3194 3255 humanitate
3226 3199 3385 3255 dicta
3415 3199 3687 3257 afﬁrma-

315 3295 538 3360 Χριστῷ
582 3285 903 3362 ἁνθρωπινον
978 3287 1221 3360 εἰρῆσθαι
1273 3290 1360 3353 τὸ,
1417 3286 1476 3338 Ὀ
1551 3290 1765 3360 Παρτηρ
1824 3304 1923 3357 μου

314 3378 516 3448 μείζων
554 3379 653 3448 μου
686 3374 827 3429 ἔστιν
862 3397 874 3409 ·
918 3380 1078 3448 ἤγουν
1126 3378 1263 3428 κατὰ
1310 3380 1403 3434 την
1460 3374 1509 3427 ἐν
1540 3375 1681 3445 αὐτῷ
1733 3373 1928 3449 ἀνθρω-

314 3470 475 3524 πίνην
533 3466 754 3525 κτιστην
812 3468 991 3539 φύσιν,
1054 3466 1170 3518 καθ’
1222 3466 1281 3524 ἢν
1329 3470 1419 3517 καὶ
1458 3466 1721 3530 πέπονθεν,
1765 3463 1926 3537 ὀρθῶς

315 3560 411 3607 καὶ
467 3553 850 3630 ἀπροσκόπτως
905 3559 994 3607 καὶ
1043 3559 1175 3628 πρὸς
1239 3560 1333 3613 τὴν
1410 3558 1663 3629 ἐρώτησιν
1716 3552 1927 3605 ἀποκοί-

312 3646 504 3698 νεσθαι
543 3665 556 3677 ·
591 3647 642 3697 οἶ
701 3640 759 3697 δε
804 3643 973 3706 ἄλλως
1022 3644 1304 3720 εἰρηκότες,
1348 3644 1521 3716 ἀσαφῆ
1582 3645 1926 3715 ποιησάμενοι

312 3738 414 3791 τὴν
455 3732 761 3809 ἀπόκρισιν,
810 3739 902 3786 καὶ
957 3733 1147 3807 μᾶλλον
1185 3737 1313 3808 πρός
1368 3732 1617 3795 ἀλλήλους
1659 3738 1729 3805 μὴ
1784 3752 1925 3805 συμ-

316 3829 672 3896 φωνήσαντις,
732 3820 857 3877 οὐδὲ
914 3827 1041 3899 πρὸς
1089 3828 1183 3883 τὴν
1250 3822 1504 3899 ἐρώτησιν
1558 3819 1780 3875 δοκοῦσί
1836 3842 1926 3894 μοι

314 3911 725 3989 ἀκοκρίνασθαι,
772 3912 833 3965 Ὀ
885 3912 1167 3985 ἁγιώτατος
1216 3916 1557 3989 πατριάρχης
1599 3911 1925 3972 Θεουπό).εως

313 4002 556 4076 μεγάλης
614 4002 944 4075 Ἀντιοχείας
1000 4000 1135 4056 εἶπεν
1184 4003 1428 4077 εἰρῆσθαι
1473 4006 1554 4070 τὸ,
1616 4002 1675 4054 '0
1742 4006 1922 4076 Πατήρ

312 4112 421 4165 μου
474 4093 666 4165 μείζων
715 4096 817 4166 ριού
861 4092 993 4161 ἔστι,
1033 4095 1178 4167 παρὰ
1228 4100 1321 4145 τοῦ
1367 4099 1603 4167 Χριστοῦ
1654 4097 1744 4144 καὶ
1790 4093 1927 4144 κατὰ

311 4186 415 4239 τήν
486 4180 897 4258 ἕνανθρώπησιν,
966 4187 1057 4235 καὶ
1116 4186 1175 4235 τὸ
1247 4185 1295 4236 ἓν
1363 4182 1503 4254 αὐτῷ
1567 4190 1640 4253 τῷ
1707 4190 1925 4256 Χριστῷ

310 4275 534 4324 κτιστόν
581 4290 638 4324 τε
691 4276 779 4325 καὶ
822 4274 1076 4331 παθητόν.
1130 4271 1189 4325 Ὀ
1241 4272 1533 4344 ἁγιώτατος
1583 4275 1924 4345 πατριάρχης

308 4360 686 4435 Ἰεροσολύμων
735 4358 910 4415 εἶπενο
985 4361 1217 4436 Ἐφθασε
1276 4366 1333 4415 τὸ
1398 4369 1610 4435 Πνεῦμα
1660 4365 1718 4413 τό
1775 4362 1924 4433 ἅγιον

309 4454 374 4503 τὸ
420 4458 464 4503 0
508 4455 688 4526 Πατήρ
737 4471 837 4524 μου
878 4452 1073 4524 μείζων
1118 4455 1218 4524 μού
1277 4450 1438 4519 ἐστιν,
1485 4452 1799 4525 ἑρμηνεῦσαι
1832 4448 1927 4504 διὰ

308 4549 414 4593 τῶν
476 4540 636 4613 ἁγίων
710 4547 802 4595 καὶ
849 4542 1085 4615 μεγάλων
1139 4546 1425 4616 φωστήρων
1464 4550 1561 4604 τῆς
1609 4542 1927 4606 Ἐκκλησίας
1957 4570 2004 4626 D

308 4637 406 4685 καὶ
463 4642 563 4685 τῶν
618 4633 777 4706 ἁγίων
823 4636 909 4686 καὶ
970 4636 1115 4709 ἱερῶν
1172 4631 1407 4688 συνόδων
1447 4648 1463 4665 ⁸
1508 4630 1742 4707 δέχομαι
1801 4643 1924 4707 γοῦν

310 4724 494 4785 πάσας
542 4726 633 4785 τὰς
671 4720 907 4796 ἐκδοχὰς
952 4723 1071 4778 καθ’
1110 4724 1171 4787 ἃς
1202 4726 1535 4798 ἡρμήνευσαν
1579 4724 1706 4778 αὐτό
1738 4739 1754 4755 ⁶
1797 4724 1928 4779 ἕπει-

312 4808 389 4871 δή
443 4812 719 4886 εἴρηκασιν
775 4815 857 4866 ὅτι
896 4816 961 4875 ὡς
1016 4817 1143 4875 Θεὸς
1180 4813 1371 4877 τέλειος
1401 4819 1492 4868 καὶ
1538 4817 1607 4878 ὡς
1654 4814 1924 4888 ἄνθρωπος

306 4902 507 4966 τέλειος
562 4906 765 4978 εἴρηκεν
814 4905 841 4956 ό
902 4903 1062 4966 αὐτὸς
1116 4908 1352 4978 Χριστός
1380 4908 1440 4958 τὸ
1478 4912 1715 4959 τοιοῦτον
1743 4906 1923 4980 ῥητὸν,

308 4997 482 5065 ἤγουν
529 4995 599 5056 ὡς
654 4996 794 5066 ἔχων
856 4992 907 5047 ἓν
946 4994 1114 5067 ἑαυτῷ
1172 4999 1268 5055 τὴν
1322 4998 1546 5055 κτιστὴν
1612 4996 1769 5069 φύσιν
1835 4999 1925 5049 καὶ

306 5086 581 5156 παθητὴν,
628 5084 746 5138 καθ’
787 5084 847 5143 ἦν
886 5089 976 5139 καὶ
1024 5087 1265 5153 πέπονθε,
1316 5084 1449 5159 λέγω
1506 5085 1597 5139 καί
1652 5085 1809 5149 αὐτὸς
1860 5088 1928 5139 τὰ

305 5174 451 5227 αὐτὰ
479 5178 571 5227 καὶ
601 5173 659 5227 οὗ
683 5171 916 5249 δύναμαι
949 5174 1241 5250 ἀρνείσθαι.

386 5262 473 5337 ιγ’.
562 5267 771 5319 Τούτων
855 5270 992 5319 οὕτω
1082 5267 1547 5340 γνωματευθίντων
1616 5269 1762 5343 παρὰ
1823 5274 1923 5321 τῶν

302 5354 622 5426 ἁγιωτάτων
685 5364 1056 5432 πατριαρχῶν,
1148 5356 1498 5431 ἠρωτήθησαν
1582 5358 1632 5411 οἱ
1710 5356 1925 5429 ἀσαφῶς

1113 5446 1159 5501 εἰ
1231 5454 1347 5510 ταῖς
1430 5456 1532 5501 τῶν
1616 5450 1922 5521 ἄγιωτάτων

562 5267 771 5319 Τούτων
855 5270 992 5319 οὕτω

298 5447 582 5518 γνωματώ
590 5464 767 5507 σαντες
833 5446 991 5500 εἰπεῖν
1009 5492 1024 5517 ,

299 5552 663 5611 πατριαρχων
715 5541 953 5611 γνώμαις
1011 5546 1349 5612 στοιχοῦσιν,
1392 5542 1489 5594 εἴτε
1537 5542 1628 5593 καὶ
1676 5544 1771 5613 μή.
1820 5543 1921 5593 Καὶ

300 5626 506 5679 αὐτίκα
552 5628 578 5678 ὁ
633 5628 820 5701 Μύρων
871 5624 977 5681 εἶπε
1022 5631 1243 5691 ταύταις
1272 5636 1528 5703 στοιχεῖν.
1558 5628 1617 5682 Ὀ
1665 5631 1919 5704 Κορίνθου

300 5712 415 5770 εἷπε
446 5726 539 5771 και
586 5717 745 5779 αὐτὸς
780 5721 995 5781 ταύταις
1047 5728 1305 5793 στοιχεῖν,
1352 5716 1492 5796 μηδὲ
1530 5722 1579 5775 ἓν
1629 5728 1691 5796 τῇ
1733 5725 1914 5797 γνώμῃ

2035 3292 2175 3343 runt
2200 3286 2421 3342 verba:
2456 3287 2634 3344 Pater
2670 3303 2833 3344 meus
2865 3291 3062 3359 major
3096 3304 3189 3344 me
3218 3296 3322 3355 est,
3366 3288 3428 3343 id
3476 3294 3565 3344 est
3609 3305 3697 3345 se-

2035 3374 2304 3430 cundum
2336 3375 2466 3446 ejus
2496 3380 2760 3431 creatam
2797 3380 3125 3432 humanam
3169 3382 3445 3432 naturam
3480 3376 3541 3431 in
3572 3392 3697 3449 qua

2036 3468 2093 3520 et
2118 3479 2340 3535 passus
2373 3468 2484 3529 est,
2513 3469 2669 3520 recte
2702 3469 2759 3519 et
2787 3464 3079 3521 inoti‘ense
3125 3471 3304 3537 atque
3354 3464 3432 3520 ad
3476 3480 3698 3537 propo-

2037 3554 2218 3609 situm
2266 3553 2685 3626 respondisse:
2738 3555 2843 3627 qui
2903 3561 3106 3611 autem
3166 3555 3332 3611 aliter
3389 3555 3691 3619 dixerunt,

2036 3644 2294 3700 obscure
2325 3643 2716 3715 respondisse
2755 3643 3054 3713 videntur,
3106 3645 3231 3699 imo
3273 3644 3424 3700 inter
3464 3661 3526 3701 se
3580 3644 3698 3700 dis-

2036 3731 2251 3789 cordes
2283 3748 2479 3804 neque
2526 3732 2605 3788 ad
2644 3732 3021 3805 propositum
3056 3732 3465 3788 collineantes.
3516 3734 3698 3789 Sanc-

2040 3821 2305 3879 tissimus
2355 3821 2699 3894 patriarcha
2730 3821 2896 3877 urbis
2946 3821 3046 3877 Dei
3096 3837 3335 3892 magnae
3366 3821 3695 3878 Antiochiae

2035 3911 2371 3979 ait,dictum
2394 3910 2577 3968 fuisse
2590 3912 2777 3968 Pater
2792 3928 2954 3968 meus
2976 3914 3175 3982 major
3190 3927 3281 3967 me
3300 3917 3385 3968 est
3409 3928 3445 3969 a
3460 3911 3693 3969 Christo

2035 4003 2217 4059 etiam
2248 4001 2585 4057 secundum
2628 4001 3106 4057 incarnationem
3147 4006 3534 4074 creatamque
3563 4002 3695 4073 ejus

2035 4095 2315 4147 naturam
2347 4106 2417 4147 ac
2465 4090 2842 4164 passibilem.
2895 4091 3324 4148 Sanctissimus
3355 4090 3697 4162 patriarcha

2036 4180 2613 4253 Hierosolymitanus
2636 4180 2805 4237 dixit:
2828 4182 2854 4237 Ι
2861 4197 2958 4237 am
2976 4185 3221 4237 sanctus
3237 4180 3489 4252 Spiritus
3510 4178 3698 4237 verba

2037 4272 2230 4328 Pater
2250 4286 2413 4328 meus
2432 4272 2632 4342 major
2648 4285 2738 4326 me
2759 4276 2843 4327 est
2860 4270 3300 4343 explicavitper
3312 4274 3551 4326 sanctos
3574 4285 3698 4326 ma-

2038 4375 2318 4433 gnosque
2351 4360 2789 4416 illuminatores
2835 4358 3129 4431 Ecclesiae,
3165 4364 3703 4432 sacrosanctasque

2038 4451 2333 4524 synodos.
2366 4450 2612 4523 Recipio
2638 4450 2818 4521 igitur
2834 4455 3083 4506 cunctas
3106 4438 3465 4506 traditiones
3495 4464 3703 4505 secun-

2037 4541 2183 4597 dum
2214 4557 2370 4614 quas
2400 4540 2504 4597 illa
2532 4539 2716 4596 verba
2740 4538 3038 4596 intellecta
3069 4539 3541 4605 sunt.Quoniam
3557 4552 3699 4595 vero

2036 4632 2418 4690 afﬁrmarunt
2451 4633 2667 4697 Patres,
2700 4629 2930 4685 dictum
2970 4630 3087 4686 hoc
3136 4645 3170 4686 a
3220 4628 3454 4685 Christo
3507 4628 3695 4684 fuisse

2036 4728 2162 4781 tum
2196 4726 2497 4796 quatenus
2527 4737 2705 4778 verus
2730 4721 2885 4776 Deus
2903 4724 3010 4783 est,
3040 4725 3167 4776 tum
3189 4719 3365 4776 etiam
3397 4724 3699 4793 quatenus

2039 4829 2215 4869 verus
2256 4812 2466 4882 homo,
2516 4810 2621 4885 qui
2669 4825 2890 4883 nempe
2921 4814 3186 4866 creatam
3218 4807 3696 4882 passibilemque

2034 4908 2317 4960 naturam
2349 4900 2555 4970 habet,
2588 4901 2649 4957 in
2678 4916 2804 4974 qua
2856 4899 3038 4957 etiam
3087 4915 3310 4973 passus
3341 4902 3471 4966 est;
3504 4897 3600 4955 aio
3631 4898 3695 4955 id

2036 4994 2235 5068 ipsum
2262 5008 2374 5065 ego
2403 5008 2670 5067 quoque,
2698 5005 2897 5065 neque
2917 4990 3152 5048 inﬁcias
3183 4989 3266 5047 ire
3296 5004 3476 5063 queo.

2112 5269 2194 5323 13.
2232 5268 2556 5338 Postquam
2586 5261 2681 5321 hie
2712 5264 3021 5321 sententiae
3073 5277 3109 5319 a
3149 5256 3551 5319 sanctissimis
3593 5274 3702 5334 pa-

2035 5354 2309 5412 triarchis
2367 5354 2539 5410 dictae
2595 5354 2858 5423 fuerunt,
2914 5351 3265 5422 interrogati
3326 5356 3465 5407 sunt
3503 5350 3543 5407 ii
3596 5351 3703 5423 qui

2036 5447 2415 5503 subobscure
2457 5444 2813 5502 sententiam
2837 5444 3132 5512 dixerant,
3165 5448 3366 5499 utrum
3408 5441 3487 5498 ad
3525 5457 3698 5498 sanc-

2033 5537 2404 5595 tissimorum
2432 5535 2663 5608 judicia
2691 5535 3069 5603 accederent,
3097 5550 3305 5590 necne.
3344 5532 3700 5605 Primusque

2031 5627 2313 5702 Myrensis
2364 5627 2514 5684 dixit
2562 5626 2922 5683 consentire.
2998 5623 3341 5683 Corinthius
3407 5622 3556 5680 dixit
3634 5638 3696 5679 se

2029 5734 2276 5794 quoque
2288 5717 2382 5776 his
2405 5716 2723 5790 suffragari
2734 5732 2950 5790 ,neque
2969 5714 3341 5773 contrarium
3353 5713 3695 5787 quidquam
