4480 6430
791 408 895 466 251

796 620 1097 676 Christum
1145 621 1457 692 passiones
1498 620 1623 675 sine
1673 626 1921 692 peccato
1960 617 2352 677 ceconomice,
2385 613 2445 669 id

796 714 885 764 est
912 725 1069 777 vere,
1122 709 1438 780 recepisse.
1477 711 1854 765 Atheniensis
1895 709 2042 765 dixit
2099 722 2159 762 se
2203 719 2446 777 quoque

795 798 1313 853 sanctissimorum
1356 798 1831 869 patriarcharum
1885 796 2210 852 sententias
2253 792 2442 865 sequi.

797 885 1074 942 Similiter
1141 887 1519 952 Larissensis,
1570 886 1949 954 Rhodiensis,
2025 882 2443 954 Philippensis,

795 975 1041 1030 easdem
1074 975 1287 1030 sectari
1316 976 1769 1031 conﬁrmarunt.
1793 973 2212 1046 Neopatrensis
2244 975 2445 1026 autem

795 1062 943 1119 dixit
963 1068 1268 1135 postremo
1298 1065 1602 1120 sententiis
1626 1080 1749 1119 suae
1771 1062 2065 1119 vocabulo
2094 1061 2316 1116 addere
2358 1073 2445 1124 se,

796 1159 1104 1223 assumpta
1136 1169 1319 1210 carne
1344 1161 1548 1211 creata
1579 1154 1989 1225 passibilique,
2013 1155 2076 1207 in
2102 1167 2220 1223 qua
2245 1156 2299 1205 et
2314 1164 2449 1217 pas-

795 1257 894 1297 sus
907 1249 1010 1298 est.
1034 1242 1303 1297 Enensis
1319 1241 1479 1297 dixit:
1504 1258 1565 1297 se
1586 1257 1830 1313 quoque
1848 1247 1981 1314 post
2001 1242 2306 1295 sententia:
2325 1252 2448 1291 suae

794 1330 1001 1401 verba,
1026 1337 1091 1385 ut
1114 1333 1551 1387 incarnationis
1564 1333 1651 1400 ﬁd
1661 1347 1740 1387 2m
1759 1333 2013 1400 faceret;
2036 1330 2297 1399 itemque
2314 1330 2448 1381 ante

801 1418 1000 1479 verba.
1037 1419 1147 1474 hoc
1186 1426 1382 1475 autem
1413 1420 1498 1475 sic
1527 1420 1762 1489 afﬁrmo
1793 1425 1861 1473 ut
1890 1425 2135 1474 caeteras
2168 1430 2286 1470 non
2328 1427 2449 1469 res-

794 1521 977 1576 puam
1008 1513 1345 1563 sanctorum
1388 1509 1709 1576 opiniones,
1739 1504 2189 1578 supperaddere
2212 1508 2448 1557 senten-

796 1596 892 1651 tias
934 1612 1079 1661 suae,
1113 1603 1317 1665 utpote
1345 1598 1450 1667 qui
1492 1612 1733 1652 carnem
1772 1598 2178 1664 assumpserat
2225 1597 2448 1647 morta-

798 1684 911 1740 lem
936 1685 1417 1756 passibilemque,
1445 1688 1508 1740 in
1536 1701 1653 1756 qua
1678 1685 1953 1740 videlicet
1988 1689 2043 1739 et
2080 1696 2290 1751 passus
2342 1684 2448 1735 est.

795 1774 1112 1844 Cocyraeus
1156 1774 1306 1829 dixit
1356 1774 1633 1829 recedere
1678 1789 1739 1829 se
1778 1788 2029 1845 prorsus
2079 1787 2115 1826 a
2158 1767 2453 1824 sententia

798 1877 929 1931 sua,
961 1867 1140 1934 atque
1186 1863 1263 1917 ad
1295 1862 1425 1918 illas
1464 1862 1945 1935 patriarcharum
1993 1858 2299 1916 accedere.
2339 1858 2453 1911 Ma-
2481 1869 2522 1925 Β
2563 1870 2567 1905 ε

1648 1863 1945 1917 ιΥΟὴᾶῘῚΙῙῙι
1993 1858 2299 1916 accedere.
2339 1858 2453 1911 Ma-
2481 1869 2522 1925 Β
2563 1861 2751 1918 θνητὴν
2807 1866 2898 1913 καὶ
2967 1864 3230 1930 παθητὴν,
3290 1861 3417 1913 παθ⁹

798 1966 952 2021 gnus
983 1952 1389 2023 scevophylax
1410 1951 1810 2021 interrogatus
1841 1955 1898 2005 et
1920 1950 2073 2021 ipse,
2092 1952 2292 2003 utrum
2315 1958 2453 1999 san-

798 2038 1201 2095 ctissimorum
1220 2040 1697 2112 patriarcharum
1722 2039 2025 2095 sententiis
2046 2037 2450 2102 assentiretur,

800 2126 884 2182 ait
930 2142 996 2184 se
1028 2127 1106 2182 ad
1157 2133 1525 2199 postremam
1585 2128 1893 2183 sententiae
1951 2142 2072 2180 sua:
2103 2124 2451 2189 dictionem,

798 2221 1094 2287 quatenus
1126 2218 1249 2286 ipse
1292 2218 1450 2273 servi
1486 2217 1752 2286 formam
1808 2220 2136 2284 acceperat,
2194 2212 2451 2283 adjicere

795 2304 986 2360 verba
1010 2320 1365 2377 carnemque
1382 2307 1669 2362 visibilem
1691 2305 2167 2361 contrectabilem
2187 2306 2450 2357 creatam

796 2394 1310 2464 circumscriptam
1335 2401 1391 2451 et
1414 2395 1760 2465 passibilem
1791 2398 2224 2462 assumpserat,
2242 2392 2303 2445 in
2332 2403 2451 2461 qua

796 2497 1007 2552 reapse
1024 2489 1081 2539 et
1103 2498 1320 2552 passus
1345 2483 1856 2555 est.Subdiditque
1888 2498 1951 2537 se
1967 2480 2451 2554 patriarcharum

797 2588 1041 2645 quoque
1094 2575 1400 2629 sententiis
1460 2574 1785 2629 adhaerere.
1853 2576 2099 2641 Magnus
2156 2571 2297 2625 item
2350 2584 2450 2622 sa-

796 2661 1072 2717 cellarius
1132 2663 1215 2718 ait
1265 2664 1430 2735 sequi
1482 2679 1542 2717 se
1613 2662 2134 2718 sanctissimorum
2196 2657 2450 2729 patriar-

794 2749 1047 2806 charum
1070 2753 1411 2807 sententias.
1447 2752 1805 2808 Canstrisius
1842 2751 1991 2805 dixit
2013 2766 2075 2804 se
2110 2748 2324 2819 pariter
2344 2761 2447 2818 pa-

795 2840 1187 2895 triarcharum
1235 2840 1474 2907 judiciis
1518 2842 1920 2912 acquiescere.
1966 2839 2232 2909 Denique
2268 2836 2449 2891 etiam

796 2928 1086 2998 magister
1111 2929 1417 2984 rhetorum
1445 2946 1584 2985 cum
1624 2930 1837 2983 iisdem
1869 2928 2215 2999 conspirare
2256 2940 2316 2978 se
2347 2924 2447 2978 ait.

797 3018 944 3071 Cum
994 3031 1138 3085 ergo
1184 3033 1397 3072 omnes
1451 3018 1917 3082 consensissent,
1975 3031 2085 3070 nec
2122 3014 2448 3086 quisquam

797 3104 1121 3175 ambiguus
1172 3108 1302 3176 jam
1370 3112 1727 3179 superesset,
1789 3105 1945 3161 facta
1999 3110 2091 3160 est
2137 3119 2172 3158 a
2217 3101 2447 3158 cunctis

2127 402 2397 463 meum
2434 390 2813 462 causam

794 531 856 587 in
898 546 1008 587 sua
1050 530 1343 587 sententia
1393 531 1744 603 protulisse;
1790 530 2015 604 quippe
2064 528 2167 602 qui
2217 527 2449 582 dixerat
2476 522 2563 580 At

1629 548 1744 603 sse;
1790 530 2015 604 quippe
2064 528 2167 602 qui
2217 522 2525 582 dixeratA
2555 526 2714 579 αὐτοῦ
2779 529 2963 591 αὐταῖς
3011 528 3330 590 ἐναντιωθείς
3384 544 3398 560 ·

3460 528 3530 588 ὡς
3577 526 3728 579 εἰπὼν
3790 525 3839 578 ἓν
3889 526 4018 597 αὐτῇ
4082 527 4146 577 τὰ

2554 618 2693 674 πάθη
2760 622 2825 669 τὰ
2883 615 3181 675 ἀδιάϐλητα
3256 618 3614 688 οἰκονομικῶς,
3686 618 3852 668 εἴτουν
3924 614 4140 679 ἀληθῶς,

2552 707 2639 755 τόν
2685 709 2914 779 Χριστὸν
2970 702 3379 767 καταδέξασθαι.
3428 703 3486 755 Ὀ
3545 703 3775 761 Ἀθηνῶν
3839 708 3929 755 xui
3995 703 4147 763 αὐτὸς

2552 800 2669 855 ταῖς
2736 800 2968 868 γνώμαις
3047 804 3145 847 τῶν
3230 794 3529 866 ἁγιωτάτων
3612 800 3957 868 πατριαρχῶν
4042 789 4147 845 εἶπε

2556 890 2809 953 στοιχεῖν.
2842 882 2901 936 '0
2933 888 3213 959 Λαρίσσης
3259 882 3367 935 εἷπε
3412 887 3500 934 xui
3552 881 3707 943 αὐτὸς
3746 882 3962 933 ἔπεσθαι
4014 884 4146 932 ταύ-

2553 990 2684 1031 ταις·
2728 971 2949 1044 Ὁμοίως
3000 977 3091 1024 καὶ
3144 974 3169 1023 ό
3218 968 3401 1024 Ῥόδου
3450 973 3670 1031 ταύταις
3720 971 3828 1021 εἷπε
3884 975 4142 1040 στοιχεῖν.

2557 1064 2657 1111 Καὶ
2715 1061 2740 1111 ὁ
2803 1061 3067 1114 Φιλίππων
3124 1065 3214 1112 καὶ
3274 1060 3433 1121 αὐτὸς
3481 1056 3588 1111 εἷπε
3639 1061 3858 1119 ταύταις
3908 1059 4147 1114 ἔπεσθαι.

2552 1147 2611 1201 Ὀ
2652 1147 2710 1202 δὲ
2756 1156 2896 1203 Νέων
2942 1158 3157 1226 Πατρῶν
3204 1151 3542 1225 προστιθέναι
3592 1145 3700 1201 εἷπε
3752 1154 3827 1217 τῷ
3873 1147 4147 1217 τελευταίῳ

2554 1238 2754 1312 ῥήματι
2836 1248 2931 1302 τῆς
3003 1245 3211 1313 γνώμης
3273 1239 3433 1291 αὑτοῦ
3505 1240 3656 1307 (39),

2557 1332 2777 1386 κτιστὴν
2869 1333 2959 1381 καὶ
3041 1331 3314 1395 καθητὴν,
3396 1329 3515 1380 καθ’
3590 1328 3651 1384 ἣν
3730 1331 3822 1378 καὶ
3898 1326 4141 1378 πέπονθε.

2559 1421 2659 1468 Καὶ
2716 1418 2741 1468 ό
2785 1420 2936 1470 Αἴνου
2995 1414 3055 1470 δε
3102 1422 3191 1470 καὶ
3233 1418 3389 1478 αὐτὸς
3451 1418 3581 1488 μετὰ
3627 1418 3685 1468 τὸ
3735 1415 3785 1466 ἐν
3839 1422 3905 1485 τῇ
3968 1419 4149 1485 γνώμη

2558 1506 2719 1556 αὐτοῦ
2798 1511 3153 1579 γεγραμμένον
3234 1508 3387 1577 (40),
3457 1508 3554 1571 τὸ,
3630 1506 3975 1575 πιστούμενος
4059 1506 4155 1559 τὴν

2984 1600 3073 1647 καὶ
3136 1598 3237 1667 πρό
3298 1601 3407 1657 τοῦ,
3490 1597 3640 1663 Λέγω
3706 1588 3767 1644 δι
3816 1599 3965 1644 τοῦτο
4025 1592 4157 1662 μετὰ

2557 1688 2648 1733 καὶ
2705 1691 2805 1734 τῶν
2871 1683 3035 1735 ἄλλων
3091 1684 3158 1734 ὧν
3225 1685 3275 1735 οἱ
3328 1681 3473 1753 ἅγιοι
3528 1681 3762 1753 λέγουσι,
3818 1680 4158 1754 προστιθέναι

2560 1768 2667 1823 εἷπε
2732 1780 2795 1844 τῇ
2863 1779 3044 1845 γνώμῃ
3103 1772 3265 1824 αὐτοῦ
3330 1790 3413 1841 το,
3478 1774 3544 1831 ὡς
3608 1775 3698 1822 καὶ
3752 1770 3926 1842 σάρκα
3987 1767 4159 1820 λαϐὼν

3496 1859 3557 1917 ἢν
3624 1855 3764 1917 δῆτα
3821 1861 3910 1910 καὶ
3963 1861 4157 1909 πέπον-

2562 1949 2662 2000 θεν.
2720 1949 2781 2002 Ὁ
2833 1946 2893 2002 δί
2940 1970 2999 2021 γε
3058 1952 3329 2025 Κερκύρων
3387 1948 3521 2001 εἶπεν
3571 1946 3893 2020 ἀφίστασθαι
3934 1944 4157 1997 καθόλου

3668 2038 3885 2089 ἔπεσθαι
3942 2031 3976 2087 δ
3980 2038 4002 2087 'c
4044 2042 4160 2095 ταῖς

3747 1239 3920 1312 σάρκα
3980 1236 4151 1288 λαϐὼν

2557 1593 2851 1666 οἰκονομίαν
2900 1609 2915 1625 ⁸

2558 2046 2657 2089 τῶν
2710 2040 2833 2113 παρ’
2883 2039 3045 2091 αὐτοῦ
3099 2040 3565 2111 γνωματευθέντων
3600 2051 3613 2064 ⁸

2558 2132 2787 2199 γνώμαις
2846 2136 2946 2180 τῶν
3012 2135 3379 2202 πατριαρχῶν.
3447 2134 3506 2179 ‘O
3587 2124 3747 2199 μὲγας
3816 2122 4157 2196 σκευοφύλαξ,

2560 2213 2836 2288 ἐρωτηθεὶς
2884 2221 2976 2268 καὶ
3026 2217 3183 2277 αὐτὸς
3235 2216 3278 2269 εἰ
3319 2222 3436 2278 ταῖς
3487 2220 3722 2288 γνώμαις
3775 2221 3875 2265 τῶν
3923 2212 4160 2284 ἁγιωτά-

2558 2323 2659 2356 των
2710 2314 3057 2380 πατριαρχῶν
3110 2306 3307 2373 ἕπεται,
3370 2303 3479 2357 εἶπε
3538 2305 3874 2377 προστιθέναι
3931 2304 4022 2374 μεν
4070 2305 4163 2352 καὶ

2558 2401 2632 2466 τῷ
2662 2392 2936 2447 τελευταίώ
2986 2395 3187 2470 ῥήματι
3250 2402 3345 2456 τῆς
3392 2399 3605 2466 γνώμης
3648 2392 3809 2445 αὐτοῦ
3868 2392 3977 2462 (bl)
4031 2409 4161 2464 μορ-

2561 2488 2660 2554 φὴν
2749 2480 2939 2536 δούλου
3014 2483 3204 2551 λαϐὼν,
3266 2486 3344 2550 τὸ,
3408 2488 3497 2535 καὶ
3573 2484 3746 2556 σάρκα
3814 2482 4006 2554 ὁρατὴν
4072 2482 4164 2530 καὶ

2561 2572 2730 2631 ἀπτην
2796 2579 2885 2626 καὶ
2946 2577 3165 2631 κτίστην
3223 2578 3315 2625 καὶ
3385 2575 3747 2645 περιγραπτην
3827 2574 3918 2621 καὶ
3980 2570 4162 2625 παθη-

2939 2664 3001 2722 ἢν
3070 2660 3211 2723 δῆτα
3279 2667 3369 2715 καὶ
3440 2664 3707 2716 πίπονθεν,
3767 2657 3892 2713 Εἶπε
3951 2656 4009 2711 δι
4061 2663 4155 2710 xui

3961 2753 4060 2802 Kui
4128 2748 4155 2798 ό

2559 2668 2675 2733 τὴν,
2743 2666 2860 2717 καθ’

2558 2761 2671 2814 ταῖς
2725 2763 2823 2806 τῶν
2896 2761 3240 2828 πατριαρχῶν
3316 2758 3551 2824 γνώμαις
3624 2757 3879 2822 στοιχεῖν.

2559 2847 2721 2914 μέγας
2796 2841 3127 2916 σακε).λάριος
3192 2846 3283 2893 καὶ
3345 2840 3500 2901 αὐτός
3568 2837 3702 2891 εἶπεν
3775 2838 3993 2890 ἔπεσθαι
4044 2843 4164 2898 ταῖς

2556 2939 2790 3003 γνώμαις
2846 2939 2947 2982 τῶν
3010 2930 3311 3002 ἁγιωτάτων
3368 2936 3736 3002 πατριαρχῶν.
3814 2933 3857 2979 O
3906 2929 4163 2998 κανστρί-

2562 3038 2671 3079 σιος
2703 3017 2809 3072 εἷπε
2846 3023 2936 3071 xui
2986 3019 3145 3080 αὐτὸς
3197 3024 3430 3089 στοιχεῖν
3475 3023 3594 3078 ταῖς
3634 3021 3868 3088 γνώμαῖς
3918 3023 4019 3066 τῶν
4057 3033 4162 3066 πα-

2557 3117 2849 3181 τριαρχῶν,
2879 3112 2980 3161 Καὶ
3011 3109 3037 3159 ό
3088 3109 3327 3181 μαῖστωρ
3378 3103 3438 3159 δὲ
3494 3114 3593 3157 τῶν
3638 3106 3873 3180 ῥητόρων
3918 3108 4008 3156 καὶ
4059 3102 4163 3155 αύ-

795 3193 996 3250 fausta
1036 3194 1411 3265 acclamatio,
1455 3211 1661 3251 mense
1714 3201 1771 3251 et
1825 3195 2150 3250 indictione
2209 3206 2448 3263 supras-
2479 3212 2521 3271 ε
2556 3217 2564 3229 ι

2398 3207 2448 3244 8-
2479 3212 2521 3271 ε
2556 3201 2639 3258 τὸς
2702 3201 2922 3259 ταύταις
2996 3205 3233 3269 στοιχεῖν
3320 3199 3541 3269 εἴρηκεν.
3616 3194 3699 3255 Ὠς
3768 3191 3857 3247 οὖν
3940 3193 4164 3254 ἅπαντες

797 3282 1022 3355 criptis,
1047 3298 1209 3340 anno
1232 3288 1389 3339 6674.

1366 3624 1572 3680 ACTlO
1628 3626 1879 3679 TERTIA

791 3749 1014 3806 Mensis
1036 3749 1247 3805 Martii
1261 3749 1356 3805 die
1370 3749 1913 3819 sexta,indictionis
1935 3749 2089 3812 XIV,
2109 3747 2205 3804 die
2224 3750 2443 3817 prima.

864 3880 923 3934 1.
963 3875 1318 3932 Praesidente
1349 3892 1384 3931 a
1410 3879 1525 3932 Deo
1552 3882 1840 3932 coronato
1864 3874 2283 3947 potentissimo
2314 3890 2447 3931 san-

793 3970 1009 4037 ctoque
1044 3971 1251 4021 nostro
1308 3980 1447 4035 rege
1505 3970 1562 4020 et
1616 3965 1978 4036 imperatore
2018 3963 2266 4019 domino
2322 3963 2446 4019 Ma-

791 4054 968 4111 nuele
996 4056 1303 4111 Comneno
1331 4056 1389 4109 in
1419 4054 1635 4111 eodem
1678 4054 1908 4125 tropico
1948 4051 2250 4117 conclavi;
2292 4052 2446 4108 assi-

788 4145 1071 4201 dentibus
1101 4144 1343 4200 sublimi
1373 4145 1672 4215 majestati
1712 4145 1862 4214 ejus,
1915 4142 2168 4214 despota
2198 4140 2446 4198 amabili

789 4251 1011 4307 genero
1038 4242 1258 4291 sancta:
1288 4235 1616 4306 majestatis
1647 4234 1777 4305 ejus
1806 4233 2056 4289 domino
2079 4232 2445 4297 Alexio,san-

789 4326 1057 4382 ctissimo
1088 4333 1143 4381 et
1190 4326 1562 4381 necumenico
1603 4324 1949 4396 patriarcha
1978 4324 2225 4378 domino
2250 4326 2442 4390 Luca;

789 4417 1170 4473 sanctissimo
1210 4415 1553 4487 patriarcha
1585 4413 1751 4469 urbis
1806 4414 1907 4469 Dei
1947 4428 2181 4482 magnae
2247 4412 2445 4468 Antio-

788 4506 937 4561 chia;
986 4506 1235 4561 domino
1267 4504 1593 4560 Athanasio
1622 4522 1634 4571 ;
1687 4503 2069 4560 sanctissimo
2101 4502 2445 4575 patriarcha

2558 3289 2917 3359 ὠμοφώνησαν
2983 3291 3074 3338 xui
3144 3282 3318 3348 οὐδεὶς
3391 3284 3668 3357 ὑπελείφθη
3730 3281 4020 3356 διχονοῶν,
4079 3285 4167 3353 γέ-

2556 3394 2674 3447 γονε
2709 3395 2800 3426 και
2852 3377 2995 3449 παρὰ
3048 3377 3253 3427 πάντων
3316 3375 3347 3432 ἡ
3402 3373 3632 3446 εὐφημία
3669 3375 3795 3446 μηνὶ
3852 3376 3942 3424 καὶ
4001 3366 4169 3422 ἰνδικ-

2557 3472 2704 3516 τιῶνι
2730 3470 2837 3524 τοῖς
2866 3466 3353 3539 προφεγραμμίνοις
3381 3465 3528 3526 ἔτους
3560 3458 3744 3536 σχοδ’.

3191 3628 3425 3678 ΠΡΔΞΙΣ
3453 3622 3526 3680 Γ.

2626 3756 2767 3810 Μηνὶ
2796 3754 3016 3827 Μαρτίῳ
3048 3751 3193 3823 ἕκτῃ,
3223 3753 3392 3824 ἡμέρᾳ
3422 3755 3601 3824 πρώτῃ
3648 3744 3970 3809 ἰνδικτιῶνος
3993 3742 4088 3799 ιδ’·

2628 3877 2695 3936 α’.
2750 3879 3150 3952 Προκαθημένου
3202 3884 3296 3929 τοῦ
3356 3877 3669 3929 θεοστέπτου
3734 3877 4020 3947 κρατίστου
4072 3876 4167 3925 xui

2557 3966 2708 4039 ἁγίου
2746 3968 2892 4039 ἡμῶν
2916 3964 3175 4039 βασιλέως
3195 3972 3285 4019 xui
3316 3964 3694 4039 αὐτοκράτορος
3724 3970 3887 4038 κυροῦ
3913 3961 4166 4020 Μανουὴλ

2554 4065 2647 4111 τοῦ
2679 4063 2948 4130 Κομνηνού
2986 4056 3037 4109 ἐν
3066 4064 3125 4128 τῇ
3156 4056 3284 4128 αὐτῇ
3318 4057 3527 4128 ύπερῴα
3577 4061 3797 4128 τροπικῇ
3835 4070 3847 4083 ’
3884 4048 4163 4127 συνεδριά-

2560 4151 2749 4211 ζόντων
2777 4154 2850 4217 τῷ
2879 4145 3033 4219 ἕνθέῳ
3052 4148 3231 4221 κράτει
3270 4145 3433 4198 αὐτοῦ
3469 4152 3561 4197 τοῦ
3593 4141 3854 4197 δεσπότου
3886 4146 3979 4195 καὶ
4016 4161 4165 4216 περι-

2555 4240 2790 4295 ποθήτου
2824 4235 3067 4309 γαμϐροῦ
3116 4243 3213 4297 τῆς
3250 4234 3401 4307 ἁγίας
3458 4233 3616 4287 αὐτοῦ
3665 4231 3936 4306 βασιλείας
3998 4239 4164 4304 κυροῦ

2559 4326 2793 4390 Ἀλεξίου
2828 4342 2841 4356 ⁶
2875 4333 2968 4378 τοῦ
3000 4324 3295 4397 ἁγιωτάτου
3322 4328 3412 4378 καὶ
3441 4323 3798 4395 οἱκουμενικοῦ
3823 4323 4167 4394 πατριάρχου

2556 4425 2719 4491 κυροῡ
2747 4420 2930 4470 Λουκᾶ
2961 4431 2974 4445 ⁶
3016 4422 3110 4467 τοῦ
3140 4414 3438 4487 ἁγιωτάτου
3470 4413 3808 4488 πατριοζοχου
3830 4410 4164 4473 Θεουπόλεως

2556 4506 2788 4582 μεγάλης
2811 4506 3136 4577 Ἀντιοχείας
3163 4511 3327 4577 κυροῡ
3357 4502 3673 4556 Ἀθανασίου
3709 4518 3722 4532 ·
3768 4504 3859 4553 xui
3884 4508 3975 4553 τοῦ
4006 4498 4168 4572 ἁγιω-

787 4595 1338 4667 Hierosolymorum
1367 4594 1614 4651 domino
1676 4594 2049 4666 Nicephoro;
2104 4572 2443 4649 astantibus
2474 4572 2519 4630 D

2397 4609 2443 4648 ts
2474 4572 2519 4630 Β
2556 4572 2715 4649 τάτου
2733 4572 3072 4671 πατριάρχου
3092 4572 3458 4668 Ἱεροσολύμων
3473 4598 3636 4665 κυροῦ
3656 4594 3956 4663 Νικηφόρον
3970 4603 3985 4618 ⁸
4009 4608 4166 4663 παρι-

784 4684 1012 4757 potenti
1040 4692 1371 4755 sanctoque
1424 4688 1631 4738 nostro
1662 4683 1787 4752 regi
1841 4682 2210 4738 amabilibus
2260 4698 2446 4755 nepo-

787 4774 946 4831 tibus
977 4775 1127 4846 ejus,
1152 4773 1291 4828 ﬁliis
1322 4772 1524 4845 inclyti
1553 4772 1753 4829 fratris
1786 4772 2123 4844 majestatis
2144 4789 2291 4835 sum,
2314 4789 2447 4844 por-

787 4864 1169 4937 phyrogeniti
1200 4870 1257 4920 et
1283 4863 1709 4919 sebastocratis
1741 4862 1976 4918 domini
2005 4862 2353 4929 Andronici,
2384 4862 2446 4919 id

784 4960 873 5013 est
898 4954 1336 5027 protovestiaro
1359 4953 1609 5010 domino
1633 4955 1946 5017 Joanne,et
1967 4952 2216 5009 domino
2241 4952 2445 5010 Alexio

789 5046 1134 5111 Comnenis;
1160 5043 1403 5102 amabili
1431 5043 1702 5118 patruele
1722 5044 1981 5117 potentis
1999 5044 2312 5117 sanctique
2331 5060 2442 5101 no-

791 5137 895 5193 stri
908 5138 1065 5205 regis
1087 5136 1337 5191 domino
1358 5136 1591 5191 Joanne
1619 5134 1929 5200 Duca,ﬁlio
1949 5132 2156 5207 inclyti
2181 5135 2441 5208 Porphy-

784 5226 1041 5296 rogeniti
1069 5231 1127 5282 et
1156 5225 1650 5282 sebastocratoris
1666 5224 1898 5281 domini
1919 5223 2445 5290 Andronici,ama-

789 5315 925 5372 bilis
954 5316 1155 5389 patrui
1186 5322 1409 5374 sancta
1426 5314 1762 5386 majestatis
1788 5316 1948 5387 ejus;
1968 5313 2216 5370 amabili
2236 5330 2449 5371 conso-

791 5406 967 5463 brino
993 5407 1253 5480 potentis
1272 5411 1330 5463 et
1349 5407 1540 5463 sancti
1564 5406 1752 5463 nostri
1774 5404 1934 5475 regis
1961 5404 2211 5461 domino
2225 5404 2451 5462 Andro-

785 5496 1202 5571 nico,Cassaris
1232 5497 1357 5555 tilio
1388 5516 1405 5569 ;
1441 5495 1811 5555 amabilibus
1841 5495 2225 5553 consobrinis
2256 5494 2453 5553 sancti

866 5644 983 5714 (39)
1013 5645 1155 5714 Pag.
1189 5644 1279 5700 44.

866 5715 985 5793 (ιο)
1014 5715 1156 5790 pag.
1184 5715 1275 5774 tu.

2558 4689 2823 4759 σταμένων
2886 4692 2959 4756 τῷ
3017 4692 3251 4759 κραταιῷ
3299 4688 3391 4736 xui
3430 4681 3560 4755 ἁγίῳ
3610 4682 3755 4754 ἡμῶν
3800 4678 4014 4753 βασιλεῖ
4062 4686 4166 4731 τῶν

2554 4777 2916 4851 περιποθήτων
2942 4772 3164 4845 ἀνεψιῶν
3214 4772 3396 4844 αὐτοῦ,
3441 4779 3544 4824 τῶν
3587 4773 3712 4823 υἱῶν
3766 4778 3856 4822 τοῦ
3914 4764 4167 4841 ἀοιδίμου

2554 4862 2879 4940 αύταδέλφου
2919 4873 3013 4928 τῆς
3058 4864 3215 4937 ἁγίας
3266 4864 3429 4917 αὐτοῦ
3484 4860 3761 4936 βασιλείας
3808 4877 4164 4935 πορφυρογεν-

2552 4960 2711 5015 νήτου
2802 4959 2893 5009 καὶ
2977 4953 3454 5027 σεϐαστοκράτορος
3541 4958 3703 5026 κυροῦ
3783 4944 4167 5025 Ἀνδρονίκου,

2551 5055 2645 5100 τοῦ
2698 5066 2753 5101 τε
2807 5043 3251 5121 πρωτοσεϐαστοῦ
3318 5046 3409 5097 xui
3460 5039 3943 5118 πρωτοϐεστιαρίου
4000 5046 4167 5113 κυροῦ

2555 5135 2815 5205 Ἰωάννου,
2880 5140 2971 5189 καὶ
3013 5140 3107 5187 τοῦ
3176 5140 3340 5209 κυροῦ
3398 5131 3632 5195 Ἀλεξίου
3680 5138 3782 5183 τῶν
3836 5135 4113 5202 Κομνηνῶν
4152 5149 4167 5163 ·

2554 5233 2647 5280 τοῦ
2696 5227 3053 5300 περιποθήτου
3092 5219 3375 5297 ἕξαδελφου
3432 5229 3526 5275 τοῦ
3567 5226 3818 5295 κραταιοῦ
3870 5224 3962 5272 xui
4013 5218 4170 5291 ἁγίου

2556 5318 2704 5389 ἡμῶν
2768 5314 3030 5389 βασιλέως
3099 5320 3267 5388 κυροῦ
3344 5312 3583 5367 Ἰωάννου
3652 5316 3745 5371 τοῦ
3803 5311 3993 5377 Δούκα,
4072 5315 4171 5361 τοῦ

2555 5404 2676 5459 υἱοῦ
2723 5412 2817 5460 τοῦ
2880 5400 3132 5480 ἀοιδίμου
3198 5406 3690 5479 πορφυρογεννήτου
3756 5403 3849 5452 xui
3913 5396 4172 5451 σεϐαστο-

2558 5498 2808 5574 κράτορος
2853 5502 3017 5573 κυροῦ
3082 5489 3424 5572 ’Δνδρονίκου
3478 5498 3573 5545 τοῦ
3620 5490 3976 5568 περιποθήτου
4027 5488 4171 5542 θείου

2632 5642 2748 5722 (ιι)
2784 5643 2927 5716 pag.
2950 5642 3045 5704 ιο.
