4480 6430
268 419 358 478 253

270 553 350 606 τῆς
393 545 547 616 ἁγίας
578 544 739 596 αὐτοῦ
770 543 1041 617 βασιλείας
1064 562 1078 576 ⁶
1115 552 1206 597 τοῦ
1248 548 1599 621 περιποθήτου
1640 543 1851 615 ἀνεψιοῦ
1882 546 1929 599 Α

268 641 345 685 τοῦ
376 641 630 707 κραταιοῦ
659 638 750 685 καὶ
791 634 944 704 ἁγίου
973 636 1118 706 ἡμῶν
1159 633 1413 705 βασιλέως
1450 642 1613 708 κυροῦ
1637 630 1850 706 Ἀνδρο-

270 728 404 774 νίκου
436 742 527 773 του
556 725 673 773 υἱοῦ
692 729 785 774 τοῦ
817 728 1078 795 Καίσαρος
1096 737 1110 752 ⁸
1142 732 1239 774 τῶν
1255 724 1614 796 περιποθήτων
1633 720 1853 791 ἀνεψιῶν

272 818 348 862 τοῦ
376 809 636 882 βασιλέως
656 813 800 883 ήμῶν
822 819 913 863 τοῦ
951 811 1127 881 ἁγίου,
1159 820 1258 862 τῶν
1292 813 1737 882 Κοντοστεφάνων,
1762 815 1853 861 τοῦ

273 920 319 953 τε
343 905 527 973 κυρίου
558 900 796 954 Ἰωάννου
825 906 914 953 καὶ
941 910 1034 953 τοῦ
1072 908 1233 975 κυροῦ
1262 901 1491 963 Ἀλεξίου
1522 918 1533 931 ·
1571 909 1671 952 τῶν
1709 918 1853 972 περι-

272 992 500 1046 ποθήτων
541 988 762 1060 ἀνεψιῶν
802 997 895 1042 τοῦ
934 988 1188 1062 βασιλέως
1235 992 1382 1062 ἡμῶν
1426 998 1517 1042 τοῦ
1556 990 1728 1060 ἁγίου,
1757 996 1854 1040 τῶν

273 1081 385 1130 υἱῶν
411 1086 505 1130 τοῦ
553 1083 846 1153 μακαρίτου
903 1081 1255 1153 περιποθήτου
1295 1077 1533 1153 γαμϐροῦ
1587 1086 1676 1139 τῆς
1702 1078 1856 1148 ἁγίας

274 1168 422 1219 αὐτοῦ
453 1166 726 1239 βασιλείας
757 1175 849 1221 τοῦ
876 1167 1501 1241 πανσεϐαστοῦπερτάτου
1541 1174 1701 1242 κυροῦ
1733 1175 1859 1220 Θεο-

274 1252 436 1330 δώρου
460 1264 553 1308 τοῦ
587 1259 879 1323 Βατάτςου,
912 1266 1004 1309 τοῦ
1024 1277 1077 1310 τε
1106 1265 1272 1330 κυροὺ
1299 1253 1633 1329 Ἀνδρονίκου
1655 1261 1855 1308 καὶτοῦ

270 1353 419 1418 ιυροῦ
449 1344 677 1407 Ἀλεξίου
701 1360 715 1373 ·
747 1353 840 1397 τοῦ
881 1348 1230 1420 περιποθήτου
1258 1342 1534 1417 ίξαδίλφου
1566 1354 1657 1397 τοῦ
1695 1344 1855 1417 βασι-

270 1432 379 1493 λέως
408 1434 553 1505 ἡμῶν
583 1441 676 1485 τοῦ
720 1433 893 1505 ἁγίου,
936 1442 1098 1507 κυροῦ
1132 1436 1366 1488 Ἰωάννου
1408 1442 1499 1487 τοῦ
1549 1437 1716 1486 Δοὺκα
1766 1440 1856 1485 τοῦ

272 1524 375 1572 υἱοῦ
402 1529 495 1573 τοῦ
522 1518 773 1594 ἀοιδίμου
823 1528 1092 1597 Καίσαρος
1114 1532 1206 1575 τοῦ
1238 1528 1505 1597 Βρυεννίου
1530 1540 1543 1553 ’
1577 1530 1668 1574 τοῦ
1708 1541 1857 1596 περι-

271 1612 489 1668 ποθήτου
545 1608 827 1683 ὶξαδῦ.φου
877 1621 969 1664 τοῦ
1029 1611 1287 1684 βασιλέως
1341 1614 1487 1685 ἡμῶν
1530 1620 1622 1663 τοῦ
1680 1611 1853 1681 ἁγίου,

270 1708 417 1773 κυρου
449 1700 678 1762 Ἀλεξίου
708 1709 801 1753 τοῦ
835 1708 1074 1773 Κομήνοῦ
1121 1710 1214 1753 τοῦ
1253 1704 1370 1753 υἱοῦ
1400 1710 1491 1753 τοῦ
1529 1718 1858 1772 πανυπερσε-

273 1788 499 1842 ϐἀστου·
560 1800 659 1842 τῶν
716 1794 1077 1865 περιποθήτων
1136 1788 1426 1863 ἐξαδελφων
1464 1798 1557 1843 τοῦ
1600 1789 1860 1862 βασιλέως

272 1880 404 1949 ἡμῶν
432 1887 526 1931 τοῦ
548 1879 722 1950 ἁγίου,
751 1888 852 1931 τῶν
881 1883 1005 1932 υἱῶν
1034 1882 1386 1956 περιποθήτου
1421 1882 1553 1933 θείου
1584 1888 1675 1939 τῆς
1705 1878 1861 1949 ἁγίας
1889 1884 1930 1941 Β

275 1965 420 2017 αὑτοῦ
448 1965 725 2039 βασιλείας
746 1974 841 2019 τοῦ
876 1968 1503 2042 πανσεϐαστοῦπερτάτου
1531 1974 1690 2041 κυροῦ
1719 1973 1857 2019 Κων-

277 2058 537 2107 στάντίνου
590 2063 683 2107 τοῦ
714 2055 983 2127 Ἀγγίλου,
1032 2064 1124 2109 τοῦ
1182 2076 1235 2109 τε
1276 2064 1438 2129 κυροῦ
1464 2058 1722 2125 Ἰωαννου,
1766 2062 1858 2106 τοῦ

274 2152 421 2217 κυροῦ
453 2144 703 2215 Ἀλεξίου,
736 2153 830 2196 τοῦ
859 2146 1021 2218 κυροῦ
1050 2142 1406 2219 Ἀνδρονίκου,
1441 2151 1530 2197 καὶ
1559 2154 1649 2197 τοῦ
1697 2152 1859 2217 κυροῦ

277 2232 529 2286 Ἰσααχίου
553 2247 568 2262 ⁸
598 2242 689 2286 τοῦ
714 2234 1080 2287 πανσεϐάστου
1112 2234 1370 2287 σεϐαστοῦ
1395 2240 1483 2287 καὶ
1504 2233 1742 2309 γαμϐροῦ
1770 2242 1859 2286 τοῦ

274 2331 513 2393 κραταιοῦ
546 2328 634 2375 καὶ
666 2324 819 2395 ἁγίου
847 2326 992 2395 ἡμῶν
1020 2322 1278 2397 βασιλέως
1317 2332 1479 2396 χυροῦ
1507 2326 1742 2376 Ἰωάννου
1770 2332 1860 2376 τοῦ

276 2416 697 2474 Καντακουζήνοῦ
722 2429 735 2443 ⁸
768 2420 859 2464 τοῦ
902 2412 1266 2465 πανσεϐάστου
1317 2411 1572 2465 σεϐαστοῦ
1611 2416 1700 2465 καὶ
1725 2432 1860 2485 γαμ-

276 2498 391 2573 ϐροῦ
419 2509 511 2553 τοῦ
564 2500 826 2573 βασιλέως
872 2504 1017 2573 ἡμῶν
1068 2509 1159 2553 τοῦ
1214 2502 1365 2573 ἁγίου
1402 2509 1564 2574 κυροῦ
1598 2508 1864 2554 Κωνστανι

275 2592 403 2640 τίνου
432 2597 526 2642 τοῦ
555 2594 725 2643 Δούκα
748 2611 760 2624 ’
795 2598 885 2643 τοῦ
915 2589 1278 2643 πανσεϐάστου
1309 2590 1565 2643 σεϐαστοῦ
1595 2597 1684 2642 καὶ
1723 2611 1862 2662 γαμ-

276 2676 391 2751 ϐροῦ
440 2688 534 2731 τοῦ
583 2687 837 2753 κραταιοῦ
886 2685 975 2732 καὶ
1014 2680 1165 2751 ἁγίου
1196 2682 1342 2751 ἡμῶν
1389 2678 1667 2753 βασιλέως,
1705 2686 1865 2752 κυροῦ

277 2766 452 2843 Ἰωσήρ
484 2776 580 2821 τοῦ
609 2774 909 2844 Βρυεννίου·
961 2777 1053 2821 τοῦ
1096 2769 1460 2822 πανσεϐάστου
1495 2769 1753 2822 σεϐαστοῦ
1778 2774 1867 2821 καὶ

275 2858 504 2930 γαμϐροῦ
536 2867 628 2911 τοῦ
660 2858 917 2931 βασιλέως
946 2862 1092 2931 ἡμῶν
1136 2868 1228 2912 τοῦ
1256 2863 1409 2931 ἁγίου
1440 2868 1600 2931 κυροῦ
1630 2860 1866 2912 Ἰωάννου

277 2952 359 2996 τοῦ
400 2944 768 3020 Ἀρϐαντινοῦ·
824 2955 915 2999 τοῦ
972 2950 1337 3000 πανσεϐάστου
1392 2947 1650 3000 σεϐαστοῦ
1706 2954 1868 3019 κυροῦ

279 3038 475 3098 Λέοντος
504 3044 599 3088 τοῦ
646 3040 943 3109 Καμύτερος
964 3053 977 3066 ⁶
1009 3044 1102 3088 τοῦ
1143 3036 1503 3089 πανσεϐάστου
1544 3044 1707 3109 κυροῦ
1734 3037 1869 3088 Ἀλε-

279 3122 379 3184 ξίου
442 3134 536 3177 τοῦ
588 3132 789 3199 Βρανᾶ·
844 3134 935 3177 τοῦ
990 3125 1357 3179 πανσέϐάστου
1400 3125 1658 3178 σιϐαστοῦ
1706 3133 1869 3197 κυροῦ

276 3210 545 3267 Γουδελίου
570 3222 663 3267 τοῦ
691 3211 1015 3275 Τζικανδίλη
1042 3236 1054 3247 ·
1097 3222 1189 3266 τοῦ
1215 3214 1580 3267 πανσεϐάσντου
1611 3214 1867 3267 σεϐαστοῦ
1897 3236 1938 3291 C

276 3311 426 3375 κυροῦ
478 3303 711 3366 Ἀλεξίου
758 3311 853 3355 τοῦ
904 3309 1199 3376 Κομνηνοῦ’
1262 3312 1350 3355 τοῦ
1390 3303 1750 3356 πανσεϐάστου
1783 3323 1868 3355 σε·

276 3390 461 3445 ϐαστοῦ
491 3399 582 3446 καὶ
612 3392 841 3465 μεγάλου
873 3393 1238 3466 ἐταιρειάρχου
1278 3401 1439 3466 κυροῦ
1482 3398 1739 3467 Γεωργίου
1778 3400 1869 3444 τοῦ

277 3481 654 3555 Παλαιολὸγου·
704 3490 798 3535 τοῦ
840 3482 1205 3536 πανσεϐάστου
1257 3482 1513 3535 σεϐαστοῦ
1566 3488 1656 3535 καὶ
1712 3483 1870 3535 αὐτα-

277 3564 452 3643 δελφου
502 3571 665 3623 αὑτοῦ
709 3578 871 3645 κυροῦ
922 3576 1315 3623 Κωνσταντίνου
1341 3588 1353 3600 ·
1386 3579 1476 3623 τοῦ
1505 3570 1869 3623 πανσεϐάστου

277 3658 525 3712 σεϐαστοῦ
546 3667 713 3733 κυροῦ
740 3658 970 3722 Ἀλεξίου
1006 3668 1097 3711 τοῦ
1126 3658 1482 3731 Παλαιολόγου
1506 3682 1518 3693 ·
1566 3668 1656 3712 τοῦ
1686 3680 1849 3713 πανσε

276 3746 462 3802 ϐάστου
532 3749 797 3802 σεϐαστοῦ
863 3754 951 3801 καὶ
1008 3749 1234 3821 μεγάλου
1294 3745 1651 3823 δρουγγαρίου
1710 3757 1872 3824 κυροῦ

277 3837 607 3915 Ἀνδρονίκου
657 3846 749 3892 τοῦ
810 3845 1131 3913 Καματηροῦ
1158 3862 1168 3872 ·
1224 3843 1341 3891 τοῦ’
1378 3839 1742 3893 πανσεϐάστου
1784 3860 1872 3893 σε·

276 3926 462 3982 ϐαστοῦ
493 3937 661 4004 κυροῦ
693 3928 933 3981 Ἰωάννου
954 3936 1046 3980 τοῦ
1076 3930 1490 4000 Κοντοστεφάνου
1517 3950 1528 3961 ·
1561 3938 1651 3981 τοῦ
1681 3948 1872 3980 πανσε-

274 4016 457 4072 ϐάστου
493 4018 760 4072 σεϐαστοῦ
789 4022 880 4070 καὶ
935 4022 1353 4091 πρωτονοταρίου
1396 4025 1555 4091 κυροῦ
1605 4018 1875 4071 Βασιλείου

271 4116 355 4161 τοῦ
385 4115 711 4182 Καματήροῦ
728 4129 739 4140 ·
771 4115 863 4159 τοῦ
879 4105 1691 4183 πρωτονωϐελισσιμοῦπερτάτου
1713 4114 1876 4182 κυροῦ

271 4198 485 4270 Μιχαὴλ
504 4206 602 4251 τοῦ
621 4196 875 4267 Ἀγγελου
893 4218 905 4229 ·
940 4203 1029 4248 τοῦ
1056 4194 1875 4272 πρωτονωϐελισσιμοῦπερτάτοῦ

270 4285 536 4359 λογοθέτου
559 4295 659 4340 τοῦ
696 4280 896 4361 δρόμου
933 4290 1023 4337 καὶ
1051 4285 1435 4359 ὀρφανοτρόφου
1466 4294 1627 4360 κυροῦ
1653 4284 1877 4358 Μιχαὴλ

270 4386 354 4428 τοῦ
380 4372 860 4451 Ἀγιοθεοδωρίτου
881 4396 893 4408 ο
927 4382 1020 4427 τοῦ
1058 4373 1875 4451 πρωτονωϐελισσιμοῦπερτάσου

271 4464 346 4519 ἐπὶ
376 4475 465 4519 τοῦ
499 4464 811 4520 Κανικλείου
833 4472 996 4538 κυροῦ
1019 4464 1256 4518 Ἰωάννου
1284 4472 1375 4517 τοῦ
1402 4471 1751 4540 Καματήροῦ.
1784 4471 1877 4517 τοῦ

268 4557 843 4631 μεγαλεπιφανεστάτου
866 4562 1339 4628 πρωτοασήκρῆτις
1376 4562 1468 4607 τοῦ
1507 4552 1877 4629 Μακρεμϐολι-
1907 4597 1950 4652 D

268 4665 378 4698 του·
432 4668 529 4699 του
582 4642 1151 4719 πρωτονωϐελισσίμου
1206 4650 1295 4697 καὶ
1325 4643 1564 4718 ἐπάρχου
1604 4644 1875 4698 Βασιλείου

268 4744 352 4788 τοῦ
379 4742 738 4810 Καματήροῦ·
771 4741 863 4786 τοῦ
908 4732 1470 4807 πρωτονωϐελισσίμσυ
1498 4733 1581 4787 ἐπὶ
1627 4743 1726 4787 τῶν
1758 4731 1879 4794 δεή-

270 4844 386 4877 σεων
414 4832 505 4879 καὶ
538 4826 777 4899 φύλακος
795 4823 1021 4896 Μιχαὴλ
1040 4826 1139 4876 τάῦ
1172 4830 1517 4899 Καματηρου·
1550 4831 1643 4878 τοῦ
1667 4844 1877 4900 πρωτο-

267 4916 646 4990 νωϐελισσίμου
685 4914 955 4969 Ἰσαακίου
979 4920 1071 4966 τοῦ
1103 4912 1443 4967 Ἀκολούθου·
1491 4922 1584 4967 τοῦ
1631 4912 1875 4968 νωϐε).ισο

270 5011 419 5079 σίμου
446 5012 537 5059 καὶ
563 5008 925 5081 πριμιχήρίου
957 5011 1055 5055 τῶν
1076 4999 1461 5078 βαρδαριωτῶν
1482 5004 1754 5058 Βασιλείου
1786 5000 1876 5057 τοῦ

266 5096 538 5172 Τριψύχου
560 5117 574 5131 ο
608 5103 709 5148 τοῦ
734 5091 1153 5168 νωϐελλισσίμου
1197 5098 1288 5147 καὶ
1334 5098 1685 5170 κοιαίστωρος
1715 5100 1877 5169 Γεωρ-

264 5192 373 5256 γίου
401 5195 494 5240 τοῦ
524 5185 799 5258 Μαγγάνη
818 5200 830 5213 ·
864 5191 957 5236 τοῦ
1003 5182 1583 5257 μεγαλεπιφανεστάτου
1605 5180 1878 5237 δικαιοδό-

1575 420 1662 478 ΤΗ
1671 415 1919 478 ESAURI
1955 415 2085 479 LIB.
2132 421 2285 481 XXV.

3506 429 3614 483 254

1960 547 2149 602 nostri
2173 549 2329 617 regis
2357 549 2884 621 Contostephanis,
2905 548 3154 604 domino
3183 550 3413 605 Joanne
3435 552 3493 605 et
3512 548 3618 604 do-

1962 634 2129 691 mino
2187 636 2435 702 Alexio;
2518 636 2881 693 amabilibus
2967 636 3346 692 consobrinis
3426 636 3618 693 sancti

1961 724 2149 779 nostri
2188 726 2371 792 regis,
2404 726 2545 781 ﬁliis
2572 725 2730 780 beati
2760 732 2817 780 et
2839 724 3119 781 amabilis
3158 725 3362 794 generi
3395 729 3619 781 sanctae

1962 811 2290 881 majestatis
2352 815 2521 884 ejus,
2569 812 2934 885 pansebasto
2985 813 3319 868 celsissimo
3369 813 3621 869 domino

1960 900 2270 955 Theodoro
2330 904 2607 967 Vatatze,
2667 906 2724 956 et
2782 902 3032 956 domino
3108 901 3452 957 Andronico
3486 944 3499 968 ,
3562 906 3621 957 et

1962 987 2212 1044 domino
2273 990 2513 1055 Alexio;
2564 990 2811 1047 amabili
2865 990 3130 1061 patruele
3176 991 3366 1046 sancti
3428 977 3618 1046 nostri

1961 1077 2117 1146 regis
2156 1078 2406 1134 domino
2461 1081 2692 1136 Joanne
2743 1081 2903 1135 Duca
2948 1078 3073 1133 ﬁlio
3128 1080 3331 1151 inclyti
3372 1078 3619 1135 Caesaris

1964 1166 2284 1237 Bryennii;
2336 1168 2583 1223 amabili
2640 1167 2907 1240 patruele
2968 1168 3155 1223 sancti
3213 1168 3398 1222 nostri
3437 1168 3617 1238 regis,

1963 1254 2213 1311 domino
2241 1256 2441 1312 Alexio
2474 1260 2779 1313 Comneno
2819 1256 2941 1312 ﬁlio
2981 1256 3330 1329 pansebasti
3370 1256 3622 1312 celsissi-

1966 1345 2095 1411 mi;
2152 1346 2519 1401 amabilibus
2586 1346 2957 1418 patruelibus
3023 1346 3215 1401 sancti
3280 1346 3467 1401 nostri
3534 1362 3622 1402 re-

1966 1432 2077 1502 gis,
2111 1433 2249 1488 ﬁliis
2281 1434 2561 1489 amabilis
2610 1435 2805 1506 patrui
2857 1438 3076 1490 sanctae
3105 1434 3436 1504 majestatis
3467 1435 3620 1505 ejus,

1965 1521 2312 1593 pansebasti
2363 1523 2671 1578 celsissimi
2720 1522 2948 1577 domini
2990 1523 3359 1577 Constantini
3390 1522 3619 1592 Angeli,

1965 1609 2216 1665 domino
2270 1613 2533 1676 Joanne,
2591 1611 2841 1666 domino
2900 1610 3130 1675 Alexio,
3187 1610 3438 1666 domino
3502 1617 3622 1666 An-

1966 1697 2238 1765 dronico,
2281 1705 2338 1754 et
2368 1699 2616 1755 domino
2649 1700 2915 1765 lsaacio;
2963 1700 3333 1771 pansebasto
3379 1699 3624 1755 sebasto

1967 1793 2025 1843 et
2053 1803 2272 1857 genero
2312 1789 2566 1861 potentis
2599 1789 2909 1861 sanctique
2950 1789 3135 1844 nostri
3180 1790 3334 1860 regis
3374 1789 3623 1845 domino

1964 1877 2197 1933 Joanne
2249 1880 2703 1944 Cantacuzeno;
2746 1878 3109 1949 pansebasto
3155 1878 3393 1934 sebasto
3432 1882 3490 1933 et
3529 1893 3626 1948 ge-

1963 1982 2110 2022 nero
2172 1968 2361 2022 sancti
2438 1968 2596 2037 regis
2656 1967 2847 2022 nostri
2912 1966 3162 2021 domino
3231 1967 3620 2023 Constantino

1966 2057 2176 2122 Duca;
2246 2056 2613 2127 pansebasto
2676 2056 2914 2111 sebasto
2982 2062 3038 2110 et
3104 2072 3323 2124 genero
3362 2057 3621 2127 potentis

1964 2144 2123 2216 regis
2186 2146 2373 2199 nostri
2425 2145 2674 2200 domino
2718 2145 2977 2215 Josepho
3032 2144 3359 2216 Bryennio;
3404 2159 3620 2216 panse-

1965 2231 2140 2289 basto
2177 2233 2421 2290 sebasto
2460 2237 2517 2289 et
2565 2248 2785 2302 genero
2835 2234 3020 2289 sancti
3077 2234 3231 2304 regis
3292 2234 3481 2289 nostri
3518 2232 3624 2291 do-

1970 2322 2136 2377 mino
2210 2324 2438 2377 Joanne
2500 2322 2870 2387 Arbantino;
2950 2322 3314 2394 pansebasto
3378 2323 3627 2378 sebasto

1970 2411 2219 2467 domino
2289 2411 2481 2467 Leone
2549 2412 2905 2484 Camytere;
2957 2411 3325 2483 pansebasto
3387 2411 3628 2468 sebasto

1971 2500 2226 2555 domino
2258 2500 2462 2556 Alexio
2503 2503 2741 2567 Brana;
2814 2501 3183 2572 pansebasto
3230 2500 3474 2557 sebasto
3527 2501 3633 2555 do-

1973 2590 2139 2645 mino
2202 2589 2530 2661 Nicephoro
2576 2590 2913 2661 Bryennio;
2967 2589 3333 2662 pansebasto
3394 2589 3636 2645 sebasto

1973 2679 2223 2735 domino
2265 2680 2511 2735 Gudelio
2562 2679 2887 2735 Tzicandile
2922 2699 2934 2747 ;
2977 2679 3344 2751 pansebasto
3396 2678 3638 2735 sebasto

1975 2769 2225 2824 domino
2286 2769 2493 2824 Alexio
2558 2772 2865 2825 Comneno
2920 2785 2931 2822 :
2984 2769 3351 2839 pansebasto
3396 2767 3637 2823 sebasto

1975 2862 2031 2915 et
2094 2874 2321 2927 magno
2382 2858 2773 2914 hetaeriarcha
2822 2858 3070 2913 domino
3110 2858 3361 2927 Georgio
3414 2857 3637 2914 Palaeo-

1973 2947 2156 3017 logo;
2199 2948 2565 3018 pansebasto
2615 2948 2857 3003 sebasto
2907 2946 3084 3002 fratre
3153 2947 3283 3017 ejus
3345 2961 3637 3015 germano

1975 3038 2224 3093 domino
2257 3037 2646 3092 Constantino
2673 3055 2685 3104 ;
2719 3036 3088 3109 pansebasto
3115 3036 3355 3091 sebasto
3386 3035 3636 3092 domino

1975 3126 2178 3181 Alexno
2203 3125 2538 3195 Palaeologo
2572 3144 2585 3189 ;
2620 3127 2994 3198 pansebasto
3046 3125 3286 3181 sebasto
3316 3130 3372 3180 et
3412 3140 3638 3195 magno

1976 3213 2307 3284 drungario
2370 3215 2619 3269 domino
2677 3214 3019 3269 Andronico
3082 3216 3439 3280 Camatero;
3494 3227 3641 3283 pan-

1978 3304 2217 3359 sebasto
2267 3303 2508 3358 sebasto
2555 3303 2805 3358 domino
2852 3302 3084 3358 Joanne
3107 3301 3637 3373 Contostephano;

1977 3393 2341 3464 pansebasto
2408 3392 2650 3447 sebasto
2700 3396 2755 3447 et
2798 3389 3209 3463 protonotario
3257 3390 3506 3445 domino
3538 3392 3642 3446 Ba-

1981 3480 2112 3536 silio
2165 3484 2523 3547 Camatero;
2573 3479 3128 3552 protonobilissimo
3170 3478 3498 3534 celsissimo
3538 3478 3644 3535 do-

1981 3570 2146 3625 mino
2186 3569 2463 3625 Michaele
2498 3568 2765 3638 Angela;
2808 3568 3361 3641 protonobilissimo
3387 3566 3644 3623 celcissi-

1982 3676 2082 3715 mo
2107 3659 2411 3728 logotlieta
2471 3675 2685 3713 cursus
2747 3662 2803 3713 et
2849 3657 3349 3730 orphanotropho
3393 3657 3645 3714 domino

1981 3749 2257 3807 Michaele
2301 3748 2831 3820 Hagiotheodorita
2868 3767 2881 3815 ;
2922 3747 3482 3820 protonobilissimo
3530 3747 3644 3804 cel-

1982 3838 2219 3893 sissimo
2259 3836 2513 3892 Caniclei
2556 3836 2809 3908 praaside
2847 3836 3097 3891 domino
3148 3838 3375 3891 Joanne
3434 3838 3643 3892 Cama-

1982 3930 2149 3994 tero;
2184 3941 2408 3996 magno
2457 3932 2514 3981 et
2569 3925 2968 3981 illustrissimo
3020 3925 3481 3997 protoasecretis
3520 3927 3644 3981 Ma-

1982 4015 2336 4072 crembolita
2368 4031 2380 4081 ;
2433 4015 2990 4087 protonobilissimo
3031 4020 3089 4069 et
3126 4014 3390 4087 eparcho
3430 4014 3642 4070 Basilio

1983 4107 2338 4173 Camatero;
2422 4103 2982 4177 protonobilissimo
3039 4120 3076 4160 a
3141 4103 3516 4176 supplicibus
3571 4102 3636 4159 li-

1982 4194 2155 4251 bellis
2209 4202 2267 4250 et
2316 4193 2568 4249 custode
2632 4193 2911 4249 Michaele
2958 4196 3318 4259 Camatero;
3360 4197 3647 4265 protono-

1982 4284 2276 4341 bilissimo
2316 4284 2547 4340 Isaacio
2593 4282 2925 4350 Acolutho;
2980 4282 3363 4339 nobilissimo
3410 4286 3467 4338 et
3525 4281 3645 4354 pri-

1984 4375 2228 4431 micerio
2278 4374 2763 4430 bardariotarum
2821 4372 3039 4428 Basilio
3100 4372 3478 4445 Tripsycho;
3539 4388 3645 4429 no-

1984 4463 2277 4520 bilissimo
2325 4470 2380 4519 et
2409 4468 2709 4537 quaestore
2751 4462 3003 4531 Georgio
3052 4464 3385 4530 Mangane;
3420 4475 3648 4532 magno

1984 4560 2042 4612 et
2084 4555 2483 4609 illustrissimo
2542 4551 2881 4608 dicaeodota
2929 4568 3129 4607 rerum
3176 4550 3650 4607 domesticarum

1984 4643 2295 4700 Theodoro
2350 4643 2728 4710 Pantechne;
2794 4640 3327 4713 protocuropalata
3395 4639 3649 4710 Georgio

1988 4735 2281 4808 Scylitze;
2354 4730 2888 4806 protocuropalata
2953 4738 3010 4787 et
3068 4731 3439 4803 judiciorum
3496 4746 3647 4803 prae-

1986 4824 2113 4880 side
2167 4827 2396 4880 Joanne
2448 4822 2781 4888 Carianita;
2821 4821 3192 4893 curopalatis
3247 4825 3303 4876 et
3338 4818 3648 4891 judicibus

1986 4915 2106 4970 Beli
2152 4921 2209 4970 et
2258 4911 2644 4986 hippodromi
2692 4910 3053 4982 praesidibus
3093 4909 3345 4978 Georgio
3385 4907 3651 4981 Splenia-

1984 5006 2075 5061 rio
2120 5008 2176 5060 et
2230 5001 2619 5059 Constantino
2672 5000 2989 5072 Mesarita;
3057 4998 3369 5071 judicibus
3423 4998 3540 5054 Beli
3589 5000 3649 5054 et

1984 5091 2375 5168 hippodromi
2441 5089 2805 5164 praesidibus
2871 5090 3102 5147 Thoma
3167 5087 3526 5163 Hapluchire
3590 5091 3650 5146 et

1988 5187 2181 5243 Leone
2203 5183 2649 5240 Monasteriota.

264 5295 347 5331 του
430 5281 523 5331 καὶ
600 5275 694 5330 ἕπί
778 5281 881 5326 τῶν
961 5271 1231 5327 οἰκειαχῶν
1299 5270 1579 5349 Θεοδώρου
1657 5283 1751 5328 τοῦ
1823 5281 2093 5350 Παντεχνῆ
2123 5296 2136 5309 ο
2205 5281 2296 5327 τοῦ
2365 5271 2939 5350 πρωτοκουροπαλάτου
3007 5275 3263 5345 Γεωργίου
3334 5275 3428 5321 τοῦ
3510 5275 3649 5322 Σκυ-

262 5366 401 5432 λίτζη
436 5387 449 5402 ·
546 5374 645 5421 τοῦ

743 5364 1320 5440 πρωτοκουροπαλάτου
1388 5371 1478 5419 καὶ
1542 5364 1626 5420 ἰπὶ
1693 5373 1795 5419 τῶν
1876 5372 2098 5442 κρίσεων
2154 5366 2394 5420 Ἰωάννου
2463 5372 2556 5418 τοῦ
2644 5368 2957 5439 Καριανίτου
2988 5379 3000 5391 ⁸

3079 5369 3180 5413 τῶν
3246 5358 3651 5435 κουροπαλατῶν

264 5464 343 5513 καὶ
383 5468 576 5535 κριτῶν
634 5465 734 5511 τοῦ
782 5454 948 5516 Βήλου
1006 5461 1097 5510 καὶ
1136 5453 1220 5510 ἰπὶ
1266 5452 1359 5510 τοῦ
1406 5452 1739 5535 ἱπποδρόμου
1788 5462 2048 5535 Γεωργίου
2096 5463 2190 5509 τοῦ
2248 5454 2616 5529 Σπληνιαρίου,
2672 5458 2762 5506 καὶ
2820 5455 3213 5506 Κωνσταντίνου
3276 5457 3370 5503 τοῦ
3417 5457 3652 5522 Μεσαρι-

267 5567 384 5601 του·
452 5559 553 5603 τῶν
602 5555 807 5625 κριτῶν
854 5554 946 5600 τοῦ
1003 5546 1168 5608 Βήλου
1224 5550 1317 5602 καὶ
1374 5546 1460 5602 ίπὶ
1535 5555 1629 5602 τοῦ
1688 5543 2021 5625 ἱπποδρόμου
2086 5551 2255 5622 Θωμᾶ
2296 5552 2388 5598 τοῦ
2448 5542 2821 5619 ’Δπλούχιιρος
2867 5545 2959 5596 καὶ
3012 5546 3231 5604 Λέοντος
3284 5548 3379 5593 τοῦ
3435 5546 3653 5594 Μονασ-

266 5653 351 5717 τηρ
360 5644 529 5698 mou.
