4480 6430
749 400 858 460 255

2089 404 2134 462 Ν
2141 398 2362 462 ΙΟΕΤΕ
2404 402 2777 465 ΟΗΟΝΙΔΤΛΕ

4009 406 4114 465 250

823 529 876 581 2.
941 522 1289 584 Astantibus
1354 529 1534 587 etiam
1607 528 2028 589 sacratissimis
2082 528 2479 601 episcopis,A
2588 581 2592 604 η

2345 546 2401 599 8,
2432 530 2479 583 Α
2710 542 3105 610 Περισταμενων
3163 538 3252 586 καὶ
3312 532 3599 607 ἱερωτάτων
3658 527 3966 605 ἀρχιερέων,
4023 539 4114 584 τοῦ

754 614 1050 671 Heraclea
1108 617 1426 686 Michaele,
1478 622 1661 691 Cyzici
1713 622 1932 677 Basilio
1962 665 1977 690 ,
2045 618 2404 675 Nicomedia

753 702 1054 767 Michaele,
1106 709 1374 761 Amasea
1419 708 1634 773 Niceta,
1677 709 1968 766 Melitenes
2012 708 2227 773 Niceta,
2258 708 2407 761 Gan-

755 806 1000 860 ενοι-ιω]
1055 794 1326 863 Joanne,
1395 798 1694 868 Myrorum
1764 796 2223 869 Cliristophoro,
2294 798 2408 850 Co-

754 878 937 934 rinthi
1002 881 1359 951 Theodoro,
1430 886 1795 941 Athenarum
1859 885 2141 956 Nicolao,
2193 884 2409 940 Mocesi

759 968 937 1036 Luca,
990 970 1170 1025 Creta
1215 973 1464 1037 Joanne,
1518 977 1899 1046 Trapezuntis
1952 973 2251 1038 Michaele,
2310 975 2408 1028 La-

755 1056 921 1110 rissa
994 1058 1266 1123 Joanne,
1341 1062 1823 1135 Philippopoleos
1903 1063 2160 1127 Basilio,
2220 1060 2411 1117 Rhodi

758 1146 1397 1219 Leone,Philipporum
1431 1152 1681 1220 Joanne,
1702 1151 2210 1224 Hadrianopoleos
2240 1153 2413 1207 Geor-

759 1232 878 1303 gio,
944 1234 1244 1306 Mitylencs
1294 1239 1505 1308 Pollio,
1571 1242 2000 1312 Neopatrarum
2068 1239 2408 1311 Eutbyinio,

757 1323 1180 1380 Euchaitarum
1240 1328 1671 1397 Constantino,
1725 1329 2079 1386 Amastridis
2142 1332 2407 1395 Joanne,

754 1410 1092 1467 Thebarum
1159 1416 1411 1486 Joanne,
1458 1418 1767 1474 Serrarum
1844 1418 2155 1475 Theodoro
2190 1460 2203 1483 ,
2280 1417 2413 1473 Aﬁni

756 1500 1006 1565 Joanne,
1073 1501 1312 1558 Dristra
1379 1506 1591 1571 Leone,
1658 1509 1931 1577 Corcyra
1997 1505 2409 1570 Constantino,

756 1586 953 1657 Abydi
984 1589 1285 1658 Michaele,
1333 1593 1691 1665 Methymna
1741 1594 2002 1658 Nicolao,
2038 1595 2412 1650 Lacedamo-

754 1691 868 1732 nia
900 1678 1121 1744 Niceta,
1156 1679 1326 1737 Mileti
1386 1684 1602 1739 Niceta.
1639 1686 1931 1738 Maronea
1980 1684 2197 1750 Niceta,
2238 1688 2413 1738 Arca-

756 1763 1066 1836 diopoleos
1099 1770 1509 1838 Constantino,
1543 1772 1698 1827 Parii
1736 1772 1998 1841 Nicolao,
2037 1772 2412 1828 Praconnesi

2513 625 2818 700 Ἡρακλείας
2847 628 3088 700 Μιχαὴλ,
3123 636 3213 681 τοῦ
3246 630 3478 690 Κυζίκου
3509 626 3797 698 Βασιλείου,
3830 636 3923 679 τοῦ
3961 633 4112 679 Νικο-

2517 712 2743 787 μηδείας
2774 718 3009 790 Μιχαὴλ,
3039 725 3131 770 toﬁ
3150 716 3431 790 Ἀμασείας
3457 720 3682 778 Νικήτα,
3710 723 3801 768 toﬁ
3823 715 4114 775 Μελιτηνῆς

2516 810 2561 855 Ν
2569 810 2744 871 ικήτα,
2772 815 2864 858 toﬁ
2896 812 3144 881 Γαγγρῶν
3174 806 3430 871 Ἰωάννου,
3458 812 3550 857 τοῦ
3601 807 3791 876 Μύρων
3817 808 4113 876 Χριστοφό-

2516 911 2631 965 ρου,
2665 901 2756 944 toﬁ
2790 896 3040 967 Κορίνθου
3091 890 3389 968 Θεοδώρου,
3434 900 3526 944 τοῦ
3553 893 3784 949 Ἀθηνῶν
3832 891 4111 961 Νικολάου,

2520 989 2610 1032 toﬁ
2642 989 2907 1039 Μωκησού
2933 989 3134 1052 Λουκᾶ,
3165 991 3258 1035 του
3287 987 3494 1055 Κρήτης
3521 982 3776 1053 Ἰωάννου,
3802 989 3892 1033 τοῦ
3920 989 4117 1056 Τραπε-

2522 1069 2729 1131 ζοῦντος
2768 1072 3011 1143 Μιχαὴλ,
3056 1080 3148 1124 toﬁ
3194 1076 3468 1146 Λαρίσσης
3506 1071 3762 1138 Ἰωάννου,
3809 1078 3900 1122 τοῦ
3939 1068 4115 1124 Φιλιπ-

2520 1159 2811 1221 πουπόλεως
2838 1160 3123 1227 Βασιλείου,
3146 1169 3238 1213 toﬁ
3263 1157 3446 1214 Ῥόδου
3470 1162 3708 1225 Λέοντος,
3738 1167 3830 1212 τοῦ
3853 1159 4114 1212 Φιλίππων

2525 1248 2778 1319 Ἰωάννου,
2808 1247 2900 1302 τού
2934 1251 2986 1302 Ἀ
2996 1247 3407 1323 δριανουπόλεως
3426 1254 3663 1311 Λέοντος,
3683 1256 3774 1302 toﬁ
3793 1248 4118 1324 Ἰεραπόλιως

2522 1341 2801 1408 Γεωργίου,
2857 1347 2949 1391 toﬁ
2997 1338 3301 1401 Μιτυλήνης
3347 1340 3541 1408 Πόθου,
3593 1346 3685 1390 τοῦ
3736 1342 3877 1391 Νέων
3908 1344 4119 1409 Πατρῶν

2524 1425 2810 1497 Εὐθυμίου,
2844 1435 2934 1479 toﬁ
2964 1427 3238 1500 Εύχαΐτων
3273 1431 3686 1493 Κωνσταντίνου,
3713 1434 3806 1479 τοῦ
3836 1426 4122 1499 Ἀμάστρι-

2524 1511 2612 1574 do;
2661 1515 2917 1583 Ἰωάννου,
2973 1524 3065 1569 toﬁ
3119 1522 3379 1592 Δρίστρας
3416 1520 3650 1587 Λέοντος,
3705 1522 3799 1568 toﬁ
3859 1517 4123 1589 Κερκύρας

2524 1609 2935 1674 Κωνσταντίνου,
2965 1612 3054 1657 toﬁ
3075 1602 3302 1659 Ἀϐύδου
3336 1604 3576 1677 Μιχαὴλ,
3607 1611 3698 1657 τοῦ
3728 1605 4001 1676 Μεθύμνης
4021 1610 4121 1655 Νι-

2520 1690 2729 1762 κολάου,
2763 1700 2855 1745 toﬁ
2910 1690 3336 1766 Λακεδαιμονίοις
3363 1699 3588 1758 Νικήτα,
3620 1701 3709 1745 toﬁ
3763 1692 3999 1750 Μιλήτου
4030 1698 4121 1744 Νι-

2518 1788 2674 1849 κητα,
2726 1788 2817 1832 τοῦ
2871 1786 3174 1853 Μαρωνείας
3218 1787 3443 1845 Νικήτα,
3492 1788 3584 1833 τοῦ
3637 1776 4121 1855 Ἀρκαδιουπόλεως

754 1854 1003 1922 lsaacio,
1036 1856 1311 1929 Selybria
1328 1859 1650 1931 Theodulo,
1678 1860 1843 1917 Derci
1868 1864 2119 1931 Joanne,
2141 1859 2409 1916 Anchiali
2440 1876 2479 1930 Β
2521 1874 2523 1917 ῖ

2349 1859 2409 1916 1U
2440 1876 2479 1930 Β
2521 1873 2934 1939 Κωνσταντίνου,
2983 1878 3074 1923 τοῦ
3124 1875 3322 1942 Παρίου
3368 1869 3649 1939 Νικολάου,
3682 1854 3776 1921 τοῦ
3807 1873 4118 1941 Προικοννή-

756 1942 1080 2015 Stephano.

826 2194 880 2247 3.
920 2193 1272 2249 Astantibus
1319 2195 1497 2251 etiam
1533 2196 1631 2252 Dei
1670 2196 2102 2252 amantissimis
2140 2196 2405 2252 dominis

756 2281 1111 2352 prapositis,
1172 2285 1672 2341 reverendissimo
1716 2292 1769 2341 et
1825 2301 2050 2355 magno
2090 2302 2406 2342 aconomo

754 2367 979 2439 Alexio,
1014 2387 1239 2441 magno
1266 2373 1704 2446 scevophylace
1741 2377 1988 2439 Joanne,
2039 2390 2266 2445 magno
2315 2391 2408 2430 sa-

755 2457 995 2515 cellario
1024 2461 1348 2534 Stephano,
1390 2464 1859 2536 chartophylace
1878 2467 2124 2525 Joanne,
2155 2464 2406 2520 canstri-

757 2548 847 2604 sio
881 2550 1178 2620 Samuele,
1210 2551 1613 2609 rcfercndario
1643 2554 1940 2620 Michaelc,
1965 2570 2001 2609 a
2044 2558 2410 2609 commenta-

754 2636 856 2693 riis
888 2640 1299 2707 Constantino,
1327 2641 1821 2698 hieromnemone
1844 2644 2111 2712 Georgio,
2138 2643 2409 2699 ministro

755 2742 792 2781 a
822 2727 1076 2798 genibus
1110 2730 1517 2795 Constantino,
1546 2732 1831 2802 magistro
1856 2738 2198 2787 sanctorum
2222 2733 2411 2786 Evan-

756 2816 1050 2887 geliorum
1106 2818 1368 2889 Nicolao,
1420 2821 1714 2877 monitore
1746 2822 2161 2885 i‘onstantino,
2209 2829 2409 2894 proto-

756 2907 1085 2979 praposito
1145 2907 1529 2964 ecclesiarum
1573 2909 1906 2976 Theodoro,
1940 2911 2227 2980 magistro
2254 2910 2411 2965 Basi-

753 2995 855 3065 lio,
883 3002 941 3053 et
972 2998 1239 3054 secundo
1266 2998 1507 3054 ostiario
1540 3000 1806 3071 Myrone.

827 3341 880 3396 4.
923 3338 1196 3411 Majestas
1228 3354 1364 3395 mea
1396 3337 1814 3411 subscriptura
1843 3338 1940 3395 die
1972 3338 2243 3395 secunda
2262 3354 2409 3411 pra-

757 3428 946 3485 sentis
976 3428 1159 3485 Martii
1198 3427 1439 3484 decreto
1465 3428 1705 3485 condito
1736 3433 1792 3484 et
1818 3426 1970 3484 lecto
2025 3430 2176 3484 circa
2230 3427 2411 3484 inter-

756 3517 1153 3591 pretationem
1184 3517 1513 3589 evangelici
1563 3517 1704 3574 dicti
1737 3535 1749 3573 :
1782 3519 1961 3575 Pater
2009 3534 2170 3575 meus
2215 3520 2411 3588 major

755 3624 846 3665 me
874 3614 976 3679 est,
1017 3608 1203 3665 voluit
1247 3607 1750 3681 subscriptionem
1780 3623 1953 3664 suam
1993 3623 2115 3664 non
2148 3608 2276 3664 sine
2307 3606 2411 3664 ad-

755 3698 1086 3756 ditamenta
1141 3714 1451 3772 peragere,
1516 3698 1685 3770 quod
1740 3698 1943 3771 palam
2003 3697 2224 3754 lectum
2281 3697 2409 3763 fuit,

756 3792 938 3861 atque
968 3789 1049 3845 ita
1073 3787 1152 3844 ad
1181 3787 1437 3844 litteram
1470 3803 1534 3844 se
1563 3786 1764 3844 habet.
1811 3788 2038 3860 Sequor
2086 3787 2411 3843 sententias

756 3877 1277 3935 sanctissimorum
1327 3877 1810 3951 patriarcharum
1838 3892 2147 3949 sacraque
2174 3880 2230 3931 et
2255 3876 2411 3931 diva

758 3966 1000 4040 synodi,
1034 3968 1252 4040 aioque
1281 3967 1477 4039 ipsam
1510 3965 1745 4023 Domini
1782 3982 2048 4030 carnem,
2075 3967 2129 4021 vi
2154 3965 2412 4036 conjun-

756 4057 969 4115 ctionis
998 4056 1189 4130 ipsius
1245 4056 1591 4122 exaltatam,
1618 4071 1925 4130 supraque
1955 4071 2200 4112 omnem
2225 4054 2414 4111 hono-

754 4162 885 4205 rem
914 4146 1270 4205 collocatam
1304 4147 1407 4219 (ita
1438 4151 1502 4204 ut
1552 4147 1667 4204 hoc
1698 4147 1919 4203 eximio
1947 4161 2108 4203 nexu
2135 4145 2415 4202 deiﬁcata

755 4241 853 4312 sit)
884 4238 1357 4304 immutabiliter,
1378 4238 1829 4307 invariabiliter,
1852 4237 2185 4307 inconfuse,
2210 4236 2413 4294 incon-

755 4330 1120 4400 vertibiliter,
1152 4328 1547 4403 hypostatica
1579 4328 2019 4401 coniunctionis
2042 4328 2232 4399 gratia
2256 4326 2415 4383 inse-

755 4420 1091 4495 parabilem
1118 4418 1670 4494 indivisibilemque
1692 4425 2059 4479 manentem.
2076 4416 2255 4475 simul
2275 4432 2413 4474 cum

755 4516 1104 4569 assumente
1130 4511 1327 4585 ipsam
1360 4510 1480 4568 Deo
1510 4508 1723 4580 Verbo,
1770 4509 1901 4583 pari
1950 4509 2177 4567 honore
2218 4508 2332 4565 coli
2361 4512 2417 4565 et

2520 1974 2614 2007 σου
2647 1956 2937 2024 Ἰσαακίου,
2962 1966 3055 2010 toﬁ
3118 1957 3399 2032 Σηλυϐρίας
3451 1954 3769 2023 Θεοδούλου,
3809 1964 3902 2009 τοῦ
3928 1960 4118 2031 Δίρκου

2518 2044 2775 2112 Ἰωάννου,
2804 2051 2892 2099 καὶ
2920 2054 3010 2098 toﬁ
3043 2046 3333 2119 Ἀγχιάλου
3363 2042 3636 2119 Στεφάνὸυ.

2586 2205 2657 2277 γ’.
2699 2211 3209 2280 Συμπαρισταμένων
3238 2211 3329 2260 καὶ
3361 2215 3461 2259 τῶν
3493 2206 3897 2279 θεοφιλεστάτων
3928 2202 4119 2258 δεσπο-

2515 2303 2672 2347 τικῶν
2695 2294 2982 2369 ἀρχόντων,
3016 2304 3106 2349 toﬁ
3136 2298 3421 2371 ὑπερτίμου
3460 2302 3550 2349 καὶ
3588 2296 3814 2369 μεγάλου
3845 2294 4118 2366 οἰκονόμου

2516 2384 2771 2452 Ἀλεξίου,
2800 2395 2891 2438 toﬁ
2946 2384 3172 2459 μεγάλου
3213 2385 3597 2459 σκευοφύλακος
3623 2385 3881 2450 Ἰωάννου,
3913 2390 4004 2436 toﬁ
4034 2402 4120 2455 με-

2516 2473 2679 2545 γάλου
2724 2474 3063 2550 σακελλαρίου
3096 2478 3370 2547 Στεφάνου,
3398 2483 3491 2527 toﬁ
3524 2473 3925 2548 χαρτοφύλακος
3953 2472 4121 2526 Ἰωάν-

2517 2582 2627 2628 νου,
2684 2571 2777 2615 toﬁ
2815 2569 3159 2636 κανστρισίου
3208 2564 3486 2636 Σαμουὴλ,
3543 2572 3642 2617 τοῶ
3691 2558 4121 2638 ῥαιφερενδαρίόυ

2518 2653 2761 2725 Μιχαὴλ,
2815 2661 2907 2705 toﬁ
2963 2655 3509 2727 ὑπομνηματογράφου
3564 2658 3981 2718 Κωνσταντίνου,
4032 2657 4122 2702 τοῦ

2522 2744 2887 2815 ἱερομνήμονος
2920 2748 3198 2818 Γεωργίου,
3232 2750 3323 2794 toﬁ
3350 2740 3430 2794 ἐπὶ
3460 2751 3559 2795 τῶν
3595 2744 3821 2814 γονάτων
3853 2748 4121 2794 Κωνστανυ

2519 2836 2683 2898 τίνου,
2715 2839 2804 2883 toﬁ
2835 2828 3168 2884 διδασκάλου
3192 2840 3291 2884 τῶν
3314 2832 3472 2903 ἁγίων
3493 2831 3821 2903 Εύαγγελίων
3838 2828 4121 2898 Νικολάου,

2520 2929 2612 2972 toﬁ
2663 2922 3151 2993 ὑπομιμνήσκοντος
3212 2926 3628 2991 Κωνσταντίνου,
3659 2928 3752 2973 toﬁ
3789 2926 3993 2993 πρώτου
4024 2920 4118 2993 ἆρ-

2518 3029 2711 3082 χοντος
2748 3018 2847 3061 τῶν
2901 3009 3188 3063 ἐκκλησιῶν
3233 3008 3511 3084 Θεοδώρου
3558 3017 3651 3063 τοῦ
3693 3012 3993 3084 μαίστώρος
4022 3017 4121 3060 τῶν

2517 3101 2752 3175 ῥητόρων
2799 3100 3093 3169 Βασιλείου,
3126 3105 3216 3154 καὶ
3254 3108 3345 3153 toﬁ
3404 3096 3650 3174 δευτέρου
3690 3098 3961 3171 ὀστιαριου
4010 3100 4123 3151 Μύ-

2441 3223 2480 3278 C
2518 3208 2692 3261 ρωνος.

2594 3346 2639 3402 ὁν
2671 3348 2729 3402 Ἠ
2765 3347 3015 3421 βασιλεία
3037 3368 3156 3416 μου,
3181 3347 3442 3421 μέλλουσα
3466 3346 3773 3421 ὑπογράψαι
3803 3345 3850 3399 ἐν
3889 3355 3960 3417 τῷ
3991 3348 4127 3399 κατά

2520 3442 2614 3496 τὴν
2643 3435 2888 3513 δευτέραν
2919 3446 3012 3490 τοῦ
3038 3442 3293 3513 παρόντος
3322 3441 3560 3511 Μαρτίου
3596 3440 3754 3509 μηνός
3779 3441 4009 3509 γεγονότι
4037 3440 4127 3488 καὶ

2523 3526 2904 3600 ἀναγνωσθέντι
2937 3533 3267 3601 σημειώματι
3305 3527 3391 3579 ἐπὶ
3428 3534 3490 3599 τῇ
3526 3526 3769 3602 ἐρμηνεια
3796 3533 3884 3578 toﬁ
3915 3526 4125 3598 εὐαγγε-

2519 3616 2669 3670 λικοὺ
2725 3619 2890 3692 ῥητοῦ
2934 3624 3048 3687 τοῦ,
3092 3615 3151 3668 Ὀ
3202 3620 3382 3691 Πατὴρ
3431 3635 3532 3687 μου
3582 3616 3773 3688 μείζων
3820 3618 3920 3687 μού
3965 3613 4127 3682 ἐστιν,

2521 3706 2744 3765 ἠθέλησε
2825 3708 2955 3779 μετά
3016 3707 3325 3781 προσθήκης
3389 3706 3724 3762 ποιήσασθαι
3781 3709 3875 3763 τήν
3937 3703 4129 3756 οἰκείαν

2522 3797 2851 3870 ὑπογραφὴν,
2886 3795 2916 3853 ἢ
2972 3799 3063 3847 καὶ
3094 3793 3391 3866 ἀνεγνώσθη
3442 3793 3508 3855 εἰς
3539 3793 3782 3861 ἐπήκοον,
3812 3796 4017 3866 ἔχουσα
4045 3791 4129 3845 ἐπὶ

2520 3885 2698 3949 λέξεων
2758 3887 2949 3947 οὕτως’
2993 3891 3199 3956 Στοιχῶ
3247 3891 3359 3945 ταῖς
3408 3889 3638 3956 γνώμαις
3689 3892 3788 3935 τῶν
3828 3882 4127 3955 ἁγιωτάτων

2521 3982 2871 4051 πατριαρχῶν
2900 3978 3103 4034 καὶτῆς
3129 3974 3265 4047 ἱερᾶς
3290 3976 3379 4025 καὶ
3411 3974 3549 4033 θείας
3580 3968 3827 4040 συνόδου,
3858 3975 3945 4023 καὶ
3972 3969 4125 4042 λέγω,

2522 4066 2602 4117 ὅτι
2629 4064 2761 4122 αύτη
2802 4064 2832 4122 ἡ
2865 4063 2999 4138 σὰρξ
3034 4069 3126 4115 toﬁ
3165 4066 3359 4135 Κυρίου
3390 4061 3445 4125 ἐξ
3495 4061 3659 4123 αὑτῆς
3689 4061 3912 4123 ἕνώσεως
3937 4062 4128 4133 ὑπερύ-

2521 4154 2762 4227 ψωθεῐσα
2785 4158 2875 4205 καὶ
2924 4151 3166 4205 ἀνωτάτω
3197 4154 3375 4213 πάσης
3406 4159 3564 4224 τιμῆς
3592 4152 3952 4225 ὑπερκειμένη,
3986 4153 4050 4210 ὡς
4079 4148 4131 4212 ἐξ

2522 4245 2684 4318 ἄκρας
2728 4242 2948 4303 ἐνώσεως
2979 4243 3220 4315 ὁμόθετος
3256 4245 3525 4314 γενομένη,
3569 4239 3953 4314 ἀμεταϐλήτως,
3983 4237 4133 4291 ἀναλ-

2522 4332 2768 4401 λοιώτως,
2803 4330 3120 4405 ἀσυγχύτως
3148 4335 3238 4384 καὶ
3267 4329 3529 4406 ἀτρέπτως
3574 4326 3668 4384 διὰ
3695 4335 3789 4389 τὴν
3815 4329 3932 4382 καθ’
3963 4330 4129 4381 ὑπόσ-

2523 4443 2676 4478 τασιν
2707 4423 2908 4491 ἕνωσιν,
2931 4427 3018 4476 καὶ
3043 4420 3351 4495 ἀχώριστος
3373 4426 3463 4475 καὶ
3495 4417 3863 4481 ἀδιάσπαστος
3903 4424 4133 4493 μένουσα

2525 4521 2597 4585 τῷ
2627 4512 3032 4589 προσλαϐομένῳ
3076 4510 3236 4571 αὐτὴν
3264 4519 3377 4584 Θεῷ
3408 4515 3584 4583 Λόγῳ,
3616 4508 3860 4571 ἱσοκλεῶς
3888 4508 4028 4580 αύτῷ
4058 4527 4135 4561 τι-

756 4604 1020 4671 adorari,
1050 4602 1233 4660 unica
1284 4602 1656 4671 adoratione,
1688 4602 1975 4675 regioque
2013 4606 2070 4659 et
2098 4601 2304 4659 divino
2353 4598 2415 4657 in
2447 4592 2490 4647 Ι)
2524 4664 2525 4676 χ

2363 4598 2415 4656 in
2447 4592 2490 4647 D
2524 4610 2688 4678 μᾶται
2717 4607 2807 4656 καὶ
2830 4608 3203 4675 προσκυνεῖται
3231 4607 3331 4674 μιᾷ
3365 4605 3747 4677 προσκυνήσει·
3780 4603 3870 4652 καὶ
3905 4606 4011 4659 τοῖς
4037 4595 4132 4671 βα-

756 4694 909 4752 solio
931 4695 1009 4752 ad
1033 4694 1217 4752 Patris
1239 4692 1550 4750 dexteram
1571 4692 1865 4759 residere;
1900 4696 2105 4764 utpote
2131 4708 2267 4766 qua
2292 4690 2414 4763 glo-

755 4785 948 4843 riosas
977 4782 1299 4843 divinitatis
1329 4783 1501 4841 dotes
1549 4782 1771 4856 adepta
1819 4786 1910 4839 est
1954 4781 2134 4839 salvis
2174 4785 2416 4839 natura-

753 4893 888 4935 rum
921 4875 1410 4951 proprietatibus.

826 5080 879 5133 5.
921 5077 1248 5149 Postquam
1294 5072 1475 5146 igitur
1502 5070 1817 5146 probabile
1867 5067 2265 5128 sanctissimis
2309 5087 2414 5145 pa-

754 5165 1031 5224 triarchis
1066 5180 1373 5238 sacraque
1412 5168 1468 5221 et
1496 5164 1651 5219 diva
1681 5162 1921 5235 synodo
1957 5161 2156 5218 visum
2186 5165 2277 5218 est
2298 5162 2414 5219 hoc

756 5257 1264 5319 additamentum,
1320 5256 1416 5312 cui
1467 5259 1523 5312 et
1577 5255 1692 5328 ipsi
1739 5252 2185 5323 consonabant,
2233 5256 2415 5326 prout

752 5348 1032 5423 ipsamet
1062 5346 1371 5405 sententia
1424 5346 1843 5402 demonstrant
1879 5359 2015 5417 qua
2061 5344 2123 5399 in
2175 5341 2413 5400 decreto

756 5440 995 5513 scripta
1025 5444 1166 5496 sunt
1196 5437 1325 5508 (etsi
1350 5453 1474 5494 non
1500 5437 1582 5494 ita
1616 5436 1733 5493 late
1765 5436 1826 5491 in
1867 5434 1939 5491 iis
1984 5435 2099 5491 hac
2140 5451 2324 5509 super
2350 5450 2413 5492 re

754 5529 1157 5603 perscriptum
1197 5532 1311 5600 est,
1337 5528 1483 5602 quia
1511 5526 1586 5583 de
1633 5542 1707 5583 ea
1754 5525 2002 5582 minime
2032 5540 2230 5583 sermo
2261 5524 2411 5598 fuit),

755 5620 1116 5694 subscripsit
1146 5619 1438 5691 majestas
1483 5634 1620 5674 mea
1654 5633 1793 5674 cum
1817 5616 1933 5673 hoc
1959 5615 2404 5674 additamenta.

756 5710 894 5770 Erat
917 5716 1123 5769 autem
1147 5708 1466 5767 rubricatis
1493 5706 1700 5766 litteris
1731 5706 1837 5765 sic.

2527 4694 2749 4756 σιλικοῖς
2772 4696 2862 4746 καὶ
2894 4695 3050 4754 θείοις
3101 4687 3483 4765 ἐγκαθίδρυται
3525 4693 3709 4753 θώκοις
3741 4688 3795 4742 ἐκ
3825 4686 4009 4753 δεξιῶν
4040 4696 4133 4741 toﬁ

2526 4786 2750 4860 Πατρός,
2780 4786 2845 4845 ὡς
2900 4785 2968 4836 τά
3018 4790 3115 4844 τῆς
3157 4783 3393 4843 θεότητος
3433 4781 3725 4855 αὐχήματα
3766 4778 4130 4837 καταπλουτή-

2528 4875 2690 4942 σάσα,
2722 4874 3025 4946 σωζομένων
3057 4879 3155 4925 τῶν
3184 4867 3462 4930 ἰδιοτήτων
3491 4879 3591 4924 τῶν
3623 4873 3842 4944 φύσεων.

2598 5070 2650 5128 ε’.
2680 5069 2767 5135 Ὠς
2791 5072 2879 5125 οὖν
2901 5069 3091 5147 ἀρεστὴ
3115 5076 3224 5133 τοῖς
3249 5088 3303 5124 τε
3327 5068 3639 5142 ἁγιωτάτοις
3663 5068 4022 5145 πατριάρχαις
4042 5068 4134 5118 καὶ

2522 5169 2586 5235 τῇ
2624 5163 2736 5235 ἱερᾷ
2759 5166 2850 5214 καὶ
2878 5163 2991 5232 θείᾳ
3045 5155 3252 5232 συνόδῳ
3305 5155 3499 5230 ἔδοξεν,
3531 5160 3602 5221 ὡς
3630 5157 3766 5211 οὑτω
3811 5160 3903 5209 καὶ
3955 5155 4135 5217 αύτοῐς

2524 5259 2795 5326 φρονοῦσι,
2827 5252 2998 5313 καθὼς
3015 5254 3107 5303 καὶ
3132 5247 3233 5303 ἀπό
3254 5257 3355 5302 τῶν
3378 5256 3595 5322 γνωμῶν
3623 5247 3789 5301 αὑτῶν
3812 5244 4132 5320 ἐμφαίνεται,

2521 5350 2620 5397 τῶν
2647 5340 2696 5394 ἓν
2726 5348 2799 5412 τῷ
2841 5338 3128 5400 δηλωθέντι
3156 5344 3488 5413 σημειώματι
3518 5337 3983 5414 ἀναγεγραμμένων
4014 5332 4133 5408 (κᾶν

2523 5438 2596 5508 μὴ
2627 5432 2945 5508 πλατύτερον
2964 5432 3030 5485 τά
3052 5434 3168 5505 περὶ
3192 5433 3381 5484 τούτου
3403 5429 3451 5482 ἓν
3483 5429 3665 5492 αὑταῖς
3692 5427 3915 5503 ἐγράφη,
3946 5422 3979 5480 δ
3985 5427 4039 5478 ιά
4074 5428 4132 5478 τό

2523 5519 2663 5598 μηδί
2690 5530 2926 5577 τοιοῦτον
2966 5521 3118 5594 λόγον
3148 5522 3514 5594 εἰσαχθῆναι),
3541 5518 3813 5593 ἀπεγράφη
3866 5518 4008 5593 ποιρά
4036 5523 4132 5577 τῆς

2526 5612 2801 5689 βασιλείας
2830 5633 2930 5688 μου
2964 5614 3095 5687 μετά
3123 5616 3209 5665 καὶ
3249 5620 3345 5674 τῆς
3373 5614 3619 5672 τοιαύτης
3652 5610 3953 5687 προσθήκης
3973 5623 3985 5637 ’
4017 5603 4133 5678 εἶχε

2525 5701 2585 5760 δε
2613 5708 2704 5759 καὶ
2732 5700 2806 5760 δι’
2837 5703 3064 5784 ἐρυθρῶν
3094 5705 3437 5780 γραμμάτων.
