4480 6430
279 389 364 444 ιιι

1583 375 1941 435 τηεελῠιι
1974 374 2109 433 LIB.
2148 378 2296 433 XXV.

3507 391 3614 446 2η

335 509 393 561 Ὀ
453 505 659 567 εὐτελής
719 504 1135 580 appetitui-sc
1198 505 1390 578 Δίρκου
1450 503 1689 564 Ἰωάννης
1754 503 1864 577 ὀρί-
1894 503 1940 555 Α
2043 503 2104 557 HI

1842 531 1864 541 -
1894 503 1940 555 Α
2043 503 2291 558 Humilis
2314 504 2806 578 archiepiscopus
2835 507 2999 562 Derci
3025 509 3286 566 Joannes
3315 510 3609 568 deﬁniens

286 617 368 658 σας

339 687 396 739 Ὀ
455 685 662 748 εὐτελής
737 685 1156 757 ἁρχιεπίσκοπκ
1205 682 1423 744 Γοτθίας
1472 682 1705 742 Ἰωάννης
1756 681 1865 752 ὁρί-

285 795 368 836 σας
396 774 697 847 ὑπέγραψα.

342 865 398 917 '0
429 864 634 926 εὐτελὲς
679 862 1094 937 ὁρχιεπίσιοσος
1151 858 1444 934 ’Δτχιαῖλου
1468 862 1713 932 Στέφανος
1755 859 1863 932 ὁρί-

287 973 368 1016 σις
391 953 702 1027 ὑπέγραψα.

342 1042 394 1095 ’0
473 1041 676 1102 εὐτελὴς
763 1038 1148 1114 μητροπολίτης
1221 1042 1629 1112 Νεοκαισιρείας
1698 1039 1864 1090 Βασί-

283 1131 419 1199 λειος,
470 1130 851 1203 ἀπαιτούμενος
905 1128 1005 1181 ἀπὸ
1057 1136 1150 1181 τοῦ
1205 1132 1486 1200 προσόντος
1536 1123 1746 1179 δικαίου
1798 1134 1860 1198 τῇ

284 1223 510 1294 λαχούσῃ
563 1241 630 1293 με
673 1220 938 1293 ἁγιωτάτῃ
975 1219 1259 1291 Ἐκκλησία
1319 1220 1509 1272 ἄνωθεν
1545 1227 1636 1270 τοῦ
1675 1220 1864 1289 Μύρων

283 1311 594 1384 ὑπογράψαι,
644 1307 740 1362 διὰ
785 1314 843 1362 τὸ
901 1307 1299 1366 συντελεσθῆναι
1352 1312 1444 1360 καὶ
1499 1309 1865 1381 ὑπηραφῆναι

281 1406 370 1454 τὸν.
403 1402 663 1454 θειότατον
707 1406 889 1452 τοῦτον
939 1402 1096 1470 τόμον
1143 1401 1244 1472 πρὸ
1297 1404 1389 1450 τοῦ
1434 1399 1864 1471 χειροτονηθῆναί

282 1510 353 1562 με,
383 1491 561 1563 ὁρίσας
595 1489 823 1541 ἕνταῦθα
856 1475 1162 1562 ὐπίγραψαζ

341 1579 395 1631 '0
447 1577 651 1638 εὐτελὴς
704 1577 1096 1650 μητροπολίτας
1145 1577 1361 1629 Ἰκονίου
1410 1575 1651 1637 Ἰωάννης
1702 1574 1864 1627 ἀπαι-

281 1670 504 1739 τούμενος
550 1665 654 1718 διπό
693 1673 788 1718 τοῦ
822 1683 1111 1737 προσόντος
1141 1661 1353 1717 δικαίου
1404 1673 1467 1734 τῇ
1514 1663 1758 1735 λαχούσῃ
1804 1683 1867 1735 με

591 1753 879 1826 Ἐκκλησία
933 1755 1123 1806 ἄνωθεν
1174 1761 1264 1806 τοῦ
1320 1755 1571 1825 Κορίνθου
1629 1754 1865 1826 ὑπογρά-

1971 588 2322 664 subscripsi.

2043 678 2292 735 Humilis
2347 682 2834 756 archiepiscopus
2891 684 3114 741 Gothim
3164 688 3422 744 Joannes
3463 688 3612 746 deﬁ-

1969 766 2144 822 niens
2171 768 2519 842 subscripsi.

2044 857 2291 913 Humilis
2341 860 2828 934 archiepiscopus
2855 862 3123 920 Anchiali
3144 866 3480 938 Stephanus
3509 867 3614 925 de—

1971 944 2186 1001 ﬁniens
2212 947 2556 1022 subscripsi.

2046 1035 2298 1093 Humilis
2342 1040 2721 1112 metropolita
2750 1044 3146 1100 Neocaasareae
3195 1045 3463 1114 Basilius,
3493 1047 3616 1104 exi-

1974 1133 2146 1195 gente
2177 1127 2310 1197 jure
2365 1130 2765 1186 sanctissimm
2822 1131 3092 1188 Ecclesia:
3123 1149 3295 1202 meai,
3327 1141 3390 1190 ut
3445 1153 3618 1209 supe-

1971 1215 2094 1270 rius
2125 1225 2262 1271 ante
2291 1220 2622 1289 Myrensem
2655 1220 3116 1289 subscriberem,
3146 1224 3289 1294 quia
3320 1224 3416 1280 hic
3444 1242 3618 1282 vene-

1973 1304 2178 1359 rabilis
2210 1313 2408 1362 tomus
2467 1308 2776 1364 absolutus
2817 1309 2926 1365 fuit
2965 1311 3137 1382 eique
3185 1311 3614 1387 subscriptum,

1973 1399 2109 1448 ante
2167 1410 2352 1466 quam
2405 1411 2518 1463 ego
2582 1411 2966 1453 consecrarer
3010 1399 3348 1472 episcopus,
3397 1403 3619 1460 idcirco

1971 1482 2068 1538 hic
2087 1483 2382 1539 definiens
2415 1485 2761 1556 subscripsi.

2047 1573 2299 1628 Humilis
2352 1575 2730 1646 metropolita
2782 1576 2958 1632 lconii
3011 1576 3292 1650 Joannes,
3349 1580 3620 1652 exigente

1971 1663 2104 1733 jure
2136 1664 2527 1718 sanctissima}
2561 1663 2833 1720 Ecclesia:
2865 1681 3036 1733 meae,
3064 1672 3128 1720 ut
3175 1669 3452 1740 superius
3482 1675 3620 1727 ante

1977 1753 2346 1808 Corinthium
2397 1753 2860 1822 subscriberem,
2918 1756 3062 1827 quia
3113 1755 3208 1811 hic
3265 1759 3620 1816 venerabilis

283 1815 390 1915 ψαι,
441 1815 540 1897 δια
608 1847 666 1896 τὸ
735 1815 1132 1902 συντελεσθῆναι
1199 1847 1289 1893 καὶ
1354 1815 1866 1916 ὑπογραφῆναιητὸν
1903 1847 2052 1907 ato]

1849 1862 1866 1892 ν
1903 1853 1948 1907 Β
1978 1847 2177 1896 tomus
2228 1842 2542 1897 absolutus
2599 1842 2708 1898 fuit
2745 1815 3398 1918 eiqueisubscriptum.
3456 1815 3618 1904 ante-

288 1937 529 1987 θειότατον
565 1940 746 1986 τοῦτον
802 1938 960 2005 τόμον
1012 1928 1116 2006 πρὸ
1171 1939 1263 1985 τοῦ
1317 1933 1753 2005 χειροτονηθῆναί
1783 1949 1866 2003 με,

288 2020 449 2099 όρίδας
473 2021 698 2076 ἐνταῦθα
735 2021 1036 2097 ὑπέγραψα.

907 2168 1140 2218 ΠΡΑΞΙΣ
1182 2172 1215 2218 Δ
1234 2205 1248 2218 .

349 2293 413 2345 α’.
471 2294 654 2366 Ἐγγὺς
711 2289 772 2346 δε
824 2299 886 2365 τῇ
963 2294 1303 2364 Κυριωνύμου
1364 2291 1869 2366 ταρεισελαυνούσης

286 2383 486 2458 ἡμέρας,
548 2382 666 2435 καθ’
735 2380 798 2440 ἣν
861 2383 928 2433 τὰ
987 2386 1106 2452 περὶ
1161 2388 1259 2442 τῆς
1312 2389 1412 2431 τῶν
1453 2381 1617 2451 ἁγίων
1665 2381 1868 2433 εἰκόνων

286 2469 682 2532 ἀναστηλώσεως
734 2469 812 2523 ἔπ’
880 2469 1194 2530 Ἐκκλησίας
1243 2466 1502 2520 συνοδικὰ
1547 2465 1869 2522 διαλαλεῖται

286 2563 680 2635 συγγράμματα,
729 2563 819 2612 καὶ
873 2561 940 2611 τὰ
1011 2567 1106 2620 τῆς
1158 2554 1465 2633 ὁρθοδοξίας
1516 2556 1869 2627 ἀνακηρύττε-

283 2668 382 2719 ut,
434 2649 718 2702 ἕιτίθενται
789 2651 878 2720 μὶν
935 2647 1189 2720 κεφάλαια
1243 2651 1478 2720 τέτταρα,
1515 2655 1588 2717 τῷ
1638 2644 1696 2701 δε
1755 2667 1872 2700 συν-

284 2734 437 2810 οδικῷ
482 2737 675 2811 βιϐλίῳ
721 2738 1233 2809 ἇγκαταγράφονται·
1283 2740 1374 2788 καὶ
1405 2736 1566 2788 αὐτοῦ
1615 2734 1677 2790 δε
1714 2736 1872 2809 βασι-

283 2826 396 2889 λίως
444 2833 503 2879 τό
560 2829 1000 2900 αὑτοκρατορικὸν
1063 2827 1398 2899 περιθεμένου
1461 2821 1728 2898 διάδημα,
1784 2831 1874 2878 καὶ

287 2924 384 2978 τοῖς
441 2917 767 2988 ,ἁγιωτάτοις
827 2917 1192 2989 πατριάρχαις
1269 2917 1351 2965 καὶ
1428 2922 1519 2965 τοῦ
1588 2917 1874 2989 ἱερωτάτων

284 3009 476 3058 πάντων
540 3005 829 3080 ἀρχιερέων
894 3011 1063 3076 χοροῦ
1109 3006 1204 3065 τὰς
1279 3004 1419 3077 ἱερὰς
1489 3004 1876 3064 συνεισελθότος

283 3092 584 3165 κιγκλίδας,
644 3097 670 3145 ό
730 3095 1110 3164 συντεθειμένος
1169 3098 1346 3165 τόμος,
1425 3096 1488 3153 ὡς
1547 3097 1769 3164 εἴρηται,
1810 3101 1871 3165 τῇ

285 3182 613 3258 ἂπροσμάχῳ
679 3187 867 3239 τούτου
927 3182 1142 3255 παλάμῃ
1222 3189 1512 3258 φερόμενος,
1580 3186 1725 3257 παρὰ
1785 3187 1878 3240 τὴν

283 3280 534 3343 μυστικὴν
592 3280 685 3326 καὶ
732 3273 974 3346 οὐρανίαν
1014 3271 1312 3324 ἀνατίθεται
1354 3273 1634 3346 τράπεζαν·
1687 3277 1776 3324 καὶ
1814 3276 1879 3324 τὰ

283 3365 582 3416 συντεθέντα
667 3363 922 3434 κεφάλαια
984 3369 1095 3422 τοίς
1167 3360 1526 3433 προλαϐόντως
1591 3361 1875 3433 ἐγγεγραμ-

281 3457 438 3524 μένοις
488 3459 958 3523 σωαφωνοῦνται,
1004 3456 1094 3503 καὶ
1154 3457 1259 3510 τοῖς
1315 3449 1621 3502 συνελθοῦσι
1684 3455 1878 3524 γνωρί-

281 3541 466 3602 ζονται·
497 3541 534 3593 ἆ
569 3546 664 3593 καὶ
694 3539 778 3593 ἐπὶ
805 3539 984 3603 λέξεων
1014 3544 1149 3592 οὕτω
1180 3537 1621 3612 διαλαμϐάνουσι.

345 3631 415 3686 Α’.
447 3661 516 3672 —-
669 3637 790 3692 Τοῖς
829 3635 900 3702 μὴ
945 3629 1109 3704 ὀρθῶς
1137 3632 1230 3691 τὰς
1271 3637 1372 3681 τῶν
1402 3629 1564 3700 ἁγίων
1611 3626 1877 3682 διδασκά-

278 3719 369 3774 λων
429 3731 522 3783 τὴς
580 3729 676 3774 τοῦ
725 3728 860 3774 Θεοῦ
918 3719 1229 3780 Ἐκκλησίας
1288 3721 1428 3780 Θείας
1482 3723 1649 3790 φωνὰς
1692 3719 1878 3791 ἔκλαμ-

278 3808 586 3883 6ανομένοις,
652 3815 743 3862 καὶ
794 3811 860 3861 τὰ
928 3817 1107 3880 σαφῶς
1161 3814 1249 3860 καὶ
1307 3805 1574 3881 ἀριδήλως
1622 3807 1880 3870 ἕναύταις

279 3894 366 3950 διὰ
425 3909 519 3961 τῆς
614 3906 711 3951 τοῦ
778 3897 929 3970 ἁγίου
993 3901 1289 3970 Πνεύματος
1349 3900 1572 3970 χάριτος
1638 3897 1880 3972 εἰρημένα

275 3991 674 4062 παρερμηνεύειν
711 4007 766 4040 τε
793 3992 882 4039 καὶ
938 3991 1297 4062 περιστρέφειν
1340 3991 1694 4060 πειρωμένοις,
1749 3985 1876 4038 ἀνά-

280 4078 419 4150 θεμα.

342 4166 496 4224 Β’,-
534 4166 604 4238 γ’.
666 4173 776 4218 Τῶν
833 4162 1279 4239 παραδεχομένων
1336 4169 1430 4222 τὴν
1486 4173 1577 4216 τοῦ
1632 4163 1877 4222 ἀληθινοῦ

274 4261 397 4307 Θεοῦ
447 4262 539 4309 καὶ
586 4263 836 4330 Σωτῆρος
883 4256 1026 4326 ἡμῶν
1076 4255 1250 4311 Ἰησοῦ
1282 4261 1518 4328 Χριστοῦ
1549 4258 1712 4325 φωνὴν
1760 4259 1875 4322 τὴν,

270 4342 324 4395 Ὀ
370 4351 553 4419 Πατήρ
613 4365 718 4418 μου
777 4347 969 4416 μείζων
1008 4347 1110 4416 μού
1162 4342 1298 4410 ἔστι,
1338 4342 1577 4413 λέγεσθαι
1631 4352 1724 4395 σῦν
1768 4351 1878 4404 ταῖς

270 4433 466 4496 λοιπαῖς
519 4436 823 4510 ἑρμηνείαις
888 4433 1015 4486 τῶν¹
1053 4434 1234 4504 ἁγίων.
1291 4437 1552 4505 Πατίρων,
1602 4447 1691 4486 καί
1745 4437 1878 4485 διατὰ

1976 1947 2161 2003 quam
2185 1947 2298 1999 ego
2327 1947 2708 1989 consecrarer
2752 1933 3092 2006 episcOpus,
3125 1935 3346 1991 idcirco
3391 1936 3488 1992 hic
3517 1937 3620 1993 de-

1974 2019 2190 2075 ﬁniens
2214 2020 2560 2093 subscripsi.

2521 2165 2728 2221 ACTIO
2771 2167 3080 2231 QUARTA.

2053 2297 2099 2346 l.
2135 2291 2674 2363 Appropinquante
2720 2293 3029 2349 Dominica
3066 2294 3180 2365 die,
3213 2311 3336 2368 qua
3375 2297 3624 2353 recitan-

1977 2384 2072 2438 tur
2119 2381 2357 2436 decreta
2409 2381 2698 2452 synodica
2753 2383 3233 2456 praedicaturque
3289 2385 3628 2442 orthodoxa

1979 2470 2272 2526 sententia
2343 2468 2417 2525 de
2483 2475 2818 2526 restaurato
2888 2478 3230 2528 sanctarum
3291 2474 3626 2545 imaginum

1980 2559 2164 2626 cultu,
2211 2560 2519 2631 proposita
2586 2559 2825 2616 {uerunt
2863 2562 3128 2632 capitula
3163 2567 3423 2634 quatuor
3452 2579 3630 2637 syno-

1979 2649 2235 2720 dicoque
2265 2649 2322 2703 in
2346 2649 2501 2704 libro
2537 2650 2870 2722 prescripta
2896 2669 2908 2705 :
2942 2651 3196 2724 ipsoque
3217 2669 3354 2723 rege
3375 2655 3630 2725 impera-

1979 2739 2131 2795 toria
2160 2737 2436 2793 redimite
2468 2754 2712 2807 corona,
2752 2746 2808 2794 et
2837 2741 3234 2796 sanctissimis
3275 2742 3631 2814 patriarchis

1983 2827 2508 2898 sacratissimoque
2535 2830 2806 2883 omnium
2847 2830 3259 2901 episcoporum
3291 2838 3445 2887 coetu
3474 2833 3632 2888 intra

1983 2933 2183 2972 sacros
2240 2916 2541 2971 cancellos
2593 2934 2654 2972 se
2712 2917 3181 2989 recipientibus;
3235 2921 3629 2992 compositus,

1986 3005 2068 3060 uti
2101 3005 2324 3059 dictum
2358 3009 2465 3059 est.
2496 3009 2696 3060 tomus
2725 3007 2945 3062 invicta
2973 3007 3130 3076 regis
3160 3024 3347 3064 manu
3377 3009 3630 3074 delatus,

1984 3111 2164 3166 super
2189 3094 2442 3165 mystica
2463 3094 2807 3167 cmlestique
2840 3096 3080 3168 ponitur
3112 3113 3355 3153 mensa:
3395 3103 3450 3153 et
3488 3113 3633 3154 con-

1918 3206 1958 3262 c
1987 3184 2226 3238 cinnata
2257 3181 2522 3254 capitula
2550 3200 2690 3238 cum
2741 3184 3217 3256 praecedentibus
3265 3187 3495 3258 scriptis
3526 3203 3635 3260 ap-

1987 3271 2323 3344 probantur
2393 3278 2880 3345 congregatoque
2951 3276 3126 3330 ccetui
3207 3276 3632 3348 praeleguntur,

1986 3377 2122 3433 qua:
2154 3361 2530 3416 adamussim
2559 3361 2687 3416 haec
2714 3366 2903 3417 erant.

2060 3627 2101 3681 Ι.
2135 3657 2202 3668 -—-
2226 3631 2274 3680 2.
2311 3627 2385 3681 Iis
2414 3627 2518 3699 qui
2547 3627 2710 3682 haud
2741 3631 2897 3683 recte
2926 3633 3272 3685 sanctorum
3321 3630 3640 3688 doctorum

1992 3717 2267 3773 Ecclesiae
2322 3718 2423 3773 Dei
2484 3718 2854 3773 venerabiles
2900 3718 3233 3774 locutiones
3292 3721 3638 3793 excipiunt;

1988 3823 2245 3880 quaeque
2278 3812 2480 3879 aperte
2526 3810 2957 3879 manifesteque
2984 3808 3064 3863 ibi
3109 3824 3216 3880 per
3245 3809 3437 3866 sancti
3463 3810 3644 3882 Spiri-

1989 3901 2083 3951 tus
2132 3897 2386 3966 gratiam
2436 3897 2596 3952 dicta
2639 3902 2798 3967 sunt,
2829 3913 3112 3969 perversa
3161 3898 3644 3972 interpretatione

1989 3986 2388 4058 pessumdare
2421 3987 2707 4058 nituntur,
2745 3987 3071 4043 anathema
3103 3989 3196 4043 sit.

2061 4170 2127 4221 ll.
2154 4198 2218 4206 ——
2253 4171 2306 4222 3.
2337 4169 2556 4221 Eorum
2591 4167 2694 4238 qui
2719 4167 2838 4221 veri
2871 4168 2972 4223 Dei
2999 4171 3054 4223 et
3084 4169 3413 4224 Servatoris
3457 4168 3648 4225 nostri

1986 4258 2122 4311 Jesu
2178 4255 2386 4310 Christi
2435 4256 2759 4311 dictionem
2791 4259 2967 4312 Pater
3003 4273 3164 4313 meus
3210 4261 3406 4328 major
3435 4274 3526 4315 me
3563 4263 3649 4314 est

1988 4344 2345 4412 intelligunt,
2375 4361 2514 4399 cum
2546 4345 2790 4416 reliquis
2822 4347 2918 4401 SS.
2948 4349 3186 4401 Patrum
3218 4347 3652 4419 interpretatio-

1987 4433 2189 4499 nibus,
2221 4433 2401 4489 etiam
2455 4433 2530 4489 de
2579 4434 2792 4490 Christi
2846 4433 3244 4505 humanitate,
3277 4437 3340 4490 in
3406 4450 3532 4508 qua
3591 4440 3650 4493 et

267 4530 354 4583 τὴν
407 4525 453 4578 ἐν
521 4527 670 4596 αὐτῷ
743 4523 1125 4597 ἀνθρωπότητα
1187 4522 1305 4574 καθ’
1367 4523 1427 4580 ἦν
1480 4528 1570 4575 καὶ
1635 4525 1875 4591 πέπονθε,
1909 4561 1954 4617 η
1986 4539 2036 4595 ρὲ

1909 4561 1954 4617 η
1986 4539 2212 4595 passis
2244 4529 2352 4591 est,
2376 4523 2548 4578 sicuti
2575 4522 2795 4578 diserte
2816 4523 2877 4578 in
2897 4523 3101 4579 multis
3130 4539 3166 4580 ο.
3199 4528 3316 4581 Deo
3341 4525 3649 4597 inspiratis

269 4618 426 4677 καθὼς
456 4611 770 4690 διαρρήδην
827 4611 875 4665 ἐν
928 4613 1134 4672 πολλοῖς
1188 4621 1287 4665 τῶν
1321 4615 1666 4665 θεοπνεύστων
1714 4613 1877 4684 λόγων

271 4706 428 4758 αὐτῶν
474 4709 525 4759 οἱ
574 4706 726 4777 ἅγιοι
773 4707 993 4777 Πατίρες
1023 4701 1510 4774 ἀνακηρύττουσιν
1564 4705 1640 4754 ἔτι
1680 4699 1739 4754 δι
1786 4708 1876 4756 καὶ

267 4794 499 4866 λεγόντων
555 4802 649 4848 τὸν
712 4793 870 4845 αὐτὸν
920 4796 1152 4868 Χριστὸν
1197 4795 1332 4844 κατὰ
1361 4797 1454 4850 τὴν
1495 4791 1680 4844 ἑαυτοῦ
1708 4795 1878 4866 σάρκα

268 4888 436 4939 παθεῖν
468 4887 662 4938 αἰωνία
702 4888 910 4956 μνήμη,

332 4976 396 5030 Γ.
428 5007 496 5018 -
530 4973 600 5030 δῖ
649 4979 779 5034 Τοῖς
827 4979 1006 5024 νοοῦσι
1055 4975 1143 5023 καὶ
1202 4973 1567 5044 φθεγγομένοις
1613 4975 1707 5028 τὴν
1754 4973 1877 5024 θέω-

269 5084 344 5118 σιν
387 5073 476 5119 τοῦ
536 5063 968 5140 προσλήμματος
1032 5062 1343 5133 μετάμειψιν
1406 5070 1497 5122 τῆς
1553 5059 1876 5135 ἀνθρωπίνης

266 5159 454 5226 φύσεως
521 5156 592 5217 εἰς
668 5155 914 5210 θεότητασ
981 5157 1071 5203 καὶ
1147 5155 1220 5223 μὴ
1284 5158 1533 5222 φρονοῦσι
1600 5150 1651 5213 ἐξ
1717 5150 1880 5211 αὐτῆς

264 5243 495 5318 ἒνώσεωςς,
558 5248 713 5305 θείας
897 5240 1044 5304 ἀξίας
1114 5246 1204 5293 καὶ
1263 5240 1664 5312 μεγαλειότητος
1715 5259 1879 5312 μετα-ι

266 5346 404 5409 σχεῖν
455 5342 516 5391 τὸ
570 5344 739 5409 σῶμα
779 5341 873 5385 τοῦ
931 5336 1145 5404 Κυρίου,
1195 5336 1283 5383 καὶ
1330 5332 1743 5404 προσκυνεῖσθαι
1782 5338 1881 5403 μιᾷ

264 5434 614 5502 προσκυνήσει
670 5424 728 5478 ἐν
771 5431 845 5494 τῷ
910 5421 1314 5497 προσλαϐομίνῳ
1374 5421 1499 5472 αὐτὸ
1543 5428 1656 5490 Θεῷ
1705 5427 1876 5492 Λόγῳ,

263 5525 346 5571 καὶ
399 5509 527 5572 εἶναι
577 5519 867 5591 ὁμότιμον,
907 5509 1185 5585 ὁμόδοξον,
1215 5513 1488 5576 ζωοποιόν,
1541 5510 1763 5572 inicias;
1807 5520 1880 5582 τῷ

265 5615 366 5681 Θεῷ
393 5615 482 5662 καὶ
524 5611 707 5683 Πατρὶ
757 5609 848 5656 καὶ
894 5611 965 5674 τῷ
1010 5607 1249 5675 παναγίῳ
1287 5604 1565 5674 Πνεύματι,
1618 5605 1705 5652 καὶ
1751 5603 1880 5673 ὁμό-

268 5700 446 5774 Θρονον⁶
488 5704 560 5773 μὴ
618 5700 809 5772 μέντοι
849 5712 910 5766 γε
961 5694 1202 5765 γενέσθαι
1265 5693 1543 5765 ὁμοούσιον
1621 5698 1694 5762 τῷ
1744 5698 1877 5761 Θεῷ·

1991 4612 2376 4668 sermonibus
2429 4612 2553 4667 suis
2595 4613 2786 4668 sancti
2831 4614 3034 4669 Patres
3083 4614 3525 4685 depredicant;
3558 4614 3650 4670 in-

1990 4719 2172 4774 super
2199 4718 2407 4757 eorum
2435 4702 2538 4774 qui
2571 4700 2879 4758 afﬁrmant
2921 4703 3204 4759 eumdem
3235 4704 3541 4760 Christum
3587 4704 3651 4760 in

1990 4809 2100 4848 sua
2121 4807 2299 4847 carne
2330 4807 2538 4846 revera
2567 4791 2750 4847 fuisse
2781 4808 3032 4864 passum
3059 4811 3072 4862 ;
3105 4799 3328 4849 aeterna
3358 4795 3653 4851 memoria

1993 4883 2088 4937 sit.

2062 4972 2153 5025 Ill.
2188 4973 2337 5025 -4.
2396 4970 2468 5024 lis
2530 4970 2635 5043 qui
2690 4970 3124 5027 incarnationis
3207 4973 3653 5031 deiﬁcationem

1989 5060 2334 5115 existimant
2363 5060 2654 5131 aiuntque
2685 5075 2814 5116 esse
2846 5060 3131 5116 humanae
3161 5067 3392 5118 natura:
3415 5063 3475 5118 in
3505 5062 3655 5118 divi-

1988 5150 2237 5205 nitatem
2287 5149 2783 5220 conversionem;
2834 5165 3031 5222 neque
3063 5151 3316 5207 credunt
3344 5152 3425 5207 ob
3454 5152 3652 5223 ipsam

1989 5239 2482 5310 conjunctionem
2513 5251 2730 5309 corpus
2769 5239 3016 5312 quidem
3050 5241 3284 5297 Domini
3313 5241 3524 5298 divina
3569 5242 3664 5297 ὁὶ·-

1990 5330 2215 5400 gnitate
2243 5334 2300 5385 et
2325 5328 2787 5385 honOriﬁcentia
2813 5329 2949 5397 frui,
2973 5331 3273 5403 unicaque
3300 5332 3655 5388 adoratione

1991 5419 2228 5475 adorari
2262 5420 2321 5474 in
2363 5423 2718 5488 assumente,
2743 5418 2892 5474 illud
2946 5423 3064 5475 Deo
3118 5420 3348 5490 Verbo;
3378 5422 3656 5494 adeoque

1991 5525 2120 5564 esse
2142 5509 2323 5565 simul
2349 5508 2728 5578 honorabile,
2762 5509 3456 5583 gloriosum,viviﬁcum,
3491 5513 3655 5584 paris

1991 5617 2127 5656 cum
2160 5603 2276 5655 Deo
2303 5603 2467 5655 Patre
2496 5599 3001 5672 sanctissimoque
3036 5601 3256 5674 Spiritu
3287 5602 3553 5671 honoris,
3594 5603 3658 5659 in

1992 5691 2329 5765 eodemque
2387 5691 2606 5758 throno
2638 5689 2889 5757 sedere;
2950 5707 3074 5749 non
3130 5697 3334 5751 tamen
3392 5693 3658 5751 consub-
