4480 6430
839 394 944 452 263

2165 389 2438 448 Ntcsm
2485 339 2879 444 cunnum.

4035 372 4204 445 ’204

838 513 1115 575 stantiale
1145 520 1281 582 Deo,
1311 515 1392 573 ita
1430 521 1494 573 ut
1522 514 1805 590 physicas
1850 516 1934 573 rei
1987 521 2200 573 creata
2225 513 2491 587 proprie-
2523 510 2573 565 Α
2603 535 2607 556 ι

2423 513 2491 566 ie-
2523 510 2573 565 Δ
2603 511 2670 571 ὡς
2728 508 2974 570 ἐκστῆναι
3026 520 3124 565 τῶν
3178 519 3409 585 φυσικῶν
3484 507 3760 571 ίδιοτήτων
3815 517 3908 564 τοῦ
3955 519 4192 576 κτιστοῡ,

837 612 987 662 tates
1045 607 1300 671 amittat,
1343 621 1564 676 nempe
1606 605 2246 676 circumscriptionem,
2298 605 2353 657 et
2387 616 2494 656 ειε-

838 701 963 750 tera
983 710 1118 766 quae
1141 694 1202 749 in
1225 693 1435 749 Christi
1460 693 1731 749 humana
1761 699 1977 749 natura
2005 697 2362 756 cernuntur;
2389 687 2495 743 sed

842 787 1058 855 putant
1085 782 1523 838 humanitatem
1547 797 1899 838 conversam
1922 781 2105 838 fuisse
2137 781 2195 836 in
2224 778 2497 835 divinita-

837 871 912 928 tis
942 870 1376 937 substantiam;
1410 871 1492 926 ita
1523 875 1587 926 ut
1616 869 1755 926 hinc
1785 869 2153 926 concludant
2177 868 2274 924 vel
2304 867 2495 940 phan-

837 958 1115 1016 tasticam
1145 959 1327 1014 fuisse
1358 964 1537 1032 atque
1565 959 1731 1015 haud
1762 975 1966 1015 veram
2013 957 2246 1014 Domini
2304 957 2494 1012 incar-

838 1047 1148 1105 nationem
1175 1052 1232 1104 et
1256 1047 1625 1120 passionem,
1659 1047 1753 1103 vel
1785 1047 2084 1120 Unigeniti
2124 1045 2495 1103 divinitatem

838 1151 1087 1209 passam
1117 1135 1304 1192 fuisse
1331 1153 1344 1203 ;
1372 1135 1698 1192 anathema
1730 1135 1826 1191 sit.

911 1226 1001 1280 ιν.
1028 1254 1096 1264 -
1142 1229 1193 1279 5.
1228 1226 1443 1280 Eorum
1483 1223 1587 1296 qui
1625 1223 1852 1293 dicunt,
1902 1238 2148 1280 carnem
2174 1221 2410 1279 Domini
2438 1219 2496 1277 vi

840 1311 1282 1383 conjunctionis
1318 1311 1507 1383 ipsius
1538 1310 1881 1378 exaltatam,
1915 1327 2222 1384 supraque
2251 1324 2496 1366 omnem

839 1400 1135 1457 honorem
1175 1400 1528 1457 collocatam
1563 1401 1669 1468 (ita
1708 1405 1771 1458 ut
1796 1401 1912 1457 hoc
1945 1401 2163 1457 eximio
2190 1415 2346 1478 nexu
2378 1399 2498 1454 dei-

840 1489 1021 1545 licata
1053 1489 1146 1560 sit)
1173 1488 1643 1555 immutabiliter,
1672 1488 2124 1558 invariabiliter,
2160 1487 2495 1554 inconfuse,

839 1578 1388 1645 inconvertibiliter,
1416 1578 1807 1650 hypostaticte
1839 1578 2280 1650 conjunctionis
2307 1577 2498 1648 gratia

839 1667 1330 1740 inseparabilem,
1360 1667 1908 1741 indivisibilcmque
1939 1672 2287 1726 manentem
2317 1666 2499 1723 simul

842 1772 984 1813 cum
1037 1761 1387 1812 assumente
1452 1757 1650 1828 ipsam
1707 1759 1825 1812 Deo
1872 1757 2084 1829 Verbo,
2118 1756 2498 1830 parihonore

2601 607 2691 650 106
2721 609 3094 673 περιγραπτοῦ,
3125 606 3215 654 καὶ
3256 610 3355 653 τῶν
3393 600 3584 653 λοιπῶν
3622 607 3722 653 τῶν
3777 598 3827 652 έν
3878 607 3941 672 τῇ
4001 598 4198 674 ἂνθρω-

2603 692 2725 750 πεία
2785 691 2938 759 φύσει
2999 697 3092 742 106
3157 697 3394 764 Χριστοῦ
3460 691 3818 764 θεωρουμένων
3858 705 3873 720 ·
3956 706 4198 760 μεταμει-

2606 778 2797 848 φθῆναι
2849 773 2909 831 δι
2964 777 3038 841 εἰς
3083 783 3178 837 τήν
3240 781 3482 841 θεότητος
3535 778 3738 846 οὐσίαν,
3788 780 3858 839 ὡς
3910 775 3964 830 έκ
4011 780 4198 830 τούτου

2604 863 2830 936 εἰσάγειν
2877 867 2920 937 ,ᾖ
2977 871 3234 941 φαντασία
3283 873 3375 923 καὶ
3426 867 3518 921 οὐκ
3554 866 3770 940 ἀληθείᾳ
3815 870 4078 940 γεγονέναι
4104 870 4199 925 τὴν

2604 952 2994 1028 ένανθρωπησιν
3045 963 3136 1009 τοῦ
3189 961 3384 1031 Κυρίου
3442 960 3533 1008 καὶ
3578 958 3646 1009 τὰ
3685 957 3852 1026 πάθη,
3880 957 3910 1015 ἦ
3963 959 4058 1014 τήν
4107 961 4198 1008 τοῦ

2604 1050 2924 1116 Μονογενοῦς
2954 1047 3176 1104 θεότητα
3203 1048 3408 1115 παθεῖν,
3435 1043 3686 1118 ἀνάθεμα.

2677 1221 2743 1276 Δ’.
2768 1222 2902 1278 -ε’.
2941 1228 3052 1276 Τῶν
3089 1222 3335 1296 λεγόντων
3383 1225 3464 1277 ὅτι
3513 1225 3544 1282 ἡ
3599 1223 3734 1297 σὰρξ
3775 1230 3870 1276 τοῦ
3903 1227 4098 1293 Κυρίου
4149 1222 4205 1293 έξ

2606 1312 2765 1373 αὐτῆς
2815 1313 3041 1376 ένὼσεως
3092 1312 3517 1387 ὑπερυψωθεῖσα,
3567 1318 3657 1366 καὶ
3705 1311 3979 1366 εινωτοὶτων
4026 1315 4203 1374 πσὶσης

2605 1408 2760 1474 τιμῆς
2807 1403 3168 1477 υπερκειμένη,
3225 1405 3290 1464 ὡς
3359 1401 3413 1466 έξ
3469 1404 3636 1477 ἄκρας
3711 1400 3938 1464 ένώσεως
3995 1404 4205 1475 ὀμόθεος

2605 1475 2870 1564 γενομένη,
2906 1475 2911 1476 ⁷
2951 1489 3334 1564 ἀμεταϐλήτως,
3431 1475 3802 1561 ἁναλλοιὼτως,
3885 1490 4205 1564 ἆσυγχύτως

2605 1585 2695 1632 καὶ
2752 1579 3034 1654 ἀτρέπτως,
3082 1577 3176 1633 διὰ
3203 1585 3297 1639 τὴν
3350 1580 3466 1633 καθ’
3498 1581 3793 1633 ὑπόστασιν
3857 1582 4060 1651 ἕνωσιν,
4113 1599 4208 1632 και

2606 1669 2908 1743 ἀχώριστος
2959 1671 3051 1721 καὶ
3115 1665 3483 1729 ἀδιάσπαστος
3511 1673 3741 1742 μένουσα
3786 1675 3860 1740 τῷ
3915 1667 4204 1744 προσλαϐοο

2605 1763 2738 1831 μένῳ
2786 1760 2950 1817 αὐτὴν
2998 1763 3106 1818 Θεῷ
3148 1762 3323 1830 Λόγῳ,
3372 1756 3612 1819 ἰσοκλεῶς
3851 1763 4072 1830 τιμᾶται
4115 1760 4207 1811 καὶ

841 1845 957 1902 coli
1019 1849 1078 1901 et
1142 1845 1402 1909 adorari,
1438 1845 1616 1900 unica
1687 1845 2058 1918 adoratione,
2125 1846 2412 1918 regioque
2442 1849 2498 1901 et
2533 1857 2610 1914 3:

2442 1849 2498 1901 et
2533 1857 2578 1914 Β
2605 1854 2977 1921 προσκυνεῖται
3021 1853 3120 1919 μιᾷ
3173 1851 3550 1919 προσκυνήσει,
3590 1851 3683 1898 καὶ
3725 1853 3836 1907 τοῖς
3903 1844 4205 1919 βασιλικοῖς

841 1933 1045 1990 divino
1071 1934 1130 1989 in
1151 1933 1299 1989 solio
1321 1933 1398 1988 ad
1424 1934 1612 1988 Patris
1634 1933 1944 1989 dexteram
1968 1934 2260 2000 residere;
2291 1939 2498 2006 utpote

841 2039 980 2095 quae
1014 2023 1343 2078 Divinitatis
1388 2023 1556 2078 dotes
1592 2022 1883 2092 gloriosas
1921 2023 2140 2095 adepta
2169 2028 2278 2090 est,
2319 2022 2498 2078 salvis

839 2115 1194 2169 naturarum
1218 2111 1715 2184 proprietatibus:
1743 2111 1826 2166 sic
1849 2111 2196 2180 dicentium,
2220 2113 2496 2185 inquam,

839 2205 1063 2256 aeterna
1091 2201 1381 2256 memoria
1412 2200 1504 2256 sit.

907 2295 961 2346 6.
1003 2292 1137 2345 Haec
1195 2290 1523 2362 quotannis
1581 2289 1795 2346 eadem
1864 2291 1960 2346 die
1991 2290 2302 2347 Dominica
2357 2305 2497 2345 cum

837 2383 1018 2436 antea
1073 2378 1239 2434 dictis
1296 2394 1426 2433 esse
1473 2377 1814 2450 proﬁtenda
1865 2379 2173 2435 decretum
2225 2383 2338 2436 est.
2371 2378 2498 2435 Imo

833 2482 1001 2536 vero,
1023 2483 1162 2522 cum
1187 2483 1295 2540 per
1325 2467 1382 2522 id
1410 2472 1648 2540 tempus
1678 2467 2057 2524 ordinandus
2083 2475 2238 2526 esset
2263 2471 2498 2525 Neocae-

838 2571 1031 2614 sareaa
1063 2557 1408 2629 episcopus,
1441 2556 1518 2612 ad
1550 2562 1762 2612 caetera
1784 2573 1918 2629 quae
1940 2557 2020 2613 ob
2060 2557 2497 2631 explorandam

834 2645 1059 2703 mentis
1120 2645 1541 2701 orthodoxiam
1596 2645 1896 2718 descripta
1942 2653 2132 2714 erant,
2159 2646 2274 2703 hoc
2317 2647 2498 2702 etiam

833 2740 977 2794 tunc
1002 2736 1367 2808 imperatum
1393 2741 1480 2792 est
1501 2735 1728 2790 recitari
1752 2736 1843 2791 his
1879 2735 2259 2792 adamussim
2278 2735 2494 2793 verbis.

913 3011 967 3061 ’1.
1009 3005 1198 3061 Etiam
1253 3004 1587 3078 amplector
1641 3009 1700 3062 et
1763 3005 2049 3078 proﬁteor
2105 3022 2179 3064 ea
2241 3023 2378 3080 quae
2422 3007 2499 3064 de

838 3092 1020 3150 eﬂ‘ato
1051 3093 1362 3150 Dominico
1392 3093 1449 3149 in
1473 3093 1696 3149 sanctis
1730 3094 2101 3166 Evangeliis:
2134 3098 2316 3152 Pater
2333 3111 2496 3152 meus

2605 1942 2695 1989 καὶ
2757 1939 2912 1998 θείοις
2937 1934 3315 2011 ἕγκαθίδρυται
3371 1938 3553 1996 θώκοις
3609 1933 3663 1988 έκ
3713 1931 3897 1999 δεξιῶν
3953 1942 4048 1988 τοῦ
4099 1942 4206 1988 Πα-

2604 2029 2745 2099 τρός,
2807 2029 2875 2086 ὡς
2933 2027 2998 2078 τὰ
3039 2034 3132 2088 τῆς
3202 2027 3438 2085 θεότητος
3495 2025 3788 2097 αὐχήματα
3842 2023 4207 2083 καταπλουτήο

2609 2135 2769 2181 σασα,
2823 2115 3126 2187 σωζομένων
3165 2124 3264 2167 τῶν
3304 2111 3579 2173 ἱδιοτήτων
3621 2122 3721 2167 τῶν
3764 2116 3984 2186 φύσεων,
4017 2113 4204 2166 αἰωνια

2606 2207 2636 2263 ἡ
2670 2208 2870 2276 μνήμη.

2683 2292 2735 2354 ς’.
2767 2299 2945 2345 Ταῦτα
2998 2289 3065 2350 δὴ
3124 2297 3216 2345 καὶ
3261 2285 3488 2353 έτησίως
3515 2295 3650 2345 κατὰ
3704 2294 3900 2350 ταύτην
3950 2295 4044 2350 τὴν
4095 2311 4199 2344 κυο

2604 2388 2861 2456 ριὼνυμον
2949 2383 3384 2454 συνεκφωνεῖσθαι
3455 2389 3561 2442 τοῖς
3637 2388 3986 2457 προγραρεῖσι
4055 2382 4205 2433 κεκύ-

2605 2491 2789 2545 ρωται·
2841 2471 2911 2523 οὗ.
2948 2475 3102 2543 μόνον
3153 2467 3214 2523 δε
3267 2470 3395 2524 ἀλλὰ
3434 2464 3530 2524 καὶ
3576 2473 3721 2545 παρὰ
3772 2477 3864 2523 τοῦ
3917 2477 4208 2528 τηνικαῦτα

2605 2565 2722 2613 τότε
2771 2561 3210 2634 χειροτονηθῆναι
3282 2559 3546 2632 μέλλοντος
3605 2549 3890 2633 ἀρχιερέως
3936 2566 4031 2621 τῆς
4077 2565 4207 2612 N00-

2605 2653 2897 2722 καισαρίων
2971 2647 3184 2714 πόλεως,
3243 2655 3350 2709 τοῖς
3407 2651 3550 2723 παρὰ
3615 2655 3710 2701 τοῦ
3770 2651 4015 2722 πρότερον
4079 2650 4208 2720 πρὸς

2606 2736 2890 2810 ἀσφάλειαν
2938 2744 3031 2789 τοῦ
3097 2736 3292 2789 ἑαυτῶν
3339 2742 3667 2810 φρονήματος
3718 2740 4058 2810 γραφομένοις
4114 2739 4208 2788 καὶ

2604 2834 2773 2879 ταῦτα
2829 2824 3304 2898 συνεξησφάλισταε
3355 2828 3487 2901 πρὸς
3537 2828 3652 2887 ἔπος
3712 2827 3846 2878 οὕτω
3899 2821 4207 2898 διαλαμϐά-

2603 2936 2776 2970 νονταο

2681 3005 2743 3068 ζ’.
2775 3004 2888 3058 Ἐτι
2939 3005 3350 3078 κατασπάζομαι
3397 3009 3487 3058 καὶ
3533 3004 3767 3078 ὁμολογῶ
3813 3006 3883 3058 τὰ
3935 3007 4054 3074 περὶ
4109 3011 4204 3066 τῆς

2607 3093 2656 3146 ίν
2703 3100 2812 3153 τοῖς
2872 3091 3040 3163 ἁγίοις
3093 3093 3424 3164 Εὐαγγελίοις
3479 3100 3798 3153 Δεσποτικῆς
3852 3098 4022 3164 φωνῆς
4084 3099 4205 3159 τῆς,

836 3185 1038 3253 maior
1070 3198 1162 3239 me
1193 3188 1279 3239 est
1337 3182 1558 3239 tradita
1587 3188 1726 3240 sunt
1750 3198 1787 3239 a
1815 3183 2039 3240 sanctis
2071 3184 2364 3257 Patribus,
2395 3184 2496 3240 de-
2537 3206 2580 3263 ο

2437 3201 2496 3240 e-
2537 3167 2664 3263 C'O
2713 3186 2894 3256 Πατήρ
2951 3201 3050 3254 μου
3107 3182 3299 3254 μείζων
3352 3183 3453 3254 μού
3511 3180 3643 3249 ἐστι,
3699 3182 3846 3254 παρὰ
3894 3189 3996 3234 τῶν
4042 3179 4206 3250 ἁγίων

837 3269 1064 3327 clarata
1095 3275 1297 3327 autem
1328 3263 1387 3327 in
1441 3271 1720 3342 religioso
1751 3277 1937 3341 tomo,
1969 3274 2075 3346 qui
2127 3274 2498 3345 compositus

834 3364 926 3417 est
969 3365 1122 3416 nutu
1173 3358 1462 3416 divinitus
1514 3361 1790 3433 inspirati
1865 3362 2127 3432 potentis
2184 3363 2498 3435 sanctique

833 3449 1023 3506 nostri
1047 3449 1206 3520 regis
1237 3449 1730 3522 Porphyrogeniti
1762 3454 1818 3506 et
1847 3451 2229 3523 imperatoris
2269 3451 2498 3508 domini

833 3537 1121 3595 Manuelis
1149 3539 1438 3594 Comneni
1462 3555 1474 3592 :
1509 3553 1726 3612 nempe
1755 3539 1923 3610 quod
1947 3539 2311 3596 locutionem
2342 3540 2498 3596 hanc

832 3626 1079 3702 protulit
1137 3627 1428 3684 Dominus
1477 3634 1533 3684 et
1584 3630 1739 3684 Deus
1788 3633 1991 3685 noster
2018 3629 2195 3685 Jesus
2230 3629 2500 3687 Christus

835 3713 1018 3770 etiam
1052 3714 1389 3770 secundum
1426 3731 1598 3771 suam
1631 3721 1893 3773 creatam
1953 3718 2500 3792 circumscriptam-

836 3817 958 3876 que
989 3808 1270 3860 naturam
1302 3804 1360 3859 in
1391 3819 1514 3876 qua
1552 3809 1610 3859 et
1637 3820 1860 3877 passus
1889 3811 1997 3861 est.
2030 3807 2270 3879 Recipio
2297 3813 2500 3866 autem

834 3889 916 3948 de
942 3889 1248 3948 locutione
1277 3891 1392 3947 hac
1422 3897 1664 3948 caeteras
1720 3909 1968 3966 quoque
2013 3901 2362 3952 sanctorum
2393 3898 2500 3954 Pa-

839 3984 998 4037 trum
1057 3980 1596 4053 interpretationes.
1629 3987 1822 4055 Atque
1858 3984 1987 4040 haec
2018 3999 2054 4040 a
2090 3985 2322 4042 cunctis
2363 4001 2502 4044 con-

836 4069 1140 4127 secrandis
1161 4069 1440 4142 deinceps
1466 4071 1771 4144 episcopis
1800 4073 2143 4145 proﬁtenda
2171 4089 2301 4131 esse
2329 4091 2502 4132 cons-

832 4159 1073 4216 titutum
1099 4164 1208 4215 est.

902 4251 957 4304 8.
990 4248 1088 4305 His
1108 4248 1280 4315 actis,
1312 4248 1494 4305 unius
1526 4249 1630 4305 Dei
1658 4249 1923 4307 Ecclesia
1948 4251 2011 4307 in
2041 4267 2232 4309 unum
2275 4268 2496 4326 corpus

827 4337 1005 4396 rediit
1058 4343 1116 4394 et
1165 4337 1333 4394 unita
1386 4342 1508 4396 est:
1559 4337 2044 4413 exclamavitque
2098 4327 2238 4397 cum
2269 4357 2496 4412 magno

827 4427 1018 4484 Paulo
1050 4446 1064 4484 :
1101 4427 1380 4484 Christus
1405 4433 1491 4484 est
1524 4442 1656 4497 pax
1685 4437 1916 4493 nostra,
1949 4433 2056 4501 qui
2071 4432 2217 4500 fecit
2238 4438 2498 4504 utraque

2609 3275 2850 3343 Πατέρων
2906 3267 3278 3346 παραδοθέντα
3319 3275 3410 3323 καὶ
3463 3267 3901 3344 διατρανωθεντα,
3953 3271 4054 3322 ὑπὸ
4114 3277 4208 3322 106

2608 3360 2852 3422 εὐσεϐοῦς
2906 3364 3070 3432 τόμου
3129 3367 3225 3412 τοῦ
3287 3357 3582 3422 -έκτεθέντος
3638 3362 3918 3431 θεοκινήτῳ
3991 3362 4211 3431 νεύματι

2607 3457 2698 3502 106
2737 3456 2992 3523 κραταιοῦ
3033 3453 3124 3501 καὶ
3159 3448 3312 3520 ἁγίου
3355 3451 3500 3522 ἡμῶν
3546 3447 3804 3522 βασιλέως
3843 3455 4210 3523 Πορφυρογεν-

2606 3544 2758 3597 νὴτου
2807 3543 2897 3590 καὶ
2935 3537 3316 3613 αὐτοκράτορος
3353 3545 3515 3611 κυροῦ
3565 3537 3814 3596 Μανουὴλ
3856 3545 3948 3591 106
4003 3543 4212 3610 Ιὶομνη-

2607 3636 2717 3681 νοῠ⁶
2759 3631 2922 3698 ἤγουν
2961 3628 3038 3681 ὃτι
3068 3631 3162 3686 τὴν
3215 3631 3384 3700 φωνὴν
3413 3629 3621 3686 ταύτην
3669 3631 3869 3700 εἴρηται
3922 3628 3949 3680 ὁ
4017 3629 4212 3700 Κύριος

2607 3723 2698 3770 καὶ
2754 3721 2884 3779 Θεὸς
2931 3719 3075 3789 ἡμῶν
3124 3717 3334 3779 Ἰησοὺς
3386 3721 3633 3790 Χριστὸς,
3687 3721 3778 3769 καὶ
3826 3717 3964 3769 κατὰ
4013 3720 4105 3774 τήν
4159 3714 4209 3767 έν

2608 3807 2750 3878 αὐτῷ
2794 3811 3015 3865 κτιστην
3062 3811 3150 3858 καὶ
3198 3810 3556 3881 περιγραπτην
3614 3809 3786 3878 φύσιν,
3842 3804 3961 3858 καθ’
4010 3806 4074 3864 ἦν
4119 3808 4212 3857 καὶ

2605 3898 2844 3950 πέπονθε.
2889 3900 3122 3968 Δέχομαι
3153 3891 3212 3947 δε
3261 3901 3352 3947 καὶ
3381 3897 3474 3957 τάς
3501 3900 3622 3970 περὶ
3647 3902 3738 3948 106
3767 3897 4008 3948 τοιούτου
4047 3895 4209 3969 ῥητοῦ

2608 3986 2778 4058 ἑτέρας
2834 3985 3102 4058 ἑρμηνείας
3166 3992 3266 4036 τῶν
3333 3983 3495 4055 ἁγίων
3564 3987 3823 4058 Πατέρων.
3889 3983 4050 4060 ’Λπερ
4116 3989 4209 4036 καὶ

2607 4075 2783 4147 ἑφεξῆς
2840 4077 2890 4126 οἱ
2945 4075 3360 4148 χειροτονεῖσθαι
3419 4073 3678 4146 μέλλοντες
3724 4075 3904 4136 πάντες
3943 4071 4214 4148 ἁρχιεροῖς

2606 4166 2810 4236 ὡρίσθη
2819 4183 2915 4216 σαν
2943 4162 3176 4235 ἀσφαλές
3179 4164 3348 4218 εσθαι.

2677 4252 2742 4311 η’.
2782 4257 2963 4324 Γέγονε
3013 4260 3180 4305 ταυτα
3204 4273 3217 4286 ο
3275 4256 3366 4305 καὶ
3413 4255 3443 4311 ἡ
3494 4259 3586 4305 106
3625 4252 3730 4314 ένός
3760 4259 3896 4306 Θεοῦ
3925 4252 4216 4310 Ἐκκλησία

2604 4346 2735 4414 πρὸς
2782 4342 2831 4394 ἓν
2864 4347 3114 4412 συνήγετο
3173 4344 3261 4393 καὶ
3301 4346 3585 4398 συνήνωτοο
3640 4345 3730 4393 καὶ
3774 4343 3910 4393 κατὰ
3932 4345 4019 4395 τὸν
4047 4344 4212 4414 μέγαν

2607 4431 2825 4487 Παῦλον·
2876 4435 3108 4504 Χριστός
3159 4428 3300 4483 ἔστιν
3361 4432 3391 4488 ἡ
3451 4430 3627 4504 εἰρήνη
3691 4433 3837 4504 ἡμῶν
3897 4432 3925 4483 ὁ
3980 4433 4216 4494 ποιήσας

828 4532 1019 4572 unum
1041 4517 1110 4552 ³⁵·
1137 4532 1150 4582 ;
1183 4521 1242 4572 et
1269 4532 1430 4585 eum,
1454 4516 1559 4588 qui
1589 4531 1761 4589 aeque
1789 4533 1859 4574 ac
1892 4518 2178 4575 Salomon
2197 4520 2494 4592 sapientia
2526 4559 2572 4614 ο

2441 4521 2494 4576 ia
2526 4559 2572 4614 υ
2601 4521 2668 4572 τὰ
2728 4518 2993 4595 ἀμφότερα
3051 4519 3119 4583 ἓν,
3149 4516 3502 4591 ἀνακέκραγε·
3559 4523 3650 4572 καὶ
3716 4522 3805 4571 τόν
3869 4522 4003 4572 κατὰ
4065 4517 4210 4571 Σολο-

825 4605 1032 4664 infusa
1086 4605 1376 4678 praeditus
1431 4611 1578 4672 erat,
1601 4607 1879 4679 apprime
1909 4607 2230 4680 paciﬁcum
2263 4613 2320 4665 et
2359 4626 2493 4666 vere

829 4699 1084 4754 unctum
1113 4696 1349 4752 Domini
1378 4710 1582 4766 regem
1609 4696 2040 4766 magnificavit.

1367 4929 1575 4986 ACTIO
1617 4930 1898 4995 QUINTA.

906 5064 956 5116 1.
1000 5062 1201 5131 Neque
1229 5064 1434 5113 tamen
1457 5057 1696 5114 interim
1723 5057 2094 5114 dormitabat
2137 5059 2188 5115 is
2219 5059 2323 5132 qui
2348 5060 2495 5116 ziza-

826 5149 1000 5206 nium
1028 5148 1090 5204 in
1116 5147 1421 5217 religionis
1464 5146 1661 5203 tritico
1710 5163 1906 5203 serere
1959 5147 2246 5216 molitur;
2297 5164 2496 5221 neque

823 5253 1008 5312 porro
1026 5237 1378 5294 demoratus
1409 5241 1519 5300 est,
1552 5251 1752 5310 neque
1785 5236 2078 5293 malitiam
2107 5237 2214 5294 diu
2245 5238 2490 5295 distulit.

821 5327 930 5386 sed
955 5341 1231 5384 rumores
1260 5325 1477 5381 iterum
1509 5325 1926 5394 insonuerunt,
1960 5326 2062 5397 qui
2099 5332 2493 5398 persanatum

820 5433 1017 5492 nuper
1037 5415 1493 5472 Christianitatis
1524 5431 1744 5488 corpus
1771 5415 2115 5470 exulcerare
2147 5417 2488 5473 tentabant!

821 5509 1149 5580 denuoque
1178 5505 1670 5577 obloquebantur
1725 5504 1999 5579 quidam,
2059 5506 2370 5563 conditum
2403 5513 2490 5564 to-

900 5686 971 5732 δι’
998 5684 1213 5758 Ephes.
1242 5701 1304 5756 ιι,
1342 5687 1428 5742 ﬁ.

2601 4618 2782 4684 μώντα
2827 4613 2886 4661 τὸ
2933 4617 3025 4670 τῆς
3092 4612 3388 4684 φρονήσεως
3449 4611 3604 4681 χύμα
3685 4608 4060 4668 πλουτήσαντα
4118 4612 4213 4661 καί

2604 4699 3005 4771 εἰρηνικωτατον
3071 4696 3274 4758 ἀληθῶς
3321 4701 3407 4750 τὸν
3457 4700 3688 4772 Χριστὸν
3739 4701 3934 4772 Κυρίου
3981 4696 4214 4771 βασιᾘα

2602 4787 3068 4862 προσεμεγείλυνεν.
3105 4825 3116 4834 -

3242 4935 3481 4986 ΠΡΛΞΙΣ
3510 4931 3578 4987 Ε.

2678 5057 2741 5109 α’.
2803 5056 2959 5110 Ἀλλὰ
3002 5060 3103 5133 γὰρ
3150 5056 3254 5110 ,οὐκ
3301 5054 3361 5116 ἦν
3414 5056 3616 5130 ἀμελεῖν
3663 5061 3751 5111 τὸν
3799 5059 4064 5134 ἄγρυπνον
4109 5069 4216 5113 τῶν

2607 5147 2856 5208 ζιζανίων
2889 5151 3087 5222 σπορέα
3131 5155 3204 5218 τῷ
3248 5155 3343 5208 τῆς
3377 5147 3651 5211 ιεύσεϐείας
3699 5153 3828 5220 σίτῳ
3862 5147 4220 5203 έπιϐουλευον-

2604 5254 2689 5289 τοι·
2734 5241 2921 5290 οὔκουν
2952 5235 3067 5291 οὐδ’
3119 5236 3409 5302 ἀνεϐάλετο,
3456 5234 3695 5296 οὐδετὴν
3747 5243 3934 5291 κακίαν
3983 5238 4066 5293 έπὶ
4113 5260 4219 5312 μαι

2604 5331 2728 5402 κρὸν
2805 5328 3077 5400 ὑπερέθετο
3108 5341 3122 5356 ⁸
3205 5324 3327 5378 ἀλλ’“
3371 5329 3822 5401 ὑποτονθορυσμοί
3877 5347 4007 5390 τινες
4057 5330 4219 5386 πάλιν

2605 5417 2989 5489 ἐπανηχουντο,
3039 5421 3096 5469 τὸ
3145 5416 3462 5470 συνουλωθὲν
3501 5413 3609 5476 ἤδη
3668 5425 3762 5470 τοῦ
3812 5427 3914 5470 τῶν
3958 5426 4218 5493 Χριστω-

2602 5509 2775 5582 νύμων
2876 5514 3114 5579 σώματος
3197 5505 3485 5569 ἀναξαίνειν
3581 5505 3994 5587 ἀποπειρώμενοι
4025 5528 4038 5541 '
4121 5515 4219 5568 καὶ
