4480 6430
268 427 368 483 εδδ
1574 416 1922 484 τηεεΑυιιι

1961 417 2093 483 ΜΒ.
2135 413 2288 482 XXV.
3511 421 3620 480 266

267 547 407 619 λόγοι
443 547 596 601 πάλιν
632 548 721 602 τόν
772 545 1040 601 ίκτεθίντα
1067 549 1226 622 τόμον
1279 555 1374 612 τῆς
1404 544 1655 622 ἀσαφείας
1693 548 1858 603 ἀπαι-
1891 553 1939 607 Α
1967 563 2036 606 ω·

1854 581 1858 592 ›
1891 553 1939 607 Α
1967 563 2139 606 mum
2181 544 2543 620 synodicum
2586 543 2969 606 obscuritatis
3015 541 3449 615 insimulantes,
3479 545 3623 602 scri-

268 642 522 710 τιὼμενοι,
558 643 648 691 καὶ
691 640 1096 713 παρερμηνεύειν
1155 639 1246 698 τὰς
1306 636 1861 712 ίγκαταγεγραμμίνας

269 731 466 797 γνώμας
483 728 891 799 ἑπιχειροῡντες,
909 731 1000 778 καὶ
1021 724 1342 779 ἀναστατοῦν
1365 745 1504 788 τινας
1530 725 1856 800 βιαζόμενοι·

271 812 487 866 ἐντευθεν
551 819 642 866 καὶ
717 811 1004 876 συνοδικῆς
1079 817 1356 887 γενομένης
1437 815 1811 878 κατεξετάσεως
1842 858 1858 885 ,

272 896 380 952 δίον
453 901 632 973 ἐκρίθη
695 907 788 954 καὶ
864 906 920 954 τό
988 921 1104 978 περι
1169 906 1358 955 τούτων
1427 902 1647 962 λυθῆναι
1711 922 1860 977 περι-

272 983 631 1063 θρυλλούμενον
672 1009 686 1023 ο
736 996 826 1044 καὶ
885 999 1011 1063 γοῦν
1094 994 1348 1067 ἔγγραφον
1433 994 1674 1051 συνετέθη
1769 997 1859 1044 καὶ

269 1086 356 1140 τῆς
414 1081 552 1140 θείας
583 1076 808 1133 συνόδου
855 1085 1012 1153 μέσον
1057 1079 1355 1153 ὶξιλαληθη,
1382 1078 1599 1135 τοιᾶσδέ
1636 1101 1767 1143 τινος
1806 1086 1860 1134 ἄν

269 1167 604 1243 περιληψεως.

337 1271 414 1346 β’.
453 1281 654 1348 Στοιχώ
685 1283 747 1348 τῇ
801 1281 979 1350 γνώμη
1035 1284 1123 1329 τοῦ
1174 1281 1462 1350 κρατίστου
1510 1282 1600 1330 καὶ
1656 1279 1856 1332 θεοστί-

271 1380 393 1414 πτου
445 1361 594 1434 ἁγίου
642 1365 790 1436 ἡμῶν
843 1364 1097 1437 βασιλέως
1162 1371 1252 1419 καὶ
1318 1366 1716 1439 αὐτοκράτορος,
1771 1373 1860 1420 καὶ

270 1458 356 1503 τοῦ
411 1450 704 1523 ἀγιωτάτου
761 1471 862 1525 μου
911 1449 1170 1506 δεσπότου
1207 1459 1295 1506 καὶ
1346 1456 1703 1528 οἰκουμενικοῦ
1759 1476 1859 1509 παο

270 1541 544 1614 τριάρχου,
588 1546 678 1594 καὶ
736 1550 837 1594 τῶν
902 1540 1081 1616 ἐτέρων
1142 1542 1442 1615 ἁγιωτάτων
1494 1554 1858 1619 πατριαρχὼν,

270 1637 356 1680 τοῦ
412 1648 466 1682 τε
521 1630 852 1692 Θεουπόλιως
921 1631 1155 1703 μεγάλης
1213 1633 1558 1703 Ἀντιοχείας,
1618 1639 1707 1686 καὶ
1768 1643 1859 1686 τοῦ

267 1715 641 1790 Ἰεροσολύμων,
697 1724 787 1772 καὶ
823 1728 914 1780 τῆς
965 1723 1100 1794 ἱερᾶς
1158 1726 1244 1773 καὶ
1283 1724 1418 1782 θείας
1465 1719 1728 1774 συνόδουο
1770 1728 1860 1776 καὶ

268 1807 424 1858 πάντα
459 1810 546 1859 τόν
582 1811 655 1880 μή
690 1811 911 1870 ταύταις
962 1807 1289 1881 ἀμεταθέτως
1331 1816 1421 1863 καὶ
1468 1815 1594 1884 μετά
1631 1813 1858 1886 καθαρᾶς

269 1891 687 1954 ἀκολουθήσαντα
743 1892 1117 1966 συνειδήσεως,
1158 1902 1188 1957 ἤ
1240 1901 1444 1952 ἕναντία
1505 1906 1855 1974 φρονήσαντα,
1890 1907 1928 1961 Β

267 1981 432 2046 ἕξότον
499 1987 558 2037 τὸ
617 1993 774 2058 κῦρος
827 1987 881 2038 αἱ
924 1995 1166 2040 τοιαῦται
1217 1997 1421 2061 γνῶμαι
1469 1989 1736 2063 εἰλήφασιν
1766 2035 1781 2061 ,
1823 1995 1852 2051 ἢ

268 2068 356 2124 διὰ
399 2071 522 2144 βίου
576 2079 928 2146 φρονήσαντα,
969 2073 1256 2148 ἀναθέματι
1309 2077 1684 2130 καθυποϐάλλω
1714 2122 1727 2145 ,
1768 2085 1857 2132 καὶ

268 2157 476 2231 ἐμαυτόν
533 2157 613 2229 δε,
663 2161 707 2214 εἰ
758 2166 830 2236 μὴ
899 2162 1063 2225 ούτως
1114 2166 1243 2235 ἔχω.
1281 2165 1422 2218 Ἐπεὶ
1467 2162 1526 2219 δὲ
1565 2164 1856 2221 σκάνδαλον

266 2247 515 2322 ἐνέπεσεν,
549 2250 631 2303 ὁτι
671 2255 801 2312 τινες
839 2255 928 2325 μὲν
967 2255 1059 2316 τας
1108 2256 1355 2315 τοιαύτας
1397 2261 1605 2328 γνώμας
1660 2277 1854 2332 παρερ-

267 2341 588 2410 μηνεύουσι,
627 2338 858 2412 λέγοντες
892 2346 963 2414 μη
1030 2344 1262 2396 νοεῖσθαι
1317 2348 1412 2402 τὴν
1467 2354 1558 2397 τοῦ
1610 2342 1855 2405 ἀληθινοῦ

269 2435 395 2480 Θεοῦ
421 2433 514 2481 καὶ
550 2436 787 2504 Σωτῆρος
835 2431 980 2504 ἡμῶν
1020 2431 1198 2489 Ἰησοῦ
1251 2440 1486 2508 Χριστοῦ
1541 2441 1709 2508 φωνην
1740 2441 1854 2503 την,

265 2515 320 2568 Ὀ
362 2522 540 2592 Πατήρ
579 2537 679 2592 μου
728 2520 920 2593 μείζων
977 2518 1109 2593 ἐστὶ,
1143 2523 1420 2599 καθώσπερ
1477 2528 1610 2576 κατά
1669 2523 1856 2598 διαφό-

267 2624 378 2680 ρους
422 2606 698 2680 ἐξηγήσεις
764 2612 906 2684 παρά
942 2618 1041 2661 τῶν
1101 2611 1354 2684 θεοφόρων
1416 2614 1576 2685 ἀγίων
1618 2620 1856 2688 Πατίρων

268 2697 584 2770 ἠρμηνεύθη,
623 2703 714 2750 καὶ
742 2698 858 2750 κατ’
890 2699 1052 2758 αὐτὴν
1090 2705 1184 2758 τὴν
1238 2700 1287 2752 ἐν
1316 2709 1386 2772 τῷ
1443 2703 1584 2776 αύτῷ
1643 2713 1856 2780 Χριστῷ

269 2782 584 2860 ἀνθρωπίνην
642 2792 859 2846 κτιστήν
897 2792 986 2840 καὶ
1033 2795 1391 2864 περιγραπτην
1422 2795 1595 2864 φύσιν,
1623 2796 1724 2848 καθ
1798 2797 1857 2854 ἣν

265 2876 496 2935 παθητὴν
552 2881 668 2930 τότε
705 2894 867 2930 ουσαν
913 2883 1000 2930 καὶ
1055 2883 1290 2948 πέπονθε,
1333 2887 1462 2955 μόνῃ
1506 2879 1564 2936 δὲ
1601 2893 1660 2956 τῇ
1703 2892 1856 2938 κενώσ-

268 2981 339 3017 σει
384 2970 477 3025 την
529 2969 778 3025 τοιαύτην
839 2972 1008 3040 φωνήν
1072 2975 1514 3044 προσαρμόζουσι
1557 2990 1568 3002 ·
1601 2978 1730 3038 τινες
1799 2973 1858 3029 δε

264 3060 346 3108 καὶ
381 3063 442 3127 τῇ
484 3059 620 3108 κατὰ
658 3055 819 3128 ψιλὴν
875 3057 1102 3110 ἐπίνοιαν
1156 3055 1414 3134 διαιρέσει
1471 3067 1558 3121 την
1612 3083 1857 3123 τοιαυτην

264 3151 347 3197 τοῦ
399 3150 598 3222 Κυρίου
654 3151 824 3219 φωνην
876 3146 1215 3222 ἀπονέμουσι,
1265 3149 1490 3222 λέγοντες
1549 3160 1856 3228 προσαρμό-

267 3233 362 3294 ζειν
411 3239 630 3304 ταύτην,
659 3237 813 3290 ὁπότε
852 3237 882 3294 ἠ
915 3245 1007 3290 τοῦ
1076 3243 1272 3313 Κυρίου
1316 3239 1450 3316 σάρξ
1503 3251 1694 3296 νοεῖται
1742 3245 1857 3298 καθ’

264 3321 438 3383 ἑαυτήν
493 3326 861 3400 κεχωρισμένη
916 3332 1007 3387 τῆς
1073 3329 1330 3396 θεότητος,
1385 3329 1558 3405 ὣσπερ
1614 3333 1657 3384 εἰ
1721 3331 1860 3406 μηδὶ

264 3414 426 3473 ηνώθη
459 3430 476 3448 ⁶
515 3415 637 3468 καθ’
667 3417 720 3468 ὃν
760 3420 949 3489 τρόπον
992 3420 1081 3469 καὶ
1122 3414 1282 3476 δούλη
1345 3425 1433 3472 καὶ
1474 3419 1737 3493 ἀγνοοῦσα
1774 3423 1787 3433 “

263 3519 398 3573 γεται
428 3522 442 3537 ο
471 3511 562 3557 καὶ
602 3499 696 3557 δια
743 3513 896 3558 τοῦτο
939 3509 1075 3558 κατὰ
1112 3511 1206 3565 τὴν
1235 3511 1372 3560 κατά
1414 3508 1573 3580 ψιλὴν
1627 3511 1858 3566 ἐπίνοιαν

265 3589 553 3669 διαίρεσιν,
600 3596 670 3656 ὡς
711 3598 952 3668 εἴρηται,
1011 3596 1224 3669 λέγουσι
1280 3603 1374 3656 τὴν
1442 3605 1610 3672 φωνὴν
1663 3606 1856 3662 ταύτην

264 3681 513 3754 εἰρῆσθαι,
566 3683 629 3742 ἢν
677 3685 703 3736 ὁ
762 3684 916 3746 αὐτὸς
953 3691 1188 3759 Χριστός
1235 3690 1260 3739 ὁ
1317 3693 1438 3752 Θεὸς
1492 3693 1636 3763 ἡμῶν
1685 3698 1856 3766 εἰρηκε

260 3776 386 3825 κατά
435 3778 530 3832 τήν
580 3771 631 3825 ἓν
697 3773 837 3845 αὐτῷ
907 3773 1233 3850 ἀνθρωπίνην
1294 3784 1514 3838 κτιστὴν
1561 3787 1651 3834 καὶ
1703 3803 1854 3859 περι-

258 3867 486 3932 γραπτήν
526 3865 703 3934 φύσιν,
736 3865 855 3915 καθ’
887 3867 947 3924 ἣν
987 3870 1076 3917 καὶ
1133 3869 1377 3920 πέπονθεν
1413 3886 1425 3897 ·
1459 3870 1488 3928 ἡ
1532 3877 1621 3923 καὶ
1669 3874 1748 3924 ὅτι
1797 3878 1854 3926 τό

257 3959 344 4011 τῆς
404 3960 580 4013 κοινῆς
656 3955 855 4024 φύσεως
933 3951 1282 4028 ὑποδυόμενος
1355 3963 1634 4030 πρόσωπον
1701 3968 1853 4015 τοῦτό

259 4058 379 4110 φησι
419 4057 432 4070 ⁸
491 4041 614 4094 καθ’
681 4041 734 4093 ὃν
791 4046 979 4115 τρόπον
1016 4042 1220 4114 λέγεται
1257 4049 1347 4098 καὶ
1387 4049 1416 4104 ἡ
1459 4045 1849 4122 ἐγκατάλειψις,

258 4132 378 4204 ἤπερ
443 4130 559 4185 ἐστὶ
621 4140 732 4194 τοῖς
801 4135 1072 4209 θεηγόροις
1135 4139 1377 4209 Πατράσι
1432 4146 1695 4212 πτοσωπῳ
1759 4151 1853 4205 τῆς

256 4228 422 4283 κοινῆς
477 4231 579 4273 τῶν
642 4219 924 4296 ἀνθρώπων
977 4226 1178 4296 φύσεως
1242 4223 1657 4302 ἐπιλαμϐανομένη
1695 4252 1708 4264 ο
1764 4238 1854 4285 καὶ

254 4313 360 4371 τοὺς
387 4314 662 4374 τοιούτους
689 4309 1068 4365 καθυποϐάλλω
1097 4323 1169 4386 τῷ
1199 4313 1506 4390 ἀναθέματι,

315 4557 378 4631 γ’.
420 4563 484 4614 Αἰ
521 4564 700 4634 μέντοι
747 4569 953 4636 γνῶμαι
987 4580 1001 4595 ⁸
1035 4565 1196 4636 ἤγουν
1225 4568 1256 4626 ἡ
1289 4571 1379 4642 μεν
1428 4579 1518 4624 τοῦ
1565 4577 1848 4646 κρατίστου

258 4647 551 4703 θεοστίπτου
622 4650 775 4724 ἁγίου
831 4654 976 4726 ἡμῶν
1025 4655 1402 4731 αὐτοκράτορος
1467 4664 1580 4732 ἔχει
1641 4663 1844 4726 οὓτως·

254 4744 445 4812 Στοιχῶ
509 4749 628 4802 ταῖς
683 4748 916 4814 γνώμαις
975 4752 1074 4796 τῶν
1135 4747 1439 4817 ἀγιωτάτων
1504 4764 1849 4827 πατριαρχὼν

252 4835 333 4881 καὶ
359 4838 446 4891 τῆς
494 4832 642 4893 Θείας
678 4837 770 4884 καὶ
828 4834 966 4908 ἱερᾶς
1015 4831 1244 4888 συνόδου
1278 4854 1290 4868 ⁸
1319 4844 1408 4892 καὶ
1446 4838 1574 4913 λέγω
1605 4844 1686 4895 ὅτι
1715 4845 1847 4905 αῦτη

252 4919 279 4975 ἠ
330 4920 457 4994 σὰρξ
506 4930 603 4973 τοῦ
665 4926 901 4997 Κυρίου,
961 4921 1015 4986 ἐξ
1062 4924 1227 4988 αὐτῆς
1285 4928 1512 4993 ἐνωσεως
1565 4933 1849 5007 ὑπερνψω-

252 5007 407 5075 θεῖσα,
465 5016 558 5063 καὶ
617 5007 868 5064 ἀνωτάτω
917 5013 1094 5075 πάσης
1149 5024 1304 5087 τιμῆς
1359 5019 1738 5094 ὑπερκειμένη,
1781 5027 1851 5088 ὡς

249 5092 296 5184 εξ
336 5098 499 5173 ἄκρας
559 5097 792 5162 ἐνώσεως
845 5100 1055 5172 ὁμόθεος
1118 5110 1396 5178 γενομένη,
1456 5092 1848 5184 ἀμεταϐλὴτως,

249 5182 610 5256 ἅναλλοιωτως,
654 5187 977 5263 ἀσυγχύτως
1004 5198 1094 5246 καὶ
1145 5195 1430 5268 ἀτρέπτως,
1475 5195 1568 5272 δια
1597 5206 1690 5260 τὴν
1730 5182 1846 5258 καθί

247 5274 526 5332 ὑπόστασιν
589 5280 798 5348 ἕνωσιν,
843 5285 934 5333 καὶ
992 5280 1295 5356 ἀχώριστος
1347 5293 1436 5340 καὶ
1477 5287 1848 5355 ἀδιάσπαστος

246 5369 459 5436 μένουσα
521 5377 598 5441 τῷ
665 5368 1072 5444 προσλαϐομένῳ
1137 5374 1300 5434 αύτην
1360 5385 1474 5451 Θεῷ
1523 5383 1845 5453 Aer/(9,1200—

245 5453 386 5521 κλεῶς
426 5457 572 5530 αύτῷ
628 5464 853 5532 τιμᾶται
907 5465 999 5513 καὶ
1055 5474 1430 5538 προσκυνεῖται
1473 5477 1571 5543 μιᾷ
1618 5491 1848 5547 προσκυ-

243 5549 379 5604 νήσει
413 5563 430 5579 ⁶
473 5553 565 5603 καὶ
618 5555 732 5610 τοῖς
771 5547 1068 5624 βασιλικοῖς
1119 5560 1209 5609 καὶ
1268 5558 1419 5620 θείοις
1465 5558 1846 5637 ἐγκαθίδρυται

249 5633 414 5706 θώκοις
462 5635 519 5696 ἐκ
559 5637 751 5706 δεξιῶν
815 5648 910 5696 τοῦ
958 5649 1187 5721 Πατρός,
1228 5648 1298 5710 ὡς
1351 5652 1415 5704 τὰ
1453 5659 1548 5715 τῆς
1603 5633 1848 5719 θεότητος

512 5770 770 5827 Pauor»
815 5771 918 5829 Gtt.
960 5771 1110 5831 CXL.

1885 4621 1930 4678 D

1967 642 2208 712 ptarum
2263 635 2346 692 ibi
2395 635 2827 692 sententiarum
2880 647 3128 690 sensum
3192 637 3624 705 pervertentes,

1969 731 2318 799 sectamque
2339 724 2455 782 sibi
2481 725 2743 782 conﬂare
2773 728 3080 782 conantes.
3109 724 3301 786 Quam
3328 738 3458 780 rem
3484 739 3627 780 eum

1969 813 2242 887 synodus
2267 812 3152 883 considerasset,necessarium
3181 825 3311 868 esse
3335 811 3629 882 judicavit

1967 919 2242 960 rumores
2265 902 2618 975 hujusmodi
2648 900 3482 975 ccmprimere.0uamobrem
3507 901 3627 958 for-

1919 1011 1930 1022 ·
1969 992 2134 1050 mula
2159 992 2499 1065 composita
2528 991 2849 1065 mediaque
2869 990 2933 1048 in
2963 989 3200 1064 synodo
3229 989 3473 1048 recitata
3493 989 3624 1055 fuit,

1967 1079 2144 1153 cujus
2167 1079 2532 1139 continentia
2557 1079 2711 1140 haec.

2038 1279 2091 1330 2.
2135 1277 2365 1348 Sequor
2415 1275 2776 1333 sententiam
2823 1273 3220 1349 potentissimi
3246 1289 3284 1332 a
3314 1273 3435 1331 Deo
3461 1289 3630 1332 coro-

1967 1365 2091 1420 nati
2138 1365 2330 1420 sancti
2385 1365 2573 1422 nostri
2615 1365 2771 1436 regis
2821 1368 2879 1421 et
2903 1363 3300 1436 imperatoris,
3332 1378 3441 1420 nec
3494 1379 3622 1420 non

1969 1454 2332 1510 sanctissimi
2381 1454 2500 1510 mei
2526 1453 2756 1509 domini
2779 1457 2835 1509 et
2866 1451 3221 1509 meumenici
3247 1452 3626 1525 patriarchae.

1968 1547 2024 1598 et
2043 1541 2296 1598 aliorum
2328 1541 2844 1599 sanetissimorum
2879 1540 3382 1612 patriarcharum,
3406 1555 3628 1615 nempe

1969 1629 2133 1686 urbis
2173 1632 2269 1687 Dei
2310 1647 2550 1702 magnae
2601 1631 3025 1696 Antiochiamc
3055 1631 3627 1702 Hierosolymorum,

1968 1735 2274 1792 sacrmque
2305 1727 2363 1776 et
2405 1720 2625 1776 divinae
2652 1719 2890 1792 synodi.
2927 1723 2988 1775 lit
3016 1719 3366 1792 quicunque
3401 1719 3497 1776 his
3527 1718 3629 1775 ﬁr-

1968 1808 2140 1864 miter
2173 1814 2229 1864 et
2257 1825 2397 1865 eum
2420 1824 2574 1880 pura
2611 1808 2978 1865 conscientia
3011 1823 3134 1864 non
3166 1807 3508 1876 adhmserit,
3531 1804 3630 1866 vel

1967 1900 2266 1955 contraria
2295 1899 2565 1966 senserit,
2586 1904 2912 1973 postquam
2937 1899 3030 1955 hae
3061 1897 3347 1955 doctrinm
3366 1897 3626 1955 deﬁnitae

1966 1987 2205 2046 fuerunt
2234 1989 2327 2046 vel
2357 1989 2418 2046 in
2449 1995 2759 2063 posterum
2792 1989 3024 2056 sentiet,
3054 2005 3191 2045 eum
3237 2004 3350 2060 ego
3381 1989 3629 2047 anathe-

1967 2079 2112 2134 mati
2143 2078 2420 2150 subjicio,
2457 2094 2674 2153 meque
2728 2079 2881 2135 adeo
2911 2079 3133 2152 ipsum,
3160 2077 3276 2134 nisi
3329 2078 3412 2135 sic
3442 2079 3632 2136 credi-

1964 2167 2130 2223 dero.
2166 2169 2464 2234 Quoniam
2497 2184 2639 2226 vero
2680 2167 3038 2224 scandalum
3068 2167 3293 2237 incidit,
3308 2173 3630 2240 propterea

1963 2255 2128 2329 quod
2146 2257 2416 2314 nonnulli
2449 2258 2558 2313 has
2590 2254 2914 2314 sententias
2936 2256 3628 2330 pravainterpretatione

1965 2346 2381 2417 pessumdant,
2413 2346 2679 2402 dicentes
2709 2361 2832 2402 non
2862 2345 3108 2418 intelligi
3132 2345 3256 2402 veri
3284 2345 3384 2402 Dei
3413 2350 3472 2403 et
3501 2347 3630 2404 Ser-

1967 2435 2186 2490 vatoris
2216 2435 2402 2492 nostri
2430 2437 2568 2491 Jesu
2611 2435 2822 2491 Christi
2868 2433 3232 2491 locutionem
3264 2435 3445 2492 Pater
3467 2451 3630 2492 meus

1964 2525 2159 2592 major
2188 2539 2278 2580 me
2322 2531 2426 2592 est,
2453 2523 2626 2579 sicuti
2661 2524 2836 2594 juxta
2884 2525 3156 2580 diversas
3184 2529 3534 2581 sanctorum
3573 2530 3631 2580 et

1965 2612 2398 2684 inspiratorum
2467 2616 2706 2670 Patrum
2753 2613 3271 2684 interpretationes
3332 2613 3631 2686 explicata

1967 2701 2092 2766 fuit,
2126 2701 2308 2757 etiam
2355 2701 2694 2757 secundum
2735 2700 3071 2757 humanam
3113 2701 3325 2759 Christi
3362 2707 3630 2758 creatam

1966 2790 2607 2863 circumseriptamque
2639 2796 2941 2856 naturam,
2966 2791 3022 2846 in
3051 2806 3174 2864 qua
3206 2796 3332 2847 tum
3358 2790 3632 2862 passibili

1965 2895 2181 2952 reapse
2209 2896 2430 2952 passus
2455 2886 2542 2935 est
2565 2896 2577 2935 :
2605 2877 2710 2936 sed
2729 2879 2832 2935 uni
2865 2880 3254 2936 exinanitioni
3279 2879 3633 2951 hujusmodi

1967 2968 2290 3025 dictionem
2313 2969 2428 3041 ipsi
2461 2967 2967 3024 accommodant:
2997 2968 3248 3041 quidam
3278 2984 3421 3024 vero
3449 2968 3632 3024 etiam

1967 3057 2301 3114 secundum
2359 3058 2600 3113 unicam
2658 3073 2730 3112 ac
2775 3057 3109 3129 simplicem
3183 3057 3632 3113 distinctionem

1969 3147 2294 3202 mentalem
2347 3145 2474 3201 haec
2528 3144 2716 3201 verba
2766 3145 3134 3215 intelligunt;
3169 3145 3436 3200 dicentes
3475 3149 3634 3201 recte

1891 3261 1939 3318 ο
1971 3252 2034 3292 se
2065 3235 2288 3291 habere
2337 3234 2726 3302 locutionem,
2756 3235 2805 3290 si
2835 3250 2944 3306 per
2974 3234 3191 3290 mentis
3212 3233 3633 3306 praecisionem

1967 3341 2108 3382 caro
2131 3325 2363 3381 Domini
2393 3325 2525 3397 ipsa
2558 3340 2662 3396 per
2695 3340 2756 3380 se
2793 3329 2849 3380 et
2875 3323 3106 3396 absque
3138 3323 3444 3380 divinitate
3470 3323 3634 3395 cogi-

1970 3421 2141 3484 tetur,
2163 3421 2458 3488 tanquam
2477 3431 2552 3470 ne
2577 3413 2744 3470 unita
2768 3414 3015 3486 quidem
3039 3419 3195 3469 esset
3212 3431 3224 3480 ;
3241 3414 3414 3484 juxta
3443 3429 3634 3487 quam

1967 3506 2260 3562 rationem
2289 3508 2346 3560 et
2376 3520 2550 3560 serva
2589 3510 2644 3560 et
2673 3503 2866 3559 inscia
2898 3503 3141 3570 dicitur;
3184 3509 3628 3576 proptereaque

1966 3594 2301 3650 secundum
2350 3592 2686 3664 simplicem
2713 3593 2931 3648 mentis
2969 3591 3425 3648 distinctionem
3449 3593 3636 3648 verba.

1963 3684 2093 3739 hch
2138 3682 2372 3755 prolata
2418 3681 2744 3750 affirmant,
2777 3696 2912 3754 quae
2937 3696 3148 3753 reapse
3174 3681 3335 3736 idem
3363 3682 3630 3736 Christus

1967 3776 2118 3829 Deus
2139 3776 2344 3828 noster
2367 3771 2516 3826 dixit
2541 3771 2876 3827 secundum
2905 3786 3083 3826 suam
3113 3770 3452 3826 humanam
3471 3786 3634 3828 crea-

1964 3866 2089 3917 tam
2136 3861 2773 3933 cu'cumscriptamque
2817 3865 3118 3930 naturam,
3153 3859 3214 3914 in
3273 3875 3397 3930 qua
3450 3858 3633 3915 etiam

1961 3967 2182 4024 passus
2203 3956 2323 4007 est:
2356 3951 2443 4006 vel
2462 3950 2645 4005 etiam
2674 3949 2885 4004 dicunt
2907 3947 3206 4004 Christum
3231 3948 3316 4003 sie
3337 3947 3631 4016 locutum,

1963 4045 2264 4110 quatenus
2297 4039 2640 4095 communis
2677 4043 2909 4094 natura
2941 4052 3272 4109 personam
3303 4052 3631 4108 repraesen-

1962 4130 2160 4196 tabat;
2193 4128 2530 4186 secundum
2581 4143 2770 4201 quam
2824 4128 3117 4183 rationem
3180 4125 3397 4182 dicitur
3449 4127 3633 4184 etiam

1962 4219 2267 4276 derelictio
2297 4221 2358 4275 in
2385 4233 2581 4288 cruce,
2616 4233 2804 4290 quam
2850 4220 2966 4272 Deo
3009 4215 3283 4287 inspirati
3317 4215 3524 4271 Patres
3555 4216 3631 4272 de

1961 4310 2304 4367 communis
2333 4309 2653 4365 hominum
2705 4312 2936 4363 naturae
2973 4321 3238 4378 persona
3284 4304 3626 4377 arcipiunt;

1959 4399 2074 4455 hos
2137 4399 2338 4466 etiam,
2381 4397 2654 4469 inquam,
2713 4395 2798 4450 sic
2875 4395 3194 4466 opinantes
3254 4393 3630 4450 anathemati

1961 4486 2236 4557 subjicio.

2029 4579 2082 4632 3.
2127 4578 2210 4632 En
2240 4579 2442 4631 autem
2472 4573 2636 4645 ipsas
2659 4569 3004 4627 sententias.
3041 4571 3106 4626 Et
3134 4569 3384 4642 quidem
3413 4574 3626 4643 poten-

1960 4665 2172 4721 tissimi
2192 4680 2228 4720 a
2251 4667 2370 4720 Deo
2391 4661 2662 4718 coronati
2681 4660 2868 4717 sancti
2889 4659 3077 4715 nostri
3096 4659 3476 4731 imperatoris
3497 4675 3628 4717 sen-

1963 4754 2144 4810 tentia
2172 4755 2254 4809 ita
2286 4769 2349 4808 se
2379 4751 2822 4822 habet.Sequor
2860 4748 3185 4804 sententias
3216 4749 3627 4807 sanctissimo-

1958 4859 2095 4900 rum
2138 4841 2620 4916 patriarcharum
2654 4844 2711 4895 et
2749 4839 2967 4894 divinae
2997 4844 3344 4910 sanctasque
3383 4840 3624 4912 synodi,

1959 4935 2179 5007 aioque
2218 4933 2415 5005 ipsam
2445 4929 2683 4986 Domini
2736 4943 2982 4984 carnem
3036 4927 3459 4998 conjunctione
3485 4944 3627 4987 cum

1961 5024 2150 5080 Verbo
2177 5021 2830 5092 exaltatam,supraque
2853 5031 3101 5074 omnem
3123 5016 3421 5074 honorem
3446 5017 3624 5076 collo-

1959 5118 2180 5179 catam,
2203 5113 2306 5184 (ita
2334 5116 2398 5166 ut
2426 5110 2539 5165 hoc
2568 5108 2787 5164 eximio
2809 5123 2972 5164 nexu
2991 5105 3272 5162 deiﬁcata
3293 5106 3384 5178 sit)
3405 5106 3624 5165 immu-

1959 5203 2232 5273 tabiliter,
2288 5197 2742 5262 invariabiliter,
2788 5196 3129 5261 inconfuse,
3161 5195 3628 5256 inconvertibili-

1958 5291 2466 5365 ter,hypostaticze
2488 5287 2930 5360 conjunctionis
2947 5285 3626 5360 gratiainseparabilem

1955 5382 2506 5454 indivisibilemque
2520 5382 3041 5444 manentem,cum
3061 5379 3411 5434 assumente
3423 5377 3624 5451 ipsam

1959 5479 2078 5532 Deo
2108 5473 2329 5542 Verbo,
2357 5472 2488 5544 pari
2530 5469 2762 5528 honore
2791 5467 2907 5525 coli
2937 5470 2995 5524 et
3022 5466 3287 5541 adorari,
3311 5467 3492 5528 unica
3519 5469 3625 5527 ad-

1957 5565 2247 5634 oratione,
2279 5563 2567 5634 regioque
2619 5565 2675 5618 et
2722 5558 2928 5616 divino
2983 5557 3047 5614 in
3095 5558 3245 5616 solio
3297 5559 3379 5615 ad
3437 5559 3626 5618 Patris

1956 5655 2268 5714 dexteram
2316 5653 2599 5720 residere,
2651 5654 2856 5724 utpote
2894 5665 3031 5723 quae
3081 5649 3414 5709 Divinitatis
3451 5651 3625 5711 dotes

3305 5783 3336 5836 9
