4480 6430
795 405 904 459 267
2138 395 2417 456 ΝῙΟΕΤΕ
2453 401 2564 463 084

2396 401 2417 453 Β
2453 400 2835 467 (ΞΗΟΝΙΔΤΛΞ
4059 413 4165 468 268

793 525 1088 596 gloriosas
1111 525 1333 599 adepta
1353 527 1461 591 est,
1491 523 1674 581 salvis
1702 527 2055 580 naturarum
2085 523 2456 594 proprietati-
2488 528 2534 579 Λ

2395 523 2456 578 ίί-
2488 528 2534 579 Λ
2567 524 2860 596 αὐχήματα
2879 529 3383 599 καταπλουτήσασα,
3412 531 3715 602 σωζομένων
3739 539 3840 583 τῶν
3885 529 4163 592 ἰδιοτήτων

791 613 932 670 bus.

2564 622 2663 664 τῶν
2695 617 2913 685 φύσεων.

860 705 914 758 4.
961 702 1332 759 Sanctissimi
1364 705 1568 758 autem
1621 699 1811 755 nostri
1847 698 2076 754 domini
2103 699 2457 755 mcumenici

2392 699 2457 755 ici
2636 699 2700 756 δ’.
2739 702 2796 754 Ἠ
2838 700 2898 755 δὲ
2935 713 3027 756 τοῦ
3093 706 3388 776 ἀγιωτάτου
3447 709 3592 777 ήμῶν
3647 704 3907 760 δεσπότου
3955 715 4044 762 καὶ
4083 711 4161 762 οἰ-

787 790 1148 863 ρειῐτὶωοοὴεε
1177 789 1472 846 sententia
1503 788 1638 844 talis
1663 787 1793 842 fuit.
1818 787 1954 842 Mihi
1986 787 2264 842 videntur
2285 793 2456 859 quot-

2395 793 2456 843 ή-
2562 799 2868 861 κουμενιχοῦ
2941 798 3275 868 πατριάρχου
3334 796 3494 854 οὑτως
3552 799 3694 864 (42)⁶
3726 799 3806 848 ὅτι
3866 797 4010 867 Ἐμοὶ
4078 796 4164 850 δο-

786 884 938 952 quot
961 879 1234 951 episcopi
1285 895 1356 935 ac
1385 877 1692 950 praepositi
1723 876 1801 932 de
1831 876 2044 932 Christi
2082 876 2454 932 humanitate

2394 882 2454 931 .te
2562 887 2743 929 κοῡσιν
2783 881 2899 931 ὅσοι
2929 883 3069 933 εἶπον
3109 892 3208 933 τῶν
3249 882 3536 957 ἀρχιερέων
3598 889 3688 936 καὶ
3736 893 3837 934 τῶν
3893 884 4163 959 ἀρχόντων

786 968 947 1025 dicta
975 967 1357 1025 aﬂirmarunt
1399 967 1615 1023 verba:
1640 966 1820 1022 Pater
1842 980 2003 1020 meus
2019 968 2218 1035 major
2240 982 2330 1020 me
2345 972 2450 1034 est,

2394 972 2450 1034 rt,
2560 970 2696 1018 κατά
2733 972 2792 1019 τὸ
2845 967 2895 1019 ἐν
2959 979 3031 1040 τῷ
3089 979 3302 1046 Χριστῷ
3351 971 3670 1044 ἀνθρώπινον
3728 973 3973 1044 εἰρῆσθαι
4001 974 4163 1042 τό,’0

783 1056 848 1113 id
872 1061 962 1113 est
990 1056 1328 1112 secundum
1356 1056 1488 1126 ejus
1513 1059 1780 1110 creatam
1806 1054 2142 1109 humanam
2170 1059 2454 1109 naturam

2395 1071 2454 1109 m
2562 1063 2741 1131 Πατήρ
2803 1078 2903 1130 μου
2955 1061 3147 1131 μειζων
3215 1065 3313 1133 μού
3372 1061 3534 1123 ἐστιν,
3593 1067 3751 1133 ἤγουν
3804 1069 3936 1116 κατά
3985 1070 4078 1123 τήν
4117 1065 4164 1116 ἐν

782 1146 848 1202 in
885 1162 1010 1219 qua
1043 1150 1098 1201 et
1125 1162 1345 1218 passus
1373 1149 1481 1214 est,
1514 1149 1672 1200 recte
1720 1147 1777 1198 et
1817 1142 2112 1197 inoffense
2165 1147 2343 1214 atque
2374 1143 2452 1198 ad

2393 1143 2452 1198 td
2560 1147 2700 1217 αὐτῷ
2769 1147 3094 1220 ἀνθρωπίνην
3152 1157 3373 1209 κτίστην
3440 1156 3613 1224 φύσιν,
3648 1155 3768 1206 καθ’
3809 1155 3868 1211 ἣν
3907 1161 3995 1206 καὶ
4068 1159 4162 1207 πέ-

783 1235 1164 1308 propositum
1209 1233 1596 1306 respondisse
1632 1250 1644 1287 :
1679 1232 1784 1304 qui
1832 1235 2031 1286 autem
2090 1230 2258 1286 aliter
2287 1232 2451 1286 dixe-

2393 1248 2451 1286 e-
2560 1238 2759 1302 πονθεν,
2812 1237 2979 1312 ὀρθῶς
3032 1247 3121 1292 καὶ
3179 1239 3556 1312 ἀπροσκόπτως
3604 1248 3692 1293 καὶ
3732 1247 3861 1314 πρὸς
3901 1249 3994 1301 τήν
4033 1242 4162 1317 ἐρω-

782 1329 941 1393 runt,
964 1322 1222 1380 obscure
1264 1321 1653 1394 respondisse
1706 1320 2004 1385 videntur,
2038 1319 2160 1374 imo
2199 1321 2352 1375 inter
2390 1335 2452 1375 se

2390 1335 2452 1375 se
2558 1344 2713 1382 τησιν
2751 1325 3136 1399 ἀποκρίνασθαι
3185 1346 3197 1358 ⁸
3245 1333 3294 1380 οἱ
3335 1327 3393 1381 δι
3447 1330 3610 1391 ἄλλως
3650 1331 3935 1405 εἰρηκότες,
3981 1332 4156 1404 ἀσαφῆ

783 1412 1093 1470 discordes
1109 1428 1308 1484 neque
1337 1411 1416 1466 ad
1447 1408 1826 1482 propositum
1868 1407 2276 1463 collineantes.
2312 1411 2452 1465 San-

2390 1425 2452 1463 n-
2557 1417 2901 1486 ποιησάμενοι
2938 1421 3030 1474 τήν
3070 1417 3368 1490 ἀπόκρισιν,
3420 1424 3508 1470 καὶ
3566 1419 3756 1490 μᾶλλον
3811 1425 3942 1494 πρὸς
4005 1420 4159 1478 ἀλλή-

783 1500 1038 1557 ctissimi
1073 1506 1277 1558 autem
1329 1499 1494 1554 urbis
1549 1497 1652 1553 Dei
1699 1511 1940 1566 magnae
1976 1497 2302 1552 Antiochiae
2348 1513 2452 1568 pa-

2392 1513 2452 1554 a-
2556 1501 2673 1562 λους
2723 1509 2795 1576 μή
2867 1513 3326 1577 συμφωνήσαντες,
3392 1504 3516 1559 οὐδὲ
3581 1512 3707 1582 πρὸς
3759 1515 3853 1567 τήν
3907 1509 4158 1582 ἐρώτησιν

781 1589 1077 1657 triarchm,
1111 1590 1240 1645 haec
1262 1588 1394 1643 fuit.
1421 1584 1847 1641 Sanctissimus
1892 1585 2235 1655 patriarcha
2285 1585 2450 1640 urbis

2389 1586 2450 1640 iis
2559 1587 2782 1644 δοκοῦσι
2856 1613 2946 1664 μοι
3011 1593 3417 1668 ἀποκρίνασθαι.
3469 1597 3526 1648 Ἠ
3583 1593 3641 1648 δὲ
3705 1605 3798 1648 τοῦ
3864 1601 4158 1668 ἀγιωτάτου

783 1678 887 1735 Dei
910 1694 1152 1749 magna;
1170 1676 1502 1733 Antiochiae
1525 1675 1624 1741 ait,
1649 1673 1877 1730 dictum
1898 1673 2082 1728 fuisse
2115 1690 2150 1729 a
2182 1675 2408 1730 Christo
2435 1692 2446 1728 :

2389 1692 2446 1730 ):
2557 1683 2894 1754 πατριάρχου
2952 1685 3270 1744 Θεουπόλεως
3326 1685 3556 1756 μεγάλης
3598 1686 3921 1757 Ἀντιοχείας
3968 1687 4158 1748 οὓτως.

781 1769 971 1824 Pater
995 1783 1155 1824 meus
1201 1769 1397 1833 maior
1416 1780 1507 1821 me
1549 1769 1656 1832 est,
1680 1763 1862 1818 etiam
1893 1763 2229 1818 secundum
2260 1766 2450 1819 incar-

2389 1780 2450 1818 ιΓ-
2556 1768 2614 1820 Ὀ
2706 1770 2988 1841 ἁγιώτατος
3075 1775 3418 1848 πατριάρχης
3512 1775 3839 1837 Θεόυπόλεως
3931 1777 4158 1848 μεγάλης

779 1862 1090 1913 nationem
1101 1859 1486 1926 creatamque
1501 1868 1679 1908 suam
1701 1856 1983 1907 naturam
2007 1853 2446 1923 acpassibilem.
2479 1864 2524 1916 Β

2397 1870 2446 1908 [ι.
2479 1864 2524 1916 Β
2563 1858 2885 1930 Ἀντιοχείας
2950 1858 3084 1913 εἶπεν
3135 1862 3378 1933 εἰρῆσθαι
3416 1867 3474 1914 τό
3507 1880 3518 1891 ⁸
3549 1862 3607 1914 Ὀ
3670 1870 3853 1938 Πατήρ
3921 1885 4020 1936 μου
4057 1871 4166 1937 μεί-

785 1945 1154 2003 Sanctissimi
1197 1943 1459 2015 denique
1490 1940 2043 2012 Hierosolymorum
2091 1942 2450 2012 patriarchae

2399 1959 2450 1997 ω
2561 1947 2661 2006 ζων
2717 1967 2818 2020 μου
2858 1953 3000 2021 παρά
3038 1959 3130 2002 τοῦ
3183 1959 3441 2025 Χριστοῦ,
3490 1959 3582 2004 καὶ
3616 1955 3752 2006 κατὰ
3788 1959 3882 2011 τὴν
3920 1953 4166 2029 ἐνανθρω-

782 2034 1088 2107 ejusmodi
1110 2033 1405 2089 sententia
1421 2030 1985 2086 fuit.Sanctissimus
2010 2030 2449 2103 Hierosolymo-

2396 2047 2449 2086 D-
2557 2054 2721 2092 πησιν
2779 2041 2868 2088 καὶ
2927 2042 2985 2088 τό
3036 2036 3085 2088 έν
3148 2037 3290 2109 αὐτῷ
3326 2048 3399 2109 τῷ
3453 2047 3668 2110 Χριστῷ
3705 2046 3917 2093 κτιστόν
3966 2061 4020 2094 τε
4075 2048 4165 2094 καὶ

779 2140 918 2180 rum
947 2122 1291 2195 patriarcha
1311 2120 1463 2176 dixit
1482 2135 1494 2173 :
1514 2119 1542 2174 J
1550 2136 1650 2175 am
1684 2123 1928 2174 sanctus
1961 2119 2214 2190 Spiritus
2233 2120 2445 2184 verba,

2391 2135 2445 2184 a,
2556 2125 2808 2181 παθητόν.
2857 2125 2915 2177 Ἠ
2975 2122 3033 2177 δε
3072 2133 3164 2178 τοῦ
3217 2127 3509 2197 ἀγιωτάτου
3550 2131 3889 2202 πατριάρχου
3947 2129 4160 2204 Ἰεροσο-

779 2213 967 2269 Pater
1009 2226 1174 2267 meus
1212 2211 1413 2279 major
1450 2223 1542 2264 me
1582 2213 1687 2278 est,
1721 2205 2043 2279 explicavit
2071 2223 2179 2278 per
2209 2213 2446 2263 sanctos

2393 2223 2446 2262 )8
2554 2210 2727 2283 λύμων
2784 2212 2949 2275 οὓτως
2981 2230 2994 2242 °
3025 2213 3085 2266 Ὀ
3135 2214 3422 2286 ἀγιώτατος
3483 2218 3825 2291 πατριάρχης
3880 2217 4162 2292 Ἰεροσολύο

779 2315 1162 2372 magnosque
1208 2298 1645 2354 illuminatores
1678 2295 1975 2358 Ecclesia,
2007 2302 2448 2352 sacrosanctus-

2390 2315 2448 2351 .s-
2554 2321 2662 2371 μων
2729 2297 2862 2353 εἶπεν
2898 2322 2910 2334 ο
2960 2301 3191 2374 Ἕφθασε
3252 2308 3311 2355 τό
3388 2311 3596 2375 Πνεῦμα
3657 2309 3714 2356 τό
3753 2306 3903 2376 άγιον
3955 2311 4014 2358 τό
4050 2328 4063 2340 ο
4101 2308 4159 2360 ’0

779 2406 899 2465 que
931 2389 1221 2462 synodos.
1257 2388 1500 2460 Recipio
1544 2387 1725 2456 igitur
1776 2392 2023 2442 cunctas
2071 2387 2440 2449 traditiones,

2395 2407 2440 2449 s,
2554 2395 2734 2463 Πατήρ
2773 2409 2874 2462 μου
2933 2392 3123 2462 μείζων
3180 2395 3280 2464 μου
3331 2392 3492 2462 ἐστιν,
3551 2393 3864 2467 ἑρμηνεῦσαι
3923 2391 4016 2447 διὰ
4058 2405 4157 2447 τῶν

779 2480 1116 2536 secundum
1142 2494 1296 2550 quas
1323 2477 1426 2533 illa
1449 2476 1637 2532 verba
1654 2474 1951 2530 intellecta
1981 2477 2443 2539 sunt.0uoniam

2387 2494 2443 2532 ω
2551 2477 2709 2548 ἁγίων
2769 2485 2858 2530 καὶ
2910 2479 3142 2550 μεγάλων
3193 2485 3478 2554 φωστήρων
3528 2489 3622 2542 τῆς
3681 2482 3993 2543 Ἐχκλησίας
4068 2489 4156 2536 καὶ

777 2584 922 2625 vero
969 2565 1349 2624 amrmarunt
1397 2567 1637 2626 Patres.
1691 2563 1920 2620 dictum
1973 2564 2088 2619 hoc
2130 2580 2166 2621 a
2215 2565 2443 2621 Christo

2388 2571 2443 2620 ιο
2549 2576 2650 2619 τῶν
2677 2567 2837 2638 ἁγίων
2892 2573 2981 2619 καὶ
3030 2571 3174 2640 ἱερῶν
3229 2566 3464 2620 συνόδων
3499 2587 3510 2597 ⁸
3547 2566 3780 2641 δέχομαι
3816 2581 3941 2642 γοῦν
3980 2575 4157 2635 πάσας

779 2659 966 2714 fuisse
997 2661 1127 2714 tum
1179 2660 1478 2728 quatenus
1531 2669 1709 2709 verus
1755 2655 1909 2708 Deus
1960 2659 2069 2721 est,
2101 2659 2229 2708 tum
2261 2656 2442 2710 etiam

2388 2671 2442 2710 m
2550 2658 2644 2717 τὰς
2707 2652 2941 2726 ἁδοχὰς
3003 2658 3121 2710 καθ’
3179 2657 3236 2717 ἃς
3293 2660 3626 2730 ἡρμήνευσαν
3688 2660 3836 2717 αὑτό.
3900 2661 4038 2714 Ἐπεὶ
4099 2659 4157 2714 δε

779 2753 1083 2822 quatenus
1112 2762 1288 2802 verus
1325 2745 1532 2810 homo,
1573 2744 1679 2816 qui
1709 2758 1927 2814 nempe
1957 2748 2224 2798 creatam
2255 2745 2443 2815 passi-

2390 2745 2443 2799 ;i-
2550 2745 2822 2816 εἰρήκασιν
2863 2745 2944 2796 ὃτι
2998 2752 3086 2798 καὶ
3129 2750 3195 2807 ὡς
3245 2751 3372 2806 Θεὸς
3410 2746 3616 2812 τέλειος,
3650 2753 3739 2800 καὶ
3795 2752 3859 2809 ὡς
3888 2751 4159 2823 ἄνθρωπος

781 2837 1090 2908 bilemque
1116 2839 1395 2890 naturam
1427 2831 1699 2901 habet,in
1725 2847 1848 2903 qua
1877 2831 2056 2886 etiam
2079 2848 2298 2904 passus
2329 2839 2439 2898 est,

2386 2839 2439 2898 “.t,
2549 2833 2737 2893 τεΊειος
2780 2835 2980 2907 εἰρηκεν
3034 2836 3059 2885 6
3101 2836 3258 2896 αὐτὸς
3311 2839 3538 2907 Χριστός
3594 2840 3650 2887 τό
3707 2847 3940 2890 τοιοῦτον
3977 2841 4155 2914 ῥητόν,

781 2926 878 2982 aio
907 2925 970 2981 id
990 2925 1194 2996 ipsum
1236 2938 1350 2993 ego
1375 2937 1640 2995 quoque,
1673 2935 1871 2991 neque
1900 2920 2132 2975 inﬁcias
2154 2923 2236 2976 ire
2262 2938 2439 2994 queo.

2389 2938 2439 2977 ο,
2552 2926 2713 2992 ἤγουν
2744 2922 2812 2983 ὡς
2842 2925 2977 2993 ἔχων
3009 2923 3058 2974 ἐν
3099 2923 3263 2993 ἑαυτῴ
3293 2927 3387 2981 τήν
3420 2929 3641 2981 κτιστήν
3663 2928 3817 2996 φύσιν
3856 2932 3946 2979 καὶ
3978 2931 4158 2986 παθη-

781 3013 882 3071 His
907 3018 1112 3069 autem
1160 3011 1469 3067 sententiis
1513 3009 1816 3079 sigillatim
1871 3008 2280 3081 subscriptum
2303 3010 2440 3078 fuit;

2393 3017 2440 3078 t;
2552 3016 2646 3068 τήν
2686 3010 2801 3062 καθ’
2838 3011 2897 3068 ἣν
2924 3017 3012 3063 καὶ
3037 3014 3255 3063 πέπονθε
3289 3026 3302 3040 '
3345 3012 3475 3082 λέγω
3515 3019 3604 3065 καὶ
3635 3014 3786 3074 αὐτὸς
3809 3020 3876 3067 τά
3912 3017 4046 3069 αὐτά
4070 3023 4160 3070 καὶ

781 3119 988 3177 easque
1009 3103 1179 3159 lecta;
1207 3107 1350 3157 sunt
1365 3100 1646 3157 audiente
1674 3098 2056 3155 sanctissimo
2070 3100 2443 3155 mcumenico

2390 3116 2443 3154 :0
2551 3101 2611 3151 οὐ
2667 3097 2897 3172 δύναμαι
2945 3099 3214 3174 ἀρνεῖσθαι
3247 3118 3258 3128 ”
3291 3103 3316 3152 6
3356 3107 3443 3153 καὶ
3492 3104 3787 3176 ὑπεγράφη,
3832 3105 4159 3176 ὐναγνωσθεν

784 3191 1128 3250 Patriarcha
1174 3190 1503 3260 divinaque
1561 3193 1618 3244 et
1680 3203 1856 3243 sacra
1908 3188 2168 3258 synodo,
2208 3204 2314 3259 per
2345 3188 2444 3242 Dei
2477 3217 2516 3270 ρ

2393 3188 2444 3242 ei
2477 3217 2516 3270 Ε
2553 3188 2601 3240 ἐν
2641 3191 2846 3260 ἐπηκόῳ
2911 3200 3003 3242 τοῦ
3061 3190 3352 3261 ἀγιωτάτου
3410 3195 3497 3242 καὶ
3557 3192 3915 3264 οἰκουμενικοῡ
3974 3216 4161 3270 πατρι-

781 3281 1283 3339 amantissimum
1304 3294 1600 3348 magnum
1629 3277 2128 3349 scevophylacem
2153 3279 2447 3333 Joannem

2392 3294 2447 3333 ω
2557 3279 2730 3351 ἀρχου
2784 3285 2872 3331 καὶ
2925 3288 3015 3340 τῆς
3075 3282 3215 3340 Θείας
3265 3285 3354 3331 καὶ
3413 3283 3550 3352 ἱερᾶς
3603 3280 3826 3334 συνόδου
3889 3288 4032 3356 παρὰ
4069 3294 4161 3338 τοῦ

781 3369 1481 3444 pantechnemDenique
1500 3366 1806 3438 adjectum
1831 3372 1921 3421 est
1941 3366 2247 3420 decretum
2267 3382 2448 3438 syno-

2391 3383 2448 3422 ο-
2560 3367 2950 3438 θεοφιλεστάτου
3012 3367 3237 3440 μεγάλου
3327 3368 3698 3440 σέευοφύλακος
3761 3371 3996 3424 Ἰωάννου
4071 3382 4160 3426 τοῦ

785 3459 1012 3522 dicum,
1071 3459 1242 3530 cujus
1307 3455 1743 3513 continentiam
1812 3455 1874 3510 in
1939 3455 2449 3526 consequentibus

2391 3473 2449 3510 as
2558 3463 2854 3527 Πανιεχνῆ.
2907 3457 3024 3508 Ἐπὶ
3089 3454 3148 3509 δὲ
3204 3460 3372 3528 τούτῳ
3409 3463 3499 3509 καὶ
3543 3465 3820 3533 σημείωμα
3881 3460 4160 3516 συνοδικόν

782 3549 1026 3605 damus,
2558 3544 2779 3612 ἐξετέθη,
2813 3555 2980 3596 ταυτα
3017 3551 3105 3598 καὶ
3145 3546 3270 3597 αὐτὸ
3295 3547 3468 3620 ῥητῶς
3501 3544 3863 3621 διηγούμενον,

1377 3653 1584 3709 ACTIO
1628 3653 1866 3708 SEXTA.

1762 3653 1866 3707 ΤΑ.
3188 3657 3422 3706 ΠΡΑΞΙΣ
3466 3652 3531 3716 ς’.

783 3763 1005 3821 Mensis
1055 3762 1268 3818 Martii
1314 3761 1412 3816 die
1457 3761 1754 3828 vicesima,
1819 3758 2166 3813 indictionis
2211 3757 2451 3812 decima

2276 3758 2451 3812 rcimz
2665 3765 2805 3817 Μηνὶ
2835 3765 3052 3832 Μαρτίῳ
3081 3758 3145 3825 κ’,
3179 3762 3349 3832 ἡμέρᾳ
3384 3766 3564 3834 πρώτη
3610 3758 3930 3826 ἰνδικτιῶνος
3959 3763 4045 3817 ιδ’.

1303 3855 1558 3922 quartae,
1588 3850 1684 3905 die
1706 3850 1932 3919 prima.

861 3967 908 4017 1.
950 3959 1314 4016 Praasidente
1348 3957 1728 4014 sanctissimo
1766 3960 1973 4012 nostro
2011 3955 2262 4011 domino
2286 3972 2450 4010 oecu-

2394 3972 2450 4010 1-
2631 3955 2693 4010 α’.
2738 3958 3140 4030 Προκαθημένου
3206 3963 3299 4007 τοῦ
3348 3954 3643 4026 ἀγιωτάτου
3697 3961 3842 4031 ἡμῶν
3902 3956 4163 4014 δεσπότου

783 4051 1025 4108 menico
1071 4048 1420 4122 patriarcha
1471 4046 1724 4102 domino
1781 4047 1938 4101 Luca
1979 4046 2040 4100 in
2093 4045 2451 4100 occidentali

2397 4045 2451 4100 Lli
2558 4052 2648 4099 καὶ
2695 4047 3052 4118 οἰκουμενίκοῡ
3093 4065 3430 4120 πατριάρχου
3489 4056 3650 4120 κυροῡ
3718 4055 3899 4102 Λουκᾶ
3954 4054 4002 4102 ἓν
4060 4060 4166 4112 τοῖς

784 4141 1259 4198 catechumeneo
1277 4155 1290 4204 ;
1310 4135 1764 4193 considentibus
1792 4135 2164 4198 Caesariensi,
2183 4134 2452 4189 Nicome-

2396 4151 2452 4189 e-
2561 4135 2797 4197 δυτιχοίς
2901 4140 3363 4208 κατηχουμενείοις
3406 4152 3418 4164 ’
3499 4134 3942 4210 συνεδριαζόντων
3985 4183 3998 4206 ,
4076 4149 4165 4192 τοῦ

784 4227 1395 4297 diensi,Melitenensi,
1419 4225 1772 4295 Gangrensi,
1799 4225 2144 4291 Larissensi,
2166 4225 2449 4292 Cretensi,

2398 4225 2449 4292 ii,
2562 4229 2901 4298 Καισαρείας,
2961 4233 3050 4276 τοῦ
3117 4221 3498 4295 Νικομηδείας,
3554 4234 3646 4276 τοῦ
3704 4227 4015 4295 Μελιτηνῆς,
4077 4238 4167 4281 τοῦ

783 4317 1358 4392 Philippopolitano,
1385 4313 1782 4384 Euchaitensi,
1827 4312 2217 4384 Philippensi,
2253 4313 2454 4368 Hiera-

2398 4329 2454 4368 a-
2561 4321 2828 4387 Γαγγρών,
2858 4321 2951 4365 τοῦ
2992 4319 3292 4388 Λαρίσσης,
3323 4321 3416 4363 του
3459 4319 3690 4387 Κρήτης,
3727 4324 3819 4367 τοῦ
3876 4318 4167 4371 Φιλεππου-

780 4407 1074 4481 politano,
1117 4405 1404 4474 Serrensi,
1456 4402 1773 4475 Abydeno,
1825 4402 2180 4468 Paronaxio,
2211 4401 2449 4468 Milesio,

2402 4417 2449 4468 Ο,
2559 4404 2774 4467 πόλεως,
2815 4412 2907 4455 τοῦ
2973 4403 3269 4473 Εὐχαίτων,
3311 4410 3402 4453 τοῦ
3461 4402 3746 4470 Φιλίππων,
3787 4414 3880 4457 τοῦ
3944 4407 4171 4482 Ἱεραπό-

781 4498 1336 4570 Arcadiopolitano,
1362 4495 1558 4563 Pario,
1584 4493 2032 4557 Prmconnesio,
2068 4492 2449 4564 Selybriensi,
2489 4559 2526 4570 ἢ

2395 4495 2449 4562 si,
2489 4493 2700 4570 “Rem,
2753 4500 2844 4544 τοῦ
2911 4492 3140 4566 Σερρών,
3202 4498 3293 4542 τοῦ
3355 4489 3605 4559 Ἀϐύδου,
3661 4502 3751 4545 τοῦ
3820 4498 4164 4568 Παροναξίας,

779 4559 1202 4652 Anchialensi;
1233 4559 1572 4642 astantibus
1628 4582 1894 4639 dominis
1942 4559 2318 4654 praepositis;
2352 4559 2453 4636 Dei
2487 4559 2530 4612 θ

2401 4582 2453 4636 ei
2487 4559 2530 4612 D
2560 4590 2651 4634 τοῦ
2703 4581 2938 4638 Μιλήτου
2965 4625 2979 4648 ,
3039 4589 3130 4632 τοῦ
3196 4577 3676 4654 Ἀρκαδιουπόλεως
3708 4625 3721 4650 ,
3781 4593 3874 4635 τοῦ
3903 4559 3910 4568 Ι
3942 4559 4165 4658 Παρίου,

780 4677 1240 4736 amantissimus
1277 4690 1539 4745 magnus
1572 4670 1980 4745 scevophylax
2004 4673 2267 4727 Joannes
2297 4674 2452 4726 Pan-
2523 4704 2526 4708 -

2402 4687 2452 4724 ι-
2523 4679 2652 4723 -τοῡ
2706 4675 3116 4745 Προικοννήσου,
3158 4678 3250 4721 τοῦ
3309 4669 3612 4743 Σηλυϐρίας,
3658 4677 3746 4724 καὶ
3801 4681 3890 4725 τοῦ
3945 4675 4171 4748 Ἀγχιά-

779 4769 1046 4836 technes,
1069 4771 1136 4821 ut
1159 4781 1222 4821 se
1254 4765 1423 4821 omni
1451 4763 1799 4835 suspicione
1817 4765 2122 4833 purgaret,
2152 4760 2323 4815 sicuti
2346 4775 2454 4831 pa-

2398 4775 2454 4815 a-
2559 4759 2649 4810 λου
2710 4781 2722 4792 '
2781 4764 3180 4832 παρισταμένων
3231 4765 3321 4811 καὶ
3380 4756 3708 4812 δεσποτικών
3756 4761 4028 4836 ἀρχόντων
4080 4782 4092 4795 ·
4142 4768 4167 4817 6

777 4858 904 4914 lam
941 4859 1004 4912 ﬁt
1031 4873 1097 4912 ex
1118 4853 1648 4928 progredientibus
1676 4850 1894 4924 synodi
1927 4850 2198 4916 decretis,
2235 4849 2453 4904 sistens

2400 4865 2453 4903 is
2563 4847 2956 4920 θεοφιλέστατος
3023 4852 3181 4920 μέγας
3233 4849 3557 4920 σκευοφυλαξ
3614 4851 3855 4913 Ἰωάννης
3904 4855 3928 4904 6
3978 4861 4169 4907 Παντε-

781 4964 844 5004 se
888 4946 1070 5003 hodie
1117 4945 1260 5015 legit
1303 4959 1376 4999 ex
1421 4941 1624 4998 liber
1654 4940 2086 4998 continentiam
2109 4940 2260 5009 ejus.
2285 4940 2452 4995 Post-

2408 4944 2452 4995 t-
2560 4943 2713 5008 χνής,
2755 4937 2936 4990 ἑαυτὸν
2989 4936 3324 4989 ἀπαλλάττων
3377 4940 3556 5000 πάσης
3607 4940 3857 5010 ὑποψίας,
3892 4945 4030 4995 καθά
4075 4941 4171 5002 δη-

776 5054 967 5110 quam
1005 5036 1184 5107 igitur
1221 5035 1351 5090 haec
1392 5033 1544 5089 lecta.
1573 5037 1713 5087 sunt
1741 5030 1981 5103 publice
2012 5046 2219 5085 coram
2247 5034 2453 5085 nostra

2401 5045 2453 5085 οδ,
2559 5026 2740 5078 λοῦται
2778 5035 2886 5087 τοῖς
2943 5026 3176 5100 προϐᾶσι
3229 5023 3527 5088 συνόδικοίς
3585 5036 3960 5103 σημειὼμασι,
3994 5053 4170 5108 παρα-

777 5127 1195 5186 mediocritate
1243 5139 1540 5196 sacraque
1595 5121 1833 5194 synodo
1863 5163 1877 5187 ,
1917 5121 1979 5176 in
2019 5120 2133 5175 hac
2163 5118 2453 5175 schedula

2405 5120 2453 5175 la
2564 5119 2692 5176 στὰς
2731 5121 2824 5174 τὴν
2881 5122 3127 5190 σήμερον,
3161 5114 3352 5188 ἀνέγνω
3393 5115 3494 5168 ἀπὸ
3544 5117 3839 5193 εἰληταρίου
3877 5124 3941 5172 τὰ
3992 5123 4174 5176 ὑποτε-

775 5233 1002 5275 nomen
1049 5231 1229 5272 suum
1274 5212 1648 5285 subscripsit,
1681 5226 1865 5283 seque
1901 5209 2068 5266 omni
2108 5209 2450 5281 suspicione

2405 5225 2450 5265 ιθ
2559 5211 2788 5278 ταγμένα
2821 5221 2832 5233 ⁸
2868 5208 2932 5266 ὡς
2969 5205 3058 5257 οὖν
3117 5203 3309 5276 ἀνέγνω
3371 5213 3537 5258 ταῦτα
3588 5205 3674 5260 ἐπὶ
3727 5218 3900 5261 κοινοῦ
3957 5216 4046 5263 καὶ
4102 5211 4174 5264 ἕν-

776 5307 1081 5381 purgavit,
1108 5306 1190 5361 ita
1221 5310 1288 5360 ut
1319 5303 1634 5376 superiora
1666 5301 1886 5372 synodi
1927 5300 2168 5355 decreta
2194 5299 2342 5354 nihil
2372 5298 2452 5354 ad

2404 5298 2452 5354 ,d
2562 5301 2723 5347 ὠπιον
2776 5304 2872 5357 τῆς
2907 5297 3054 5366 ἡμῶν
3094 5299 3436 5368 μετριότητος
3473 5301 3562 5349 καὶ
3611 5305 3706 5358 τῆς
3749 5300 3883 5371 ἱερᾶς
3924 5297 4173 5373 συνόδου,

775 5399 979 5471 ipsum
1013 5397 1146 5468 jam
1169 5394 1510 5451 attinerent.
1545 5391 1770 5448 Deinde
1801 5394 2114 5446 exaratum
2141 5389 2202 5444 in
2235 5389 2451 5444 eadem

2406 5404 2451 5443 n
2561 5385 2610 5438 ἐν
2675 5394 2748 5456 τῷ
2814 5387 3033 5455 τοιούτῳ
3097 5388 3306 5457 χαρτίῳ
3365 5386 3695 5459 ὑπέγραψεν,
3751 5388 3932 5441 ἑαυτὸν
4002 5394 4175 5453 πάσης

779 5486 1073 5545 schedula
1090 5483 1499 5558 scriptumhuj
1513 5480 1953 5552 usmodi,eique
1979 5495 2086 5552 per
2108 5477 2452 5551 complures

2404 5493 2452 5533 ,ε
2561 5475 2793 5546 ὑποψίας
2849 5473 3152 5544 ἀπήλλαξεν,
3214 5473 3496 5548 ἀπρακτεῖν
3555 5476 3854 5549 ὀφειλόντων
3917 5481 4037 5533 ὅσον
4096 5481 4173 5534 ἐπ’

775 5577 905 5634 dies
929 5574 1424 5646 subscripserunt
1445 5571 1544 5627 alii
1563 5585 1810 5644 quoque
1832 5567 2124 5641 episcopi,
2138 5567 2283 5638 quia
2303 5582 2450 5622 non-

2403 5582 2450 5622 τι-
2562 5566 2703 5636 αὐτῴ
2751 5584 2841 5616 και
2897 5572 2997 5615 τῶν
3053 5573 3439 5637 προγεγονότων
3507 5564 3799 5620 σὐνοὸικῶν
3865 5575 4172 5644 σημειωμά-

849 5704 960 5775 (42)
999 5700 1144 5756 Vide
1171 5699 1286 5756 col.
1309 5701 1434 5754 250.
