4480 6430
297 419 407 470 369

1620 411 1966 467 THESAURI
2005 411 2138 466 LIB.
2189 409 2370 465 XXIV.

3577 411 3682 466 2'70

295 558 400 588 των
426 538 540 604 (43)
570 534 700 592 Εἶτα
729 535 1205 608 ἕγκατεστρωμένον
1248 533 1309 605 ᾖν
1339 534 1388 586 ἓν
1421 534 1560 603 αὐτῷ
1587 538 1645 585 τὸ
1679 542 1911 586 τοιοῦτον
1943 544 1986 592 Α
2018 549 2056 587 n

1909 557 1911 573 ι
1943 544 1986 592 Α
2018 533 2164 587 nulli
2195 530 2551 587 scandalum
2593 529 2667 586 de
2711 530 2842 586 aliis
2873 537 3292 604 sumpserant;
3325 533 3430 604 qui
3475 534 3678 590 nolue-

299 631 576 697 ἔγγραφον·
637 626 723 676 ἐπὶ
778 621 836 676 δι
897 633 968 693 τῷ
1029 628 1379 697 προγραφέντι
1454 623 1714 694 ἐγγράφῳ,
1779 626 1915 674 κατα

300 711 585 786 διαφόρους
650 717 845 784 ημρας
914 713 1220 784 ὑπέγραψαν
1285 718 1373 762 καὶ
1431 714 1594 784 ἕτεροι
1647 710 1914 783 ἀρχιερεῖς

301 799 402 852 διὰ
429 807 488 854 τό
529 799 981 858 σκανδαλισθῆναί
1033 822 1175 862 τινας
1230 810 1328 851 τῶν
1374 799 1658 873 ἀρχιερέων
1705 806 1792 850 καί
1836 793 1913 850 ἐπ’

302 891 503 952 αὐτοῖς·
534 896 620 942 καὶ
654 890 810 942 θελειν
843 896 930 941 καὶ
962 894 1174 949 τούτους
1205 886 1370 960 μηδὲν
1417 889 1649 957 ὑποψίας
1689 885 1916 958 ἰνδαλμα

299 980 418 1030 κατ’
477 981 666 1041 αὐτῶν,
720 977 842 1051 παρ’
901 975 1172 1047 οίῳδητινι
1224 979 1509 1039 σώζεσθαι,
1563 977 1727 1027 οἱκαὶ
1759 978 1912 1032 ἦσαν·

300 1069 329 1116 ό
362 1072 552 1138 Μύρων
585 1071 960 1139 Χριστοφόρος,
994 1069 1019 1117 ό
1063 1071 1342 1140 Λαρίσσης
1379 1066 1634 1129 Ἰωάννης,
1668 1066 1693 1114 ό
1732 1062 1914 1115 Ῥόδου

300 1162 469 1222 Λέων,
532 1157 558 1206 ὁ
625 1152 1097 1226 ’Λὸριανουπόλεως
1165 1161 1330 1219 Λέων,
1398 1155 1424 1205 ὁ
1499 1158 1638 1206 Νέων
1698 1159 1914 1223 Πατρῶν

2018 629 2157 678 runt
2178 622 2356 676 ullam
2391 622 2752 692 suspicionis
2785 623 3046 692 speciem
3077 622 3150 676 de
3185 638 3248 676 se
3280 623 3447 693 apud
3474 639 3680 694 quem-

2019 711 2160 766 libet
2191 725 2530 781 superesse.
2591 713 2768 763 Erant
2805 715 3004 764 autem
3039 711 3137 764 hi:
3184 713 3486 781 Myrorum
3529 712 3684 766 Chri-

2022 801 2362 870 stophorus.
2397 799 2639 852 Larissa;
2664 801 2946 864 Joannes,
2979 799 3168 853 Rhodi
3193 800 3326 858 Leo.
3350 800 3679 854 Hadriano-

2023 889 2228 959 poleos
2263 889 2392 952 Leo,
2448 890 2882 957 Neopatrarum
2935 888 3308 958 Euthymius,
3346 889 3684 942 Thebarum

2019 978 2300 1040 Joannes,
2338 979 2628 1030 Maroneae
2679 976 2948 1031 Nicctas:
2987 975 3062 1029 de
3112 991 3375 1046 quorum
3423 975 3686 1046 singulo-

2023 1081 2158 1120 rum
2190 1063 2738 1134 subscriptionibus
2783 1063 3026 1120 condita
3055 1070 3193 1119 sunt
3239 1063 3479 1120 decreta
3505 1081 3688 1136 syno-

2024 1154 2157 1207 dica
2187 1153 2408 1208 tenoris
2439 1151 2731 1222 ejusdem.

301 1245 592 1316 Εύθύμιος,
634 1246 660 1295 ὁ
699 1243 888 1300 Θηϐῶν
930 1245 1190 1308 Ἰωάννης,
1266 1249 1356 1295 καὶ
1395 1245 1419 1294 ό
1459 1247 1757 1314 Μαρωνείας
1784 1246 2035 1301 Νικητας·
2077 1243 2145 1292 ὧν
2193 1241 2268 1312 ἐφ’
2299 1242 2523 1294 ἑκάστου
2561 1243 2835 1313 ύπογραφῆ
2869 1249 2959 1292 καὶ
3011 1246 3375 1313 σημείωματα,
3428 1238 3686 1294 συνοὸικά

295 1331 600 1402 ἐξετίθεντο,
632 1341 726 1394 τῆς
757 1332 920 1392 αὐτῆς
947 1334 1070 1384 ὄντα
1095 1328 1384 1404 δυνάμεως.

373 1438 422 1510 β’
464 1442 605 1491 Μετὰ
643 1435 703 1490 δι
732 1446 898 1490 ταῦτα
926 1444 1014 1490 καὶ
1045 1440 1211 1510 ἕτερον
1252 1436 1444 1510 προέϐη
1488 1433 1766 1488 συνοδικὸν
1808 1456 1912 1493 ση-

293 1533 523 1599 μείωμα,
559 1527 760 1579 αύτολεὶ
790 1529 988 1579 οὑτωσὶ
1012 1531 1278 1600 περιέχον,

447 1682 590 1734 Μηνὶ
616 1676 900 1749 Ἀπριλλίῳ
941 1675 986 1739 ς’
1017 1678 1187 1747 ἡμέρᾳ
1226 1671 1271 1726 δ’
1315 1670 1638 1737 ἰνδικτιῶνος
1675 1671 1766 1728 id".

375 1793 781 1863 Προκαθημένου
834 1797 1012 1843 Λουκᾶ
1058 1797 1148 1841 τοῦ
1201 1789 1498 1859 ἁγιωτάτον
1538 1797 1682 1860 ημῶν
1715 1785 1912 1840 δεσπό-

299 1901 396 1932 του
459 1886 548 1931 καὶ
608 1880 966 1950 οὶκουμενικοῦ
1026 1881 1364 1950 πατριάρχου
1432 1876 1482 1928 ἐν
1547 1885 1658 1937 ὀῖς
1722 1873 1914 1938 δεξιοῖς

303 1970 597 2032 ἀλεξιακοῖς
661 1972 1145 2039 κατηχουμενείοις·
1217 1963 1630 2039 συνεδριζόντων
1696 1974 1758 2037 τῇ
1827 1985 1912 2037 με·

2096 1443 2148 1494 2.
2193 1441 2328 1494 Post
2347 1438 2474 1493 hasc
2497 1437 2662 1494 aliud
2681 1454 2925 1510 quoque
2952 1438 3176 1510 prodiit
3201 1439 3562 1510 synodicum
3584 1439 3684 1495 de-

2026 1533 2254 1582 cretum
2276 1528 2439 1583 hisce
2472 1527 2695 1584 verbis.

2023 1617 2243 1671 Mensis
2296 1618 2529 1686 Aprilis
2573 1619 2667 1671 die
2700 1623 2885 1680 sexta,
2927 1625 3150 1688 quarta
3191 1619 3532 1674 indictioms
3581 1619 3680 1674 de-

2628 1710 2793 1760 cimae
2822 1713 3077 1775 quarta.

2096 1794 2448 1849 Praasidente
2485 1796 2639 1849 Luca
2673 1794 3056 1849 sanctissimo
3103 1799 3309 1850 nostro
3339 1795 3588 1850 domino
3627 1801 3684 1850 et

2023 1883 2395 1938 mcumenico
2423 1883 2764 1954 patriarcha
2790 1883 2848 1936 in
2881 1882 3090 1937 dextro
3111 1883 3386 1940 alexiano
3406 1885 3660 1940 catechu

2024 1987 2237 2027 meneo
2264 1990 2276 2036 ;
2307 1970 2760 2025 considentibus
2782 1987 2919 2025 cum
2954 1986 3180 2040 magna
3212 1974 3524 2028 sanctitate
3551 1973 3682 2042 ejus

299 2061 441 2130 γάλη
500 2059 766 2130 ἁγιωσύνῃ
835 2057 996 2108 αὑτοῦ
1074 2059 1361 2128 ὶερωτάτων
1429 2054 1756 2129 ἀρχιερέων,
1818 2064 1910 2106 τοῦ
1941 2037 1984 2089 Β
2023 2076 2068 2114 εε

1941 2037 1984 2089 Β
2023 2059 2446 2115 sacratissimis
2476 2059 2792 2130 episcopis.
2819 2059 3188 2127 Caesariensi,
3221 2061 3679 2128 Nicomediensi,

303 2153 646 2222 Καισαρείας,
699 2154 791 2198 τοῦ
843 2142 1216 2217 Νικομηδείας,
1267 2153 1357 2196 τοῦ
1407 2150 1641 2212 Νικαίος,
1673 2153 1764 2196 τοῦ
1813 2152 1914 2196 Με-

299 2238 535 2302 λιτηνῆς,
597 2244 690 2287 τοῦ
750 2241 1018 2308 Γαγγρῶν,
1081 2242 1174 2286 τοῦ
1245 2239 1464 2308 Καρίας,
1527 2241 1619 2284 τοῦ
1669 2234 1906 2295 Ἰκονίου,

299 2335 395 2378 τοῦ
425 2327 701 2399 Κορίνθου,
731 2332 824 2376 τοῦ
874 2331 1162 2389 Μωκησοῦ,
1217 2331 1310 2374 τοῦ
1357 2327 1586 2396 Κρήτης,
1635 2328 1727 2373 τόῦ
1771 2329 1914 2394 Τρα-

299 2416 604 2480 πεζοῦντος,
653 2419 745 2465 τοῦ
797 2412 1081 2481 Φιλίππων,
1137 2419 1231 2462 τοῦ
1282 2411 1629 2484 Ἱεραπόλεως,
1675 2418 1767 2462 τοῦ
1815 2417 1916 2462 Μι-

299 2505 546 2570 τυλήνης,
607 2510 700 2554 τοῦ
765 2501 970 2566 Θηϐῶν,
1035 2508 1128 2552 τοῦ
1195 2499 1427 2574 Σερρῶν,
1489 2508 1581 2551 τοῦ
1639 2505 1914 2573 Δρίστρας,

299 2602 395 2646 τοῦ
459 2597 744 2667 Κερκύρας,
802 2601 894 2644 τοῦ
956 2587 1205 2657 ’Λϐύδου,
1256 2597 1347 2641 τοῦ
1400 2589 1657 2655 Μιλήτου,
1687 2597 1778 2642 τοῦ
1808 2597 1918 2643 Μαι

300 2689 555 2758 ρωνιίας,
609 2691 701 2734 τοῦ
749 2686 969 2754 Παρίου,
1037 2689 1130 2732 τοῦ
1197 2679 1504 2753 Σηλυϐρίας,
1580 2688 1672 2732 τοῦ
1736 2685 1916 2747 Νίκης,

302 2781 531 2826 καὶτοῦ
590 2773 905 2844 Ἀγχιάλου·
971 2776 1372 2846 παρισταμένων
1439 2776 1527 2821 καὶ
1593 2770 1920 2841 θεοφιλεστά-

303 2882 406 2914 των
477 2859 800 2914 δεσποτικῶν
864 2858 1152 2934 αρχοντωνο
1213 2861 1240 2910 ό
1301 2858 1691 2930 θεοφιλέστατος
1731 2855 1920 2910 διάκο-

305 2971 394 3012 νος
440 2957 530 3002 καὶ
576 2954 916 3023 κανστρίσιος
981 2957 1076 3009 τῆς
1130 2947 1424 3019 ἁγιωτάτης
1471 2955 1564 2999 τοῦ
1604 2955 1737 3000 Θεοῦ
1767 2949 1925 3020 μεγά-

306 3041 403 3102 λης
488 3040 767 3099 ἐκκλησίας
844 3037 1106 3110 Σαμουὴλ,
1183 3039 1357 3096 πάσης
1453 3037 1679 3106 ὑποψίας
1743 3036 1923 3088 ἑαυτὸν

310 3129 672 3197 ἀπαλλάττων,
713 3130 850 3180 κατὰ
885 3132 976 3184 την
1003 3128 1254 3198 τετάρτην
1286 3134 1377 3178 τοῦ
1423 3131 1674 3199 παρόντος
1715 3125 1927 3198 Ἀπριλ-

309 3219 423 3270 λίου
470 3223 632 3290 μηνὸς
685 3217 769 3269 ἐπὶ
812 3224 902 3268 τοῦ
973 3219 1136 3287 μέσου
1187 3218 1330 3281 στας,
1387 3220 1477 3266 καὶ
1544 3218 1602 3266 τό
1662 3211 1926 3288 διαφόρως

309 3308 456 3381 παρά
517 3326 672 3358 τινων
740 3307 1026 3378 ίερωτάτων
1102 3303 1389 3378 ἀρχιερέων
1464 3309 1554 3354 καὶ
1623 3303 1927 3374 θεοφλεστά-

305 3416 406 3448 των
475 3395 746 3469 ἀρχόντων
837 3392 1163 3464 ἀναγνωσθεν
1249 3398 1338 3444 καὶ
1417 3393 1712 3466 ύπογραφὲν
1792 3391 1946 3450 είληη

304 3489 490 3558 τάριον
547 3484 645 3536 ἐινὰ
709 3491 896 3559 χεῖρας
955 3481 1146 3550 λαϐὼν,
1215 3481 1282 3542 εἰς
1347 3480 1566 3538 ἐπήκοον
1631 3489 1719 3532 τοῦ
1788 3484 1924 3554 ἱεροῦ

307 3571 588 3648 συνεδρίου
639 3573 830 3644 ἇοιέγνω
884 3575 952 3624 τὰ
1005 3569 1055 3623 ἐν
1091 3571 1234 3623 αὐτῶ
1281 3574 1616 3645 γεγραμμένα
1657 3573 1790 3641 μετὰ
1834 3577 1924 3623 καὶ

2022 2149 2278 2214 Niceno,
2310 2148 2693 2217 Melitenensi,
2733 2149 3084 2218 Gangrensi,
3120 2149 3314 2217 Cario,
3366 2151 3680 2218 lconiensi,

2023 2237 2346 2301 Corinthio,
2399 2237 2718 2298 Mocesino,
2763 2237 3045 2306 Cretensi,
3100 2239 3512 2308 Trapezuntio,
3559 2238 3684 2294 Phi.

2021 2325 2299 2397 lippensi,
2331 2325 2797 2396 Hierapolitano,
2826 2325 3179 2396 Mitylenaao,
3213 2326 3521 2395 Thebano,
3557 2330 3682 2384 Ser‘

2023 2415 2202 2479 rensi,
2230 2415 2562 2480 Dristrensi,
2589 2413 2922 2486 Corcyraeo,
2955 2414 3269 2485 Abydeno,
3298 2416 3682 2484 Milesio,Ma-

2024 2504 2322 2572 roneensi,
2354 2504 2544 2570 Pario,
2581 2503 2964 2574 Selybriensi,
2985 2503 3635 2566 Nicensi,Anchialensi
3666 2524 3681 2574 ;

2027 2593 2364 2648 astantibus
2392 2593 2494 2648 Dei
2538 2593 2968 2649 amantissimis
3012 2593 3277 2648 dominis
3306 2597 3682 2666 praepositis;

2030 2684 2128 2738 Dei
2159 2683 2614 2739 amantissimus
2645 2681 2939 2738 diaconus
2964 2688 3024 2738 et
3049 2684 3404 2739 canstrisius
3434 2685 3686 2741 sanctis-

2028 2773 2195 2827 simae
2237 2773 2334 2827 Dei
2383 2787 2621 2840 magna;
2675 2771 2945 2827 Ecelesim
2993 2773 3255 2840 Samuel,
3300 2774 3467 2829 omni
3495 2776 3688 2848 suspi-

2029 2862 2201 2916 cione
2231 2867 2419 2917 semet
2438 2861 2722 2927 liberans,
2752 2865 2970 2932 quarta
2997 2861 3093 2916 die
3133 2864 3446 2934 praesentis
3475 2864 3691 2936 Aprilis

2000 3016 2008 3026 ,
2031 2952 2091 3006 in
2123 2951 2324 3005 medio
2341 2951 2691 3017 consistens,
2719 2955 2777 3005 et
2791 2951 2919 3021 jam
2952 2951 3354 3022 multipliciter
3379 2968 3415 3007 a
3439 2953 3693 3009 nonnul-

2032 3039 2103 3094 lis
2149 3039 2572 3095 sacratissimis
2617 3038 2918 3112 episcopis
2989 3041 3210 3112 Deique
3258 3042 3693 3098 amantissimis

2033 3129 2373 3200 priepositis
2421 3127 2644 3184 lectum
2691 3133 2749 3183 et
2801 3129 3210 3200 subscriptum
3261 3128 3532 3186 libellum
3577 3147 3696 3204 pra

2035 3217 2318 3272 manibus
2372 3222 2600 3284 tenens,
2653 3217 2935 3272 audiente
2990 3233 3160 3273 sacro
3215 3218 3501 3289 synedrio
3556 3220 3700 3290 legit

2034 3307 2464 3362 continentiam
2513 3307 2662 3377 ejus,
2724 3307 2990 3378 itemque
3051 3306 3535 3364 additamentum
3581 3310 3698 3382 ipsi

2035 3396 2397 3451 subnexum.
2432 3398 2629 3451 Causa
2671 3396 2803 3466 ejus
2844 3396 2930 3451 rei
2991 3395 3204 3462 fuerat,
3257 3399 3425 3469 quod
3457 3398 3699 3456 inventa

2034 3486 2242 3540 charta
2278 3485 2472 3540 fuerat
2513 3500 2586 3540 ea
2639 3485 2954 3540 continens
3006 3500 3143 3557 quae
3173 3485 3233 3540 in
3277 3486 3695 3544 additamento

2034 3574 2584 3645 perscribebantur,
2619 3573 2713 3628 his
2742 3573 3018 3630 videlicet
3036 3573 3257 3629 verbis.

302 3665 638 3738 προσθήκης,
670 3663 1045 3734 προστιθείσης
1070 3660 1230 3730 αὐτῷ,
1257 3657 1292 3712 δ
1299 3663 1352 3711 ιά
1380 3664 1439 3711 τὸ
1478 3659 1749 3733 εὑρεθῆναι
1787 3661 1996 3735 χάρτην
2017 3671 2236 3715 τοιαῦτα
2268 3660 2691 3734 διαλαμϐάνοντα
2721 3665 2806 3714 οἷα
2846 3664 2872 3720 ὁ
2911 3665 3190 3738 προσθήκη
3221 3672 3504 3739 περιεῖχενο
3544 3669 3573 3725 ᾖ
3605 3671 3696 3719 καὶ

304 3751 446 3805 εἶπαν
471 3751 554 3804 ἐπὶ
579 3751 756 3813 λέξεων
782 3751 939 3804 οὕτω.

378 3840 448 3912 γ’.
493 3843 632 3894 Ἐπεὶ
672 3837 732 3892 δε
777 3845 869 3892 καὶ
915 3843 1137 3913 χαρτίον
1184 3836 1485 3909 ἇνεφανίσθη
1523 3838 1648 3909 ἕχον
1687 3838 1846 3898 οὕτως
1875 3837 1924 3890 ἕν

306 3938 645 4002 καταρχαῖςο
734 3929 871 3982 Ἐκεῖ
949 3924 1244 3980 ἕδειλίασαν
1321 3926 1476 3999 φόϐον
1565 3928 1624 3978 οὗ
1698 3927 1792 3978 οὐκ
1863 3927 1926 3985 ἦν

311 4019 492 4092 φόϐος,
547 4019 596 4072 ἰν
643 4024 939 4091 προσὸταις
993 4022 1269 4091 Προφήτης
1321 4017 1432 4088 ἅμα
1496 4021 1587 4068 καὶ
1657 4015 1923 4088 βασιλεὺς,

312 4114 476 4181 ἔφησέ
537 4129 638 4162 που
705 4107 912 4179 ψάλλων
976 4106 1024 4158 ἐν
1081 4110 1356 4180 πνεύματι,
1421 4109 1808 4179 παρατούμενον
1867 4102 1928 4157 δι

313 4203 456 4252 κατὰ
505 4219 564 4250 το
612 4198 750 4258 τίλος
797 4197 846 4249 ἐν
891 4199 1116 4256 τούτοις*
1169 4197 1212 4248 εἰ
1255 4205 1382 4268 γοῦν
1439 4196 1714 4268 ἁπερίχειν
1769 4199 1926 4266 φασίν

315 4293 371 4341 αἱ
417 4294 619 4362 Γραφαὶ
660 4295 754 4340 τοῦ
807 4293 1044 4359 Χριστοῦ
1099 4289 1186 4337 τὸν
1239 4290 1443 4361 Πατέρα
1475 4289 1599 4348 (44),
1640 4285 1770 4335 καθὸ
1803 4288 1928 4343 τέως

317 4380 470 4441 οὗτος
523 4378 616 4429 οὐκ
661 4376 1102 4448 ἐνηνθρωπησεν,
1158 4371 1311 4428 οὐδεν
1365 4378 1540 4426 καινόν
1606 4373 1650 4426 εἰ
1705 4379 1795 4425 καὶ
1868 4375 1926 4424 τὸ

315 4470 499 4541 μεῖζον
551 4471 692 4538 ἔχειν
739 4474 830 4518 τοῦ
896 4463 945 4517 ἕν
1003 4465 1144 4536 αύτῳ
1198 4463 1520 4537 ἀνθρωπίνου
1588 4460 1930 4522 διανοητικῶς

317 4559 749 4630 φαντασθτόσεταί
775 4573 888 4607 τισι
920 4560 1010 4606 καὶ
1047 4553 1361 4628 ῥηθήσεται,
1405 4553 1562 4605 Ὧστε
1605 4549 1664 4605 δε
1701 4557 1792 4605 καὶ
1826 4558 1930 4611 τοῖς

315 4649 466 4721 παρὰ
511 4654 611 4697 τῶν
658 4644 820 4716 ἁγίων
869 4643 1108 4716 ῥηθεῖσιν
1156 4644 1430 4715 ὁμοφώνως
1496 4644 1689 4713 ἔχοντα
1761 4637 1932 4702 δεῖξαι

317 4744 492 4788 ταῦτα
540 4737 607 4786 τα
672 4730 984 4806 δεδογμένα,
1051 4735 1178 4805 ἡμῖν
1227 4731 1514 4803 λεγέτωσαν
1590 4731 1756 4798 οὗτοι,

319 4827 475 4898 ἡμεῖς
524 4829 881 4894 σιωπήσομεν·
938 4823 989 4874 ἐν
1048 4819 1107 4875 δέ
1153 4830 1226 4894 τῷ
1276 4824 1496 4892 τοιούτῳ
1561 4823 1737 4894 χάρτη
1805 4821 1935 4891 μετά

1843 4734 1932 4780 καὶ

319 4922 412 4968 καὶ
480 4913 643 4966 ἄλλων
699 4920 850 4964 τινῶν
937 4911 1356 4984 ἀπεμφαινόντων
1447 4915 1539 4962 καὶ
1632 4905 1935 4981 ἀπᾳδόντων

318 5009 456 5080 πρὸς
511 5008 579 5056 τὰ
621 5008 718 5064 της
771 5003 925 5074 ἁγίας
980 5010 1073 5054 τοῦ
1114 5010 1249 5055 Θεοῦ
1279 5001 1561 5061 καθολικῆς
1590 5005 1680 5052 καὶ
1709 4998 1935 5052 ἀποστο-

317 5095 472 5155 λικῆς
535 5093 850 5154 Ἐκκλησίας
909 5093 1170 5167 ὀρθότατα
1234 5087 1480 5164 δὰγματα
1513 5133 1527 5158 ,

319 5183 715 5257 ἕμπεριέχεταν
783 5182 945 5254 ἐῶμεν
1007 5183 1110 5254 γὰρ
1169 5179 1336 5252 λέγειν

1614 5095 1705 5142 καὶ
1769 5096 1937 5140 ταῦτα

1422 5178 1771 5251 ’Δμφιλοχίου
1843 5181 1936 5229 καὶ

396 5399 447 5434 ³⁸
486 5396 638 5453 Psal.
671 5411 793 5462 xm,
828 5400 880 5451 5.

397 5594 515 5666 (43)
554 5592 705 5666 Vide
720 5591 832 5648 col.
859 5595 985 5649 262.

398 5663 516 5738 (44)
557 5664 872 5738 Nimirum,
891 5671 958 5721 ut
976 5663 1254 5738 nonnulli
1282 5664 1603 5738 explicant,
1633 5667 1938 5738 quatenus

324 5735 541 5796 auctor
559 5735 797 5794 est
813 5738 1088 5806 Pater,ut
1113 5737 1178 5794 in
1204 5735 1688 5810 prmcedentibus
1709 5736 1939 5794 dictum

2107 3845 2160 3897 3.
2185 3841 2478 3906 Quoniam
2504 3841 2796 3899 schedula
2825 3842 3127 3914 apparuit,
3147 3845 3321 3914 cujus
3347 3843 3582 3901 initium
3605 3851 3698 3903 est

2037 3931 2187 3986 hoc:
2223 3933 2316 3986 Ibi
2338 3939 2714 4001 expaverunt
2744 3934 2956 3988 timore
2986 3932 3091 3988 ubi
3116 3949 3236 3988 non
3263 3940 3396 3989 erat
3419 3937 3598 3990 timor
3623 3937 3694 4004 ³⁸,

2036 4021 2335 4092 Propheta
2366 4037 2643 4076 summus
2663 4021 2947 4093 idemque
2976 4037 3080 4076 rex
3113 4022 3437 4094 inspiratus
3461 4023 3610 4080 dixit
3631 4025 3696 4080 in

2035 4111 2292 4176 Psalmo,
2325 4111 2385 4165 id
2430 4111 2596 4184 quod
2645 4111 2830 4167 modo
2861 4111 2939 4166 ad
2968 4111 3192 4167 exitum
3223 4112 3552 4169 deductum
3581 4119 3692 4172 est.

2038 4201 2265 4256 Etenim
2297 4201 2344 4255 si
2371 4202 2606 4257 Patrem
2650 4201 2943 4257 extollunt
2981 4217 3168 4273 supra
3215 4203 3516 4260 Christum
3550 4205 3698 4261 Scri-

2038 4294 2250 4360 pturaa,
2277 4306 2400 4361 quo
2426 4295 2696 4362 tempore
2727 4290 3003 4346 nondum
3041 4297 3283 4347 venerat
3315 4292 3393 4347 ad
3423 4293 3698 4350 incarna-

2037 4380 2287 4444 tionem,
2317 4380 2398 4435 nil
2426 4380 2691 4452 profecto
2734 4381 2874 4436 novi
2917 4386 3026 4447 est,
3071 4382 3239 4453 quod
3271 4383 3566 4454 majorem
3595 4385 3698 4440 Pa-

2039 4473 2191 4524 trem
2203 4469 2575 4525 humanitate
2597 4469 2807 4524 Christi
2830 4470 3082 4541 quidam
3105 4487 3266 4526 nunc
3287 4471 3701 4542 imaginantur

2039 4563 2218 4631 atque
2249 4559 2574 4614 afﬁrmant.
2622 4561 3048 4615 Verumtamen
3079 4560 3175 4615 isti
3225 4561 3273 4616 si
3326 4568 3481 4617 certe
3525 4563 3701 4619 nobis

2039 4648 2540 4704 demonstrabunt
2579 4648 2736 4703 dicta
2761 4665 2872 4704 sua
2901 4665 3038 4704 cum
3078 4655 3428 4706 sanctorum
3455 4667 3702 4725 quoque

2043 4740 2350 4796 sententiis
2377 4740 2745 4812 conspirare,
2768 4745 2898 4796 tum
2918 4739 3166 4795 demum
3195 4740 3498 4797 silentium
3525 4743 3703 4799 nobis

2043 4829 2372 4901 imponent.
2404 4832 2468 4884 In
2499 4828 2712 4884 eadem
2744 4833 2944 4884 autem
2978 4829 3287 4893 schedula,
3331 4837 3548 4902 prater
3586 4832 3705 4888 alia

2043 4919 2327 4992 quaedam
2359 4919 2745 4974 abhorrentia
2775 4924 2830 4974 et
2860 4918 3107 4975 dissona
3137 4935 3172 4975 a
3214 4926 3438 4977 sanctae
3469 4923 3571 4977 Dei
3602 4938 3706 4978 ca-

2043 5009 2279 5066 tholicae
2305 5014 2363 5065 et
2393 5008 2734 5081 apostolica;
2776 5009 3053 5065 Ecclesiae
3082 5011 3426 5067 rectissimis
3453 5012 3704 5084 dogma.

1969 5133 2013 5185 Ι)
2046 5099 2225 5168 tibus,
2247 5099 2377 5154 haec
2401 5115 2648 5171 quoque
2678 5099 3164 5157 continebantur.
3199 5101 3356 5157 Mitto
3385 5103 3545 5158 enim
3571 5108 3709 5159 Am-

2045 5189 2440 5261 philochium,
2454 5188 2865 5258 Ambrosium,
2887 5187 3158 5260 aliosque
3178 5188 3344 5246 haud
3366 5206 3596 5262 paucos
3621 5191 3709 5249 in-

2047 5587 2176 5662 fuit;
2204 5602 2341 5660 quae
2373 5590 2573 5662 tamen
2600 5585 2877 5662 resnihil
2898 5585 3040 5644 Filio
3076 5584 3356 5660 detrahit,
3389 5603 3589 5662 neque
3621 5589 3715 5646 in-

2048 5659 2328 5717 feriorem
2352 5659 2510 5716 Patri
2529 5659 2851 5716 constituit.
