4480 6430
796 400 897 457 271
2121 398 2387 457 mem:
2427 391 2808 456 cuomuﬁ:
4073 408 4179 480 272

800 523 1060 595 spiratos
1090 521 1267 592 viros,
1293 536 1556 594 quorum
1610 519 1712 578 alii
1758 520 2047 579 audacter
2085 519 2162 576 de
2203 520 2321 609 hoc
2348 521 2457 578 do-
2485 528 2535 581 Α

2406 536 2457 578 )—
2485 528 2535 581 Α
2573 521 2891 609 Ἀμϐροσίου
2947 526 3037 577 καὶ
3096 523 3277 600 ἐτέρων
3340 521 3431 581 οόκ
3494 526 3680 601 ὀλίγων
3743 536 4175 609 πνευματοφόρων

800 617 1001 681 gmate
1030 610 1215 667 locuti
1262 612 1421 677 sunt,
1467 614 1766 682 quantum
1795 614 1951 667 certe
1987 610 2122 683 ipsa
2148 608 2336 666 verba
2363 625 2457 666 so-

2405 625 2457 666 ο·
2570 607 2792 686 ἀνδρῶν’
2853 612 2921 663 ὠν
2973 614 3022 665 οἱ
3076 616 3167 685 μὶν
3213 616 3449 692 τολμηρά
3496 625 3613 692 περὶ
3661 628 3753 673 τού
3809 626 4047 675 τοιούτου
4074 607 4174 676 ἠδό-

800 704 987 755 nant:
1018 698 1115 754 alii
1140 698 1338 770 ipsum
1369 704 1573 769 aperte
1604 714 1726 769 prae
1758 715 1821 754 se
1852 697 2132 754 tulerunt.
2166 700 2233 754 Et
2261 697 2456 754 infra:
2567 724 2569 734 π

2403 714 2456 754 t:
2567 720 2769 773 γματος
2832 699 3211 774 ἂπεφθέγξαντο
3243 745 3258 772 ,
3325 706 3448 759 όσον
3511 711 3648 761 κατὰ
3710 712 3770 762 τὸ
3834 720 3933 762 τῶν
3995 710 4172 773 λέξεων

802 791 987 844 Mente
1014 786 1260 859 quidem
1297 786 1615 855 Christum,
1650 790 1831 859 prout
1856 787 2042 843 homo
2070 792 2178 854 est,
2220 802 2460 859 separa—
2568 812 2571 823 ι

2400 802 2460 843 a—
2568 793 2871 864 πρόχειρονο
2912 790 2963 843 οἰ
3024 788 3083 845 δε
3127 797 3218 847 καὶ
3265 793 3501 867 ἐνέφηναν
3537 804 3711 855 τοῦτο.
3747 804 3849 852 Καὶ
3878 803 4168 872 κατωτέρω·

805 877 909 932 tim
938 875 1289 946 imaginari;
1320 875 1599 947 atqueita
1623 876 1919 946 majorem
1948 877 2082 948 ipso
2107 878 2339 933 Patrem
2361 892 2460 932 co-
2569 885 2574 930 1

2402 892 2460 932 0-
2569 884 2909 953 Σκιαγραγεῖν
2954 882 3125 952 μέντοι
3178 890 3252 953 τῷ
3300 882 3370 953 νῷ
3423 887 3481 936 τό
3527 888 3664 938 κατὰ
3710 890 3945 960 Χριστόν
3975 886 4171 963 ἀνθρώ-

804 966 1022 1036 gitare;
1056 970 1236 1038 atque
1283 965 1442 1022 hanc
1487 964 1865 1036 schedulam,
1913 970 2211 1039 quatenus
2241 966 2463 1023 scilicet
2568 988 2573 1015 +

2399 972 2463 1023 et
2568 985 2735 1033 πινον,
2794 971 2883 1020 καὶ
2931 972 3063 1021 οὕτω
3126 973 3342 1041 μείζονα
3404 990 3490 1025 τον
3553 978 3761 1049 Πατέρα
3822 972 4168 1029 διανοεῖσθαι·

804 1059 1019 1127 praeter
1036 1053 1438 1110 orthodoxam
1463 1053 1742 1125 pietatem
1764 1054 2061 1126 loquitur;
2088 1059 2146 1111 et
2168 1055 2295 1111 haec
2324 1055 2461 1127 ipsa
2568 1075 2573 1107 :

2401 1070 2461 1112 εει
2568 1059 2777 1109 καὶτὸν
2824 1064 3058 1110 τοιοῦτον
3109 1060 3338 1133 χάρτην,
3397 1063 3601 1115 καθόσα
3649 1060 3859 1123 δηλαδὴ
3896 1068 4044 1140 παρὰ
4083 1068 4170 1118 τόν

807 1143 1027 1198 sanctis
1057 1141 1334 1198 Patribus
1365 1141 1588 1198 nostris
1607 1141 2210 1213 verbainjuriosa;et
2235 1142 2460 1199 conﬁn-
2569 1166 2576 1193 4

2398 1158 2460 1197 n-
2569 1143 2722 1219 ὀρθόν
2780 1155 2875 1208 τῆς
2937 1145 3200 1211 εὐσεϐείας
3255 1145 3477 1213 διέξεισι
3527 1150 3699 1223 λόγον,
3753 1158 3842 1206 καὶ
3912 1153 4047 1206 αύτὰ
4100 1150 4167 1213 δὴ

808 1247 945 1302 gere
982 1230 1095 1286 sibi
1128 1230 1470 1286 distinctam
1508 1229 1689 1285 veluti
1719 1230 1929 1287 Christi
1968 1231 2407 1288 humanitatem
2440 1250 2457 1299 ;
2568 1253 2577 1266 ·

2404 1250 2457 1299 .;
2568 1242 2737 1286 ταῦτα
2792 1238 2859 1287 τὰ
2909 1240 3029 1310 περὶ
3079 1245 3179 1289 τῶν
3230 1237 3393 1309 ἁγίων
3453 1244 3692 1313 Πατέρων
3734 1243 3880 1313 ἡμῶν
3919 1241 4173 1315 ἀπόφημα

807 1326 989 1392 atque
1035 1319 1117 1375 ita
1154 1319 1451 1390 majorem
1499 1319 1637 1391 ipso
1684 1319 1918 1376 Patrem
1959 1320 2273 1389 judicare;
2307 1321 2457 1387 haec,
2568 1352 2576 1396 ι

2406 1336 2457 1387 c,
2568 1322 2800 1396 ῥήματα,
2862 1328 2953 1375 καὶ
3012 1327 3071 1377 τό
3129 1328 3573 1401 σκιαγραφεῖσθαι
3627 1332 3687 1381 τό
3729 1332 3867 1382 κατὰ
3906 1333 3995 1383 τόν
4035 1338 4171 1405 Χρι-

806 1410 1081 1481 inquam,
1105 1407 1428 1465 manifesto
1460 1407 1714 1478 subjicio
1746 1408 2152 1476 anathemati;
2197 1409 2461 1482 itemque
2573 1442 2575 1457 ε

2404 1425 2461 1465 Ie
2573 1416 2695 1465 στὸν
2748 1411 3083 1487 ἀνθρωπινον,
3151 1421 3241 1470 καὶ
3302 1417 3435 1469 οὕτω
3510 1421 3727 1491 μείζονα
3788 1422 3876 1472 τόν
3966 1423 4173 1495 Πατέρα

809 1514 950 1555 eum
988 1496 1095 1570 qui
1133 1496 1216 1553 sic
1262 1497 1466 1553 credat
1494 1497 1589 1552 vel
1637 1495 1881 1565 scribat,
1913 1496 2003 1552 vel
2032 1498 2361 1570 scripturus
2387 1498 2464 1553 sit
2569 1522 2578 1533 ·

2402 1498 2464 1553 sit
2569 1505 2758 1555 τούτου
2815 1499 3160 1571 διανοεῖσθαι,
3225 1504 3447 1581 λαμπρῶ
3491 1506 3869 1561 καθυποϐάλλω
3915 1517 3987 1581 τῷ
4042 1508 4171 1562 ἀνα-

809 1591 915 1644 aut
959 1586 1314 1655 crediturus,
1349 1584 1626 1659 quisquis
1663 1584 1759 1653 sit,
1803 1584 1924 1641 sive
1970 1582 2105 1657 ego
2139 1586 2260 1643 sive
2305 1587 2460 1644 alius
2574 1604 2578 1637 ι

2403 1603 2460 1644 JI
2574 1593 2758 1663 θέματι
2805 1592 2939 1664 (45)⁸
2988 1597 3078 1645 καὶ
3122 1595 3210 1646 τὸν
3248 1602 3417 1647 ταῦτα
3445 1603 3729 1669 φρονοῦντα
3764 1602 3852 1651 καὶ
3882 1600 4172 1672 γράφοντα,

807 1675 1132 1751 quispiam.
2573 1704 2576 1730 ι

2573 1683 2672 1734 εἴτι
2698 1683 2820 1734 ποτὲ
2848 1681 3122 1756 γράψοντα
3146 1686 3176 1742 ἤ
3220 1688 3563 1757 φρονήσαντα,
3592 1687 3769 1749 ὁποῖος
3816 1685 3877 1740 ἂν
3933 1692 4025 1740 καὶ
4070 1691 4172 1757 εἰη,

2574 1772 2673 1822 εἴτε
2709 1768 2808 1839 ἐγὼ
2834 1773 2934 1824 εἴτε
2962 1772 3153 1847 ἕτερος.

876 1862 931 1915 4.
986 1861 1312 1932 Postquam
1358 1854 1537 1926 igitur
1578 1853 1703 1910 haec
1732 1853 1892 1925 legit,
1937 1860 1996 1913 et
2023 1871 2232 1943 coram
2256 1860 2465 1913 nostra
2494 1889 2534 1943 Β

2407 1871 2465 1913 ra
2494 1889 2534 1943 Β
2645 1855 2711 1913 δ’.
2743 1866 2826 1921 Ὡς
2872 1856 2960 1913 οὖν
3015 1859 3204 1933 ἀνέγνω
3251 1869 3419 1916 ταῦτα
3462 1867 3554 1916 καὶ
3591 1862 3672 1917 in”
3721 1862 3838 1936 ὄψει
3883 1871 3979 1927 τῆς
4030 1866 4176 1938 ἡμῶν

804 1949 1256 2017 mediocritate,
1306 1961 1600 2019 sacraque
1647 1944 1995 2002 considente
2045 1942 2411 2002 fraternitate
2444 1986 2459 2015 ,
2496 1942 2522 1943 ί
2570 2000 2573 2020 η

2407 1968 2459 2015 ι,
2496 1942 2522 1943 7
2570 1953 2908 2023 μετριότητος
2953 1954 3044 2003 καὶ
3095 1958 3187 2012 τῆς
3241 1949 3693 2028 συνεδριαζούσης
3749 1955 3887 2028 ὶιρᾶς
3952 1949 4176 2027 ἁδελφό-

802 2038 944 2095 huic
982 2037 1183 2095 libello
1232 2035 1625 2108 subscripsit;
1668 2033 1978 2091 decretum
2004 2039 2094 2091 est
2116 2034 2297 2091 hodie
2327 2035 2461 2107 qui-
2570 2066 2571 2071 η

2403 2035 2461 2091 li-
2570 2057 2728 2100 τητος
2778 2038 2827 2091 ἐν
2874 2048 2946 2111 τῷ
2995 2044 3213 2113 τοιούτῳ
3270 2040 3546 2117 εἰληταρίῳ
3596 2042 3912 2118 ὑπέγραψεν,
3972 2045 4172 2118 ὡρίσθη

802 2125 943 2184 dem
968 2128 1192 2201 ipsum,
1222 2126 1318 2183 his
1351 2124 1627 2199 peractis,
1654 2140 2104 2197 pergereporro
2135 2129 2195 2181 et
2216 2123 2463 2180 ulterius
2569 2152 2571 2158 ι

2407 2140 2463 2180 18
2569 2132 2665 2186 τὴν
2720 2133 2945 2203 σήμερον
2997 2129 3152 2183 αύτόν
3207 2133 3298 2202 μὶν
3359 2129 3653 2195 ἀκολούθως
3712 2137 4025 2207 προκόπτειν
4085 2137 4176 2186 καὶ

799 2217 1117 2289 praegredi,
1149 2216 1322 2273 sicuti
1351 2219 1409 2271 et
1450 2214 1600 2271 alios
1630 2214 1735 2286 qui
1771 2214 1997 2270 caeteris
2025 2212 2242 2269 libellis
2287 2213 2462 2269 subs-

2407 2230 2462 2267 s-
2570 2213 2869 2290 προοδεύειν
2918 2217 3003 2271 έπὶ
3054 2221 3119 2271 τὰ
3170 2216 3463 2294 ἔμπροσθεν
3510 2222 3684 2297 ὧσπερ
3750 2226 3840 2275 καὶ
3892 2225 4014 2284 τούς
4069 2220 4176 2274 λοι-

800 2307 1152 2379 cripserant,
1200 2303 1547 2377 versarique
1587 2302 1908 2361 nobiscum
1949 2307 2008 2359 et
2050 2302 2251 2359 ofﬁcio
2290 2300 2462 2373 fungi

2403 2300 2462 2373 gi
2570 2309 2702 2367 πούς
2724 2310 2840 2368 τούς
2882 2305 2931 2359 έν
2971 2315 3077 2369 τοῖς
3133 2307 3325 2384 ἑτέροις
3370 2309 3686 2387 εἰληταρίοις
3740 2310 4168 2384 ὑπογράψανταςο

796 2412 938 2453 cum
959 2400 1165 2452 nostra
1190 2394 1605 2451 mediocritate
1631 2397 1688 2449 et
1714 2409 1850 2449 cun
1886 2397 2098 2450 sancta
2131 2392 2460 2466 divinaque

2402 2408 2460 2450 16
2569 2400 2659 2447 καὶ
2716 2404 2778 2468 τῇ
2846 2398 2991 2469 ἡμῶν
3054 2400 3407 2471 συνέρχεσθαι
3451 2404 3543 2452 καὶ
3612 2398 4022 2474 συλλιιτουργέῖν
4082 2417 4171 2472 με-

797 2485 1055 2558 synodo.
1083 2486 1287 2541 Visum
1308 2484 1557 2556 insuper
1582 2486 1692 2548 est,
1710 2486 1925 2555 praeter
1948 2481 2236 2554 capitula,
2265 2497 2460 2554 nuper

2399 2498 2460 2538 ιιι·
2565 2488 2823 2560 τριότητι,
2867 2490 2965 2539 παὶ
3014 2494 3077 2559 τῇ
3141 2488 3255 2560 ἱερᾷ
3299 2492 3390 2541 καὶ
3446 2490 3557 2561 θείᾳ
3606 2485 3833 2560 συνόδῳ·
3872 2489 4168 2563 προστεθῆ-

796 2577 1142 2643 constituta,
1162 2573 1456 2646 synodico
1482 2578 1667 2643 tomo,
1693 2573 1799 2645 qui
1824 2573 1886 2628 in
1912 2571 2283 2628 orthodoxiae
2304 2571 2457 2628 festo
2563 2596 2565 2603 ί

2399 2575 2457 2628 to
2563 2593 2649 2626 ναι
2714 2571 2774 2627 δι
2830 2580 2921 2628 καὶ
2971 2580 3078 2637 τοῖς
3141 2578 3367 2649 ἔναγχος
3431 2576 3677 2631 έντεθείσι
3739 2576 4032 2651 κεφαλαίοις
4096 2584 4168 2648 τῷ

794 2662 893 2719 die
919 2663 1211 2734 legendus
1242 2666 1418 2731 esset,
1449 2662 1578 2718 haec
1609 2677 1741 2717 esse
1771 2661 2131 2733 adjicienda.
2154 2690 2226 2704 —
2254 2661 2325 2717 lis
2350 2661 2455 2734 qui

2400 2661 2455 2717 ui
2564 2666 2700 2717 κατὰ
2753 2669 2843 2723 τὴν
2909 2665 3089 2741 ἑορτὴν
3174 2674 3268 2728 τῆς
3353 2663 3659 2730 ὀρθοδοξίας
3731 2666 4169 2740 ἀναγνωσκομένῳ

792 2757 1087 2826 respuunt
1125 2756 1474 2809 sanctorum
1520 2754 1762 2808 Patrum
1789 2751 2147 2820 locutiones,
2187 2766 2325 2823 quae
2374 2750 2454 2807 ad

2401 2750 2454 2807 id
2566 2750 2830 2825 συνοδικῷ
2892 2759 2980 2807 καὶ
3035 2762 3224 2814 ταῦτα.
3282 2786 3352 2796 -
3392 2762 3514 2817 Τοῖς
3580 2754 4015 2829 ἀποϐαλλομένοις
4073 2758 4170 2819 τὰς

790 2846 1089 2898 rectorum
1123 2841 1399 2897 Ecclesiae
1421 2841 1517 2897 Dei
1546 2840 1905 2910 dogmatum
1926 2839 2452 2896 conﬁrmationem

2399 2856 2452 2895 ω
2561 2851 2661 2896 τῶν
2709 2842 2870 2916 ἁγίων
2922 2848 3164 2918 Πατέρων
3221 2847 3410 2918 φωνὰς,
3464 2850 3561 2908 τὴς
3618 2844 3705 2898 ἐπὶ
3755 2848 4013 2899 συστάσει
4068 2853 4168 2897 τῶν

790 2929 966 2986 dictas
1000 2935 1161 2997 sunt,
1191 2928 1527 2997 Athanasii,
1558 2928 1779 3000 Cyrilli,
1806 2927 2122 2995 Ambrosii,
2142 2927 2451 3000 Amphilo-

2400 2944 2451 2983 J-
2560 2932 2725 3005 ὀρθῶν
2781 2940 2877 2994 τῆς
2928 2941 3021 2985 τοῦ
3066 2941 3200 2987 Θεοῦ
3258 2933 3555 2996 Εκκλησίας
3608 2930 3887 3007 δογμάτων
3944 2933 4169 3007 ἐκφωνη-

789 3019 928 3086 chii,
959 3018 1235 3091 inspirati
1282 3034 1319 3074 a
1364 3021 1483 3075 Deo
1515 3017 1731 3073 Leonis
1778 3020 1953 3091 Papae
1983 3018 2193 3074 veteris
2222 3020 2447 3087 Romae,

2399 3034 2447 3087 Β,
2563 3024 2760 3089 θςίσας,
2826 3022 3163 3090 Ἀθανασίόυ,
3235 3022 3509 3097 Κυρίλλου,
3568 3021 3908 3097 Ἀμϐροσίου,
3980 3022 4168 3095 Ἀμφί-

789 3107 1207 3181 aliorumque;
1237 3122 1349 3163 nec
1392 3122 1518 3163 non
1554 3107 2016 3179 repudiantibus
2051 3107 2449 3164 oscumenica-
2556 3110 2558 3119 ‘

2403 3123 2449 3164 1-
2556 3109 2765 3183 λοχίου,
2818 3119 2912 3164 τοῦ
2962 3113 3212 3187 θεηγόρου
3270 3116 3490 3175 Λένοτος
3530 3114 3721 3166 πάππα
3764 3120 3860 3174 τῆς
3887 3110 4172 3187 πρεσϐυτέ-

786 3212 925 3254 rum
950 3196 1327 3269 synodorum
1358 3201 1551 3266 actus,
1596 3201 1851 3269 quartae,
1882 3197 2156 3271 inquam,
2183 3202 2241 3255 et
2269 3202 2449 3254 sextte
2477 3248 2516 3304 Ο

2400 3213 2449 3254 ω
2477 3248 2516 3304 C
2556 3220 2647 3277 ρας
2700 3200 2922 3274 Ῥώμης,
2989 3206 3079 3254 καὶ
3135 3210 3235 3253 τῶν
3290 3201 3501 3255 λοιπῶν
3562 3202 3639 3255 ἔτι
3694 3199 3754 3255 δί
3809 3206 3901 3254 καὶ
3945 3203 4012 3254 τά
4070 3210 4169 3255 τῶν

788 3288 1115 3345 anathema
1142 3287 1235 3344 sit.
2477 3286 2516 3304 υ
2555 3321 2557 3334 .

2477 3286 2516 3304 ν
2555 3290 2921 3363 οἰκουμενικῶν
2990 3286 3227 3343 συνόδων
3294 3292 3578 3365 πρακτικὰ,
3650 3299 3742 3352 τῆς
3804 3292 4053 3366 τετάρτης
4115 3294 4171 3343 τέ

2558 3400 2692 3454 φημι
2728 3385 2819 3433 καὶ
2869 3387 2965 3442 τῆς
3022 3382 3177 3442 ἕκτης
3234 3383 3306 3453 μὴ
3344 3380 3854 3453 κατασπαζομένοις,
3914 3378 4167 3453 ἀνάθεμα.

861 3470 912 3524 5.
955 3466 1058 3523 His
1086 3465 1395 3533 omnibus,
1430 3471 1726 3539 tanquam
1756 3465 1966 3523 domui
2006 3482 2189 3540 super
2216 3470 2450 3540 petram
2629 3509 2630 3515 η

2388 3482 2450 3523 m
2629 3488 2669 3524 ε.
2737 3471 2943 3523 Τούτων
3008 3468 3269 3537 ἁπάντων,
3325 3470 3392 3531 ὡς
3453 3472 3543 3541 μεν
3605 3468 3775 3531 οἰκίας
3824 3467 3908 3522 ἐπὶ
3950 3473 4045 3528 τὴν
4082 3472 4156 3522 πέ-

787 3555 1072 3623 l'undatae,
1102 3555 1577 3629 pulcherrimum
1598 3560 1824 3613 tectum
1855 3556 2124 3627 accessit,
2146 3572 2334 3629 quam
2352 3572 2453 3628 pe-

2400 3572 2453 3613 e-
2556 3578 2680 3633 τραν
2710 3558 3141 3632 τεθεμελιωμένης
3163 3557 3626 3633 περικαλλέστατος
3659 3560 3858 3635 ὄροφος,
3888 3559 3950 3618 ἦν
3977 3562 4169 3633 πέτραν

789 3649 947 3701 tram
985 3660 1119 3702 esse
1154 3644 1456 3702 Christum
1499 3660 1763 3716 magnus
1810 3644 2030 3701 Paulus
2070 3646 2365 3711 docuit“;
2398 3648 2457 3702 et

2401 3648 2457 3702 et
2561 3646 2693 3701 εἶναι
2744 3668 2832 3700 τον
2880 3653 3110 3723 Χριστόν
3155 3650 3182 3701 ό
3233 3653 3393 3721 μέγας
3454 3648 3653 3710 Παῦλος
3698 3645 3959 3712 ἐδίδαξενθ
4002 3651 4072 3711 ὡς
4111 3645 4170 3703 δί

789 3738 1087 3806 tanquam
1118 3732 1270 3789 fonti
1288 3732 1711 3789 orthodoxiam
1737 3749 1966 3806 aquam
1990 3733 2264 3790 fundenti
2300 3734 2456 3804 sigil-

2402 3734 2456 3789 il-
2562 3746 2736 3809 πηγῆς
2772 3741 2831 3791 τό
2860 3748 2952 3799 τῆς
3000 3737 3260 3801 εὐσεϐείας
3309 3734 3453 3813 ὕδωρ
3500 3735 3884 3802 ἀναδιδούσης,
3945 3743 4171 3812 σφραγίς

790 3822 918 3878 lum
951 3838 1192 3879 sacrum
1216 3828 1274 3879 et
1303 3822 1656 3893 genuinum;
1680 3823 1941 3896 denique
1963 3827 2257 3897 tanquam
2280 3824 2456 3879 horto

2401 3828 2456 3879 ιο
2568 3828 2678 3901 ἱερά
2716 3833 2806 3880 καὶ
2853 3826 3143 3890 ἀνόθευτος·
3187 3831 3256 3889 ὡς
3296 3824 3356 3881 δὲ
3401 3832 3575 3886 κήπου
3612 3831 3669 3881 τὸ
3708 3837 3805 3890 τῆς
3842 3832 3980 3891 ζωῆς
4022 3827 4170 3891 ξύλον

791 3912 1033 3983 lignum
1061 3913 1199 3969 vita:
1223 3912 1471 3968 habenti
1491 3917 1665 3984 porta
1692 3914 2181 3986 inexpugnabilis
2209 3914 2460 3970 accessit

2403 3914 2460 3970 sit
2566 3919 2784 3988 ἔχοντος
2860 3915 2995 3974 πύλη
3076 3914 3514 3989 ἁκαταμάχητος,
3591 3919 3649 3969 τό
3721 3924 3813 3969 τοῦ
3886 3935 4172 3990 κρατιστου

793 4002 1199 4074 potentissimi
1225 4002 1537 4074 sanctique
1566 4003 1758 4059 nostri
1786 4004 1943 4074 regis
1974 4004 2256 4075 edictum,
2292 4003 2461 4077 quod

2404 4003 2461 4059 id
2567 4007 2827 4078 ἡμῶνκαὶ
2866 4004 3020 4077 ἁγίου
3061 4004 3321 4078 βασιλέως
3368 4010 3572 4077 γέγονεν
3624 4002 3852 4076 ἵδικτον,
3899 4005 4063 4069 οὕτως
4093 4005 4173 4059 ἐπ’

795 4091 879 4148 ita
904 4107 967 4147 se
1004 4091 1207 4147 habet.

2568 4095 2736 4147 αὐτῶν
2772 4090 2807 4147 δ
2812 4093 3127 4167 ιαξαμϐάνον
3154 4103 3254 4147 τῶν
3279 4094 3476 4159 λέξεων.

870 4185 921 4237 6.
963 4180 1194 4237 Manuel
1222 4181 1285 4237 in
1316 4181 1545 4240 Christo
1562 4185 1681 4240 Deo
1705 4182 1900 4239 ﬁdelis
1927 4198 2032 4239 rex
2052 4182 2460 4256 Porphyroge-

2404 4197 2460 4239 e-
2739 4184 2987 4243 Μανουὴλ
3013 4182 3061 4235 ἐν
3090 4192 3310 4257 Χριστῷ
3336 4193 3408 4257 τῷ
3447 4192 3562 4257 Θεῷ
3591 4188 3779 4247 πιστὸς
3822 4184 4074 4259 βασιλεὺς
4118 4204 4172 4243 κ.

795 4272 979 4343 nitus,
1009 4274 1119 4327 etc.
2568 4293 2615 4328 τ.
2647 4273 2695 4331 λ.

874 4396 1200 4469 (Manuelz's
1231 4398 1488 4452 edictum
1502 4400 1637 4469 jam
1664 4398 1959 4456 edidimus
1990 4400 2053 4455 in
2086 4404 2241 4455 (omo
2260 4405 2460 4472 nostra
2495 4400 2838 4468 CXXXIII,
2855 4415 2989 4457 cum
3017 4401 3161 4457 aliis
3194 4401 3455 4472 ejusdem
3484 4400 3866 4472 imperatoris
3893 4401 4103 4458 consti-

2085 4470 2416 4528 tutionibus
2431 4473 2887 4535 ecclesiasticis).

873 4594 1012 4649 Erat
1035 4597 1237 4649 autem
1269 4593 1386 4650 hoc
1412 4593 1929 4668 religiosissimum
1957 4595 2219 4653 edictum
2263 4596 2460 4655 subsi-
2636 4602 2642 4616 ‘

2405 4598 2460 4654 Li-
2636 4597 2731 4652 Ἢν
2763 4594 2823 4652 δὲ
2862 4602 2919 4652 τό
2956 4606 3187 4652 τοιοῦτον
3241 4596 3608 4653 εὐσεϐέστατον
3654 4593 3859 4653 ἳδικτον
3911 4599 4174 4659 ύποσεση-

802 4688 1054 4755 gnatum
1084 4684 1283 4740 rubris
1312 4684 1520 4741 litteris
1550 4702 1738 4741 manu
1778 4688 2020 4761 propria
2058 4686 2459 4760 potentissimi
2491 4673 2571 4763 θη

2407 4688 2459 4744 ni
2491 4673 2829 4763 1)ἰ.ιασμένον
2884 4697 2944 4762 τῇ
3000 4689 3294 4763 αύτοχείρω
3340 4689 3708 4765 ὶρυθρογράφῳ
3758 4691 4032 4764 ὑπογραφῇ
4079 4696 4176 4743 τοῦ

802 4783 860 4832 et
887 4774 1079 4831 sancti
1120 4776 1307 4831 nostri
1349 4774 1751 4848 imperatoris,
1796 4794 2004 4834 mense
2051 4776 2259 4851 Aprili,
2310 4779 2463 4837 indi-
2565 4802 2571 4834 :

2409 4779 2463 4836 Π·
2565 4787 2848 4857 κρατίστου
2898 4785 2985 4834 καὶ
3039 4781 3192 4853 ἁγίου
3240 4783 3385 4855 ἡμῶν
3424 4780 3807 4857 αύτοκρᾶτορος
3852 4784 3987 4834 κατὰ
4032 4789 4178 4854 μῆνα

800 4865 999 4922 ctione
1030 4866 1179 4933 XIV;
1214 4865 1531 4939 sigilloque
1561 4883 1747 4924 aureo
1775 4868 2100 4925 munitum.

2569 4870 2869 4944 ’Λπριλλίου
2904 4867 3207 4924 ἰνδικτιὼνα
3235 4867 3331 4942 ιδ’,
3378 4876 3470 4925 καὶ
3516 4879 3698 4947 χρυσῆ
3749 4866 4021 4944 σφραγῖδα
4058 4870 4175 4924 ἐπι-

2570 4966 2862 5036 φερόμενον.

1350 5066 1558 5124 ACTIO
1601 5067 1914 5127 SEPTIMA.

1766 5070 1914 5127 'IMA.
3205 5076 3440 5127 ΠΡΑΞΙΣ
3464 5071 3535 5129 Ζ’.

876 5172 932 5228 1.
973 5172 1115 5230 Post
1141 5173 1257 5231 hoc
1285 5173 1507 5231 lectum
1537 5176 1879 5233 venerabile
1908 5177 2172 5236 edictum
2203 5179 2456 5253 regium,
2640 5203 2645 5233 ι

2412 5195 2456 5249 1,
2640 5179 2703 5236 α’,
2780 5186 2883 5235 Τοῦ
2926 5176 2986 5234 δὲ
3024 5183 3259 5234 τοιούτου
3301 5180 3587 5255 βασιλικοῦ
3632 5184 3722 5232 καὶ
3782 5180 3919 5232 θείου
3968 5174 4181 5231 ὶδίκτου

800 5264 1026 5336 prodiit
1050 5265 1416 5338 synodicum
1445 5266 1753 5325 decretum
1783 5267 1984 5325 verbis
2014 5268 2107 5325 his
2136 5286 2149 5326 :

2568 5270 3001 5342 ἀναγνωσθέντος,
3029 5290 3094 5330 ση
3100 5275 3307 5345 μείωμα
3329 5269 3522 5345 προέϐη
3558 5264 3858 5335 συνοδικόν,
3887 5264 4016 5321 τάδε
4040 5271 4183 5322 κατὰ

2567 5361 2715 5439 ῥῆμα
2742 5357 2988 5425 διεῡξιόν·

872 5560 916 5598 ³⁷
962 5559 983 5616 Ι
1025 5563 1157 5635 Cor,
1186 5576 1238 5630 x,
1261 5562 1315 5619 4.

874 5762 986 5835 (45)
1028 5759 1312 5821 Videlicet
1337 5757 1417 5819 ob
1445 5763 1679 5820 metum
1707 5756 2041 5823 Nestoriani
2066 5757 2304 5821 erroris.
