4480 6430
315 388 426 444 273
1651 382 2000 442 THESAURI
2038 384 2166 441 LIB.
2206 384 2361 443 XXV.
3594 401 3701 456 274

353 517 517 587 ίΜηνὶ
546 510 828 587 Ἀπριλλίῳ
849 508 919 583 δ’,
948 512 1119 587 ἡμέρα
1156 507 1378 586 δευτέρα
1417 505 1742 573 ίνδικτιῶνος
1769 506 1859 567 ιδ’.
1950 514 1999 568 Α
2027 508 2122 566 Me

1950 508 2248 568 AMensis
2297 510 2532 583 Aprili:
2581 511 2678 571 die
2733 519 2976 587 quarta,
3032 515 3376 574 indictionis
3454 518 3693 577 decima

2522 590 2755 657 quartas
2783 586 2879 643 die
2914 588 3199 645 secunda.

390 690 800 766 Προϐαθημένου
857 696 949 743 τοῦ
1016 694 1197 743 Λουκᾶ
1258 695 1351 742 τοῦ
1414 686 1707 760 ἁγιωτάτου
1773 688 1919 760 ἡμῶν
2100 690 2159 743 Ρι

2100 688 2455 747 Praesidente
2512 692 2670 748 Luca
2700 694 3081 750 sanctissimo
3110 698 3315 751 nostro
3350 696 3598 755 domino
3630 704 3689 757 et

317 777 583 834 δεσπότου
620 785 711 833 καὶ
744 780 1105 851 οἰκουμενικοῦ
1165 779 1502 852 πατριάρχου
1553 775 1603 829 έν
1655 782 1761 837 τοῖς
1829 772 1919 830 δε·
2030 789 2086 835 (Β

1918 810 1919 815 η
2030 777 2406 835 ωουωθηὶοο
2457 780 2798 851 patriarcha
2828 781 2888 836 in
2916 782 3161 839 dextero
3210 784 3485 843 alexiano
3532 794 3687 845 cate-

318 870 454 934 ξιοῖς
500 868 788 934 ἁλεξιακοίς
829 871 1296 940 κατηχουμενιίοις
1321 888 1333 900 ·
1366 862 1811 939 συνεδριαζόντων
1850 874 1914 938 τῇ
2029 866 2087 921 ct

2029 866 2365 923 cbumeneo
2385 887 2399 935 ;
2423 868 2827 925 assidentibus
2854 886 3091 940 magnas
3114 874 3411 930 sanctitati
3434 876 3563 947 ejus
3593 894 3684 933 sa-

316 959 517 1033 μεγάλη
577 959 844 1031 ἁγιωσύνῇ
903 958 1066 1010 αὐτοῦ
1130 957 1413 1031 ἱερωτάτων
1477 954 1783 1027 ἀρχιερέων,
1825 960 1918 1006 τοῦ
2027 970 2085 1011 cr

1914 960 1918 999 ἰ
2027 955 2375 1011 cratissimis
2396 957 2719 1031 episcopis,
2754 960 3064 1031 Cyziceno,
3098 962 3555 1029 Nicomediensi,
3592 967 3683 1022 Ni-

318 1050 579 1115 Κυζίκου,
630 1055 723 1101 τοῦ
770 1043 1151 1119 Νικομηδείας,
1184 1053 1278 1098 τοῦ
1336 1049 1585 1111 Νικαίας,
1624 1051 1717 1097 τοῦ
1757 1043 1917 1097 Μελι-
2028 1060 2087 1101 ca

1909 1073 1917 1085 -
2028 1060 2218 1111 caeno,
2305 1045 2691 1116 Melitenensi,
2766 1050 3113 1121 Gangrensi,
3194 1054 3678 1122 Neocaesariensi,

313 1147 499 1203 τηνῦς,
548 1144 641 1190 τοῦ
698 1142 962 1210 Γαγγρῶν,
1015 1142 1107 1188 τοῦ
1162 1137 1595 1207 Νεοκαισαρείας,
1655 1139 1747 1185 τοῦ
1802 1135 1917 1185 Μύ-
2028 1135 2082 1201 Μη

1905 1162 1917 1173 -
2028 1134 2307 1205 Myrensi,
2363 1135 2551 1205 Cario,
2615 1137 2930 1199 Iconiensi,
2981 1139 3301 1206 Corinthio,
3362 1144 3674 1215 Mocesino,

314 1247 441 1300 ρων,
481 1233 574 1279 τοῦ
632 1231 849 1300 Καρίας,
912 1232 1005 1277 τοῦ
1062 1224 1301 1288 Ἰκονίου,
1354 1230 1446 1274 τοῦ
1511 1224 1784 1292 Κορίνθου,
1825 1228 1916 1273 τοῦ
2025 1228 2083 1279 ΑΙ

1913 1230 1916 1265 i
2025 1224 2390 1290 Atheniensi,
2417 1225 2808 1298 Philippensi,
2843 1227 3437 1301 Hadrianopolitano,
3483 1233 3682 1305 Smyr-

314 1323 608 1379 Μωκησοῡ,
659 1322 751 1367 τοῦ
791 1314 1039 1384 Ἀθηνῶν,
1095 1320 1187 1365 τοῦ
1226 1312 1510 1382 ⁴διλίππων,
1571 1318 1663 1364 τοῦ
1703 1306 1917 1384 Ἀδρια-
2025 1327 2083 1369 ιι(

1905 1340 1917 1351 -
2025 1314 2222 1377 nensi,
2280 1317 2687 1387 Neopatrensi,
2756 1317 3150 1383 Euchaitensi,
3219 1321 3674 1394 Amastridensi,

311 1404 622 1467 νουπόλεως,
645 1411 737 1456 τοῦ
764 1406 1017 1476 Σμύρνης,
1049 1409 1140 1454 τοῦ
1172 1401 1465 1471 Εὐχαίτων,
1501 1407 1592 1452 τοῦ
1625 1399 1915 1473 Ἀμάστρι-
2024 1403 2080 1458 TI

1907 1429 1915 1442 ι
2024 1402 2329 1470 Thebano,
2379 1404 2643 1471 lEnensi,
2701 1408 3070 1477 Corcyrensi,
3122 1408 3438 1479 Abydeno.
3497 1414 3676 1467 Paro-

314 1490 430 1559 δος,
464 1501 555 1545 τοῦ
594 1491 803 1557 Θηϐῶν,
834 1499 923 1543 τοῦ
972 1494 1149 1557 Λῖνου,
1179 1497 1271 1541 τοῦ
1315 1491 1605 1563 Κερκύρων,
1636 1496 1727 1541 τοῦ
1755 1487 1916 1542 Ἀϐὐ-
2024 1507 2083 1548 ηε

1903 1518 1916 1531 -
2024 1492 2226 1551 naxio.
2248 1492 2485 1560 Milesio,
2516 1496 2867 1559 Maronensi,
2901 1495 3448 1567 Arcadiopolitano,
3481 1500 3672 1570 Pario,

312 1578 435 1651 δου,
478 1590 570 1635 τοῦ
610 1581 946 1657 Ιιαροναξίας,
997 1588 1090 1632 τοῦ
1128 1578 1387 1643 Μιλήτου,
1442 1586 1534 1629 τοῦ
1588 1582 1912 1651 Μαρωνείας,
2025 1585 2081 1637 Ρ]

1901 1622 1912 1645 ,
2025 1583 2461 1651 Ρτωοοηηρεὶο,
2524 1584 2910 1655 Salybriensi,
2982 1586 3269 1651 Nicensi;
3332 1590 3670 1646 astantibus

308 1678 405 1724 τοῦ
437 1668 943 1746 Ἀρκαδιουπόλεως,
982 1676 1075 1721 τοῦ
1108 1672 1329 1742 Παρίου,
1369 1674 1461 1719 τοῦ
1502 1672 1911 1741 Προικόννησον,
2024 1676 2077 1728 et

1701 1672 1911 1733 ννήσου,
2024 1672 2206 1728 etiam
2238 1672 2339 1727 Dei
2367 1673 2798 1728 amantissimis
2826 1674 3087 1730 dominis
3113 1677 3470 1748 praepositis.

305 1769 406 1815 τοῦ
436 1760 724 1834 Σηλυϐρίας
749 1764 839 1812 καὶ
872 1766 964 1812 τοῦ
1003 1763 1167 1819 Νίκης
1191 1778 1205 1792 ’
1242 1762 1643 1831 παρισταμένων
1694 1761 1783 1809 καὶ
1808 1759 1913 1810 θεο-

308 1849 628 1923 φιλεστάτων
654 1846 979 1902 δεσποτικῶν
1005 1846 1294 1921 ἀρχόντων.
1945 1859 1987 1913 Β

384 1937 456 2011 β’.
496 1936 647 1991 Ὀδοὶ
701 1939 859 2007 ζωῆς,
915 1934 1179 2009 διανόημα
1214 1944 1316 1988 τῶν
1379 1943 1599 1988 συνετῶν
1633 1952 1645 1964 ·
1705 1938 1796 1988 καὶ
1862 1935 1910 1988 έν
2089 1941 2143 1993 2.

1903 1957 1910 1983 ν
2089 1941 2143 1993 2.
2176 1941 2294 1996 Via:
2322 1941 2478 2010 vitae,
2519 1942 2800 2012 cogitatio
2830 1943 3261 2015 prudentium;
3299 1950 3352 2001 et
3400 1946 3463 2001 in
3494 1948 3672 2004 corde

306 2025 512 2103 καρδίᾳ
542 2025 733 2104 ἀνδρὸς
773 2026 943 2100 ἀγαθῇ
1002 2034 1161 2099 σοφία
1199 2021 1332 2079 Θεοῦ
1366 2042 1379 2056 ·
1420 2025 1588 2077 ταῦτά
1630 2030 1762 2097 φησί
1807 2046 1907 2079 που
2020 2027 2075 2084 ὀί

1901 2049 1907 2073 ι
2020 2027 2169 2084 bono
2214 2031 2348 2095 viri,
2379 2032 2675 2099 sapientia
2718 2032 2828 2087 Dei
2848 2033 2915 2085 ³³.
2953 2034 3071 2087 Hoc
3121 2034 3204 2088 ait
3241 2035 3299 2088 in
3339 2037 3670 2105 proverbiis

306 2117 361 2170 έν
420 2122 733 2193 Παροιμίαις
790 2119 816 2169 ό
855 2115 1089 2189 Σολομῶν
1122 2132 1135 2147 ⁶
1191 2115 1365 2176 αὐτοῖς
1422 2112 1481 2167 δε
1518 2117 1826 2189 πράγμασιν
1882 2118 1908 2168 ό
2021 2119 2075 2174 δε

1898 2118 1908 2167 i
2021 2118 2334 2185 Salomon;
2357 2135 2420 2175 re
2442 2124 2645 2175 autem
2660 2136 2819 2180 vera.
2838 2136 2874 2176 a
2897 2123 3013 2177 Deo
3034 2122 3249 2177 doctus
3265 2128 3467 2179 noster
3482 2125 3667 2196 impe-

307 2205 655 2270 θεοδίδακτος
684 2210 831 2279 ἡμῶν
878 2207 1213 2281 αὐτοκράτωρ
1268 2204 1343 2278 ἐφ’
1397 2205 1562 2276 ἐαυτῷ
1599 2205 1902 2277 τετελεσμέ-
2015 2221 2076 2262 ra

1899 2236 1902 2248 ι
2015 2210 2179 2262 rator
2200 2206 2260 2262 in
2284 2223 2346 2263 se
2365 2208 2693 2280 perfectum
2714 2209 3149 2265 demonstravit
3168 2228 3182 2276 ;
3199 2210 3346 2268 dum
3363 2212 3442 2267 ad
3463 2229 3668 2269 veram

302 2317 373 2348 να
409 2297 667 2360 ὑπέδειξε,
707 2298 799 2358 τὰς
844 2296 915 2358 εἰς
953 2300 1047 2354 τὴν
1102 2294 1266 2353 ἀληθῆ
1303 2295 1443 2355 ζωὴν
1479 2298 1568 2346 καὶ
1625 2293 1906 2369 ἀνώλεθρον
2015 2295 2071 2351 in

1899 2317 1906 2341 ν
2015 2295 2543 2369 immortalemque
2557 2298 2744 2354 vitam
2770 2299 3058 2354 ducentes
3089 2302 3333 2355 semitas
3350 2303 3472 2357 suis
3494 2319 3529 2359 a
3552 2304 3668 2359 Deo

304 2385 614 2458 ἁπαγούσας
670 2383 823 2448 ὁδοὺς
873 2393 983 2448 τοῖς
1030 2385 1191 2437 αὐτού
1232 2384 1645 2458 θεοκυϐερνήτοις
1685 2381 1906 2443 διανοή-
2015 2402 2073 2441 re

1899 2414 1906 2426 -
2015 2387 2191 2441 rectis
2215 2387 2576 2455 cogitatibus
2607 2394 2664 2443 et
2683 2389 2973 2455 consiliis,
3019 2390 3263 2462 suisque
3287 2407 3322 2446 a
3347 2393 3463 2447 Deo
3494 2397 3668 2450 motas

301 2495 444 2548 μασι
473 2481 563 2528 καὶ
592 2480 843 2548 νοήμασι,
877 2480 966 2527 καὶ
1020 2483 1129 2536 τοῖς
1181 2482 1275 2536 τῆς
1330 2477 1630 2531 θεοκινήτου
1669 2474 1905 2545 γλώττης
2014 2474 2070 2530 lil

1900 2495 1905 2535 ;
2014 2474 2234 2545 lingua:
2250 2477 2444 2532 verbis
2459 2478 2685 2533 cunctis
2698 2478 3045 2533 hominibus
3056 2480 3430 2551 praeparavit:
3444 2482 3669 2553 quippe

302 2565 472 2617 αὐτοῦ
506 2567 705 2640 ῥήμασι
756 2570 916 2617 πᾶσιν
956 2564 1362 2637 ἑτοιμασάμενος
1399 2584 1411 2597 ·
1480 2564 1570 2615 οἱτε
1621 2568 1692 2636 μή
1753 2567 1905 2635 μόνον
2014 2581 2071 2637 ql

1901 2585 1905 2605 ι
2014 2566 2119 2637 qui
2145 2580 2267 2621 non
2299 2566 2495 2622 solum
2526 2567 2959 2639 impedimenta
2990 2569 3065 2623 de
3114 2569 3316 2625 medio
3345 2570 3583 2626 sustulit
3614 2576 3670 2626 et

300 2656 371 2706 τὰ
437 2652 487 2705 ἐν
552 2658 696 2726 μέσῳ
754 2652 930 2706 σκῶλα
1000 2660 1278 2727 περιαιρών
1330 2657 1420 2703 καὶ
1493 2657 1901 2726 προσκόμματα,
2015 2655 2069 2711 οι

2015 2654 2395 2722 offendicula,
2428 2672 2638 2712 verum
2692 2658 2874 2713 etiam
2930 2674 3001 2713 ea
3053 2674 3190 2730 quae
3238 2659 3440 2714 multis
3479 2660 3670 2717 ardua

300 2743 434 2796 ἀλλὰ
476 2749 567 2795 καὶ
627 2745 694 2795 τὰ
743 2750 849 2804 τοῖς
904 2743 1113 2805 πολλοῖς
1170 2744 1436 2817 προσάντη
1490 2746 1579 2794 καὶ
1637 2739 1907 2800 δυσνόητα
2014 2760 2069 2801 er

1896 2763 1907 2795 ι
2014 2750 2187 2801 erant
2208 2751 2387 2817 atque
2410 2762 2625 2818 aspera
2640 2751 2697 2802 et
2711 2747 3010 2803 intellectu
3027 2748 3291 2803 difﬁcilia
3307 2749 3665 2821 explanavit,

302 2831 643 2905 ἐξομαλίζων,
674 2836 764 2884 καὶ
808 2832 957 2885 εὐθέα
994 2839 1102 2894 τοῖς
1162 2839 1403 2883 συνιοῦσι
1452 2835 1542 2883 καὶ
1599 2832 1906 2906 εὑρίσκουσι
2013 2834 2071 2890 fa

1899 2852 1906 2882 ι
2013 2834 2334 2908 faciliaque
2381 2836 2641 2891 reddidit
2667 2837 2737 2891 iis
2766 2837 2870 2908 qui
2909 2838 3222 2893 inveniunt
3268 2840 3668 2910 comprehen-

299 2931 519 2994 γνῶσιν,
560 2922 978 2996 ἀπεργαζόμενος
1010 2937 1023 2951 ⁸
1081 2926 1172 2973 καὶ
1210 2924 1310 2995 γὰρ
1368 2922 1435 2973 τὰ
1472 2923 1607 2972 κατὰ
1644 2925 1737 2978 τὴν
1788 2916 1905 2973 δευ-
2013 2923 2068 2979 dt

1902 2951 1905 2960 ι
2013 2923 2287 2997 duntque
2313 2925 2970 2980 eruditionem.btenim
2995 2942 3085 2992 ea,
3114 2942 3250 2998 quae
3278 2926 3373 2981 die
3403 2927 3671 2983 secunda

299 3017 457 3084 τέραν
529 3020 622 3064 τοῦ
686 3019 969 3086 προσεχῶς
1040 3010 1381 3086 παρελθόντος
1446 3015 1681 3085 Μαρτίου
1747 3015 1906 3083 μηνός
2013 3028 2068 3085 p1

1884 3031 1906 3073 ς
2013 3014 2286 3085 proxime
2311 3014 2589 3086 praeteriti
2612 3014 2798 3070 Martii
2827 3014 3053 3069 mensis
3083 3019 3328 3087 peracta
3348 3015 3602 3085 fuerant,
3621 3032 3652 3072 e

298 3102 631 3175 πραχθέντα,
692 3105 783 3152 καὶ
828 3107 1118 3157 τηνικαῦτα
1164 3102 1254 3172 μὲν
1301 3104 1359 3152 τὸ
1405 3102 1561 3173 κύρος
1607 3121 1669 3173 τῃ
1716 3119 1771 3153 τε
1808 3109 1904 3161 τῆς
2016 3107 2067 3158 tu

1899 3120 1904 3160 :
2016 3107 2157 3159 tunc
2207 3102 2725 3159 conﬁrmationem
2753 3119 2789 3159 a
2818 3108 3025 3159 nostra
3050 3104 3457 3160 mediocritate
3489 3110 3668 3177 atque

299 3191 451 3261 ἡμῶν
506 3193 846 3263 μετριότητος
906 3194 996 3242 καὶ
1043 3196 1160 3252 ταῖς
1204 3198 1305 3242 τῶν
1367 3190 1546 3265 ἑτέρων
1604 3191 1905 3261 ἁγιωτάτων
1938 3213 1977 3267 C
2013 3208 2068 3249 αι

1900 3211 1905 3232 ι
1938 3213 1977 3267 C
2013 3208 2050 3249 a
2066 3197 2416 3248 caeterorum
2435 3193 2946 3248 sanctissimorum
2962 3194 3441 3265 patriarcharum
3458 3209 3669 3249 sacrae-

297 3288 653 3354 πατριαρχῶν
703 3284 794 3331 καὶ
845 3287 937 3340 τῆς
996 3280 1135 3354 ἱερᾶς
1202 3276 1426 3332 συνόδου
1478 3284 1707 3353 γνώμαις
1756 3276 1902 3343 δεξά·
2012 3298 2066 3354 ql

2012 3297 2131 3354 que
2148 3282 2365 3354 synodi
2392 3282 2689 3352 suffragiis
2720 3289 3107 3353 acceperant;
3128 3289 3347 3339 sanctae
3365 3300 3501 3339 vero
3518 3285 3567 3353 ej
3580 3300 3671 3338 us-

294 3388 447 3441 μενα,
480 3372 617 3420 κατὰ
644 3365 703 3421 δι
757 3374 853 3427 τήν
902 3369 1053 3426 ἕκτην
1107 3376 1199 3421 τοῦ
1240 3368 1400 3422 αὐτοῦ
1448 3373 1631 3441 μηνός,
1688 3374 1778 3421 καὶ
1837 3388 1901 3441 τη
2012 3371 2063 3426 dt

1900 3396 1901 3403 η
2012 3371 2149 3426 dem
2181 3371 2403 3427 mensis
2425 3370 2519 3426 die
2558 3372 2955 3443 imperatoria:
2984 3376 3204 3428 sanctae
3227 3388 3444 3427 manus
3474 3372 3669 3427 rubris

294 3458 711 3532 αὐτοκρατορικη
756 3457 881 3530 ἁγίᾳ
936 3462 1081 3531 χειρὶ
1135 3456 1602 3531 έρυθρογραφέντα,
1658 3466 1767 3520 τοῖς
1808 3457 1905 3510 ἀνὰ
2010 3460 2063 3517 lit

1896 3480 1905 3510 ι
2010 3460 2217 3517 litteris
2246 3462 2586 3533 subscripta
2612 3462 2850 3518 fuerant
2874 3481 2886 3529 ;
2915 3478 3054 3518 cum
3079 3462 3365 3518 omnibus
3394 3462 3665 3528 urbibus,

290 3553 475 3600 πᾶσαν
503 3546 653 3599 πόλιν
694 3552 783 3600 καὶ
813 3553 997 3623 χώραν
1042 3552 1131 3600 καὶ
1160 3556 1318 3607 νῆσον
1362 3553 1451 3600 καὶ
1502 3552 1714 3622 ἤπειρον
1765 3545 1903 3607 δῆλα
2010 3568 2059 3609 τε

1899 3569 1903 3600 ι
2010 3552 2383 3622 regionibus,
2417 3551 2650 3620 insulis,
2682 3552 3030 3619 continenti,
3084 3552 3286 3624 palam
3316 3552 3443 3610 ﬁeri
3474 3552 3668 3623 vellet,

287 3638 537 3707 γενέσθαι
586 3634 919 3708 βουλόμενος,
974 3637 1056 3688 ἵνα
1100 3638 1288 3699 πάντες
1338 3641 1427 3689 καὶ
1470 3639 1607 3688 κατὰ
1648 3641 1743 3695 τὴν
1786 3656 1900 3688 τοι-
2013 3659 2056 3697 ιιτ

2013 3647 2077 3699 ut
2127 3642 2357 3697 cunctis
2383 3642 2659 3697 homines
2690 3642 3024 3697 secundum
3068 3643 3225 3698 hanc
3260 3642 3671 3712 dogmaticam

288 3729 456 3783 αὐτην
515 3722 845 3797 δογματικὴν
907 3728 1138 3797 κύρωσιν
1203 3722 1499 3800 ὀρθοδοξεῖν
1557 3730 1767 3799 ἔχωσι·
1809 3731 1896 3777 καὶ
2008 3732 2057 3787 dt

2008 3732 2421 3788 deﬁnitionem
2452 3737 2613 3787 recta
2632 3731 2751 3786 ﬁde
2781 3736 3105 3795 uterentur,
3140 3747 3335 3803 neque
3361 3732 3420 3787 in
3443 3748 3672 3788 errores

285 3819 362 3888 μὴ
440 3823 557 3876 ταῖς
630 3824 725 3878 τῆς
797 3814 995 3877 πλάνης
1072 3811 1311 3878 ἀνοδίαις
1388 3820 1895 3889 συμπεριφέρωνται,
2007 3821 2054 3877 ix

2007 3821 2332 3893 impervios
2386 3820 2776 3887 deferrentur,
2819 3821 3092 3877 divinum
3136 3822 3672 3894 venerandumque

290 3908 428 3960 θεὶον
484 3909 845 3981 προσκυνητον
902 3904 1097 3970 έξέθετο
1173 3904 1397 3974 ῖδικτον,
1455 3912 1545 3959 καὶ
1618 3911 1749 3981 πρὸς
1802 3912 1897 3965 τὴν
2009 3927 2059 3985 p1

2009 3912 2323 3985 prOposuit
2351 3910 2634 3978 edictum,
2668 3917 2851 3982 atque
2887 3912 2966 3965 ad
2996 3915 3263 3967 nostram
3292 3910 3672 3967 mediocrita-

288 3998 440 4068 ἡμῶν
470 4000 804 4070 μετριότητα,
848 3999 936 4047 καὶ
962 4000 1057 4053 τὴν
1100 3998 1237 4070 ἱερὰν
1269 4001 1359 4049 καὶ
1389 3997 1525 4049 θείαν
1575 3995 1900 4059 ἐξαπέστειλε
2008 4006 2057 4059 te

2008 4006 2125 4059 tem
2169 4016 2526 4073 sacramque
2556 4004 2613 4056 et
2639 4000 2907 4056 divinam
2937 4001 3092 4056 misit
3118 4000 3465 4073 synodum;
3507 4002 3674 4074 quod

290 4082 517 4139 σύνοδον
542 4108 554 4120 ·
585 4086 611 4137 ὁ
634 4089 726 4138 καὶ
756 4084 1069 4157 ἀπεγνωσθη
1104 4085 1187 4139 ἐπὶ
1210 4093 1407 4153 κοινοῦ,
1454 4089 1577 4158 ἔχον
1608 4086 1692 4139 ἐπὶ
1721 4086 1899 4149 λέξεων
2010 4097 2059 4149 et

2010 4097 2067 4149 et
2087 4107 2291 4149 coram
2313 4090 2597 4147 omnibus
2625 4090 2848 4147 lectum
2879 4090 3006 4162 fuit,
3038 4095 3218 4163 atque
3248 4091 3332 4147 ita
3362 4107 3423 4147 se
3458 4089 3675 4147 habet:

292 4178 434 4231 οὕτω
458 4198 473 4211 ⁸

367 4265 437 4338 γ’.
479 4265 721 4324 Μανουήλ
777 4264 827 4319 έν
869 4273 1087 4340 Χριστῷ
1125 4274 1198 4339 τῷ
1248 4272 1355 4338 Θεῷ
1401 4271 1591 4330 πιστός
1634 4267 1906 4342 βασιλεὺς,
2083 4271 2136 4329 3.

1905 4316 1906 4321 η
2083 4271 2140 4329 3.
2174 4268 2406 4326 Manuel
2431 4270 2492 4325 in
2523 4268 2755 4326 Christo
2789 4273 2907 4325 Deo
2949 4269 3144 4325 ﬁdelis
3199 4285 3302 4326 rex
3336 4270 3674 4342 Porphyro-

296 4360 807 4430 Πορφυρογέννητος,
883 4355 1147 4430 Ῥωμαίων
1241 4356 1599 4432 αὐτοκράτωρ,
1699 4356 1908 4411 εὐσεϐέ-
2019 4376 2065 4431 ει

1907 4391 1908 4397 η
2019 4360 2279 4431 genitus,
2296 4363 2704 4416 Romanorum
2725 4360 3071 4431 imperator,
3087 4359 3412 4431 piissimus,
3438 4375 3676 4432 semper

299 4466 516 4513 στατος,
560 4445 914 4513 ἀεισέϐαστος,
970 4451 1295 4520 Αὔγουστος,
1326 4447 1641 4524 Ἰσαυρικὸς,
1701 4448 1907 4501 Κιλικι-
2020 4465 2068 4505 δε

1905 4480 1907 4489 ι
2020 4450 2316 4516 sebastus,
2347 4452 2673 4520 Augustus,
2697 4448 3015 4518 Isauricus,
3044 4448 3338 4517 Cilicicus,
3367 4450 3674 4505 Armenia-

293 4540 407 4604 κός,
475 4536 789 4611 ’Δρμενικός,
867 4535 1212 4610 Δαλματικός,
1293 4538 1613 4613 Οὐγγρικός,
1700 4540 1910 4591 Βοσθνι“
1940 4564 1991 4625 D
2022 4556 2062 4597 c1

1905 4552 1910 4563 '
1940 4564 1991 4625 ι)
2022 4556 2149 4606 cus,
2186 4539 2568 4608 Dalmaticus,
2603 4539 2954 4609 Ungaricus,
2992 4538 3372 4605 Bosthnicus,
3416 4539 3674 4595 Chrova-

295 4630 413 4695 κός,
482 4625 828 4701 Χροϐατικός,
880 4627 1136 4693 Λαζικὸς,
1185 4624 1470 4690 Ἰϐηδικός,
1533 4627 1907 4701 Βουλγαρικός,
1956 4624 1965 4625 ί
2020 4632 2063 4689 ti

1956 4624 1965 4625 ί
2020 4632 2194 4695 ticus,
2226 4631 2467 4700 lazicus,
2498 4630 2776 4700 Ibericus,
2813 4629 3180 4699 Bulgaricus,
3211 4630 3505 4697 Servicus,
3545 4632 3678 4685 Zec-

298 4714 567 4790 Σερϐικός,
643 4719 917 4787 Ζεκχικός,
995 4717 1319 4791 Χαζαρικός,
1397 4718 1665 4787 Γοτθικὸς,
1724 4720 1908 4770 θεοκυ-
2022 4722 2067 4777 c]

2022 4721 2244 4787 chicus,
2278 4719 2657 4786 Chazaricus,
2692 4718 2993 4783 Gothicus,
3032 4735 3069 4773 a
3102 4721 3218 4773 Deo
3250 4718 3532 4787 directus,
3558 4718 3678 4774 bte-

299 4805 564 4880 ϐἐρνητος,
623 4804 939 4880 κληρονόμος
1004 4813 1098 4859 τοῦ
1172 4810 1463 4879 στέμματος
1520 4814 1611 4861 τοῦ
1686 4806 1909 4880 μεγάλου
2020 4828 2068 4869 τε

2020 4827 2115 4869 res
2137 4826 2374 4867 coronas
2405 4809 2611 4879 magni
2628 4809 3015 4875 Constantini,
3034 4808 3237 4864 animo
3266 4813 3508 4877 gestans
3536 4823 3678 4864 cun-

302 4898 722 4957 Κωνσταντίνου,
772 4900 860 4947 καὶ
891 4894 1046 4969 ψυχῇ
1082 4901 1356 4970 νεμόμενος
1397 4899 1568 4950 πάντα
1622 4899 1688 4949 τὰ
1724 4899 1911 4949 τούτου
2023 4906 2071 4959 ct

2023 4906 2117 4959 cta
2145 4900 2325 4972 hujus
2340 4901 2875 4972 jura,quanquam
2895 4898 3171 4954 nonnulli
3202 4914 3237 4953 a
3258 4903 3463 4954 nostro
3494 4899 3680 4970 impe-

301 4983 536 5039 δίκαια·
613 4989 681 5048 ὡς
755 5005 907 5039 τινων
982 4985 1462 5047 ἁποστατησάντων
1537 4995 1629 5041 τοῦ
1694 4989 1914 5061 κράτους
2022 4992 2068 5049 ri

1910 5006 1914 5045 :
2022 4992 2110 5049 rio
2127 4989 2498 5058 defecerunt;
2519 4988 2797 5045 universo
2818 4994 3026 5045 nostro
3047 4988 3440 5062 pbilochristo
3454 4987 3679 5061 populo

299 5078 477 5149 ἡμῶν,
516 5083 623 5137 τοῖς
675 5084 767 5130 τοῦ
826 5076 1175 5151 φιλοχρίστου
1214 5080 1361 5153 ἡμῶν
1408 5082 1601 5141 παντός
1641 5078 1768 5132 λαοῦ
1824 5086 1914 5139 τῆς
2023 5097 2068 5137 ι’(

1912 5099 1914 5134 ;
2023 5081 2202 5151 regiae
2248 5084 2467 5136 nostras
2503 5094 2541 5135 a
2589 5081 2708 5135 Deo
2740 5079 3054 5135 custoditus
3102 5077 3291 5144 urbis,
3324 5077 3681 5149 cunctisque

304 5165 659 5238 θεοφυλάκτου
725 5169 873 5241 ἡμῶν
948 5166 1231 5241 βασιλίδος
1287 5169 1504 5238 πόλεως,
1562 5172 1635 5223 ἔτι
1701 5166 1760 5223 δε
1824 5174 1915 5222 καὶ
2023 5172 2073 5228 in

2023 5169 2275 5244 imperio
2292 5173 2497 5226 nostro
2526 5168 2814 5239 subjectis
2830 5168 3195 5225 terrestrium
3217 5167 3706 5226 maritimarum»

302 5263 443 5311 πᾶσι
470 5264 579 5321 τοῖς
623 5264 726 5311 τῶν
768 5260 871 5311 ὐπό
913 5263 1009 5317 τὴν
1036 5267 1126 5321 τῆς
1164 5262 1417 5336 ἡμετέρας
1460 5259 1735 5335 βασιλείας
1766 5259 1914 5323 ὶξου-
2025 5277 2065 5335 q

974 5280 1009 5311 ην
1036 5267 1126 5321 τῆς
1164 5262 1417 5336 ἡμετέρας
1460 5259 1735 5335 βασιλείας
1766 5259 1914 5323 ὶξου-
2025 5276 2144 5335 que
2164 5259 2483 5332 regionum
2511 5257 2743 5315 incolis.

307 5365 430 5401 σιαν
480 5356 671 5421 χωρῶν
708 5348 1064 5424 ἠπειρωτικῶν
1111 5369 1165 5404 τε
1215 5356 1306 5405 καὶ
1361 5351 1641 5406 θαλαττίων
1672 5351 1917 5425 οἰκήτορ-

307 5458 336 5491 ο
349 5458 416 5494 ιν.

380 5524 451 5584 δ’.
493 5526 556 5580 Εἰ
607 5531 892 5602 μακαρίζει
949 5533 1142 5605 Πέτρον
1192 5535 1428 5606 Χριστὸς
1470 5536 1559 5589 τόν
1598 5532 1647 5588 έν
1692 5531 1922 5589 ἆποστό-
2103 5534 2149 5589 ι.

1919 5564 1922 5575 ι
2103 5534 2157 5589 6.
2198 5530 2255 5587 Si
2279 5529 2527 5588 beatum
2552 5528 2842 5602 praedicat
2865 5531 3101 5588 Petrum
3146 5529 3409 5587 Christus
3446 5530 3688 5601 aposto-

382 5723 433 5760 ³⁸
466 5724 641 5783 Prov.
664 5735 745 5796 τι,
773 5724 878 5793 23;
902 5724 1137 5797 xxv,’,33.
