  <div class='ocr_page' id='page_1' title='image "/cluster/home/n/w/nwhite01/storage/ocr_20150623/140/nnc1.0046979905/149.png"; bbox 0 0 4480 6430; ppageno 0'>
   <div class='ocr_carea' id='block_1_1' title="bbox 780 379 886 434">
    <p class='ocr_par' dir='ltr' id='par_1_1' title="bbox 780 379 886 434">
     <span class='ocr_line' id='line_1_1' title="bbox 780 379 886 434; baseline 0 -1"><span class='ocrx_word' id='word_1_1' title='bbox 780 379 886 434; x_wconf 79' lang='lat'><strong>275</strong></span> 
     </span>
    </p>
   </div>
   <div class='ocr_carea' id='block_1_2' title="bbox 2110 375 2816 437">
    <p class='ocr_par' dir='ltr' id='par_1_2' title="bbox 2110 375 2816 437">
     <span class='ocr_line' id='line_1_2' title="bbox 2110 375 2816 437; baseline 0.003 -2"><span class='ocrx_word' id='word_1_2' title='bbox 2110 378 2388 437; x_wconf 68' lang='lat' dir='ltr'><strong>NICETE</strong></span> <span class='ocrx_word' id='word_1_3' title='bbox 2444 375 2816 437; x_wconf 64' lang='lat' dir='ltr'><strong>CBDN}le</strong></span> 
     </span>
    </p>
   </div>
   <div class='ocr_carea' id='block_1_3' title="bbox 4036 378 4144 442">
    <p class='ocr_par' dir='ltr' id='par_1_3' title="bbox 4036 378 4144 442">
     <span class='ocr_line' id='line_1_3' title="bbox 4036 378 4144 442; baseline 0.019 -2"><span class='ocrx_word' id='word_1_4' title='bbox 4036 378 4144 442; x_wconf 64' lang='grc' dir='ltr'>ιτα</span> 
     </span>
    </p>
   </div>
   <div class='ocr_carea' id='block_1_4' title="bbox 778 502 2428 579">
    <p class='ocr_par' dir='ltr' id='par_1_4' title="bbox 778 502 2428 576">
     <span class='ocr_line' id='line_1_4' title="bbox 778 502 2428 576; baseline 0.001 -19"><span class='ocrx_word' id='word_1_5' title='bbox 778 502 978 558; x_wconf 89' lang='lat' dir='ltr'><strong>lorum</strong></span> <span class='ocrx_word' id='word_1_6' title='bbox 1018 519 1328 559; x_wconf 89' lang='lat' dir='ltr'><strong>summum</strong></span> <span class='ocrx_word' id='word_1_7' title='bbox 1377 506 1634 576; x_wconf 79' lang='lat' dir='ltr'><strong>apicem,</strong></span> <span class='ocrx_word' id='word_1_8' title='bbox 1657 507 1981 576; x_wconf 74' lang='lat' dir='ltr'><strong>propterea</strong></span> <span class='ocrx_word' id='word_1_9' title='bbox 2019 504 2186 575; x_wconf 85' lang='lat' dir='ltr'><strong>quod</strong></span> <span class='ocrx_word' id='word_1_10' title='bbox 2223 518 2428 558; x_wconf 80' lang='lat' dir='ltr'><strong>omnes</strong></span> 
     </span>
    </p>
   </div>
   <div class='ocr_carea' id='block_1_5' title="bbox 2456 502 4143 579">
    <p class='ocr_par' dir='ltr' id='par_1_5' title="bbox 2470 503 4143 579">
     <span class='ocr_line' id='line_1_5' title="bbox 2470 503 4143 579; baseline 0.002 -22"><span class='ocrx_word' id='word_1_11' title='bbox 2470 506 2518 557; x_wconf 75' lang='grc' dir='ltr'><strong>Δ</strong></span> <span class='ocrx_word' id='word_1_12' title='bbox 2545 503 2654 564; x_wconf 86' lang='grc' dir='ltr'>λοις</span> <span class='ocrx_word' id='word_1_13' title='bbox 2703 507 3134 577; x_wconf 69' lang='grc' dir='ltr'>κορυφαεότατον,</span> <span class='ocrx_word' id='word_1_14' title='bbox 3189 505 3298 558; x_wconf 67' lang='grc' dir='ltr'>ἐπεί</span> <span class='ocrx_word' id='word_1_15' title='bbox 3353 506 3635 579; x_wconf 70' lang='grc' dir='ltr'>προφθάνει</span> <span class='ocrx_word' id='word_1_16' title='bbox 3662 507 3858 568; x_wconf 82' lang='grc' dir='ltr'>πάντας</span> <span class='ocrx_word' id='word_1_17' title='bbox 3909 515 3982 559; x_wconf 71' lang='grc' dir='ltr'>τῶ</span> <span class='ocrx_word' id='word_1_18' title='bbox 4022 505 4143 560; x_wconf 80' lang='grc' dir='ltr'>δια-</span> 
     </span>
    </p>
   </div>
   <div class='ocr_carea' id='block_1_6' title="bbox 778 591 2436 664">
    <p class='ocr_par' dir='ltr' id='par_1_6' title="bbox 778 591 2436 664">
     <span class='ocr_line' id='line_1_6' title="bbox 778 591 2436 664; baseline 0.002 -21"><span class='ocrx_word' id='word_1_19' title='bbox 778 591 1082 661; x_wconf 70' lang='lat' dir='ltr'><strong>praecessit</strong></span> <span class='ocrx_word' id='word_1_20' title='bbox 1109 591 1336 647; x_wconf 81' lang='lat' dir='ltr'><strong>fervore</strong></span> <span class='ocrx_word' id='word_1_21' title='bbox 1359 593 1606 655; x_wconf 80' lang='lat' dir='ltr'><strong>amoris,</strong></span> <span class='ocrx_word' id='word_1_22' title='bbox 1623 599 1678 648; x_wconf 94' lang='lat' dir='ltr'><strong>et</strong></span> <span class='ocrx_word' id='word_1_23' title='bbox 1693 593 1894 664; x_wconf 89' lang='lat' dir='ltr'><strong>ipsum</strong></span> <span class='ocrx_word' id='word_1_24' title='bbox 1911 596 2157 647; x_wconf 89' lang='lat' dir='ltr'><strong>testatus</strong></span> <span class='ocrx_word' id='word_1_25' title='bbox 2179 592 2289 646; x_wconf 85' lang='lat' dir='ltr'><strong>fuit</strong></span> <span class='ocrx_word' id='word_1_26' title='bbox 2307 607 2436 646; x_wconf 91' lang='lat' dir='ltr'><strong>esse</strong></span> 
     </span>
    </p>
   </div>
   <div class='ocr_carea' id='block_1_7' title="bbox 779 677 2437 750">
    <p class='ocr_par' dir='ltr' id='par_1_7' title="bbox 779 677 2437 750">
     <span class='ocr_line' id='line_1_7' title="bbox 779 677 2437 750; baseline 0.002 -19"><span class='ocrx_word' id='word_1_27' title='bbox 779 677 1101 748; x_wconf 84' lang='lat' dir='ltr'><strong>Christum,</strong></span> <span class='ocrx_word' id='word_1_28' title='bbox 1137 680 1239 735; x_wconf 91' lang='lat' dir='ltr'><strong>Dei</strong></span> <span class='ocrx_word' id='word_1_29' title='bbox 1267 681 1520 736; x_wconf 77' lang='lat' dir='ltr'><strong>viventis</strong></span> <span class='ocrx_word' id='word_1_30' title='bbox 1549 681 1793 746; x_wconf 82' lang='lat' dir='ltr'><strong>Filium;</strong></span> <span class='ocrx_word' id='word_1_31' title='bbox 1827 684 2034 750; x_wconf 81' lang='lat' dir='ltr'><strong>utpote</strong></span> <span class='ocrx_word' id='word_1_32' title='bbox 2063 696 2100 735; x_wconf 91' lang='lat' dir='ltr'><strong>a</strong></span> <span class='ocrx_word' id='word_1_33' title='bbox 2124 681 2243 734; x_wconf 90' lang='lat' dir='ltr'><strong>Deo</strong></span> <span class='ocrx_word' id='word_1_34' title='bbox 2267 683 2437 734; x_wconf 90' lang='lat' dir='ltr'><strong>Patre</strong></span> 
     </span>
    </p>
   </div>
   <div class='ocr_carea' id='block_1_8' title="bbox 777 768 2436 840">
    <p class='ocr_par' dir='ltr' id='par_1_8' title="bbox 777 768 2436 840">
     <span class='ocr_line' id='line_1_8' title="bbox 777 768 2436 840; baseline 0 -18"><span class='ocrx_word' id='word_1_35' title='bbox 777 769 1136 837; x_wconf 80' lang='lat' dir='ltr'><strong>mysterium</strong></span> <span class='ocrx_word' id='word_1_36' title='bbox 1159 769 1228 823; x_wconf 90' lang='lat' dir='ltr'><strong>de</strong></span> <span class='ocrx_word' id='word_1_37' title='bbox 1250 768 1351 824; x_wconf 90' lang='lat' dir='ltr'><strong>illo</strong></span> <span class='ocrx_word' id='word_1_38' title='bbox 1380 770 1659 833; x_wconf 89' lang='lat' dir='ltr'><strong>edoctus;</strong></span> <span class='ocrx_word' id='word_1_39' title='bbox 1688 769 1984 840; x_wconf 85' lang='lat' dir='ltr'><strong>quidnam</strong></span> <span class='ocrx_word' id='word_1_40' title='bbox 2011 768 2174 823; x_wconf 85' lang='lat' dir='ltr'><strong>aliud</strong></span> <span class='ocrx_word' id='word_1_41' title='bbox 2201 768 2436 823; x_wconf 88' lang='lat' dir='ltr'><strong>beatius</strong></span> 
     </span>
    </p>
   </div>
   <div class='ocr_carea' id='block_1_9' title="bbox 777 855 2437 928">
    <p class='ocr_par' dir='ltr' id='par_1_9' title="bbox 777 855 2437 928">
     <span class='ocr_line' id='line_1_9' title="bbox 777 855 2437 928; baseline 0.001 -19"><span class='ocrx_word' id='word_1_42' title='bbox 777 855 910 910; x_wconf 91' lang='lat' dir='ltr'><strong>erit.</strong></span> <span class='ocrx_word' id='word_1_43' title='bbox 943 885 1000 896; x_wconf 84' lang='lat'><strong>-—</strong></span> <span class='ocrx_word' id='word_1_44' title='bbox 1036 857 1412 928; x_wconf 83' lang='lat' dir='ltr'><strong>Sequebatur</strong></span> <span class='ocrx_word' id='word_1_45' title='bbox 1440 857 1658 913; x_wconf 92' lang='lat' dir='ltr'><strong>deinde</strong></span> <span class='ocrx_word' id='word_1_46' title='bbox 1680 858 2029 912; x_wconf 90' lang='lat' dir='ltr'><strong>universum</strong></span> <span class='ocrx_word' id='word_1_47' title='bbox 2063 872 2248 928; x_wconf 87' lang='lat' dir='ltr'><strong>supra</strong></span> <span class='ocrx_word' id='word_1_48' title='bbox 2273 873 2310 912; x_wconf 88' lang='lat' dir='ltr'><strong>a</strong></span> <span class='ocrx_word' id='word_1_49' title='bbox 2335 872 2437 910; x_wconf 89' lang='lat' dir='ltr'><strong>no-</strong></span> 
     </span>
    </p>
   </div>
   <div class='ocr_carea' id='block_1_10' title="bbox 776 944 2438 1016">
    <p class='ocr_par' dir='ltr' id='par_1_10' title="bbox 776 944 2438 1016">
     <span class='ocr_line' id='line_1_10' title="bbox 776 944 2438 1016; baseline 0.002 -19"><span class='ocrx_word' id='word_1_50' title='bbox 776 944 870 998; x_wconf 89' lang='lat' dir='ltr'><strong>bis</strong></span> <span class='ocrx_word' id='word_1_51' title='bbox 901 945 1192 1016; x_wconf 90' lang='lat' dir='ltr'><strong>scriptum</strong></span> <span class='ocrx_word' id='word_1_52' title='bbox 1232 946 1516 1002; x_wconf 88' lang='lat' dir='ltr'><strong>edictum.</strong></span> <span class='ocrx_word' id='word_1_53' title='bbox 1550 949 1856 1002; x_wconf 85' lang='lat' dir='ltr'><strong>Postremo</strong></span> <span class='ocrx_word' id='word_1_54' title='bbox 1887 947 2016 1001; x_wconf 55' lang='lat' dir='ltr'><strong>haec</strong></span> <span class='ocrx_word' id='word_1_55' title='bbox 2056 946 2438 1001; x_wconf 85' lang='lat' dir='ltr'><strong>addebantur</strong></span> 
     </span>
    </p>
   </div>
   <div class='ocr_carea' id='block_1_11' title="bbox 774 1032 2434 1106">
    <p class='ocr_par' dir='ltr' id='par_1_11' title="bbox 774 1032 2434 1106">
     <span class='ocr_line' id='line_1_11' title="bbox 774 1032 2434 1106; baseline 0.002 -20"><span class='ocrx_word' id='word_1_56' title='bbox 774 1032 1057 1088; x_wconf 90' lang='lat' dir='ltr'><strong>verba.—</strong></span> <span class='ocrx_word' id='word_1_57' title='bbox 1089 1037 1420 1106; x_wconf 85' lang='lat' dir='ltr'><strong>Postquam</strong></span> <span class='ocrx_word' id='word_1_58' title='bbox 1450 1036 1628 1106; x_wconf 81' lang='lat' dir='ltr'><strong>igitur</strong></span> <span class='ocrx_word' id='word_1_59' title='bbox 1648 1035 1851 1106; x_wconf 86' lang='lat' dir='ltr'><strong>palam</strong></span> <span class='ocrx_word' id='word_1_60' title='bbox 1883 1036 2296 1090; x_wconf 89' lang='lat' dir='ltr'><strong>venerandum</strong></span> <span class='ocrx_word' id='word_1_61' title='bbox 2321 1036 2434 1090; x_wconf 89' lang='lat' dir='ltr'><strong>hoc</strong></span> 
     </span>
    </p>
   </div>
   <div class='ocr_carea' id='block_1_12' title="bbox 775 1121 2435 1190">
    <p class='ocr_par' dir='ltr' id='par_1_12' title="bbox 775 1121 2435 1190">
     <span class='ocr_line' id='line_1_12' title="bbox 775 1121 2435 1190; baseline 0.002 -14"><span class='ocrx_word' id='word_1_62' title='bbox 775 1121 1042 1178; x_wconf 92' lang='lat' dir='ltr'><strong>edictum</strong></span> <span class='ocrx_word' id='word_1_63' title='bbox 1070 1122 1293 1180; x_wconf 89' lang='lat' dir='ltr'><strong>lectum</strong></span> <span class='ocrx_word' id='word_1_64' title='bbox 1338 1123 1465 1190; x_wconf 88' lang='lat' dir='ltr'><strong>fuit,</strong></span> <span class='ocrx_word' id='word_1_65' title='bbox 1517 1131 1806 1181; x_wconf 91' lang='lat' dir='ltr'><strong>consueta</strong></span> <span class='ocrx_word' id='word_1_66' title='bbox 1836 1124 1914 1180; x_wconf 91' lang='lat' dir='ltr'><strong>ab</strong></span> <span class='ocrx_word' id='word_1_67' title='bbox 1947 1124 2234 1179; x_wconf 90' lang='lat' dir='ltr'><strong>omnibus</strong></span> <span class='ocrx_word' id='word_1_68' title='bbox 2275 1125 2435 1179; x_wconf 90' lang='lat' dir='ltr'><strong>facta</strong></span> 
     </span>
    </p>
   </div>
   <div class='ocr_carea' id='block_1_13' title="bbox 774 1212 2433 1284">
    <p class='ocr_par' dir='ltr' id='par_1_13' title="bbox 774 1212 2433 1284">
     <span class='ocr_line' id='line_1_13' title="bbox 774 1212 2433 1284; baseline 0.002 -19"><span class='ocrx_word' id='word_1_69' title='bbox 774 1215 865 1265; x_wconf 91' lang='lat' dir='ltr'><strong>est</strong></span> <span class='ocrx_word' id='word_1_70' title='bbox 895 1212 1269 1281; x_wconf 85' lang='lat' dir='ltr'><strong>acclamatio,</strong></span> <span class='ocrx_word' id='word_1_71' title='bbox 1302 1213 1535 1269; x_wconf 79' lang='lat' dir='ltr'><strong>invictas</strong></span> <span class='ocrx_word' id='word_1_72' title='bbox 1559 1214 1858 1284; x_wconf 86' lang='lat' dir='ltr'><strong>majestati</strong></span> <span class='ocrx_word' id='word_1_73' title='bbox 1892 1214 2024 1283; x_wconf 89' lang='lat' dir='ltr'><strong>ejus</strong></span> <span class='ocrx_word' id='word_1_74' title='bbox 2051 1213 2433 1268; x_wconf 86' lang='lat' dir='ltr'><strong>stabilitatem</strong></span> 
     </span>
    </p>
   </div>
   <div class='ocr_carea' id='block_1_14' title="bbox 771 1298 2433 1374">
    <p class='ocr_par' dir='ltr' id='par_1_14' title="bbox 771 1298 2433 1374">
     <span class='ocr_line' id='line_1_14' title="bbox 771 1298 2433 1374; baseline 0.002 -21"><span class='ocrx_word' id='word_1_75' title='bbox 771 1298 959 1354; x_wconf 85' lang='lat' dir='ltr'><strong>vitam</strong></span> <span class='ocrx_word' id='word_1_76' title='bbox 1016 1300 1611 1374; x_wconf 85' lang='lat' dir='ltr'><strong>incolumitatemque</strong></span> <span class='ocrx_word' id='word_1_77' title='bbox 1660 1302 1958 1358; x_wconf 89' lang='lat' dir='ltr'><strong>diutinam</strong></span> <span class='ocrx_word' id='word_1_78' title='bbox 1999 1303 2433 1373; x_wconf 88' lang='lat' dir='ltr'><strong>comprecanti-</strong></span> 
     </span>
    </p>
   </div>
   <div class='ocr_carea' id='block_1_15' title="bbox 769 1386 917 1444">
    <p class='ocr_par' dir='ltr' id='par_1_15' title="bbox 769 1386 917 1444">
     <span class='ocr_line' id='line_1_15' title="bbox 769 1386 917 1444; baseline 0.014 -2"><span class='ocrx_word' id='word_1_79' title='bbox 769 1386 888 1442; x_wconf 92' lang='lat' dir='ltr'><strong>bus</strong></span> <span class='ocrx_word' id='word_1_80' title='bbox 903 1430 917 1444; x_wconf 92' lang='lat'><em>.</em></span> 
     </span>
    </p>
   </div>
   <div class='ocr_carea' id='block_1_16' title="bbox 844 1475 2431 1549">
    <p class='ocr_par' dir='ltr' id='par_1_16' title="bbox 844 1475 2431 1549">
     <span class='ocr_line' id='line_1_16' title="bbox 844 1475 2431 1549; baseline 0.001 -17"><span class='ocrx_word' id='word_1_81' title='bbox 844 1481 897 1532; x_wconf 91' lang='lat'><strong>5.</strong></span> <span class='ocrx_word' id='word_1_82' title='bbox 937 1476 1074 1531; x_wconf 71' lang='lat' dir='ltr'><strong>Haec</strong></span> <span class='ocrx_word' id='word_1_83' title='bbox 1103 1475 1284 1545; x_wconf 78' lang='lat' dir='ltr'><strong>igitur</strong></span> <span class='ocrx_word' id='word_1_84' title='bbox 1317 1477 1400 1532; x_wconf 91' lang='lat' dir='ltr'><strong>ita</strong></span> <span class='ocrx_word' id='word_1_85' title='bbox 1426 1481 1594 1547; x_wconf 88' lang='lat' dir='ltr'><strong>gesta</strong></span> <span class='ocrx_word' id='word_1_86' title='bbox 1617 1482 1760 1532; x_wconf 89' lang='lat' dir='ltr'><strong>sunt</strong></span> <span class='ocrx_word' id='word_1_87' title='bbox 1781 1481 1960 1549; x_wconf 88' lang='lat' dir='ltr'><strong>atque</strong></span> <span class='ocrx_word' id='word_1_88' title='bbox 1982 1478 2288 1534; x_wconf 86' lang='lat' dir='ltr'><strong>absoluta.</strong></span> <span class='ocrx_word' id='word_1_89' title='bbox 2326 1481 2431 1534; x_wconf 61' lang='lat' dir='ltr'><strong>Ve»</strong></span> 
     </span>
    </p>
   </div>
   <div class='ocr_carea' id='block_1_17' title="bbox 768 1565 2430 1638">
    <p class='ocr_par' dir='ltr' id='par_1_17' title="bbox 768 1565 2430 1638">
     <span class='ocr_line' id='line_1_17' title="bbox 768 1565 2430 1638; baseline 0.002 -18"><span class='ocrx_word' id='word_1_90' title='bbox 768 1572 1116 1620; x_wconf 88' lang='lat' dir='ltr'><strong>rumtamen</strong></span> <span class='ocrx_word' id='word_1_91' title='bbox 1146 1580 1271 1620; x_wconf 93' lang='lat' dir='ltr'><strong>non</strong></span> <span class='ocrx_word' id='word_1_92' title='bbox 1297 1565 1553 1621; x_wconf 87' lang='lat' dir='ltr'><strong>cessavit</strong></span> <span class='ocrx_word' id='word_1_93' title='bbox 1581 1570 1857 1634; x_wconf 89' lang='lat' dir='ltr'><strong>tentator,</strong></span> <span class='ocrx_word' id='word_1_94' title='bbox 1887 1567 2215 1638; x_wconf 88' lang='lat' dir='ltr'><strong>quominus</strong></span> <span class='ocrx_word' id='word_1_95' title='bbox 2241 1568 2430 1623; x_wconf 79' lang='lat' dir='ltr'><strong>Eccle-</strong></span> 
     </span>
    </p>
   </div>
   <div class='ocr_carea' id='block_1_18' title="bbox 770 1653 2427 1727">
    <p class='ocr_par' dir='ltr' id='par_1_18' title="bbox 770 1653 2427 1727">
     <span class='ocr_line' id='line_1_18' title="bbox 770 1653 2427 1727; baseline 0.002 -19"><span class='ocrx_word' id='word_1_96' title='bbox 770 1654 873 1708; x_wconf 71' lang='lat' dir='ltr'><strong>siae</strong></span> <span class='ocrx_word' id='word_1_97' title='bbox 905 1653 1217 1708; x_wconf 88' lang='lat' dir='ltr'><strong>moliretur</strong></span> <span class='ocrx_word' id='word_1_98' title='bbox 1258 1654 1812 1726; x_wconf 89' lang='lat' dir='ltr'><strong>perturbationem;</strong></span> <span class='ocrx_word' id='word_1_99' title='bbox 1846 1670 2043 1727; x_wconf 90' lang='lat' dir='ltr'><strong>neque</strong></span> <span class='ocrx_word' id='word_1_100' title='bbox 2092 1673 2154 1712; x_wconf 90' lang='lat' dir='ltr'><strong>se</strong></span> <span class='ocrx_word' id='word_1_101' title='bbox 2184 1657 2427 1722; x_wconf 86' lang='lat' dir='ltr'><strong>victum,</strong></span> 
     </span>
    </p>
   </div>
   <div class='ocr_carea' id='block_1_19' title="bbox 767 1742 2423 1815">
    <p class='ocr_par' dir='ltr' id='par_1_19' title="bbox 767 1742 2423 1815">
     <span class='ocr_line' id='line_1_19' title="bbox 767 1742 2423 1815; baseline 0.002 -19"><span class='ocrx_word' id='word_1_102' title='bbox 767 1742 1050 1815; x_wconf 89' lang='lat' dir='ltr'><strong>quamvis</strong></span> <span class='ocrx_word' id='word_1_103' title='bbox 1071 1758 1177 1813; x_wconf 91' lang='lat' dir='ltr'><strong>per</strong></span> <span class='ocrx_word' id='word_1_104' title='bbox 1204 1759 1389 1814; x_wconf 90' lang='lat' dir='ltr'><strong>supra</strong></span> <span class='ocrx_word' id='word_1_105' title='bbox 1410 1743 1569 1798; x_wconf 89' lang='lat' dir='ltr'><strong>dicta</strong></span> <span class='ocrx_word' id='word_1_106' title='bbox 1594 1749 1763 1812; x_wconf 88' lang='lat' dir='ltr'><strong>gesta</strong></span> <span class='ocrx_word' id='word_1_107' title='bbox 1785 1745 2047 1815; x_wconf 81' lang='lat' dir='ltr'><strong>fugatus,</strong></span> <span class='ocrx_word' id='word_1_108' title='bbox 2071 1744 2271 1800; x_wconf 83' lang='lat' dir='ltr'><strong>fassus</strong></span> <span class='ocrx_word' id='word_1_109' title='bbox 2300 1750 2389 1800; x_wconf 91' lang='lat' dir='ltr'><strong>est</strong></span> <span class='ocrx_word' id='word_1_110' title='bbox 2412 1763 2423 1799; x_wconf 92' lang='lat'>:</span> 
     </span>
    </p>
   </div>
   <div class='ocr_carea' id='block_1_20' title="bbox 765 1831 2428 1905">
    <p class='ocr_par' dir='ltr' id='par_1_20' title="bbox 765 1831 2428 1905">
     <span class='ocr_line' id='line_1_20' title="bbox 765 1831 2428 1905; baseline 0.002 -20"><span class='ocrx_word' id='word_1_111' title='bbox 765 1847 977 1887; x_wconf 92' lang='lat' dir='ltr'><strong>verum</strong></span> <span class='ocrx_word' id='word_1_112' title='bbox 994 1831 1217 1902; x_wconf 89' lang='lat' dir='ltr'><strong>quibus</strong></span> <span class='ocrx_word' id='word_1_113' title='bbox 1230 1831 1843 1903; x_wconf 88' lang='lat' dir='ltr'><strong>actibus‘primitivam</strong></span> <span class='ocrx_word' id='word_1_114' title='bbox 1863 1835 1991 1905; x_wconf 91' lang='lat' dir='ltr'><strong>ipse</strong></span> <span class='ocrx_word' id='word_1_115' title='bbox 2011 1834 2261 1903; x_wconf 81' lang='lat' dir='ltr'><strong>gloriam</strong></span> <span class='ocrx_word' id='word_1_116' title='bbox 2281 1836 2428 1889; x_wconf 91' lang='lat' dir='ltr'><strong>ami—</strong></span> 
     </span>
    </p>
   </div>
   <div class='ocr_carea' id='block_1_21' title="bbox 767 1920 2431 1986">
    <p class='ocr_par' dir='ltr' id='par_1_21' title="bbox 767 1920 2431 1986">
     <span class='ocr_line' id='line_1_21' title="bbox 767 1920 2431 1986; baseline 0.002 -12"><span class='ocrx_word' id='word_1_117' title='bbox 767 1920 1084 1986; x_wconf 83' lang='lat' dir='ltr'><strong>sit,iisdem</strong></span> <span class='ocrx_word' id='word_1_118' title='bbox 1110 1920 1375 1976; x_wconf 77' lang='lat' dir='ltr'><strong>maxime</strong></span> <span class='ocrx_word' id='word_1_119' title='bbox 1406 1921 1698 1977; x_wconf 90' lang='lat' dir='ltr'><strong>adversus</strong></span> <span class='ocrx_word' id='word_1_120' title='bbox 1729 1921 2006 1978; x_wconf 87' lang='lat' dir='ltr'><strong>homines</strong></span> <span class='ocrx_word' id='word_1_121' title='bbox 2037 1929 2261 1979; x_wconf 89' lang='lat' dir='ltr'><strong>struere</strong></span> <span class='ocrx_word' id='word_1_122' title='bbox 2284 1925 2431 1979; x_wconf 87' lang='lat' dir='ltr'><strong>solet</strong></span> 
     </span>
    </p>
   </div>
   <div class='ocr_carea' id='block_1_22' title="bbox 763 2007 2431 2082">
    <p class='ocr_par' dir='ltr' id='par_1_22' title="bbox 763 2007 2431 2082">
     <span class='ocr_line' id='line_1_22' title="bbox 763 2007 2431 2082; baseline 0.002 -19"><span class='ocrx_word' id='word_1_123' title='bbox 763 2008 1062 2064; x_wconf 77' lang='lat' dir='ltr'><strong>insidias:</strong></span> <span class='ocrx_word' id='word_1_124' title='bbox 1107 2007 1260 2064; x_wconf 70' lang='lat' dir='ltr'><strong>laeva</strong></span> <span class='ocrx_word' id='word_1_125' title='bbox 1312 2008 1559 2080; x_wconf 91' lang='lat' dir='ltr'><strong>quidem</strong></span> <span class='ocrx_word' id='word_1_126' title='bbox 1619 2025 1856 2081; x_wconf 89' lang='lat' dir='ltr'><strong>semper</strong></span> <span class='ocrx_word' id='word_1_127' title='bbox 1913 2016 2080 2082; x_wconf 88' lang='lat' dir='ltr'><strong>parte</strong></span> <span class='ocrx_word' id='word_1_128' title='bbox 2138 2011 2431 2067; x_wconf 89' lang='lat' dir='ltr'><strong>hostiliter</strong></span> 
     </span>
    </p>
   </div>
   <div class='ocr_carea' id='block_1_23' title="bbox 764 2097 2429 2168">
    <p class='ocr_par' dir='ltr' id='par_1_23' title="bbox 764 2097 2429 2168">
     <span class='ocr_line' id='line_1_23' title="bbox 764 2097 2429 2168; baseline 0.003 -17"><span class='ocrx_word' id='word_1_129' title='bbox 764 2097 1166 2168; x_wconf 89' lang='lat' dir='ltr'><strong>aggrediens;</strong></span> <span class='ocrx_word' id='word_1_130' title='bbox 1195 2097 1455 2154; x_wconf 66' lang='lat' dir='ltr'><strong>dextera:</strong></span> <span class='ocrx_word' id='word_1_131' title='bbox 1482 2103 1685 2154; x_wconf 90' lang='lat' dir='ltr'><strong>autem</strong></span> <span class='ocrx_word' id='word_1_132' title='bbox 1726 2099 2111 2156; x_wconf 88' lang='lat' dir='ltr'><strong>simulatione</strong></span> <span class='ocrx_word' id='word_1_133' title='bbox 2151 2101 2429 2156; x_wconf 85' lang='lat' dir='ltr'><strong>fraudem</strong></span> 
     </span>
    </p>
   </div>
   <div class='ocr_carea' id='block_1_24' title="bbox 761 2187 2430 2258">
    <p class='ocr_par' dir='ltr' id='par_1_24' title="bbox 761 2187 2430 2258">
     <span class='ocr_line' id='line_1_24' title="bbox 761 2187 2430 2258; baseline 0.001 -16"><span class='ocrx_word' id='word_1_134' title='bbox 761 2187 1072 2258; x_wconf 83' lang='lat' dir='ltr'><strong>obtegens,</strong></span> <span class='ocrx_word' id='word_1_135' title='bbox 1097 2203 1236 2244; x_wconf 91' lang='lat' dir='ltr'><strong>esca</strong></span> <span class='ocrx_word' id='word_1_136' title='bbox 1268 2187 1512 2244; x_wconf 88' lang='lat' dir='ltr'><strong>scillicet</strong></span> <span class='ocrx_word' id='word_1_137' title='bbox 1539 2188 1814 2255; x_wconf 86' lang='lat' dir='ltr'><strong>hamum,</strong></span> <span class='ocrx_word' id='word_1_138' title='bbox 1850 2189 2188 2246; x_wconf 85' lang='lat' dir='ltr'><strong>mortiferas</strong></span> <span class='ocrx_word' id='word_1_139' title='bbox 2209 2190 2430 2247; x_wconf 90' lang='lat' dir='ltr'><strong>herbas</strong></span> 
     </span>
    </p>
   </div>
   <div class='ocr_carea' id='block_1_25' title="bbox 761 2275 2429 2348">
    <p class='ocr_par' dir='ltr' id='par_1_25' title="bbox 761 2275 2429 2348">
     <span class='ocr_line' id='line_1_25' title="bbox 761 2275 2429 2348; baseline 0.002 -16"><span class='ocrx_word' id='word_1_140' title='bbox 761 2275 954 2332; x_wconf 88' lang='lat' dir='ltr'><strong>mellis</strong></span> <span class='ocrx_word' id='word_1_141' title='bbox 1000 2277 1414 2348; x_wconf 89' lang='lat' dir='ltr'><strong>perunctione.</strong></span> <span class='ocrx_word' id='word_1_142' title='bbox 1457 2276 1549 2332; x_wconf 90' lang='lat' dir='ltr'><strong>Sic</strong></span> <span class='ocrx_word' id='word_1_143' title='bbox 1607 2293 1750 2347; x_wconf 91' lang='lat' dir='ltr'><strong>ergo</strong></span> <span class='ocrx_word' id='word_1_144' title='bbox 1807 2279 1914 2333; x_wconf 91' lang='lat' dir='ltr'><strong>iste</strong></span> <span class='ocrx_word' id='word_1_145' title='bbox 1946 2279 2429 2335; x_wconf 89' lang='lat' dir='ltr'><strong>sacratissimum</strong></span> 
     </span>
    </p>
   </div>
   <div class='ocr_carea' id='block_1_26' title="bbox 759 2366 2428 2440">
    <p class='ocr_par' dir='ltr' id='par_1_26' title="bbox 759 2366 2428 2440">
     <span class='ocr_line' id='line_1_26' title="bbox 759 2366 2428 2440; baseline 0.002 -19"><span class='ocrx_word' id='word_1_146' title='bbox 759 2382 1007 2438; x_wconf 86' lang='lat' dir='ltr'><strong>quoque</strong></span> <span class='ocrx_word' id='word_1_147' title='bbox 1027 2366 1235 2422; x_wconf 57' lang='lat' dir='ltr'><strong>Nicaea</strong></span> <span class='ocrx_word' id='word_1_148' title='bbox 1264 2366 1710 2437; x_wconf 89' lang='lat' dir='ltr'><strong>metropolitam</strong></span> <span class='ocrx_word' id='word_1_149' title='bbox 1743 2383 1960 2438; x_wconf 91' lang='lat' dir='ltr'><strong>parum</strong></span> <span class='ocrx_word' id='word_1_150' title='bbox 1984 2368 2178 2424; x_wconf 83' lang='lat' dir='ltr'><strong>abfuit</strong></span> <span class='ocrx_word' id='word_1_151' title='bbox 2201 2371 2346 2440; x_wconf 90' lang='lat' dir='ltr'><strong>quin</strong></span> <span class='ocrx_word' id='word_1_152' title='bbox 2370 2370 2428 2425; x_wconf 91' lang='lat' dir='ltr'><strong>in</strong></span> 
     </span>
    </p>
   </div>
   <div class='ocr_carea' id='block_1_27' title="bbox 760 2454 2429 2529">
    <p class='ocr_par' dir='ltr' id='par_1_27' title="bbox 760 2454 2429 2529">
     <span class='ocr_line' id='line_1_27' title="bbox 760 2454 2429 2529; baseline 0.002 -20"><span class='ocrx_word' id='word_1_153' title='bbox 760 2454 937 2511; x_wconf 83' lang='lat' dir='ltr'><strong>fatale</strong></span> <span class='ocrx_word' id='word_1_154' title='bbox 968 2455 1287 2527; x_wconf 89' lang='lat' dir='ltr'><strong>projiceret</strong></span> <span class='ocrx_word' id='word_1_155' title='bbox 1325 2455 1682 2526; x_wconf 90' lang='lat' dir='ltr'><strong>periculum,</strong></span> <span class='ocrx_word' id='word_1_156' title='bbox 1711 2457 1794 2512; x_wconf 89' lang='lat' dir='ltr'><strong>ita</strong></span> <span class='ocrx_word' id='word_1_157' title='bbox 1824 2461 1888 2512; x_wconf 90' lang='lat' dir='ltr'><strong>ut</strong></span> <span class='ocrx_word' id='word_1_158' title='bbox 1924 2473 2001 2512; x_wconf 91' lang='lat' dir='ltr'><strong>ne</strong></span> <span class='ocrx_word' id='word_1_159' title='bbox 2029 2472 2264 2512; x_wconf 82' lang='lat' dir='ltr'><strong>sacram</strong></span> <span class='ocrx_word' id='word_1_160' title='bbox 2297 2458 2429 2529; x_wconf 84' lang='lat' dir='ltr'><strong>qui-</strong></span> 
     </span>
    </p>
   </div>
   <div class='ocr_carea' id='block_1_28' title="bbox 759 2543 2426 2633">
    <p class='ocr_par' dir='ltr' id='par_1_28' title="bbox 759 2543 2426 2633">
     <span class='ocr_line' id='line_1_28' title="bbox 759 2543 2426 2633; baseline 0.002 -34"><span class='ocrx_word' id='word_1_161' title='bbox 759 2543 899 2599; x_wconf 88' lang='lat' dir='ltr'><strong>dem</strong></span> <span class='ocrx_word' id='word_1_162' title='bbox 924 2557 1255 2615; x_wconf 90' lang='lat' dir='ltr'><strong>personam</strong></span> <span class='ocrx_word' id='word_1_163' title='bbox 1286 2545 1680 2601; x_wconf 91' lang='lat' dir='ltr'><strong>stationemve</strong></span> <span class='ocrx_word' id='word_1_164' title='bbox 1711 2545 1851 2601; x_wconf 90' lang='lat' dir='ltr'><strong>huic</strong></span> <span class='ocrx_word' id='word_1_165' title='bbox 1872 2545 2166 2618; x_wconf 85' lang='lat' dir='ltr'><strong>reliquam</strong></span> <span class='ocrx_word' id='word_1_166' title='bbox 2189 2547 2426 2633; x_wconf 57' lang='lat' dir='ltr'><strong>faceret,</strong></span> 
     </span>
    </p>
   </div>
   <div class='ocr_carea' id='block_1_29' title="bbox 759 2633 2426 2706">
    <p class='ocr_par' dir='ltr' id='par_1_29' title="bbox 759 2633 2426 2706">
     <span class='ocr_line' id='line_1_29' title="bbox 759 2633 2426 2706; baseline 0.002 -19"><span class='ocrx_word' id='word_1_167' title='bbox 759 2633 1082 2705; x_wconf 87' lang='lat' dir='ltr'><strong>profundis</strong></span> <span class='ocrx_word' id='word_1_168' title='bbox 1113 2633 1288 2704; x_wconf 90' lang='lat' dir='ltr'><strong>aquis</strong></span> <span class='ocrx_word' id='word_1_169' title='bbox 1310 2649 1536 2697; x_wconf 88' lang='lat' dir='ltr'><strong>merso,</strong></span> <span class='ocrx_word' id='word_1_170' title='bbox 1564 2634 1726 2690; x_wconf 89' lang='lat' dir='ltr'><strong>unde</strong></span> <span class='ocrx_word' id='word_1_171' title='bbox 1757 2651 2003 2706; x_wconf 89' lang='lat' dir='ltr'><strong>prorsus</strong></span> <span class='ocrx_word' id='word_1_172' title='bbox 2032 2640 2274 2691; x_wconf 88' lang='lat' dir='ltr'><strong>enatare</strong></span> <span class='ocrx_word' id='word_1_173' title='bbox 2305 2652 2426 2692; x_wconf 92' lang='lat' dir='ltr'><strong>non</strong></span> 
     </span>
    </p>
   </div>
   <div class='ocr_carea' id='block_1_30' title="bbox 757 2722 2428 2796">
    <p class='ocr_par' dir='ltr' id='par_1_30' title="bbox 757 2722 2428 2796">
     <span class='ocr_line' id='line_1_30' title="bbox 757 2722 2428 2796; baseline 0.003 -20"><span class='ocrx_word' id='word_1_174' title='bbox 757 2726 988 2794; x_wconf 89' lang='lat' dir='ltr'><strong>posset.</strong></span> <span class='ocrx_word' id='word_1_175' title='bbox 1017 2722 1074 2776; x_wconf 89' lang='lat' dir='ltr'><strong>Is</strong></span> <span class='ocrx_word' id='word_1_176' title='bbox 1106 2723 1266 2778; x_wconf 91' lang='lat' dir='ltr'><strong>enim</strong></span> <span class='ocrx_word' id='word_1_177' title='bbox 1297 2722 1629 2792; x_wconf 86' lang='lat' dir='ltr'><strong>gloriosum</strong></span> <span class='ocrx_word' id='word_1_178' title='bbox 1663 2724 1780 2780; x_wconf 86' lang='lat' dir='ltr'><strong>sibi</strong></span> <span class='ocrx_word' id='word_1_179' title='bbox 1805 2724 2169 2780; x_wconf 78' lang='lat' dir='ltr'><strong>existimavit</strong></span> <span class='ocrx_word' id='word_1_180' title='bbox 2199 2726 2248 2780; x_wconf 87' lang='lat' dir='ltr'><strong>si</strong></span> <span class='ocrx_word' id='word_1_181' title='bbox 2280 2741 2428 2796; x_wconf 68' lang='lat' dir='ltr'><strong>pra:-</strong></span> 
     </span>
    </p>
   </div>
   <div class='ocr_carea' id='block_1_31' title="bbox 759 2809 2428 2884">
    <p class='ocr_par' dir='ltr' id='par_1_31' title="bbox 759 2809 2428 2884">
     <span class='ocr_line' id='line_1_31' title="bbox 759 2809 2428 2884; baseline 0.002 -18"><span class='ocrx_word' id='word_1_182' title='bbox 759 2809 944 2867; x_wconf 82' lang='lat' dir='ltr'><strong>fracte</strong></span> <span class='ocrx_word' id='word_1_183' title='bbox 973 2811 1032 2866; x_wconf 92' lang='lat' dir='ltr'><strong>in</strong></span> <span class='ocrx_word' id='word_1_184' title='bbox 1081 2811 1298 2866; x_wconf 89' lang='lat' dir='ltr'><strong>divinis</strong></span> <span class='ocrx_word' id='word_1_185' title='bbox 1326 2811 1508 2867; x_wconf 90' lang='lat' dir='ltr'><strong>rebus</strong></span> <span class='ocrx_word' id='word_1_186' title='bbox 1543 2813 1842 2868; x_wconf 89' lang='lat' dir='ltr'><strong>resisteret</strong></span> <span class='ocrx_word' id='word_1_187' title='bbox 1869 2832 1881 2879; x_wconf 90' lang='lat'><strong>;</strong></span> <span class='ocrx_word' id='word_1_188' title='bbox 1907 2814 2195 2884; x_wconf 88' lang='lat' dir='ltr'><strong>ignorans</strong></span> <span class='ocrx_word' id='word_1_189' title='bbox 2227 2815 2428 2870; x_wconf 91' lang='lat' dir='ltr'><strong>videli-</strong></span> 
     </span>
    </p>
   </div>
   <div class='ocr_carea' id='block_1_32' title="bbox 757 2899 2428 2971">
    <p class='ocr_par' dir='ltr' id='par_1_32' title="bbox 757 2899 2428 2971">
     <span class='ocr_line' id='line_1_32' title="bbox 757 2899 2428 2971; baseline 0.002 -16"><span class='ocrx_word' id='word_1_190' title='bbox 757 2905 851 2955; x_wconf 91' lang='lat' dir='ltr'><strong>cet</strong></span> <span class='ocrx_word' id='word_1_191' title='bbox 875 2899 1090 2966; x_wconf 90' lang='lat' dir='ltr'><strong>zelum,</strong></span> <span class='ocrx_word' id='word_1_192' title='bbox 1115 2900 1222 2971; x_wconf 90' lang='lat' dir='ltr'><strong>qui</strong></span> <span class='ocrx_word' id='word_1_193' title='bbox 1248 2901 1580 2955; x_wconf 91' lang='lat' dir='ltr'><strong>secundum</strong></span> <span class='ocrx_word' id='word_1_194' title='bbox 1617 2901 1928 2957; x_wconf 86' lang='lat' dir='ltr'><strong>scientiam</strong></span> <span class='ocrx_word' id='word_1_195' title='bbox 1958 2918 2077 2957; x_wconf 89' lang='lat' dir='ltr'><strong>non</strong></span> <span class='ocrx_word' id='word_1_196' title='bbox 2099 2904 2428 2968; x_wconf 88' lang='lat' dir='ltr'><strong>est,divina</strong></span> 
     </span>
    </p>
   </div>
   <div class='ocr_carea' id='block_1_33' title="bbox 760 2989 2428 3062">
    <p class='ocr_par' dir='ltr' id='par_1_33' title="bbox 760 2989 2428 3062">
     <span class='ocr_line' id='line_1_33' title="bbox 760 2989 2428 3062; baseline 0.002 -18"><span class='ocrx_word' id='word_1_197' title='bbox 760 2989 1066 3060; x_wconf 88' lang='lat' dir='ltr'><strong>Scriptura</strong></span> <span class='ocrx_word' id='word_1_198' title='bbox 1088 2994 1254 3049; x_wconf 86' lang='lat' dir='ltr'><strong>teste,</strong></span> <span class='ocrx_word' id='word_1_199' title='bbox 1270 2989 1349 3044; x_wconf 89' lang='lat' dir='ltr'><strong>ab</strong></span> <span class='ocrx_word' id='word_1_200' title='bbox 1374 2989 1634 3046; x_wconf 88' lang='lat' dir='ltr'><strong>Ecclesia</strong></span> <span class='ocrx_word' id='word_1_201' title='bbox 1657 3007 1790 3045; x_wconf 89' lang='lat' dir='ltr'><strong>esse</strong></span> <span class='ocrx_word' id='word_1_202' title='bbox 1814 2993 2428 3062; x_wconf 85' lang='lat' dir='ltr'><strong>respuendum.0uod</strong></span> 
     </span>
    </p>
   </div>
   <div class='ocr_carea' id='block_1_34' title="bbox 757 3077 2428 3152">
    <p class='ocr_par' dir='ltr' id='par_1_34' title="bbox 757 3077 2428 3152">
     <span class='ocr_line' id='line_1_34' title="bbox 757 3077 2428 3152; baseline 0.002 -20"><span class='ocrx_word' id='word_1_203' title='bbox 757 3082 963 3132; x_wconf 86' lang='lat' dir='ltr'><strong>autem</strong></span> <span class='ocrx_word' id='word_1_204' title='bbox 993 3077 1123 3133; x_wconf 62' lang='lat' dir='ltr'><strong>haec</strong></span> <span class='ocrx_word' id='word_1_205' title='bbox 1153 3078 1240 3133; x_wconf 88' lang='lat' dir='ltr'><strong>ita</strong></span> <span class='ocrx_word' id='word_1_206' title='bbox 1268 3093 1329 3133; x_wconf 91' lang='lat' dir='ltr'><strong>se</strong></span> <span class='ocrx_word' id='word_1_207' title='bbox 1360 3078 1646 3148; x_wconf 89' lang='lat' dir='ltr'><strong>habeant,</strong></span> <span class='ocrx_word' id='word_1_208' title='bbox 1672 3080 1978 3135; x_wconf 90' lang='lat' dir='ltr'><strong>decretum</strong></span> <span class='ocrx_word' id='word_1_209' title='bbox 2013 3082 2227 3152; x_wconf 87' lang='lat' dir='ltr'><strong>synodi</strong></span> <span class='ocrx_word' id='word_1_210' title='bbox 2250 3085 2428 3151; x_wconf 88' lang='lat' dir='ltr'><strong>jussu</strong></span> 
     </span>
    </p>
   </div>
   <div class='ocr_carea' id='block_1_35' title="bbox 756 3167 2257 3242">
    <p class='ocr_par' dir='ltr' id='par_1_35' title="bbox 756 3167 2257 3242">
     <span class='ocr_line' id='line_1_35' title="bbox 756 3167 2257 3242; baseline 0.003 -18"><span class='ocrx_word' id='word_1_211' title='bbox 756 3167 1067 3226; x_wconf 88' lang='lat' dir='ltr'><strong>conditum</strong></span> <span class='ocrx_word' id='word_1_212' title='bbox 1093 3167 1299 3240; x_wconf 88' lang='lat' dir='ltr'><strong>palam</strong></span> <span class='ocrx_word' id='word_1_213' title='bbox 1330 3168 1527 3238; x_wconf 81' lang='lat' dir='ltr'><strong>faciet,</strong></span> <span class='ocrx_word' id='word_1_214' title='bbox 1560 3170 1725 3242; x_wconf 90' lang='lat' dir='ltr'><strong>quod</strong></span> <span class='ocrx_word' id='word_1_215' title='bbox 1758 3176 1848 3226; x_wconf 91' lang='lat' dir='ltr'><strong>est</strong></span> <span class='ocrx_word' id='word_1_216' title='bbox 1883 3170 2257 3241; x_wconf 90' lang='lat' dir='ltr'><strong>hujusmodi.</strong></span> 
     </span>
    </p>
   </div>
   <div class='ocr_carea' id='block_1_36' title="bbox 1313 3455 1870 3511">
    <p class='ocr_par' dir='ltr' id='par_1_36' title="bbox 1313 3455 1870 3511">
     <span class='ocr_line' id='line_1_36' title="bbox 1313 3455 1870 3511; baseline 0 -2"><span class='ocrx_word' id='word_1_217' title='bbox 1313 3455 1517 3510; x_wconf 80' lang='lat' dir='ltr'><strong>ACTIO</strong></span> <span class='ocrx_word' id='word_1_218' title='bbox 1569 3456 1844 3511; x_wconf 78' lang='lat' dir='ltr'><strong>OCTAVA</strong></span> <span class='ocrx_word' id='word_1_219' title='bbox 1857 3497 1870 3509; x_wconf 91' lang='lat'><strong><em>.</em></strong></span> 
     </span>
    </p>
   </div>
   <div class='ocr_carea' id='block_1_37' title="bbox 756 3541 2430 3670">
    <p class='ocr_par' dir='ltr' id='par_1_37' title="bbox 756 3541 2430 3670">
     <span class='ocr_line' id='line_1_37' title="bbox 756 3541 2430 3670; baseline 0.003 -73"><span class='ocrx_word' id='word_1_220' title='bbox 756 3541 977 3598; x_wconf 80' lang='lat' dir='ltr'><strong>Mensis</strong></span> <span class='ocrx_word' id='word_1_221' title='bbox 1003 3543 1157 3598; x_wconf 78' lang='lat' dir='ltr'><strong>Maii</strong></span> <span class='ocrx_word' id='word_1_222' title='bbox 1183 3543 1280 3598; x_wconf 78' lang='lat' dir='ltr'><strong>die</strong></span> <span class='ocrx_word' id='word_1_223' title='bbox 1314 3550 1502 3669; x_wconf 44' lang='lat' dir='ltr'><strong>sexti,</strong></span> <span class='ocrx_word' id='word_1_224' title='bbox 1530 3545 1880 3670; x_wconf 62' lang='lat' dir='ltr'><strong>indiftionis</strong></span> <span class='ocrx_word' id='word_1_225' title='bbox 1909 3544 2150 3600; x_wconf 71' lang='lat' dir='ltr'><strong>decimae</strong></span> <span class='ocrx_word' id='word_1_226' title='bbox 2193 3553 2430 3617; x_wconf 72' lang='lat' dir='ltr'><strong>quarta:</strong></span> 
     </span>
     <span class='ocr_line' id='line_1_38' title="bbox 1476 3631 1750 3670; baseline 0 0"><span class='ocrx_word' id='word_1_227' title='bbox 1476 3631 1528 3670; x_wconf 77' lang='grc' dir='ltr'><strong>ιε</strong></span> <span class='ocrx_word' id='word_1_228' title='bbox 1555 3631 1660 3670; x_wconf 72' lang='lat' dir='ltr'><strong>sex</strong></span> <span class='ocrx_word' id='word_1_229' title='bbox 1691 3631 1750 3670; x_wconf 90' lang='lat' dir='ltr'><strong>a.</strong></span> 
     </span>
    </p>
   </div>
   <div class='ocr_carea' id='block_1_38' title="bbox 1476 3631 1750 3672">
    <p class='ocr_par' dir='ltr' id='par_1_38' title="bbox 1476 3631 1750 3672">
     <span class='ocr_line' id='line_1_39' title="bbox 1476 3631 1750 3672; baseline 0.007 -2"><span class='ocrx_word' id='word_1_230' title='bbox 1476 3631 1528 3671; x_wconf 79' lang='lat' dir='ltr'><strong>le</strong></span> <span class='ocrx_word' id='word_1_231' title='bbox 1555 3631 1750 3672; x_wconf 72' lang='lat' dir='ltr'><strong>sexta.</strong></span> 
     </span>
    </p>
   </div>
   <div class='ocr_carea' id='block_1_39' title="bbox 832 3721 2429 3780">
    <p class='ocr_par' dir='ltr' id='par_1_39' title="bbox 832 3721 2429 3780">
     <span class='ocr_line' id='line_1_40' title="bbox 832 3721 2429 3780; baseline 0.003 -5"><span class='ocrx_word' id='word_1_232' title='bbox 832 3727 887 3776; x_wconf 85' lang='grc'><strong>1.</strong></span> <span class='ocrx_word' id='word_1_233' title='bbox 921 3721 1283 3777; x_wconf 72' lang='grc' dir='ltr'><strong>Ρτεεεὶᾰθηῐθ</strong></span> <span class='ocrx_word' id='word_1_234' title='bbox 1312 3724 1470 3778; x_wconf 88' lang='lat' dir='ltr'><strong>Luca</strong></span> <span class='ocrx_word' id='word_1_235' title='bbox 1513 3723 1895 3778; x_wconf 90' lang='lat' dir='ltr'><strong>sanctissimo</strong></span> <span class='ocrx_word' id='word_1_236' title='bbox 1939 3729 2147 3779; x_wconf 91' lang='lat' dir='ltr'><strong>nostro</strong></span> <span class='ocrx_word' id='word_1_237' title='bbox 2178 3725 2429 3780; x_wconf 93' lang='lat' dir='ltr'><strong>domino</strong></span> 
     </span>
    </p>
   </div>
   <div class='ocr_carea' id='block_1_40' title="bbox 757 3811 2430 3882">
    <p class='ocr_par' dir='ltr' id='par_1_40' title="bbox 757 3811 2430 3882">
     <span class='ocr_line' id='line_1_41' title="bbox 757 3811 2430 3882; baseline 0.002 -17"><span class='ocrx_word' id='word_1_238' title='bbox 757 3816 814 3866; x_wconf 91' lang='lat' dir='ltr'><strong>et</strong></span> <span class='ocrx_word' id='word_1_239' title='bbox 837 3811 1212 3866; x_wconf 70' lang='lat' dir='ltr'><strong>mcumenico</strong></span> <span class='ocrx_word' id='word_1_240' title='bbox 1243 3812 1594 3882; x_wconf 87' lang='lat' dir='ltr'><strong>patriarcha</strong></span> <span class='ocrx_word' id='word_1_241' title='bbox 1639 3812 1699 3866; x_wconf 92' lang='lat' dir='ltr'><strong>in</strong></span> <span class='ocrx_word' id='word_1_242' title='bbox 1739 3812 1986 3867; x_wconf 83' lang='lat' dir='ltr'><strong>dextero</strong></span> <span class='ocrx_word' id='word_1_243' title='bbox 2019 3813 2298 3869; x_wconf 87' lang='lat' dir='ltr'><strong>alexiano</strong></span> <span class='ocrx_word' id='word_1_244' title='bbox 2338 3831 2430 3870; x_wconf 91' lang='lat' dir='ltr'><strong>ca-</strong></span> 
     </span>
    </p>
   </div>
   <div class='ocr_carea' id='block_1_41' title="bbox 756 3900 2430 3974">
    <p class='ocr_par' dir='ltr' id='par_1_41' title="bbox 756 3900 2430 3974">
     <span class='ocr_line' id='line_1_42' title="bbox 756 3900 2430 3974; baseline 0.002 -19"><span class='ocrx_word' id='word_1_245' title='bbox 756 3901 1190 3964; x_wconf 90' lang='lat' dir='ltr'><strong>techumeneo;</strong></span> <span class='ocrx_word' id='word_1_246' title='bbox 1243 3900 1648 3957; x_wconf 87' lang='lat' dir='ltr'><strong>assidentibus</strong></span> <span class='ocrx_word' id='word_1_247' title='bbox 1703 3918 1942 3971; x_wconf 66' lang='lat' dir='ltr'><strong>magna:</strong></span> <span class='ocrx_word' id='word_1_248' title='bbox 1975 3905 2272 3958; x_wconf 86' lang='lat' dir='ltr'><strong>sanctitati</strong></span> <span class='ocrx_word' id='word_1_249' title='bbox 2302 3906 2430 3974; x_wconf 87' lang='lat' dir='ltr'><strong>ejus</strong></span> 
     </span>
    </p>
   </div>
   <div class='ocr_carea' id='block_1_42' title="bbox 756 3990 2428 4062">
    <p class='ocr_par' dir='ltr' id='par_1_42' title="bbox 756 3990 2428 4062">
     <span class='ocr_line' id='line_1_43' title="bbox 756 3990 2428 4062; baseline 0.003 -19"><span class='ocrx_word' id='word_1_250' title='bbox 756 3990 1178 4046; x_wconf 84' lang='lat' dir='ltr'><strong>sacratissimis</strong></span> <span class='ocrx_word' id='word_1_251' title='bbox 1239 3990 1540 4062; x_wconf 89' lang='lat' dir='ltr'><strong>episcopis</strong></span> <span class='ocrx_word' id='word_1_252' title='bbox 1600 3992 1974 4052; x_wconf 66' lang='lat' dir='ltr'><strong>Caesariensi.</strong></span> <span class='ocrx_word' id='word_1_253' title='bbox 2045 3993 2428 4058; x_wconf 82' lang='lat' dir='ltr'><strong>Heracliensi,</strong></span> 
     </span>
    </p>
   </div>
   <div class='ocr_carea' id='block_1_43' title="bbox 761 4079 2430 4153">
    <p class='ocr_par' dir='ltr' id='par_1_43' title="bbox 761 4079 2430 4153">
     <span class='ocr_line' id='line_1_44' title="bbox 761 4079 2430 4153; baseline 0.002 -20"><span class='ocrx_word' id='word_1_254' title='bbox 761 4079 1070 4151; x_wconf 81' lang='lat' dir='ltr'><strong>Cyziceno,</strong></span> <span class='ocrx_word' id='word_1_255' title='bbox 1127 4079 1586 4148; x_wconf 84' lang='lat' dir='ltr'><strong>Nicomediensi,</strong></span> <span class='ocrx_word' id='word_1_256' title='bbox 1643 4081 2029 4150; x_wconf 82' lang='lat' dir='ltr'><strong>Melitenensi,</strong></span> <span class='ocrx_word' id='word_1_257' title='bbox 2081 4085 2430 4153; x_wconf 86' lang='lat' dir='ltr'><strong>Gangrensi,</strong></span> 
     </span>
    </p>
   </div>
   <div class='ocr_carea' id='block_1_44' title="bbox 759 4168 2429 4243">
    <p class='ocr_par' dir='ltr' id='par_1_44' title="bbox 759 4168 2429 4243">
     <span class='ocr_line' id='line_1_45' title="bbox 759 4168 2429 4243; baseline 0.001 -20"><span class='ocrx_word' id='word_1_258' title='bbox 759 4168 952 4233; x_wconf 87' lang='lat' dir='ltr'><strong>Cario,</strong></span> <span class='ocrx_word' id='word_1_259' title='bbox 1012 4168 1330 4233; x_wconf 88' lang='lat' dir='ltr'><strong>Mocesino,</strong></span> <span class='ocrx_word' id='word_1_260' title='bbox 1402 4171 1686 4230; x_wconf 85' lang='lat' dir='ltr'><strong>Cretensi,</strong></span> <span class='ocrx_word' id='word_1_261' title='bbox 1746 4171 2160 4240; x_wconf 84' lang='lat' dir='ltr'><strong>Trapezuntio,</strong></span> <span class='ocrx_word' id='word_1_262' title='bbox 2214 4171 2429 4243; x_wconf 89' lang='lat' dir='ltr'><strong>Philip-</strong></span> 
     </span>
    </p>
   </div>
   <div class='ocr_carea' id='block_1_45' title="bbox 749 4256 2430 4329">
    <p class='ocr_par' dir='ltr' id='par_1_45' title="bbox 749 4256 2430 4329">
     <span class='ocr_line' id='line_1_46' title="bbox 749 4256 2430 4329; baseline 0.004 -20"><span class='ocrx_word' id='word_1_263' title='bbox 749 4256 941 4327; x_wconf 79' lang='lat' dir='ltr'><strong>pensi,</strong></span> <span class='ocrx_word' id='word_1_264' title='bbox 974 4256 1796 4329; x_wconf 78' lang='lat' dir='ltr'><strong>Mitylenensi,Neopatrensi.</strong></span> <span class='ocrx_word' id='word_1_265' title='bbox 1831 4259 2228 4325; x_wconf 89' lang='lat' dir='ltr'><strong>Euchaitensi,</strong></span> <span class='ocrx_word' id='word_1_266' title='bbox 2256 4267 2430 4315; x_wconf 78' lang='lat' dir='ltr'><strong>Ama-</strong></span> 
     </span>
    </p>
   </div>
   <div class='ocr_carea' id='block_1_46' title="bbox 751 4345 2425 4419">
    <p class='ocr_par' dir='ltr' id='par_1_46' title="bbox 751 4345 2425 4419">
     <span class='ocr_line' id='line_1_47' title="bbox 751 4345 2425 4419; baseline 0.003 -20"><span class='ocrx_word' id='word_1_267' title='bbox 751 4345 1054 4408; x_wconf 90' lang='lat' dir='ltr'><strong>stridensi.</strong></span> <span class='ocrx_word' id='word_1_268' title='bbox 1106 4347 1393 4412; x_wconf 89' lang='lat' dir='ltr'><strong>Serrensi,</strong></span> <span class='ocrx_word' id='word_1_269' title='bbox 1423 4348 1731 4413; x_wconf 87' lang='lat' dir='ltr'><strong>Thebano,</strong></span> <span class='ocrx_word' id='word_1_270' title='bbox 1774 4347 2034 4417; x_wconf 66' lang='lat' dir='ltr'><strong>IEnensi,</strong></span> <span class='ocrx_word' id='word_1_271' title='bbox 2089 4354 2425 4419; x_wconf 77' lang='lat' dir='ltr'><strong>Apameen-</strong></span> 
     </span>
    </p>
   </div>
   <div class='ocr_carea' id='block_1_47' title="bbox 750 4433 2427 4510">
    <p class='ocr_par' dir='ltr' id='par_1_47' title="bbox 750 4433 2427 4510">
     <span class='ocr_line' id='line_1_48' title="bbox 750 4433 2427 4510; baseline 0.004 -22"><span class='ocrx_word' id='word_1_272' title='bbox 750 4433 819 4503; x_wconf 88' lang='lat' dir='ltr'><strong>si,</strong></span> <span class='ocrx_word' id='word_1_273' title='bbox 843 4434 1164 4505; x_wconf 85' lang='lat' dir='ltr'><strong>Abydeno.</strong></span> <span class='ocrx_word' id='word_1_274' title='bbox 1193 4434 1668 4505; x_wconf 73' lang='lat' dir='ltr'><strong>Lacedaemonio,</strong></span> <span class='ocrx_word' id='word_1_275' title='bbox 1685 4437 2044 4504; x_wconf 78' lang='lat' dir='ltr'><strong>Pnronaxio,</strong></span> <span class='ocrx_word' id='word_1_276' title='bbox 2063 4438 2427 4510; x_wconf 76' lang='lat' dir='ltr'><strong>Arcadiopo-</strong></span> 
     </span>
    </p>
   </div>
   <div class='ocr_carea' id='block_1_48' title="bbox 746 4523 2426 4596">
    <p class='ocr_par' dir='ltr' id='par_1_48' title="bbox 746 4523 2426 4596">
     <span class='ocr_line' id='line_1_49' title="bbox 746 4523 2426 4596; baseline 0.002 -18"><span class='ocrx_word' id='word_1_277' title='bbox 746 4523 954 4588; x_wconf 90' lang='lat' dir='ltr'><strong>litano,</strong></span> <span class='ocrx_word' id='word_1_278' title='bbox 990 4525 1180 4592; x_wconf 88' lang='lat' dir='ltr'><strong>Pario,</strong></span> <span class='ocrx_word' id='word_1_279' title='bbox 1233 4523 1615 4596; x_wconf 85' lang='lat' dir='ltr'><strong>Selybriensi,</strong></span> <span class='ocrx_word' id='word_1_280' title='bbox 1668 4525 1927 4592; x_wconf 87' lang='lat' dir='ltr'><strong>Nicensi,</strong></span> <span class='ocrx_word' id='word_1_281' title='bbox 1964 4527 2260 4596; x_wconf 80' lang='lat' dir='ltr'><strong>Brysensi,</strong></span> <span class='ocrx_word' id='word_1_282' title='bbox 2295 4529 2426 4582; x_wconf 87' lang='lat' dir='ltr'><strong>Der-</strong></span> 
     </span>
    </p>
   </div>
   <div class='ocr_carea' id='block_1_49' title="bbox 2458 1835 3060 1906">
    <p class='ocr_par' dir='ltr' id='par_1_49' title="bbox 2458 1835 3060 1906">
     <span class='ocr_line' id='line_1_50' title="bbox 2458 1835 3060 1906; baseline 0.002 -21"><span class='ocrx_word' id='word_1_283' title='bbox 2458 1845 2502 1899; x_wconf 80' lang='grc' dir='ltr'><strong>Β</strong></span> <span class='ocrx_word' id='word_1_284' title='bbox 2539 1835 3014 1906; x_wconf 72' lang='grc' dir='ltr'><strong>προσωμολόγησεν</strong></span> <span class='ocrx_word' id='word_1_285' title='bbox 3048 1851 3060 1864; x_wconf 92' lang='grc'><strong>·</strong></span> 
     </span>
    </p>
   </div>
   <div class='ocr_carea' id='block_1_50' title="bbox 2549 592 4141 668">
    <p class='ocr_par' dir='ltr' id='par_1_50' title="bbox 2549 592 4141 668">
     <span class='ocr_line' id='line_1_51' title="bbox 2549 592 4141 668; baseline 0.004 -26"><span class='ocrx_word' id='word_1_286' title='bbox 2549 598 2700 663; x_wconf 83' lang='grc' dir='ltr'>πείρῳ</span> <span class='ocrx_word' id='word_1_287' title='bbox 2730 601 2823 653; x_wconf 83' lang='grc' dir='ltr'>τῆς</span> <span class='ocrx_word' id='word_1_288' title='bbox 2856 592 3185 663; x_wconf 75' lang='grc' dir='ltr'><strong>ἀγαπήσεως,</strong></span> <span class='ocrx_word' id='word_1_289' title='bbox 3241 599 3332 645; x_wconf 84' lang='grc' dir='ltr'>καὶ</span> <span class='ocrx_word' id='word_1_290' title='bbox 3372 603 3552 646; x_wconf 79' lang='grc' dir='ltr'>τοῦτον</span> <span class='ocrx_word' id='word_1_291' title='bbox 3612 593 3741 646; x_wconf 85' lang='grc' dir='ltr'>εἶναι</span> <span class='ocrx_word' id='word_1_292' title='bbox 3782 599 3869 646; x_wconf 87' lang='grc' dir='ltr'><strong>τόν</strong></span> <span class='ocrx_word' id='word_1_293' title='bbox 3913 601 4141 668; x_wconf 87' lang='grc' dir='ltr'>Χριστὸν</span> 
     </span>
    </p>
   </div>
   <div class='ocr_carea' id='block_1_51' title="bbox 2548 678 4144 758">
    <p class='ocr_par' dir='ltr' id='par_1_51' title="bbox 2548 678 4144 758">
     <span class='ocr_line' id='line_1_52' title="bbox 2548 678 4144 758; baseline 0.004 -27"><span class='ocrx_word' id='word_1_294' title='bbox 2548 678 2581 732; x_wconf 85' lang='grc' dir='ltr'><em>δ</em></span> <span class='ocrx_word' id='word_1_295' title='bbox 2590 686 2860 733; x_wconf 80' lang='grc' dir='ltr'>ιατείνεται</span> <span class='ocrx_word' id='word_1_296' title='bbox 2912 686 2999 734; x_wconf 86' lang='grc' dir='ltr'>τὸν</span> <span class='ocrx_word' id='word_1_297' title='bbox 3028 691 3120 734; x_wconf 81' lang='grc' dir='ltr'>τοῦ</span> <span class='ocrx_word' id='word_1_298' title='bbox 3171 691 3319 735; x_wconf 59' lang='lat' dir='ltr'><strong>Osca?»</strong></span> <span class='ocrx_word' id='word_1_299' title='bbox 3358 690 3452 734; x_wconf 82' lang='grc' dir='ltr'>τοὺ</span> <span class='ocrx_word' id='word_1_300' title='bbox 3479 684 3665 743; x_wconf 77' lang='grc' dir='ltr'>ζῶντος</span> <span class='ocrx_word' id='word_1_301' title='bbox 3713 686 3850 750; x_wconf 78' lang='grc' dir='ltr'>Υὶὸν,</span> <span class='ocrx_word' id='word_1_302' title='bbox 3884 685 3973 736; x_wconf 74' lang='grc' dir='ltr'>ἅτε</span> <span class='ocrx_word' id='word_1_303' title='bbox 3999 689 4144 758; x_wconf 83' lang='grc' dir='ltr'>παρὰ</span> 
     </span>
    </p>
   </div>
   <div class='ocr_carea' id='block_1_52' title="bbox 2546 769 4145 844">
    <p class='ocr_par' dir='ltr' id='par_1_52' title="bbox 2546 769 4145 844">
     <span class='ocr_line' id='line_1_53' title="bbox 2546 769 4145 844; baseline 0.003 -25"><span class='ocrx_word' id='word_1_304' title='bbox 2546 777 2637 819; x_wconf 83' lang='grc' dir='ltr'>τοῦ</span> <span class='ocrx_word' id='word_1_305' title='bbox 2665 774 2865 842; x_wconf 80' lang='grc' dir='ltr'><strong>Πατρός</strong></span> <span class='ocrx_word' id='word_1_306' title='bbox 2902 769 3283 842; x_wconf 68' lang='grc' dir='ltr'>ἀποκαλυφθεὶς</span> <span class='ocrx_word' id='word_1_307' title='bbox 3311 775 3369 822; x_wconf 86' lang='grc' dir='ltr'>τὸ</span> <span class='ocrx_word' id='word_1_308' title='bbox 3396 771 3510 822; x_wconf 86' lang='grc' dir='ltr'>κατ’</span> <span class='ocrx_word' id='word_1_309' title='bbox 3537 770 3724 823; x_wconf 72' lang='grc' dir='ltr'>έκεῖνον</span> <span class='ocrx_word' id='word_1_310' title='bbox 3752 777 4066 844; x_wconf 73' lang='grc' dir='ltr'>μυστήριον,</span> <span class='ocrx_word' id='word_1_311' title='bbox 4092 793 4145 824; x_wconf 91' lang='grc' dir='ltr'><strong>τι</strong></span> 
     </span>
    </p>
   </div>
   <div class='ocr_carea' id='block_1_53' title="bbox 2547 854 4143 934">
    <p class='ocr_par' dir='ltr' id='par_1_53' title="bbox 2547 854 4143 934">
     <span class='ocr_line' id='line_1_54' title="bbox 2547 854 4143 934; baseline 0.004 -26"><span class='ocrx_word' id='word_1_312' title='bbox 2547 854 2737 914; x_wconf 80' lang='grc' dir='ltr'>δήποτ’</span> <span class='ocrx_word' id='word_1_313' title='bbox 2767 857 2827 908; x_wconf 77' lang='grc' dir='ltr'><strong>ἂν</strong></span> <span class='ocrx_word' id='word_1_314' title='bbox 2859 861 2936 915; x_wconf 83' lang='grc' dir='ltr'><strong>εῐη</strong></span> <span class='ocrx_word' id='word_1_315' title='bbox 2969 864 3415 932; x_wconf 83' lang='grc' dir='ltr'>μακαριστότερον</span> <span class='ocrx_word' id='word_1_316' title='bbox 3441 877 3455 923; x_wconf 87' lang='lat'><strong>;</strong></span> <span class='ocrx_word' id='word_1_317' title='bbox 3488 886 3550 895; x_wconf 97' lang='lat'><em>—</em></span> <span class='ocrx_word' id='word_1_318' title='bbox 3577 865 3676 912; x_wconf 74' lang='grc' dir='ltr'><strong>Καὶ</strong></span> <span class='ocrx_word' id='word_1_319' title='bbox 3703 859 3884 931; x_wconf 71' lang='grc' dir='ltr'><strong>ὄφεξῆς</strong></span> <span class='ocrx_word' id='word_1_320' title='bbox 3909 870 4143 934; x_wconf 74' lang='grc' dir='ltr'>περιεῖχε</span> 
     </span>
    </p>
   </div>
   <div class='ocr_carea' id='block_1_54' title="bbox 2543 945 4141 1027">
    <p class='ocr_par' dir='ltr' id='par_1_54' title="bbox 2543 945 4141 1027">
     <span class='ocr_line' id='line_1_55' title="bbox 2543 945 4141 1027; baseline 0.004 -30"><span class='ocrx_word' id='word_1_321' title='bbox 2543 949 2680 998; x_wconf 84' lang='grc' dir='ltr'><strong>κατά</strong></span> <span class='ocrx_word' id='word_1_322' title='bbox 2697 948 2844 1020; x_wconf 67' lang='grc' dir='ltr'>ῥῆμα</span> <span class='ocrx_word' id='word_1_323' title='bbox 2867 951 2925 998; x_wconf 86' lang='grc' dir='ltr'>τὸ</span> <span class='ocrx_word' id='word_1_324' title='bbox 2954 951 3247 1021; x_wconf 72' lang='grc' dir='ltr'>προγραφεν</span> <span class='ocrx_word' id='word_1_325' title='bbox 3275 949 3416 999; x_wconf 75' lang='grc' dir='ltr'>εἶπαν</span> <span class='ocrx_word' id='word_1_326' title='bbox 3444 945 3667 1000; x_wconf 73' lang='grc' dir='ltr'>Ζδικτονο</span> <span class='ocrx_word' id='word_1_327' title='bbox 3700 955 3790 1001; x_wconf 75' lang='grc' dir='ltr'>καὶ</span> <span class='ocrx_word' id='word_1_328' title='bbox 3812 953 3940 1021; x_wconf 85' lang='grc' dir='ltr'><strong>μετά</strong></span> <span class='ocrx_word' id='word_1_329' title='bbox 3967 959 4141 1027; x_wconf 61' lang='grc' dir='ltr'>τοῦτο,</span> 
     </span>
    </p>
   </div>
   <div class='ocr_carea' id='block_1_55' title="bbox 2543 1033 4143 1112">
    <p class='ocr_par' dir='ltr' id='par_1_55' title="bbox 2543 1033 4143 1112">
     <span class='ocr_line' id='line_1_56' title="bbox 2543 1033 4143 1112; baseline 0.003 -26"><span class='ocrx_word' id='word_1_330' title='bbox 2543 1043 2711 1087; x_wconf 81' lang='grc' dir='ltr'>ταῦτα</span> <span class='ocrx_word' id='word_1_331' title='bbox 2733 1037 2923 1109; x_wconf 74' lang='grc' dir='ltr'><strong>ῥητῶς.</strong></span> <span class='ocrx_word' id='word_1_332' title='bbox 2958 1067 3025 1075; x_wconf 92' lang='lat'><strong><em>—</em></strong></span> <span class='ocrx_word' id='word_1_333' title='bbox 3055 1036 3144 1098; x_wconf 81' lang='grc' dir='ltr'>Ὠς</span> <span class='ocrx_word' id='word_1_334' title='bbox 3181 1033 3268 1088; x_wconf 78' lang='grc' dir='ltr'>οὖν</span> <span class='ocrx_word' id='word_1_335' title='bbox 3299 1038 3373 1098; x_wconf 79' lang='grc' dir='ltr'>εἰς</span> <span class='ocrx_word' id='word_1_336' title='bbox 3411 1038 3634 1094; x_wconf 74' lang='grc' dir='ltr'>ἐπήκοον</span> <span class='ocrx_word' id='word_1_337' title='bbox 3659 1042 3716 1089; x_wconf 87' lang='grc' dir='ltr'>τὸ</span> <span class='ocrx_word' id='word_1_338' title='bbox 3746 1046 3978 1090; x_wconf 75' lang='grc' dir='ltr'>τοιοῦτον</span> <span class='ocrx_word' id='word_1_339' title='bbox 4015 1059 4143 1112; x_wconf 72' lang='grc' dir='ltr'>προσ</span> 
     </span>
    </p>
   </div>
   <div class='ocr_carea' id='block_1_56' title="bbox 2546 1121 4142 1201">
    <p class='ocr_par' dir='ltr' id='par_1_56' title="bbox 2546 1121 4142 1201">
     <span class='ocr_line' id='line_1_57' title="bbox 2546 1121 4142 1201; baseline 0.002 -26"><span class='ocrx_word' id='word_1_340' title='bbox 2546 1128 2800 1181; x_wconf 86' lang='grc' dir='ltr'>σκυνητόν</span> <span class='ocrx_word' id='word_1_341' title='bbox 2830 1121 3032 1176; x_wconf 83' lang='grc' dir='ltr'>ῖδικτον</span> <span class='ocrx_word' id='word_1_342' title='bbox 3065 1123 3390 1195; x_wconf 70' lang='grc' dir='ltr'><strong>ἀνεγνώσθη,</strong></span> <span class='ocrx_word' id='word_1_343' title='bbox 3422 1129 3450 1184; x_wconf 83' lang='grc' dir='ltr'>ἡ</span> <span class='ocrx_word' id='word_1_344' title='bbox 3487 1128 3720 1188; x_wconf 74' lang='grc' dir='ltr'>συνήθης</span> <span class='ocrx_word' id='word_1_345' title='bbox 3759 1131 3901 1201; x_wconf 78' lang='grc' dir='ltr'>παρὰ</span> <span class='ocrx_word' id='word_1_346' title='bbox 3939 1131 4142 1180; x_wconf 81' lang='grc' dir='ltr'>πάντων</span> 
     </span>
    </p>
   </div>
   <div class='ocr_carea' id='block_1_57' title="bbox 2542 1213 4143 1287">
    <p class='ocr_par' dir='ltr' id='par_1_57' title="bbox 2542 1213 4143 1287">
     <span class='ocr_line' id='line_1_58' title="bbox 2542 1213 4143 1287; baseline 0.003 -23"><span class='ocrx_word' id='word_1_347' title='bbox 2542 1216 2745 1284; x_wconf 87' lang='grc' dir='ltr'>γέγονεν</span> <span class='ocrx_word' id='word_1_348' title='bbox 2785 1213 3036 1284; x_wconf 75' lang='grc' dir='ltr'><strong>εὐφημία,</strong></span> <span class='ocrx_word' id='word_1_349' title='bbox 3071 1221 3354 1285; x_wconf 73' lang='grc' dir='ltr'><strong>συμφώνως</strong></span> <span class='ocrx_word' id='word_1_350' title='bbox 3385 1214 3735 1286; x_wconf 80' lang='grc' dir='ltr'>ἑπευξαμένων</span> <span class='ocrx_word' id='word_1_351' title='bbox 3784 1223 3856 1284; x_wconf 80' lang='grc' dir='ltr'>τῷ</span> <span class='ocrx_word' id='word_1_352' title='bbox 3903 1215 4143 1287; x_wconf 77' lang='grc' dir='ltr'><strong>ἀηττήτῳ</strong></span> 
     </span>
    </p>
   </div>
   <div class='ocr_carea' id='block_1_58' title="bbox 2541 1298 4142 1376">
    <p class='ocr_par' dir='ltr' id='par_1_58' title="bbox 2541 1298 4142 1376">
     <span class='ocr_line' id='line_1_59' title="bbox 2541 1298 4142 1376; baseline 0.002 -24"><span class='ocrx_word' id='word_1_353' title='bbox 2541 1305 2722 1374; x_wconf 86' lang='grc' dir='ltr'>κράτει</span> <span class='ocrx_word' id='word_1_354' title='bbox 2774 1301 2934 1352; x_wconf 72' lang='grc' dir='ltr'>αὑτοῦ</span> <span class='ocrx_word' id='word_1_355' title='bbox 2993 1298 3248 1372; x_wconf 73' lang='grc' dir='ltr'>διαμονὴν</span> <span class='ocrx_word' id='word_1_356' title='bbox 3297 1309 3387 1354; x_wconf 80' lang='grc' dir='ltr'><strong>καί</strong></span> <span class='ocrx_word' id='word_1_357' title='bbox 3445 1304 3584 1362; x_wconf 78' lang='grc' dir='ltr'>ζωὴν</span> <span class='ocrx_word' id='word_1_358' title='bbox 3639 1309 3728 1354; x_wconf 84' lang='grc' dir='ltr'>καὶ</span> <span class='ocrx_word' id='word_1_359' title='bbox 3781 1305 3958 1374; x_wconf 73' lang='grc' dir='ltr'>ὑγείαν</span> <span class='ocrx_word' id='word_1_360' title='bbox 4005 1325 4142 1376; x_wconf 83' lang='grc' dir='ltr'>μακ-</span> 
     </span>
    </p>
   </div>
   <div class='ocr_carea' id='block_1_59' title="bbox 2539 1395 2755 1462">
    <p class='ocr_par' dir='ltr' id='par_1_59' title="bbox 2539 1395 2755 1462">
     <span class='ocr_line' id='line_1_60' title="bbox 2539 1395 2755 1462; baseline 0.009 -22"><span class='ocrx_word' id='word_1_361' title='bbox 2539 1395 2755 1462; x_wconf 88' lang='grc' dir='ltr'>ραίωνα.</span> 
     </span>
    </p>
   </div>
   <div class='ocr_carea' id='block_1_60' title="bbox 2611 1477 4137 1550">
    <p class='ocr_par' dir='ltr' id='par_1_60' title="bbox 2611 1477 4137 1550">
     <span class='ocr_line' id='line_1_61' title="bbox 2611 1477 4137 1550; baseline 0.001 -20"><span class='ocrx_word' id='word_1_362' title='bbox 2611 1478 2663 1531; x_wconf 85' lang='grc' dir='ltr'><strong>ε’.</strong></span> <span class='ocrx_word' id='word_1_363' title='bbox 2709 1486 2885 1531; x_wconf 79' lang='grc' dir='ltr'>Ταῦτα</span> <span class='ocrx_word' id='word_1_364' title='bbox 2949 1484 3040 1550; x_wconf 71' lang='grc' dir='ltr'><strong>μεν</strong></span> <span class='ocrx_word' id='word_1_365' title='bbox 3089 1477 3177 1531; x_wconf 84' lang='grc' dir='ltr'>οὖν</span> <span class='ocrx_word' id='word_1_366' title='bbox 3241 1482 3404 1540; x_wconf 72' lang='grc' dir='ltr'>οὕτως</span> <span class='ocrx_word' id='word_1_367' title='bbox 3470 1485 3663 1538; x_wconf 78' lang='grc' dir='ltr'><strong>ἤνυστο</strong></span> <span class='ocrx_word' id='word_1_368' title='bbox 3715 1487 3807 1532; x_wconf 82' lang='grc' dir='ltr'>καὶ</span> <span class='ocrx_word' id='word_1_369' title='bbox 3856 1481 4137 1533; x_wconf 77' lang='grc' dir='ltr'>τετελεστο·</span> 
     </span>
    </p>
   </div>
   <div class='ocr_carea' id='block_1_61' title="bbox 2541 1544 4142 1642">
    <p class='ocr_par' dir='ltr' id='par_1_61' title="bbox 2541 1544 4142 1642">
     <span class='ocr_line' id='line_1_62' title="bbox 2541 1544 4142 1642; baseline 0.001 -22"><span class='ocrx_word' id='word_1_370' title='bbox 2541 1544 2699 1620; x_wconf 62' lang='grc' dir='ltr'><strong>Ἀλλά</strong></span> <span class='ocrx_word' id='word_1_371' title='bbox 2728 1570 2829 1642; x_wconf 87' lang='grc' dir='ltr'><strong>γὰρ</strong></span> <span class='ocrx_word' id='word_1_372' title='bbox 2880 1564 3003 1620; x_wconf 74' lang='grc' dir='ltr'>οὐδε</span> <span class='ocrx_word' id='word_1_373' title='bbox 3060 1569 3216 1619; x_wconf 80' lang='grc' dir='ltr'>πάλιν</span> <span class='ocrx_word' id='word_1_374' title='bbox 3265 1568 3464 1626; x_wconf 79' lang='grc' dir='ltr'><strong>ἀπέστη</strong></span> <span class='ocrx_word' id='word_1_375' title='bbox 3499 1571 3523 1620; x_wconf 89' lang='grc' dir='ltr'><strong>ό</strong></span> <span class='ocrx_word' id='word_1_376' title='bbox 3577 1574 3885 1642; x_wconf 72' lang='grc' dir='ltr'>πειραστης,</span> <span class='ocrx_word' id='word_1_377' title='bbox 3927 1574 4014 1621; x_wconf 88' lang='grc' dir='ltr'><strong>τόν</strong></span> <span class='ocrx_word' id='word_1_378' title='bbox 4056 1569 4142 1620; x_wconf 76' lang='grc' dir='ltr'><strong>ἐκ·</strong></span> 
     </span>
    </p>
   </div>
   <div class='ocr_carea' id='block_1_62' title="bbox 2538 1653 4148 1729">
    <p class='ocr_par' dir='ltr' id='par_1_62' title="bbox 2538 1653 4148 1729">
     <span class='ocr_line' id='line_1_63' title="bbox 2538 1653 4148 1729; baseline 0.002 -23"><span class='ocrx_word' id='word_1_379' title='bbox 2538 1656 2914 1712; x_wconf 75' lang='grc' dir='ltr'>κλησιαστικὸν</span> <span class='ocrx_word' id='word_1_380' title='bbox 2971 1653 3404 1729; x_wconf 77' lang='grc' dir='ltr'>διαμελετώμενος</span> <span class='ocrx_word' id='word_1_381' title='bbox 3469 1660 3704 1729; x_wconf 75' lang='grc' dir='ltr'><strong>τάραχον</strong></span> <span class='ocrx_word' id='word_1_382' title='bbox 3733 1674 3745 1686; x_wconf 82' lang='grc'><strong><em>⁸</em></strong></span> <span class='ocrx_word' id='word_1_383' title='bbox 3791 1655 3915 1710; x_wconf 65' lang='grc' dir='ltr'><strong>οὐδὲ</strong></span> <span class='ocrx_word' id='word_1_384' title='bbox 3973 1658 4043 1718; x_wconf 87' lang='grc' dir='ltr'>εἰς</span> <span class='ocrx_word' id='word_1_385' title='bbox 4080 1661 4148 1710; x_wconf 73' lang='grc' dir='ltr'>τὰ</span> 
     </span>
    </p>
   </div>
   <div class='ocr_carea' id='block_1_63' title="bbox 2540 1745 4143 1818">
    <p class='ocr_par' dir='ltr' id='par_1_63' title="bbox 2540 1745 4143 1818">
     <span class='ocr_line' id='line_1_64' title="bbox 2540 1745 4143 1818; baseline 0.001 -22"><span class='ocrx_word' id='word_1_386' title='bbox 2540 1745 2710 1797; x_wconf 85' lang='grc' dir='ltr'><strong>ὀπίσω</strong></span> <span class='ocrx_word' id='word_1_387' title='bbox 2769 1748 3037 1818; x_wconf 71' lang='grc' dir='ltr'>πεμφθείς,</span> <span class='ocrx_word' id='word_1_388' title='bbox 3108 1745 3209 1797; x_wconf 84' lang='grc' dir='ltr'>ἀπὸ</span> <span class='ocrx_word' id='word_1_389' title='bbox 3260 1756 3359 1798; x_wconf 85' lang='grc' dir='ltr'><strong>των</strong></span> <span class='ocrx_word' id='word_1_390' title='bbox 3425 1746 3785 1818; x_wconf 79' lang='grc' dir='ltr'>προλαϐόντων</span> <span class='ocrx_word' id='word_1_391' title='bbox 3840 1751 3934 1804; x_wconf 80' lang='grc' dir='ltr'>τὴν</span> <span class='ocrx_word' id='word_1_392' title='bbox 3981 1749 4143 1804; x_wconf 73' lang='grc' dir='ltr'>ἧτταν</span> 
     </span>
    </p>
   </div>
   <div class='ocr_carea' id='block_1_64' title="bbox 3121 1834 4143 1907">
    <p class='ocr_par' dir='ltr' id='par_1_64' title="bbox 3121 1834 4143 1907">
     <span class='ocr_line' id='line_1_65' title="bbox 3121 1834 4143 1907; baseline 0 -21"><span class='ocrx_word' id='word_1_393' title='bbox 3121 1834 3225 1886; x_wconf 78' lang='grc' dir='ltr'>ἀλλ’</span> <span class='ocrx_word' id='word_1_394' title='bbox 3287 1837 3360 1895; x_wconf 88' lang='grc' dir='ltr'>οἷς</span> <span class='ocrx_word' id='word_1_395' title='bbox 3435 1836 3586 1895; x_wconf 73' lang='grc' dir='ltr'>αὐτὸς</span> <span class='ocrx_word' id='word_1_396' title='bbox 3645 1844 3742 1897; x_wconf 75' lang='grc' dir='ltr'>τῆς</span> <span class='ocrx_word' id='word_1_397' title='bbox 3805 1834 4143 1907; x_wconf 76' lang='grc' dir='ltr'>πρωτοδότου</span> 
     </span>
    </p>
   </div>
   <div class='ocr_carea' id='block_1_65' title="bbox 2541 1920 4141 1996">
    <p class='ocr_par' dir='ltr' id='par_1_65' title="bbox 2541 1920 4141 1996">
     <span class='ocr_line' id='line_1_66' title="bbox 2541 1920 4141 1996; baseline 0.001 -22"><span class='ocrx_word' id='word_1_398' title='bbox 2541 1920 2702 1985; x_wconf 80' lang='grc' dir='ltr'>δόξης</span> <span class='ocrx_word' id='word_1_399' title='bbox 2769 1926 3027 1975; x_wconf 80' lang='grc' dir='ltr'>ἔκπτωσιν</span> <span class='ocrx_word' id='word_1_400' title='bbox 3083 1929 3477 1996; x_wconf 75' lang='grc' dir='ltr'><strong>κατακέκριται,</strong></span> <span class='ocrx_word' id='word_1_401' title='bbox 3541 1928 3747 1985; x_wconf 77' lang='grc' dir='ltr'><strong>τούτοις</strong></span> <span class='ocrx_word' id='word_1_402' title='bbox 3796 1930 3886 1975; x_wconf 80' lang='grc' dir='ltr'>καὶ</span> <span class='ocrx_word' id='word_1_403' title='bbox 3951 1924 4141 1995; x_wconf 84' lang='grc' dir='ltr'>μᾶλλον</span> 
     </span>
    </p>
   </div>
   <div class='ocr_carea' id='block_1_66' title="bbox 2539 2011 4144 2085">
    <p class='ocr_par' dir='ltr' id='par_1_66' title="bbox 2539 2011 4144 2085">
     <span class='ocr_line' id='line_1_67' title="bbox 2539 2011 4144 2085; baseline 0.001 -23"><span class='ocrx_word' id='word_1_404' title='bbox 2539 2017 2632 2069; x_wconf 78' lang='grc' dir='ltr'>τὴν</span> <span class='ocrx_word' id='word_1_405' title='bbox 2685 2014 2820 2063; x_wconf 89' lang='grc' dir='ltr'><strong>κατά</strong></span> <span class='ocrx_word' id='word_1_406' title='bbox 2882 2021 2982 2063; x_wconf 84' lang='grc' dir='ltr'>τῶν</span> <span class='ocrx_word' id='word_1_407' title='bbox 3049 2011 3328 2085; x_wconf 87' lang='grc' dir='ltr'>ἀνθρωπων</span> <span class='ocrx_word' id='word_1_408' title='bbox 3399 2011 3674 2070; x_wconf 80' lang='grc' dir='ltr'>έπιϐουλὴν</span> <span class='ocrx_word' id='word_1_409' title='bbox 3729 2017 4144 2083; x_wconf 86' lang='grc' dir='ltr'>συγκατεσκευά-</span> 
     </span>
    </p>
   </div>
   <div class='ocr_carea' id='block_1_67' title="bbox 2542 2099 4146 2174">
    <p class='ocr_par' dir='ltr' id='par_1_67' title="bbox 2542 2099 4146 2174">
     <span class='ocr_line' id='line_1_68' title="bbox 2542 2099 4146 2174; baseline -0.001 -22"><span class='ocrx_word' id='word_1_410' title='bbox 2542 2104 2683 2163; x_wconf 86' lang='grc' dir='ltr'>ζεται</span> <span class='ocrx_word' id='word_1_411' title='bbox 2717 2119 2728 2130; x_wconf 77' lang='grc'><strong><em>⁸</em></strong></span> <span class='ocrx_word' id='word_1_412' title='bbox 2785 2099 2840 2151; x_wconf 79' lang='grc' dir='ltr'><strong>εκ</strong></span> <span class='ocrx_word' id='word_1_413' title='bbox 2891 2110 2990 2152; x_wconf 80' lang='grc' dir='ltr'>τῶν</span> <span class='ocrx_word' id='word_1_414' title='bbox 3055 2100 3340 2174; x_wconf 76' lang='grc' dir='ltr'><strong>ἀριστερῶν</strong></span> <span class='ocrx_word' id='word_1_415' title='bbox 3380 2104 3471 2172; x_wconf 77' lang='grc' dir='ltr'><strong>μεν</strong></span> <span class='ocrx_word' id='word_1_416' title='bbox 3505 2104 3674 2158; x_wconf 87' lang='grc' dir='ltr'>πάντη</span> <span class='ocrx_word' id='word_1_417' title='bbox 3721 2121 3775 2153; x_wconf 92' lang='grc' dir='ltr'><strong>τε</strong></span> <span class='ocrx_word' id='word_1_418' title='bbox 3814 2106 3902 2153; x_wconf 80' lang='grc' dir='ltr'>καὶ</span> <span class='ocrx_word' id='word_1_419' title='bbox 3938 2105 4146 2163; x_wconf 83' lang='grc' dir='ltr'>πάντως</span> 
     </span>
    </p>
   </div>
   <div class='ocr_carea' id='block_1_68' title="bbox 2537 2185 4144 2262">
    <p class='ocr_par' dir='ltr' id='par_1_68' title="bbox 2537 2185 4144 2262">
     <span class='ocr_line' id='line_1_69' title="bbox 2537 2185 4144 2262; baseline 0 -22"><span class='ocrx_word' id='word_1_420' title='bbox 2537 2187 2878 2260; x_wconf 82' lang='grc' dir='ltr'>προσϐάλλων</span> <span class='ocrx_word' id='word_1_421' title='bbox 2913 2211 2924 2220; x_wconf 92' lang='grc'><strong>·</strong></span> <span class='ocrx_word' id='word_1_422' title='bbox 2967 2197 3028 2260; x_wconf 72' lang='grc' dir='ltr'>τῇ</span> <span class='ocrx_word' id='word_1_423' title='bbox 3066 2185 3123 2240; x_wconf 74' lang='grc' dir='ltr'><strong>δὲ</strong></span> <span class='ocrx_word' id='word_1_424' title='bbox 3153 2198 3252 2239; x_wconf 82' lang='grc' dir='ltr'><strong>τῶν</strong></span> <span class='ocrx_word' id='word_1_425' title='bbox 3308 2185 3490 2251; x_wconf 78' lang='grc' dir='ltr'><strong>δεξιῶν</strong></span> <span class='ocrx_word' id='word_1_426' title='bbox 3548 2195 3810 2261; x_wconf 75' lang='grc' dir='ltr'>φαντασίᾳ</span> <span class='ocrx_word' id='word_1_427' title='bbox 3862 2189 4144 2262; x_wconf 75' lang='grc' dir='ltr'>περικαλύ-</span> 
     </span>
    </p>
   </div>
   <div class='ocr_carea' id='block_1_69' title="bbox 2538 2275 4147 2351">
    <p class='ocr_par' dir='ltr' id='par_1_69' title="bbox 2538 2275 4147 2351">
     <span class='ocr_line' id='line_1_70' title="bbox 2538 2275 4147 2351; baseline 0.002 -24"><span class='ocrx_word' id='word_1_428' title='bbox 2538 2296 2679 2328; x_wconf 89' lang='grc' dir='ltr'>πτων</span> <span class='ocrx_word' id='word_1_429' title='bbox 2721 2281 2780 2328; x_wconf 86' lang='grc' dir='ltr'><strong>τό</strong></span> <span class='ocrx_word' id='word_1_430' title='bbox 2823 2281 3238 2351; x_wconf 77' lang='grc' dir='ltr'>σκαιωρουμενον</span> <span class='ocrx_word' id='word_1_431' title='bbox 3268 2296 3280 2307; x_wconf 76' lang='grc'><strong>⁸</strong></span> <span class='ocrx_word' id='word_1_432' title='bbox 3331 2281 3400 2340; x_wconf 74' lang='grc' dir='ltr'>ὡς</span> <span class='ocrx_word' id='word_1_433' title='bbox 3454 2275 3657 2331; x_wconf 76' lang='grc' dir='ltr'>δελέατι</span> <span class='ocrx_word' id='word_1_434' title='bbox 3697 2282 3852 2350; x_wconf 66' lang='grc' dir='ltr'>φάναι</span> <span class='ocrx_word' id='word_1_435' title='bbox 3886 2283 3946 2330; x_wconf 88' lang='grc' dir='ltr'><strong>τό</strong></span> <span class='ocrx_word' id='word_1_436' title='bbox 3995 2281 4147 2349; x_wconf 75' lang='grc' dir='ltr'>οἷγκισ</span> 
     </span>
    </p>
   </div>
   <div class='ocr_carea' id='block_1_70' title="bbox 2542 2367 4149 2441">
    <p class='ocr_par' dir='ltr' id='par_1_70' title="bbox 2542 2367 4149 2441">
     <span class='ocr_line' id='line_1_71' title="bbox 2542 2367 4149 2441; baseline 0.002 -25"><span class='ocrx_word' id='word_1_437' title='bbox 2542 2385 2714 2438; x_wconf 83' lang='grc' dir='ltr'>στρον,</span> <span class='ocrx_word' id='word_1_438' title='bbox 2754 2367 2783 2424; x_wconf 72' lang='grc' dir='ltr'><strong>ἦ</strong></span> <span class='ocrx_word' id='word_1_439' title='bbox 2854 2369 2944 2426; x_wconf 76' lang='grc' dir='ltr'>τὰς</span> <span class='ocrx_word' id='word_1_440' title='bbox 3010 2369 3331 2438; x_wconf 80' lang='grc' dir='ltr'>θανασίμους</span> <span class='ocrx_word' id='word_1_441' title='bbox 3399 2371 3528 2427; x_wconf 87' lang='grc' dir='ltr'>πόας</span> <span class='ocrx_word' id='word_1_442' title='bbox 3587 2377 3649 2439; x_wconf 76' lang='grc' dir='ltr'>τῇ</span> <span class='ocrx_word' id='word_1_443' title='bbox 3714 2374 4017 2441; x_wconf 75' lang='grc' dir='ltr'>περιχρέσει</span> <span class='ocrx_word' id='word_1_444' title='bbox 4054 2376 4149 2419; x_wconf 78' lang='grc' dir='ltr'>τοῦ</span> 
     </span>
    </p>
   </div>
   <div class='ocr_carea' id='block_1_71' title="bbox 2537 2454 4150 2529">
    <p class='ocr_par' dir='ltr' id='par_1_71' title="bbox 2537 2454 4150 2529">
     <span class='ocr_line' id='line_1_72' title="bbox 2537 2454 4150 2529; baseline 0.001 -23"><span class='ocrx_word' id='word_1_445' title='bbox 2537 2454 2742 2526; x_wconf 86' lang='grc' dir='ltr'>μέλιτος</span> <span class='ocrx_word' id='word_1_446' title='bbox 2777 2477 2787 2486; x_wconf 92' lang='grc'><strong>·</strong></span> <span class='ocrx_word' id='word_1_447' title='bbox 2833 2456 2967 2506; x_wconf 83' lang='grc' dir='ltr'>οὖτω</span> <span class='ocrx_word' id='word_1_448' title='bbox 2997 2464 3119 2526; x_wconf 77' lang='grc' dir='ltr'>γοὺν</span> <span class='ocrx_word' id='word_1_449' title='bbox 3173 2457 3308 2506; x_wconf 69' lang='grc' dir='ltr'>οὕτω</span> <span class='ocrx_word' id='word_1_450' title='bbox 3361 2462 3449 2507; x_wconf 79' lang='grc' dir='ltr'>καὶ</span> <span class='ocrx_word' id='word_1_451' title='bbox 3502 2459 3590 2508; x_wconf 84' lang='grc' dir='ltr'><strong>τόν</strong></span> <span class='ocrx_word' id='word_1_452' title='bbox 3625 2458 3897 2528; x_wconf 75' lang='grc' dir='ltr'>ἱερώτατον</span> <span class='ocrx_word' id='word_1_453' title='bbox 3949 2475 4150 2529; x_wconf 80' lang='grc' dir='ltr'>μητρο-</span> 
     </span>
    </p>
   </div>
   <div class='ocr_carea' id='block_1_72' title="bbox 2537 2541 4148 2616">
    <p class='ocr_par' dir='ltr' id='par_1_72' title="bbox 2537 2541 4148 2616">
     <span class='ocr_line' id='line_1_73' title="bbox 2537 2541 4148 2616; baseline 0.001 -22"><span class='ocrx_word' id='word_1_454' title='bbox 2537 2542 2755 2600; x_wconf 83' lang='grc' dir='ltr'>πολίτην</span> <span class='ocrx_word' id='word_1_455' title='bbox 2828 2549 3072 2604; x_wconf 79' lang='grc' dir='ltr'>Νικαίας,</span> <span class='ocrx_word' id='word_1_456' title='bbox 3133 2564 3327 2616; x_wconf 85' lang='grc' dir='ltr'>μικρου</span> <span class='ocrx_word' id='word_1_457' title='bbox 3397 2541 3524 2604; x_wconf 77' lang='grc' dir='ltr'>δεῖν,</span> <span class='ocrx_word' id='word_1_458' title='bbox 3591 2553 3658 2604; x_wconf 80' lang='grc' dir='ltr'><strong>εἰς</strong></span> <span class='ocrx_word' id='word_1_459' title='bbox 3733 2544 4148 2607; x_wconf 77' lang='grc' dir='ltr'>ἀνυπεξάλυκτον</span> 
     </span>
    </p>
   </div>
   <div class='ocr_carea' id='block_1_73' title="bbox 2539 2629 4148 2706">
    <p class='ocr_par' dir='ltr' id='par_1_73' title="bbox 2539 2629 4148 2706">
     <span class='ocr_line' id='line_1_74' title="bbox 2539 2629 4148 2706; baseline 0.001 -24"><span class='ocrx_word' id='word_1_460' title='bbox 2539 2637 2838 2701; x_wconf 71' lang='grc' dir='ltr'>κατήνεγκεν</span> <span class='ocrx_word' id='word_1_461' title='bbox 2925 2630 3185 2699; x_wconf 74' lang='grc' dir='ltr'>κίνδυνον,</span> <span class='ocrx_word' id='word_1_462' title='bbox 3262 2637 3331 2694; x_wconf 80' lang='grc' dir='ltr'>ὡς</span> <span class='ocrx_word' id='word_1_463' title='bbox 3404 2629 3543 2706; x_wconf 76' lang='grc' dir='ltr'><strong>μηδὲ</strong></span> <span class='ocrx_word' id='word_1_464' title='bbox 3617 2635 3908 2686; x_wconf 77' lang='grc' dir='ltr'>ὑπόστασιν</span> <span class='ocrx_word' id='word_1_465' title='bbox 3982 2636 4148 2703; x_wconf 74' lang='grc' dir='ltr'>τούτῳ</span> 
     </span>
    </p>
   </div>
   <div class='ocr_carea' id='block_1_74' title="bbox 2537 2719 4145 2796">
    <p class='ocr_par' dir='ltr' id='par_1_74' title="bbox 2537 2719 4145 2796">
     <span class='ocr_line' id='line_1_75' title="bbox 2537 2719 4145 2796; baseline 0.001 -24"><span class='ocrx_word' id='word_1_466' title='bbox 2537 2721 2945 2793; x_wconf 73' lang='grc' dir='ltr'>περιλειφθῆναι,</span> <span class='ocrx_word' id='word_1_467' title='bbox 3005 2721 3207 2794; x_wconf 79' lang='grc' dir='ltr'>βαθέων</span> <span class='ocrx_word' id='word_1_468' title='bbox 3263 2728 3458 2796; x_wconf 79' lang='grc' dir='ltr'>μέχρις</span> <span class='ocrx_word' id='word_1_469' title='bbox 3514 2719 3723 2775; x_wconf 78' lang='grc' dir='ltr'><strong>ὑδάτων</strong></span> <span class='ocrx_word' id='word_1_470' title='bbox 3763 2725 4145 2794; x_wconf 81' lang='grc' dir='ltr'>κατενεχθέντι,</span> 
     </span>
    </p>
   </div>
   <div class='ocr_carea' id='block_1_75' title="bbox 2538 2810 4153 2883">
    <p class='ocr_par' dir='ltr' id='par_1_75' title="bbox 2538 2810 4153 2883">
     <span class='ocr_line' id='line_1_76' title="bbox 2538 2810 4153 2883; baseline 0.001 -22"><span class='ocrx_word' id='word_1_471' title='bbox 2538 2817 2628 2862; x_wconf 79' lang='grc' dir='ltr'>καὶ</span> <span class='ocrx_word' id='word_1_472' title='bbox 2666 2811 3025 2873; x_wconf 81' lang='grc' dir='ltr'>ἀνανηξασθαι</span> <span class='ocrx_word' id='word_1_473' title='bbox 3075 2812 3216 2873; x_wconf 69' lang='grc' dir='ltr'>τί),ος</span> <span class='ocrx_word' id='word_1_474' title='bbox 3254 2813 3347 2864; x_wconf 72' lang='grc' dir='ltr'>οὐκ</span> <span class='ocrx_word' id='word_1_475' title='bbox 3377 2816 3557 2883; x_wconf 79' lang='grc' dir='ltr'>ἔχοντι</span> <span class='ocrx_word' id='word_1_476' title='bbox 3592 2833 3604 2845; x_wconf 87' lang='grc'>·</span> <span class='ocrx_word' id='word_1_477' title='bbox 3638 2813 3725 2864; x_wconf 84' lang='grc' dir='ltr'>οἷτε</span> <span class='ocrx_word' id='word_1_478' title='bbox 3772 2810 3839 2870; x_wconf 76' lang='grc' dir='ltr'><strong>δὴ</strong></span> <span class='ocrx_word' id='word_1_479' title='bbox 3881 2816 4153 2883; x_wconf 76' lang='grc' dir='ltr'>νομίζοντι</span> 
     </span>
    </p>
   </div>
   <div class='ocr_carea' id='block_1_76' title="bbox 2537 2897 4151 2962">
    <p class='ocr_par' dir='ltr' id='par_1_76' title="bbox 2537 2897 4151 2962">
     <span class='ocr_line' id='line_1_77' title="bbox 2537 2897 4151 2962; baseline 0.002 -13"><span class='ocrx_word' id='word_1_480' title='bbox 2537 2899 2814 2952; x_wconf 85' lang='grc' dir='ltr'>κάλλιστον</span> <span class='ocrx_word' id='word_1_481' title='bbox 2890 2898 3019 2952; x_wconf 83' lang='grc' dir='ltr'>εἶναι</span> <span class='ocrx_word' id='word_1_482' title='bbox 3077 2906 3171 2957; x_wconf 76' lang='grc' dir='ltr'>τὴν</span> <span class='ocrx_word' id='word_1_483' title='bbox 3226 2900 3310 2952; x_wconf 79' lang='grc' dir='ltr'>επὶ</span> <span class='ocrx_word' id='word_1_484' title='bbox 3357 2909 3467 2962; x_wconf 89' lang='grc' dir='ltr'>τοῖς</span> <span class='ocrx_word' id='word_1_485' title='bbox 3527 2903 3679 2961; x_wconf 78' lang='grc' dir='ltr'>θείοις</span> <span class='ocrx_word' id='word_1_486' title='bbox 3735 2903 3827 2952; x_wconf 79' lang='grc' dir='ltr'><strong>ουκ</strong></span> <span class='ocrx_word' id='word_1_487' title='bbox 3882 2897 4151 2952; x_wconf 70' lang='grc' dir='ltr'>ευένδότον</span> 
     </span>
    </p>
   </div>
   <div class='ocr_carea' id='block_1_77' title="bbox 2539 2986 4120 3062">
    <p class='ocr_par' dir='ltr' id='par_1_77' title="bbox 2539 2986 4120 3062">
     <span class='ocr_line' id='line_1_78' title="bbox 2539 2986 4120 3062; baseline -0.001 -22"><span class='ocrx_word' id='word_1_488' title='bbox 2539 2991 2818 3041; x_wconf 69' lang='grc' dir='ltr'>ἔνστασινο</span> <span class='ocrx_word' id='word_1_489' title='bbox 2865 2987 3133 3060; x_wconf 73' lang='grc' dir='ltr'>ἀγνοοῦντι</span> <span class='ocrx_word' id='word_1_490' title='bbox 3178 2986 3237 3041; x_wconf 77' lang='grc' dir='ltr'>δε</span> <span class='ocrx_word' id='word_1_491' title='bbox 3269 2992 3408 3061; x_wconf 84' lang='grc' dir='ltr'>ὅμως</span> <span class='ocrx_word' id='word_1_492' title='bbox 3457 2993 3521 3050; x_wconf 79' lang='grc' dir='ltr'>ὡς</span> <span class='ocrx_word' id='word_1_493' title='bbox 3561 2992 3585 3041; x_wconf 87' lang='grc' dir='ltr'>ὁ</span> <span class='ocrx_word' id='word_1_494' title='bbox 3632 2996 3704 3062; x_wconf 81' lang='grc' dir='ltr'>μὴ</span> <span class='ocrx_word' id='word_1_495' title='bbox 3760 2991 3876 3041; x_wconf 85' lang='grc' dir='ltr'>κατ’</span> <span class='ocrx_word' id='word_1_496' title='bbox 3931 2989 4120 3059; x_wconf 75' lang='grc' dir='ltr'>ἐπέγνω</span> 
     </span>
    </p>
   </div>
   <div class='ocr_carea' id='block_1_78' title="bbox 2541 3077 4152 3153">
    <p class='ocr_par' dir='ltr' id='par_1_78' title="bbox 2541 3077 4152 3153">
     <span class='ocr_line' id='line_1_79' title="bbox 2541 3077 4152 3153; baseline 0 -25"><span class='ocrx_word' id='word_1_497' title='bbox 2541 3097 2624 3128; x_wconf 91' lang='grc' dir='ltr'><strong>σιν</strong></span> <span class='ocrx_word' id='word_1_498' title='bbox 2680 3077 2832 3138; x_wconf 77' lang='grc' dir='ltr'>ζῆλος</span> <span class='ocrx_word' id='word_1_499' title='bbox 2907 3082 3049 3152; x_wconf 88' lang='grc' dir='ltr'><strong>παρά</strong></span> <span class='ocrx_word' id='word_1_500' title='bbox 3121 3087 3181 3150; x_wconf 78' lang='grc' dir='ltr'>τῇ</span> <span class='ocrx_word' id='word_1_501' title='bbox 3264 3081 3376 3150; x_wconf 82' lang='grc' dir='ltr'>θείᾳ</span> <span class='ocrx_word' id='word_1_502' title='bbox 3433 3085 3634 3153; x_wconf 76' lang='grc' dir='ltr'>Γραφῇ,</span> <span class='ocrx_word' id='word_1_503' title='bbox 3688 3088 3784 3140; x_wconf 73' lang='grc' dir='ltr'>τῆς</span> <span class='ocrx_word' id='word_1_504' title='bbox 3838 3078 4152 3138; x_wconf 83' lang='grc' dir='ltr'>Ἐκκλησίας</span> 
     </span>
    </p>
   </div>
   <div class='ocr_carea' id='block_1_79' title="bbox 2454 3164 4150 3245">
    <p class='ocr_par' dir='ltr' id='par_1_79' title="bbox 2454 3164 4150 3245">
     <span class='ocr_line' id='line_1_80' title="bbox 2454 3164 4150 3245; baseline -0.001 -26"><span class='ocrx_word' id='word_1_505' title='bbox 2454 3192 2497 3245; x_wconf 79' lang='lat' dir='ltr'>C</span> <span class='ocrx_word' id='word_1_506' title='bbox 2539 3166 2847 3228; x_wconf 72' lang='grc' dir='ltr'>ἀπόϐλητος.</span> <span class='ocrx_word' id='word_1_507' title='bbox 2877 3167 2998 3219; x_wconf 82' lang='grc' dir='ltr'>Ὀτι</span> <span class='ocrx_word' id='word_1_508' title='bbox 3029 3164 3086 3220; x_wconf 72' lang='grc' dir='ltr'>δε</span> <span class='ocrx_word' id='word_1_509' title='bbox 3131 3176 3298 3219; x_wconf 75' lang='grc' dir='ltr'>ταῦτα</span> <span class='ocrx_word' id='word_1_510' title='bbox 3327 3176 3508 3219; x_wconf 81' lang='grc' dir='ltr'>τοῦτον</span> <span class='ocrx_word' id='word_1_511' title='bbox 3556 3171 3669 3239; x_wconf 76' lang='grc' dir='ltr'>ἕχει</span> <span class='ocrx_word' id='word_1_512' title='bbox 3717 3171 3804 3220; x_wconf 85' lang='grc' dir='ltr'><strong>τόν</strong></span> <span class='ocrx_word' id='word_1_513' title='bbox 3835 3172 4043 3240; x_wconf 80' lang='grc' dir='ltr'>τρόπον,</span> <span class='ocrx_word' id='word_1_514' title='bbox 4089 3171 4150 3218; x_wconf 85' lang='grc' dir='ltr'>τὸ</span> 
     </span>
    </p>
   </div>
   <div class='ocr_carea' id='block_1_80' title="bbox 2538 3253 4149 3330">
    <p class='ocr_par' dir='ltr' id='par_1_80' title="bbox 2538 3253 4149 3330">
     <span class='ocr_line' id='line_1_81' title="bbox 2538 3253 4149 3330; baseline -0.001 -21"><span class='ocrx_word' id='word_1_515' title='bbox 2538 3254 2832 3318; x_wconf 82' lang='grc' dir='ltr'>συνοδικῶς</span> <span class='ocrx_word' id='word_1_516' title='bbox 2864 3255 3061 3308; x_wconf 72' lang='grc' dir='ltr'>ἐκτεθὲν</span> <span class='ocrx_word' id='word_1_517' title='bbox 3111 3253 3488 3330; x_wconf 75' lang='grc' dir='ltr'>παραδηλώσει</span> <span class='ocrx_word' id='word_1_518' title='bbox 3529 3263 3845 3329; x_wconf 76' lang='grc' dir='ltr'>σημείωμαο</span> <span class='ocrx_word' id='word_1_519' title='bbox 3896 3259 4011 3327; x_wconf 77' lang='grc' dir='ltr'>ἔχει</span> <span class='ocrx_word' id='word_1_520' title='bbox 4047 3259 4149 3328; x_wconf 75' lang='grc' dir='ltr'>γὰρ</span> 
     </span>
    </p>
   </div>
   <div class='ocr_carea' id='block_1_81' title="bbox 2537 3347 2695 3403">
    <p class='ocr_par' dir='ltr' id='par_1_81' title="bbox 2537 3347 2695 3403">
     <span class='ocr_line' id='line_1_82' title="bbox 2537 3347 2695 3403; baseline -0.013 -4"><span class='ocrx_word' id='word_1_521' title='bbox 2537 3347 2695 3403; x_wconf 69' lang='grc' dir='ltr'>οὕτω,</span> 
     </span>
    </p>
   </div>
   <div class='ocr_carea' id='block_1_82' title="bbox 3147 3452 3522 3507">
    <p class='ocr_par' dir='ltr' id='par_1_82' title="bbox 3147 3452 3522 3507">
     <span class='ocr_line' id='line_1_83' title="bbox 3147 3452 3522 3507; baseline 0.005 -3"><span class='ocrx_word' id='word_1_522' title='bbox 3147 3457 3380 3505; x_wconf 83' lang='grc' dir='ltr'><strong>ΠΡΑΞΙΣ</strong></span> <span class='ocrx_word' id='word_1_523' title='bbox 3446 3452 3522 3507; x_wconf 66' lang='grc' dir='ltr'><strong>Η.</strong></span> 
     </span>
    </p>
   </div>
   <div class='ocr_carea' id='block_1_83' title="bbox 2749 3538 3931 3629">
    <p class='ocr_par' dir='ltr' id='par_1_83' title="bbox 2749 3538 3931 3629">
     <span class='ocr_line' id='line_1_84' title="bbox 2749 3538 3931 3629; baseline 0 -35"><span class='ocrx_word' id='word_1_524' title='bbox 2749 3547 2890 3599; x_wconf 76' lang='grc' dir='ltr'><strong>Μηνὶ</strong></span> <span class='ocrx_word' id='word_1_525' title='bbox 2920 3544 3074 3612; x_wconf 81' lang='grc' dir='ltr'><strong>Μαῖῳ</strong></span> <span class='ocrx_word' id='word_1_526' title='bbox 3116 3541 3184 3608; x_wconf 79' lang='grc' dir='ltr'>ς’,</span> <span class='ocrx_word' id='word_1_527' title='bbox 3211 3544 3379 3614; x_wconf 76' lang='grc' dir='ltr'>ἡμέρα</span> <span class='ocrx_word' id='word_1_528' title='bbox 3496 3538 3816 3601; x_wconf 75' lang='grc' dir='ltr'>ἰνδεκτιῶνος</span> <span class='ocrx_word' id='word_1_529' title='bbox 3845 3538 3900 3592; x_wconf 84' lang='grc' dir='ltr'>εδ</span> <span class='ocrx_word' id='word_1_530' title='bbox 3920 3584 3931 3595; x_wconf 93' lang='grc'><strong>.</strong></span> 
     </span>
    </p>
   </div>
   <div class='ocr_carea' id='block_1_84' title="bbox 2611 3720 4151 3795">
    <p class='ocr_par' dir='ltr' id='par_1_84' title="bbox 2611 3720 4151 3795">
     <span class='ocr_line' id='line_1_85' title="bbox 2611 3720 4151 3795; baseline -0.002 -24"><span class='ocrx_word' id='word_1_531' title='bbox 2611 3720 2675 3772; x_wconf 84' lang='grc' dir='ltr'><strong>α’.</strong></span> <span class='ocrx_word' id='word_1_532' title='bbox 2747 3723 3153 3795; x_wconf 80' lang='grc' dir='ltr'>Προκαθημένου</span> <span class='ocrx_word' id='word_1_533' title='bbox 3230 3727 3409 3772; x_wconf 86' lang='grc' dir='ltr'>Λουκᾶ</span> <span class='ocrx_word' id='word_1_534' title='bbox 3481 3729 3573 3771; x_wconf 76' lang='grc' dir='ltr'>τοῦ</span> <span class='ocrx_word' id='word_1_535' title='bbox 3648 3720 3941 3790; x_wconf 77' lang='grc' dir='ltr'>ἁγιωτάτου</span> <span class='ocrx_word' id='word_1_536' title='bbox 4002 3722 4151 3790; x_wconf 76' lang='grc' dir='ltr'>ἡμῶν</span> 
     </span>
    </p>
   </div>
   <div class='ocr_carea' id='block_1_85' title="bbox 2541 3806 4155 3883">
    <p class='ocr_par' dir='ltr' id='par_1_85' title="bbox 2541 3806 4155 3883">
     <span class='ocr_line' id='line_1_86' title="bbox 2541 3806 4155 3883; baseline -0.001 -21"><span class='ocrx_word' id='word_1_537' title='bbox 2541 3807 2801 3862; x_wconf 75' lang='grc' dir='ltr'>δεσπότου</span> <span class='ocrx_word' id='word_1_538' title='bbox 2862 3815 2951 3861; x_wconf 85' lang='grc' dir='ltr'>καὶ</span> <span class='ocrx_word' id='word_1_539' title='bbox 3013 3810 3370 3880; x_wconf 78' lang='grc' dir='ltr'>οἱκουμενικου</span> <span class='ocrx_word' id='word_1_540' title='bbox 3432 3813 3768 3883; x_wconf 81' lang='grc' dir='ltr'>πατριάρχου</span> <span class='ocrx_word' id='word_1_541' title='bbox 3809 3809 3856 3860; x_wconf 88' lang='grc' dir='ltr'><strong>ἐν</strong></span> <span class='ocrx_word' id='word_1_542' title='bbox 3911 3818 4018 3870; x_wconf 87' lang='grc' dir='ltr'>τοὶς</span> <span class='ocrx_word' id='word_1_543' title='bbox 4068 3806 4155 3860; x_wconf 77' lang='grc' dir='ltr'><strong>δε-</strong></span> 
     </span>
    </p>
   </div>
   <div class='ocr_carea' id='block_1_86' title="bbox 2542 3895 4152 3971">
    <p class='ocr_par' dir='ltr' id='par_1_86' title="bbox 2542 3895 4152 3971">
     <span class='ocr_line' id='line_1_87' title="bbox 2542 3895 4152 3971; baseline -0.002 -21"><span class='ocrx_word' id='word_1_544' title='bbox 2542 3899 2666 3960; x_wconf 81' lang='grc' dir='ltr'>ξιοῖς</span> <span class='ocrx_word' id='word_1_545' title='bbox 2747 3899 3036 3961; x_wconf 84' lang='grc' dir='ltr'>ἀλεξιακοίς</span> <span class='ocrx_word' id='word_1_546' title='bbox 3111 3905 3621 3970; x_wconf 71' lang='grc' dir='ltr'>κατηχουμενείοιςο</span> <span class='ocrx_word' id='word_1_547' title='bbox 3704 3895 4152 3971; x_wconf 76' lang='grc' dir='ltr'>συνεδριαζοντων</span> 
     </span>
    </p>
   </div>
   <div class='ocr_carea' id='block_1_87' title="bbox 2539 3986 4153 4060">
    <p class='ocr_par' dir='ltr' id='par_1_87' title="bbox 2539 3986 4153 4060">
     <span class='ocr_line' id='line_1_88' title="bbox 2539 3986 4153 4060; baseline -0.001 -20"><span class='ocrx_word' id='word_1_548' title='bbox 2539 3997 2603 4059; x_wconf 68' lang='grc' dir='ltr'>τῇ</span> <span class='ocrx_word' id='word_1_549' title='bbox 2668 3988 2863 4059; x_wconf 76' lang='grc' dir='ltr'>μεγάλη</span> <span class='ocrx_word' id='word_1_550' title='bbox 2936 3987 3202 4058; x_wconf 75' lang='grc' dir='ltr'>ἁγιωσύνῃ</span> <span class='ocrx_word' id='word_1_551' title='bbox 3279 3988 3440 4038; x_wconf 71' lang='grc' dir='ltr'>αὐτοῦ</span> <span class='ocrx_word' id='word_1_552' title='bbox 3499 3990 3787 4059; x_wconf 73' lang='grc' dir='ltr'>ἱερωτάτων</span> <span class='ocrx_word' id='word_1_553' title='bbox 3865 3986 4153 4060; x_wconf 80' lang='grc' dir='ltr'>ἀρχιερέων</span> 
     </span>
    </p>
   </div>
   <div class='ocr_carea' id='block_1_88' title="bbox 2540 4075 4153 4150">
    <p class='ocr_par' dir='ltr' id='par_1_88' title="bbox 2540 4075 4153 4150">
     <span class='ocr_line' id='line_1_89' title="bbox 2540 4075 4153 4150; baseline -0.001 -22"><span class='ocrx_word' id='word_1_554' title='bbox 2540 4087 2633 4128; x_wconf 82' lang='grc' dir='ltr'><strong>του</strong></span> <span class='ocrx_word' id='word_1_555' title='bbox 2693 4082 3029 4149; x_wconf 80' lang='grc' dir='ltr'>Καισαρείας.</span> <span class='ocrx_word' id='word_1_556' title='bbox 3083 4085 3175 4128; x_wconf 85' lang='grc' dir='ltr'><strong>του</strong></span> <span class='ocrx_word' id='word_1_557' title='bbox 3241 4075 3560 4150; x_wconf 72' lang='grc' dir='ltr'>Ἡρακλείας,</span> <span class='ocrx_word' id='word_1_558' title='bbox 3629 4084 3723 4127; x_wconf 71' lang='grc' dir='ltr'>τοῦ</span> <span class='ocrx_word' id='word_1_559' title='bbox 3784 4081 4001 4148; x_wconf 71' lang='grc' dir='ltr'>Καρίας,</span> <span class='ocrx_word' id='word_1_560' title='bbox 4059 4085 4153 4126; x_wconf 82' lang='grc' dir='ltr'>τοῦ</span> 
     </span>
    </p>
   </div>
   <div class='ocr_carea' id='block_1_89' title="bbox 2539 4165 4155 4237">
    <p class='ocr_par' dir='ltr' id='par_1_89' title="bbox 2539 4165 4155 4237">
     <span class='ocr_line' id='line_1_90' title="bbox 2539 4165 4155 4237; baseline -0.002 -20"><span class='ocrx_word' id='word_1_561' title='bbox 2539 4172 2827 4229; x_wconf 76' lang='grc' dir='ltr'>Μωκησου,</span> <span class='ocrx_word' id='word_1_562' title='bbox 2879 4174 2970 4216; x_wconf 78' lang='grc' dir='ltr'><strong>του</strong></span> <span class='ocrx_word' id='word_1_563' title='bbox 3032 4170 3261 4236; x_wconf 70' lang='grc' dir='ltr'>Κρήτης,</span> <span class='ocrx_word' id='word_1_564' title='bbox 3323 4172 3415 4215; x_wconf 81' lang='grc' dir='ltr'><strong>του</strong></span> <span class='ocrx_word' id='word_1_565' title='bbox 3465 4165 3878 4237; x_wconf 70' lang='grc' dir='ltr'>Τραπεζοῦντος,</span> <span class='ocrx_word' id='word_1_566' title='bbox 3918 4172 4009 4215; x_wconf 78' lang='grc' dir='ltr'>τοῦ</span> <span class='ocrx_word' id='word_1_567' title='bbox 4065 4169 4155 4216; x_wconf 65' lang='grc' dir='ltr'>Φι-</span> 
     </span>
    </p>
   </div>
   <div class='ocr_carea' id='block_1_90' title="bbox 2538 4253 4152 4326">
    <p class='ocr_par' dir='ltr' id='par_1_90' title="bbox 2538 4253 4152 4326">
     <span class='ocr_line' id='line_1_91' title="bbox 2538 4253 4152 4326; baseline -0.002 -21"><span class='ocrx_word' id='word_1_568' title='bbox 2538 4254 2758 4308; x_wconf 76' lang='grc' dir='ltr'>λίππων.</span> <span class='ocrx_word' id='word_1_569' title='bbox 2824 4262 2915 4304; x_wconf 81' lang='grc' dir='ltr'><strong>του</strong></span> <span class='ocrx_word' id='word_1_570' title='bbox 2992 4253 3304 4322; x_wconf 72' lang='grc' dir='ltr'>Μιτυλήνης,</span> <span class='ocrx_word' id='word_1_571' title='bbox 3359 4261 3451 4304; x_wconf 80' lang='grc' dir='ltr'><strong>του</strong></span> <span class='ocrx_word' id='word_1_572' title='bbox 3525 4256 3666 4304; x_wconf 81' lang='grc' dir='ltr'>Νέων</span> <span class='ocrx_word' id='word_1_573' title='bbox 3744 4258 3982 4326; x_wconf 62' lang='grc' dir='ltr'>Πατρῶν,</span> <span class='ocrx_word' id='word_1_574' title='bbox 4059 4260 4152 4303; x_wconf 74' lang='grc' dir='ltr'><strong>του</strong></span> 
     </span>
    </p>
   </div>
   <div class='ocr_carea' id='block_1_91' title="bbox 2538 4338 4154 4414">
    <p class='ocr_par' dir='ltr' id='par_1_91' title="bbox 2538 4338 4154 4414">
     <span class='ocr_line' id='line_1_92' title="bbox 2538 4338 4154 4414; baseline -0.009 -15"><span class='ocrx_word' id='word_1_575' title='bbox 2538 4344 2836 4414; x_wconf 69' lang='grc' dir='ltr'>Εὐχαιτων,</span> <span class='ocrx_word' id='word_1_576' title='bbox 2895 4351 2986 4393; x_wconf 77' lang='grc' dir='ltr'><strong>του</strong></span> <span class='ocrx_word' id='word_1_577' title='bbox 3045 4338 3419 4414; x_wconf 66' lang='grc' dir='ltr'>Ἀμάστριδος,</span> <span class='ocrx_word' id='word_1_578' title='bbox 3473 4349 3568 4393; x_wconf 77' lang='grc' dir='ltr'>τοῦ</span> <span class='ocrx_word' id='word_1_579' title='bbox 3618 4341 3832 4414; x_wconf 69' lang='grc' dir='ltr'>Σερῥων,</span> <span class='ocrx_word' id='word_1_580' title='bbox 3886 4350 3978 4393; x_wconf 82' lang='grc' dir='ltr'><strong>του</strong></span> <span class='ocrx_word' id='word_1_581' title='bbox 4041 4350 4154 4399; x_wconf 84' lang='grc' dir='ltr'><strong>Θη-</strong></span> 
     </span>
    </p>
   </div>
   <div class='ocr_carea' id='block_1_92' title="bbox 2539 4427 4148 4503">
    <p class='ocr_par' dir='ltr' id='par_1_92' title="bbox 2539 4427 4148 4503">
     <span class='ocr_line' id='line_1_93' title="bbox 2539 4427 4148 4503; baseline -0.001 -19"><span class='ocrx_word' id='word_1_582' title='bbox 2539 4432 2660 4503; x_wconf 77' lang='grc' dir='ltr'>ϐῶν,</span> <span class='ocrx_word' id='word_1_583' title='bbox 2685 4441 2776 4484; x_wconf 77' lang='grc' dir='ltr'>τοῦ</span> <span class='ocrx_word' id='word_1_584' title='bbox 2807 4435 2980 4494; x_wconf 79' lang='grc' dir='ltr'>Αἶνον,</span> <span class='ocrx_word' id='word_1_585' title='bbox 3008 4440 3102 4482; x_wconf 78' lang='grc' dir='ltr'><strong>του</strong></span> <span class='ocrx_word' id='word_1_586' title='bbox 3124 4432 3426 4502; x_wconf 75' lang='grc' dir='ltr'>Ἀπαμείας,</span> <span class='ocrx_word' id='word_1_587' title='bbox 3453 4439 3544 4482; x_wconf 77' lang='grc' dir='ltr'><strong>τον</strong></span> <span class='ocrx_word' id='word_1_588' title='bbox 3576 4427 3828 4495; x_wconf 67' lang='grc' dir='ltr'>Ἀϐύδου,</span> <span class='ocrx_word' id='word_1_589' title='bbox 3861 4439 3952 4482; x_wconf 79' lang='grc' dir='ltr'>τοῦ</span> <span class='ocrx_word' id='word_1_590' title='bbox 3985 4437 4148 4483; x_wconf 83' lang='grc' dir='ltr'>Λακε-</span> 
     </span>
    </p>
   </div>
   <div class='ocr_carea' id='block_1_93' title="bbox 2458 4516 4148 4616">
    <p class='ocr_par' dir='ltr' id='par_1_93' title="bbox 2458 4516 4148 4616">
     <span class='ocr_line' id='line_1_94' title="bbox 2458 4516 4148 4616; baseline -0.002 -42"><span class='ocrx_word' id='word_1_591' title='bbox 2458 4563 2507 4616; x_wconf 81' lang='lat' dir='ltr'><strong>D</strong></span> <span class='ocrx_word' id='word_1_592' title='bbox 2539 4519 2835 4593; x_wconf 82' lang='grc' dir='ltr'>δαιμονίας,</span> <span class='ocrx_word' id='word_1_593' title='bbox 2877 4529 2969 4571; x_wconf 83' lang='grc' dir='ltr'><strong>του</strong></span> <span class='ocrx_word' id='word_1_594' title='bbox 3002 4521 3344 4592; x_wconf 79' lang='grc' dir='ltr'>Παροναξίας,</span> <span class='ocrx_word' id='word_1_595' title='bbox 3375 4528 3467 4571; x_wconf 80' lang='grc' dir='ltr'>τοῦ</span> <span class='ocrx_word' id='word_1_596' title='bbox 3513 4516 4018 4593; x_wconf 75' lang='grc' dir='ltr'>Ἀρκαδιουπολεως,</span> <span class='ocrx_word' id='word_1_597' title='bbox 4054 4529 4148 4572; x_wconf 73' lang='grc' dir='ltr'>τοῦ</span> 
     </span>
    </p>
   </div>
   <div class='ocr_carea' id='block_1_94' title="bbox 748 4608 2428 4685">
    <p class='ocr_par' dir='ltr' id='par_1_94' title="bbox 748 4612 2426 4679">
     <span class='ocr_line' id='line_1_95' title="bbox 748 4612 2426 4679; baseline 0.002 -11"><span class='ocrx_word' id='word_1_598' title='bbox 748 4612 944 4679; x_wconf 90' lang='lat' dir='ltr'><strong>censi;</strong></span> <span class='ocrx_word' id='word_1_599' title='bbox 981 4612 1322 4668; x_wconf 86' lang='lat' dir='ltr'><strong>astantibus</strong></span> <span class='ocrx_word' id='word_1_600' title='bbox 1348 4615 1530 4670; x_wconf 86' lang='lat' dir='ltr'><strong>etiam</strong></span> <span class='ocrx_word' id='word_1_601' title='bbox 1565 4615 1664 4670; x_wconf 89' lang='lat' dir='ltr'><strong>Dei</strong></span> <span class='ocrx_word' id='word_1_602' title='bbox 1706 4615 2136 4670; x_wconf 88' lang='lat' dir='ltr'><strong>amantissimis</strong></span> <span class='ocrx_word' id='word_1_603' title='bbox 2162 4615 2426 4672; x_wconf 90' lang='lat' dir='ltr'><strong>dominis</strong></span> 
     </span>
    </p>
   </div>
   <div class='ocr_carea' id='block_1_95' title="bbox 2456 4608 4146 4685">
    <p class='ocr_par' dir='ltr' id='par_1_95' title="bbox 2458 4608 4146 4685">
     <span class='ocr_line' id='line_1_96' title="bbox 2458 4608 4146 4685; baseline -0.001 -23"><span class='ocrx_word' id='word_1_604' title='bbox 2458 4608 2505 4669; x_wconf 76' lang='grc'>”,</span> <span class='ocrx_word' id='word_1_605' title='bbox 2539 4616 2756 4685; x_wconf 84' lang='grc' dir='ltr'>Παρίου,</span> <span class='ocrx_word' id='word_1_606' title='bbox 2786 4629 2878 4661; x_wconf 87' lang='grc' dir='ltr'><strong>του</strong></span> <span class='ocrx_word' id='word_1_607' title='bbox 2910 4608 3219 4680; x_wconf 80' lang='grc' dir='ltr'>Σηλυϐρίας,</span> <span class='ocrx_word' id='word_1_608' title='bbox 3253 4616 3340 4660; x_wconf 81' lang='grc' dir='ltr'>τοῦ</span> <span class='ocrx_word' id='word_1_609' title='bbox 3388 4614 3575 4669; x_wconf 80' lang='grc' dir='ltr'>Νίκης,</span> <span class='ocrx_word' id='word_1_610' title='bbox 3609 4616 3701 4659; x_wconf 80' lang='grc' dir='ltr'><strong>του</strong></span> <span class='ocrx_word' id='word_1_611' title='bbox 3744 4612 3994 4681; x_wconf 81' lang='grc' dir='ltr'>Βρύσεως,</span> <span class='ocrx_word' id='word_1_612' title='bbox 4052 4617 4146 4660; x_wconf 76' lang='grc' dir='ltr'>τοῦ</span> 
     </span>
    </p>
   </div>
   <div class='ocr_carea' id='block_1_96' title="bbox 747 4697 1110 4770">
    <p class='ocr_par' dir='ltr' id='par_1_96' title="bbox 747 4697 1110 4770">
     <span class='ocr_line' id='line_1_97' title="bbox 747 4697 1110 4770; baseline 0.006 -18"><span class='ocrx_word' id='word_1_613' title='bbox 747 4697 1110 4770; x_wconf 73' lang='lat' dir='ltr'><strong>praepositis.</strong></span> 
     </span>
    </p>
   </div>
   <div class='ocr_carea' id='block_1_97' title="bbox 819 4881 2423 4954">
    <p class='ocr_par' dir='ltr' id='par_1_97' title="bbox 819 4881 2423 4954">
     <span class='ocr_line' id='line_1_98' title="bbox 819 4881 2423 4954; baseline 0.004 -21"><span class='ocrx_word' id='word_1_614' title='bbox 819 4882 873 4936; x_wconf 81' lang='lat'><strong>2.</strong></span> <span class='ocrx_word' id='word_1_615' title='bbox 915 4881 1168 4948; x_wconf 75' lang='lat' dir='ltr'><strong>Tempus</strong></span> <span class='ocrx_word' id='word_1_616' title='bbox 1210 4881 1463 4935; x_wconf 68' lang='lat' dir='ltr'><strong>tacendi</strong></span> <span class='ocrx_word' id='word_1_617' title='bbox 1491 4887 1545 4936; x_wconf 84' lang='lat' dir='ltr'><strong>et</strong></span> <span class='ocrx_word' id='word_1_618' title='bbox 1577 4887 1809 4951; x_wconf 83' lang='lat' dir='ltr'><strong>tempus</strong></span> <span class='ocrx_word' id='word_1_619' title='bbox 1840 4883 2146 4953; x_wconf 78' lang='lat' dir='ltr'><strong>loquendi,</strong></span> <span class='ocrx_word' id='word_1_620' title='bbox 2181 4884 2423 4954; x_wconf 88' lang='lat' dir='ltr'><strong>sapiens</strong></span> 
     </span>
    </p>
   </div>
   <div class='ocr_carea' id='block_1_98' title="bbox 747 4968 2420 5034">
    <p class='ocr_par' dir='ltr' id='par_1_98' title="bbox 747 4968 2420 5034">
     <span class='ocr_line' id='line_1_99' title="bbox 747 4968 2420 5034; baseline 0.002 -10"><span class='ocrx_word' id='word_1_621' title='bbox 747 4969 1134 5025; x_wconf 86' lang='lat' dir='ltr'><strong>Ecclesiastes</strong></span> <span class='ocrx_word' id='word_1_622' title='bbox 1154 4968 1390 5034; x_wconf 73' lang='lat' dir='ltr'><strong>dicit”;</strong></span> <span class='ocrx_word' id='word_1_623' title='bbox 1419 4969 1513 5024; x_wconf 93' lang='lat' dir='ltr'><strong>his</strong></span> <span class='ocrx_word' id='word_1_624' title='bbox 1543 4970 1741 5026; x_wconf 88' lang='lat' dir='ltr'><strong>verbis</strong></span> <span class='ocrx_word' id='word_1_625' title='bbox 1773 4971 2046 5026; x_wconf 90' lang='lat' dir='ltr'><strong>sobrium</strong></span> <span class='ocrx_word' id='word_1_626' title='bbox 2080 4971 2420 5028; x_wconf 66' lang='lat' dir='ltr'><strong>curdatum-</strong></span> 
     </span>
    </p>
   </div>
   <div class='ocr_carea' id='block_1_99' title="bbox 745 5058 2420 5133">
    <p class='ocr_par' dir='ltr' id='par_1_99' title="bbox 745 5058 2420 5133">
     <span class='ocr_line' id='line_1_100' title="bbox 745 5058 2420 5133; baseline 0.001 -19"><span class='ocrx_word' id='word_1_627' title='bbox 745 5074 865 5131; x_wconf 91' lang='lat' dir='ltr'><strong>que</strong></span> <span class='ocrx_word' id='word_1_628' title='bbox 879 5058 1216 5114; x_wconf 87' lang='lat' dir='ltr'><strong>auditorem</strong></span> <span class='ocrx_word' id='word_1_629' title='bbox 1233 5059 1577 5114; x_wconf 86' lang='lat' dir='ltr'><strong>admonens</strong></span> <span class='ocrx_word' id='word_1_630' title='bbox 1595 5075 1669 5115; x_wconf 89' lang='lat' dir='ltr'><strong>ne</strong></span> <span class='ocrx_word' id='word_1_631' title='bbox 1685 5060 1832 5132; x_wconf 89' lang='lat' dir='ltr'><strong>quid</strong></span> <span class='ocrx_word' id='word_1_632' title='bbox 1854 5062 2195 5116; x_wconf 84' lang='lat' dir='ltr'><strong>inconsulte</strong></span> <span class='ocrx_word' id='word_1_633' title='bbox 2215 5061 2420 5133; x_wconf 90' lang='lat' dir='ltr'><strong>loqua-</strong></span> 
     </span>
    </p>
   </div>
   <div class='ocr_carea' id='block_1_100' title="bbox 746 5147 2418 5219">
    <p class='ocr_par' dir='ltr' id='par_1_100' title="bbox 746 5147 2418 5219">
     <span class='ocr_line' id='line_1_101' title="bbox 746 5147 2418 5219; baseline 0.002 -17"><span class='ocrx_word' id='word_1_634' title='bbox 746 5153 842 5203; x_wconf 89' lang='lat' dir='ltr'><strong>tur</strong></span> <span class='ocrx_word' id='word_1_635' title='bbox 887 5163 1085 5219; x_wconf 90' lang='lat' dir='ltr'><strong>neque</strong></span> <span class='ocrx_word' id='word_1_636' title='bbox 1110 5147 1583 5219; x_wconf 87' lang='lat' dir='ltr'><strong>intemperanter</strong></span> <span class='ocrx_word' id='word_1_637' title='bbox 1606 5148 1781 5206; x_wconf 89' lang='lat' dir='ltr'><strong>labiis</strong></span> <span class='ocrx_word' id='word_1_638' title='bbox 1806 5148 2040 5205; x_wconf 66' lang='lat' dir='ltr'><strong>effutiat</strong></span> <span class='ocrx_word' id='word_1_639' title='bbox 2067 5193 2080 5215; x_wconf 90' lang='lat'><strong>,</strong></span> <span class='ocrx_word' id='word_1_640' title='bbox 2112 5166 2322 5205; x_wconf 89' lang='lat' dir='ltr'><strong>verum</strong></span> <span class='ocrx_word' id='word_1_641' title='bbox 2354 5157 2418 5206; x_wconf 91' lang='lat' dir='ltr'><strong>ut</strong></span> 
     </span>
    </p>
   </div>
   <div class='ocr_carea' id='block_1_101' title="bbox 745 5237 2411 5310">
    <p class='ocr_par' dir='ltr' id='par_1_101' title="bbox 745 5237 2411 5310">
     <span class='ocr_line' id='line_1_102' title="bbox 745 5237 2411 5310; baseline 0.002 -18"><span class='ocrx_word' id='word_1_642' title='bbox 745 5243 924 5293; x_wconf 91' lang='lat' dir='ltr'><strong>antea</strong></span> <span class='ocrx_word' id='word_1_643' title='bbox 943 5237 1206 5309; x_wconf 84' lang='lat' dir='ltr'><strong>exploret</strong></span> <span class='ocrx_word' id='word_1_644' title='bbox 1240 5237 1662 5310; x_wconf 90' lang='lat' dir='ltr'><strong>discernatque</strong></span> <span class='ocrx_word' id='word_1_645' title='bbox 1695 5239 1864 5310; x_wconf 90' lang='lat' dir='ltr'><strong>quod</strong></span> <span class='ocrx_word' id='word_1_646' title='bbox 1913 5245 2111 5295; x_wconf 90' lang='lat' dir='ltr'><strong>mente</strong></span> <span class='ocrx_word' id='word_1_647' title='bbox 2144 5239 2411 5306; x_wconf 83' lang='lat' dir='ltr'><strong>revolvit,</strong></span> 
     </span>
    </p>
   </div>
   <div class='ocr_carea' id='block_1_102' title="bbox 746 5326 2414 5398">
    <p class='ocr_par' dir='ltr' id='par_1_102' title="bbox 746 5326 2414 5398">
     <span class='ocr_line' id='line_1_103' title="bbox 746 5326 2414 5398; baseline 0.001 -16"><span class='ocrx_word' id='word_1_648' title='bbox 746 5327 1080 5398; x_wconf 90' lang='lat' dir='ltr'><strong>seduloque</strong></span> <span class='ocrx_word' id='word_1_649' title='bbox 1113 5326 1473 5389; x_wconf 88' lang='lat' dir='ltr'><strong>consideret,</strong></span> <span class='ocrx_word' id='word_1_650' title='bbox 1508 5343 1582 5382; x_wconf 91' lang='lat' dir='ltr'><strong>ne</strong></span> <span class='ocrx_word' id='word_1_651' title='bbox 1634 5327 1886 5383; x_wconf 90' lang='lat' dir='ltr'><strong>vitiosus</strong></span> <span class='ocrx_word' id='word_1_652' title='bbox 1945 5345 2142 5383; x_wconf 89' lang='lat' dir='ltr'><strong>sermo</strong></span> <span class='ocrx_word' id='word_1_653' title='bbox 2187 5345 2256 5382; x_wconf 88' lang='lat' dir='ltr'><strong>ex</strong></span> <span class='ocrx_word' id='word_1_654' title='bbox 2313 5345 2414 5383; x_wconf 92' lang='lat' dir='ltr'><strong>ore</strong></span> 
     </span>
    </p>
   </div>
   <div class='ocr_carea' id='block_1_103' title="bbox 741 5415 2414 5491">
    <p class='ocr_par' dir='ltr' id='par_1_103' title="bbox 741 5415 2414 5491">
     <span class='ocr_line' id='line_1_104' title="bbox 741 5415 2414 5491; baseline 0.001 -19"><span class='ocrx_word' id='word_1_655' title='bbox 741 5421 950 5473; x_wconf 90' lang='lat' dir='ltr'><strong>nostro</strong></span> <span class='ocrx_word' id='word_1_656' title='bbox 997 5415 1304 5488; x_wconf 87' lang='lat' dir='ltr'><strong>procedat,</strong></span> <span class='ocrx_word' id='word_1_657' title='bbox 1340 5417 1445 5472; x_wconf 90' lang='lat' dir='ltr'><strong>sed</strong></span> <span class='ocrx_word' id='word_1_658' title='bbox 1486 5423 1692 5473; x_wconf 87' lang='lat' dir='ltr'><strong>contra</strong></span> <span class='ocrx_word' id='word_1_659' title='bbox 1725 5419 1771 5472; x_wconf 93' lang='lat' dir='ltr'><strong>si</strong></span> <span class='ocrx_word' id='word_1_660' title='bbox 1803 5419 1939 5491; x_wconf 89' lang='lat' dir='ltr'><strong>quis</strong></span> <span class='ocrx_word' id='word_1_661' title='bbox 1967 5425 2052 5474; x_wconf 86' lang='lat' dir='ltr'><strong>est</strong></span> <span class='ocrx_word' id='word_1_662' title='bbox 2101 5419 2301 5473; x_wconf 89' lang='lat' dir='ltr'><strong>bonus</strong></span> <span class='ocrx_word' id='word_1_663' title='bbox 2356 5425 2414 5474; x_wconf 86' lang='lat' dir='ltr'><strong>et</strong></span> 
     </span>
    </p>
   </div>
   <div class='ocr_carea' id='block_1_104' title="bbox 744 5505 2411 5578">
    <p class='ocr_par' dir='ltr' id='par_1_104' title="bbox 744 5505 2411 5578">
     <span class='ocr_line' id='line_1_105' title="bbox 744 5505 2411 5578; baseline 0.002 -17"><span class='ocrx_word' id='word_1_664' title='bbox 744 5506 1045 5574; x_wconf 87' lang='lat' dir='ltr'><strong>salutaris,</strong></span> <span class='ocrx_word' id='word_1_665' title='bbox 1079 5511 1260 5578; x_wconf 87' lang='lat' dir='ltr'><strong>atque</strong></span> <span class='ocrx_word' id='word_1_666' title='bbox 1300 5505 1509 5563; x_wconf 60' lang='lat' dir='ltr'><strong>alienae</strong></span> <span class='ocrx_word' id='word_1_667' title='bbox 1540 5507 1925 5564; x_wconf 65' lang='lat' dir='ltr'><strong>mdiﬁcationi</strong></span> <span class='ocrx_word' id='word_1_668' title='bbox 1965 5509 2241 5564; x_wconf 89' lang='lat' dir='ltr'><strong>idoneus.</strong></span> <span class='ocrx_word' id='word_1_669' title='bbox 2278 5511 2411 5564; x_wconf 67' lang='lat' dir='ltr'><strong>Haec</strong></span> 
     </span>
    </p>
   </div>
   <div class='ocr_carea' id='block_1_105' title="bbox 811 5703 1291 5770">
    <p class='ocr_par' dir='ltr' id='par_1_105' title="bbox 811 5703 1291 5770">
     <span class='ocr_line' id='line_1_106' title="bbox 811 5703 1291 5770; baseline 0 -9"><span class='ocrx_word' id='word_1_670' title='bbox 811 5706 858 5740; x_wconf 81' lang='grc'><strong>⁸⁹</strong></span> <span class='ocrx_word' id='word_1_671' title='bbox 900 5706 1037 5761; x_wconf 85' lang='lat' dir='ltr'><strong>Ecc.</strong></span> <span class='ocrx_word' id='word_1_672' title='bbox 1069 5703 1205 5770; x_wconf 77' lang='lat' dir='ltr'><strong>heu,</strong></span> <span class='ocrx_word' id='word_1_673' title='bbox 1235 5708 1291 5761; x_wconf 89' lang='lat'><strong>7.</strong></span> 
     </span>
    </p>
   </div>
   <div class='ocr_carea' id='block_1_106' title="bbox 2534 4694 4147 4774">
    <p class='ocr_par' dir='ltr' id='par_1_106' title="bbox 2534 4694 4147 4774">
     <span class='ocr_line' id='line_1_107' title="bbox 2534 4694 4147 4774; baseline -0.002 -23"><span class='ocrx_word' id='word_1_674' title='bbox 2534 4705 2725 4774; x_wconf 80' lang='grc' dir='ltr'>Δερκου</span> <span class='ocrx_word' id='word_1_675' title='bbox 2760 4717 2774 4731; x_wconf 87' lang='grc'><strong>·</strong></span> <span class='ocrx_word' id='word_1_676' title='bbox 2810 4702 3211 4773; x_wconf 77' lang='grc' dir='ltr'>παρισταμένων</span> <span class='ocrx_word' id='word_1_677' title='bbox 3243 4703 3332 4749; x_wconf 77' lang='grc' dir='ltr'>καὶ</span> <span class='ocrx_word' id='word_1_678' title='bbox 3377 4698 3783 4763; x_wconf 84' lang='grc' dir='ltr'>θεοφιλεστάτων</span> <span class='ocrx_word' id='word_1_679' title='bbox 3818 4694 4147 4750; x_wconf 75' lang='grc' dir='ltr'>δεσποτικῶν</span> 
     </span>
    </p>
   </div>
   <div class='ocr_carea' id='block_1_107' title="bbox 2533 4789 2828 4863">
    <p class='ocr_par' dir='ltr' id='par_1_107' title="bbox 2533 4789 2828 4863">
     <span class='ocr_line' id='line_1_108' title="bbox 2533 4789 2828 4863; baseline 0.003 -23"><span class='ocrx_word' id='word_1_680' title='bbox 2533 4789 2828 4863; x_wconf 83' lang='grc' dir='ltr'>ἀρχόντων.</span> 
     </span>
    </p>
   </div>
   <div class='ocr_carea' id='block_1_108' title="bbox 2605 4874 4142 4950">
    <p class='ocr_par' dir='ltr' id='par_1_108' title="bbox 2605 4874 4142 4950">
     <span class='ocr_line' id='line_1_109' title="bbox 2605 4874 4142 4950; baseline -0.005 -18"><span class='ocrx_word' id='word_1_681' title='bbox 2605 4877 2674 4950; x_wconf 80' lang='grc' dir='ltr'><strong>β’.</strong></span> <span class='ocrx_word' id='word_1_682' title='bbox 2747 4879 2940 4950; x_wconf 82' lang='grc' dir='ltr'>Καιρός</span> <span class='ocrx_word' id='word_1_683' title='bbox 2991 4883 3083 4926; x_wconf 84' lang='grc' dir='ltr'><strong>του</strong></span> <span class='ocrx_word' id='word_1_684' title='bbox 3144 4881 3297 4945; x_wconf 73' lang='grc' dir='ltr'>σιγᾷν</span> <span class='ocrx_word' id='word_1_685' title='bbox 3371 4879 3462 4926; x_wconf 77' lang='grc' dir='ltr'>καὶ</span> <span class='ocrx_word' id='word_1_686' title='bbox 3535 4878 3714 4947; x_wconf 85' lang='grc' dir='ltr'>καιρὸς</span> <span class='ocrx_word' id='word_1_687' title='bbox 3786 4882 3881 4926; x_wconf 80' lang='grc' dir='ltr'>τοῦ</span> <span class='ocrx_word' id='word_1_688' title='bbox 3951 4874 4142 4939; x_wconf 72' lang='grc' dir='ltr'>λαλεῖν,</span> 
     </span>
    </p>
   </div>
   <div class='ocr_carea' id='block_1_109' title="bbox 2531 4962 3789 5038">
    <p class='ocr_par' dir='ltr' id='par_1_109' title="bbox 2531 4962 3789 5038">
     <span class='ocr_line' id='line_1_110' title="bbox 2531 4962 3789 5038; baseline -0.005 -18"><span class='ocrx_word' id='word_1_689' title='bbox 2531 4970 2556 5019; x_wconf 90' lang='grc' dir='ltr'><strong>ό</strong></span> <span class='ocrx_word' id='word_1_690' title='bbox 2625 4971 2778 5038; x_wconf 72' lang='grc' dir='ltr'>σοφός</span> <span class='ocrx_word' id='word_1_691' title='bbox 2854 4964 3273 5025; x_wconf 76' lang='grc' dir='ltr'>Ἐκκλησιαστὴς</span> <span class='ocrx_word' id='word_1_692' title='bbox 3351 4962 3732 5035; x_wconf 76' lang='grc' dir='ltr'>ἀναφθέγγεται</span> <span class='ocrx_word' id='word_1_693' title='bbox 3776 4983 3789 4995; x_wconf 77' lang='grc' dir='ltr'><strong>ο</strong></span> 
     </span>
    </p>
   </div>
   <div class='ocr_carea' id='block_1_110' title="bbox 2527 5050 4144 5131">
    <p class='ocr_par' dir='ltr' id='par_1_110' title="bbox 2527 5050 4144 5131">
     <span class='ocr_line' id='line_1_111' title="bbox 2527 5050 4144 5131; baseline -0.002 -23"><span class='ocrx_word' id='word_1_694' title='bbox 2527 5059 2773 5131; x_wconf 75' lang='grc' dir='ltr'>ῥημάτων</span> <span class='ocrx_word' id='word_1_695' title='bbox 2840 5058 3034 5106; x_wconf 78' lang='grc' dir='ltr'>τούτων</span> <span class='ocrx_word' id='word_1_696' title='bbox 3103 5050 3368 5105; x_wconf 71' lang='grc' dir='ltr'>παιδεύων</span> <span class='ocrx_word' id='word_1_697' title='bbox 3426 5052 3687 5128; x_wconf 81' lang='grc' dir='ltr'>ἀκροατὴν</span> <span class='ocrx_word' id='word_1_698' title='bbox 3756 5058 3843 5105; x_wconf 87' lang='grc' dir='ltr'><strong>τόν</strong></span> <span class='ocrx_word' id='word_1_699' title='bbox 3895 5053 4144 5125; x_wconf 77' lang='grc' dir='ltr'>νηφάλιον</span> 
     </span>
    </p>
   </div>
   <div class='ocr_carea' id='block_1_111' title="bbox 2527 5141 4140 5218">
    <p class='ocr_par' dir='ltr' id='par_1_111' title="bbox 2527 5141 4140 5218">
     <span class='ocr_line' id='line_1_112' title="bbox 2527 5141 4140 5218; baseline -0.002 -20"><span class='ocrx_word' id='word_1_700' title='bbox 2527 5154 2617 5198; x_wconf 81' lang='grc' dir='ltr'><strong>και</strong></span> <span class='ocrx_word' id='word_1_701' title='bbox 2657 5145 2962 5218; x_wconf 73' lang='grc' dir='ltr'>ἀρτίφρονα,</span> <span class='ocrx_word' id='word_1_702' title='bbox 2995 5148 3066 5216; x_wconf 77' lang='grc' dir='ltr'>μὴ</span> <span class='ocrx_word' id='word_1_703' title='bbox 3120 5142 3487 5204; x_wconf 79' lang='grc' dir='ltr'>ἀϐασανίστως</span> <span class='ocrx_word' id='word_1_704' title='bbox 3535 5163 3587 5195; x_wconf 88' lang='grc' dir='ltr'><strong>τι</strong></span> <span class='ocrx_word' id='word_1_705' title='bbox 3637 5144 3977 5214; x_wconf 74' lang='grc' dir='ltr'>φθέγγεσθαι,</span> <span class='ocrx_word' id='word_1_706' title='bbox 4007 5141 4140 5215; x_wconf 80' lang='grc' dir='ltr'><strong>μηδ’</strong></span> 
     </span>
    </p>
   </div>
   <div class='ocr_carea' id='block_1_112' title="bbox 2527 5320 4141 5398">
    <p class='ocr_par' dir='ltr' id='par_1_112' title="bbox 2527 5320 4141 5398">
     <span class='ocr_line' id='line_1_113' title="bbox 2527 5320 4141 5398; baseline -0.002 -19"><span class='ocrx_word' id='word_1_707' title='bbox 2527 5325 2835 5398; x_wconf 76' lang='grc' dir='ltr'>δοκιμάζειν</span> <span class='ocrx_word' id='word_1_708' title='bbox 2889 5329 2979 5375; x_wconf 76' lang='grc' dir='ltr'>καὶ</span> <span class='ocrx_word' id='word_1_709' title='bbox 3032 5328 3222 5394; x_wconf 86' lang='grc' dir='ltr'>κρίνειν</span> <span class='ocrx_word' id='word_1_710' title='bbox 3279 5333 3462 5395; x_wconf 80' lang='grc' dir='ltr'>πρῶτα</span> <span class='ocrx_word' id='word_1_711' title='bbox 3507 5328 3564 5375; x_wconf 87' lang='grc' dir='ltr'><strong>τό</strong></span> <span class='ocrx_word' id='word_1_712' title='bbox 3597 5321 3963 5395; x_wconf 74' lang='grc' dir='ltr'>διανοούμενον</span> <span class='ocrx_word' id='word_1_713' title='bbox 3994 5320 4141 5376; x_wconf 74' lang='grc' dir='ltr'>ἔνδο-</span> 
     </span>
    </p>
   </div>
   <div class='ocr_carea' id='block_1_113' title="bbox 3869 4961 4144 5016">
    <p class='ocr_par' dir='ltr' id='par_1_113' title="bbox 3869 4961 4144 5016">
     <span class='ocr_line' id='line_1_114' title="bbox 3869 4961 4144 5016; baseline -0.004 0"><span class='ocrx_word' id='word_1_714' title='bbox 3869 4961 3967 5016; x_wconf 82' lang='grc' dir='ltr'><strong>διὰ</strong></span> <span class='ocrx_word' id='word_1_715' title='bbox 4040 4973 4144 5016; x_wconf 74' lang='grc' dir='ltr'>τῶν</span> 
     </span>
    </p>
   </div>
   <div class='ocr_carea' id='block_1_114' title="bbox 2527 5232 3935 5308">
    <p class='ocr_par' dir='ltr' id='par_1_114' title="bbox 2527 5232 3935 5308">
     <span class='ocr_line' id='line_1_115' title="bbox 2527 5232 3935 5308; baseline -0.002 -21"><span class='ocrx_word' id='word_1_716' title='bbox 2527 5235 2904 5308; x_wconf 77' lang='grc' dir='ltr'>ἀσυντηρητως</span> <span class='ocrx_word' id='word_1_717' title='bbox 2976 5243 3077 5284; x_wconf 83' lang='grc' dir='ltr'><strong>των</strong></span> <span class='ocrx_word' id='word_1_718' title='bbox 3151 5233 3365 5303; x_wconf 84' lang='grc' dir='ltr'>χειλέων</span> <span class='ocrx_word' id='word_1_719' title='bbox 3440 5238 3712 5305; x_wconf 71' lang='grc' dir='ltr'>προφέρειν</span> <span class='ocrx_word' id='word_1_720' title='bbox 3768 5232 3935 5296; x_wconf 75' lang='grc' dir='ltr'>ἐκτός,</span> 
     </span>
    </p>
   </div>
   <div class='ocr_carea' id='block_1_115' title="bbox 2526 5413 4141 5485">
    <p class='ocr_par' dir='ltr' id='par_1_115' title="bbox 2526 5413 4141 5485">
     <span class='ocr_line' id='line_1_116' title="bbox 2526 5413 4141 5485; baseline -0.002 -17"><span class='ocrx_word' id='word_1_721' title='bbox 2526 5419 2606 5468; x_wconf 77' lang='grc' dir='ltr'><strong>θεν</strong></span> <span class='ocrx_word' id='word_1_722' title='bbox 2665 5415 2712 5466; x_wconf 86' lang='grc' dir='ltr'><strong>ἐν</strong></span> <span class='ocrx_word' id='word_1_723' title='bbox 2755 5415 2909 5485; x_wconf 63' lang='grc' dir='ltr'>ψυχῇ</span> <span class='ocrx_word' id='word_1_724' title='bbox 2961 5418 3051 5463; x_wconf 86' lang='grc' dir='ltr'>καὶ</span> <span class='ocrx_word' id='word_1_725' title='bbox 3116 5419 3337 5484; x_wconf 78' lang='grc' dir='ltr'>συνορᾲν</span> <span class='ocrx_word' id='word_1_726' title='bbox 3395 5413 3728 5484; x_wconf 82' lang='grc' dir='ltr'>ἱμμερίμνως,</span> <span class='ocrx_word' id='word_1_727' title='bbox 3778 5417 3861 5464; x_wconf 86' lang='grc' dir='ltr'>’ἱνα</span> <span class='ocrx_word' id='word_1_728' title='bbox 3911 5418 3982 5485; x_wconf 82' lang='grc' dir='ltr'>μὴ</span> <span class='ocrx_word' id='word_1_729' title='bbox 4045 5433 4141 5464; x_wconf 84' lang='grc' dir='ltr'>σα-</span> 
     </span>
    </p>
   </div>
   <div class='ocr_carea' id='block_1_116' title="bbox 2521 5502 4132 5580">
    <p class='ocr_par' dir='ltr' id='par_1_116' title="bbox 2521 5502 4132 5580">
     <span class='ocr_line' id='line_1_117' title="bbox 2521 5502 4132 5580; baseline -0.002 -22"><span class='ocrx_word' id='word_1_730' title='bbox 2521 5511 2650 5580; x_wconf 84' lang='grc' dir='ltr'>πρὸς</span> <span class='ocrx_word' id='word_1_731' title='bbox 2706 5505 2858 5576; x_wconf 81' lang='grc' dir='ltr'>λόγος</span> <span class='ocrx_word' id='word_1_732' title='bbox 2933 5505 2988 5554; x_wconf 86' lang='grc' dir='ltr'><strong>έκ</strong></span> <span class='ocrx_word' id='word_1_733' title='bbox 3064 5511 3154 5554; x_wconf 74' lang='grc' dir='ltr'>τοῦ</span> <span class='ocrx_word' id='word_1_734' title='bbox 3216 5508 3474 5574; x_wconf 70' lang='grc' dir='ltr'>στόματώ</span> <span class='ocrx_word' id='word_1_735' title='bbox 3554 5505 3700 5575; x_wconf 79' lang='grc' dir='ltr'>ἡμῶν</span> <span class='ocrx_word' id='word_1_736' title='bbox 3769 5502 4132 5576; x_wconf 38' lang='grc' dir='ltr'>εκποιοευηται,</span> 
     </span>
    </p>
   </div>
  </div>
