4480 6430
326 404 436 458 ῒΠ

1726 401 2077 464 TBESAURI
2124 410 2233 465 LIB
2246 453 2259 467 .
2305 412 2461 468 XXV.

3594 418 3703 475 278

328 525 441 577 ἀλλ’
468 529 513 578 εἶ
535 544 613 586 τις
641 523 838 595 ἀγαθὸς
870 530 960 577 καὶ
1012 531 1269 600 σωτήριος
1326 530 1416 578 καὶ
1458 529 1592 598 πρὸς
1644 525 1933 601 οἰκοδομήν
1963 536 2008 588 Α
2041 534 2097 587 Ε(

1930 552 1933 570 ι
1963 536 2008 588 Α
2041 533 2406 590 Ecclesiaste
2432 534 2593 590 dicta
2624 536 2871 592 minime
2913 553 3121 594 secum
3167 542 3457 611 reputans
3498 556 3699 597 sacra-

328 615 548 688 ἑταίρων
573 620 662 666 καὶ
703 613 1052 686 ἐπιστηριξιν·
1080 621 1260 667 Ταῦτα
1287 623 1379 667 τοῦ
1428 616 1843 673 Ἐκκλησιαστοῦ
1869 621 1934 669 τὰ

323 704 545 777 ῥήματα
563 708 636 774 μὴ
668 705 804 754 κατὰ
832 722 952 754 νουν
976 705 1181 774 θέμενος
1198 705 1225 754 ό
1249 706 1525 776 ἱερώτατος
1545 706 1932 778 μητροπολίτης

324 797 556 852 Νικαίας
586 796 853 862 Γεώργιος,
886 787 1003 862 μηδ
1005 795 1027 843 ε
1056 799 1147 843 τοῦ
1171 794 1340 864 Σιρὰχ
1360 792 1511 863 λόγον
1534 793 1931 866 ἐνωτισάμενος,

323 881 695 951 ὑποτιθέμενον
714 884 803 932 τὸν
823 882 914 951 μὲν
937 877 1117 932 εἰδότα
1140 881 1307 933 λαλεῖν
1328 887 1418 933 καὶ
1434 881 1901 955 παρρησιάζεσθαι
1917 906 1930 917 ·

323 973 415 1020 τόν
444 966 504 1021 δε
533 974 605 1039 μὴ
630 964 813 1020 εἰδότα
832 970 1029 1021 τιθέναι
1048 974 1143 1027 τὴν
1165 977 1325 1043 χεῖρα
1344 973 1427 1022 ἐπὶ
1456 975 1699 1041 στόματι,
1725 971 1935 1034 ἀνοίξας

319 1060 383 1109 τό
417 1060 591 1127 στόμα
617 1055 722 1127 οὐχ
753 1056 957 1109 εἵλκυσε
996 1066 1178 1131 πρῶτα
1207 1065 1408 1129 πνεῦμα
1441 1080 1454 1091 ·
1496 1064 1587 1110 καὶ
1627 1060 1764 1111 οὕτω
1803 1063 1936 1131 μετὰ

320 1152 419 1196 τοῦ
448 1148 758 1216 πνεύματος,
790 1145 1044 1219 ηρεύξατο
1072 1149 1138 1197 τὰ
1168 1154 1261 1198 του
1298 1150 1606 1218 πνεύματος,
1637 1146 1743 1199 ἀλλ’
1771 1146 1932 1200 ὰσυν-

321 1240 568 1308 τηρῆτως
592 1240 876 1307 προήνεγκε
900 1256 913 1267 ·
966 1237 1134 1295 καθὼς
1167 1232 1321 1293 δηλοῖ
1347 1239 1407 1287 τό
1450 1238 1587 1288 κατὰ
1628 1240 1725 1293 τῆν
1781 1238 1934 1295 ἕκτην

322 1330 419 1374 τοῦ
450 1322 788 1396 παρελθόντος
810 1322 1112 1395 Ἀπριλλίου
1135 1328 1293 1394 μηνὸς
1309 1332 1403 1385 τῆς
1430 1322 1722 1385 ἐνεστώσης
1742 1343 1934 1377 τεσσα-

321 1408 743 1484 ρεσκαιδεκάτης
770 1410 1118 1482 ἐπινεμήσεως
1149 1411 1350 1464 ἐκτεθὲν
1396 1408 1673 1464 συνοδικόν
1703 1418 1932 1483 σημείω-

321 1520 401 1571 μα
420 1520 435 1532 ο
468 1497 640 1571 ἀμέλει
658 1518 739 1550 τοι
758 1504 849 1551 καὶ
873 1502 1011 1551 κατὰ
1025 1503 1083 1551 τὸ
1106 1508 1339 1552 τοιοῦτον
1362 1497 1641 1552 συνοδικὸν
1656 1520 1723 1559 ση
1729 1507 1934 1572 μείωμα

320 1592 443 1640 τότε
471 1584 736 1659 καταδίκη
764 1586 1014 1659 ἐνομίσθη
1038 1586 1170 1639 εἶναι
1196 1590 1502 1649 ὑπεύθυνος.

396 1754 468 1825 γ’.
500 1755 654 1808 Ὀθεν
678 1761 769 1807 καὶ
805 1759 937 1829 πρὸς
983 1760 1079 1813 τῆν
1117 1754 1487 1818 ἁνεξάντλητον
1515 1764 1608 1809 τοῦ
1637 1756 1805 1818 ἐλέους
1832 1777 1930 1814 πη·

317 1850 449 1915 γῆν..
470 1844 658 1916 μᾶλλον
681 1841 741 1897 δι
775 1844 1099 1918 θαρρούντως
1132 1845 1308 1914 εἰπεῖν,
1332 1854 1428 1906 τῆς
1468 1848 1802 1917 συμπαθείας
1837 1851 1931 1905 τὴν
1962 1884 2003 1941 Β

318 1932 581 1999 ἄϐυσσον,
610 1937 698 1985 τόν
730 1936 976 2003 θεοστεφῆ
1011 1940 1384 2005 κραταιότατον
1414 1934 1563 2003 ἅγιον
1594 1936 1739 2006 ἡμῶν
1769 1935 1929 1987 αὐτο-

316 2025 555 2095 κράτορα
582 2026 941 2093 καταπέφευγε
966 2043 978 2054 '
1012 2027 1101 2073 καὶ
1134 2024 1340 2094 θερμοῖς
1360 2028 1453 2080 τὴν
1476 2022 1737 2094 φίλοικτον
1769 2024 1929 2075 αὐτοῦ

315 2118 411 2163 καὶ
439 2114 579 2163 θείαν
606 2111 793 2181 ψυχὴν
814 2115 943 2185 πρὸς
971 2108 1141 2162 οἶκτον
1168 2110 1505 2173 ἐξεκαλέσατο
1535 2107 1796 2185 δάκρυσιν
1823 2133 1835 2144 ·
1860 2114 1930 2174 ὡς

316 2206 411 2253 καὶ
440 2206 657 2272 μήνυμα
687 2202 821 2251 θεῖον
847 2204 1215 2271 προπυνητόν
1241 2199 1428 2251 ἐκεῖθεν
1458 2204 1591 2273 πρὸς
1638 2206 1732 2257 τὴν
1782 2203 1929 2272 ημῶν

319 2294 654 2361 μητριότητα
678 2294 768 2340 καὶ
792 2294 889 2346 τῆν
914 2290 1051 2361 ἱερὰν
1090 2291 1526 2360 καταπεμφθῆναι
1569 2286 1809 2355 σύνοδον,
1835 2286 1929 2340 διὰ

314 2387 412 2430 τοῦ
435 2378 1014 2450 μενναλεπιφανεστάτου
1037 2378 1609 2451 πρωτοκουροπαλάτου
1639 2387 1730 2430 τοῦ
1766 2376 1926 2450 βασι-

314 2469 469 2521 λικοῦ
496 2478 865 2542 γραμματικοῦ
888 2476 1050 2542 κυροῦ
1082 2474 1342 2542 Γεωρφίου
1384 2476 1475 2519 τοῦ
1507 2468 1763 2528 Σκυλίτζη
1791 2490 1802 2500 ·
1833 2488 1923 2520 κα-

317 2561 423 2618 θὼς
452 2562 511 2609 τό
547 2560 683 2609 κατὰ
736 2562 833 2615 τὴν
882 2553 950 2609 ιδ’
998 2566 1091 2607 τού
1143 2553 1575 2629 παραδραμόντος
1624 2558 1925 2631 Ἀπριλλίου

313 2652 486 2719 μηνὸς
508 2655 604 2706 τῆς
630 2643 1211 2719 τεσσαρεσκαιδεκάτης
1245 2643 1569 2707 ἰνδικτιώνος
1614 2645 1809 2699 ἐκτεθὲν
1840 2646 1926 2699 ἐπὶ

313 2745 377 2807 τῇ
409 2744 503 2787 τοῦ
531 2738 771 2787 τοιούτου
805 2733 1087 2807 βασιλικοῦ
1121 2738 1211 2785 καί
1264 2736 1401 2787 θείου
1450 2738 1755 2807 μηνύματος
1795 2739 1927 2810 πρὸς

314 2829 457 2897 ἡμᾶς
509 2821 930 2898 διαπορθμευσει
994 2821 1272 2887 σμνοδικόν
1318 2830 1597 2896 σημείωμα
1652 2832 1915 2899 παριστᾷ,

311 2914 437 2966 Ὀτι
474 2924 599 2984 γουν
629 2919 719 2965 καὶ
754 2918 979 2985 σήμερον
1008 2916 1163 2964 πάλιν
1191 2910 1285 2965 διὰ
1314 2922 1406 2965 του
1453 2914 1609 2964 αὐτοῦ
1639 2912 1924 2985 βασιλίκοῡ

314 3011 692 3077 γραμματικοῦ
724 3001 982 3074 ἀνηγγέλη
1017 3010 1079 3074 τῇ
1115 3005 1261 3073 ημῶν
1284 3008 1585 3074 μετριότητι
1610 3009 1699 3055 καὶ
1720 3012 1781 3075 τῇ
1815 3006 1927 3077 ἱερᾷ

313 3098 407 3145 καὶ
441 3094 552 3163 θείᾳ
586 3088 793 3161 συνόδῳ
830 3095 899 3152 ὡς
925 3092 982 3142 οὐ
1014 3101 1437 3163 προστακτικῶς,
1468 3091 1575 3143 αλλ’
1618 3096 1686 3152 ὡς
1716 3092 1764 3143 ἐν
1796 3090 1927 3145 εῖδει

317 3180 623 3252 συμϐουλῆς
654 3182 679 3232 ό
710 3182 992 3253 κράτιστος
1025 3182 1174 3253 ἡμῶν
1194 3181 1345 3251 ἅγιος
1374 3178 1619 3252 βασιλεὺς
1641 3181 1927 3254 φιλανθρω-

312 3275 528 3342 πότερον
561 3266 868 3326 διατεθῆναι
903 3274 1019 3343 περὶ
1065 3272 1153 3321 τὸν
1192 3275 1413 3329 Νικαίας
1456 3272 1580 3341 ημῖν
1613 3272 1922 3335 ὑποτίθησι,

313 3358 452 3415 πλὴν
492 3366 591 3409 τῶν
621 3362 846 3408 κανόνων
878 3358 1203 3429 σωζομένων,
1248 3360 1276 3415 ἡ
1311 3364 1585 3431 μετριότης
1638 3361 1780 3429 ἡμῶν
1830 3378 1925 3410 συ-

314 3450 461 3519 νάμα
584 3448 697 3519 ἱερᾲ
722 3444 1058 3517 ἀδελφότητι,
1094 3444 1513 3516 ἀναγνωσθέντος
1540 3458 1631 3499 του
1672 3452 1804 3499 κατὰ
1832 3452 1926 3505 την

318 3535 365 3601 ς’
396 3545 490 3588 τοῦ
509 3536 855 3611 παρελθόντος
889 3535 1188 3609 Ἀπριλλίου
1219 3539 1381 3607 μηνὸς
1411 3545 1507 3597 τῆς
1537 3535 1825 3598 ἐνεστώσης
1858 3534 1926 3589 ιδ’

317 3622 648 3685 ἰνδικτιῶνος
692 3630 962 3695 γεγονότος
1014 3621 1297 3677 συνοδικοῦ
1351 3631 1737 3697 σημειωματος,
1790 3625 1839 3677 ἐν

314 3720 407 3765 καὶ
472 3710 739 3785 καταδίκῃ
790 3715 1078 3773 ὑπεύθυνος
1125 3715 1151 3765 ό
1197 3718 1422 3773 Νικαίας
1470 3710 1603 3765 εἶναι
1651 3713 1923 3785 ἐνομίσθη,

320 3805 658 3861 σκοπηθῆναι
688 3800 799 3855 δεῖν
840 3805 987 3872 ἔγνω,
1038 3804 1195 3854 ὁποία
1240 3822 1321 3864 τις
1366 3812 1439 3873 τῷ
1486 3808 1715 3865 Νικαίας
1744 3802 1798 3855 ἐκ
1824 3812 1925 3854 τῶν

312 3899 542 3944 κανόνων
568 3888 832 3949 καταδίκη
862 3890 1110 3963 ἐπάγεται
1134 3913 1146 3925 ·
1181 3900 1333 3943 τοῦτο
1353 3896 1451 3965 γὰρ
1480 3889 1541 3950 ἦν
1564 3896 1621 3943 τό
1654 3895 1728 3944 ἔτι
1756 3892 1924 3944 λειπό-

312 4003 489 4054 μενον,
521 3986 579 4034 τό
611 3988 701 4034 καὶ
728 3987 822 4039 τῆν
851 3987 1107 4039 ποιότητα
1127 3990 1222 4042 τῆς
1248 3980 1566 4054 ἐπαγομένης
1598 3982 1739 4052 αὐτῷ
1769 4001 1927 4033 κατα-

316 4070 479 4133 δίκης
510 4068 937 4142 διαγνωσθῆναι·
974 4072 1055 4122 ὅτι
1082 4079 1207 4141 γουν
1243 4071 1301 4123 ου
1328 4073 1638 4145 καθαίρεσις
1664 4072 1793 4123 εἶναι
1820 4068 1925 4122 διε-

312 4164 527 4233 opma-4
561 4164 725 4231 τούτῳ
752 4165 810 4212 τὸ
842 4163 1124 4231 ἐπιτίμιον,
1159 4158 1434 4235 ἀφορισμῷ
1452 4170 1633 4212 τουτον
1654 4160 1923 4233 ἀλειτουρ-

311 4256 517 4321 γησίας
547 4248 630 4302 ἐπὶ
662 4246 835 4321 διετίᾳ
879 4248 1151 4314 ὑπέϐαλλε,
1184 4253 1315 4322 πρὸς
1353 4253 1409 4301 τὸ
1446 4250 1924 4324 φιλανθρωπότερον

312 4338 676 4393 ἀπονεύσασα.
703 4337 825 4391 Ὀτι
854 4335 912 4390 δὲ
942 4338 1147 4409 πολλοῖς
1180 4338 1263 4389 ἐπὶ
1306 4339 1520 4399 πολλαῖς
1566 4348 1682 4400 ταῖς
1712 4342 1872 4413 ὥραις
1899 4342 1923 4390 ό

312 4436 564 4493 Νικαίας,
589 4432 723 4480 κατά
751 4436 852 4498 γῆς
884 4428 1066 4479 ἑαυτὸν
1094 4428 1277 4502 ῥίψας,
1312 4433 1369 4479 τό
1406 4432 1538 4503 ἱερὸν
1560 4438 1670 4489 τοῖς
1694 4426 1925 4501 δάκρυσι

311 4515 631 4589 κατέϐρεχεν
662 4513 875 4587 ἔδαφος,
901 4521 991 4567 καὶ
1026 4522 1350 4587 σκεναγμους
1381 4516 1435 4567 ἐκ
1479 4516 1678 4593 βάθους
1709 4517 1924 4588 ἀνέπεμ-

310 4626 427 4671 πεν,
464 4608 533 4667 ὡς
562 4612 653 4657 καὶ
686 4610 897 4677 σύμπαν
930 4606 996 4665 εἰς
1030 4603 1201 4657 οἶκτον
1232 4610 1288 4656 τό
1323 4608 1454 4678 ἱερὸν
1488 4604 1758 4681 συνέδριον
1790 4628 1923 4680 προ-
1962 4596 2003 4648 D

311 4695 664 4763 καλέσασθαι,
715 4701 806 4747 καὶ
855 4704 1177 4765 συγκινῆσαι
1222 4698 1419 4757 πάντας
1474 4696 1547 4757 εἰς
1596 4694 1825 4769 δάκρυα,
1858 4699 1927 4757 ὡς

311 4782 470 4836 οὐδὲν
492 4785 645 4841 ἧττον
675 4787 866 4835 ἐκείνου
896 4784 1213 4857 παρακαλεῖν
1244 4785 1317 4845 εἰς
1346 4783 1481 4837 ἔλεον
1513 4791 1604 4843 τὴν
1654 4788 1798 4857 ἡμῶν
1830 4805 1925 4857 με-

308 4880 589 4947 τριότητα,
623 4876 652 4930 η
684 4893 958 4947 μετριότης
991 4876 1133 4945 ἡμων
1157 4877 1367 4946 συνάμα
1390 4882 1450 4944 τῇ
1481 4877 1593 4945 ἱερᾴ
1612 4873 1928 4946 ἀδελφότητι

311 4963 388 5025 εἰς
416 4964 505 5014 ἕνα
533 4968 623 5014 καὶ
652 4968 805 5034 μόνον
836 4963 1070 5014 ἐνιαυτόν
1100 4966 1168 5014 τὰ
1204 4971 1295 5023 τῆς
1326 4961 1756 5037 ἀλειτουργησίας
1787 4964 1927 5035 αὑτῴ

310 5055 592 5124 περιέστη,
622 5049 704 5102 ἐπὶ
734 5060 985 5103 τοσοῦτον
1017 5051 1159 5121 αὑτῲ
1190 5056 1280 5102 καὶ
1308 5056 1400 5108 τὴν
1452 5050 1536 5103 ἐπὶ
1582 5060 1697 5113 ταῖς
1736 5052 1929 5124 ψήφοις

314 5140 621 5193 συνῶ.ευσιν
663 5138 1045 5195 ἀποκλείσασαι.
1076 5140 1161 5201 Ὠς
1208 5137 1296 5192 οὖν
1342 5140 1399 5192 οὐ
1452 5147 1606 5213 μόνον
1658 5147 1929 5210 κανονικὴ,

315 5230 453 5282 ἀλλὰ
477 5235 567 5281 καὶ
598 5229 954 5304 φιλάνθρωπος
986 5232 1015 5287 η
1058 5233 1274 5287 τοιαύτη
1326 5237 1488 5281 πᾶσιν
1539 5228 1711 5293 ἔδοξεν
1762 5230 1930 5284 ἐπιτί-

314 5341 388 5392 μη
402 5339 510 5385 σις,
542 5315 767 5376 ἐπεδόθη
806 5319 948 5389 αὐτῷ
976 5320 1257 5377 αἰτήσαντι
1282 5325 1372 5371 καί
1397 5340 1452 5371 το
1492 5324 1637 5394 παρὰ
1668 5317 1933 5395 διαφόρων

313 5411 621 5481 ὑπογραφὴν
668 5408 959 5481 εἰλητάριον
1013 5431 1024 5442 ·
1081 5414 1171 5462 καὶ
1220 5410 1490 5485 ὑπέγραψε
1537 5416 1626 5463 καὶ
1677 5411 1833 5473 αὐτὸς
1884 5410 1931 5463 ἐν

318 5499 470 5569 αὐτῷ
484 5542 497 5553 .

388 5715 440 5748 ⁸ο
484 5713 656 5769 Eccli.
698 5730 756 5785 v,
795 5716 876 5769 14.

2042 621 2306 676 tissimus
2333 623 2540 677 Nicaeae
2572 625 2953 696 metropolita
2983 627 3270 695 Georgius
3296 645 3307 692 ;
3337 632 3393 683 et
3431 644 3506 684 ne
3539 629 3700 686 Sira-

2042 711 2192 765 cidis
2222 712 2471 783 quidem
2502 713 2708 769 audito
2739 716 2989 784 monito,
3022 716 3333 773 suadentis
3361 723 3427 773 ut
3457 718 3702 791 sapiens

2041 799 2207 872 loqui
2228 802 2470 870 audeat,
2503 802 2791 875 insipiens
2821 811 3026 861 autem
3058 822 3240 879 super
3268 823 3335 863 os
3358 813 3546 879 ponat
3574 824 3701 866 ma-

2043 905 2191 944 num
2225 907 2399 946 suam
2431 893 2477 927 ⁸⁰
2508 910 2519 958 ;
2560 892 2611 947 is
2641 893 2840 962 igitur,
2872 894 3140 951 resoluto
3171 911 3295 965 ore,
3327 896 3492 953 haud
3524 904 3701 955 antea

2043 980 2339 1035 contraxit
2369 981 2646 1052 spiritum
2672 1000 2685 1047 ;
2718 988 2900 1055 atque
2931 983 3014 1040 ita
3039 1000 3179 1040 cum
3224 986 3439 1057 spiritu
3469 990 3700 1044 eructa-

2043 1068 2126 1123 vit
2153 1084 2290 1140 quae
2326 1074 2497 1125 erant
2549 1071 2819 1142 spiritus,
2861 1072 2969 1127 sed
3017 1072 3462 1129 inconsiderate
3489 1075 3698 1147 profu-

2042 1156 2165 1223 dit;
2195 1157 2367 1213 sicuti
2397 1158 2601 1229 palam
2627 1158 2694 1215 ﬁt
2723 1160 2782 1215 in
2815 1160 3110 1232 synodico
3140 1162 3381 1219 decreto
3413 1167 3583 1219 sexta
3601 1164 3699 1221 die

2043 1246 2322 1316 praeteriti
2352 1246 2566 1317 Aprilis
2592 1248 2820 1303 mensis
2865 1248 3107 1305 condito
3152 1252 3466 1320 praesentis
3509 1250 3699 1307 indic-

2042 1333 2220 1389 tionis
2245 1340 2472 1405 quartae
2512 1336 2801 1403 decimas;
2842 1352 2966 1409 quo
3008 1338 3227 1409 synodi
3268 1338 3510 1396 decreto
3556 1355 3697 1397 reus

2041 1436 2358 1495 pcnuaaque
2390 1422 2691 1479 obnoxius
2713 1424 3020 1495 judicatus
3048 1430 3158 1485 est.

2111 1756 2167 1807 3.
2226 1752 2636 1818 Quamobrem
2686 1754 2765 1810 ad
2803 1754 3227 1813 inexhaustum
3269 1757 3693 1814 misericordias

2039 1840 2292 1909 fontem,
2323 1842 2446 1897 imo
2476 1848 2540 1897 ut
2564 1842 2964 1900 conﬁdentius
2992 1844 3216 1914 dicam,
3244 1846 3323 1901 ad
3361 1846 3692 1904 clementiae

2040 1927 2354 1999 abyssum,
2382 1929 2444 1984 id
2476 1936 2564 1985 est
2592 1930 2671 1985 ad
2702 1936 3059 1987 coronatum
3086 1948 3123 1988 a
3145 1935 3264 1989 Deo
3293 1933 3694 1990 fortissimum

2040 2024 2439 2089 sanctumque
2466 2024 2742 2074 nostrum
2769 2020 3193 2091 imperatorem
3236 2022 3542 2092 confugit;
3585 2021 3697 2077 fer-

2038 2106 2313 2178 vidisque
2340 2108 2543 2162 mitem
2576 2109 2706 2178 ejus
2734 2108 3065 2181 divumque
3095 2110 3371 2166 animum
3400 2111 3481 2167 ad
3513 2110 3693 2166 mise-

2037 2194 2357 2250 ricordiam
2390 2196 2717 2251 commovit
2743 2195 3029 2268 lacrymis
3054 2215 3067 2252 :
3095 2198 3178 2254 ita
3208 2203 3271 2253 ut
3300 2198 3511 2253 divum
3542 2214 3691 2270 quo-

2037 2300 2155 2355 que
2185 2285 2598 2340 venerandum
2630 2286 2988 2357 rescriptum
3018 2287 3099 2343 ad
3140 2292 3412 2343 nostram
3460 2286 3692 2343 medio-

2038 2374 2302 2429 critatem
2335 2375 2475 2429 inde
2504 2374 2757 2429 missum
2783 2374 3335 2449 fueritsacramque
3362 2376 3691 2448 synodum,

2037 2478 2144 2533 per
2166 2478 2456 2531 magnum
2484 2468 2664 2534 atque
2690 2463 3165 2519 illustrissimum
3188 2464 3691 2537 protocuropala-

2038 2556 2160 2605 tam
2224 2552 2457 2619 regium
2512 2552 2776 2608 scribam
2824 2552 3143 2609 dominum
3192 2554 3513 2624 Georgium
3554 2556 3694 2625 Scy-

2038 2641 2247 2705 litzen;
2282 2641 2451 2695 sicuti
2482 2648 2761 2697 narratur
2789 2643 2851 2697 in
2887 2641 3183 2715 synodico
3227 2643 3492 2710 decreto,
3523 2642 3694 2715 quod

2034 2729 2131 2784 die
2168 2733 2231 2783 14
2253 2730 2525 2801 prieteriti
2557 2730 2771 2801 Aprilis
2809 2730 3056 2800 mensis,
3078 2732 3392 2804 praesentis
3441 2732 3693 2787 decima

2035 2825 2267 2891 quarta:
2296 2819 2662 2885 indictionis,
2694 2820 2774 2875 ob
2804 2819 2985 2890 hujus
3014 2821 3162 2890 regii
3187 2821 3391 2893 diique
3420 2820 3695 2893 rescripti

2035 2908 2113 2962 ad
2144 2924 2257 2963 nos
2287 2909 2641 2964 missionem
2664 2908 2974 2964 conditum
3000 2909 3131 2965 fuit.
3166 2911 3318 2976 Quia
3347 2926 3490 2966 vero
3512 2910 3693 2966 hodie

2034 3013 2277 3069 quoque
2332 3014 2436 3069 per
2478 2998 2759 3053 eumdem
2803 2998 3035 3068 regium
3078 2999 3341 3055 scribam
3380 2999 3583 3055 denuo
3623 2998 3696 3055 si-

2035 3085 2343 3155 gniﬁcavit
2373 3086 2769 3142 mediocritati
2815 3092 3037 3143 nostrae
3082 3103 3390 3161 sacraeque
3434 3092 3491 3144 et
3537 3086 3695 3143 divm

2035 3175 2293 3245 synodo,
2329 3191 2452 3231 non
2496 3176 2849 3246 imperative
2891 3176 3140 3249 quidem
3185 3177 3293 3234 sed
3338 3177 3515 3249 quasi
3560 3192 3697 3233 sua-

2036 3263 2205 3334 dens,
2262 3266 2792 3336 praestantissimus
2844 3270 3047 3321 noster
3078 3272 3445 3339 sanctusque
3474 3281 3599 3333 rex,
3632 3269 3700 3323 ut

2038 3352 2387 3409 clementius
2413 3370 2557 3423 erga
2584 3354 2892 3409 Nicaenum
2914 3360 3154 3410 nosmet
3177 3370 3483 3423 geramus,
3514 3353 3699 3410 salvis

2037 3453 2243 3497 tamen
2274 3443 2635 3511 canonibus,
2664 3443 3051 3499 mediocritas
3101 3448 3309 3500 nostra
3352 3460 3494 3500 cum
3522 3459 3699 3500 sacra

2036 3531 2420 3598 fraternitate,
2465 3538 2601 3603 post
2660 3532 2881 3588 lectum
2932 3532 3294 3604 synodicum
3341 3532 3462 3588 diei
3515 3536 3699 3587 sexta:

2037 3621 2317 3692 praeteriti
2341 3621 2557 3693 Aprilis
2592 3622 2819 3677 mensis
2840 3622 3161 3694 praesentis
3190 3622 3442 3678 decimas
3467 3626 3699 3693 quarta:

2036 3710 2399 3775 indictionis,
2424 3711 2734 3767 decretum
2758 3728 2883 3782 quo
2903 3727 3099 3784 pcrnaa
3126 3713 3429 3768 obnoxius
3457 3711 3697 3782 judica-

2037 3804 2134 3855 tus
2163 3800 2437 3855 Nicaenus
2466 3800 2574 3855 fuit
2599 3820 2611 3867 ;
2643 3801 3040 3873 quaerendum
3070 3801 3318 3867 censuit,
3357 3816 3701 3874 quamnam

2037 3890 2393 3944 canonicam
2426 3896 2751 3945 mereretur
2783 3891 3055 3946 Nicaanus
3106 3906 3386 3963 poenam;
3433 3890 3497 3945 id
3538 3889 3701 3945 enim

2037 3978 2453 4033 deﬁniendum
2480 3984 2812 4050 supererat,
2859 3994 3080 4051 nempe
3118 3983 3185 4035 ut
3228 3978 3303 4034 de
3356 3976 3701 4051 inﬂigendas

2037 4083 2232 4139 poenae
2260 4068 2548 4138 qualitate
2568 4068 2868 4139 judicium
2898 4068 3173 4125 ferretur.
3219 4070 3491 4141 Cumque
3518 4082 3703 4137 paena

2038 4158 2331 4212 canonica
2358 4174 2479 4213 non
2520 4164 2676 4213 esset
2721 4164 3033 4230 comperta
3081 4158 3407 4230 depositio,
3458 4158 3701 4213 Nicaeno

2038 4262 2144 4317 per
2173 4246 2487 4302 biennium
2518 4247 2848 4303 ministerio
2875 4247 3198 4314 interdixit,
3232 4248 3564 4303 clementia:
3603 4261 3701 4302 ra-

2037 4337 2196 4391 tione
2222 4337 2449 4392 habita.
2478 4338 2625 4391 Cum
2658 4342 2860 4392 autem
2895 4337 2974 4393 ad
3008 4336 3354 4409 complures
3401 4336 3586 4393 horas
3611 4334 3702 4392 Ni-

2037 4442 2247 4481 camus
2277 4426 2445 4481 humi
2491 4432 2715 4481 stratus
2767 4442 3007 4483 sacrum
3050 4426 3367 4498 permultis
3414 4418 3702 4497 lacrymis

2037 4518 2453 4590 pavimentum
2510 4516 2751 4585 rigaret,
2801 4516 3063 4588 suspiria
3112 4515 3419 4587 profundo
3459 4520 3701 4587 pectore

2038 4609 2299 4667 mittens,
2333 4607 2413 4660 ita
2437 4610 2497 4659 ut
2525 4605 2600 4660 ad
2644 4605 3125 4661 misericordiam
3174 4605 3525 4678 synedrium
3570 4605 3703 4660 uni-

2037 4711 2279 4749 versum
2345 4696 2545 4761 cieret,
2613 4694 3036 4767 lacrymasque
3114 4694 3343 4750 cunctis
3408 4693 3699 4761 eliceret;

2038 4789 2433 4856 nostramque
2463 4784 2617 4840 adeo
2662 4784 3141 4841 mediocritatem
3190 4784 3269 4840 ad
3319 4784 3702 4841 clementiam

2037 4889 2208 4945 aeque
2235 4879 2684 4941 commoveret;
2716 4878 2946 4941 nostra,
2993 4874 3270 4947 inquam,
3319 4872 3705 4930 mediocritas

2040 4979 2177 5019 cum
2206 4980 2376 5018 sacra
2418 4963 2780 5018 fraternitate
2809 4979 2931 5019 uno
2961 4963 3390 5020 tantummodo
3422 4978 3583 5019 anno
3613 4963 3706 5019 Ni—

2040 5068 2277 5108 ceenum
2322 5053 2653 5108 ministerio
2701 5052 3031 5124 prohibuit,
3081 5054 3347 5126 itemque
3403 5048 3706 5123 suffragiis

2040 5142 2455 5198 conventiciis.
2491 5143 2635 5207 Quae
2687 5158 2826 5197 cum
2874 5158 3061 5214 paena
3107 5159 3230 5199 non
3286 5141 3483 5198 solum
3528 5157 3708 5198 cano-

2040 5234 2178 5288 nica
2231 5248 2444 5299 verum
2503 5232 2683 5287 etiam
2738 5232 2902 5287 mitis
2953 5232 3238 5288 omnibus
3303 5232 3435 5289 visa
3494 5236 3705 5301 esset;

2043 5322 2299 5377 traditus
2333 5321 2449 5392 ipsi
2481 5336 2728 5393 quoque
2766 5321 2991 5394 petenti
3028 5321 3268 5378 libellus
3305 5322 3418 5378 fuit
3460 5338 3499 5378 a
3544 5337 3709 5377 comi

2043 5410 2321 5485 pluribus
2381 5412 2512 5482 jam
2571 5410 2983 5483 subscriptus,
3060 5412 3381 5485 eidemque
3461 5416 3520 5468 et
3579 5410 3709 5483 ipse

2046 5500 2377 5573 suscripsit.
