4480 6430
775 372 888 438 279

2118 374 2390 435 NICETE
2433 374 2802 435 CHONIATE

4030 385 4139 443 280

846 503 905 560 4.
932 502 1101 559 Hunc
1128 501 1284 559 Deus
1314 500 1499 558 finem
1551 500 1973 576 supras‘criptis
2014 499 2197 558 rebus
2237 502 2428 574 impo-
2454 501 2508 557 Α
2614 536 2615 541 η

2370 516 2428 557 0-
2454 501 2508 557 Α
2614 497 2683 555 δ’.
2713 506 2957 556 Τοιοῦτον
2988 503 3117 566 Θεὸς
3137 504 3195 556 τὸ
3232 506 3389 580 πέρας
3416 511 3525 570 τοῖς
3568 509 3890 583 προτεθετσιν
3924 508 4139 583 ἐπήνεγ-

779 591 940 660 suit;
974 589 1057 646 sic
1093 605 1322 661 magna
1364 588 1636 647 Ecclesiae
1683 595 2011 662 tempestas
2051 590 2258 647 sedata
2290 594 2378 646 est
2408 605 2423 657 ;

777 679 865 735 sic
889 677 1038 749 regii
1067 677 1284 751 sceptri
1310 677 1532 748 dignus
1568 678 1932 745 moderator,
1978 678 2057 735 ab
2099 677 2426 735 universali

775 766 1179 839 gubernatore
1207 770 1326 824 Deo
1355 768 1654 841 impulsus
1699 772 1880 841 atque
1923 768 2200 839 directus,
2247 766 2427 824 tradi-

773 862 867 914 tos
917 855 1031 912 sibi
1078 856 1355 913 subditos
1407 856 1740 922 custodivit,
1798 872 2099 930 nemoque
2152 856 2422 917 omnino.

771 946 966 1019 periit,
997 961 1179 1003 nemo
1205 946 1266 1002 in
1298 945 1669 1018 profundum
1712 946 1974 1002 haeretici
2015 944 2214 1001 cordis
2258 960 2424 1001 mare

770 1036 1078 1107 projectus
1104 1034 1213 1091 fuit
1241 1052 1254 1103 ;
1284 1035 1409 1090 imo
1448 1034 1685 1091 lucente
1727 1035 1891 1091 velut
1949 1034 2248 1107 speculari
2294 1034 2423 1090 face

769 1121 935 1180 ducti
960 1122 1039 1179 ad
1074 1128 1250 1180 rectae
1290 1122 1431 1178 fidei
1480 1127 1722 1195 portum
1763 1123 1963 1179 cuncti
2006 1127 2418 1195 pervenerant.

771 1213 865 1269 Sic
888 1228 1051 1269 nunc
1081 1215 1263 1268 etiam
1298 1212 1397 1268 Dei
1436 1212 1758 1284 sapientia,
1809 1212 2117 1268 novellum
2166 1211 2420 1269 alterum

767 1300 881 1357 sibi
903 1300 1318 1357 habitaculum
1348 1300 1411 1356 in
1448 1302 1564 1357 hoc
1603 1316 1743 1371 rege
1782 1301 2123 1371 aedificavit,
2167 1306 2420 1373 septem-

764 1389 903 1463 plici
933 1390 1119 1447 divini
1150 1390 1401 1463 Spiritus
1430 1406 1680 1447 munere
1711 1396 2065 1447 exornatum
2093 1408 2105 1446 :
2157 1407 2418 1463 cumque

761 1482 932 1536 Patre
959 1479 1310 1545 adveniens,
1342 1480 1720 1535 mansionem
1749 1479 1861 1535 sibi
1891 1482 1950 1535 in
1973 1495 2043 1535 eo
2095 1480 2306 1548 effecit,
2353 1485 2419 1536 ut

758 1567 823 1624 in
845 1568 1164 1639 Evangelio
1190 1567 1581 1640 promittitur:
1612 1573 1667 1623 et
1687 1568 1949 1623 scientiae
1974 1568 2191 1640 poculo
2219 1569 2415 1624 eidem

758 1656 999 1721 tradito,
1029 1656 1257 1711 cunctis
1287 1654 1426 1710 inde
1454 1655 1694 1711 haurire
1724 1656 2136 1712 insatiabiliter
2166 1672 2417 1712 conces-

759 1744 834 1799 sit
857 1763 869 1813 ;
892 1760 1015 1817 qua
1040 1744 1232 1815 gratia
1262 1759 1477 1815 reapse
1507 1744 1737 1817 repleti,
1770 1761 1926 1799 verae
1962 1745 2089 1800 vitis
2134 1745 2412 1817 palmites

2533 608 2617 642 κεν
2646 610 2660 625 ’
2689 589 2850 652 οὕτως
2880 593 2910 650 ἠ
2944 591 3143 663 μεγάλη
3174 592 3305 654 ζάλη
3348 603 3443 655 τῆς
3482 594 3791 659 Ἐκκλησίας
3818 596 4134 669 ἕγκατεστό-

2533 697 2717 753 ρεσται
2740 700 2752 713 ·
2786 680 2949 742 οὕτως
2974 681 3000 733 ό
3034 689 3133 733 τῶν
3156 680 3447 754 βασιλικῶν
3467 690 3746 761 σκήπτρων
3763 686 4134 759 οἰακοστρόφος

2535 766 2765 836 ἔπάξιος,
2787 776 2860 839 τῷ
2882 776 2974 821 τοῦ
3003 773 3194 832 παντὸς
3232 770 3519 845 κυϐερνήτῃ
3549 778 3655 845 Θεῷ
3700 778 3995 847 κινούμενος
4042 778 4131 827 καὶ

2535 856 2975 930 οἰκονομούμενος,
3004 858 3124 921 τούς
3152 858 3289 929 αύτῷ
3340 857 3652 932 δεδομένους
3691 867 3779 915 καὶ
3810 862 4130 936 ἀρχομένους

2534 943 2766 1017 ἕφύλαξε,
2782 952 2871 1000 καὶ
2898 943 3071 1010 οὐδεὶς
3095 956 3193 1000 τῶν
3216 950 3417 1001 πάντων
3442 948 3674 1004 ἀπώλετο
3698 972 3712 986 ο
3746 949 3870 1005 οὐδὲ
3887 952 3959 1014 εἰς
3982 950 4123 1025 βάθη

2532 1032 2759 1108 καρδίας
2787 1032 3087 1110 ἱτεροδόξου
3122 1036 3394 1101 θαλάσσης
3416 1037 3731 1115 ἀπέρριπται
3759 1062 3772 1075 ο
3794 1040 3978 1103 ἀλλ’ὡς
3997 1045 4142 1117 πύρς’

2529 1144 2607 1195 γῳ
2638 1133 3021 1199 φρυκτωροῡντι
3050 1129 3215 1198 τούτῳ
3246 1124 3695 1202 καθοδηγούμενοι
3723 1138 3832 1193 τοῖς
3852 1140 3947 1193 τῆς
3978 1130 4126 1204 ὀρθο-

2532 1212 2729 1274 σεϐείας
2752 1213 2929 1286 λιμέσι
2955 1215 3143 1277 πάντες
3172 1214 3679 1290 ἐγκαθωρμίσθησαν
3704 1239 3718 1253 ο
3754 1220 3890 1271 ούτω
3920 1224 4010 1271 καὶ
4034 1228 4123 1271 νύν

2530 1306 2560 1360 ἠ
2592 1310 2685 1354 τοῦ
2716 1310 2850 1355 Θεοῦ
2882 1307 3041 1375 σοφία
3068 1308 3359 1377 καινότερον
3385 1308 3553 1381 ἕτερον
3584 1312 3773 1381 τρόπον
3804 1306 3943 1360 οἶκον
3966 1308 4118 1381 ἑαυτῇ

2527 1394 2614 1443 τόν
2637 1390 2863 1464 βασιλέα
2890 1400 3072 1444 τοῦτον
3104 1391 3479 1465 ἀνῳκοδόμησε
3504 1416 3516 1429 ·
3549 1404 3657 1458 τοῖς
3690 1393 3994 1459 ἕπταδικοίς
4030 1404 4121 1449 τού

2529 1480 2665 1531 θείου
2697 1482 2993 1552 Πνεύματος
3022 1487 3414 1553 πεπυκασμένον
3460 1487 3767 1558 χαρίσμασι
3792 1506 3805 1519 ο
3856 1490 3946 1537 καὶ
3992 1488 4124 1557 μετὰ

2524 1576 2615 1620 τού
2647 1572 2846 1642 Πατρός
2872 1568 3095 1621 ἐλθοῦσα
3119 1574 3210 1627 τὴν
3235 1575 3395 1641 μονὴν
3440 1570 3487 1623 ἐν
3534 1572 3671 1643 αὐτῷ
3701 1578 3945 1643 ποιεῖται,
3990 1576 4125 1626 κατά

2524 1661 2612 1714 τὴν
2643 1656 2691 1709 ἐν
2719 1657 3051 1729 [εὐαγγελίοις
3088 1660 3385 1731 ὑπόσχεσιν
3417 1680 3430 1693 ο
3473 1666 3564 1713 καὶ
3610 1665 3700 1713 τόν
3742 1670 3836 1723 τῆς
3881 1668 4123 1732 γνώσεως

2522 1755 2761 1821 κρατῆρα
2799 1750 2966 1819 τούτῳ
3008 1752 3318 1822 χειρίσασα,
3368 1756 3535 1802 πᾶσιν
3580 1748 3851 1802 ἀπαντλείν
3890 1755 4121 1803 ακένωτα

758 1835 956 1889 cuncti
996 1838 1334 1898 evaserunt,
1386 1835 1444 1888 in
1494 1833 1611 1889 hac
1674 1833 1948 1889 videlicet
1992 1839 2303 1890 manentes
2355 1840 2409 1891 et
2441 1840 2485 1896 Β
2524 1862 2527 1876 ι

2355 1840 2409 1891 et
2441 1840 2485 1896 Β
2524 1831 2750 1887 δίδωσιν
2775 1857 2787 1869 ·
2816 1836 2877 1887 οὗ
2906 1842 2995 1888 καὶ
3024 1840 3243 1909 χάριτος
3281 1837 3524 1909 κλήματα
3548 1847 3639 1898 τῆς
3683 1837 3927 1899 ἀληθινῆς
3958 1838 4116 1910 ἀμπί-

753 1920 1202 1992 fructiﬁcantes,
1235 1922 1564 1994 vinumque
1594 1922 1991 1994 propinantes
2017 1922 2183 1995 quod
2213 1924 2408 1979 ortho-

754 2010 918 2067 doxa
947 2010 1131 2068 corda
1159 2010 1441 2066 laetiﬁcat.
1475 2014 1603 2066 Haec
1633 2017 1721 2067 est
1747 2011 2031 2067 nimirum
2082 2012 2409 2084 praeterito-

750 2115 887 2157 rum
918 2100 1299 2172 imperatoris
1339 2100 1688 2156 meritorum
1725 2102 1997 2167 coronis;
2031 2101 2145 2157 hoc
2194 2107 2282 2158 est
2322 2102 2409 2158 in-

751 2188 1255 2260 comparabilium
1275 2188 1651 2262 tropaeorum
1674 2190 1804 2260 ejus
1856 2190 2092 2245 culmen
2122 2208 2134 2256 ;
2163 2191 2290 2246 hu‘c
2321 2196 2409 2248 est

746 2279 1088 2335 futurorum
1117 2278 1389 2350 ejusdem
1412 2279 1819 2335 maximorum
1842 2279 2177 2335 facinorum
2203 2282 2402 2338 arrba.

749 2369 841 2426 Sic
873 2370 1027 2424 Deus
1055 2368 1415 2424 imitatorem
1452 2384 1628 2423 suum
1659 2383 1887 2438 regem,
1910 2374 1974 2424 ut
2002 2385 2139 2424 cum
2181 2386 2404 2441 magno

743 2457 1003 2515 Jeremia
1062 2456 1406 2529 loquamur,
1470 2458 1647 2528 quasi
1715 2458 2009 2513 munitam
2073 2457 2284 2514 urbem
2341 2459 2403 2515 in

742 2562 925 2603 omne
957 2552 1193 2618 tempus
1221 2546 1445 2617 statuit,
1482 2550 1539 2601 et
1567 2548 1740 2617 quasi
1769 2546 2047 2602 columen
2090 2548 2285 2603 cuncti
2316 2565 2401 2604 re-

743 2636 1098 2706 gnatoribus
1124 2641 1293 2691 terrae
1344 2641 1523 2707 atque
1571 2636 1943 2707 potentibus,
1981 2641 2038 2691 et
2084 2638 2401 2693 sacerdoti-

738 2724 875 2792 bus,
906 2730 1084 2797 atque
1115 2724 1344 2797 populo
1374 2724 1561 2780 orbis.
1590 2726 1783 2790 Quare
1814 2727 1995 2781 etiam
2028 2740 2099 2781 ea
2146 2743 2282 2798 qute
2313 2744 2401 2783 se-

738 2817 1010 2886 quuntur
1064 2812 1169 2881 ibi,
1211 2812 1583 2867 conﬁdenter
1646 2813 1976 2884 praedicare
2026 2814 2198 2880 licet;
2247 2830 2398 2871 nun-

737 2918 925 2975 quam
954 2902 1176 2958 scilicet
1212 2902 1339 2957 fore
1371 2907 1433 2957 ut
1460 2903 1748 2959 adversus
1792 2920 1932 2959 eum
1967 2904 2165 2975 quivis
2211 2905 2398 2961 hostis

736 2990 1079 3063 praevaleat,
1112 2991 1256 3064 quia
1288 2992 1575 3047 Dominus
1606 3009 1742 3047 cum
1768 2992 1900 3064 ipso
1946 3000 2051 3048 est.
2104 2993 2245 3049 Huic
2288 2994 2397 3065 igi-

736 3086 833 3136 tur
857 3081 1125 3137 maximo
1155 3082 1501 3154 imperatori
1531 3086 1739 3137 nostro
1770 3082 1897 3155 (qui
1948 3082 2009 3137 in
2039 3098 2111 3139 eo
2154 3098 2397 3155 quoque

738 3169 1193 3226 similitudinem
1225 3186 1363 3225 cum
1388 3172 1507 3226 Deo
1538 3176 1755 3239 servat,
1777 3172 1942 3243 quod
1970 3171 2132 3227 aliud
2161 3171 2392 3227 nullum
2426 3198 2468 3255 ο

735 3274 809 3315 ex
835 3260 1066 3315 usitatis
1091 3275 1313 3315 nomen
1360 3265 1466 3329 est,
1517 3261 1931 3332 praerogativis
1974 3262 2102 3330 ejus
2154 3263 2390 3332 mentis,

736 3350 945 3417 animi,
1003 3363 1240 3415 manus,
1294 3353 1476 3421 atque
1542 3350 1876 3420 prudentiae
1915 3351 2395 3419 convenientius)

734 3454 915 3495 nemo
947 3454 1198 3510 prorsus
1220 3438 1454 3494 debitas
1485 3438 1701 3494 referre
1733 3440 1954 3509 gratias
1984 3443 2219 3513 poterit.
2240 3445 2393 3498 Atta-

732 3544 873 3584 men
906 3528 1111 3584 effusis
1166 3544 1240 3584 ex
1287 3528 1410 3584 imo
1454 3528 1634 3585 corde
1680 3530 1961 3601 precibus
2009 3532 2205 3585 cuncti
2255 3530 2393 3586 huic

732 3618 1012 3673 favemus
1040 3623 1220 3690 atque
1266 3616 1652 3689 plaudimus:
1702 3624 1759 3674 et
1799 3635 1937 3674 cum
1984 3635 2122 3690 rege
2171 3620 2392 3676 Davide

733 3707 1032 3776 canimus,
1058 3710 1243 3763 Ponat
1276 3711 1428 3763 Deus
1461 3709 1748 3764 thronum
1781 3710 1909 3779 ejus
1948 3710 2099 3765 sicut
2122 3710 2251 3766 dies
2277 3728 2392 3766 cce-

723 3796 787 3865 li,
824 3800 1004 3867 atque
1043 3795 1106 3851 in
1156 3796 1592 3868 sempiternum
1631 3803 1929 3870 praeparet
1976 3815 2182 3855 semen
2235 3800 2388 3871 ejus,

729 3901 1068 3958 omnesque
1097 3886 1296 3941 cordis
1320 3886 1448 3957 ejus
1473 3886 1783 3958 petitiones
1816 3888 2388 3959 compleat;cunctae

728 3978 935 4045 gentes
965 3975 1227 4031 serviant
1249 3976 1299 4031 ei
1326 3993 1339 4043 ;
1373 3980 1429 4031 et
1458 3976 1731 4046 ejusdem
1755 3976 1980 4032 fructus
2006 3994 2189 4049 supra
2224 3979 2388 4035 Liba-

724 4077 877 4121 num
942 4064 1252 4128 exaltetur,
1295 4070 1351 4120 et
1397 4080 1501 4120 rex
1553 4080 1872 4139 nunquam
1917 4066 2205 4139 appellari
2236 4068 2387 4124 desi-

722 4157 868 4210 nat:
904 4152 1098 4210 donec
1149 4168 1223 4210 ex
1282 4153 1399 4210 hoc
1447 4154 1725 4223 terrestri,
1776 4161 1914 4228 post
1971 4156 2187 4226 longos
2244 4158 2385 4215 solis

723 4241 1052 4313 anfractus,
1100 4244 1180 4301 ad
1227 4242 1463 4303 caeleste
1514 4244 1854 4303 immortale
1910 4260 2167 4317 regnum
2220 4262 2382 4306 com-

715 4330 955 4405 migret.

2520 1922 2608 1975 λου
2634 1926 2813 1984 πάντες
2839 1926 3144 1998 εὑρέθησαν,
3189 1924 3237 1977 ἐν
3284 1928 3446 1999 ταύτῃ
3495 1932 3737 1998 μείναντα
3788 1924 4117 2001 καρποδοτή·

2523 2031 2703 2079 σαντα,
2738 2017 2826 2064 καὶ
2850 2017 2937 2065 τὸν
2966 2016 3059 2075 τὰς
3084 2010 3400 2088 όρθοδόξους
3424 2011 3649 2087 καρδίας
3671 2015 4004 2089 εὐφραίνοντα
4024 2024 4117 2078 τῆς

2519 2102 2781 2165 εὐσεϐείας
2810 2099 2943 2155 οἶνον
2974 2104 3281 2175 πηγάζοντα
3299 2125 3313 2137 ·
3341 2111 3494 2157 τούτο
3524 2112 3623 2156 τῶν
3644 2104 4003 2178 προλαϐόντων
4019 2125 4114 2157 κα-

2515 2193 2861 2265 τορθωμάτων
2920 2189 3013 2244 τού
3076 2192 3456 2267 αὐτοκράτορος
3494 2195 3711 2268 ἄριστον
3778 2192 4110 2268 ἀκροθίνιον·

2516 2289 2669 2333 τούτο
2734 2289 2834 2332 τῶν
2904 2280 3273 2356 ἀπαραμίλλων
3341 2282 3501 2335 αὑτοῦ
3557 2288 3818 2356 τροπαίων
3870 2282 4113 2355 μελιστον

2516 2367 2923 2443 ἕγκαλλώπισμα
2946 2392 2959 2405 ο
2988 2379 3137 2423 τούτο
3162 2371 3445 2443 μελλόντων
3475 2372 3729 2443 μειζόνων
3754 2371 4113 2448 μεγαλουργη-

2514 2460 2689 2531 μάτων
2721 2458 2975 2531 ἐχέγγυον
3010 2481 3022 2494 ·
3057 2461 3191 2512 οὕτω
3222 2464 3348 2521 Θεὸς
3373 2464 3459 2513 τὸν
3495 2460 3654 2513 αὑτοῦ
3685 2465 3919 2533 μιμητὴν
3952 2460 4110 2534 βασι-

2512 2548 2618 2618 λέα,
2652 2553 2785 2602 κάτά
2808 2554 2895 2602 τόν
2925 2555 3087 2622 μέγαν
3115 2551 3362 2624 Ἱερεμίαν
3394 2551 3569 2615 εἰπεῖν,
3604 2554 3673 2612 ὡς
3711 2551 3857 2603 πόλιν
3908 2551 4110 2627 ὀχυρὰν

2512 2636 2560 2690 ἐν
2586 2644 2742 2690 παντὶ
2766 2648 2932 2711 καιρῷ
2963 2642 3159 2692 τέθεικε
3188 2661 3200 2673 ·
3234 2646 3322 2692 καὶ
3348 2642 3418 2702 ὡς
3451 2639 3634 2692 στύλον
3665 2642 3834 2693 οἰπασι
3864 2649 3969 2701 τοῖς
3988 2661 4113 2715 κρα-

2510 2736 2662 2780 τούσι
2692 2738 2787 2790 τῆς
2813 2737 2930 2799 γῆς,
2965 2734 3054 2780 καὶ
3080 2736 3189 2790 τοῖς
3228 2730 3481 2801 ἄρχουσι,
3517 2734 3606 2780 καὶ
3648 2738 3751 2790 τοῖς
3801 2733 3992 2801 ἱερεῦσι
4017 2736 4108 2782 καὶ

2509 2825 2581 2886 τῷ
2610 2816 2715 2887 λαῷ
2746 2826 2836 2878 τῆς
2859 2826 2956 2889 γῆς
2987 2839 2999 2851 ·
3032 2821 3096 2878 ὡς
3144 2820 3367 2870 ἐντεῦθεν
3411 2817 3735 2892 θαρρούντως
3778 2823 3865 2871 καὶ
3896 2822 3960 2871 τὰ
3990 2819 4109 2882 ἑξῆς

2510 2904 2925 2978 ἀναφθέγγεσθαι
2957 2929 2970 2941 ·
3009 2906 3067 2959 οὐ
3091 2912 3162 2979 μὴ
3198 2904 3455 2959 δύνωνται
3484 2911 3611 2982 πρὸς
3641 2907 3795 2959 αὐτόν
3839 2911 4025 2971 πάντες
4057 2912 4107 2962 οἱ

2508 2994 2847 3068 ἀντικείμενοι
2872 3016 2885 3030 σ
2921 2992 3061 3048 διότι
3090 3000 3279 3069 Κύριος
3308 2997 3419 3069 μετ’
3450 2996 3611 3049 αύτού
3633 2996 3793 3049 ἐστιν.
3817 3004 4009 3050 Τούτον
4033 2995 4101 3057 δὴ

2508 3088 2593 3136 τόν
2642 3090 2886 3158 μέγιστον
2934 3088 3075 3158 ἡμῶν
3121 3086 3483 3161 αὐτοκράτορα
3529 3090 3616 3139 τόν
3664 3085 3759 3139 κάν
3798 3090 3965 3159 τούτῳ
4008 3093 4103 3147 τὴν

2506 3178 2631 3247 πρὸς
2661 3179 2789 3228 Θεὸν
2820 3174 3087 3251 ἐμφέρειαν
3115 3177 3369 3247 σώζοντα,
3401 3178 3482 3228 ὅτι
3512 3172 3677 3248 μηδέν
3710 3175 3822 3229 ἔστι
3852 3181 4021 3229 κοινόν
4051 3197 4103 3231 τι

2506 3265 2999 3337 προσαρμοζόμενον
3030 3269 3191 3337 ὄνομα
3219 3266 3333 3336 (46)
3358 3273 3467 3326 τοῖς
3498 3267 3633 3317 κατά
3666 3272 3783 3316 νοῦν
3810 3270 3900 3317 καὶ
3915 3264 4102 3337 ψυχὴν

2504 3358 2596 3405 καὶ
2626 3361 2783 3427 χεῖρα
2812 3359 2903 3405 καὶ
2937 3357 3143 3407 σύνεσιν
3174 3354 3333 3406 αὐτοῦ
3372 3360 3785 3428 προτερήμασιν,
3819 3354 3971 3428 ἑτέρῳ
4012 3358 4102 3427 μεν

2506 3438 2679 3494 οὐδενὶ
2709 3447 2910 3504 πάντως
2936 3443 3243 3515 ἀμείϐεσθαι
3272 3448 3447 3517 τρόπῳ
3477 3452 3577 3494 τῶν
3607 3463 3687 3506 τις
3730 3443 3969 3497 ἀπάντων
4001 3441 4102 3497 δυ-

2504 3536 2715 3588 νήσεται
2746 3553 2758 3565 ο
2792 3530 2974 3603 εύχαῖς
3008 3530 3066 3585 δὲ
3100 3533 3388 3605 ξύμπαντες
3420 3529 3721 3606 ἐγκαρδίοις
3750 3538 3839 3585 καὶ
3881 3533 4101 3605 υτγγλι-

2502 3623 2712 3693 χόμεθα
2741 3628 2830 3673 καὶ
2860 3619 3269 3694 συνδεξιούμεθα
3294 3643 3307 3656 ο
3341 3625 3471 3694 μετά
3499 3627 3670 3675 τοίνυν
3714 3631 3804 3675 τοῦ
3847 3622 4103 3696 βασιλέως

2504 3708 2690 3779 Δαϐὶδ,
2725 3717 2852 3770 Θείη
2889 3716 3095 3785 Κύριος,
3123 3708 3340 3784 ᾄδομεν,
3367 3715 3453 3763 τὸν
3483 3714 3658 3785 θρόνον
3700 3712 3859 3765 αὐτού
3909 3715 3978 3774 ὡς
4007 3716 4102 3776 τάς

2501 3800 2697 3874 ἡμέρας
2727 3809 2817 3852 τού
2848 3801 3066 3875 ούρανοῦ
3098 3822 3110 3835 ·
3142 3806 3231 3853 καὶ
3258 3802 3328 3863 εἰς
3359 3802 3523 3853 αἰῶνα
3553 3802 3830 3874 ἑτοιμάσαι
3851 3806 3910 3855 τὸ
3946 3808 4100 3876 σπέρ-

2499 3910 2575 3962 μα
2605 3890 2761 3943 αύτού
2793 3910 2806 3924 ο
2836 3896 2923 3943 καὶ
2949 3891 3227 3964 πληρῶσαι
3253 3894 3423 3943 πάντα
3452 3895 3518 3943 τὰ
3546 3901 3643 3953 τῆς
3681 3892 3840 3945 αὑτοῦ
3871 3892 4099 3965 καρδίας

2499 3981 2764 4053 αἰτήματα
2788 4002 2799 4014 ·
2833 3985 2923 4032 καὶ
2955 3983 3124 4033 πάντα
3151 3984 3216 4033 τά
3242 3982 3357 4037 ἔθνη
3393 3977 3773 4034 δουλεύσουσιν
3795 3982 3935 4052 αύτῷ
3963 4004 3974 4015 ·
4004 3988 4094 4035 καὶ

2497 4072 2522 4122 ό
2553 4073 2750 4143 καρπός
2782 4069 2941 4121 αὐτοῦ
2966 4071 3277 4145 ύπεραρθείη
3310 4071 3436 4145 ὑπὲρ
3464 4074 3549 4123 τὸν
3569 4069 3789 4124 Λίϐανον
3810 4093 3822 4104 -
3847 4076 3937 4124 καὶ
3956 4071 4094 4134 τέλος

2493 4168 2587 4221 τῆς
2616 4158 2902 4232 βασιλικῆς
2932 4164 3299 4233 προσωνυμίας
3324 4162 3489 4230 τούτῳ
3535 4164 3607 4232 μὴ
3635 4164 3835 4231 γίνοιτο
3870 4180 3883 4193 ·
3916 4159 3971 4213 ἐκ
4002 4170 4092 4222 τῆς

2493 4248 2719 4321 ἄπιγείου
2749 4251 2939 4310 ταύτης
2970 4251 3101 4320 μετά
3128 4252 3364 4325 μακρούς
3392 4249 3539 4308 ἡλίου
3570 4248 3812 4317 κύκλους,
3861 4249 3942 4304 ἐπὶ
3994 4255 4089 4310 τὴν

2492 4339 2540 4394 ἄν
2570 4339 2807 4414 ούρανοις
2830 4338 3148 4393 ἀκατάλυτον
3178 4338 3451 4414 βασιλείαν
3476 4345 3942 4415 μεταχωρήσαντι.

1746 4511 2099 4585 Sequuntur
2133 4516 2597 4588 subscriptiones
2630 4517 3049 4589 autographae.

779 4688 1032 4747 Humilis
1075 4688 1415 4746 monachus
1464 4690 1654 4746 Lucas
1705 4688 2090 4748 miseratione
2134 4693 2234 4750 Dei
2282 4709 2371 4752 ar-
2406 4676 2454 4749 D

704 4779 1126 4853 cbiepiscopus
1158 4779 1765 4853 Constantinopoleos
1794 4795 1967 4837 novae
2001 4785 2223 4839 Romae.

774 4870 1029 4927 Humilis
1084 4870 1581 4943 archiepiscopus
1636 4870 2039 4944 metropoleos
2083 4876 2368 4933 Cmsarete

700 4959 1105 5033 Cappadociae
1137 4958 1497 5032 Stephanus.

769 5050 1173 5106 Sanctissimae
1204 5048 1608 5121 metropoleos
1634 5049 1849 5123 Ephesi
1872 5051 2363 5128 archiepiscopus

690 5137 939 5195 humilis
962 5139 1147 5196 Nilus.

765 5229 1016 5285 Humilis
1045 5228 1431 5302 metropolita
1462 5229 1754 5286 Heracleae
1786 5230 2051 5287 Michael.

759 5319 1017 5377 Humilis
1048 5320 1437 5393 metropolita
1471 5322 1643 5378 Cizici
1676 5321 1944 5377 Basilius.

757 5410 1009 5467 Humilis
1041 5410 1429 5485 metropolita
1453 5411 1817 5468 Nicomediae
1846 5410 2109 5469 Michael.

754 5500 1011 5558 Humilis
1036 5501 1351 5575 metropoli
1364 5508 1419 5559 ta
1448 5501 1659 5559 Nicaea:
1686 5503 1995 5573 Georgius.

2549 4694 2607 4748 Ὀ
2632 4699 2866 4757 ταπεινὸς
2894 4698 3132 4768 μόναχός
3160 4700 3360 4757 Λουκᾶς
3375 4700 3465 4749 καὶ
3490 4694 3610 4768 ἀλίῳ
3633 4704 3768 4750 Θεού
3800 4696 4083 4773 ἀρχιεπίσ-

2476 4804 2633 4848 κόπος
2665 4785 3251 4849 Κωνσταντινουπόλεως
3282 4790 3399 4848 νίας
3427 4786 3647 4859 Ῥώμης.

2545 4875 2604 4929 Ὀ
2636 4875 2842 4939 εὐτελὴς
2867 4875 3285 4949 ἀρχιεπίσκοπος
3331 4884 3426 4939 τῆς
3467 4875 3831 4952 μητροπόλεως
3873 4883 4077 4933 Καισα-

2470 4970 2614 5041 ρείας
2646 4962 3031 5029 Καππαδοκίας
3058 4969 3321 5039 Στέφανος.

2540 5054 2598 5108 Ὀ
2628 5064 2723 5117 τῆς
2755 5055 3047 5127 ἁγιωτάτης
3076 5055 3438 5131 μητροπόλεως
3480 5055 3695 5128 Ἐφέσου
3721 5058 4074 5132 ἀρχιεπίσκο-

2465 5164 2557 5207 πος
2576 5149 2812 5207 ταπεινὸς
2838 5153 2877 5198 Ν
2889 5145 2962 5197 ἵλο
2973 5166 3012 5208 ς.

2532 5236 2591 5288 Ὀ
2622 5235 2821 5297 εὐτελὴς
2851 5235 3241 5309 μητροπολίτης
3263 5235 3567 5312 Ἡρακλείας
3606 5236 3851 5309 Μιχαὴλ,

2530 5324 2588 5378 ’0
2619 5326 2822 5387 εὐτελὴς
2844 5326 3223 5403 μητροπολίτης
3258 5327 3490 5389 Κυζίκου
3523 5325 3812 5401 βασίλειος.

2528 5415 2587 5469 Ὀ
2618 5416 2820 5478 εὐτελὴς
2849 5416 3236 5492 μητροπολίτης
3265 5414 3626 5490 Νικομηδείας
3652 5416 3892 5490 Μιχαὴλ.

2526 5504 2585 5559 Ὀ
2617 5506 2825 5570 εὐτελὴς
2851 5506 3236 5583 μητροπολίτης
3266 5511 3494 5571 Νικαίας
3525 5513 3802 5581 Γεωργιος.

748 5681 863 5757 (46)
891 5682 1254 5742 Emmanuel
1285 5680 1623 5755 signiﬁcare
1651 5682 1812 5741 Deus
1841 5683 2147 5743 nobiscum
2178 5698 2360 5743 nemo
2388 5682 2652 5758 ignorat.
