4480 6430
755 398 864 457 εδδ
2033 403 2309 461 CODICIS
2343 402 2627 462 IEDICBI
2666 402 2843 459 XXIV.
4002 417 4111 470 285

755 522 1215 581 Manichaorum
1238 524 1520 582 haeresim
1544 526 2133 598 amplexus,crucem
2152 542 2400 585 venera-
2437 533 2485 585 Α
2512 559 2524 582 Α

2337 545 2400 585 a-
2437 533 2485 585 Α
2512 530 2689 597 Λίζιξ,
2730 532 2802 598 ὃς,
2847 532 2913 584 τὰ
2949 536 3261 605 Μανιχαίων
3291 539 3573 607 φρονήσας,
3623 538 3711 588 τὸν
3747 541 4106 610 προσκυνητὸν

754 611 937 668 bilem
971 613 1280 669 stultitiam
1312 614 1637 671 arbitratus
1675 619 1767 671 est
1799 632 1952 681 esse,
1986 616 2176 672 Deum
2208 622 2263 673 et
2294 620 2406 674 Do-
2515 640 2523 669 4

2336 633 2406 674 o-
2515 622 2738 691 σταυρὸν
2778 639 2976 693 μωριαν
3006 621 3203 691 ἠγετιο,
3228 627 3316 674 καί
3350 626 3436 674 τὸν
3465 626 3654 696 Κύριον
3683 630 3773 677 καὶ
3804 628 3933 678 Θεὸν
3962 626 4105 698 ἡμῶν

757 702 992 758 minuni
1012 708 1284 760 nostrum
1311 706 1516 760 Jesum
1540 704 1836 761 Christum
1854 710 2192 762 creaturam
2218 707 2407 763 nomi-
2512 707 2523 728 ’

2336 707 2407 762 ni-
2512 707 2719 763 Ἰησοῦν
2748 711 2977 779 Χριστὸν
3009 708 3273 781 ὀνομάζων
3302 715 3522 783 κτίσμα,
3555 716 3649 770 τὴν
3668 714 3926 784 πάναγνον
3947 714 4105 765 αὐτοῦ

754 800 963 859 nando
987 795 1488 855 etsanctissimam
1514 795 1645 865 ejus
1664 799 1916 849 matrem
1936 795 2253 867 Deiparam
2273 812 2405 851 esse
2510 816 2523 866 ι

2341 812 2405 851 se
2510 800 2712 869 μητέρα
2764 800 3016 848 Θεοτόκον
3074 796 3167 848 οὐκ
3223 795 3378 868 ἰλέογε·
3439 797 3587 870 ίγέλα
3626 796 3685 853 δε
3743 805 3873 874 πρός
3912 804 4108 861 τούτοις

754 888 1057 960 negando.
1098 885 1262 941 Idem
1292 883 1719 955 mysteriorum
1767 882 2215 939 tremendorum
2245 900 2407 939 com-
2511 904 2523 935 ε

2333 901 2407 939 m-
2511 889 2600 936 καί
2626 888 2721 941 τὴν
2758 893 2857 936 τῶν
2897 894 3122 959 φρικτών
3160 891 3249 937 καί
3282 889 3428 939 θείων
3454 894 3760 963 μυστηρίων
3798 889 4102 964 ρετάληψιν,

753 976 1105 1033 munionem
1137 972 1337 1037 irrisit,
1370 976 1428 1027 et
1471 986 1610 1026 cum
1644 970 1907 1026 asseclas
1931 971 2253 1027 invenisset
2281 986 2403 1027 non
2512 978 2522 1025 1

2337 986 2403 1027 3n
2512 972 2719 1025 Πολλῶν
2752 970 2810 1025 δί
2843 974 2984 1044 αὐτῷ
3013 979 3103 1026 καί
3145 974 3311 1027 ἄλλων
3358 974 3840 1045 ἀκολουθησάντων,
3882 980 4106 1031 εντεῦθεν

752 1080 1001 1138 paucos,
1037 1061 1431 1117 Lizicinorum
1460 1064 1623 1115 secta
1668 1059 1960 1128 originem
2000 1058 2141 1114 inde
2197 1060 2393 1115 traxit.
2510 1066 2521 1112 ί

2338 1060 2393 1115 it.
2510 1063 2539 1119 ἡ
2570 1070 2666 1113 τῶν
2708 1061 2986 1135 λεγομένων
3040 1064 3360 1124 Λιζικιανών
3384 1066 3581 1140 αἵρεσις
3628 1071 3870 1125 συνέστη.
3915 1074 4107 1119 Τοῦτον

754 1156 922 1211 Hunc
946 1152 1143 1208 virum
1172 1154 1417 1206 sanctus
1446 1147 1775 1205 Methodius
1803 1147 1881 1204 ad
1910 1146 2093 1202 ﬁdem
2122 1148 2403 1204 orthodor
2508 1170 2523 1201 ιι

2337 1164 2403 1203 LO"
2508 1154 2673 1202 τοίνυν
2704 1151 2729 1201 ὁ
2772 1152 2916 1221 ἅγιος
2967 1149 3225 1212 Μεθὸδιος
3262 1157 3449 1214 πείσας
3486 1156 3805 1226 μεταθέσθαι
3846 1158 3973 1228 πρὸς
4014 1154 4106 1213 τῆν

753 1259 892 1299 xam
924 1258 1063 1298 cum
1088 1240 1450 1306 reduxisset,
1481 1236 1543 1292 id
1571 1236 1764 1293 eﬂ‘ecit
1788 1241 1851 1292 ut
1878 1236 1977 1291 alii
2001 1252 2245 1308 quoque
2270 1238 2401 1308 ejus
2509 1258 2522 1289 ε

2341 1254 2401 1292 us
2509 1235 2787 1312 ὀρθόδοξον
2841 1245 3037 1306 πίστιν,
3088 1245 3357 1294 συνέπεισε
3406 1238 3463 1293 δί
3510 1249 3672 1295 αυτοῦ
3719 1262 3810 1295 και
3857 1247 3980 1305 τοὺς
4025 1242 4110 1295 αλ-

753 1331 1102 1404 exemplum
1133 1333 1542 1400 sequerentur.
1576 1329 1691 1381 Hos
1719 1325 1815 1381 die
1863 1327 2068 1397 aliquo
2115 1326 2264 1381 festo
2311 1342 2402 1381 so-
2506 1327 2522 1378 ἰ

2342 1342 2402 1381 0-
2506 1327 2624 1389 λους
2656 1345 2668 1357 '
2703 1348 2791 1379 και
2821 1331 3228 1400 παρασκευάσας
3267 1329 3315 1381 έν
3354 1329 3597 1404 ἔπισήμῳ
3625 1332 3793 1405 ἡμέρᾳ
3822 1330 4107 1405 θριαμϐεῦ-

750 1420 1027 1477 lemniter
1056 1433 1227 1475 sacro
1252 1420 1554 1486 unguente
1576 1414 1876 1471 delibutos
1900 1422 1955 1470 et
1974 1415 2248 1470 candidis
2270 1432 2403 1471 ves-
2510 1437 2519 1466 ι

2337 1433 2403 1469 >s-
2510 1436 2599 1468 σαι
2629 1418 2721 1474 τὴν
2754 1420 2941 1469 οἰκείαν
2985 1421 3203 1491 αἰρεσιν,
3248 1424 3450 1491 χρίσας
3502 1439 3557 1473 τε
3608 1424 3756 1494 μύρῳ
3811 1421 3965 1492 ἁγίῳ,
4016 1426 4106 1472 καὶ

752 1509 915 1566 tibus
941 1514 1191 1563 ornatos
1222 1510 1546 1578 postquam
1584 1504 1745 1560 faces
1774 1504 1832 1558 in
1875 1519 2085 1559 eorum
2118 1503 2399 1559 manibus
2505 1504 2521 1556 7

2337 1521 2399 1558 us
2505 1504 2706 1565 λευκοῖς
2752 1511 3031 1577 κοσμήσας
3080 1505 3403 1578 ἐμφωτείοις,
3442 1506 3726 1581 λαμπάδας
3785 1513 4106 1580 κατέχοντας

747 1599 1064 1672 posuisset,
1088 1596 1563 1653 orthodoxorum
1596 1595 1779 1651 choro
1809 1593 2156 1649 immiscuit.
2505 1614 2516 1643 τ

1553 1614 1563 1650 ι
1596 1595 1779 1651 choro
1809 1593 2156 1649 immiscuit.
2505 1597 2615 1655 τοῖς
2649 1591 2948 1669 ὁρθοδόξοις
2987 1599 3322 1654 συνέστησεν.

1305 2224 1932 2321 RECENSIO
2019 2223 2499 2319 CODICIS
2566 2224 3101 2319 MEDICEI
3165 2162 3569 2332 XXIV,

2255 2440 2453 2496 PLUT.
2510 2438 2597 2493 IX.

1293 2622 1395 2691 (Ex
1425 2624 1576 2688 Ang.
1610 2618 1800 2676 Mariae
1833 2616 2104 2674 Bandinii
2132 2616 2419 2674 fasciculo
2441 2633 2640 2673 rerum
2672 2618 3032 2673 Graecarum.
3062 2616 3367 2673 Florentiae
3390 2617 3572 2687 1763).

2384 2781 2469 2797 -η

811 2938 1082 2995 Continet
1112 2937 1211 2993 hic
1250 2938 1439 2993 codex
1464 2938 1675 2994 Nicetae
1704 2938 2006 2995 Choniatae
2034 2940 2395 2994 Thesaurum
2426 2938 2774 2994 orthodoxae
2798 2939 2990 3004 Fidei,
3020 2938 3076 2993 in
3110 2936 3297 2993 libros
3347 2940 3384 2993 Χ
3396 2940 3531 3003 XVII
3572 2938 3895 3010 digestum,
3926 2955 4112 3011 quem

738 3026 867 3099 ipse
896 3027 957 3082 in
989 3026 1245 3096 gratiam
1276 3028 1476 3093 amici,
1504 3028 1609 3099 qui
1630 3034 1805 3100 capta
1835 3044 1871 3083 a
1902 3028 2122 3083 Latinis
2153 3027 2692 3099 Constantinopoli,
2711 3028 2908 3083 solum
2929 3034 3155 3082 vertere
3185 3043 3387 3082 secum
3411 3033 3655 3083 coactus
3686 3028 3897 3091 fuerat,
3931 3029 3989 3083 in
4012 3044 4109 3083 ex-

739 3116 871 3172 silio
890 3116 1264 3188 conscripsit,
1290 3116 1394 3172 ubi
1415 3123 1550 3189 post
1573 3117 1911 3189 expositam
1939 3116 2265 3173 salutarem
2286 3116 2647 3185 doctrinam,
2666 3132 2845 3172 omne
2862 3132 3052 3186 genus
3072 3116 3368 3172 haeresum
3388 3122 3807 3190 sectarumque
3828 3116 3907 3173 ad
3933 3132 4109 3171 suam

737 3221 932 3278 usque
965 3211 1205 3261 atatem
1235 3207 1633 3278 persequitur,
1666 3210 1724 3262 et
1755 3206 2112 3262 testimoniis
2153 3210 2423 3261 veterum
2454 3204 2725 3260 Ecclesiae
2756 3204 3097 3273 doctorum,
3126 3204 3221 3260 vel
3252 3205 3510 3276 propriis
3540 3206 3916 3275 argumentis
3944 3204 4113 3260 refel-

732 3293 817 3350 lit.
852 3295 1000 3350 Cum
1028 3309 1173 3350 vero
1205 3299 1393 3350 totum
1419 3294 1535 3350 hoc
1564 3310 1719 3367 opus
1744 3300 1988 3367 propter
2013 3295 2236 3351 molem
2267 3294 2559 3349 hactenus
2589 3292 2807 3358 lucem,
2828 3310 3015 3365 quam
3046 3298 3327 3362 meretur,
3360 3294 3525 3349 haud
3551 3292 3787 3361 viderit,
3817 3292 4111 3367 quoniam

735 3383 860 3440 duo
891 3382 1064 3441 facile
1111 3383 1424 3441 volumina
1478 3384 1541 3439 in
1572 3382 1714 3439 folio
1754 3384 2101 3457 compleret,
2132 3384 2425 3440 librorum
2474 3388 2851 3453 argumenta,
2884 3398 3146 3455 quorum
3176 3382 3354 3438 index
3386 3384 3717 3454 prtecurrit,
3759 3398 3831 3438 ac
3878 3383 4109 3456 primas

736 3474 894 3529 duas
920 3472 1147 3529 codicis
1178 3473 1435 3545 paginas
1467 3479 1749 3546 occupat.
1771 3474 2065 3545 subjicere
2096 3475 2338 3532 animus
2366 3476 2492 3528 erat
2520 3490 2531 3539 ;
2565 3471 2667 3527 sed
2695 3488 2832 3527 cum
2849 3472 2979 3543 jam
3010 3471 3243 3544 prolata
3275 3471 3513 3539 fuerint,
3542 3476 3599 3527 et
3620 3488 3658 3527 a
3689 3471 4004 3529 Fabric.B.
4040 3472 4106 3527 G.

734 3569 774 3617 t.
810 3563 901 3628 VI,
924 3578 984 3633 p.
1020 3564 1127 3619 420
1155 3578 1328 3633 seqq.
1362 3568 1420 3617 et
1460 3578 1497 3618 a
1523 3563 1981 3619 Montefalconio
2026 3565 2327 3633 Palzogr.
2361 3562 2547 3617 Graec.
2605 3578 2666 3631 p.
2710 3566 2809 3616 327
2844 3577 3035 3633 seqq,
3064 3576 3176 3616 nos
3214 3561 3282 3615 iis
3310 3561 3573 3629 omissis,
3603 3577 3738 3633 quae
3767 3575 3906 3616 cum
3938 3560 4113 3616 dictis

732 3648 1102 3705 editionibus
1133 3648 1500 3704 concordare
1528 3651 1963 3721 comperimus,
1996 3656 2420 3721 argumentum
2454 3650 2879 3706 tantummodo
2905 3650 3039 3705 libri
3067 3650 3156 3719 IV,
3197 3652 3361 3723 quod
3390 3650 3767 3724 aliquantum
3801 3654 3879 3707 ab
3906 3650 3975 3705 iis
4005 3648 4112 3706 dif-

733 3736 869 3802 fert,
902 3737 1287 3809 proferimus,
1320 3738 1485 3810 quod
1511 3739 1592 3793 ita
1614 3738 1830 3794 habet:
2765 3730 2770 3742 ’

804 3831 973 3900 Τόμος
1025 3831 1286 3901 τέταρτος.
1348 3836 1412 3882 Εν
1452 3831 1616 3899 τούτῳ
1664 3836 1861 3881 κεῖνται
1896 3836 2063 3881 πᾶσαν
2116 3829 2415 3895 αίπαλαιαξ
2478 3830 2703 3901 αἱρέσεις
2758 3830 2812 3879 αἱ
2868 3827 3208 3900 ἀναφανεῖται
3256 3832 3420 3901 μέχρι
3472 3838 3562 3891 τῆς
3593 3830 3795 3899 Ἀρείου
3846 3832 4108 3901 αἱρέσεως.

733 3917 966 3989 Ἐγράφη
1004 3913 1062 3969 δε
1093 3922 1272 3989 πρώτη
1306 3920 1335 3975 ἡ
1370 3926 1463 3969 τοῦ
1503 3922 1744 3989 Σίμωνος,
1796 3923 1888 3969 καὶ
1921 3919 1947 3975 ἡ
1992 3916 2071 3969 ἐπ’
2126 3917 2266 3988 αὐτῷ
2312 3916 2642 3991 ἀντίρρησις,
2678 3917 2725 3969 ἐν
2832 3915 3083 3975 δηλοῦται
3131 3921 3221 3970 καί
3247 3918 3385 3979 ὅπως
3414 3920 3440 3970 ό
3490 3920 3657 3991 Σίμων
3683 3927 3851 3979 κακῶς
3876 3918 4111 3992 ἐξέρρηξε

730 4011 826 4064 τὴν
854 4007 1042 4077 ψυχήν
1073 4028 1085 4039 ο
1122 4003 1343 4078 δευτέρα
1373 4010 1401 4064 ἡ
1437 4015 1535 4058 τῶν
1562 4007 1884 4059 Νικολάιτῶν
1910 4029 1921 4040 ο
1965 4011 2113 4082 τρίτη
2146 4010 2174 4065 ἡ
2206 4015 2306 4058 τῶν
2347 4008 2804 4081 Καρποκράτηνων
2837 4028 2848 4038 ·
2882 4009 3103 4079 τετάρτη
3138 4009 3167 4064 ἡ
3210 4015 3303 4058 τοῦ
3334 4007 3655 4073 Βαλεντίνου,
3697 4006 3745 4059 ἐν
3838 4007 4109 4079 εἰρήκαμεν

731 4101 817 4148 καὶ
849 4102 967 4171 περὶ
1002 4103 1098 4156 τῆς
1131 4097 1270 4157 θείας
1310 4094 1767 4171 ἐνανθρωπήσεως’
1802 4101 2013 4169 πέμπτη
2046 4098 2076 4155 ἡ
2107 4104 2199 4148 τοῦ
2232 4095 2551 4168 Πτολεμαίου
2588 4113 2599 4123 ·
2635 4097 2753 4154 ἕκτη
2790 4118 2817 4154 η
2848 4105 2941 4148 τοῦ
2970 4095 3190 4170 Μάρκου
3224 4118 3236 4130 '
3269 4093 3467 4169 ἑϐδόμη
3502 4099 3530 4155 ἡ
3566 4107 3664 4149 τῶν
3693 4094 4110 4169 Ἀσκοδροῦγων

731 4186 851 4238 ἔνθα
892 4190 982 4237 καὶ
1024 4190 1144 4259 περὶ
1181 4193 1276 4247 τῆς
1317 4193 1515 4247 σκηνῆς
1544 4192 1636 4237 τοῦ
1666 4191 1957 4259 μαρτυρίου
1990 4190 2078 4238 καὶ
2119 4185 2251 4245 ἄλλοι
2288 4191 2403 4239 τι.νά
2440 4196 2532 4240 τοῦ
2572 4187 2798 4239 παλαιοῦ
2854 4193 3012 4259 νόμου
3056 4187 3339 4261 ἐρρέθησαν
3374 4207 3385 4217 ·
3428 4186 3590 4259 ὀγδόη
3633 4190 3662 4245 ἡ
3711 4196 3803 4239 τοῦ
3846 4186 4107 4262 Καλοϐάρ-

732 4295 827 4327 σου
861 4291 874 4304 ⁶
918 4274 1098 4332 ἐννάτη
1159 4276 1188 4332 ἡ
1222 4283 1321 4325 τῶν
1354 4275 1604 4345 Ὀφιτῶυ,
1636 4278 1683 4326 ἐν
1775 4280 1864 4327 καὶ
1886 4281 2002 4347 περὶ
2028 4284 2140 4341 τοῦ,
2181 4283 2293 4336 πῶς
2332 4276 2520 4334 ἐκλήθη
2556 4298 2797 4351 φρονιμος
2828 4282 2853 4329 ό
2879 4277 3013 4349 ὄφις,
3044 4284 3133 4329 καὶ
3165 4283 3282 4348 περὶ
3312 4280 3531 4339 αἰώνων,
3564 4282 3654 4329 καί
3685 4282 3803 4351 περὶ
3825 4286 3916 4329 τοῦ
3948 4285 4111 4349 φυτοῦ

728 4372 826 4425 τῆς
853 4370 1117 4435 γνώσεως,
1146 4370 1234 4415 καὶ
1263 4372 1357 4425 τῆς
1381 4362 1482 4416 ἀπὸ
1508 4372 1599 4415 τοῦ
1632 4362 1960 4436 παραδείσου
1988 4363 2203 4426 εκϐολῆς
2233 4373 2324 4417 τοῦ
2355 4362 2528 4438 ’Λδάμ
2557 4384 2571 4397 ⁶
2598 4363 2791 4424 δεκάτη
2819 4372 2848 4425 ἡ
2879 4376 2969 4419 τοῦ
2999 4364 3350 4439 Ιῐροδίκου,ὅς
3376 4370 3550 4429 κοινὰς
3583 4372 3712 4419 εἰναι
3739 4370 3835 4427 τὰς
3861 4375 4113 4437 γυναῖκας

727 4450 1023 4527 παρεδίδου
1065 4452 1359 4515 ἀκολούθως
1398 4462 1469 4524 τῷ
1511 4453 1766 4508 Πλάτωνι.
1804 4451 2084 4511 Ἐνδεκάτη
2129 4456 2158 4512 ἡ
2202 4465 2300 4505 τῶν
2334 4462 2532 4507 Καῑνών
2568 4474 2579 4485 ·
2619 4452 2895 4513 δωδεκάτη
2943 4459 2972 4511 η
3020 4465 3118 4507 τὼν
3151 4458 3413 4513 Σηθιανών
3448 4473 3459 4483 ·
3489 4452 3883 4530 τρισκαδεκάτη
3932 4460 3961 4512 ἡ
4013 4463 4111 4507 τῶν

732 4542 1087 4615 Ἀρχοντικών
1124 4559 1135 4571 ’
1178 4539 1734 4615 τεσσαρεσκαιδεκάτη
1780 4547 1809 4600 ἡ
1842 4552 1934 4594 τοῦ
1977 4548 2233 4616 Κέροωνος
2263 4549 2353 4595 καὶ
2392 4549 2716 4617 Μαρκίωνος,
2749 4545 2797 4597 ἐν
2909 4551 2999 4598 καὶ
3028 4551 3146 4620 περὶ
3178 4554 3269 4605 τῆς
3300 4545 3441 4606 ὑλης.
3479 4540 3925 4601 Πεντεκαιδεκάτη
3960 4548 3987 4601 ἡ
4019 4553 4112 4595 τοῦ

728 4638 1024 4684 Λουκιανοῦ
1058 4649 1069 4659 ·
1106 4628 1453 4694 ἐξκαιδεκάτη
1486 4637 1516 4689 ἡ
1542 4640 1633 4684 τοῦ
1666 4630 1883 4689 Ἀπελλῆ
1925 4653 1936 4665 ·
1966 4629 2391 4690 ἑπτακαιδεκάτη
2425 4638 2563 4691 ὴτοῦ
2596 4633 2907 4707 Σεϐηριανοῦ
2942 4652 2955 4665 '
2991 4632 3426 4691 ωκτάκαιὸεκὰτη
3462 4638 3491 4692 ὴ
3525 4642 3617 4685 τοῦ
3639 4641 3897 4685 Τατιανου
3923 4648 3937 4660 ⁸
3964 4632 4111 4684 ἐννα-

724 4717 1015 4777 καιδεκάτη
1044 4725 1074 4777 ὴ
1104 4729 1204 4772 τῶν
1236 4720 1627 4795 Ἐγκρατητὼν’
1666 4722 1877 4779 εἰκοστὴ
1922 4726 1951 4779 ἡ
1994 4730 2093 4772 τῶν
2132 4720 2593 4794 Ἀσκοδρουγιτων
2628 4745 2639 4756 ·
2673 4724 2881 4781 εἰκοστὴ
2917 4730 3097 4795 πρώτη
3130 4729 3159 4781 ἡ
3189 4732 3288 4774 τῶν
3320 4723 3665 4775 Κυντιλιανών
3700 4728 3790 4775 καὶ
3833 4722 4111 4796 Πρισκιλι-

727 4819 858 4861 ανῶν
884 4815 974 4861 καί
1005 4810 1361 4870 ΙῙεπουζιτών,
1387 4816 1476 4861 καὶ
1511 4810 1885 4883 Ἀρτοτυριτῶν
1930 4826 1941 4837 ⁶
1978 4810 2186 4868 εἰκοστή
2214 4806 2434 4883 δευτέρα
2465 4818 2494 4869 ὴ
2532 4822 2629 4863 τὼν
2659 4810 3331 4885 Τεσσαρεσκαιδεκατιτῶν,
3375 4810 3423 4863 ἐν
3520 4816 3610 4863 καί
3654 4816 3773 4883 περὶ
3813 4820 3912 4863 τῶν
3960 4813 4111 4863 θείων

724 4905 1033 4973 μυστηρίων
1056 4917 1067 4928 ·
1090 4902 1301 4957 εἰκοστὴ
1334 4904 1482 4972 τρίτη
1514 4905 1542 4956 η
1576 4908 1677 4950 τῶν
1706 4899 1932 4970 Ἀλογων
1951 4921 1962 4931 ·
1981 4900 2190 4957 εἰκοστὴ
2220 4902 2439 4972 τετάρτη
2471 4909 2499 4958 ῆ
2528 4897 2974 4972 τὼνἈόαμιανων
2994 4922 3005 4933 '
3024 4902 3231 4958 εἰκοστή
3265 4904 3475 4972 πέμπτη
3510 4905 3539 4958 η
3579 4908 3679 4951 τῶν
3707 4900 3991 4971 Σαμψαίων
4021 4903 4112 4951 καὶ

723 4989 1053 5053 Ἐλκεσαίων,
1085 4988 1132 5041 ἓν
1219 4994 1307 5041 καὶ
1336 4994 1456 5063 περὶ
1482 4996 1579 5061 τῇς
1620 4995 1935 5061 σαρκώσεως
1964 4996 2056 5039 τοῦ
2089 4994 2263 5059 Λόγου
2300 5007 2311 5018 ·
2347 4994 2556 5046 εἰκοστὴ
2594 4992 2715 5046 ἕκτη
2750 4994 2779 5047 ὴ
2804 4998 2900 5040 τῶν
2925 4986 3305 5057 Θεοδοτιανὼν,
3335 4988 3382 5039 ἐν
3466 4993 3554 5040 καί
3568 4992 3774 5049 τό,πῶς
3795 4992 4008 5047 νοεῖται,
4034 4997 4108 5059 τῷ

725 5074 785 5130 δὲ
816 5077 883 5139 εἰς
926 5084 985 5129 τὸ
1037 5082 1248 5149 Πνεῦμα
1288 5075 1733 5149 βλασφημήσαντι
1788 5077 1883 5127 οὖκ
1932 5074 2249 5148 ἀφεθήσεται
2283 5093 2295 5105 ⁸
2339 5079 2545 5135 εἰκοστή
2591 5074 2789 5149 ἑϐδόμη
2824 5078 2851 5135 ἠ
2900 5087 2992 5129 τοῦ
3047 5083 3253 5135 Νοὴτου
3286 5082 3376 5130 καί
3419 5086 3510 5130 τοῦ
3558 5076 3807 5130 Ναϐάτου
3834 5094 3846 5107 ·
3892 5079 4105 5135 εἰκοστὴ

728 5165 896 5240 ὀγδόη
934 5169 963 5226 ἡ
996 5176 1089 5219 τοῦ
1121 5166 1401 5219 Σαϐελλίου
1439 5185 1451 5197 ’
1497 5167 1707 5225 εἰκοστή
1744 5166 1919 5223 ἐννάτη
1950 5168 1977 5225 ὴ
2010 5175 2102 5219 τοῦ
2124 5167 2426 5239 Μαρκελλου
2472 5209 2483 5221 .
2517 5172 2804 5240 τριακοστὴ
2839 5167 2877 5217 ὠ
2907 5172 3005 5218 τὼν
3039 5166 3351 5224 Οὑαλησίων
3378 5185 3390 5199 ο
3432 5171 3722 5242 τριακοστὴ
3747 5172 3928 5239 πρώτη
3963 5167 3992 5223 ἡ
4018 5174 4112 5217 τοῦ

724 5258 1037 5332 Ὠρισγένους,
1064 5257 1111 5309 ἄν
1207 5262 1296 5309 καί
1338 5254 1585 5331 διάφοροι
1611 5253 1764 5319 δόξαι
1784 5256 2078 5314 Ἑλληνικαί
2106 5262 2225 5329 περί
2263 5257 2474 5327 ψυχῆς,
2502 5261 2591 5307 καί
2623 5257 2868 5330 ἑρμηνεία
2909 5266 2999 5307 τοῦ
3050 5256 3402 5308 άποστολικοῦ
3430 5255 3617 5330 ῥητοῦ,
3650 5257 3677 5307 ὅ
3716 5275 3897 5327 φησιν,
3925 5255 4112 5308 Ἐκάσ-

720 5370 813 5403 του
856 5353 916 5402 τὸ
948 5352 1094 5423 ἔργον
1116 5351 1293 5401 ὁποῖόν
1326 5347 1439 5401 ἐστι
1470 5352 1528 5400 τὸ
1559 5356 1661 5421 πῦρ
1697 5344 1999 5418 δοκιμάσει.
2029 5371 2056 5396 ››
2081 5352 2382 5422 Τριακόστὴ
2428 5343 2647 5421 δευτέρα
2676 5347 2705 5402 η
2743 5345 2952 5398 Παύλου
2984 5354 3075 5397 τοῦ
3116 5350 3460 5418 Σαμοσατέως
3488 5367 3500 5379 ·
3534 5350 3826 5419 τριακοστὴ
3880 5364 4033 5420 τριτη
4077 5346 4107 5403 ὴ

720 5440 820 5493 τῶν
858 5443 1171 5510 Μανιχαίων
1214 5442 1304 5489 καί
1339 5437 1662 5510 Κουϐρίκων,
1705 5436 1753 5488 ἐν
1877 5442 1966 5488 καί
1998 5436 2254 5507 ἐξήγησις
2281 5446 2373 5489 τοῦ
2407 5435 2757 5487 ἀποστολικοῦ
2787 5435 2950 5509 ῥητοῦ
2980 5434 3235 5505 λέγοντος,
3283 5457 3309 5483 ‹‹
3351 5436 3433 5487 Ἐν
3488 5436 3782 5507 ὁμοιώματι
3831 5432 4111 5508 ἀνθρώπου

719 5532 1051 5603 φανῆναιτὸν
1085 5532 1294 5600 Κύριον,
1335 5533 1425 5579 καί
1458 5532 1702 5599 σχήματι
1724 5528 1996 5601 εὑρεθῆναι
2027 5533 2091 5587 ὡς
2139 5529 2412 5600 ἄνθρωπον
2457 5547 2469 5559 ο
2517 5548 2543 5575 η
2595 5529 2884 5598 τριακοστή
2926 5527 3149 5599 τετάρτη
3192 5527 3221 5583 ἡ
3283 5533 3384 5576 τῶν
3438 5531 3735 5599 ⁶Ιερατικῶν
3771 5542 3783 5553 ·
3816 5526 4107 5597 τριακοστή

717 5622 930 5691 πέμπτη
982 5624 1012 5677 ἠ
1054 5626 1153 5669 τῶν
1212 5613 1630 5693 Κόλλυριδιανών
1692 5638 1703 5649 ·
1746 5622 2033 5691 τριακοστὴ
2090 5620 2212 5675 ἕκτη
2272 5616 2301 5675 ἡ
2362 5624 2463 5668 τῶν
2513 5614 2925 5684 Μασσαλιανών,
2988 5613 3036 5665 ἐν
3154 5617 3361 5667 καὶτὰ
3405 5615 3661 5687 κεφάλαια
3716 5623 3813 5675 τῆς
3862 5615 4114 5689 αἱρέσεως

719 5708 889 5767 αὐτῶν
942 5706 1339 5775 ἁνατάττονται,
1394 5711 1485 5760 καί
1535 5702 1781 5782 διάφοροι
1831 5706 1944 5759 κατ’
1984 5705 2149 5758 οὔτῶν
2199 5704 2531 5781 ἁντερῥήσεις
2588 5726 2601 5738 ·
2642 5708 2932 5779 τριακοστὴ
2993 5700 3194 5777 ἐϐδόμη
3253 5704 3283 5762 ὴ
3340 5712 3442 5755 τῶν
3498 5705 3861 5779 ιηρινθιανῶν
3918 5720 3933 5732 '
3974 5722 4119 5776 τρια-
