4480 6430
346 410 456 465 288
1840 406 2114 467 manus

1942 407 2208 468 BINSIO.
3602 418 3711 475 286

348 537 517 590 nov-r1}
574 528 742 603 ὀγδόη
784 533 817 590 ἡ
866 539 968 583 τῶν
1020 530 1261 584 Ἰκετῶνο
1310 534 1595 603 τριακοστή
1642 527 1822 588 ἄννάτη
1880 534 1912 589 ἡ
1966 540 2066 584 τῶν
2123 538 2487 607 Γνωσεμάχων
2514 552 2529 566 ο
2582 541 2981 609 τεσσαρακοπή
3039 538 3070 594 ἠ
3126 545 3227 588 τῶν
3292 538 3660 611 Θνητοψύχων
3694 563 3706 575 ·

348 625 790 692 τεσσαρασκοστή
841 625 1023 694 πρώτη
1077 622 1108 677 ἠ
1163 625 1265 670 τῶν
1319 617 1687 691 Χριστολυτῶν
1712 640 1724 653 ·
1782 628 2179 693 τεσσαρακοστὴ
2230 620 2450 698 δευτέρα
2504 627 2534 682 ἠ
2594 633 2694 676 τῶν
2753 626 3118 699 Ἐθνοφρόνων,
3168 624 3217 676 ἐν
3344 632 3435 679 καὶ
3483 624 3714 704 διάφορα

336 714 471 781 ’περὶ
517 708 907 781 ἀστρονομίαςι
963 710 1364 781 τεσσαρακοστὴ
1423 710 1573 779 τρίτη
1624 709 1653 765 ἠ
1706 716 1805 759 τῶν
1862 716 2301 781 Παρερμηνευτῶν
2330 733 2343 744 ·
2399 717 2797 785 τεσσαρακοστὴ
2849 716 3066 786 τετάρτη
3121 715 3150 771 ἠ
3214 722 3314 765 τῶν
3370 714 3709 772 Μελιτίανῶν.

351 800 434 853 Ex
466 803 829 867 argumento
857 813 1000 853 vero
1029 796 1166 852 libri
1196 798 1324 851 XXV
1354 795 1572 851 desunt
1600 796 1659 851 in
1689 803 1901 854 n0stro
1930 799 2120 855 codice

1552 801 1572 851 ί
1600 796 1659 851 in
1689 803 1901 854 n0stro
1930 799 2134 855 codice
2164 800 2374 857 ultima
2401 802 2603 870 verba,
2638 802 2815 873 Ἢμεῖς
2842 806 2943 876 γὰρ
2974 810 3157 868 ταῦτα,
3188 822 3239 857 κ.
3272 802 3317 857 λ.

425 886 688 941 lndicem
737 890 1235 955 argumentorum
1284 884 1557 956 sequitur
1604 885 1911 958 inscriptio
1957 887 2131 942 totius
2179 904 2194 942 ‹

1957 887 2131 942 totius
2179 888 2401 959 operis,
2450 888 2567 945 hoc
2616 894 2840 961 pacto:
2894 889 3121 961 Συλλογή
3176 898 3275 942 τῶν
3328 890 3453 942 ὅλων
3513 889 3712 963 σχεδὸν

352 971 521 1038 δοξῶν
560 980 651 1027 καὶ
690 977 956 1049 αἱρέσεων,
1002 979 1092 1026 καὶ
1136 976 1345 1045 ἱστορία
1392 982 1490 1025 τῶν
1540 971 1889 1026 ἀποτεκόντων
1939 976 2101 1037 αὐτὰς
2144 973 2349 1050 ἀνδρῶν
2379 999 2391 1010 ·
2440 981 2515 1030 ἔτι
2555 975 2613 1031 δε
2665 984 2754 1031 καὶ
2799 978 3127 1053 ἀντιρρήσεις
3176 978 3255 1031 ἐπ’
3302 978 3458 1040 ἐνίαις
3495 984 3711 1049 τούτων,

348 1069 444 1116 καὶ
490 1063 725 1135 μάλιστα
774 1069 886 1123 ταῖς
937 1062 1275 1135 παλαιτίραις
1306 1080 1318 1091 ·
1376 1068 1466 1114 καὶ
1522 1064 1666 1136 ἕτερα
1727 1082 1845 1115 τινα
1904 1070 2154 1137 χρήσιμα
2218 1073 2327 1127 τοῖς
2395 1066 2673 1137 εὐσεϐέσι,
2739 1070 3027 1125 πονηθέντα
3090 1070 3235 1139 παρὰ
3298 1076 3391 1119 τοῦ
3454 1068 3713 1122 σεϐαστοῦ

347 1158 562 1209 Νικήτα
596 1160 690 1204 τοῦ
733 1154 1024 1216 Χωνιάτου,
1052 1158 1144 1203 τοῦ
1194 1147 1252 1203 δε
1289 1156 1561 1223 γεγονότος
1597 1158 1778 1226 κριτοῦ
1826 1160 1921 1203 τοῦ
1954 1152 2139 1218 Βήλου,
2182 1151 2265 1205 ἐπὶ
2296 1162 2396 1205 τῶν
2444 1160 2663 1228 κρίσεων
2696 1157 2899 1229 ἐφόρου,
2935 1162 3142 1226 γενικοῦ
3172 1154 3254 1207 ἐπὶ
3292 1164 3385 1207 τοῦ
3430 1155 3713 1228 βασιλικοῦ

348 1249 598 1303 κοιτῶνος
630 1240 732 1312 (1),
773 1242 949 1292 ἔπειτα
992 1236 1051 1292 δε
1098 1244 1187 1291 καὶ
1217 1239 1441 1312 μεγάλου
1484 1239 1756 1311 λογοθέτου
1800 1248 1899 1292 τῶν
1948 1261 2117 1316 σεκρετ

1948 1250 2217 1316 σεκρετών.
2255 1244 2542 1298 Colleclio
2586 1246 2849 1299 omnium
2879 1244 3010 1313 fere
3048 1245 3395 1312 opinionum
3426 1250 3481 1300 et
3529 1246 3714 1303 hwre-

348 1345 538 1395 seum,
568 1335 625 1385 et
657 1328 912 1385 historia
938 1329 1246 1384 hominum
1275 1330 1375 1399 qui
1405 1330 1547 1383 illas
1581 1330 1975 1384 instituerunt
2000 1352 2019 1399 ,-
2046 1332 2292 1399 insuper
2316 1332 2817 1387 contrudit-tiones
2847 1332 3133 1387 adversus
3163 1333 3452 1402 quasdam
3483 1348 3715 1400 earum,

350 1424 407 1475 et
454 1418 719 1474 maxime
762 1418 1163 1487 antiquiores;
1190 1422 1248 1472 et
1283 1418 1409 1472 alia
1456 1417 1729 1487 quaedam
1763 1419 1878 1486 piis
1926 1418 2257 1474 hominibus
2303 1420 2494 1484 utilia,
2524 1419 2833 1475 elaborata
2877 1434 2914 1475 a
2952 1420 3284 1475 venerabili
3322 1421 3533 1477 Nicela
3563 1422 3715 1478 Cho-

348 1508 545 1567 niata,
576 1506 758 1561 electo
779 1505 991 1575 judice
1018 1505 1173 1568 Beli,
1197 1506 1573 1574 judiciorum
1604 1506 1845 1573 ephoro,
1874 1522 1945 1561 ac
1974 1507 2245 1576 generali
2274 1509 2601 1575 imperialis
2626 1509 2758 1575 ﬁsci
2778 1508 3091 1577 praefecto,
3124 1508 3338 1564 deinde
3368 1524 3503 1563 vero
3534 1511 3713 1567 etiam

351 1608 573 1664 magno
612 1597 973 1650 secretorum
1024 1594 1331 1663 logolhela
1360 1593 1459 1662 (2).
1503 1593 1725 1648 Deinde
1757 1594 2114 1649 Procemium

1946 1594 2136 1659 nium,
2166 1596 2336 1665 cujus
2379 1596 2637 1660 initium,
2665 1612 2724 1667 p.
2759 1600 2789 1651 3
2820 1613 2831 1650 :
2863 1603 2977 1665 Θεῷ
3020 1601 3108 1647 καὶ
3154 1596 3437 1668 θεοφιλέσιν
3486 1594 3715 1670 ἀνδράσι

345 1702 434 1743 τις
480 1681 541 1733 ἆν
591 1680 713 1745 ἀξία
762 1687 1081 1755 προσαγωγή
1126 1686 1324 1752 γένοιτο
1350 1699 1363 1747 ;
1389 1681 1447 1733 Ὀ
1476 1685 1568 1753 μεν
1597 1686 1698 1753 γὰρ
1738 1685 1794 1733 τὸ
1844 1681 2127 1755 ἀκρότατον
2169 1684 2235 1733 ὠν
2276 1683 2514 1734 ἁπάντων
2544 1692 2643 1734 τῶν
2696 1682 2877 1756 ἐφετῶν
2926 1680 3139 1746 οὐδενὸς
3175 1692 3275 1736 τῶν
3316 1690 3470 1737 ὄντων
3503 1689 3714 1758 ἐφίεται.

348 1770 547 1826 Finis:
593 1758 774 1832 Ὅπως
810 1774 934 1841 μίαν
980 1768 1249 1821 ἀνελίττων
1294 1768 1474 1841 βίϐλον
1522 1779 1595 1841 τῷ
1640 1766 1907 1822 πολυειδεῖ
1948 1777 2038 1822 τοῦ
2088 1773 2495 1846 συγγράμματος
2538 1777 2754 1846 χαίρῃς,
2805 1771 2904 1823 κάκ
2944 1776 3129 1825 τούτου
3174 1771 3385 1847 ἐρανίζῃ
3436 1777 3718 1826 πανάκειαν

345 1867 460 1918 τοῖς
509 1858 758 1930 ὀλεθρίοις
790 1856 1083 1930 ἁντίμαχον
1135 1855 1399 1930 δόγμασιν
1425 1880 1437 1891 ο
1480 1860 1615 1910 ἔνθεν
1646 1878 1727 1909 τοι
1765 1863 1851 1909 καὶ
1893 1867 1987 1911 τοῦ
2024 1859 2111 1931 λίγ

1948 1867 1987 1910 μῦ
2024 1859 2206 1931 λέγειν,
2237 1857 2438 1912 ἐνθένδε
2484 1861 2728 1935 ἄρξομαι.
2775 1863 2921 1915 Tum
2960 1860 3110 1916 liber
3157 1862 3388 1933 primus
3420 1877 3557 1933 pag.
3593 1868 3622 1919 3
3655 1862 3717 1930 b,

344 1948 467 2003 inc.
515 1943 690 2018 Ἀδὰμ
736 1955 936 2019 πρῶτος
986 1946 1234 2008 πλασθεὶς
1276 1945 1377 1998 ἀπὸ
1416 1955 1512 2017 γῆς
1542 1948 1642 1999 ὑπὸ
1687 1955 1843 2011 Θεοῦ,
1871 1952 1961 1998 καὶ
2002 1947 2169 1999 λαϐὼν
2210 1950 2265 1999 τὸ
2318 1948 2572 2019 ζωογόνον
2620 1950 2905 2021 ἐμφύσημα
2955 1951 3111 2019 ἔσχεν
3141 1948 3196 2000 ἐκ
3234 1955 3362 2021 μιᾶς
3408 1958 3508 2001 τῶν
3558 1951 3720 2002 αὐτοῦ

346 2036 583 2109 πλευρῶν
614 2039 747 2089 Εὔαν
786 2036 952 2107 ἐαυτῷ
992 2036 1174 2108 ὁμοίαν
1201 2057 1213 2068 ·
1265 2033 1471 2107 βιώσας
1513 2033 1573 2088 δε
1604 2033 1782 2109 Ἀδὰμ
1820 2039 1907 2094 ἔτη
1955 2036 2232 2087 ἐννακόσια
2273 2040 2571 2109 τριάκοντα,
2613 2041 2886 2107 γεγέννηκε
2926 2036 3054 2090 [diu
3096 2042 3229 2109 μετὰ
3277 2037 3576 2112 παράϐασιν
3623 2047 3719 2100 τῆς

343 2124 574 2194 ἐντολῆς,
598 2130 687 2177 καὶ
711 2129 808 2183 τὴν
832 2123 889 2176 ἐκ
926 2132 1018 2176 τοῦ
1058 2120 1383 2199 παραδείσου
1425 2122 1744 2195 ἀπόπεμψιν.
1780 2124 1948 2180 Liber
1977 2124 2222 2180 ultimus
2252 2123 2379 2180 des.
2412 2125 2474 2178 Ἀ
2506 2121 2573 2183 δὴ
2607 2136 2776 2177 πάντα
2814 2124 3067 2198 ἐμώρανεν
3108 2127 3138 2183 ἡ
3172 2134 3265 2187 τῆς
3293 2133 3419 2198 μιᾶς
3463 2128 3676 2185 θεότητο
3697 2148 3719 2189 ς

345 2212 396 2265 ἐν
430 2220 606 2287 τρισὶν
634 2214 963 2266 ὑποστάσεσι
994 2209 1219 2285 δύναμις
1249 2221 1310 2285 τῇ
1343 2216 1532 2287 χάριτι
1562 2219 1651 2265 καὶ
1681 2213 1936 2272 ἁπλότητι
1961 2221 2054 2265 τοῦ
2086 2213 2423 2284 εῦαγγελικοῦ
2452 2217 2808 2288 κηρύγματος.

417 2304 483 2368 ll,
516 2319 576 2375 p.
611 2306 733 2375 362,
774 2303 838 2370 b,
880 2304 1093 2360 Nicetis
1134 2304 1505 2359 Thesaurum
1557 2303 1776 2375 excipit
1823 2320 1962 2376 pars
2003 2303 2297 2375 posterior
2345 2302 2736 2358 Historiarum
2786 2304 2938 2375 ejus,
2968 2302 3029 2358 in
3061 2302 3248 2359 libros
3297 2303 3453 2359 duos
3499 2302 3719 2375 divisa,

342 2407 483 2466 qua;
522 2409 662 2448 cum
706 2392 786 2448 ab
825 2390 1189 2448 editionibus
1219 2408 1339 2448 non
1374 2392 1560 2448 modo
1605 2392 1809 2465 quoad
1854 2392 2147 2448 librorum
2172 2390 2639 2457 distinctionem,
2672 2391 2778 2446 sed
2827 2391 3008 2447 etiam
3038 2391 3099 2447 in
3139 2392 3365 2463 pbrasi,
3398 2397 3454 2448 et
3482 2393 3543 2448 in
3575 2393 3721 2465 ipsis

343 2497 595 2555 quoque
634 2480 840 2545 rebus,
874 2480 1028 2537 libro
1076 2482 1405 2553 praesertim
1440 2484 1787 2554 posteriore,
1832 2481 2148 2553 discrepet,
2180 2479 2367 2550 digna
2412 2479 2680 2552 profecto
2726 2485 2880 2536 esset
2909 2496 3068 2552 quae,
3102 2481 3151 2535 si
3196 2496 3359 2536 nova
3405 2486 3724 2554 pararetur

344 2570 530 2639 hujus
579 2571 885 2643 scriptoris
928 2570 1128 2635 editio,
1159 2584 1299 2625 cum
1330 2569 1503 2625 editis
1544 2570 1931 2626 conferretur.
1964 2573 2113 2626 Praic

1964 2569 2248 2626 Princedit
2277 2568 2510 2624 titulus:
2541 2569 2796 2623 Ἐνταῦθα
2824 2572 2853 2627 ἡ
2886 2569 3079 2630 ἅλωσις
3108 2579 3201 2631 τῆς
3245 2570 3459 2637 πόλεως,
3488 2576 3578 2622 καί
3606 2592 3722 2623 τινα

344 2667 450 2711 τῶν
479 2661 609 2732 μετά
637 2667 805 2710 ταῦτα
838 2658 1164 2731 συμϐάντων.
1191 2654 1305 2715 Hic
1335 2661 1657 2728 captivitas
1684 2659 1873 2727 urbis,
1904 2665 1961 2715 et
1990 2673 2113 2729 qua

1955 2665 1961 2709 ξ
1990 2658 2265 2729 quaedam
2291 2673 2367 2714 ex
2392 2658 2463 2713 iis
2486 2674 2618 2729 quao
2645 2664 2851 2727 postea
2879 2658 3255 2715 acciderunt.
3291 2658 3461 2714 Liber
3489 2662 3724 2732 primus

345 2747 557 2819 incipit
586 2763 624 2803 a
660 2763 798 2819 cap.
837 2751 870 2803 8
912 2747 1014 2803 lib.
1050 2764 1108 2802 ιιι
1160 2746 1345 2803 Alexii
1375 2748 1687 2811 Comneni,
1721 2747 1861 2803 edit.
1910 2747 2093 2803 Paris.
2134 2752 2272 2818 p‘ag.
2316 2748 2439 2810 345,
2475 2748 2693 2802 Genev.
2730 2762 2790 2816 p.
2836 2750 2960 2816 582,
2995 2761 3031 2802 a
3073 2745 3307 2801 verbis:
3356 2746 3512 2800 Ἀλλὰ
3559 2752 3726 2822 μέχρι

346 2840 441 2910 μὲν
486 2832 555 2894 δὴ
605 2840 799 2888 τούτων
847 2832 1098 2910 εῦδρομος
1127 2838 1252 2908 ἡμῖν
1291 2838 1316 2888 ό
1355 2836 1527 2908 λόγος,
1560 2840 1646 2887 καὶ
1672 2833 1767 2889 διὰ
1794 2836 1933 2896 λείας
1973 2840 2136 2910 φέρων
2166 2831 2316 2889 ὁδοῦ.
2356 2836 2486 2889 Des.
2514 2843 2614 2886 τῶν
2654 2831 2705 2886 δ’
2740 2834 3032 2893 ὴλπικότων
3073 2834 3157 2887 ἐπὶ
3190 2838 3379 2909 Κύριον
3409 2843 3471 2908 τῇ
3504 2833 3724 2909 παιδείᾳ

348 2922 650 2999 σύνδρομος
680 2927 709 2983 ἡ
745 2925 1077 2997 παράκλησίς
1105 2944 1159 2978 τε
1189 2930 1279 2977 καὶ
1310 2924 1683 2986 ἐπανάκλησις,
1728 2924 1898 2980 Liber
1930 2940 2117 2980 secun

1950 2923 2237 2980 :ecundus
2267 2938 2409 2995 pag.
2453 2926 2554 2978 372
2597 2923 2803 2994 incipit
2845 2939 2881 2978 a
2928 2922 3129 2979 verbis
3169 2923 3380 2996 capitis
3410 2925 3591 2997 primi
3618 2924 3719 2981 lib.

347 3013 423 3069 de
457 3010 1007 3085 Constantinopolis
1040 3019 1199 3069 statu
1234 3014 1376 3069 edit.
1404 3014 1586 3069 Paris.
1620 3028 1758 3085 pag.
1795 3019 1920 3070 377.
1955 3015 2116 3069 ϐθηε·

1955 3015 2171 3069 Genev.
2196 3026 2337 3084 pag.
2370 3014 2494 3077 631»,
2518 3011 2805 3067 nimirum
2832 3030 2843 3066 :
2874 3009 3002 3083 Εἶχε
3047 3015 3137 3083 μὶν
3167 3013 3303 3064 οὕτω
3347 3021 3532 3075 ταῦτα,
3560 3018 3650 3065 καὶ
3689 3015 3717 3072 ἡ

349 3109 746 3156 Κωνσταντίνου
777 3102 1077 3163 καλλίπολις
1104 3106 1163 3155 τό
1194 3107 1362 3154 κοινόν
1403 3102 1641 3154 ἁπάντων
1681 3101 1832 3154 ἐθνῶν
1874 3101 2175 3174 ἐνυρῦφημά
2220 3121 2273 3153 τε
2304 3107 2393 3153 καὶ
2422 3101 2771 3176 περιλάλημα,
2804 3122 2855 3156 κ.
2887 3101 2936 3158 λ.
2980 3104 3112 3157 Des.
3156 3102 3251 3163 Ὃς
3280 3108 3369 3155 καὶ
3400 3099 3606 3155 δίκαιον
3645 3101 3723 3155 ἐπ’

350 3188 564 3245 ἀσπίδα
590 3196 682 3244 καὶ
714 3190 1029 3264 βασιλίσκον
1062 3188 1328 3244 δείκνυσιν
1368 3190 1712 3260 ἐπιϐαίνοντα,
1746 3196 1837 3243 καὶ
1870 3190 2049 3243 λέοντα
2078 3198 2477 3242 καταπατοῦντα
2524 3195 2615 3243 καὶ
2659 3187 2695 3242 δ
2695 3192 2942 3265 ράκοντα.
2982 3190 3090 3246 Ubi
3135 3190 3475 3247 notandum
3506 3208 3580 3248 ex
3608 3192 3724 3248 hoc

344 3281 680 3354 posteriore
721 3280 870 3335 libro
914 3280 1321 3350 fragmentum
1366 3280 1507 3336 satis
1537 3279 1809 3348 longum,
1842 3280 1901 3334 in
1941 3296 2064 3350 quo
2088 3278 2162 3335 de
2194 3279 2358 3333 urbis
2407 3279 2764 3351 direptione,
2793 3285 2850 3335 et
2877 3279 2953 3335 de
2992 3282 3181 3334 status
3212 3295 3283 3334 ac
3313 3281 3724 3336 monumentis

347 3373 487 3443 post
515 3374 760 3441 captam
793 3384 901 3441 per
944 3369 1183 3426 Latinos
1213 3368 1440 3425 CPolim
1485 3370 1708 3424 eversis
1747 3375 1805 3423 et
1845 3367 2119 3425 conﬂatis
2149 3367 2366 3438 agitur,
2389 3372 2596 3439 utpote
2629 3366 2797 3440 quod
2834 3369 2895 3423 in
2919 3366 3231 3439 impressis
3258 3367 3655 3435 desideratur,
3689 3383 3727 3424 a

350 3459 624 3516 Fabricio
653 3458 859 3515 referri
889 3458 1005 3515 loc.
1036 3459 1139 3515 cit.
1170 3473 1206 3513 a
1237 3473 1378 3529 pag.
1411 3457 1516 3514 405
1548 3457 1626 3513 ad
1657 3473 1719 3530 p.
1751 3458 1874 3513 418.

419 3548 687 3605 Tandem
742 3563 853 3620 pro
899 3548 1268 3603 recensionis
1306 3548 1490 3617 hujus
1533 3546 1839 3613 coronide,
1872 3562 2010 3601 cum
2052 3545 2360 3602 Fabricius
2405 3544 2444 3600 l.
2487 3561 2540 3601 ο.
2581 3560 2728 3617 pag.
2784 3549 2908 3601 435.
2954 3546 3218 3601 lndicem
3274 3545 3658 3617 scriptorum,
3692 3562 3729 3603 a

346 3639 549 3696 Niceta
595 3637 885 3693 Choniata
931 3637 992 3691 in
1039 3637 1291 3692 Historia
1338 3636 1662 3708 Byzantina
1704 3635 2087 3690 laudatorum
2134 3635 2434 3699 exhibeat,
2476 3650 2587 3689 nos
2631 3651 2875 3707 quoque
2914 3634 3073 3691 illius
3122 3634 3467 3707 exemplum
3519 3636 3724 3702 secuti,

348 3726 538 3782 alium
570 3728 676 3783 SS.
716 3729 955 3783 Patrum
981 3731 1037 3781 et
1066 3726 1323 3780 aliorum
1362 3729 1679 3780 auctorum
1728 3724 2093 3793 catalogum,
2120 3739 2384 3795 quorum
2414 3724 2476 3778 in
2509 3723 2783 3793 ejusdem
2812 3725 3025 3780 Nicetae
3049 3724 3355 3780 Thesauro
3388 3723 3729 3783 referuntur

345 3816 484 3872 loca
511 3820 693 3887 atque
726 3817 1057 3877 sententiae,
1086 3815 1148 3869 in
1178 3813 1449 3869 medium
1481 3812 1746 3885 proferre
1772 3812 2099 3879 voluimus,
2119 3812 2225 3884 qui
2257 3827 2516 3885 sequens
2546 3817 2672 3868 est:

418 3904 677 3974 Agatho.
709 3920 769 3977 p.
804 3907 929 3960 343.

417 3992 774 4049 Ambrosius
822 3992 1051 4049 Mediol.
1087 4008 1228 4065 pag.
1275 3995 1402 4060 233,
1442 3992 1509 4047 b.
1559 3993 1682 4047 343.
1735 3992 1823 4043 Ἐκ
1866 4000 1958 4043 τοῦ
1997 3990 2152 4062 λόγου

1997 3990 2152 4062 λόγου
2197 3999 2289 4043 τοῦ
2332 3991 2482 4044 κατὰ’
2534 3990 2934 4064 Απολλιναρίου,
2978 4006 3039 4063 p.
3091 3995 3191 4047 178
3240 3990 3302 4047 b.
3350 3991 3440 4043 Ἐκ
3478 3998 3540 4050 τῆ
3601 3996 3727 4065 πρὸ)

346 4085 629 4158 Γρατιανὸν
659 4086 743 4133 τὸν
776 4079 1020 4154 βασιλέα.
1054 4078 1202 4136 ibid.

418 4170 873 4245 Amphilochius
916 4170 1242 4225 Iconiensis
1273 4170 1359 4223 Ἐκ
1402 4178 1495 4230 τῆς
1532 4173 1658 4243 πρὸς
1688 4167 1945 4222 Σελεῦκιον
1976 4167 2187 4222 ἐπιστολ

1976 4167 2271 4239 ἐπιστολῆς,
2312 4185 2370 4241 p.
2404 4173 2506 4225 178
2532 4168 2594 4224 b.
2633 4168 2722 4221 Ἐκ
2760 4178 2852 4220 τοῦ
2883 4171 3019 4221 κατὰ
3056 4168 3335 4244 Ἀρειανῶν
3374 4168 3555 4241 λόγου,
3584 4186 3725 4243 pag,

345 4261 471 4317 340.
503 4262 591 4313 Ἐκ
620 4268 711 4321 τῆς
741 4259 951 4332 ὁμιλίας
990 4260 1058 4319 εἰς
1086 4262 1165 4328 τό,
1199 4283 1225 4309 ‹‹
1254 4259 1313 4311 Ὀ
1340 4258 1650 4320 ἀποστείλας
1678 4279 1741 4331 με
1768 4263 1943 4330 Πατὴρ
1971 4259 2162 4330 μείζων
2202 4262 2302 4330 μου
2325 4257 2487 4312 ἐστιν,
2524 4281 2552 4307 ››
2583 4259 2727 4327 Pag.
2758 4258 2892 4313 ead.
2917 4257 2979 4312 b.

416 4350 772 4405 Anastasius
801 4348 1027 4405 Sinaita
1057 4348 1105 4400 ἐν
1135 4356 1231 4409 τῆς
1260 4347 1444 4420 βίϐλου
1468 4358 1562 4410 τῆς
1594 4348 1866 4419 λεγομένης
1891 4345 2144 4420 Ὀδηγοῦ,
2183 4363 2185 4417 ξ

1959 4345 2144 4420 δηγοῦ,
2183 4362 2244 4419 p.
2282 4347 2378 4401 177
2410 4346 2473 4411 b,
2508 4350 2625 4416 178,
2662 4350 2759 4402 188
2790 4347 2850 4413 b,
2883 4350 2987 4402 233
3008 4346 3069 4402 b.
3106 4346 3194 4399 Ἐκ
3222 4354 3324 4397 τῶν
3356 4346 3410 4407 ις’
3438 4345 3728 4419 κεφαλαίων

342 4447 445 4491 τῶν
484 4442 620 4490 κατὰ
658 4445 1032 4510 Μονοφυσιτῶν
1071 4441 1129 4488 τὸ
1174 4436 1236 4505 ζ’,
1269 4454 1326 4509 p.
1363 4439 1459 4492 341
1497 4435 1556 4492 b.

419 4528 691 4583 Andreas
723 4526 1017 4583 Cretensis
1046 4524 1101 4577 ἐκ
1130 4535 1223 4577 τοῦ
1260 4526 1413 4596 λόγου
1446 4536 1537 4578 τοῦ
1563 4527 1631 4586 εἰς
1659 4531 1750 4584 τὴν
1792 4532 2092 4599 Βαὶόφόρον,
2124 4541 2188 4598 p.
2225 4528 2349 4580 330.

420 4615 782 4672 Athanasius
824 4630 965 4687 pag.
1016 4619 1120 4671 342
1167 4617 1226 4681 b,
1278 4620 1380 4671 341
1429 4615 1490 4670 b.
1540 4616 1628 4677 Εἰς
1667 4619 1746 4685 τὸ,
1790 4637 1816 4665 ‹‹
1862 4616 1973 4667 Οὐκ
2020 4617 2100 4668 ἀεὶ
2147 4612 2189 4673 ἧι

1959 4636 1973 4666 ι
2020 4617 2100 4668 ἀεὶ
2147 4612 2210 4673 ἦν
2258 4617 2400 4681 Υἱὸς,
2445 4637 2473 4664 ››
2528 4629 2667 4687 pag.
2720 4618 2818 4670 105
2861 4614 2921 4670 b.
2976 4618 3118 4667 Κατά
3175 4623 3274 4667 τῶν
3319 4617 3631 4687 εἰσαγόντων
3669 4619 3728 4669 τό

344 4709 673 4779 ὁμοιοῦσιον,
702 4720 843 4778 pag.
884 4709 979 4761 107
1028 4704 1088 4760 b.
1118 4704 1206 4759 Ἐκ
1248 4713 1341 4757 τοῦ
1384 4711 1503 4778 περὶ
1533 4710 1761 4767 πίστεως
1807 4705 1983 4776 λόγου,
2017 4720 2113 4777 ραι

1958 4728 1983 4771 ν,
2017 4720 2159 4777 pag.
2194 4704 2299 4759 178
2344 4703 2404 4759 b.
2441 4709 2671 4778 Χρήσεις
2717 4706 2853 4756 κατὰ
2905 4708 3307 4775 Θεοπασχιτῶν,
3338 4720 3479 4776 pag.
3518 4708 3616 4760 187
3665 4704 3727 4760 b.

346 4799 490 4869 Πρὸς
536 4800 660 4857 τοῦς
706 4794 963 4866 λέγοντας,
990 4792 1217 4847 Ἔπαθεν
1256 4796 1282 4845 ό
1322 4798 1453 4855 Θεὸς
1498 4796 1567 4855 ὡς
1598 4793 1793 4860 ἤθελεν,
1824 4808 1965 4865 pag.
2004 4797 2123 4849 188.
2172 4795 2258 4846 Ἐκ
2295 4800 2388 4844 τοῦ
2439 4797 2553 4865 περὶ
2596 4801 2693 4854 τῆς
2722 4794 3159 4866 ἐνανθρωπὴσεως
3197 4793 3373 4863 λόγου,
3404 4808 3552 4865 pag.
3591 4796 3723 4848 332.

344 4886 436 4939 Ἐκ
484 4892 581 4946 τῆς
609 4884 858 4957 ἐρμηνίας
901 4891 994 4944 τῆς
1022 4882 1095 4944 εἰς
1122 4886 1182 4935 τὸ
1218 4881 1499 4955 βασιλικὸν
1548 4886 1844 4957 ἱεράτευμα,
1877 4898 2017 4955 pag.
2047 4887 2171 4939 333.
2203 4883 2290 4936 Ἐκ
2327 4889 2420 4935 τοῦ
2465 4878 2799 4934 διαλεκτικοῦ
2846 4881 3023 4953 λόγου,
3058 4881 3111 4934 ὃν
3160 4882 3448 4940 ἐποιήσατο
3486 4886 3613 4958 πρὸς
3642 4884 3731 4934 τὸν

344 4974 579 5049 Ἀρειον,
610 4988 754 5045 pag.
781 4977 885 5029 340
898 5018 911 5029 .

414 5063 810 5133 Augustinus,
838 5076 904 5135 p.
945 5065 1041 5118 341
1075 5061 1133 5117 b.
1165 5062 1262 5133 (3).

412 5151 673 5210 Basilius
719 5155 987 5223 Magnus,
1034 5166 1175 5224 pag.
1232 5155 1331 5208 104
1380 5152 1439 5222 b,
1496 5156 1595 5209 107
1634 5152 1695 5220 b,
1735 5154 1857 5220 108,
1901 5156 2023 5217 122,
2077 5154 2179 5208 190

1959 5156 2023 5217 ῐ2,
2077 5154 2197 5208 190.
2240 5152 2333 5204 Ἐκ
2378 5159 2473 5213 τῆς
2517 5152 2645 5224 πρὸς
2684 5154 2971 5223 Γρηγόριον
3024 5152 3112 5202 τὸν
3160 5146 3382 5222 ἀδελφὸν
3425 5148 3728 5217 ἐπιστολῆς,

339 5257 486 5317 pag.
520 5247 581 5297 11
614 5242 677 5307 1),
708 5245 831 5297 240.
874 5242 963 5303 Εἰς
990 5245 1071 5313 τὸ,
1099 5264 1127 5290 ‹‹
1161 5241 1268 5295 Ἀεὶ
1300 5243 1325 5293 ό
1358 5245 1489 5305 Θεὸς
1536 5247 1739 5317 Πατὴρ,
1773 5258 1915 5315 pag.
1949 5244 2052 5297 104
2086 5240 2108 5296 Ι

1957 5244 2052 5297 104
2086 5240 2147 5296 b.
2192 5240 2282 5296 Ἐκ
2306 5247 2398 5302 τῆς
2436 5243 2562 5313 πρὸς
2605 5239 2967 5301 Σωζοπολίτας
3009 5238 3311 5302 ἐπιστολῆς,
3345 5254 3487 5313 pag.
3535 5244 3635 5296 1⁸78
3665 5239 3726 5296 b.

415 5478 517 5548 (1),
538 5478 744 5531 Χοιτὼν
785 5472 953 5548 apud
1006 5476 1246 5548 Graecos
1273 5475 1453 5548 medii
1491 5480 1557 5548 get
1600 5474 1791 5548 inﬁmi
1821 5473 1955 5548 aevi.
2121 5471 2463 5548 paluziana,
2511 5477 2575 5548 ut
2614 5470 2820 5548 yidere
2863 5477 2952 5529 est
2998 5472 3060 5529 in
3099 5471 3509 5545 Palaeograph.
3545 5474 3732 5529 Graec.

339 5544 458 5621 pro
480 5545 655 5621 ﬁsco,
689 5561 796 5621 seu
827 5544 1036 5621 'domo
1056 5545 1263 5607 mr'arii,
1289 5545 1615 5621 imperialis
1646 5544 1955 5621 accipitur.
2121 5544 2577 5621 montist'alconii
2609 5544 2729 5599 loc.
2770 5544 2865 5599 cit.

414 5620 497 5687 (2)
540 5622 668 5690 Duo
707 5618 983 5690 ejusdem
1033 5634 1229 5690 operis
1257 5614 1629 5690 exemplaria
1658 5614 1959 5690 habentur
2193 5617 2271 5690 (3)
2310 5620 2359 5690 Α
2390 5616 2613 5690 multis
2639 5622 2796 5671 retro
2829 5614 3083 5690 saeculis
3126 5630 3252 5671 non
3299 5631 3500 5688 pauca
3530 5616 3586 5671 S.
3619 5620 3737 5675 Au-

342 5691 405 5747 in
430 5686 707 5760 Biblioth.
726 5686 902 5774 Regis
920 5686 1324 5774 Qhriitianiss.
1339 5694 1400 5749 et
1415 5686 1580 5751 aliud
1600 5690 1663 5747 in
1681 5688 1953 5751 Biblioth.
2119 5686 2343 5764 gu’stini
2372 5702 2560 5763 opera
2588 5688 2791 5748 Graeca
2818 5686 2984 5743 fuere
3006 5702 3202 5747 versa.
3300 5686 3319 5688 “
3697 5717 3701 5725 ι
