4480 6430
768 403 876 460 287
2061 399 2147 457 C0
2159 397 2332 456 DICIS
2369 397 2536 454 MED!

2369 396 2649 456 MEDICEI
2683 397 2841 456 XXIV
4027 401 4133 456 288

769 526 858 581 Ἐκ
893 531 987 580 τοῦ
1027 527 1154 601 πρὸς
1181 523 1431 598 Εὐνόμιον
1468 526 1678 598 πρώτου
1719 522 1898 596 λόγου,
1929 537 2074 597 pag.
2099 523 2222 581 234.
2261 522 2353 576 Ἐκ
2401 528 2492 575 τοῦ
2526 523 2664 576 κατὰ
2689 523 2895 597 Ἀρείου
2933 520 3109 595 λόγου,
3140 521 3289 579 ibid.
3321 522 3451 577 Ἀπὸ
3486 529 3586 576 τῶν
3626 524 3758 598 πρὸς
3786 521 4133 595 Ἀμφιλὸχιον

761 618 850 669 τὸν
876 615 1092 670 Ἰκονίου
1131 616 1412 688 τριάκοντα
1439 613 1752 687 κεφαλαίων,
1785 628 1927 686 pag.
1961 615 2065 669 245
2111 612 2178 670 b.
2220 613 2308 666 Ἐκ
2337 619 2429 673 τῆς
2459 611 2530 675 εἰς
2572 615 2660 665 τὸν
2702 617 2974 685 προφήτην
3003 611 3223 666 Ἠσαίαν
3261 611 3579 683 ἐξηγήσεως,
3609 625 3751 685 pag.
3781 615 3885 669 330
3929 612 3996 669 1).
4043 611 4132 666 Ἐκ

766 715 858 766 τῆς
887 705 1071 777 εύχῆς,
1103 706 1167 767 ἧς
1204 707 1233 764 ἠ
1270 703 1437 777 ἀρχὴ,
1464 700 1651 765 Οὐδεὶς
1681 703 1842 771 ἄξιος,
1871 723 1919 756 κ.
1955 703 2028 771 λ.,
2062 718 2201 776 pag.
2239 706 2367 759 332.
2406 700 2497 762 Εἰς
2522 703 2601 770 τὸ,
2629 721 2657 750 ‹‹
2692 700 2824 773 Ἐγὼ
2863 701 2968 773 εἰμι
2999 703 3029 760 ἠ
3072 701 3320 773 ἄμπελος,
3358 722 3386 751 ››
3415 715 3554 773 pag.
3589 703 3711 756 344.
3744 722 3772 750 »

840 812 1084 867 Cosmas
1106 809 1521 884 lndopleustes
1552 809 1606 863 ἐκ
1632 817 1724 864 τοῦ
1748 811 1819 872 εἰς
1845 813 1931 863 τὸν
1964 809 2212 884 ψαλτῆρα
2237 812 2484 883 προιμίου
2506 807 2850 880 ἐξηγουμένου
2872 807 2940 870 ὡς
2971 805 3019 860 ἐν
3044 803 3262 880 παρόδῳ
3291 809 3370 874 τὸ,
3392 830 3419 857 ιι
3444 808 3736 878 Ηγάπησας
3762 801 4124 874 δικαιοσύνην,

764 903 854 952 καὶ
887 899 1147 972 ἐμίσησας
1178 898 1415 973 ἀνομίαν,
1449 921 1478 950 ››
1511 904 1600 952 καὶ
1632 902 1698 952 τὰ
1729 899 1811 963 ἐξῆ
1825 921 1865 966 ς,
1895 914 2035 973 pag.
2070 903 2197 956 333.

836 1006 1082 1078 Cyrillus
1111 1006 1569 1073 Alexandrinus,
1599 1022 1737 1079 pag.
1778 1009 1896 1072 105,
1935 1009 2033 1062 106
2077 1021 2134 1074 8,
2171 1008 2269 1061 106
2299 1003 2363 1074 b,
2399 1007 2496 1060 107
2541 1017 2597 1067 a,

2355 1049 2363 1073 ,
2399 1007 2496 1060 107
2541 1017 2597 1067 a,
2639 1000 2736 1056 107
2766 998 2826 1066 1),
2866 1003 2962 1056 109
2984 999 3062 1071 υ1),
3100 1003 3197 1056 147
3241 999 3304 1067 1),
3344 1004 3441 1057 190
3480 999 3546 1057 1).
3581 999 3670 1052 Ἐκ
3709 1006 3798 1052 τοῦ
3845 999 4023 1072 λόγου,
4064 1000 4124 1053 οὗ

764 1096 793 1154 ἡ
851 1094 1133 1170 ἐπιγραφὴ,
1197 1092 1490 1158 Ἀπόδειξις
1549 1092 1643 1148 διὰ
1699 1103 1798 1146 τῶν
1855 1093 2089 1168 ἀρχῆθεν
2135 1097 2483 1167 γεγενημένων
2543 1093 2688 1143 θείων
2740 1098 3005 1164 χρησμῶν
3068 1097 3174 1150 τοῖς
3231 1091 3526 1150 θεσπεσίοις
3580 1091 3939 1165 πατριάρχαις
4004 1094 4122 1164 περὶ

759 1190 850 1243 τῆς
903 1181 1159 1257 ἀμείψεως
1208 1187 1298 1236 καὶ
1356 1185 1677 1256 μεταθίσεως
1728 1191 1827 1236 τῶν
1878 1179 2148 1236 Ἰουδαίων
2200 1186 2289 1234 καὶ
2336 1189 2437 1233 τῶν
2477 1179 2650 1249 ἐθνῶν,
2712 1192 2856 1251 pag.
2916 1181 2999 1233 18.
3064 1181 3201 1251 Πρὸς
3255 1181 3370 1238 τοὺς
3420 1178 3676 1249 λέγοντας,
3733 1180 3813 1230 ὃτι
3866 1179 3948 1239 Εἰς
3987 1185 4124 1252 τρεῖς

764 1272 910 1331 θεοὺς
956 1274 1282 1345 πιστεύομεν.
1341 1274 1399 1326 Ρ.
1458 1271 1595 1327 ead.
1645 1271 1704 1326 b.
1765 1274 1910 1324 Κατά
1975 1279 2072 1324 τῶν
2130 1270 2441 1342 εἰσαγόντων
2498 1272 2557 1321 τὸ
2619 1267 2827 1320 ἔλαττον
2883 1275 2955 1337 τῷ
3007 1269 3111 1336 Υὲῷ
3173 1265 3227 1318 ἐκ
3283 1274 3374 1319 τοῦ
3430 1270 3516 1319 τὸν
3577 1269 3809 1341 Χριστὸν
3855 1266 4017 1338 λέγειν
4074 1267 4122 1319 ἐν

759 1359 1115 1430 Εύαγγελίοις,
1168 1360 1280 1412 «⁸0
1334 1365 1515 1435 Πατήρ
1555 1380 1656 1433 μου
1700 1361 1893 1433 μείζων
1940 1363 2040 1432 μού
2088 1359 2249 1428 ἐστιν,
2295 1381 2322 1408 ))
2369 1374 2506 1430 pag.
2543 1359 2662 1412 108.
2699 1359 2823 1429 Περὶ
2870 1363 2962 1416 τῆς
3008 1364 3275 1430 προκοπῆς
3322 1363 3414 1407 τοῦ
3453 1362 3706 1430 Χριστοῦ,
3740 1369 3881 1428 pag.
3927 1359 4020 1410 111
4059 1354 4122 1412 1).

758 1447 849 1498 Ἐκ
913 1456 1012 1499 τῶν
1057 1451 1190 1500 κατά
1234 1457 1334 1500 τῶν
1381 1451 1839 1521 Πνευματομάχων
1891 1447 2265 1524 ἀντιρρητικῶν
2308 1446 2512 1518 λόγων,
2553 1461 2694 1518 pag.
2751 1447 2849 1501 123
2909 1445 2970 1514 1),
3029 1448 3149 1512 124,
3211 1447 3333 1513 125,
3390 1447 3510 1501 126.
3570 1443 3689 1497 Ὀτι
3743 1447 3769 1496 ό
3831 1449 4121 1516 Μονογενὴς

757 1539 872 1598 Υἱὸς
927 1545 1016 1590 τοῦ
1068 1545 1199 1591 Θεοῦ
1253 1537 1656 1612 ἐνανθρωπὴσας
1707 1538 1893 1609 ψυχὴν
1950 1541 2080 1610 μετά
2131 1543 2365 1610 σώματος
2428 1533 2683 1600 ἀνέλαϐεν,
2738 1555 2766 1585 ››
2821 1549 2961 1605 pag.
3018 1538 3112 1590 131
3172 1533 3230 1589 1).
3282 1536 3428 1586 Κατά
3483 1541 3841 1609 Νεστοριανῶν
3903 1533 3957 1585 ἐκ
4021 1543 4121 1585 τῶν

759 1625 990 1697 σχολίων
1037 1635 1136 1678 τῶν
1175 1633 1294 1702 περὶ
1350 1627 1570 1688 ἑνώσεως
1621 1635 1721 1679 τῶν
1773 1625 1869 1679 δύο
1919 1630 2118 1699 φύσεων
2171 1633 2263 1678 τοῦ
2321 1631 2576 1699 Χριστοῦ,
2624 1637 2760 1695 pag.
2814 1624 2912 1678 133
2959 1622 3018 1677 b.
3078 1621 3163 1674 Ἐκ
3201 1631 3293 1683 τῆς
3344 1625 3473 1696 πρὸς
3529 1624 3770 1675 Ἀκάκιον
3820 1622 4118 1691 ἐπιστολῆς,

753 1728 895 1784 pag.
957 1716 1080 1784 134,
1138 1720 1236 1771 135
1284 1715 1344 1771 b.
1395 1715 1481 1769 Ἐκ
1525 1725 1615 1777 τῆς
1667 1716 1876 1787 ὁμιλίας
1925 1725 2014 1777 τῆς
2066 1719 2185 1790 περὶ
2236 1714 2338 1775 ἐνὸς
2389 1715 2534 1775 Υἰοῦ,
2585 1727 2724 1784 pag.
2779 1715 2880 1767 134
2934 1711 2996 1778 1),
3058 1715 3175 1768 135.
3232 1712 3320 1765 Ἐκ
3371 1719 3462 1764 τοῦ
3516 1717 3634 1786 περὶ
3686 1711 4120 1786 ἐνανθρωπήσεως

758 1801 937 1874 λόγου,
986 1820 1047 1876 p.
1099 1805 1199 1859 135
1253 1803 1314 1860 b.
1364 1805 1454 1860 Ἐκ
1501 1813 1591 1858 τοῦ
1649 1808 1784 1857 κατά
1829 1813 2013 1858 πεῦσιν
2057 1809 2146 1856 καὶ
2193 1802 2472 1878 ἀπόκρισιν
2521 1801 2699 1872 λόγου,
2750 1815 2892 1872 pag.
2947 1804 3065 1870 136,
3115 1805 3214 1857 137
3263 1800 3323 1866 1),
3379 1804 3478 1856 138
3521 1800 3582 1856 1).
3635 1801 3721 1854 Ἐκ
3769 1809 3863 1862 τῆς
3903 1806 4118 1873 πρώτης

752 1891 960 1960 ὁμιλίας
1007 1901 1121 1960 τῆς,
1175 1891 1296 1945 Ὀτι
1350 1894 1407 1945 ού
1473 1898 1581 1968 χρὴ
1642 1893 1804 1966 λέγειν
1862 1895 2129 1968 ἄνθρωπον
2182 1895 2442 1966 θεοφόρον,
2495 1888 2622 1941 ἀλλὰ
2681 1891 2809 1941 Θεὸν
2864 1887 3351 1964 ἐνανθρωπὴσαντα,
3402 1903 3542 1961 pag.
3606 1892 3705 1945 140
3758 1889 3819 1944 1).
3878 1888 3964 1942 Ἐκ
4021 1898 4116 1952 τῆς

753 1983 885 2055 πρὸς
933 1985 1214 2055 Νεστόριον
1260 1980 1552 2050 ἐπιστολῆς,
1596 1997 1736 2054 pag.
1787 1985 1906 2037 141,
1957 1983 2044 2033 Ἐκ
2095 1991 2189 2043 τῆς
2242 1979 2445 2054 ὁμιλίας
2492 1987 2602 2048 τῆς,
2644 1976 2764 2029 ⁸Ὀτι
2813 1978 2879 2038 εἷς
2928 1980 3117 2052 Κύριος
3165 1978 3368 2038 Ἰησοῦς
3409 1981 3662 2053 Χριστὸς,
3709 1993 3852 2051 pag.
3905 1980 3998 2033 141
4048 1976 4111 2033 1).

753 2068 840 2121 Ἐκ
898 2078 989 2122 τοῦ
1045 2074 1173 2145 πρὸς
1230 2075 1324 2129 τὴν
1387 2070 1760 2129 εὐσεϐεστάτην
1816 2067 2078 2144 βασιλίδα
2140 2074 2597 2145 προσφωνητικοῦ,
2660 2081 2802 2138 pag.
2870 2069 2963 2120 141
3027 2066 3085 2120 1).
3144 2068 3230 2118 Ἐκ
3283 2073 3374 2118 τοῦ
3437 2066 3594 2138 λόγου
3659 2074 3751 2118 τοῦ
3805 2069 3937 2140 πρὸς
3992 2070 4113 2128 τοὺς

751 2157 1154 2232 πρεσϐυτέρους,
1212 2164 1301 2211 καὶ
1355 2154 1652 2225 διακόνους,
1704 2164 1793 2211 καὶ
1845 2163 2128 2232 μοναχοὺς,
2180 2173 2321 2230 pag.
2377 2161 2494 2222 142,
2549 2157 2672 2222 143,
2727 2157 2825 2210 146
2864 2153 2924 2209 1).
2983 2154 3071 2206 Ἐκ
3119 2163 3210 2206 τοῦ
3260 2154 3325 2216 εἰς
3376 2157 3470 2218 τὰς
3527 2153 3805 2217 δεσποίνας
3860 2176 4112 2230 προσφω-

679 2274 701 2323 ί
748 2255 1188 2321 0121:x00,‘,pag.
1246 2252 1363 2305 143.
1422 2249 1508 2322 Ἐκ
1558 2269 1650 2301 του
1710 2252 1858 2322 ἕκτου
1911 2247 2363 2320 ἀναθεματισμου,
2418 2245 2564 2302 ibid.
2625 2245 2713 2296 Ἐκ
2753 2263 2843 2296 του
2892 2241 3117 2317 ἑϐδόμου
3173 2247 3621 2318 αναθεματισμου,
3669 2245 3816 2300 ibid.
3871 2245 3960 2297 Ἐκ
4017 2255 4111 2308 τῆς

747 2339 880 2410 πρὸς
937 2329 1212 2390 Σούκενσον
1271 2338 1570 2405 ἐπιστολῆς,
1630 2353 1770 2411 pag.
1835 2342 1952 2392 179.
2016 2337 2101 2391 Ἐκ
2153 2325 2269 2390 του·
2306 2339 2436 2409 πρὸς
2494 2330 2851 2409 Ἀλεξανδρεῖς
2912 2353 3344 2407 προσφωνητικου
3409 2335 3599 2406 λόγον,
3654 2334 3798 2390 ibid.
3864 2335 3952 2387 Ἐκ
4016 2344 4112 2397 τῆς

748 2426 1014 2499 ἑρμηνείας
1065 2435 1158 2491 τῆς
1188 2431 1319 2500 πρὸς
1361 2427 1632 2504 Ἐκραίους
1683 2426 1976 2493 ἐπιστολῆς,
2023 2426 2168 2482 ibid.
2221 2427 2308 2480 Ἐκ
2355 2434 2455 2478 τῶν
2493 2427 2629 2476 κατά
2670 2428 2980 2499 Νεστορίου,
3022 2439 3163 2496 pag.
3214 2427 3310 2480 188
3358 2423 3419 2479 b.
3468 2425 3556 2476 Ἐκ
3597 2445 3686 2476 του
3740 2427 3874 2477 κατά
3910 2427 4112 2498 Ἀρεια-

744 2524 841 2568 νῶν
888 2519 1133 2591 τετάρτου
1181 2516 1360 2588 λόγου,
1411 2533 1553 2590 pag.
1601 2520 1728 2586 204,
1775 2519 1865 2570 Ἐκ
1913 2536 2003 2569 1'00
2057 2522 2236 2591 τρίτου
2280 2514 2487 2588 βιϐλίου
2532 2523 2630 2566 τῶν
2677 2515 2812 2565 κατὰ
2859 2512 3140 2567 Ἰουλιανου
3181 2509 3479 2586 δογμάτων,
3513 2513 3659 2569 ibid.
3695 2515 3783 2567 Ἐκ
3815 2523 3908 2576 τῆς
3952 2515 4112 2587 ἑρμη-

745 2610 882 2668 νείας
914 2604 1121 2678 βιϐλίου
1150 2603 1365 2677 ὀγδόου,
1401 2621 1542 2678 pag.
1573 2605 1706 2662 ead.
1742 2605 1800 2660 b.
1837 2610 1971 2681 Πρὸς
2003 2606 2239 2678 Ἐρμείαν
2269 2611 2386 2679 περὶ
2417 2612 2507 2664 τῆς
2534 2604 2683 2675 ἁγίας
2713 2599 2942 2678 Τριάδος
2970 2606 3104 2655 κατά
3133 2623 3315 2655 πευσιν
3345 2609 3435 2655 καὶ
3478 2601 3777 2678 ἀπόκρισιν,
3810 2620 3949 2676 pag.
3982 2608 4111 2660 233.

746 2694 833 2747 Ἐκ
882 2703 976 2757 τῆς
1013 2698 1140 2770 πρὸς
1170 2695 1478 2753 Ἐπίκτητον
1520 2694 1818 2759 ἐπιστολῆς,
1855 2711 1996 2766 pag.
2028 2698 2151 2750 234.
2191 2695 2274 2747 Ἐκ
2313 2714 2404 2746 του
2457 2697 2584 2768 πρὸς
2626 2688 2913 2745 Θεοδόσιον
2965 2712 3419 2766 προσφωνητικου,
3452 2692 3598 2748 ibid.
3633 2693 3718 2754 Εἰς
3757 2697 3814 2745 τὸ
3854 2699 4110 2765 μυστικὸν

749 2777 978 2852 δεῖπνον,
1008 2797 1151 2854 pag.
1184 2787 1287 2839 332
1317 2783 1380 2838 1).
1413 2783 1502 2834 Ἐκ
1542 2792 1640 2835 τῶν
1675 2782 1745 2853 ιβ’
1773 2782 2057 2854 κεφαλαίων
2092 2791 2191 2834 τῶν
2231 2785 2366 2834 κατά
2396 2780 2518 2835 Θεοί

2338 2785 2366 2833 ἀ
2396 2779 2767 2855 Θεοδωρητου,
2801 2781 2950 2838 ibid.
2981 2782 3110 2834 Ἀπὸ
3141 2801 3230 2834 του
3263 2785 3391 2855 πρὸς
3431 2778 3715 2854 βασιλίδας
3745 2782 3918 2854 λόγου,
3962 2783 4107 2839 ibid.

742 2875 799 2926 et
828 2887 967 2944 pag.
999 2876 1101 2928 340
1132 2871 1192 2927 1).
1225 2873 1353 2925 Ἀπὸ
1395 2880 1494 2923 τῶν
1519 2877 1637 2946 περὶ
1683 2873 1920 2933 ὑπακοῆς
1944 2891 2034 2924 του
2067 2879 2322 2944 Χριστου,
2357 2886 2496 2943 pag.

2357 2886 2496 2943 pag.
2540 2875 2642 2926 332
2671 2870 2732 2926 b.
2768 2873 2856 2924 Ἐκ
2895 2890 2985 2922 του
3019 2871 3084 2932 εἰς
3127 2874 3192 2923 τὰ
3224 2874 3352 2923 Βάῑα
3388 2871 3567 2943 λόγου,
3599 2887 3739 2943 pag.
3780 2873 3883 2927 340
3912 2872 3972 2927 1).
4019 2874 4108 2924 Ἐκ

748 2979 840 3014 του
869 2959 912 3013 α’
944 2960 1154 3036 βιϐλίου
1185 2969 1285 3015 τῶν
1331 2969 1649 3035 Θησαυρῶν,
1685 2959 1732 3012 ἐν
1763 2980 1853 3013 100
1888 2958 1951 3012 ια’
1983 2960 2280 3034 κεφαλαίου,
2315 2976 2454 3034 pag.
2487 2960 2612 3016 342.
2641 2961 2770 3014 Ἀπὸ
2801 2979 2893 3012 του
2941 2959 2980 3013 θ’
3020 2960 3177 3033 λόγου
3217 2970 3310 3023 τῆς
3341 2959 3388 3013 ἐν
3431 2964 3687 3034 πνεύματι
3729 2960 3970 3036 λατρείας
4009 2958 4108 3014 δύο

741 3064 883 3124 pag.
919 3049 1053 3106 ead'
1081 3050 1142 3108 b.

813 3157 1065 3229 Cyrillus
1120 3157 1700 3231 Hierosolymitanus
1765 3155 1864 3210 ἀπὸ
1927 3177 2018 3210 του
2072 3157 2143 3220 εἰς
2193 3161 2286 3217 τὴν
2335 3157 2582 3212 ’Υπαπανπ

2335 3157 2659 3216 ’Υπαπαντην
2703 3155 2897 3230 λόγου,
2947 3156 3007 3210 οὖ
3060 3159 3088 3217 ἡ
3153 3156 3338 3233 ἀρχὴ,
3405 3165 3568 3234 Χαῖρε
3636 3154 3881 3234 σφόδρα,
3935 3178 3986 3213 κ.
4054 3158 4100 3214 1.

739 3261 883 3319 pag.
911 3250 1013 3303 322
1035 3247 1094 3303 b.

811 3354 1132 3424 Dionysius
1173 3355 1534 3427 Areopagita
1578 3356 1634 3408 ἐκ
1664 3374 1755 3407 του
1789 3351 2033 3429 δευτέρου
2065 3354 2342 3428 κεφαλαίου
2374 3374 2464 3407 του
2490 3374 2580 3428 περ

2337 3377 2342 3400 ν
2374 3374 2464 3407 του
2490 3359 2607 3428 περὶ
2634 3356 2895 3427 ἡνωμένον
2936 3359 3023 3408 καὶ
3055 3351 3474 3428 διακεκριμένον,
3501 3371 3640 3425 pag.
3674 3360 3756 3411 11.
3793 3356 3878 3409 Ἐκ
3910 3375 4001 3408 του
4037 3360 4106 3428 ιγ’

738 3441 1018 3514 κεφαλαίου
1050 3463 1140 3496 του
1177 3448 1295 3517 περὶ
1337 3463 1428 3496 του
1461 3443 1652 3497 τελείου
1683 3449 1770 3496 καὶ
1797 3444 1923 3506 ἐνὸς,
1955 3460 2092 3516 pag.
2129 3445 2262 3500 ead.
2298 3444 2360 3499 1).
2395 3448 2519 3518 Περὶ
2562 3452 2718 3510 Θεὸν,
2748 3460 2891 3517 pag.
2923 3445 3009 3500 15.
3054 3447 3142 3498 Ἐκ
3183 3465 3274 3497 του
3304 3451 3512 3520 πρώτου
3543 3445 3821 3517 κεφαλαίου
3865 3453 3961 3507 τῆς
3989 3453 4108 3518 περὶ

739 3532 884 3585 θείων
909 3532 1192 3605 ὀνομάτων,
1221 3549 1360 3606 pag.
1397 3537 1464 3589 59
1493 3533 1560 3589 b.
1602 3533 1688 3586 Ἐκ
1715 3542 1810 3594 τῆς
1832 3537 1963 3607 πρὸς
1995 3537 2146 3586 Γάῑον
2175 3537 2261 3586 τὸν
2291 3535 2607 3608 θεραπευτὴν
2635 3533 2930 3606 ἐπιστολῆς,
2955 3534 3100 3591 ibid.
3134 3538 3226 3588 Ἐκ
3255 3544 3354 3588 τῶν
3387 3535 3691 3607 θεολογικῶν
3724 3542 4108 3608 στοιχειώσεων

734 3638 826 3672 του
853 3621 1007 3693 ἁγίου
1041 3623 1308 3696 Ἰεροθέου,
1332 3637 1474 3696 pag.
1503 3627 1588 3679 40.

801 3734 904 3781 T00
949 3728 1105 3800 ἀγίου
1140 3729 1364 3803 Ἐφραὶμ
1413 3728 1838 3802 ἀρχιεπισκόπου
1875 3729 2219 3802 Ἀντιοχείας,
2254 3728 2307 3793 ἐξ
2350 3730 2412 3794 ἧς
2459 3731 2744 3788 ἐποιήσατο
2786 3729 3073 3803 ἀπολογίας
3109 3732 3236 3806 ὑπὲρ
3279 3740 3376 3794 τῆς
3417 3730 3466 3784 ἐν
3506 3729 3758 3790 Χαλκηδό
3794 3752 3811 3784 ι
3857 3729 4106 3800 συνόδου,

732 3820 822 3870 καὶ
851 3836 942 3869 του
974 3821 1137 3890 τόμον
1167 3837 1259 3870 του
1293 3817 1443 3889 ἁγίου
1477 3822 1714 3884 Λέοντος,
1741 3834 1884 3891 pag.
1918 3821 2024 3875 207
2054 3817 2112 3873 1).

804 3924 1137 3981 Eustratius
1194 3924 1578 3998 metropolita
1633 3926 1905 3982 Nicaenus
1951 3924 2052 3978 ἀπὸ
2102 3946 2192 3979 του
2245 3925 2401 3998 λόγου
2454 3946 2546 3980 του

2335 3946 2401 3979 ὀυ
2454 3946 2546 3980 του
2595 3932 2726 4004 πρὸς
2770 3929 3087 4004 Γροσολάνον
3136 3929 3419 3982 ἐπίσκοπον
3467 3927 3790 3983 Μεδιολὸνων
3844 3951 3962 4002 περι
4014 3939 4104 3994 τῆς

728 4033 821 4066 του
855 4013 1008 4086 ἀγίου
1041 4018 1340 4087 Πνεῦματος
1390 4013 1762 4089 ἐκπορεύσεως,
1791 4030 1932 4087 pag.
1967 4019 2091 4071 266.
2126 4015 2213 4069 Ἐκ
2240 4021 2331 4069 τὸυ
2377 4017 2536 4071 αύτου
2581 4022 2712 4090 πρὸς
2756 4019 2910 4071 αὐτὸν
2942 4018 3221 4072 ἐπίσκοπον
3266 4017 3596 4073 Μεδιολάνων
3637 4018 3878 4095 δευτέρου
3922 4021 4100 4093 λόγου,

728 4119 872 4176 pag.
919 4107 1024 4159 268
1073 4104 1132 4160 b.
1173 4107 1264 4158 Ἐκ
1308 4124 1399 4157 του
1446 4105 1606 4157 αύτου
1657 4105 1828 4178 ἐτέρου
1876 4105 2050 4177 λόγου,
2083 4121 2227 4178 pag.
2256 4109 2358 4162 273
2406 4106 2469 4164 1).
2509 4115 2606 4160 Τον
2655 4107 2815 4160 αύτου
2863 4109 3117 4181 κεφάλαια
3162 4108 3544 4183 ἐπιστημονικά
3595 4107 3666 4162 δι’
3717 4112 3783 4161 ὧν
3832 4107 4100 4164 δείκνυται

729 4189 987 4246 ἀδύνατον
1027 4192 1159 4246 εἶναι
1200 4193 1254 4246 ἐκ
1295 4213 1385 4246 του
1420 4198 1626 4268 Πατρός
1665 4199 1754 4246 καὶ
1784 4213 1874 4246 του
1925 4197 2046 4247 Υἱου
2085 4198 2143 4247 τὸ
2191 4202 2399 4269 Πνευμα
2425 4200 2482 4249 τὸ
2512 4199 2660 4269 ἅγιον
2710 4197 3099 4273 ἐκπορεύεσθαι,
3129 4214 3270 4272 pag.
3303 4205 3426 4255 275.
3471 4201 3556 4253 Ἐκ
3584 4220 3674 4252 του
3706 4197 3950 4276 δευτέρου
3981 4207 4097 4276 περὶ

727 4291 827 4336 τῶν
856 4283 1096 4356 Ἀζύμων
1125 4283 1304 4356 λόγου,
1334 4298 1472 4356 pag.
1501 4287 1602 4340 333
1632 4283 1694 4340 1).

799 4390 1067 4463 Εύθυμίοῦ
1095 4399 1335 4464 μοναχοῦ
1374 4390 1668 4464 Ζιγαϐηνοῦ
1713 4394 1848 4444 κατά
1896 4399 1995 4444 τῶν
2025 4401 2120 4455 τῆς
2157 4391 2380 4456 παλαιᾶς
2408 4393 2629 4466 Ῥώμης,
2657 4396 2773 4452 ἤτοι
2824 4393 3048 4464 Ἰταλῶν,
3081 4393 3335 4466 κεφάλαια
3381 4394 3452 4469 ιβ’
3480 4392 3761 4465 δηλουντα,
3793 4398 3859 4458 ὡς
3901 4397 3995 4451 ούκ
4038 4395 4093 4451 ἐκ

725 4487 819 4534 τοῦ
859 4482 983 4533 Υἰου
1013 4480 1347 4555 ἐκπορεύεται
1386 4484 1443 4533 τὸ
1485 4487 1693 4553 Πνευμα
1723 4485 1780 4533 τὸ
1813 4483 1981 4552 οἰγιον,
2008 4497 2148 4554 pag.
2173 4486 2298 4540 296.

798 4589 1119 4659 Gregorius
1149 4587 1553 4645 Nazianzenus
1597 4587 1652 4640 ἐκ
1682 4608 1773 4641 του
1804 4593 1920 4663 περὶ
1967 4591 2089 4642 Υἱου
2119 4595 2326 4662 πρώτου
2358 4590 2533 4664 λόγου,

2324 4615 2326 4632 ι
2358 4590 2533 4664 λόγου,
2572 4607 2712 4665 pag.
2748 4593 2834 4657 12,
2874 4593 2994 4660 105,
3035 4595 3134 4648 108
3173 4592 3235 4660 b,
3268 4597 3388 4662 109,
3421 4595 3546 4652 342.
3579 4594 3665 4649 Ἐκ
3698 4602 3790 4648 τοῦ
3824 4601 3942 4672 περὶ
3970 4598 4093 4649 Υἱοῦ

727 4674 972 4751 δευτέρου
1002 4677 1184 4751 λόγου,
1215 4693 1358 4752 pag.
1390 4678 1460 4734 40
1484 4677 1547 4748 1),
1579 4679 1677 4735 106
1717 4678 1779 4745 1),
1814 4683 1909 4734 109
1948 4678 2011 4748 b,
2043 4683 2163 4742 110,
2197 4680 2299 4737 178
2330 4680 2390 4744 1),
2429 4684 2547 4752 190,
2577 4681 2702 4736 340.
2735 4680 2824 4734 Ἐκ
2853 4701 2942 4734 του
2969 4682 3124 4753 λόγου
3154 4701 3246 4734 του
3276 4687 3394 4756 περὶ
3422 4679 3684 4755 δόγματος
3712 4689 3802 4737 καὶ
3831 4688 4096 4738 καταστά-

728 4786 856 4830 σεως
902 4767 1220 4839 ἐπισκόπων,
1265 4783 1408 4841 pag.
1452 4769 1541 4822 12.
1588 4768 1674 4820 Ἐκ
1721 4788 1811 4820 του
1849 4769 2004 4840 λόγου
2050 4789 2141 4822 του
2180 4773 2306 4844 πρὸς
2353 4771 2669 4842 Ἀρειανοῦς,
2709 4775 2798 4822 καὶ
2837 4771 2902 4830 εἰς
2938 4770 3139 4841 ἑαυτὸν,
3191 4788 3331 4844 pag.
3385 4774 3450 4828 12
3493 4773 3554 4828 1),
3599 4775 3691 4826 Ἐκ
3736 4795 3828 4827 του
3867 4775 4096 4847 μεγάλου

723 4856 1130 4930 ἀπολογητικοῦ,
1171 4873 1313 4931 pag.
1351 4861 1439 4914 16.
1471 4858 1559 4911 Ἐκ
1598 4878 1690 4911 του
1729 4857 1886 4930 λόγου
1913 4879 2005 4911 του
2044 4859 2115 4920 εἰς
2158 4863 2224 4912 τὰ
2251 4860 2486 4931 γενέθλια

2324 4860 2505 4926 ιέθλια,
2536 4875 2677 4932 pag.
2715 4863 2805 4916 40.
2836 4861 2926 4912 Ἐκ
2969 4879 3058 4912 του
3095 4861 3164 4923 εἰς
3209 4865 3275 4913 τά
3305 4868 3456 4916 ⁶ιιῶτα
3482 4863 3657 4935 λόγου,
3691 4879 3830 4936 pag.
3864 4864 3999 4920 ead.
4031 4865 4093 4921 1).

719 4947 810 5002 Ἐκ
858 4967 948 5000 του
983 4951 1116 5022 πρὸς
1156 4945 1443 5006 Κληδὸνιον
1485 4944 1730 5021 δευτέρου
1777 4947 1955 5020 λόγου,
1988 4948 2135 5004 ibid.
2166 4950 2254 5001 Ἐκ
2285 4969 2374 5002 του
2407 4949 2478 5013 εἰς
2509 4953 2566 5002 τὸ
2609 4952 2810 5022 Πάσχα
2851 4946 3093 5023 δευτέρου
3133 4950 3309 5022 λόγου,
3350 4951 3496 5008 ibid.
3541 4953 3628 5007 Ἐκ
3666 4974 3756 5007 του
3805 4953 3956 5026 λόγον
4003 4974 4096 5007 του

721 5057 1102 5114 προτρεπτικόν
1142 5037 1214 5101 εἰς
1243 5041 1302 5091 τὸ
1345 5037 1648 5111 βάπτισμα,
1678 5038 1824 5094 ibid.
1862 5039 1948 5092 Ἐκ
1974 5058 2066 5092 του
2096 5038 2253 5111 λόγοῦ
2288 5059 2379 5092 του
2411 5039 2483 5103 εἰς
2507 5044 2601 5098 τήν
2647 5047 2746 5092 τῶν
2775 5038 2846 5114 ρν’
2878 5038 3173 5093 ἐπισκόπων
3199 5047 3514 5116 παρουσίαν,
3547 5059 3686 5116 pag.
3721 5045 3843 5101 107.
3883 5047 3975 5098 Ἐκ
4004 5065 4097 5098 του

718 5127 878 5200 λόγου
916 5147 1008 5181 του
1038 5132 1157 5201 περὶ
1184 5126 1558 5186 ἀκαταλήπτου
1586 5133 1871 5199 γεννήσεως
1900 5147 1991 5180 του
2023 5131 2147 5182 Υὶου
2178 5133 2269 5182 καὶ
2299 5137 2454 5197 Θεοῦ,
2486 5145 2627 5203 pag.
2663 5131 2790 5187 108.
2829 5134 2954 5206 Περὶ
2983 5150 3075 5183 του
3116 5129 3268 5203 ἀγίου
3297 5135 3610 5206 ῐ1νεύματος,
3641 5149 3781 5208 pag.
3818 5139 3938 5203 121,
3977 5139 4095 5204 122,

718 5220 840 5274 123.
875 5217 961 5271 Ἐκ
999 5237 1088 5271 του
1115 5221 1244 5291 πρὸς
1273 5213 1560 5275 Κληδόνων
1591 5222 1800 5291 πρώτου
1834 5221 2011 5290 λόγου,
2040 5233 2182 5291 pag.
2211 5219 2314 5274 127
2345 5219 2406 5275 1).
2436 5223 2558 5278 128.

789 5326 1110 5397 Gregorius
1148 5328 1476 5398 Nyssenus,
1517 5341 1660 5399 pag.
1707 5328 1807 5381 105
1851 5325 1912 5382 b.
1957 5331 2084 5400 Περὶ
2123 5336 2219 5390 τῆς
2252 5328 2390 5388 θείας
2440 5326 2552 5380 ἐναν

2325 5332 2390 5388 ας
2440 5326 2878 5402 ἐνανθρωπήσεως
2925 5328 2980 5383 ἐκ
3011 5349 3102 5384 του
3142 5350 3510 5403 κατηχητικου
3555 5331 3734 5404 λόγου,
3767 5347 3908 5406 pag.
3941 5336 4011 5391 40
4035 5334 4094 5390 1).

715 5419 841 5473 9-56-
884 5415 975 5469 Ἐκ
1015 5436 1106 5469 τον
1135 5415 1293 5487 λόγου
1325 5435 1415 5468 του
1460 5418 1592 5490 πρὸς
1624 5414 1872 5487 Θεόφιλον
1915 5411 2328 5492 Ἀλεξανδρείας,
2351 5433 2494 5492 pag.
2540 5420 2662 5477 129.
2692 5421 2783 5474 Ἐκ
2821 5441 2912 5473 του
2941 5426 3070 5497 πρὸς
3099 5422 3492 5496 Ἀπολλινάριον
3523 5421 3889 5499 ἀντιρῥητικου
3917 5423 4096 5497 λόγου,

712 5523 854 5581 pag.
886 5506 1024 5565 ead.
1063 5506 1126 5565 1).
1172 5509 1294 5576 130,
1332 5506 1451 5578 131,
1500 5508 1620 5562 179.
1662 5504 1748 5559 Ἐκ
1778 5524 1870 5559 του
1902 5505 2058 5578 λόγου
2105 5525 2200 5559 του
2238 5513 2358 5582 περὶ
2390 5510 2633 5574 θεότητος
2671 5510 2797 5565 Υἰου
2828 5516 2919 5566 καὶ
2950 5511 3104 5585 ἁγίου
3144 5514 3464 5585 Πνεύματος,
3495 5518 3587 5566 καὶ
3618 5514 3689 5576 εἰς
3721 5517 3806 5566 τὸν
3837 5513 4096 5588 Ἀϐραὰμ,

711 5613 854 5672 pag.
887 5601 983 5654 341
1017 5596 1081 5654 b.

785 5710 972 5770 Ηίστις
1027 5704 1458 5780 ἁποκαλυφθεῖσα
1511 5712 1584 5780 τῷ
1644 5703 1778 5780 ἁγίῳ
1829 5709 2102 5782 Γρηγορίῳ
2153 5713 2227 5782 τῷ
2284 5715 2715 5784 Θαυματουργῷ,
2773 5711 2839 5773 ὥς
2895 5708 2944 5765 ἐν
3007 5706 3252 5784 διδαχῆς
3308 5717 3405 5774 τῆς
3456 5711 3738 5788 ύπεραγίας
3791 5715 4098 5772 Θεοτόκου.
