4480 6430
329 391 438 447 289
1806 377 2170 442 RECENSIO.
3537 391 3643 447 29o

330 516 423 564 καὶ
452 516 547 564 τοῦ
576 510 730 582 ἁγίου
769 504 1064 561 ἀποστόλου
1104 504 1344 559 Ἰωάννου
1375 509 1466 557 τοῦ
1504 503 1922 577 Εύαγγελιστοῦ,
1958 520 2103 579 pag.
2132 508 2227 562 28.
2274 508 2377 559 Τοῦ
2425 503 2585 558 αὐτοῦ
2613 503 2670 559 ἐκ
2714 513 2811 568 τῆς
2857 507 2993 560 κατὰ
3036 510 3192 582 μίρος
3217 512 3441 574 πίστεως
3464 510 3644 584 ῥήσεις

329 604 453 672 περὶ
480 606 582 651 τῶν
612 594 710 650 δύο
738 603 832 649 τοῦ
865 600 1099 669 Χριστοῦ
1129 596 1351 667 φύσεων,
1377 606 1517 666 pag.
1543 593 1645 649 178
1673 591 1736 651 b.

403 686 670 757 lgnatius
701 687 758 743 S.
792 683 1123 758 apostolus,
1149 684 1474 756 episcopus
1504 681 1930 751 Antiochenus,
1960 697 2100 755 pag.
2139 684 2237 739 188
2258 682 2321 739 b.

399 779 665 833 Joannes
696 775 1178 847 Chrysostomus,
1219 785 1363 843 pag.
1416 773 1540 827 343.
1588 770 1680 826 Ἐκ
1710 778 1805 833 τῆς
1846 770 2033 843 βιϐλου
2059 780 2154 833 τῆς

1871 770 2033 823 ἰιϐλου
2059 780 2154 833 τῆς
2182 777 2301 846 περὶ
2342 769 2733 839 ἀκαταλήπτου,
2767 786 2828 845 p.
2869 776 2927 829 16
2957 772 3017 831 b.
3049 772 3143 829 Ἐκ
3187 784 3283 839 τῆς
3312 779 3442 850 πρὸς
3485 777 3640 832 Ἀκά-

327 886 444 918 κιον
496 864 796 930 ἐπιστολῆς,
858 878 920 935 Ρ·
982 862 1104 917 ίῖθο
1162 860 1249 915 ἐκ
1303 868 1399 920 *ἧς
1452 858 1513 921 Ei
1570 858 1777 932 ὁμιλίας
1816 868 1915 911 τῶν
1962 860 2239 935 ἐρμηνειὼν
2295 867 2387 913 τοῦ
2441 864 2576 913 κατὰ
2628 861 2865 921 Ἰωάννην
2916 862 3259 935 Εὐαγγελίου,
3299 880 3362 937 p.
3393 867 3518 921 204.
3555 866 3640 920 Ἐκ

327 964 426 1016 τῆς
460 954 500 1018 ζ’
525 952 727 1027 ὁμιλίας
757 960 852 1015 τῆς
879 954 1006 1027 πρὸς
1050 951 1319 1022 Ἐφεσίους
1347 947 1643 1013 ἐπιστολῆς,
1694 964 1832 1021 pag.
1866 945 1970 1007 2'33
2009 949 2070 1005 b.
2123 949 2207 1002 Ἐκ
2261 956 2353 1001 τοῦ
2391 952 2527 1002 κατὰ
2573 950 2794 1023 Ἀρείου,
2850 955 2941 1003 καὶ
2994 952 3065 1013 εἰς
3123 956 3206 1005 τόν
3249 952 3639 1027 Εὐαγγελισμόν

326 1043 555 1117 ὁμιλίας,
577 1041 660 1098 ib.
695 1045 750 1098 et
782 1056 840 1113 p.
869 1043 973 1097 340
1002 1038 1061 1094 b.
1095 1038 1185 1091 Ἐκ
1214 1045 1307 1089 τοῦ
1345 1042 1525 1111 τρίτου
1568 1037 1722 1109 λόγου
1770 1046 1862 1091 τοῦ
1900 1043 2017 1113 περὶ
2049 1040 2351 1112 ἱερωσύνης,
2386 1054 2446 1111 p.
2470 1042 2575 1095 330
2601 1037 2663 1095 b.
2693 1038 2779 1093 Ἰ-’,κ
2810 1047 2901 1103 τῆς
2931 1044 3066 1093 κατὰ
3115 1038 3384 1095 Ἰουδαίων
3427 1041 3635 1116 βίϐλου,

323 1149 387 1206 p.
433 1137 561 1191 331.
603 1132 691 1185 Ἐκ
727 1138 821 1193 τῆς
869 1129 941 1191 εἰς
966 1131 1024 1181 rb
1054 1130 1189 1180 κατὰ
1232 1128 1501 1180 Ματθαῖον
1531 1126 1821 1199 ἑρμηνείας,
1856 1126 2005 1185 ibid.
2046 1126 2135 1181 Ἐκ
2161 1136 2258 1190 τῆς
2288 1127 2555 1200 ἐρμηνείας
2584 1136 2681 1190 τῆς
2711 1132 2842 1202 πρὸς
2872 1128 3140 1205 Ἐϐραίους
3170 1128 3462 1200 ἐπιστολῆς,
3494 1148 3635 1206 pag.

322 1226 425 1279 331
460 1222 522 1284 b.
552 1224 654 1278 340
679 1219 743 1277 1).
775 1218 862 1281 Εἰς
886 1222 972 1271 τὸν
1009 1215 1292 1269 ἀπόστολον
1321 1222 1536 1289 Θωμᾶν,
1565 1231 1705 1288 pag.
1738 1220 1833 1273 331
1870 1216 1934 1275 b.
1980 1215 2070 1270 Ἐκ
2093 1224 2186 1269 τοῦ
2231 1215 2302 1278 εἰς
2330 1218 2396 1269 τὰ
2424 1222 2593 1286 Φῶς-α,
2620 1216 2767 1274 ibid.
2816 1218 2903 1272 Ἐκ
2951 1226 3045 1281 τῆς
3086 1220 3166 1281 κζ’
3218 1218 3422 1294 ὁμιλίας
3462 1221 3533 1283 εἰς
3578 1225 3636 1274 τὸ

322 1314 462 1364 κατὰ
484 1312 726 1367 Ἰωάννην
755 1309 904 1380 οἶγιον
934 1305 1267 1378 Εύαγγίλιον,
1301 1320 1444 1378 pag.
1472 1308 1595 1361 344.

392 1403 656 1457 Joannes
691 1401 1115 1463 Damascenus,
1148 1410 1289 1467 pag.
1327 1398 1449 1463 106,
1496 1398 1590 1449 107
1622 1394 1686 1464 b,
1722 1397 1820 1450 109
1852 1393 1912 1464 b,
1951 1398 2073 1464 H2,
2110 1397 2161 1450 11

1862 1394 1912 1464 b,
1951 1398 2073 1464 H2,
2110 1397 2208 1451 146
2236 1393 2300 1462 b,
2356 1397 2451 1451 un
2493 1393 2552 1461 b,
2602 1398 2700 1451 173
2733 1394 2794 1465 b,
2831 1397 2930 1452 174
2961 1395 3022 1463 b,
3059 1400 3178 1466 175,
3215 1401 3313 1453 186
3341 1396 3529 1458 1).201
3572 1399 3631 1467 b,

321 1494 448 1561 202,
484 1492 609 1555 334,
641 1491 747 1545 339
778 1486 837 1542 b.
865 1486 957 1539 Ἐκ
986 1491 1077 1537 τοῦ
1116 1488 1235 1558 περὶ
1270 1487 1475 1555 Πατρός
1511 1487 1602 1535 καὶ⁵
1633 1482 1757 1535 1⁸ἱοῦ
1786 1488 1877 1535 καὶ
1914 1482 2066 1555 ἁγίου
2110 1486 2407 1556 Πνεύματος
2438 1481 2805 1559 διακεκριμένη
2838 1483 2950 1557 ἅμα
2978 1488 3067 1537 καὶ
3112 1487 3344 1559 ἡνωμένη
3379 1486 3631 1559 θεολογία,

316 1593 464 1651 pag.
513 1579 603 1635 13.
643 1582 749 1630 Τοῦ
788 1574 950 1628 αὐτοῦ
989 1591 1045 1627 εκ
1086 1570 1352 1646 διαφόρων
1403 1577 1665 1647 Πατίρων,
1712 1585 1857 1645 pag.
1903 1570 2034 1628 ead.
2066 1571 2085 1628 Ι

1903 1570 2034 1628 ead.
2066 1571 2130 1629 b.
2175 1577 2300 1647 Περὶ
2342 1580 2437 1633 τῆς
2476 1571 2631 1644 ἁγίας
2683 1571 2929 1647 Τριάδος,
2982 1588 3123 1647 pag.
3158 1575 3222 1629 19
3260 1573 3322 1631 b.
3371 1579 3496 1649 Περὶ
3538 1584 3632 1638 τῆς

317 1666 621 1738 συλλήψεως
657 1672 752 1718 τοῦ
794 1669 1053 1737 Χριστοῦ,
1102 1677 1243 1735 pag.
1290 1665 1359 1719 34
1394 1660 1457 1717 h.
1514 1666 1639 1735 Περὶ
1688 1669 1781 1713 τοῦ
1822 1666 2017 1736 τρόπου
2060 1668 2152 1721 τῆς
2192 1657 2530 1729 ἀντιδόσεως,
2563 1676 2705 1733 pag.
2749 1665 2839 1717 42.
2871 1660 2991 1715 Ὀτι
3018 1668 3165 1715 πᾶσα
3194 1664 3223 1721 ἠ
3261 1665 3373 1717 θεία
3399 1667 3555 1737 φύσις
3585 1662 3633 1717 ἐν

308 1763 413 1830 μιᾷ
437 1765 534 1809 τῶν
578 1755 764 1807 ἐαυτοῦ
802 1754 1141 1806 ύποστοίσεων
1180 1751 1353 1808 ηνωθη
1399 1758 1461 1823 τῇ
1516 1748 1809 1823 ἀνθρωπίνῃ
1864 1752 2038 1823 φύσει,
2088 1754 2178 1802 καὶ
2220 1749 2281 1803 ού
2328 1754 2477 1825 μίρος
2507 1753 2668 1823 μέρει,
2702 1764 2844 1822 pag.
2890 1750 3025 1807 ead.
3056 1749 3118 1807 1),
3153 1755 3279 1827 Περὶ
3308 1761 3406 1815 τῆς
3434 1751 3482 1806 ἐν
3505 1750 3635 1807 εῖδει

306 1850 400 1899 καὶ
459 1844 634 1918 ἀτόμῳ
682 1845 1037 1916 θεωρουμένης
1087 1840 1428 1901 ὑποστάσεως
1484 1843 1575 1892 καὶ
1632 1835 1891 1915 διαφορᾶς
1933 1838 2160 1901 ἐνώσεως
2208 1843 2299 1891 καὶ
2349 1844 2682 1913 σαρκώσεως,
2738 1855 2878 1912 pag.
2932 1843 3020 1896 43,
3086 1846 3211 1915 Περὶ
3261 1851 3493 1915 φυσικῶν
3540 1847 3632 1895 καὶ

307 1932 645 1993 ἁδιαϐλήτων
670 1934 869 1998 παθῶν,
902 1944 1041 2003 pag.
1074 1928 1210 1986 ead.
1237 1927 1298 1985 Ι).
1334 1933 1459 2002 Περὶ
1490 1936 1579 1981 τοῦ
1605 1932 1918 2001 Τρισαγίου,
1948 1943 2071 2001 pag

1859 1948 1918 1997 νυ,
1948 1943 2090 2001 pag.
2129 1932 2249 1985 189.
2301 1933 2426 2002 Περὶ
2455 1937 2551 1989 τῆς
2583 1925 2896 2003 θεανδρικῆς
2934 1928 3208 2003 ἐνεργείας,
3253 1945 3398 2004 pag.
3423 1936 3529 1988 202
3566 1931 3628 1988 1).

306 2028 447 2097 Πρός
492 2026 612 2086 τούς
660 2021 922 2093 λέγοντας,
983 2018 1028 2072 εἰ
1072 2014 1171 2071 δύο
1218 2019 1419 2090 φύσεων
1466 2022 1557 2070 καὶ
1608 2015 1871 2092 ἐνεργειῶν
1916 2018 1941 2069 ό
1989 2017 2282 2089 ἄνθρωπος,
2330 2015 2530 2088 ἁναγκη
2582 2014 2665 2070 ἐπὶ
2721 2024 2959 2093 Χριστοῦ
3012 2028 3148 2095 τρεῖς
3212 2022 3389 2093 φύσεις
3442 2020 3628 2092 λέγειν,

303 2120 397 2168 καὶ
426 2116 689 2174 τοσαύτας
715 2109 989 2184 ἐνεργείας,
1018 2122 1161 2181 pag.
1182 2110 1307 2162 235.
1336 2106 1422 2160 Ἐκ
1450 2114 1542 2159 τοῦ
1582 2111 1703 2181 περὶ
1729 2113 1829 2159 τῶν
1854 2104 2016 2177 ἁγίων
2055 2109 2145 2158 καὶ
2174 2103 2451 2180 ἁχραντων
2485 2114 2576 2158 τοῦ
2616 2111 2811 2181 Κυρίου
2850 2113 3156 2183 μυστηρίων
3195 2108 3473 2182 κεφαλαίου
3518 2109 3626 2181 πό,

303 2221 367 2278 p.
394 2206 503 2261 330
529 2203 592 2259 b.
629 2204 767 2276 Πρὸς
789 2203 913 2261 τούς
939 2198 1204 2270 λέγοντας,
1233 2194 1293 2248 Ἣ
1324 2196 1619 2259 ὑπόστασις
1648 2203 1741 2248 τοῦ
1773 2202 2006 2269 Χριστοῦ
2035 2198 2250 2263 κτιστη,
2279 2195 2308 2254 ἦ
2343 2196 2614 2264 ὁὶκτιστος,
2646 2194 2823 2269 κέφάλ.
2850 2195 2962 2269 ρκζ’
2991 2212 3131 2270 pag.
3181 2201 3310 2254 342,
3365 2203 3490 2273 Περὶ
3530 2208 3630 2251 τῶν

308 2290 611 2367 ἰδιωμάτων
638 2298 735 2344 τῶν
766 2290 988 2362 φύσεων,
1015 2284 1192 2357 κεφαλ.
1222 2282 1344 2360 ρυι’.
1378 2284 1561 2342 Idem.

380 2376 1001 2452 ἸωάννουἹεροσολύμων
1021 2373 1265 2433 ἐπιστολή
1293 2377 1384 2425 καὶ
1411 2382 1511 2426 τῶν
1537 2372 1625 2426 ὑπ’
1657 2372 1810 2426 αὐτόν
1840 2371 2135 2427 ἐπισκόπων
2161 2376 2286 2447 πρὸς
2308 2374 2549 2433 Ἰωάννην
2574 2376 2661 2428 τόν
2690 2376 3290 2449 Κωνσταντινουπόλεως,
3309 2375 3633 2450 ἐπικυροῦσα

306 2474 376 2525 τὰ
403 2473 543 2524 κατὰ
570 2468 794 2543 Σεϐἠρου
820 2467 1148 2542 πραχθέντα,
1177 2478 1320 2536 pag.
1357 2466 1476 2518 167.
1507 2460 1569 2518 b.

382 2560 646 2618 Isidorus
670 2554 969 2614 Pelusiota
998 2552 1053 2606 ἐκ
1081 2561 1179 2630 τῆς
1201 2555 1331 2629 πρὸς
1362 2556 1562 2607 Θεωνᾶν
1594 2548 1893 2622 ἐπιστολῆς,
1924 2566 1985 2625 p.
2015 2555 2145 2608 236.

378 2649 569 2707 Julius
595 2650 821 2713 Romae,
852 2660 914 2717 p.
949 2646 1048 2700 188
1074 2642 1138 2700 b.

378 2738 752 2797 Justinianus
807 2735 1136 2807 imperator
1174 2729 1230 2784 ἐκ
1274 2738 1368 2793 τῆς
1424 2732 1554 2805 πρὸς
1594 2729 1785 2783 Ζωΐλον
1829 2733 1915 2783 τόν
1960 2729 2147 2801 ἁγιὼτο

1861 2733 1915 2782 όν
1960 2729 2250 2801 ἁγιώτατον
2303 2732 2642 2805 πατριάρχην
2684 2724 3080 2805 Ἀλεξανδρείας
3120 2728 3450 2807 δογματικῆς
3479 2730 3628 2788 ἐπισ-

304 2830 486 2892 τολῆς,
528 2842 673 2900 pag.
715 2828 842 2883 208.
898 2822 1141 2886 Διάταξις
1186 2823 1319 2873 κατὰ
1362 2819 1632 2893 Ἀνθίμου,
1688 2818 1935 2893 Σεϐἠρου,
1993 2824 2073 2873 Πίτ

1858 2838 1935 2887 ου,
1993 2824 2211 2895 Πέτρου,
2268 2825 2358 2872 καὶ
2404 2824 2607 2893 Ζωόρα,
2646 2835 2790 2894 pag.
2845 2826 2965 2879 166.
3024 2822 3119 2878 Ἐκ
3166 2832 3260 2876 τοῦ
3300 2821 3529 2893 ὶδίκτου,
3568 2821 3627 2879 οὗ

304 2923 569 2992 μέμνηται
642 2920 733 2968 καὶ
806 2913 1043 2986 Ἀγάθων
1100 2912 1126 2964 ό
1188 2910 1477 2983 ἁγιώτατος
1540 2911 1717 2970 πάπας
1775 2908 1976 2981 Ῥώμης
2042 2909 2091 2960 ἐν
2152 2916 2214 2981 τῇ
2282 2908 2407 2983 παρ’
2467 2908 2628 2962 αὑτοῦ
2696 2910 2944 2984 σταλείσῃ
3005 2911 3254 2987 ἐπιστολῇ
3324 2917 3452 2988 πρὸς
3510 2919 3628 2977 τούς

305 3004 588 3080 ἀοιδίμους
650 3002 891 3079 βασιλεῖς
942 2999 1239 3075 Ἡράκλειον
1322 3005 1411 3053 καὶ
1465 2998 1721 3075 Τιϐέριον,
1780 2998 1844 3071 τῇ
1913 3002 2002 3051 καὶ
2050 3003 2256 3071 κειμένῃ
2329 2996 2378 3051 ἐν
2441 3007 2550 3062 τοῖς
2613 3009 2925 3076 πρακτικοῖς
2989 3010 3083 3065 τῆς
3147 3004 3301 3066 ἕκτης
3377 3000 3625 3078 συνόδου,

302 3115 452 3174 pag.
480 3100 613 3155 236.

373 3188 645 3246 Justinus
671 3180 1067 3259 philosophus
1096 3183 1156 3238 et
1175 3182 1405 3251 martyr
1430 3177 1487 3231 ἐκ
1516 3184 1608 3231 τοῦ
1631 3182 1749 3253 περὶ
1768 3182 1994 3240 πίστεως
2014 3176 2142 3249 λόγοη

790 3180 1067 3256 iosophus
1096 3183 1156 3238 et
1175 3182 1405 3251 martyr
1430 3177 1487 3231 ἐκ
1516 3184 1608 3231 τοῦ
1631 3182 1749 3253 περὶ
1768 3182 1994 3240 πίστεως
2014 3176 2170 3249 λόγου
2200 3191 2341 3251 pag.
2371 3181 2470 3235 178
2496 3176 2559 3236 b.

374 3282 493 3337 Leo
530 3291 695 3351 papa
737 3272 793 3328 ἐκ
823 3279 916 3335 τῆς
955 3270 1235 3333 ἐπιστολῆς
1276 3278 1373 3331 τῆς
1414 3268 1683 3341 λεγομένης
1732 3267 1930 3330 στήλης
1968 3265 2296 3342 ὀρθοδοξίας,
2347 3284 2488 3341 pag.
2539 3271 2636 3326 3H
2688 3267 2750 3325 b.
2804 3268 2889 3323 Ἐκ
2933 3278 3023 3333 τῆς
3071 3267 3319 3347 δευτέρας
3349 3270 3627 3337 ἐπιστολῆς

301 3373 438 3446 πρὸς
504 3372 703 3421 Λέοντα
769 3362 1016 3437 βασιλέα,
1084 3360 1143 3422 ἧς
1202 3359 1232 3418 ἠ
1303 3356 1586 3433 ἐπιγραφὴ,
1654 3363 1739 3429 Τῷ
1795 3354 2249 3434 ύπερενδοξοτάτῳ
2305 3363 2395 3411 κει)⁸
2449 3356 2783 3431 γαληνοτάτῳ
2836 3361 2934 3431 υἱῷ
2988 3360 3148 3414 αύτοῦ
3206 3366 3349 3416 Λέων
3406 3361 3625 3416 ἐπίσκο-

301 3480 423 3526 πος,
446 3472 590 3532 pag.
612 3458 740 3514 342.

373 3554 480 3604 Τοῦ
510 3551 695 3623 κυρίου
726 3548 945 3605 Λέοντος
974 3548 1067 3596 τοῦ
1094 3538 1418 3615 Βουλγαρίας
1438 3544 1531 3591 τοῦ
1560 3543 1781 3613 πρώτως
1806 3534 2000 3611 προϐλη
2018 3580 2029 3594 .
2052 3580 2065 3595 .
2088 3581 2101 3595 .
2125 3578 2138 3592 .
2161 3579 2175 3595 .
2213 3538 2356 3613 παρὰ
2389 3544 2482 3591 τοῦ
2509 3542 2804 3613 μακαρίτου
2837 3535 3098 3612 βασιλέως
3126 3545 3311 3617 κυρίου
3354 3541 3625 3596 Βασιλείου

302 3641 358 3693 ἐκ
385 3648 478 3700 τῆς
506 3643 625 3711 περὶ
654 3644 754 3688 τῶν
784 3633 1024 3706 ’.ὶςύμων
1056 3628 1333 3691 ἐπιστολῆς
1360 3628 1543 3695 αὐτοῦ,
1576 3642 1715 3700 pag.
1748 3631 1852 3685 330
1876 3627 1941 3686 Ι).

372 3730 469 3783 Ἐκ
495 3737 593 3781 τῶν
621 3724 909 3799 κεφαλαίων
933 3725 1175 3776 Λεοντίου
1201 3728 1300 3771 τῶν
1329 3722 1465 3771 κατὰ
1491 3716 1739 3793 Σεϐἡρου,
1770 3733 1910 3791 pag.
1952 3717 2072 3785 180,
2108 3718 2197 3773 181
2216 3757 2227 3770 .

376 3821 603 3893 Γράμμα
620 3824 713 3870 τοῦ
747 3812 1001 3890 βασιλέως
1025 3814 1210 3884 κυρίου
1237 3808 1480 3867 Μανουὴλ
1508 3812 1639 3883 πρὸς
1668 3811 1755 3860 τόν
1784 3807 2060 3861 καθολικὸν
2084 3816 2180 3868 τῆς
2210 3806 2507 3880 ’Λρμενίας,
2538 3819 2679 3878 pag.
2713 3807 2816 3861 216
2841 3804 2906 3861 b.

374 3908 688 3978 Maximus,
720 3920 860 3978 pag.
892 3904 1015 3970 168,
1053 3904 1174 3970 169,
1210 3902 1331 3967 170,
1378 3901 1497 3964 194,
1542 3898 1644 3953 196
1673 3896 1736 3966 b,
1773 3902 1893 3964 197,
1933 3901 2051 3967 199,
2084 3901 2143 3953 33

1856 3904 1893 3964 ἵ,
1933 3901 2051 3967 199,
2084 3901 2177 3953 331
2216 3893 2277 3951 b.
2321 3899 2447 3969 Περὶ
2474 3897 2675 3969 Πατρός
2705 3899 2795 3947 καὶ
2842 3894 2965 3948 Υἰοῦ
3010 3900 3100 3949 καὶ
3135 3895 3285 3969 ἁγίου
3327 3901 3625 3974 Πνεύματος

302 3996 677 4073 erumpam
706 3995 817 4067 ἅμα
845 3996 937 4045 καὶ
964 3993 1199 4062 ἡνωμένη
1235 3986 1488 4058 θεολογία,
1516 4001 1577 4058 p.
1617 3989 1699 4041 13.
1734 3991 1859 4060 Περὶ
1890 3990 2024 4039 Θεόῦ
2050 3990 2250 4049 κοίνὼς,
2282 4000 2426 4056 pag.
2472 3988 2554 4040 16,
2602 3988 2728 4058 Περὶ
2758 3992 2854 4046 τῆς
2891 3985 3029 4046 θείας
3061 3984 3493 4060 ένανορωπήσεως
3521 3990 3622 4044 ἀπὸ

300 4098 397 4152 τῆς
444 4072 691 4149 ἐκθέσεως
720 4092 812 4138 τοῦ
854 4087 974 4157 περί
1022 4088 1117 4142 τῆς
1166 4077 1443 4151 ὁμολογίας
1479 4075 1656 4147 λόγου,
1707 4090 1847 4147 pag.
1898 4078 1961 4131 41
2010 4074 2070 4131 b.
2132 4074 2221 4127 Ἐκ
2259 4081 2349 4126 τοῦ
2393 4072 2546 4144 λόγου
2596 4080 2708 4139 τοῦ,
2759 4075 2840 4126 ὅτι
2887 4075 2912 4125 ό
2962 4072 3183 4147 ἀριθμός
3235 4078 3352 4131 οὗτε
3404 4076 3620 4154 διαιρεῖ,

300 4184 421 4233 οὔτε
467 4175 773 4250 διαιρεῖται,
835 4187 973 4245 pag.
1042 4172 1144 4226 168
1182 4169 1246 4224 b.
1304 4165 1427 4219 Ὀτι
1486 4164 1614 4237 οὐχ,
1676 4166 1741 4226 ὡς
1812 4163 1975 4235 {Ar/ev
2042 4166 2068 4215 ό
2108 4163 2333 4239 Πύρρος,
2387 4166 2603 4233 νεύματι
2666 4171 2758 4215 τοῦ
2818 4162 3082 4225 ἑνωθέντος
3146 4170 3324 4237 Λόγου
3395 4171 3425 4227 ἡ
3490 4170 3625 4245 σὰρξ

298 4271 538 4333 ἐκινεῖτο,
578 4282 721 4341 pag.
762 4268 861 4322 199
899 4262 966 4319 b.
1014 4262 1104 4315 Ἐκ
1146 4266 1239 4319 τῆς
1275 4260 1405 4331 πρὸς
1438 4255 1639 4330 Πύρρον
1688 4250 1981 4323 διαλέξεως,
2013 4270 2067 4326 pa

1853 4254 1981 4323 ξεως,
2013 4268 2153 4326 pag.
2189 4253 2323 4310 ead.
2358 4258 2415 4309 et
2460 4255 2566 4341 200
2595 4256 2654 4307 et
2683 4255 2785 4307 205
2820 4250 2887 4308 b.
2920 4251 3007 4305 Ἐκ
3034 4262 3129 4315 τῆς
3166 4259 3298 4330 πρὸς
3326 4256 3622 4334 Νίκανδρον

300 4339 604 4423 ἐπιστολῆς,
635 4372 779 4431 pag.
810 4358 936 4410 201.
964 4354 1104 4426 Πρός
1123 4353 1241 4409 τοὺς
1268 4346 1531 4419 λέγοντας,
1560 4346 1637 4397 ὅτι
1667 4348 1791 4416 μίαν
1819 4351 2054 4416 Χριστοῦ
2070 4348 2179 4415 χρὴ
2203 4341 2367 4414 λέγειν
2386 4345 2479 4399 τήν
2506 4339 2756 4414 ἐνέργειαν
2787 4341 2904 4393 κατ’
2930 4339 3281 4415 ἐπικράτειαν,
3308 4346 3457 4405 ibid.
3490 4354 3624 4424 Πρὸς

299 4456 421 4512 ro-J;
454 4450 697 4521 λέγοντας
743 4447 827 4499 ὃτι
868 4445 1042 4515 ὥσπερ
1092 4439 1313 4514 ὀργάνου
1357 4441 1448 4489 καὶ
1489 4442 1582 4487 τοῦ
1625 4440 1891 4494 κινοῦντος
1929 4428 2027 4505 μία
2070 4431 2316 4506 ἐνέργεια,
2364 4431 2499 4483 ούτω
2540 4435 2631 4482 καὶ
2672 4432 2909 4491 θεότητος
2947 4436 3037 4483 καὶ
3085 4430 3485 4507 ἀνθρωπότητος
3525 4445 3625 4512 μία

298 4518 553 4615 ἐνέργεια,
579 4536 726 4593 ibid.
760 4538 893 4609 Πρὸς
921 4536 1041 4593 τούς
1067 4530 1314 4602 λέγοντας
1342 4530 1465 4600 μίαν
1498 4525 1740 4577 σύνθετον
1777 4522 1861 4577 ἐπὶ
1892 4530 2127 4599 Χριστοῦ
2165 4520 2439 4595 ἐνέργειαν,
2473 4535 2533 4593 p.
2565 4518 2701 4577 ead.
2732 4519 2796 4577 b.
2823 4521 2911 4574 Ἐκ
2939 4528 3031 4575 τοῦ
3072 4525 3203 4597 πρὸς
3235 4524 3623 4603 Ἀπολλινάριον

295 4612 388 4684 τόν
411 4632 671 4702 αἱρετικὸν
698 4624 1068 4701 ἁντιῤῥητικοῦ
1090 4620 1269 4691 λόγου,
1301 4631 1442 4691 pag.
1469 4614 1570 4671 188
1597 4612 1661 4672 b.

373 4721 569 4777 Melito
592 4715 936 4779 Sardensis,
967 4727 1110 4786 pag.
1140 4711 1243 4765 188
1272 4709 1335 4766 b.

372 4810 747 4883 Nicephorus
776 4802 1121 4879 patriarcha
1140 4798 1506 4857 CPolitanus.
1552 4796 1697 4853 Vide
1714 4796 1886 4867 infra
1915 4795 1978 4851 in
2010 4809 2150 4851 voce
2178 4792 2443 4850 Photius.

370 4882 653 4960 Nicoiaus
683 4892 1082 4954 Methonensis
1104 4890 1447 4965 episcopus,
1480 4903 1539 4960 p.
1574 4890 1696 4944 307.
1736 4885 1823 4939 Ἐκ
1861 4893 1953 4939 τοῦ
1983 4885 2120 4936 κατὰ

1861 4893 1953 4939 τοῦ
1983 4885 2120 4936 κατὰ
2160 4887 2392 4936 Λατίνων
2437 4882 2566 4956 ὑπὲρ
2597 4888 2691 4935 τοῦ
2734 4884 3037 4956 Πνεύματος
3079 4883 3257 4959 λόγου,
3303 4904 3443 4963 pag.
3490 4895 3617 4952 262.

296 4987 686 5066 Κεφαλαιὼδεις
748 4987 959 5059 ἔλεγχοι
1000 4989 1094 5036 τοῦ
1141 4982 1287 5057 παρὰ
1344 4982 1592 5039 Λατίνοις
1641 4982 1981 5049 καινοφανοῦς
2040 4970 2324 5047 δόγματος,
2375 4974 2456 5025 ὅτι
2504 4976 2563 5025 τό
2614 4979 2826 5045 Πνεῦμα
2879 4976 2938 5027 rb
2992 4974 3141 5047 ἅγιον
3195 4976 3249 5030 ἐκ
3286 4988 3379 5033 τοῦ
3422 4987 3620 5056 Πατρός

288 5090 383 5137 καὶ
410 5090 503 5136 τοῦ
530 5083 653 5135 Υἰοῦ
686 5077 1038 5151 ἐκπορεύεται,
1068 5070 1467 5144 συνοψισθέντες
1496 5065 1622 5143 παρ’
1652 5066 1813 5119 αύτοῦ
1840 5064 1893 5118 ἐκ
1923 5074 2022 5117 τῶν
2053 5060 2147 5117 διὰ
2175 5062 2401 5126 πλάτους
2447 5060 2494 5115 ἐν
2546 5058 2816 5137 διαφόροις
2858 5062 3030 5137 λόγοις
3057 5073 3445 5144 γεγραμμένων,
3475 5088 3616 5146 pag,

286 5178 397 5231 296
425 5170 486 5228 b.

362 5260 609 5320 Photius
632 5255 975 5333 patriarcha
1001 5252 1347 5321 CPolitanus
1373 5247 1428 5302 ἐκ
1457 5256 1519 5308 τῆ
1530 5269 1551 5311 ς
1581 5250 1699 5321 περὶ
1723 5252 1815 5299 τοῦ
1847 5246 2131 5318 Πνεύματο;

1847 5246 2147 5318 Πνεύματος
2178 5240 2453 5315 ἐγκυκλίου
2481 5240 2777 5313 ἐπιστολῆς,
2803 5241 2850 5295 ἐν
2943 5245 3179 5300 αἰτιᾶται
3200 5252 3320 5313 τούς
3342 5255 3614 5321 Λατίνους,

286 5356 359 5417 ὡς
383 5356 476 5405 καὶ
502 5349 560 5404 ἐκ
594 5356 689 5402 τοῦ
719 5349 844 5402 Υἰοῦ
872 5349 930 5399 τό
970 5350 1183 5417 Πνεῦμα
1211 5340 1583 5416 ἐκπορεύεσθαι
1604 5335 1865 5409 λέγοντας,
1889 5350 2032 5407 pag.

1849 5379 1865 5404 ,
1889 5350 2032 5407 pag.
2058 5334 2183 5388 288.
2213 5333 2299 5386 Ἐκ
2320 5339 2410 5385 τοῦ
2441 5331 2597 5405 λόγου
2627 5340 2720 5386 τοῦ
2748 5338 2867 5407 περὶ
2895 5344 2987 5397 τῆς
3015 5344 3106 5390 τοῦ
3137 5337 3287 5409 ἁγίου
3322 5344 3618 5415 Πνεύματος

284 5444 699 5521 μυσταγωγίας,
727 5451 872 5511 pag.
904 5436 1029 5494 332.
1058 5434 1149 5489 Ἐκ
1176 5440 1270 5487 τοῦ
1297 5430 1472 5504 λόγου,
1500 5428 1561 5483 οὗ
1581 5429 1611 5486 ἠ
1640 5425 1803 5521 ἁρχὴ,
1832 5433 1951 5489 Πῶς
1977 5424 2187 5488 θελητός
2217 5424 2290 5496 τῷ
2321 5429 2490 5501 Πατρὶ
2511 5426 2536 5477 ό
2560 5426 2781 5489 θάνατος
2803 5425 2991 5498 λέγοιτ’
3015 5426 3076 5480 ἂν
3093 5429 3223 5482 εἶναι
3247 5438 3339 5483 τοῦ
3361 5440 3614 5509 Χριστοῦ,

284 5516 343 5596 κ,
370 5534 449 5601 λ.,
480 5546 627 5606 pag.
666 5531 793 5587 334.
824 5530 1058 5601 Χρήσεις
1098 5525 1238 5578 κατὰ
1278 5518 1653 5606 Εἰκονομοίχων
1701 5516 1757 5570 ἐκ
1794 5525 1894 5570 τῶν
1943 5516 2347 5591 συγγραμοίτων,
2388 5519 2695 5591 Νικηφόρου
2738 5521 2829 5570 καὶ
2869 5520 3070 5572 Φωτίου
3122 5528 3222 5573 τῶν
3269 5532 3619 5601 πατριαρχῶι

292 5605 908 5686 ἰωνσταντινουπόλεως,
930 5610 1330 5688 καὶΘεοδώρου
1359 5618 1452 5669 τοῦ
1483 5605 1790 5682 Στουδίτου,
1821 5621 1963 5683 pag.
1986 5608 2115 5664 210.
