4480 6430
850 415 950 470 291
1290 456 1296 462 .
1914 413 2184 468 CODICIS
2216 411 2499 468 MEDTCEl
2527 406 2684 468 XXIV
2715 413 3076 470 RECENSIO.
4045 421 4149 476 292

925 537 1158 611 Πρόκλου
1179 541 1426 609 χρήσεις,
1456 551 1600 607 pag.
1621 540 1725 591 235
1746 535 1807 590 b.

922 625 1293 697 Sophronius
1325 625 1668 694 patriarcha
1692 624 2266 695 Hierosolymitanus
2297 623 2351 675 ἐκ
2379 631 2475 685 τῆς
2502 621 2688 676 συνοδι

1874 624 2266 695 solymitanus
2297 623 2351 675 ἐκ
2379 631 2475 685 τῆς
2502 621 2789 685 συνοδικῆς
2818 623 3115 695 ἐπιστολῆς,
3151 642 3208 698 p.
3234 631 3339 683 206
3363 629 3424 698 b,
3452 633 3552 687 343
3583 631 3643 686 b.

922 714 1272 784 Συλλογισμός
1297 721 1389 763 τοῦ
1426 712 1649 783 μεγάλου
1687 709 2044 786 δρουγγαρίου
2077 717 2259 784 κυρίου
2293 716 2566 783 Στεφάνου,
2598 729 2744 784 pag.
2786 717 2887 770 333
2918 713 2978 768 b.

921 803 1008 854 Ἐκ
1038 822 1129 853 του
1164 798 1445 852 συνοδικοῡ
1476 808 1567 851 τοῦ
1598 802 2086 873 άναγινωσκομένου
2119 800 2167 851 ἐν
2198 809 2260 872 τῇ
2294 801 2491 871 μεγάλη
2524 801 2832 869 Ἐκκλησία,
2859 818 2999 873 pag.
3034 807 3156 858 334,

917 889 1153 948 ’Ἐκθεσις
1178 893 1486 960 Σωτηρίχου
1509 895 1598 938 τού
1628 889 2130 957 παντευγενεστάτου
2160 895 2492 960 παριστῶσα,
2526 889 2662 948 ὅπως
2690 887 2885 960 ἐφρόνει
2913 893 3033 960 περὶ
3063 896 3152 939 τού
3175 886 3502 961 δόγματος,ὀ
3527 913 3678 964 φησι,
3709 897 3775 945 Σύ
3807 891 3854 945 εἷ
3875 895 3899 944 ό
3929 897 4154 964 προσφέ-

847 997 974 1049 ρων,
997 983 1086 1029 καὶ
1114 982 1540 1049 προσφερόμενος,
1578 991 1717 1046 pag.
1751 979 1852 1030 3'27
1875 975 1935 1030 b.
1968 980 2037 1027 Τὸ
2069 976 2154 1026 ἐπὶ
2184 983 2255 1043 τῷ
2287 973 2562 1045 ἀναφυέντι
2587 972 2817 1046 δόγματι
2847 979 2981 1027 κατά
3008 984 3097 1027 τού
3123 983 3624 1049 παντευγενεστάτου
3659 988 3966 1055 Σωτηρίχου
3997 1001 4154 1053 γεγο-

848 1071 933 1126 νός
957 1072 1253 1138 σημείωμα,
1281 1077 1421 1136 pag.
1454 1068 1558 1120 334
1587 1065 1644 1119 b.

918 1155 1322 1210 Theodoretus
1352 1153 1439 1206 Ἐκ
1469 1160 1560 1204 τοῦ
1589 1149 1671 1204 κδ’
1702 1151 1980 1223 κεφαλαίου
2009 1159 2110 1202 τῶν
2140 1150 2206 1210 εὶς
2226 1153 2291 1202 τὰ
2330 1149 2601 1224 ἀπόρρητα
2629 1160 2722 1212 τῆς
2757 1150 2971 1214 Ἐξόδου
3011 1154 3311 1227 έρμήνειῶν,
3344 1158 3405 1208 οὗ
3435 1159 3464 1215 ἠ
3500 1157 3666 1231 ἀρχὴ,
3709 1164 3856 1211 Διατί
3877 1161 4157 1230 φεύγουσιν

849 1243 1139 1295 ἐπιτελέσαι
1164 1242 1449 1316 προσέταξε
1479 1249 1570 1293 τοῦ
1599 1244 1798 1312 Πάσχα
1827 1246 1921 1298 τὴν
1948 1240 2150 1313 ἑορτὴν,
2183 1254 2322 1310 pag.
2349 1243 2453 1294 330
2483 1239 2548 1295 b.

919 1333 1008 1384 Ἐκ
1052 1338 1141 1382 τοῦ
1182 1336 1300 1403 περὶ
1347 1339 1446 1381 τῶν
1487 1330 1727 1401 Ἀζύμων
1771 1333 1861 1379 καὶ
1891 1348 1982 1379 του
2029 1330 2324 1398 Πνεύματος
2361 1325 2513 1396 λόγου
2545 1346 2656 1380 του.
2739 1369 2752 1382 .
2834 1369 2849 1382 .
2928 1371 2941 1383 .
3023 1373 3034 1385 .
3115 1353 3297 1408 ,κυρου
3327 1332 3605 1410 Θεοδώρου
3645 1343 3955 1411 Σμυρναίου,
4015 1351 4155 1408 pag.

847 1424 950 1477 293
976 1421 1038 1476 b.

918 1508 1263 1566 Theodorus
1293 1508 1548 1564 Studita.
1591 1507 1733 1562 Vide
1769 1520 1958 1574 supra
1982 1504 2044 1558 in
2073 1518 2212 1560 voce
2237 1502 2502 1558 Photius.

918 1597 1401 1670 Theophylactus
1435 1594 1928 1666 archiepiscopus
1959 1591 2249 1660 Bulgaria
2281 1589 2337 1642 ἇκ
2364 1599 2464 1641 τῶν
2503 1595 2623 1663 περὶ
2647 1611 2687 1643 τι

2389 1599 2464 1640 ’ῶν
2503 1595 2623 1663 περὶ
2647 1611 2738 1643 του
2771 1597 3090 1665 Πνεύματος,
3116 1614 3256 1669 pag.
3303 1603 3427 1655 275.
3463 1601 3551 1654 Ἐκ
3578 1609 3672 1663 τῆς
3717 1621 3807 1654 του
3835 1608 4158 1675 Τετραευαγ-

846 1689 997 1760 γέλου
1025 1688 1309 1760 ἑρμηνείας,
1333 1699 1478 1757 pag.
1520 1686 1622 1738 332
1652 1682 1718 1737 b.
1759 1682 1846 1742 Εἰς
1872 1684 1930 1732 τό
1959 1681 2116 1754 ῥητόν
2139 1687 2234 1739 τῆς
2255 1683 2378 1752 πρὸς
2402 1679 2713 1740 Κολοσσαεῖς
2737 1681 3046 1747 Ἐπιστολῆς
3066 1705 3160 1738 του
3189 1687 3415 1758 μεγάλου
3449 1689 3656 1741 Παύλου
3685 1693 3744 1741 τὸ
3775 1692 3994 1761 φάσκον,
4021 1692 4160 1742 «Καὶ

849 1775 885 1830 δ
891 1778 923 1830 ι’
955 1777 1114 1829 αύτου
1144 1773 1570 1835 ἀποκαταλλάξαι
1595 1773 1661 1823 τὰ
1688 1772 1860 1823 πάντα
1897 1769 1968 1830 εἰς
1994 1768 2170 1832 αὐτὸν,
2200 1789 2227 1815 ››
2256 1782 2393 1839 pag.
2425 1771 2548 1822 333.

920 1869 1003 1922 Ex
1028 1863 1280 1937 synodis
1313 1862 1662 1930 afferuntur,
1681 1859 1877 1930 prima
1901 1855 2198 1925 generalis
2230 1869 2366 1926 pag.
2402 1858 2501 1908 178
2531 1854 2592 1910 b.
2611 1855 2895 1926 Synodus
2921 1877 2979 1915 iv
3002 1863 3508 1922 Chalcedonensis
3529 1871 3788 1939 pag.152
3809 1866 3875 1936 b,
3895 1871 3952 1921 et
3977 1880 4159 1936 syno-

847 1955 962 2012 dus
994 1959 1162 2010 sexta
1189 1968 1329 2025 pag.
1368 1951 1487 2007 193.

920 2047 1010 2099 111.
1045 2043 1110 2098 In
1140 2042 1351 2096 ultima
1377 2037 1623 2096 tandem
1645 2035 1870 2109 pagina
1893 2032 2137 2090 iambici
2159 2032 2411 2104 quidam
2432 2047 2643 2087 versus
2670 2032 2972 2104 leguntur,
3001 2042 3226 2112 quibus
3253 2045 3439 2100 instar
3462 2045 3609 2100 tituli
3630 2046 3760 2101 hac
3788 2043 4157 2117 pracedunt;

844 2141 948 2187 Του
1002 2131 1391 2186 Θεσσαλονικου
1440 2130 1876 2198 Μεσοποταμίτου
1928 2125 2064 2181 τινὸς
2121 2118 2412 2180 διελθόντος
2455 2125 2549 2178 τὴν
2598 2119 2779 2193 βίϐλον
2833 2125 3041 2200 έτοίμου
3095 2137 3358 2207 στιχηρὸν
3405 2140 3768 2208 προσφώνημα
3824 2137 3891 2194 ὼς
3939 2132 3988 2184 ἐν
4031 2128 4160 2184 diu

845 2222 1257 2297 ἐπιγράμματος.
1343 2261 1354 2274 .
1449 2260 1462 2274 .
1555 2259 1568 2271 .
1662 2261 1674 2272 .
1769 2259 1782 2271 .
1877 2255 1889 2268 ο
1975 2212 2073 2280 Pi)-
2113 2217 2216 2262 Του
2248 2209 2688 2280 φιλοπονήσαντος
2734 2217 2827 2270 τὴν
2867 2219 3132 2276 συνθήκην
3178 2229 3269 2281 τῆς
3327 2221 3514 2294 βίϐλου
3551 2226 3910 2295 προκειμένης,
3967 2217 4161 2279 διπλῆν

843 2315 1228 2384 πραγματείαν,
1277 2313 1370 2366 τήν
1413 2325 1468 2358 τε
1510 2305 1906 2376 προταχθείσαν
1959 2298 2403 2355 ίκκλησιαστικὴν
2458 2299 2711 2371 ἱστορίαν,
2758 2308 2847 2354 καὶ
2899 2311 2993 2363 τὴν
3046 2313 3170 2382 πρὸς
3218 2314 3278 2362 τὸ
3335 2311 3493 2372 τέλος.
3574 2353 3587 2366 .
3669 2354 3682 2366 .
3763 2352 3777 2366 .
3860 2352 3875 2368 .
3956 2351 3970 2364 .
4050 2351 4066 2366 .
4144 2350 4159 2364 .

855 2445 868 2457 .
957 2443 969 2455 .
1051 2442 1066 2458 .
1145 2441 1158 2453 .
1239 2395 1667 2453 .Thessalonici
1695 2388 2166 2460 Mesopotamiae
2196 2388 2512 2456 cujusdam
2539 2389 2603 2442 in
2625 2390 2874 2457 librum,
2897 2411 3068 2466 quem
3103 2400 3348 2468 legerat,
3366 2406 3833 2470 extmporanea
3852 2413 3928 2455 ea:
3951 2397 4163 2454 iambis

843 2489 1203 2547 acclamatio
1234 2489 1429 2542 instar
1454 2482 1922 2553 epigrammatis.
2004 2519 2018 2533 .
2099 2519 2112 2531 .
2194 2517 2207 2530 .
2284 2477 2346 2530 in
2367 2491 2487 2546 qua
2505 2478 2739 2534 studuit
2769 2481 3022 2551 hujusce
3047 2486 3190 2541 libri
3218 2491 3720 2556 compositionem,
3746 2489 4167 2558 duplicemque

847 2579 1224 2635 tractationis
1250 2591 1492 2644 scopum
1520 2565 2562 2640 exprimere,videticetprapositam
2585 2565 2893 2626 historiam
2912 2576 3466 2647 ecciesiasticam,et
3495 2580 3707 2650 quain
3736 2579 3875 2647 ﬁne.
3957 2619 3973 2635 .
4051 2617 4068 2634 .
4147 2616 4162 2631 .

916 2667 1165 2724 lambici
1184 2680 1327 2720 vero
1348 2679 1556 2718 versus
1575 2662 1659 2716 ita
1679 2659 1905 2714 habent
1929 2675 1941 2711 :

843 2757 1190 2829 Εύαγγελικὸς
1219 2753 1366 2812 ἄλλος
1403 2746 1785 2809 οἰκοδεσπότης
2559 2745 2612 2798 Et

2559 2745 2955 2815 Evangelicus
2983 2751 3132 2808 alter
3163 2755 3596 2826 paterfamiliae

845 2844 1350 2921 Θησαυροφυλάκιον
1377 2841 1600 2910 ἠνοίχθη
1636 2841 1825 2908 στόμα·
2557 2833 2614 2886 οε

2557 2833 2634 2887 Os
2659 2834 2974 2908 adaperuit
3001 2841 3354 2900 thesaurum
3380 2846 3700 2901 continens
3728 2862 3742 2914 ;

858 2939 1114 3008 Εξάγεται
1146 2932 1205 2987 δί
1234 2938 1324 2985 καὶ
1352 2930 1551 2983 παλαιὰ
1579 2933 1669 2980 καὶ
1696 2929 1804 2994 νέα,
2555 2923 2626 2976 Pr

2555 2922 2939 2982 Proferuntur
2959 2935 3160 2986 autem
3187 2948 3350 2988 nova
3377 2939 3433 2989 et
3460 2939 3683 3003 vetera,

843 3027 1112 3098 Ἀρχαῑκόι
1137 3020 1382 3094 δόγματα
1405 3023 1494 3070 καὶ
1517 3021 1688 3068 καινοὶ
1710 3014 1877 3085 λόγοι.
2555 3015 2612 3065 Α]

2555 3011 2816 3084 Antiqua
2835 3015 3144 3088 dogmata,
3175 3025 3234 3076 et
3261 3037 3420 3077 nova
3447 3023 3713 3079 oracula.

842 3116 901 3168 Ἠ
926 3113 1174 3188 βιϐλιακὴ
1210 3112 1451 3170 σύνθετος
1473 3104 1691 3179 διαρτία
2559 3103 2611 3155 Ηέ

2559 3103 2693 3155 Hac
2719 3101 2852 3158 libri
2877 3104 3027 3160 bene
3052 3107 3284 3176 digesta
3304 3111 3662 3182 compositio

843 3205 1192 3278 Ἀνθρωπικόν
1223 3202 1490 3271 σύγκριμα
1521 3197 1701 3267 μικτὸν
1729 3189 1974 3254 δεικνύει,
2559 3191 2612 3244 ﬂ;

2559 3191 2899 3248 Humanam
2929 3203 3318 3267 repraesentat
3346 3199 3601 3255 mixtam
3628 3198 3945 3266 fabricam,

846 3298 1005 3366 Ψυχὴ
1041 3290 1186 3345 δοκεί
1209 3295 1299 3342 καὶ
1327 3295 1499 3359 σῶμα,
1521 3293 1710 3356 γνῶσις
1739 3287 1828 3334 καὶ
1857 3282 2054 3353 φθίσις,
2559 3284 2615 3332 Αλ

2559 3278 2777 3334 Anima
2805 3281 3040 3338 videtur
3076 3290 3134 3340 et
3163 3301 3405 3359 corpus,
3435 3287 3722 3357 cognitio,
3749 3291 3808 3342 et
3839 3285 4161 3357 corruptio,

849 3383 955 3437 Κᾶν
985 3382 1202 3454 ούρανός
1232 3381 1359 3452 πρὸς
1380 3375 1532 3446 ὕψος,
1555 3373 1616 3425 ἂν
1644 3369 1703 3425 δὲ
1727 3380 1791 3444 γῆ
1821 3373 1983 3436 κάτω,
2560 3373 2618 3424 Α(

2560 3373 2642 3424 Ac
2665 3367 2714 3422 si
2744 3369 2964 3428 calum
2995 3388 3260 3439 sursum,
3298 3380 3452 3432 terra
3478 3391 3617 3433 vero
3645 3375 3949 3446 deorsum,

849 3476 1061 3544 Κόσμον
1087 3474 1302 3542 μίμημα
1329 3462 1505 3525 δέλτος
1537 3468 1565 3520 ἡ
1591 3464 1924 3533 προκειμένη,
2561 3455 2618 3506 ν.

2561 3455 2715 3511 Vera
2746 3459 2958 3515 mundi
2984 3461 3187 3532 imago
3217 3469 3304 3519 est
3333 3480 3599 3536 prasens
3622 3463 3880 3532 libellus,

844 3564 922 3614 Τὰ
948 3562 1059 3612 θεῖα
1081 3566 1302 3630 πρῶτον,
1338 3555 1555 3625 ὕστερον
1585 3554 1652 3602 τὰ
1670 3552 1922 3623 πρακτέα.
2561 3546 2613 3600 In

2561 3546 2627 3600 In
2656 3561 2781 3616 quo
2809 3547 3017 3607 divina
3043 3551 3332 3623 primum,
3360 3558 3419 3610 et
3441 3553 3663 3610 deinde
3691 3554 3987 3614 humana.

849 3656 950 3704 Καὶ
980 3650 1220 3721 μετρικόν
1250 3649 1340 3717 μὶν
1366 3646 1588 3716 γράμμα
1615 3643 1709 3697 τὴν
1734 3634 1938 3692 Ἰλιάδα
2561 3639 2618 3689 Α.

2561 3639 2644 3689 Ac
2664 3636 2980 3697 metricum
3000 3641 3248 3711 quidem
3270 3641 3420 3699 illud
3445 3657 3600 3715 opus
3629 3641 3848 3699 Iliados

848 3734 1331 3812 Σμαραγδογλυφὴς
1361 3730 1690 3802 ένθαλαμεύει
1723 3726 1842 3784 θίϐη
1853 3748 1866 3759 ο
2563 3726 2617 3779 Β‹

1861 3748 1866 3759 ›
2563 3724 2856 3780 Becubuit
2878 3726 2938 3782 in
2965 3728 3170 3786 arcula
3199 3731 3630 3800 smaragdina:

848 3823 1194 3898 Ἀλεξάνδρου
1225 3829 1316 3874 καὶ
1344 3838 1497 3872 τουτο
1525 3826 1617 3878 τῆς
1647 3816 1926 3886 εὐψυχίας,
2564 3813 2608 3878 Q

2564 3813 2737 3878 Quod
2761 3814 3083 3873 Alexandri
3109 3819 3370 3876 ostendit
3397 3821 3586 3876 animi
3624 3819 4060 3892 prastantiam,

850 3916 1128 3974 Βασιλικῆς
1147 3917 1425 3984 γνώρισμα
1454 3903 1792 3981 φιλοδωρίας,
2564 3903 2619 3956 Ε1

2564 3903 2630 3956 Et
2649 3903 2828 3972 regia
2858 3903 2966 3959 fuit
2991 3905 3415 3964 muniﬁcentia
3443 3908 3754 3977 indicium,

849 4010 1216 4078 Ἀνακτορικῆς
1247 3999 1440 4072 δεῖγμα
1467 3998 1702 4071 λαμπρᾶς
1728 3991 1974 4069 καρδίας,
2564 3993 2618 4046 Ri

2564 3992 2798 4061 Regalis
2828 3999 2886 4048 et
2910 4010 3048 4050 vere
3077 3995 3378 4068 splendidi
3406 3997 3602 4054 cordis
3623 3997 4059 4064 testimonium,

847 4097 1040 4169 Χλωρὰ
1066 4094 1229 4157 λίθος,
1265 4089 1553 4163 βλάστημα
1576 4085 1840 4158 λιειμώκως
1857 4085 2037 4156 λόγου,
2563 4081 2616 4135 Vi

2563 4081 2778 4138 Vivens
2797 4081 2974 4155 lapis,
3001 4099 3248 4154 germen
3278 4087 3455 4158 prati,
3489 4091 3555 4142 ut
3581 4093 3673 4143 est
3696 4103 3917 4151 sermo,

848 4191 1012 4258 Σαφὴς
1040 4180 1269 4256 διόπτρα
1292 4198 1383 4230 του
1415 4180 1545 4250 πρός
1573 4175 1807 4248 Ὀμηρον
1831 4175 2015 4227 πόθου.
2567 4170 2617 4223 L1

2014 4219 2015 4223 η
2567 4169 2788 4226 Lucida
2813 4171 3050 4244 dioptra
3073 4174 3132 4228 in
3165 4177 3486 4232 Homerum
3514 4174 3783 4232 affectus.

846 4275 970 4334 ’Υλη
1003 4271 1062 4326 δέ
1090 4291 1171 4332 τις
1201 4268 1473 4339 καλύπτρα
1499 4268 1695 4325 ταύτης
1723 4260 2002 4323 πυκτίδος-
2568 4261 2615 4315 Si

2568 4258 2683 4315 Sed
2703 4260 2987 4334 quadam
3007 4261 3364 4320 abscondita
3383 4265 3662 4321 materies
3685 4271 3778 4322 est
3798 4265 3982 4338 hujus
4011 4262 4169 4333 libri;

848 4369 951 4426 Τὰς
977 4358 1276 4438 καρδιακὰς
1299 4358 1509 4427 πτύχας
1531 4354 1868 4421 ἐξανοικτέον,
2571 4353 2617 4410 (λ

2571 4352 2895 4424 Cordisque
2914 4356 3057 4408 sunt
3083 4352 3429 4409 evolvenda
3458 4355 3718 4426 pagina,

852 4460 955 4509 Καὶ
984 4458 1071 4511 τὴν
1099 4448 1293 4524 μεταξύ
1323 4451 1506 4520 χώραν
1532 4442 1886 4515 ὑφαπλωτέον,
2563 4445 2621 4498 Τ(

2563 4445 2867 4513 Totusque
2888 4441 3123 4496 medius
3150 4441 3547 4513 explicandus
3565 4443 3754 4499 locus.

853 4546 1043 4603 Κλίνην
1074 4541 1444 4612 Σολομὼντειον
1474 4534 1846 4606 εύτυχησάτω·
2568 4535 2622 4587 Β(

2568 4535 2720 4587 Bene
2751 4531 2806 4586 ei
2833 4531 3021 4586 lectus
3056 4530 3398 4589 Salomonis
3427 4532 3738 4589 convenit:

849 4643 1096 4693 Τοιουτος
1124 4631 1259 4687 οἶκος
1289 4625 1429 4687 ἄξιος
1458 4625 1653 4684 ταύτης
1677 4627 1850 4686 τόπος,
2525 4693 2531 4702 1
2567 4625 2618 4677 Η,

2525 4693 2531 4702 ι
2567 4625 2701 4677 Hac
2729 4623 2858 4691 ejus
2886 4620 3072 4692 digna
3099 4620 3342 4690 domus,
3367 4622 3464 4678 hic
3486 4622 3708 4693 dignus
3725 4622 3920 4680 locus.

849 4731 994 4784 Ζωῆς
1025 4722 1212 4794 ἔμαθον
1245 4713 1450 4789 βίϐλον,
1483 4711 1590 4764 ἀλλ’
1625 4707 1743 4763 ἰδού
1777 4709 1973 4783 βλεπω,
2566 4714 2618 4767 vi

1918 4733 1973 4773 ω,
2566 4713 2707 4767 Vita
2733 4711 2951 4766 librum
2978 4710 3222 4782 perlegi,
3248 4717 3306 4768 et
3329 4727 3466 4769 ecce
3489 4712 3687 4769 video.

849 4816 928 4867 Τὰ
957 4811 1155 4873 ζωτικὰ
1183 4808 1397 4882 ῥήματα
1422 4805 1708 4876 γράμματα
1738 4803 1898 4873 φέρει,
2566 4803 2618 4856 ν,

1738 4803 1898 4873 φέρει,
2566 4802 2710 4857 Vita
2734 4800 2921 4855 verba
2945 4801 3251 4858 continent
3274 4800 3504 4865 littera,

854 4903 960 4958 Κᾶν
991 4901 1173 4968 θνητὰ,
1205 4893 1366 4969 μικτά
1394 4901 1505 4954 τοῖς
1535 4891 1809 4951 ἀθανάτοις
1833 4889 2026 4961 λόγοις,
2569 4891 2623 4946 Li

2569 4891 2725 4946 Licet
2743 4888 3040 4956 mortalia,
3064 4889 3253 4946 mixta
3270 4889 3442 4946 dictis
3461 4889 3923 4954 immortalibus,

851 4995 1190 5067 Προφητικῆς
1219 4985 1478 5059 πλήρωμα
1508 4976 1852 5051 θεσπιῳδίας,
1898 5065 1907 5067 ξ
2568 4983 2620 5036 Ρ]

2568 4979 2931 5052 Prophetica
2956 4977 3415 5050 implementum
3439 4979 3899 5048 vaticinationis,

850 5065 953 5143 Τῆς
983 5075 1209 5138 έπτάδος
1235 5079 1470 5148 μέρισμα
1498 5076 1588 5123 καὶ
1627 5079 1722 5132 τῆς
1751 5065 1996 5137 ὁκτάδος,
2568 5072 2619 5124 s‘

1942 5091 1996 5137 ις,
2568 5066 2896 5141 Septenarii
2914 5065 3294 5135 divisionem,
3317 5073 3375 5123 et
3404 5067 3711 5137 octenarii,

851 5175 912 5230 Εἰ
932 5177 1002 5246 μή
1031 5190 1112 5230 τις
1137 5165 1294 5222 ἄλλην
1321 5162 1472 5222 οῖλλος
1501 5156 1708 5214 ἑπτάδα
1733 5158 1870 5231 λέγει
2571 5162 2612 5216 Ν

2571 5159 2690 5216 Nisi
2718 5157 2854 5230 quis
2873 5156 3026 5212 alius
3051 5155 3237 5211 alium
3259 5157 3427 5213 malit
3451 5157 3861 5230 septenarium
3883 5156 4103 5224 dicere,

981 5256 1301 5315 ἕπτάκαυλον
1323 5248 1608 5309 συνοδικὴν
1636 5249 1880 5321 λυχνίαν,
2575 5250 2618 5305 8,

2575 5246 3033 5320 Septemplicem
3057 5244 3225 5302 illam
3253 5246 3613 5318 synodicam
3639 5246 4012 5322 lampadem,

848 5362 996 5413 -Ητις
1025 5345 1221 5418 ἀνῆψεν
1249 5340 1329 5395 ὧδ
1334 5362 1355 5395 ε
1386 5343 1646 5394 σωστικὸν
1678 5340 1845 5399 σέλας.
2572 5339 2617 5405 Q

2572 5339 2718 5405 Quae
2743 5351 2925 5409 super
2945 5350 3060 5393 nos
3078 5336 3356 5394 accendit
3379 5336 3463 5394 ita
3483 5335 3743 5393 salutare
3769 5335 3999 5392 lumen.

925 5439 1123 5498 Codex
1153 5438 1392 5492 Gracus
1415 5431 1770 5487 chartaceus
1799 5444 1917 5484 ms.
1953 5428 2017 5485 in
2041 5427 2145 5486 fol.
2168 5445 2308 5489 sae.
2335 5429 2550 5500 Xlll,in
2576 5428 2752 5499 cujus
2774 5427 2987 5482 ultima
3014 5424 3262 5497 pagina,
3290 5424 3515 5481 codicis
3535 5425 3954 5495 integumento
3975 5421 4179 5493 afﬁxa,

855 5534 935 5592 ab
965 5527 1202 5593 eadem,
1235 5529 1302 5580 ut
1327 5520 1582 5585 videtur,
1613 5532 1806 5575 manu
1833 5522 2109 5576 notatum
2137 5520 2393 5593 legitur:
2423 5518 2624 5574 Βίϐλιον

2423 5518 2624 5574 Βίϐλίον
2645 5536 2740 5570 του
2763 5521 2914 5570 παπά
2942 5519 3128 5589 κυρίου
3148 5517 3366 5587 Πάρκου
3396 5534 3488 5567 του
3519 5534 3902 5588 πνευματικου.
3933 5514 4183 5586 Constat

949 5621 1018 5668 iis
1042 5614 1281 5668 scriptis
1303 5615 1429 5668 385.

859 5622 1018 5786 £012:
1042 5621 1547 5780 ῗξῖρξξξοῖἓ’ωα
1564 5699 1914 5772 interposita
1938 5699 2135 5772 vides,
2162 5700 2250 5760 ibi
2269 5701 2457 5760 verba
2478 5700 2656 5760 tineis
2694 5713 2943 5756 corrosa
2972 5700 3114 5753 sunt
3138 5711 3209 5753 ac
3237 5696 3534 5754 mutilata.
