4480 6430
1533 607 1693 648 CIRCA
1733 607 1943 647 lNlTlUI
1982 607 2194 648 SBCULI
2230 608 2329 647 ιιιι

1376 828 2484 976 GR/ECORUM

274 1156 458 1337 Al)
526 1153 1562 1337 INNOCENTIUM
1617 1154 1791 1336 Ill
1857 1154 2775 1339 PONTIFICEM
2842 1154 3612 1338 ROMANUM

1590 1510 2287 1634 EPISTULA

571 1725 861 1780 SCRIPTA
898 1724 1073 1781 POST
1111 1724 1385 1781 CAPTAM
1422 1728 1469 1779 Α
1508 1726 1775 1781 LATINIS
1815 1726 2339 1781 CONSTANTINOP

1704 1797 2162 1852 IMPERATORE.

1511 1726 1775 1781 LATlNlS
1815 1725 2533 1793 CONSTANTINOPOLIM,
2572 1727 2941 1782 REGNANTE
2980 1728 3280 1783 HENRICO

1704 1797 2162 1852 IMPERATORE.

996 1974 1103 2043 (Ex
1126 1974 1297 2029 Joan.
1333 1974 1501 2045 Bapt.
1531 1972 1795 2029 Cotelerii
1822 1975 2080 2029 Monum.
2117 1971 2269 2029 Eccl.
2305 1974 2542 2042 Graecae,
2579 1978 2724 2029 tom.
2753 1974 2868 2043 Ill).

332 2347 582 2412 Δέσποτα,
650 2343 695 2397 εἰ
750 2348 824 2417 μὴ
874 2349 968 2403 τὴν
1010 2352 1103 2397 τοῦ
1153 2345 1417 2419 μέλλοντος
1471 2348 1608 2399 θείου
1653 2344 1861 2398 Σαϐϐά-
1893 2352 1937 2403 Α
2044 2350 2101 2403 Di

1855 2352 1937 2403 »Α
2044 2346 2312 2413 Domine,
2360 2344 2479 2401 nisi
2532 2346 2823 2402 sciremus
2879 2351 3235 2418 praesentem
3282 2347 3466 2404 vitam
3491 2363 3624 2405 esse

273 2451 356 2484 του
412 2437 760 2508 Παρασκευην
815 2438 910 2492 τὴν
961 2442 1235 2508 παροῦσαν
1301 2436 1440 2496 ζωὴν
1492 2435 1862 2509 έγινώσκομεν,

273 2523 444 2593 γοερὰν
544 2522 606 2573 ἂν
681 2521 954 2595 ἔπλέξαμεν
1023 2529 1154 2599 πρός
1251 2545 1310 2578 σε
1376 2524 1700 2599 τραγῳδίαν,
1775 2534 1865 2580 καὶ

273 2611 463 2684 θρήνοις
519 2619 739 2683 μακροῖς
776 2619 869 2664 τοῦ
932 2617 1045 2666 νέου
1110 2613 1238 2666 λαοῦ
1285 2621 1379 2673 τὴν
1453 2617 1647 2669 ἅλωσιν
1719 2613 1866 2668 ὠδυ-

275 2700 481 2770 ράμεθα.
547 2700 690 2752 Ἐπεὶ
743 2696 803 2754 δε
867 2701 1035 2763 καλῶς
1087 2702 1483 2778 ἐπιστεύσαμεν,
1534 2709 1601 2768 ὡς
1650 2708 1869 2759 πάντοτε

274 2793 549 2862 συμπαρὼν
607 2790 734 2861 ἡμῖν
776 2790 802 2840 ό
849 2794 1096 2864 Χριστός,
1147 2798 1242 2851 τὴν
1282 2797 1513 2865 φθαρτὴν
1554 2797 1698 2868 ἡμῶν
1737 2799 1868 2847 ταῦ-

270 2895 355 2933 την
410 2878 549 2938 ζωὴν
606 2882 738 2951 πρὸς
786 2879 881 2937 τὴν
941 2881 1205 2954 ἄφθαρτον
1266 2881 1461 2941 έκείνην
1527 2884 1870 2955 μεταπλάττει

273 2970 355 3018 καὶ
403 2971 695 3040 κρείττονα,
748 2964 867 3020 ἰδοὺ
920 2969 1314 3043 συντριϐόμεναι
1376 2969 1470 3024 διὰ
1533 2979 1626 3032 τὴν
1684 2974 1753 3035 εἰς
1811 2976 1869 3025 τό

272 3062 490 3127 κρεῖττον
558 3054 851 3108 ἀνάπλασιν
920 3064 1179 3132 χαίρομεν
1212 3081 1225 3093 ο
1306 3062 1720 3135 εὐχαριστοῦμεν
1812 3059 1872 3116 δε

272 3147 354 3194 καὶ
428 3143 570 3213 αὐτῷ
646 3150 719 3213 τῷ
783 3145 898 3216 μεθ’
973 3147 1139 3219 ἡμῶν,
1210 3153 1299 3200 καὶ
1355 3150 1508 3202 πάλιν
1567 3152 1693 3223 ὑπὲρ
1726 3152 1870 3223 ἡμῶν

272 3234 443 3284 παθεῖν
515 3232 735 3305 ἑλομένῳ
792 3241 1043 3308 Χριστῷ*
1108 3236 1168 3288 οὐ
1233 3240 1334 3311 ’γὰρ
1395 3239 1669 3312 ἁρπαγμόν
1728 3242 1869 3310 ἡγη-

276 3338 394 3372 σατο
421 3325 479 3373 τὸ
518 3325 935 3395 προσκυνεῖσθαι
986 3328 1081 3377 ἶσα
1118 3334 1190 3397 τῷ
1231 3334 1345 3397 Θεῷ
1376 3333 1467 3380 καὶ
1498 3334 1696 3402 Πατρί·
1742 3328 1872 3380 ἀλλὰ

273 3414 357 3461 καὶ
430 3410 588 3463 πάλιν
658 3411 783 3463 ἑκὼν
847 3410 1142 3487 παρεδόθη,
1204 3420 1294 3468 καὶ
1367 3420 1461 3469 σὺν
1526 3420 1652 3490 ἡμῖν
1718 3416 1873 3478 ἁλοὺς

274 3497 552 3557 ἑσκυλεῦθη
636 3498 727 3552 καί
810 3500 1086 3574 ἀπηνέχθη
1159 3510 1250 3557 καὶ
1323 3503 1616 3579 παρεδόθη,
1674 3510 1873 3559 καὶτὸ

277 3598 423 3661 σῶμα
465 3591 631 3643 αὐτοῦ
687 3597 777 3644 καὶ
816 3595 874 3645 τό
937 3594 1068 3667 αἷμα
1120 3598 1255 3667 πρός
1299 3601 1394 3655 τὴν
1435 3605 1535 3669 γῆν
1590 3601 1747 3649 πεσόν
1786 3601 1875 3648 καὶ

1972 2437 2153 2493 futuri
2191 2436 2378 2491 divini
2419 2434 2665 2492 Sabbati
2694 2438 3081 2502 Parasceven,
3112 2435 3433 2507 lugubrem
3459 2438 3537 2493 ad
3567 2441 3626 2493 te

1972 2520 2333 2597 tragoediam
2348 2525 2910 2589 concinnassemus,
2922 2523 3241 2598 longisque
3252 2525 3628 2582 lamentatio-

1974 2612 2157 2670 nibus
2172 2612 2311 2669 navi
2336 2611 2544 2686 populi
2569 2611 2974 2683 captivitatem
2995 2611 3464 2670 deﬂevissemus.
3478 2612 3630 2678 Quia

1975 2720 2118 2759 vero
2156 2703 2309 2758 bene
2344 2701 2728 2757 credidimus.
2772 2701 3092 2771 Christum,
3124 2702 3227 2774 qui
3258 2703 3435 2759 nobis
3478 2718 3631 2759 sem-

1976 2809 2084 2867 per
2123 2792 2377 2859 adsistit,
2426 2789 2741 2845 mortalem
2798 2790 2957 2846 hanc
3008 2796 3281 2848 nostram
3326 2792 3513 2848 vitam
3550 2792 3633 2848 ad

1978 2879 2377 2938 immortalem
2404 2878 2568 2934 illam
2593 2883 2650 2933 et
2669 2877 3145 2950 praestantiorem
3171 2880 3631 2948 transformare;

1978 2987 2115 3027 ecce
2162 2969 2418 3035 contriti,
2472 2973 2716 3041 propter
2762 2968 3249 3026 reformationem
3293 2970 3356 3026 in
3394 2971 3631 3037 melius,

1978 3060 2289 3126 laetamur;
2341 3057 2445 3113 sed
2475 3062 2533 3112 et
2574 3058 2813 3127 agimus
2843 3059 3065 3129 gratias
3103 3059 3219 3131 ipsi
3249 3059 3497 3129 Christo,
3528 3060 3636 3131 qui

1978 3148 2294 3205 nobiscum
2347 3151 2456 3211 est,
2504 3146 2842 3218 iterumque
2892 3163 3003 3219 pro
3052 3147 3229 3203 nobis
3257 3150 3381 3219 pati
3426 3147 3631 3204 voluit.

1981 3242 2109 3295 Non
2133 3237 2292 3292 enim
2319 3236 2598 3308 rapinam
2620 3236 2942 3291 arbitratus
2964 3243 3051 3292 est
3067 3237 3307 3293 adorari
3327 3236 3639 3309 aequaliter

1981 3343 2121 3383 cum
2152 3327 2270 3381 Deo
2301 3330 2358 3381 et
2383 3327 2588 3391 Patre;
2633 3340 2841 3380 verum
2876 3325 3091 3381 iterum
3130 3330 3343 3397 sponte
3384 3326 3638 3382 traditus

1982 3422 2101 3485 est;
2134 3420 2191 3471 et
2218 3414 2541 3470 nobiscum
2574 3414 3115 3486 captus,spoliatus
3144 3420 3234 3471 est
3260 3418 3299 3483 ί,
3335 3414 3637 3472 abductus

1982 3523 2054 3563 ac
2109 3504 2405 3579 proditus,
2447 3503 2756 3576 ipsiusque
2805 3520 3025 3576 corpus
3074 3508 3133 3561 et
3169 3505 3529 3575 sanguinem
3578 3505 3641 3560 in

1982 3600 2203 3651 terram
2236 3591 2584 3663 dejecerunt
2609 3607 2681 3647 ac
2707 3590 3069 3662 effuderunt,
3107 3596 3288 3665 atque
3322 3592 3641 3649 conculca-

272 3678 332 3751 ῥυ
382 3683 432 3732 ὲν
469 3678 730 3748 έπατήθη,
776 3686 866 3734 καὶ
903 3685 1073 3736 πάντα
1120 3687 1402 3758 ὑπέμεινεν,
1464 3687 1547 3738 ἵνα
1620 3690 1737 3747 τοὺς
1779 3683 1876 3739 δύο
1910 3698 1948 3750 Β
1990 3700 2041 3739 νε

1875 3716 1876 3729 ι
1910 3698 1948 3750 Β
1990 3687 2228 3750 verunt;
2260 3696 2496 3737 necnon
2527 3686 2743 3737 cuncta
2774 3680 3074 3749 sustinuit,
3106 3685 3174 3737 ut
3200 3680 3355 3737 duos
3382 3680 3644 3754 populos

275 3768 474 3842 συνάψῃ
554 3769 734 3837 λαοὺς,
791 3769 1096 3836 ἀποκτείνας
1142 3778 1238 3832 τὴν
1291 3776 1562 3849 ἓχθραν,ἣ
1593 3774 1783 3848 μᾶλλον
1817 3779 1876 3827 τό

272 3855 340 3917 εἰς
382 3853 479 3910 δύο
525 3860 754 3930 σχισθεν
822 3860 980 3913 αὑτοῦ
1058 3872 1230 3935 σῶμα,
1292 3864 1455 3937 ἐνὼση
1513 3864 1665 3917 πάλιν
1693 3865 1764 3926 εἰς
1793 3865 1873 3917 ἓν·

272 3968 299 3994 α
346 3951 433 4008 Τίς
500 3952 687 4021 σοφὸς,
763 3955 854 4002 καὶ
924 3951 1135 4023 φυλάξει
1185 3960 1372 4005 ταῦτα.
1444 3959 1531 4014 Τίς
1598 3956 1792 4023 ἱκανός,
1850 3976 1877 4003 ››

269 4038 353 4127 καὶ
422 4041 519 4095 τὴν
571 4037 644 4098 εἰς
709 4040 849 4112 ἡμᾶς
922 4042 1247 4114 θαυμάσεται
1307 4044 1445 4095 θείαν
1508 4046 1877 4116 προμήθειαν;

284 4128 525 4180 Εντιῦθεν
568 4128 697 4200 ἡμῖν
766 4129 929 4200 γλυκὺ
1006 4135 1063 4183 τὸ
1128 4132 1339 4200 ἁλῶναι,
1399 4130 1506 4192 ἡδὺ
1561 4138 1619 4186 τό
1676 4136 1878 4200 παθεῖν,

269 4219 355 4267 καὶ
410 4220 471 4269 τό
522 4217 1029 4290 αἰχμαλωτισθῆναι
1069 4221 1211 4294 φίλον
1251 4229 1340 4275 καὶ
1378 4226 1584 4298 χάριεν.
1630 4231 1746 4286 Πῶς
1779 4226 1880 4295 γὰρ

270 4304 539 4378 ἑμελλομεν
592 4314 702 4369 τοῖς
758 4305 1002 4381 ἀδελφοῖς
1072 4314 1217 4385 ἡμῶν
1281 4312 1551 4381 ἑνωθῆναι,
1619 4314 1692 4373 οἷς
1761 4309 1884 4365 οὐδὲ

270 4394 671 4467 προσομιλῆσαι
740 4401 865 4470 πρὶν
941 4398 1305 4473 ἠνεσχόμεθα;
1388 4402 1542 4454 Ἀλλὰ
1613 4398 1759 4454 δεινά
1820 4404 1887 4453 τὰ

272 4481 340 4545 εἰς
400 4486 540 4557 ἡμᾶς
597 4490 890 4558 γεγονότα;
948 4494 1055 4541 Ναὶ
1099 4493 1236 4543 πάνυ
1276 4487 1443 4559 δεινὰ,
1511 4494 1580 4552 ὡς
1643 4500 1743 4544 τῶν
1776 4498 1885 4544 Λα-

270 4577 415 4625 τίνων
483 4577 581 4647 μὲν
629 4578 725 4637 τὰς
780 4575 969 4649 ψυχὰς
1014 4578 1368 4653 λυμηνάμενα,
1401 4590 1500 4634 τῶν
1542 4577 1601 4634 δὲ
1623 4580 1887 4653 Ῥωμαίων

272 4664 336 4714 τὰ
398 4670 648 4738 σώματα.
718 4665 859 4725 Πλὴν
904 4668 930 4719 ό
959 4668 1277 4741 παρακύψας
1309 4670 1379 4733 εἰς
1422 4673 1489 4723 τὰ
1529 4672 1641 4724 θεῖα
1682 4675 1888 4743 μυστή-

271 4772 357 4825 ρια
402 4754 594 4825 ὄψεται
622 4758 690 4808 τὰ
717 4761 952 4830 κρίματα
990 4765 1081 4809 τοῦ
1116 4767 1270 4825 Θεοῦ,
1305 4758 1592 4833 ἀμέτρητον
1631 4758 1886 4812 ἄϐυσσον.

270 4841 453 4896 Πολλοὶ
508 4847 857 4919 πατριάρχαι
928 4852 1019 4900 καὶ
1076 4847 1314 4922 βασιλεῖς
1364 4848 1697 4921 ἐπεθύμησαν
1762 4845 1892 4901 ἰδεῖν

267 4937 355 4991 τήν
378 4937 583 5010 ἡμέραν
613 4938 835 5004 ταύτην,
870 4936 998 4991 ἀλλὰ
1027 4943 1122 4997 τὴν
1151 4942 1315 5014 χάριν
1344 4943 1539 4998 ταύτην
1570 4940 1662 4991 οὐκ
1691 4938 1889 4991 ἔλαϐον.

1987 3775 2386 3837 connecteret,
2431 3769 2791 3825 interﬁciens
2838 3770 3180 3827 inimicitias
3210 3772 3253 3837 ³,
3292 3787 3399 3827 seu
3444 3769 3645 3843 potius

1988 3877 2208 3934 corpus
2240 3876 2418 3915 suum
2448 3860 2509 3915 in
2539 3858 2662 3914 duo
2689 3859 2948 3914 scissum
2970 3875 3178 3915 rursus
3198 3859 3259 3915 in
3281 3875 3471 3915 unum
3501 3874 3646 3915 con-

1984 3952 2263 4023 jungeret
2290 3954 2347 4006 et
2375 3948 2707 4005 adunaret:
2743 3971 2770 3998 ‹‹
2806 3949 2950 4015 Quis
2982 3950 3248 4021 sapiens,
3281 3954 3338 4005 et
3356 3948 3654 4005 custodiet

1990 4041 2214 4098 hanc“?
2271 4039 2413 4105 Quis
2460 4037 2780 4105 idoneus‘,
2831 4061 2859 4088 ››
2912 4043 2969 4094 et
3010 4038 3281 4094 divinam
3339 4054 3485 4110 erga
3536 4053 3651 4094 nos

1992 4129 2428 4203 providentiam
2459 4127 2855 4183 admirabitur
2873 4129 2900 4184 ?
2932 4127 3153 4183 Dehinc
3173 4128 3350 4184 nobis
3374 4127 3549 4183 dulce
3564 4130 3656 4183 est

1993 4223 2204 4290 captos
2257 4217 2463 4285 fuisse,
2507 4232 2689 4272 suave
2744 4216 2892 4287 pati,
2941 4216 3004 4271 in
3049 4216 3457 4288 captivitatem
3513 4215 3656 4271 duci

1994 4324 2203 4365 carum
2248 4310 2307 4362 et
2356 4309 2614 4378 gratum.
2650 4306 2779 4370 Quo
2811 4305 2974 4360 enim
2999 4305 3183 4361 modo
3210 4321 3350 4360 cum
3372 4304 3655 4360 fratribus

1995 4395 2215 4454 nostris
2268 4395 2557 4451 unionem
2596 4393 2970 4463 fecissemus,
3015 4409 3155 4449 cum
3203 4393 3427 4467 quibus
3455 4408 3532 4449 ne
3559 4390 3658 4449 vel

1996 4486 2257 4559 colloqui
2278 4490 2457 4541 antea
2477 4483 2964 4539 sustinebamus?
2987 4484 3100 4540 Sed
3126 4483 3335 4554 gravia
3358 4486 3500 4539 sunt
3516 4498 3657 4555 quae

1997 4575 2291 4633 adversus
2315 4590 2424 4630 nos
2457 4579 2592 4630 acta
2622 4572 2784 4628 fuere
2802 4573 2830 4627 ?
2859 4572 3126 4629 Profecto
3144 4572 3322 4646 plane
3349 4574 3661 4643 gravia,ut

1998 4682 2134 4739 quae
2159 4664 2502 4720 Latinorum
2524 4662 2771 4735 quidem
2802 4662 3487 4729 animas,Romanorum
3515 4674 3662 4717 vero

2001 4773 2108 4813 seu
2138 4758 2479 4812 Graecorum
2532 4768 2788 4826 corpora
2828 4752 3263 4809 labefactarint.
3309 4754 3527 4807 Verum
3557 4749 3665 4823 qui

2002 4849 2063 4902 in
2112 4844 2320 4901 divina
2376 4847 2604 4899 secreta
2643 4842 3088 4915 introspexerit,
3133 4841 3364 4913 judicia
3399 4841 3523 4911 Dei,
3548 4840 3664 4896 im-

2002 4949 2278 4991 mensam
2306 4931 2602 5005 abyssum
2632 4936 3066 5003 conspecturus
3095 4935 3204 4987 est.
3231 4929 3391 4986 Multi
3416 4928 3667 5002 patriar-

270 5025 355 5094 Σὺ,
396 5019 665 5095 δέσποτα,
707 5028 840 5097 μετὰ
863 5026 1053 5088 πολλὰς
1086 5030 1261 5099 γενεὰς
1291 5028 1521 5091 ἡξιώθης
1564 5031 1763 5090 ταύτης
1798 5035 1895 5090 τῆς
1925 5050 1965 5106 C
2004 5040 2035 5080 c

1925 5050 1965 5106 ρ
2004 5024 2133 5080 chaa
2163 5028 2221 5079 et
2251 5023 2642 5096 imperatores
2672 5020 2835 5077 diem
2872 5020 3035 5077 hunc
3063 5019 3265 5076 videre
3287 5019 3665 5076 desiderave-

269 5115 507 5188 χάριτος,
538 5114 742 5168 ένῶσαι
755 5119 851 5174 τὴν
879 5116 1162 5176 Ἀνατολην
1188 5123 1278 5170 καὶ
1311 5122 1406 5176 τὴν
1438 5120 1618 5182 Λύσιν,
1646 5123 1737 5170 καὶ
1762 5115 1893 5169 ἀπό-

273 5205 453 5268 στολος
522 5203 977 5283 τρισκαιδέκατος
1041 5210 1285 5279 γενέσθαι
1353 5213 1444 5262 καὶ
1518 5208 1891 5281 ὀνομάζεσθαι.

2003 5118 2162 5181 runt,
2205 5112 2312 5169 sed
2359 5127 2496 5168 eam
2554 5111 2810 5182 gratiam
2858 5126 2982 5167 non
3022 5114 3163 5167 sunt
3200 5109 3527 5167 consecuti.
3558 5111 3666 5177 Tu,

2004 5205 2269 5273 domine,
2334 5208 2474 5277 post
2537 5202 2759 5259 multas
2832 5202 3250 5273 generationes
3302 5201 3420 5257 hac
3475 5200 3669 5273 gratia

269 5292 483 5366 dignus
515 5296 776 5353 habitus
834 5312 920 5367 es,
982 5302 1048 5353 ut
1081 5297 1382 5355 Orientem
1421 5313 1493 5354 ac
1542 5296 1927 5354 Occidentem
1982 5296 2177 5363 unias,
2237 5299 2294 5351 et
2357 5292 2633 5349 decimus
2681 5293 2888 5350 tertius
2937 5291 3249 5365 apostolus
3303 5291 3417 5349 ﬁas
3453 5306 3525 5348 ac
3553 5305 3668 5348 no-

270 5385 535 5444 mineris.

339 5474 505 5540 Οἶδας
571 5474 657 5549 δέ,
708 5482 850 5551 τίμιε
902 5475 1159 5549 δέσποτα,
1222 5482 1281 5531 τὸ
1346 5480 1491 5553 παρὰ
1551 5485 1687 5531 Θεοῦ
1744 5473 1892 5529 δοθὲν

270 5574 377 5629 τοῖς
455 5567 768 5642 ἀνθρώποις
839 5574 1097 5643 φρόνημα,
1151 5574 1242 5622 καὶ
1312 5570 1391 5622 ὃτι
1440 5566 1788 5640 βουλομένων,
1834 5566 1894 5618 οὐ

342 5706 361 5740 ¹
400 5703 673 5777 Philipp.
710 5716 772 5769 ιι,
804 5702 858 5755 6.
935 5700 958 5734 ³
997 5696 1213 5770 Ephes.
1242 5710 1303 5764 ιι,
1339 5695 1537 5764 15,16.

1614 5692 1637 5728 ³
1674 5690 1826 5749 Psal.
1850 5706 1959 5759 cvi,
1996 5693 2089 5748 43.

2074 5474 2235 5532 Nosti
2282 5476 2506 5536 autem,
2559 5470 2917 5527 honorande
2973 5469 3243 5540 domine,
3273 5469 3412 5543 quis
3456 5485 3671 5526 sensus

2002 5562 2354 5622 hominibus
2380 5577 2417 5618 a
2438 5563 2558 5617 Deo
2574 5561 2753 5617 datus
2775 5559 2970 5631 fuerit,
3001 5559 3292 5632 quodque
3316 5558 3667 5628 volentium,

2163 5690 2188 5725 δ
2224 5690 2272 5745 ll
2301 5689 2433 5746 Cor.
2456 5702 2519 5758 ιι,
2544 5689 2630 5743 16.
