4480 6430
836 386 941 451 295

839 604 1133 658 mentum.
1168 602 1287 656 Hoc
1308 598 1469 656 enim
1499 599 1548 655 si
1581 599 1665 657 ita
1693 615 1816 657 non
1855 604 2030 671 esset,
2052 600 2218 673 ipsos
2248 614 2494 673 quoque

837 689 1077 747 Judteos
1096 688 1543 759 baptizaremus
1561 689 1795 745 invitos.
1813 688 2151 759 Quiaigitur
2170 688 2229 744 in
2246 688 2496 758 dogma-

838 779 1000 836 tibus
1032 792 1277 850 poenam
1301 777 1550 850 quidem
1564 776 1827 849 irrogare
1840 783 1897 835 et
1916 792 2128 849 cogere
2159 776 2493 834 absurdum

838 873 947 939 est,
1011 866 1367 924 facillimum
1416 867 1665 940 quippe,
1724 884 1794 923 ac
1833 867 2091 941 potentis
2133 865 2491 939 cujuslibet;

835 956 1200 1030 persuadere
1238 960 1463 1019 autem,
1503 955 1861 1028 dogmatum
1891 955 2198 1030 principiis
2246 954 2493 1026 utendo,

836 1046 983 1104 boni
1013 1045 1123 1101 viri
1161 1049 1250 1101 est
1278 1050 1336 1101 et
1364 1043 1612 1101 colentis
1635 1046 1980 1115 veritatem;
2010 1044 2383 1103 electurusne
2408 1060 2491 1113 es,

835 1134 1102 1202 domine,
1150 1132 1328 1190 nobis
1382 1134 1505 1189 vim
1568 1133 1801 1207 absque
1856 1136 2131 1191 examine
2183 1132 2493 1202 adhibere,

834 1220 1129 1297 tanquam
1179 1221 1372 1278 brutis
1427 1222 1857 1289 animantibus,
1914 1228 1979 1280 ut
2033 1227 2354 1293 mutemur,
2414 1235 2494 1278 an

834 1313 1034 1386 potius
1072 1326 1380 1367 sermones
1434 1318 1672 1367 nostros
1719 1311 2053 1383 admittere,
2093 1317 2151 1369 et
2198 1313 2493 1369 rationem

834 1402 1286 1472 orationemque
1316 1399 1492 1457 nobis
1521 1400 1833 1473 impertiri,
1865 1416 1987 1474 quo
2016 1401 2361 1459 divinarum
2400 1421 2492 1461 re-

834 1505 970 1547 rum
1020 1488 1239 1545 veritas
1289 1488 1665 1560 expendatur
1725 1494 1785 1545 et
1848 1496 2268 1560 cognoscatur.
2336 1494 2493 1550 Scito

834 1592 1122 1649 namque,
1148 1593 1185 1633 a
1213 1576 1390 1633 nobis
1405 1576 1702 1650 posterius
1728 1578 1974 1650 probari
1998 1583 2057 1635 et
2092 1580 2304 1652 quaari,
2326 1582 2493 1654 quod

831 1664 913 1721 illi
929 1664 1217 1721 divinitus
1244 1665 1459 1721 tradito
1480 1664 1663 1721 verbo
1693 1664 2182 1737 obtemperemus
2216 1685 2229 1724 :
2268 1692 2289 1719 ι
2327 1672 2495 1727 Scru-

832 1754 1043 1811 tamini
1084 1754 1475 1828 Scripturas‘.
1504 1775 1531 1805 κ
1571 1756 1678 1810 Per
1697 1754 2039 1812 violentiam
2072 1762 2274 1814 autem
2311 1775 2493 1817 nemo

2317 384 2720 447 GRECORUI

838 526 964 571 non
994 508 1375 584 tyrannicam
1411 505 1535 566 vim
1573 523 1899 584 passorum
1932 509 2008 567 sit
2033 506 2269 584 pietatis
2296 525 2493 568 sacra—
2525 512 2575 568 Α
2604 533 2607 542 ·

1882 526 1899 567 ι
1932 509 2008 567 sit
2033 506 2269 584 pietatis
2296 525 2493 568 sacra—
2525 512 2575 568 Α
2604 509 3021 583 τυρωνουμένῶν
3090 510 3149 563 τό
3230 516 3321 573 τῆς
3394 509 3651 575 εὐσεϐείας

4094 389 4200 450 296

3736 517 4049 590 μυστήριον.
4140 515 4203 570 Εἰ

2600 601 2703 672 γὰρ
2769 603 2840 672 μή
2904 606 3073 669 τοῦτο,
3142 604 3232 652 καὶ
3299 600 3488 664 αύτούς
3565 606 3685 665 τοὺς
3761 602 4031 677 Ἐϐραίους
4095 604 4201 676 ούχ

2604 686 2807 748 ἑκόντας
2864 687 2924 739 ἂν
2978 686 3351 762 ἔϐαπτίσαμεν.
3440 690 3579 743 Ἐπεὶ
3647 700 3920 766 τοιγαροῦν
3985 695 4044 745 τό
4108 696 4199 765 μεν

2604 774 2845 849 ίπιτιμᾴν
2892 778 2941 830 ἑν
2992 785 3100 839 τοῖς
3167 774 3401 851 δόγμασι
3458 785 3548 832 καὶ
3618 779 3902 852 βιάζεσθαι
3958 784 4149 834 ἄτοπον
4181 794 4197 811 ’

2601 864 2791 939 ῥᾷστον
2811 866 2909 940 γὰρ
2941 869 3031 917 καὶ
3062 873 3152 918 τοῦ
3185 862 3471 937 δυναμένου
3513 872 3703 930 παντός
3724 889 3738 902 ο
3798 873 3855 921 τό
3906 866 3967 922 δι
4007 871 4199 922 πείθειν

2601 960 2869 1028 χρώμενον
2906 962 3021 1017 ταῖς
3073 963 3170 1008 τῶν
3224 952 3503 1029 δογμάτων
3543 955 3739 1029 ἀρχαῖς
3782 955 3970 1033 ἀνδρὸς
3999 958 4201 1031 ἀγαθοῦ

2601 1047 2692 1095 καὶ
2749 1042 2981 1105 σέϐοντος
3022 1048 3114 1103 τήν
3158 1042 3395 1103 ἀλήθειαν
3420 1066 3432 1079 ·
3489 1050 3702 1119 πότερον
3748 1046 3900 1115 ἕλοιο,
3943 1045 4200 1117 δέσποτα,

2602 1134 2661 1183 τό
2730 1129 3019 1204 βιάζεσθαι
3080 1134 3216 1205 ἡμᾶς
3270 1132 3638 1202 ἀνεξετάστως,
3699 1137 3769 1198 ὡς
3827 1135 4016 1208 ἄλογα,
4073 1139 4201 1211 πρὸς

2601 1221 2898 1292 μετάθεσιν,
2948 1222 2977 1280 ἣ
3031 1218 3429 1295 προσδέξασθαι
3493 1226 3607 1285 τούς
3671 1225 3949 1298 ἡμετέρους
4014 1224 4202 1296 λόγους

2600 1313 2692 1362 καὶ
2732 1306 3049 1382 μεταδοῦναι
3119 1309 3269 1383 λόγον
3346 1312 3492 1384 ἡμῖν,
3558 1315 3628 1375 ὡς
3666 1315 4034 1385 γυμνασθῆναι
4111 1317 4203 1367 xui

2600 1400 2902 1469 γνωσθῆναι
2971 1403 3066 1457 τήν
3128 1407 3226 1451 τῶν
3292 1401 3437 1452 θείων
3512 1404 3831 1475 πραγμάτων
3905 1401 4196 1470 ἀλήθειαν;

2602 1485 2744 1539 Ἴσθι
2810 1490 2911 1559 γὰρ
2966 1489 3048 1539 ὄτι
3101 1490 3159 1539 τό
3215 1490 3305 1560 μὶν
3354 1485 3591 1561 δεύτερον
3631 1488 3934 1563 έπαινούμεν
3971 1494 4061 1543 καὶ
4107 1490 4202 1551 ζη-

2602 1584 2809 1649 τοῦμεν,
2866 1584 2939 1646 τῷ
2985 1574 3354 1650 θεοπαραδότῳ
3412 1580 3520 1631 ἔπει
3581 1580 3894 1651 πειθόμενοι,
3953 1579 4153 1651 λέγοντι
4187 1597 4201 1613 ο

2605 1688 2633 1715 ιι
2701 1664 2966 1741 Ἐρευνᾶτε
3028 1667 3117 1726 τὰς
3166 1669 3410 1740 Γραφάς·
3470 1689 3498 1715 ››
3565 1674 3626 1739 τῇ
3693 1666 3791 1740 βίᾳ
3848 1664 3907 1720 δι
3943 1664 4115 1729 οὐδεὶς
4154 1666 4207 1731 ἐξ

2602 1754 2747 1827 ἡμῶν
2796 1753 3021 1815 ἁλωτός·
3088 1752 3215 1806 ἀλλά
3260 1758 3446 1816 πάντες
3501 1757 3566 1816 ὡς
3620 1756 3746 1829 ὑπερ
3799 1759 4034 1831 Χριστοῦ
4090 1776 4209 1808 κιν-

830 1848 1105 1901 nostrum
1135 1844 1270 1916 capi
1296 1848 1524 1917 potest;
1575 1843 1681 1900 sed
1712 1845 1911 1901 cuncti
1935 1845 2109 1917 quasi
2132 1862 2242 1919 pro
2264 1848 2493 1907 Christo
2526 1862 2565 1918 Β

2440 1855 2493 1907 [ο
2526 1862 2565 1918 Β
2605 1839 2941 1916 δυνεύσομεν.
2994 1844 3224 1916 Οἱόμεθα
3271 1840 3330 1896 δί
3382 1849 3471 1897 καὶ
3513 1843 3630 1897 λίαν
3676 1845 3963 1918 εὐστόχως,
4001 1847 4081 1898 ότι
4118 1850 4209 1898 καὶ

829 1931 1328 2007 periclitabimur.
1353 1935 1529 1990 Porro
1546 1934 1965 1990 existimamus
1981 1934 2316 1993 admodum
2337 1939 2494 1996 veri-

832 2022 1121 2090 similiter,
1153 2022 1429 2095 spiritum
1479 2022 1789 2095 sapientiae
1833 2029 1947 2079 tute
1970 2024 2104 2095 jure
2131 2027 2344 2084 merito
2381 2044 2494 2085 nos

830 2128 902 2170 ea
956 2112 1018 2169 in
1073 2129 1137 2169 re
1187 2111 1600 2169 laudaturum.
1632 2111 1974 2169 Laudabilis
2022 2114 2181 2171 enim
2226 2122 2319 2173 est
2354 2118 2492 2191 qui-

830 2206 1092 2274 cumque
1120 2200 1200 2258 ad
1229 2202 1591 2274 synodicum
1615 2201 1935 2273 judicium,
1977 2203 2262 2278 illincque
2287 2222 2492 2280 proce-

828 2290 1070 2348 dentem
1105 2290 1465 2347 sententiam
1490 2290 1774 2363 appellat.

902 2382 1105 2453 Itaque
1137 2379 1637 2453 quandoquidem
1662 2380 1950 2452 exiguum
1975 2380 2357 2441 interstitium
2390 2387 2494 2444 La-

830 2467 985 2527 tinos
1038 2468 1193 2525 inter
1235 2472 1293 2525 et
1345 2470 1579 2525 Graecos
1635 2474 1747 2541 est,
1779 2469 1948 2543 quod
1995 2471 2177 2528 unius
2218 2474 2491 2531 Ecclesia;

828 2557 1282 2615 continuitatem
1296 2557 1493 2627 solvit,
1517 2562 1709 2614 statue
1722 2558 2027 2631 synodum
2054 2563 2491 2621 mcumenicam

826 2646 1202 2720 congregari,
1254 2650 1313 2704 et
1368 2647 1704 2718 majestatis
1757 2654 1871 2704 tute
1927 2650 2184 2706 vicarios
2250 2652 2486 2721 mittito,

826 2737 1050 2810 fiatque
1098 2735 1489 2810 colloquium,
1516 2737 1916 2810 omniumque
1972 2745 2489 2800 controversorum

826 2825 1061 2883 solutio.
1094 2827 1152 2883 Si
1191 2830 1256 2882 tu
1284 2841 1549 2899 quoque,
1590 2824 1765 2897 juxta
1820 2843 2114 2899 magnum
2143 2831 2485 2904 apostolum

824 2914 1082 2972 Paulum
1123 2917 1165 2981 ⁸,
1228 2915 1329 2971 Dei
1379 2914 1559 2971 fueris
1603 2914 1867 2987 adjutor.
1925 2920 2191 2991 prompti
2250 2936 2483 2989 sumus,

824 3004 1091 3070 domine,
1104 3018 1217 3060 nos
1246 3018 1490 3077 quoque
1504 3020 1540 3060 a
1556 3003 1800 3061 dioecesi
1827 3007 2489 3081 Constantinopolitana

822 3093 1151 3161 discedere,
1200 3098 1381 3165 atque
1438 3092 1863 3164 migrationem
1916 3096 1976 3150 in
2035 3096 2334 3155 Orientem
2390 3100 2487 3157 vel

824 3181 1205 3271 Occidentem
1238 3181 1561 3254 suscipere.
1605 3182 1719 3240 Sed
1748 3187 1806 3240 et
1840 3188 2134 3257 putamus
2166 3186 2483 3245 dominum
2514 3215 2556 3271 η

821 3269 1044 3329 habere
1064 3271 1489 3343 imperatorem
1515 3275 1789 3327 nostrum
1834 3272 2128 3337 Sirerrim,
2161 3280 2341 3349 atque
2372 3276 2485 3335 sub

824 3361 956 3432 ejus
986 3359 1205 3416 umbra
1224 3360 1442 3429 vivere,
1476 3360 1754 3417 mercede
1786 3362 2027 3427 servire,
2058 3378 2237 3434 agros
2267 3366 2484 3435 colere,

821 3461 1090 3523 pascere,
1110 3464 1277 3506 mare
1301 3449 1627 3520 navigare:
1665 3449 1899 3523 absque
1924 3452 2100 3508 nobis
2132 3459 2333 3511 autem
2362 3472 2484 3513 non

820 3537 1169 3612 implebitur
1199 3554 1362 3607 area,
1392 3553 1590 3610 neque
1638 3540 1919 3609 torcular,
1978 3557 2100 3598 non
2138 3545 2486 3602 comedetur

821 3628 1019 3702 panis,
1070 3644 1193 3684 non
1246 3643 1410 3698 caro,
1460 3643 1584 3684 non
1628 3629 1832 3702 piscis,
1861 3646 1980 3687 non
2014 3631 2179 3702 olus;
2239 3636 2343 3691 sed
2372 3652 2485 3693 nec

824 3716 1009 3774 stabit
1036 3718 1155 3775 vita
1178 3721 1235 3773 et
1272 3719 1649 3774 conversatio
1674 3718 1966 3775 humana.
1996 3723 2060 3777 Et
2081 3721 2210 3778 haec
2234 3725 2483 3797 quidem

821 3806 1208 3864 elaboramus
1239 3806 1525 3864 fratribus
1568 3808 1787 3863 nostris
1823 3809 2061 3877 Latinis,
2085 3816 2266 3885 atque
2287 3814 2484 3872 confe-

820 3896 1033 3963 rimus,
1074 3911 1146 3952 ex
1188 3895 1469 3952 deteriori
1499 3896 1632 3952 vitae
1663 3903 1885 3953 nostra:
1922 3899 2217 3971 portione,
2244 3904 2484 3961 mortali

819 3984 1109 4042 nimirum
1131 3984 1233 4042 illa
1248 3989 1306 4041 et
1330 3984 1753 4054 dissolvenda;
1786 3987 2065 4060 cupimus
2087 3995 2287 4047 autem
2299 3992 2481 4049 etiam

815 4075 993 4147 juxta
1015 4073 1315 4147 potiorem
1341 4073 1556 4131 eadem
1582 4075 1820 4146 sentire,
1864 4083 1988 4135 tum
2032 4081 2306 4152 quandiu
2342 4082 2485 4139 vivi-

817 4180 978 4234 mus,
1040 4169 1167 4220 tum
1214 4170 1351 4236 post
1392 4170 1671 4234 mortem,
1728 4170 1793 4222 ut
1842 4168 1945 4239 qui
1987 4170 2265 4226 membra
2292 4171 2481 4228 simus

818 4254 1000 4311 unius
1049 4253 1317 4327 corporis
1373 4254 1732 4310 immortalis
1790 4272 1804 4311 :
1866 4257 2123 4330 ideoque
2161 4260 2481 4318 scribimus

816 4340 1085 4416 quotidie
1140 4342 1219 4399 ad
1279 4342 1690 4399 Occidentales
1746 4359 1847 4416 per
1902 4348 2210 4416 regionem
2267 4350 2479 4407 fratres

814 4436 1082 4500 nostros,
1111 4431 1561 4487 comministros
1582 4438 1639 4488 et
1660 4434 2069 4507 coepiscopos,
2092 4444 2338 4510 paratos
2353 4456 2480 4497 esse

816 4520 897 4580 ad
950 4520 1540 4592 Constantinopolim
1593 4526 1932 4579 convenire.
1983 4526 2135 4591 Quin
2188 4528 2367 4585 etiam
2416 4530 2478 4587 in

812 4624 1205 4685 quacumque
1263 4611 1571 4683 provincia
1620 4612 1833 4684 positis
1882 4617 2375 4689 suggerimus,ut
2416 4619 2477 4676 in

810 4699 1016 4757 locum
1036 4699 1456 4755 defunctorum
1487 4700 1865 4772 pontificum,
1907 4702 2049 4759 alios
2081 4706 2256 4777 juxta
2293 4724 2475 4766 cano-

811 4803 962 4845 num
990 4788 1342 4862 praescripta
1366 4787 1684 4855 ordinent;
1718 4791 2103 4866 maximeque
2134 4811 2258 4867 prae
2289 4798 2478 4854 omni.

808 4878 951 4949 bus,
970 4878 1031 4935 in
1057 4876 1207 4935 urbe
1234 4878 1420 4949 regia.
1437 4879 1679 4950 Oportet
1698 4880 1858 4936 enim
1875 4889 2122 4940 cunctos
2143 4885 2205 4940 in
2237 4887 2476 4959 synodo

809 4968 1146 5038 considere,
1175 4972 1305 5025 tum
1333 4972 1610 5024 nostrum
1639 4970 2068 5045 patriarcham,
2106 4978 2235 5031 tum
2259 4983 2475 5035 metro-

808 5058 1045 5132 politas,
1075 5057 1347 5130 aliosque
1392 5057 1728 5130 pontiﬁces,
1759 5060 2029 5135 nihilque
2059 5064 2339 5123 mutilum
2366 5067 2476 5124 im-

808 5147 1266 5222 perfectumque
1293 5146 1544 5204 inveniri
1570 5148 1739 5222 apud
1766 5165 1899 5207 nos.

878 5327 1044 5400 Opus
1073 5329 1274 5383 autem
1303 5324 1482 5382 nobis
1511 5330 1601 5382 est
1628 5328 1809 5386 etiam
1850 5335 1987 5389 ante
2033 5333 2337 5407 synodum
2368 5352 2471 5411 pa-

804 5415 1067 5476 triarcha
1113 5415 1389 5487 ejusdem
1444 5418 1750 5475 sententiae
1794 5436 1867 5477 ac
1914 5424 2099 5494 vocis,
2126 5426 2232 5499 qui
2257 5426 2471 5486 doceat

876 5538 898 5580 ⁸
928 5541 1104 5601 Joan.
1132 5558 1192 5613 v,
1220 5543 1309 5599 39.
1352 5542 1374 5577 ⁸
1404 5542 1427 5597 Ι
1459 5541 1588 5599 Cor.
1612 5559 1694 5615 ιιι,
1724 5549 1781 5604 9.

872 5670 949 5763 Ω.)
973 5666 1483 5763 ἑὶἑβξξ,ίν·υξίὶτίὲ).ίὶ
1492 5668 1782 5763 Petilii",
1807 5677 1911 5763 ξω
1931 5675 2196 5763 ξξρεέβῆϊε
2225 5686 2406 5763 ﬁeri
2419 5702 2463 5753 νυ

799 5738 939 5803 sm‘
958 5738 1196 5815 Henry.
1244 5738 1351 5801 Est
1388 5740 1553 5801 enim
1576 5738 1778 5822 ’Έρρῆἑ
1810 5762 1916 5806 seu
1951 5738 2123 5824 'Epii'c,
2155 5738 2461 5830 Henricus;

2601 1935 2658 1985 τό
2713 1940 2916 2005 πνεῦμα
2968 1940 3060 1993 τῆς
3114 1941 3208 1993 σῆς
3250 1937 3434 2006 σοφίας
3474 1929 3694 1997 δικαίως
3741 1932 3827 1987 ἐπὶ
3856 1937 4040 1987 τούτου
4070 1935 4212 2006 ἡμᾶς

2603 2020 2946 2075 ἐπαινέσεται.
3008 2020 3302 2083 Ἐπαινετός
3348 2024 3450 2095 γὰρ
3512 2023 3646 2084 ἄπας
3684 2024 3710 2075 ὁ
3770 2022 4061 2083 συνοδικην
4092 2021 4212 2076 ἐπι-

2601 2111 2913 2185 καλούμενος
2942 2116 3116 2186 κρίσιν
3154 2116 3244 2164 xui
3265 2116 3358 2170 τήν
3388 2110 3576 2167 ἐκεῖθεν
3598 2108 3909 2186 διάγνωσιν.

2669 2382 2853 2432 Τοίνυν
2898 2375 3005 2431 ἐπεὶ
3055 2381 3241 2453 μικρόν
3291 2374 3404 2431 ἐστι
3456 2379 3517 2432 τό
3565 2376 3761 2453 μεταξύ
3808 2386 3909 2432 τῶν
3969 2380 4205 2433 Λατίνων

2598 2467 2689 2521 ἰαὶ
2755 2477 2852 2521 τῶν
2943 2467 3206 2541 Ῥωμαίων
3262 2472 3603 2541 μεταίχμιον,
3670 2468 3697 2522 ὃ
3776 2467 3887 2522 λύει
3956 2472 4051 2527 τήν
4106 2472 4205 2532 τῆς

2597 2564 2723 2629 μιᾶς
2785 2556 3097 2619 Ἐκκλησίας
3148 2561 3447 2629 συνέχειαν,
3503 2558 3718 2617 θέλησον
3766 2554 3986 2611 σύνοδον
4024 2555 4205 2611 οἰκου-

2598 2651 2809 2720 μενικήν
2877 2644 3240 2719 ἀθροισθῆναι,
3296 2645 3651 2710 ίξαποστελεῖς
3719 2643 3779 2700 δὲ
3841 2646 4204 2722 τοποτηρητάς

2597 2746 2688 2798 τῆς
2755 2745 2850 2798 σῆς
2877 2734 3297 2810 μεγαλειότητος,
3347 2742 3437 2791 καὶ
3490 2736 3787 2808 λαληθήτω,
3853 2741 3943 2790 καὶ
3992 2734 4203 2796 λυθήτω

2595 2833 2697 2880 πᾶν
2743 2830 2802 2879 τό
2857 2825 3359 2900 ἀμφισϐητούμενον.
3423 2826 3540 2881 Ἐὰν
3596 2830 3705 2888 εἴης
3742 2831 3832 2879 καὶ
3880 2822 4037 2888 αύτός
4077 2844 4204 2879 συν-

2595 2920 2738 2991 εργός
2796 2924 2950 2988 Θεοῦ,
3010 2918 3145 2969 κατά
3210 2915 3411 2969 Παῦλον
3495 2919 3581 2969 τόν
3658 2920 3819 2989 μίγαν
3893 2914 4202 2983 ἀπόστολον,

2594 3007 2821 3079 εὐχερῶς
2884 3007 3095 3078 ἔχομὶν,
3158 3000 3413 3075 δέσποτα,
3472 3010 3563 3057 καὶ
3633 3004 3784 3058 αὐτοὶ
3850 3003 4049 3080 ἀπᾶραι
4109 3011 4206 3065 τῆς

2597 3092 2907 3156 διοικήσεως
2968 3093 3574 3165 Κωνσταντινουπόλεως,
3603 3100 3694 3146 καὶ
3745 3099 4011 3167 μετοικίαν
4069 3112 4205 3146 στα-

2594 3182 2745 3243 λῆναι
2783 3187 2913 3257 πρός
2968 3186 3062 3241 τήν
3102 3180 3374 3252 ἀνατολήν,
3436 3183 3465 3241 ᾖ
3532 3186 3626 3241 τήν
3695 3179 3872 3238 δύσιν.
3928 3181 4083 3234 Ἀλλά
4145 3199 4207 3253 γε

2595 3274 2810 3346 οἰόμεθα
2852 3272 3101 3330 αύθέντην
3172 3274 3313 3343 ἔχειν
3388 3274 3475 3324 τόν
3542 3269 3769 3345 βασιλέα
3810 3273 3957 3344 ἡμῶν
4024 3270 4206 3345 Σιῤῥε-

2593 3369 2677 3439 ρὶν
2703 3363 2802 3434 (1),
2840 3366 2929 3415 καὶ
2972 3363 3072 3414 ύπό
3136 3365 3229 3420 τήν
3281 3363 3433 3413 σκιὰν
3482 3364 3668 3414 τούτου
3704 3360 3821 3434 ζῇν,
3854 3365 3944 3413 καὶ
3971 3362 4205 3417 θητεύειν

2594 3458 2685 3505 καὶ
2726 3458 2988 3525 γηπονείν,
3028 3455 3120 3503 καὶ
3179 3455 3493 3522 ποιμαίνειν,
3552 3454 3640 3503 καὶ
3684 3449 3851 3502 πλέειν
3897 3448 4200 3503 θαλασσανο

2594 3548 2766 3619 χωρὶς
2826 3538 2885 3595 δι
2937 3543 3082 3614 ἡμῶν
3139 3540 3198 3593 ού
3250 3539 3657 3615 πληρωθήσεται
3702 3539 3858 3607 ἅλως,
3896 3535 4020 3592 οὐδὲ
4046 3537 4202 3601 ληνός

2595 3630 2719 3686 ούδὶ
2778 3631 3115 3707 βρωθήσεται
3164 3632 3335 3704 οἷρτος,
3396 3630 3453 3682 ού
3492 3636 3662 3705 κρίας,
3716 3629 3809 3682 οὐκ
3859 3629 4035 3701 ἰχθύς,
4075 3625 4202 3681 ούδε

2592 3722 2822 3794 λάχανον
2855 3743 2868 3755 ·
2940 3721 3046 3773 ἀλλ’
3123 3716 3246 3772 οὐδὲ
3294 3718 3587 3792 ἀνθρωπίνη
3643 3719 3751 3780 ζωή
3820 3723 3910 3771 xui
3966 3718 4205 3771 πολιτεία

2597 3814 2941 3871 σταθήσεται.
2996 3815 3096 3864 Καὶ
3151 3817 3319 3862 ταῦτα
3360 3813 3535 3882 μέντοι
3590 3817 3843 3881 πονοῦμεν
3894 3816 4003 3870 τοῖς
4052 3804 4202 3860 ἀδελ-

2596 3910 2707 3975 φοῖς
2764 3904 2910 3975 ἡμῶν
2966 3908 3075 3962 τοῖς
3138 3904 3401 3964 Λατίνοις,
3458 3902 3548 3950 καὶ
3604 3902 4016 3970 συγκομίζομεν,
4065 3900 4204 3950 κατά

2593 3996 2653 4044 τό
2700 3999 2881 4067 χεῖρον
2946 3998 3043 4050 τῆς
3108 3990 3249 4051 ζωῆς
3314 3989 3459 4061 ἡμῶν
3517 3991 3689 4060 μέρος,
3739 3990 3798 4039 τὸ
3863 3989 4045 4044 θνητὸν
4111 3990 4203 4039 καὶ

2592 4081 2833 4155 λυόμενον
2868 4099 2882 4114 ⁶
2939 4079 3170 4151 ἐθέλομεν
3237 4074 3296 4131 δὲ
3346 4081 3437 4129 xui
3491 4080 3629 4129 κατά
3684 4079 3740 4128 τό
3788 4084 4020 4152 κρεῖττον
4077 4077 4202 4149 ὀμο-

2595 4179 2853 4244 φρονῆσαι
2908 4174 2999 4222 καὶ
3046 4170 3254 4236 ζῶντες,
3322 4171 3411 4219 καὶ
3464 4168 3595 4239 μετὰ
3667 4167 3903 4233 θάνατον,
3954 4168 4024 4226 ὡς
4069 4164 4197 4238 μέλη

2597 4266 2837 4334 σώματος
2900 4259 3008 4321 ἑνός
3060 4256 3319 4311 ἀθανάτου
3359 4258 3749 4327 τυγχάνοντες·
3804 4259 3894 4307 καὶ
3934 4250 4027 4307 διὰ
4046 4262 4202 4307 τοῦτο

2591 4354 2852 4425 γράφομεν
2900 4349 3229 4405 καθεκάστην
3289 4350 3380 4397 xui
3436 4348 3568 4418 πρὸς
3616 4348 3866 4406 Δυτικούς
3894 4353 3989 4405 τῆς
4017 4349 4201 4419 χώρας

2593 4436 2847 4512 ἀδελφούς
2903 4440 3050 4511 ἡμῶν
3105 4441 3196 4488 καὶ
3260 4433 3688 4508 συλλειτουργοὺς
3726 4438 3816 4485 καὶ
3877 4437 4197 4485 συνεπισκό-

2589 4548 2739 4595 πους,
2809 4528 3042 4601 ἑτοίμους
3100 4524 3228 4579 εἶναι
3280 4524 3534 4577 συνελθεῖν
3579 4523 3645 4584 εἰς
3704 4525 4195 4576 Κωνσταντινούπο-

2586 4618 2682 4671 λιν.
2749 4617 2905 4673 Ἀλλά
2973 4622 3064 4668 καὶ
3120 4622 3226 4675 τοῖς
3281 4614 3419 4665 κατά
3478 4619 3652 4665 πᾶσαν
3696 4610 3957 4687 ἐπαρχίαν
4017 4614 4195 4665 ὑποτι-

2589 4712 2789 4783 θέαμεν,
2846 4706 2960 4760 ἀντὶ
3010 4712 3108 4758 τῶν
3167 4703 3582 4761 τελευτησάντων
3624 4700 3934 4776 ἀρχιερέων,
3992 4700 4193 4775 ἑτέρους

2584 4806 2961 4876 χειροτονῆσαι
3011 4801 3289 4855 κανονικῶς
3321 4808 3334 4821 ⁸
3396 4797 3486 4844 καὶ
3534 4790 3771 4864 μάλιστά
3822 4809 3883 4861 γε
3918 4794 4019 4865 πρό
4066 4793 4193 4843 πάν-

2583 4910 2682 4943 των
2759 4888 2829 4949 εἰς
2906 4891 3000 4945 τήν
3051 4892 3149 4937 τῶν
3212 4881 3405 4936 πόλεων
3465 4879 3875 4953 βασιλεύουσαν.
3944 4887 4028 4932 Δεῖ
4084 4882 4187 4954 γὰρ

2582 4982 2766 5039 πάντος
2804 4977 2852 5029 ἓν
2900 4984 2961 5050 τῇ
2999 4969 3206 5045 συνόδῳ
3246 4967 3626 5041 συνεδριάζειν,
3682 4974 3771 5022 καὶ
3805 4972 3892 5022 τὸν
3946 4970 4191 5045 ἡμέτερον

2581 5070 2946 5143 πάτριάρχην,
2992 5066 3230 5124 καὶτοὺς
3270 5059 3678 5135 μητροπολίτας,
3722 5062 3811 5109 καὶ
3843 5060 3967 5120 τούς
4004 5056 4195 5121 ἄλλους

2583 5158 2868 5233 ἀρχιερεῖς,
2898 5159 2987 5208 καὶ
3026 5146 3192 5227 μηδὲν
3223 5153 3349 5223 ἡμῖν
3380 5148 3577 5210 ἐλλιπὲς
3600 5149 3887 5222 εὑρεθῆναι.

2649 5342 2815 5413 Χρεία
2866 5332 2926 5390 δί
2976 5336 3101 5407 ἡμῖν
3149 5334 3238 5385 καὶ
3287 5330 3515 5406 πρὸτῆς
3554 5323 3782 5382 συνόδου
3824 5328 4189 5402 ὁμογνώμονος

2577 5430 2916 5506 πατριάρχου
2995 5428 3087 5477 xui
3140 5423 3430 5496 ὁμοφωνου,
3501 5415 3816 5483 διδάξαντος
3869 5419 3938 5473 τά
3984 5419 4185 5479 συνήθη

2576 5682 2831 5750 Erricus,
2862 5677 3157 5748 Herricus,
3185 5673 3411 5734 Ericus.
3443 5676 3653 5749 Γίρικος
3681 5673 3745 5735 in
3771 5672 3931 5736 Hist.
3960 5671 4179 5733 concil.

2574 5758 2871 5826 Florent.,
2890 5770 2954 5829 p.
2977 5755 3066 5817 20,
3098 5753 3189 5809 40.
