4480 6430
274 410 384 475 297

1449 412 1663 474 EPIST.
1702 414 1799 471 AD
1849 406 2324 473 INNOCEN‘I'IUI
2371 409 2467 474 Ill.

3526 411 3638 475 298

274 546 368 595 καὶ
416 537 834 615 μεταδώσοντος,
889 544 982 595 καὶ
1040 537 1427 615 ὑποδεξαμένου
1478 542 1573 601 τὰς
1629 540 1882 612 ἡμετέρας
1916 542 1959 595 Α
1990 553 2043 595 ο(

1874 559 1882 601 ;
1916 542 1959 595 Α
1990 542 2281 595 consueta
2309 536 3070 611 etimpertiat,nostrasque
3097 538 3387 612 suscipiat
3409 539 3643 597 confes-

277 630 601 707 ὶξαγορείας.
655 634 750 685 Διὰ
806 638 974 684 ταῦτα
1028 633 1130 705 γὰρ
1196 636 1285 684 καὶ
1348 631 1420 692 εἰς
1474 634 1567 689 τὴν
1624 632 1882 701 Ἰερουσα-

276 718 407 792 λήμ,
460 725 551 772 καὶ
605 719 672 781 εἰς
739 724 835 779 τήν
892 720 1239 792 Ἀντιόχειαν,
1313 720 1415 780 ἑνός
1484 719 1646 793 ῥηγός
1717 721 1877 787 ὄντος,

280 805 382 860 δύο
432 805 567 867 ἦσαν
624 807 913 883 ἀρχιερεῖς,
971 814 1061 862 καὶ
1104 808 1178 871 εἰς
1253 810 1374 869 τούς
1427 807 1735 880 Ῥωμαίους,
1792 810 1883 857 καὶ

280 897 355 958 εἰς
385 902 504 959 τοὺς
558 903 834 963 Λατίνους,
888 900 1205 971 ὁμογνώμων
1253 898 1429 958 αὐτοῖς
1473 902 1563 949 καὶ
1615 894 1882 968 ὁμόγλωτ-

280 1005 394 1053 τος,
459 986 634 1047 αὐτοῖς
680 986 834 1039 πάλιν
899 989 1095 1059 ὅμοιος.
1162 983 1303 1039 Ούδε
1366 989 1465 1058 γὰρ
1524 982 1585 1043 ἧν
1653 986 1880 1056 θεμιτόν,

283 1071 361 1126 δι’
425 1074 677 1147 ἑρμηνέως
738 1079 869 1149 πρός
934 1075 1314 1149 ἕτερόγλωσσον
1370 1075 1713 1147 πατριάρχην
1772 1072 1876 1135 ἰξο-

281 1162 620 1235 μο).ογεῖσθαι
657 1167 869 1216 τινατά
916 1167 1131 1237 κρύφια,
1188 1166 1285 1216 κάν
1334 1167 1461 1225 ἴσως
1514 1168 1605 1215 καὶ
1644 1164 1880 1234 ὁμογνω-

282 1256 485 1324 μοσύνη
542 1261 736 1328 παρῆν.
817 1258 931 1328 Χρὴ
1000 1260 1277 1326 τοιγαροῦν
1351 1260 1519 1305 ταῦτα
1574 1256 1738 1325 μέχρι
1792 1259 1887 1312 τῆς

284 1340 504 1401 ἇνὼσεως
567 1348 656 1395 καὶ
718 1342 784 1403 εἰς
840 1344 974 1415 ἡμᾶς
1032 1342 1387 1415 φυλαχθῆναι.
1449 1340 1715 1414 Ἐθίλομεν
1783 1342 1883 1412 γὰρ

283 1435 375 1483 καί
406 1431 669 1504 εὐχόμεθα
716 1436 811 1491 τὴν
868 1433 1061 1485 οἰκείαν
1109 1433 1379 1485 αὐθεντίαν
1422 1435 1565 1504 ἒχειν
1617 1431 1770 1484 πάλιν
1822 1433 1888 1483 τά

286 1518 610 1571 ἀποστολικά
638 1525 729 1573 καὶ
778 1518 1035 1574 συνοδικά
1085 1527 1174 1574 καὶ
1225 1519 1481 1593 βασιλικά
1546 1526 1635 1573 καὶ
1692 1522 1883 1593 νομικά

288 1604 645 1680 διατάγματα,
714 1610 836 1661 ὅσον
887 1614 1005 1672 τοὺς
1056 1618 1149 1671 τῆς
1202 1608 1459 1681 ἕπαρχίας
1514 1609 1735 1669 ἑκάστης
1788 1608 1886 1681 ἀρ-

286 1705 488 1770 χιερεῖς
541 1702 684 1771 παρὰ
754 1707 846 1751 τοῦ
923 1704 1132 1773 πρώτου
1208 1707 1297 1759 τῆς

1384 1699 1548 1761 αὐτῆς
1626 1696 1890 1773 ἐπαρχίας

288 1784 589 1857 ἐκλέγεσθαι
664 1793 754 1839 καὶ
830 1790 1249 1864 χειροτονεῖσθαι
1315 1785 1717 1843 διακελεύονται.
1792 1789 1887 1843 Αἰ-

1992 628 2210 684 siones.
2245 630 2574 699 Eapropter
2594 642 2857 700 namque
2889 628 3317 701 Hierosolymis
3346 633 3404 686 et
3436 630 3641 687 Antio-

1992 715 2162 783 chiae,
2202 732 2342 771 cum
2386 731 2543 772 unus
2582 731 2686 771 rex
2724 720 2900 786 esset,
2932 716 3056 774 duo
3102 724 3271 774 erant
3302 718 3642 792 pontiﬁces.

1993 806 2275 875 Romanis,
2338 805 2506 869 alter,
2557 805 2705 862 alter
2759 806 3000 875 Latinis,
3041 807 3316 879 ejusdem
3365 824 3506 864 cum
3570 807 3643 864 iis

1992 895 2293 967 opinionis
2336 900 2391 951 et
2436 895 2679 964 linguae,
2726 895 3047 968 adhucque
3090 898 3235 969 ipsis
3286 896 3641 955 consimilis.

1996 984 2195 1055 Neque
2220 983 2382 1039 enim
2422 984 2511 1040 {as
2541 991 2632 1040 est
2664 990 2729 1041 ut
2769 984 3075 1057 quispiam
3106 1002 3213 1059 per
3255 986 3642 1059 interpretem

1992 1071 2228 1129 occulta
2287 1073 2641 1130 conﬁteatur
2689 1074 3046 1147 patriarcha:
3092 1074 3335 1131 alterius
3396 1076 3641 1147 linguai,

1994 1160 2276 1233 quamvis
2332 1162 2533 1219 forsan
2584 1162 3017 1220 sententiarum
3072 1179 3404 1221 consensus
3463 1164 3644 1226 adsit.

1996 1250 2242 1322 Oportet
2282 1249 2461 1323 igitur
2490 1250 2619 1307 hinc
2658 1266 2849 1326 usque
2903 1252 2983 1308 ad
3020 1252 3307 1309 unionem
3351 1269 3495 1325 erga
3531 1270 3645 1312 nos

1997 1336 2306 1395 observari
2327 1354 2592 1413 quoque.
2611 1339 2899 1396 Volumus
2922 1340 3219 1413 siquidem
3248 1345 3304 1399 et
3336 1347 3642 1415 optamus,

1997 1432 2062 1483 ut
2102 1428 2317 1485 iterum
2357 1445 2471 1486 sua
2525 1429 2877 1487 auctoritate
2921 1430 3226 1502 potiantur
3272 1431 3643 1505 apostolicm,

1998 1515 2328 1587 synodicae,
2347 1518 2777 1591 imperatorum
2800 1518 3127 1593 legumque
3153 1520 3641 1590 constitutiones,

1996 1614 2297 1677 quatenus
2310 1607 3150 1681 praecipiuntuniuscujusque
3161 1609 3486 1682 provincia
3499 1625 3647 1684 pon-

1998 1694 2184 1749 tilices
2214 1711 2250 1751 a
2298 1698 2492 1768 primo
2518 1697 2792 1768 ejusdem
2821 1696 3148 1771 provincia:
3179 1698 3316 1769 eligi
3347 1703 3528 1773 atque
3556 1716 3649 1757 or-

1998 1782 2214 1840 dinari.
2267 1784 2530 1842 Petimus
2562 1786 2746 1842 etiam
2799 1800 2835 1842 a
2869 1791 2973 1843 tua
3013 1786 3342 1859 pontiﬁcali
3368 1789 3649 1859 magniﬁ-

288 1878 521 1947 τούμεθα
580 1872 639 1929 δε
703 1882 793 1929 καὶ
865 1881 921 1929 τὸ
1004 1881 1093 1930 σόν
1173 1876 1547 1950 ἀρχιερατικόν
1622 1876 1890 1950 μεγαλεῖον
1923 1883 1964 1937 Β
2001 1888 2057 1929 ce

1879 1883 1964 1937 ρΒ
2001 1874 2213 1945 centia,
2262 1878 2327 1929 ut
2376 1889 2647 1947 praesens
2697 1874 3000 1932 tenuitatis
3046 1880 3265 1932 nostrae
3304 1876 3648 1950 epistolium

288 1960 691 2036 προσδέξασθαι
741 1968 801 2018 τό
842 1970 1007 2041 παρόν
1062 1975 1158 2028 τῆς
1205 1968 1351 2040 ἡμῶν
1419 1966 1672 2030 εὐτελείας
1718 1986 1887 2040 γραμ-
2001 1980 2057 2020 ac

1882 1998 1887 2008 ι
2001 1962 2301 2033 admittat,
2332 1963 2587 2037 velitque
2618 1963 2924 2037 synodum
2956 1964 3297 2036 generalem
3329 1966 3483 2038 cogi,
3527 1982 3651 2040 quo

288 2054 497 2124 μάτιον,
540 2059 630 2107 καὶ
682 2054 897 2115 θιλῆσαι
946 2052 1165 2109 σύνοδον
1210 2055 1572 2128 οἰκουμενικήν
1621 2058 1892 2129 συναχθῆ-
2001 2052 2057 2108 di

1882 2087 1892 2096 -
2001 2052 2343 2109 divinorum
2374 2052 2732 2123 dogmatum
2792 2053 3013 2109 veritas
3079 2054 3463 2124 dijudicetur.
3505 2057 3651 2113 Cum

292 2162 395 2208 ναι,
459 2144 595 2195 ὥστε
648 2139 1044 2215 διαγνωσθῆναι
1096 2149 1191 2201 τὴν
1253 2154 1352 2197 τῶν
1406 2146 1549 2197 θείων
1615 2142 1892 2218 δογματων
2001 2141 2061 2197 ﬁt

1886 2167 1892 2190 ν
2001 2141 2129 2197 ﬁeri
2150 2147 2409 2213 nequeat
2432 2148 2750 2215 utramque
2768 2147 3000 2214 partem
3022 2142 3083 2199 in
3109 2158 3253 2199 vera
3273 2159 3405 2199 esse
3422 2148 3655 2201 senten-

288 2228 563 2289 ἀλήθειαν.
631 2229 913 2286 Ἀδύνατον
968 2236 1069 2308 γὰρ
1128 2233 1394 2292 ἀληθεύειν
1450 2236 1605 2307 ἄμφω
1646 2238 1709 2287 τὰ
1760 2239 1889 2308 μέρη
2004 2232 2057 2285 lit

1881 2253 1889 2292 ;
2004 2232 2117 2297 tia;
2141 2230 2433 2302 quoniam
2455 2246 2591 2303 quae
2618 2230 2918 2287 contraria
2939 2236 3099 2299 sunt,
3116 2247 3240 2287 non
3258 2237 3396 2289 sunt
3417 2233 3650 2290 eadem.

288 2324 427 2373 κατά
502 2325 561 2374 τό
632 2327 873 2396 φρόνημα
928 2343 941 2357 ο
1024 2325 1106 2375 ότι
1168 2320 1307 2396 μηδὲ
1382 2322 1649 2391 τάναντία,
1706 2326 1893 2379 ταυτά.
2006 2319 2057 2373 64

1888 2366 1893 2379 ,
2006 2318 2373 2374 Geometrica
2403 2319 2560 2375 enim
2603 2319 2957 2376 necessitate
2984 2334 3141 2375 unus
3166 2320 3468 2378 invenitur
3501 2320 3657 2394 lapis

772 2416 876 2487 γὰρ
979 2411 1228 2485 ἀναγκαις
1338 2410 1410 2475 εἶς
1522 2414 1897 2486 ἀκροσωνιαῖος
2005 2407 2165 2463 imus
2216 2407 2541 2478 angularis,

1890 2434 1897 2474 ;
2005 2407 2165 2463 imus
2216 2407 2553 2478 angularis,
2584 2408 2974 2481 obliquorum
3016 2424 3344 2476 connexor,
3378 2425 3659 2484 unusque

289 2500 458 2569 λίθος,
521 2498 776 2564 συνδίτης
827 2510 928 2554 τῶν
989 2502 1223 2574 πλαγίων
1281 2504 1597 2575 εὑρίσκεται,
1651 2508 1741 2556 καὶ
1798 2508 1900 2575 μία
2008 2513 2058 2553 e1

1891 2524 1900 2555 ι
2008 2497 2238 2553 exsistit
2265 2501 2463 2554 rectus
2497 2497 2782 2568 angulus,
2815 2497 2922 2570 qui
2976 2513 3175 2571 neque
3224 2498 3423 2570 majus
3462 2514 3660 2572 neque

2011 2588 2213 2643 minus
2251 2586 2527 2643 admittit.
2558 2586 2867 2660 Siquidem
2895 2586 2957 2643 in
2988 2588 3192 2659 majus
3233 2593 3521 2656 mutatus,
3553 2590 3666 2645 erit

2011 2676 2290 2746 obtusus,
2336 2676 2395 2731 in
2452 2678 2651 2733 minus
2701 2692 2865 2747 vero,
2916 2681 3160 2749 acutus;
3213 2682 3395 2751 atque
3445 2678 3666 2735 horum

2012 2770 2264 2837 uterque
2285 2764 2649 2821 indeﬁnitus.

1024 2325 1106 2375 ότι
1168 2320 1307 2396 μηδὲ
1382 2322 1649 2391 τάναντία,
1706 2326 1893 2379 ταυτά.

292 2417 673 2484 Γεωμετρικαῑς
772 2416 876 2485 γὰρ
979 2411 1228 2485 ἀναγκαις
1338 2410 1410 2475 εἶς

293 2588 439 2642 ἐστὶν
505 2592 535 2648 ἠ
587 2591 715 2664 ὀρθὴ
788 2596 974 2662 γωνία,
1027 2596 1099 2664 μὴ
1155 2588 1565 2667 παραδεχομίνη
1644 2598 1776 2664 μήτε
1841 2596 1899 2645 τὸ

292 2683 475 2752 μιῖζον
528 2684 660 2752 μήτε
705 2684 764 2733 τό
820 2681 1046 2737 ὒιαττον.
1099 2682 1450 2756 Ἐκτραπεῖσα
1502 2686 1591 2755 μὶν
1629 2684 1730 2757 γὰρ
1773 2686 1903 2755 πρὸς

293 2772 354 2820 τὸ
422 2770 621 2841 μεῖζον,
682 2773 830 2822 ἔσται
898 2768 1116 2842 ἀμϐλεῖα
1151 2789 1163 2801 ·
1239 2775 1369 2844 πρὸς
1440 2768 1499 2823 δὲ
1555 2775 1614 2823 τὸ
1672 2772 1900 2840 ἔλαττον,

296 2858 447 2908 ἔσται
468 2856 609 2919 ὀξεῖα
636 2875 649 2889 ο
693 2856 887 2915 ἑκάστη
922 2854 981 2910 δε
1007 2862 1224 2927 τούτων,
1258 2856 1525 2931 ἀόριστος.

370 2946 511 2999 Ἐπεὶ
573 2944 633 3000 δε
697 2948 723 2998 ὁ
783 2947 1157 3021 θεοπρόςλητος
1219 2954 1310 3000 καὶ
1363 2948 1700 3022 φιλόχριστος
1758 2951 1904 3021 ἡμῶν
2088 2946 2139 2999 Ca

1903 2974 1904 2986 ι
2088 2946 2377 3001 Caeterum
2409 2944 2699 3017 quoniam
2746 2959 2782 3000 ει
2830 2946 2950 3000 Deo
3002 2949 3319 3017 promotus
3367 2950 3424 3001 et
3452 2944 3672 3002 Christi

2020 3034 2324 3090 studiosus
2348 3034 2677 3106 imperator
2701 3038 2906 3091 noster
2923 3036 3206 3107 priecepit
3237 3034 3509 3101 nobis,ut
3528 3050 3672 3091 cond

2018 3123 2357 3180 venientem
2389 3124 2683 3180 honorem
2713 3122 3055 3180 celsitudini
3096 3129 3213 3179 tum
3253 3124 3543 3181 benevole
3573 3125 3675 3181 tri«

292 3232 449 3274 τητος
507 3214 665 3266 αὐτοῦ
713 3220 771 3266 τὸ
817 3213 1105 3287 ίπίταγμα,
1158 3222 1248 3269 καὶ
1312 3218 1687 3289 κατετιθίμεθα
1753 3223 1911 3289 τιμήν
1942 3233 1981 3289 C
2021 3214 2061 3270 Ι)

1902 3238 1911 3265 ρ
1942 3233 1981 3289 C
2021 3214 2305 3276 buamus,
2345 3213 2577 3268 reveriti
2612 3228 2825 3268 sumus
2856 3212 3187 3269 clementia;
3218 3217 3348 3283 ejus
3386 3213 3671 3283 edictum,

296 3323 383 3356 σοι
437 3311 629 3376 νεῖμαι,
685 3300 940 3371 δέσποτα,
993 3310 1316 3379 πρέπουσαν,
1376 3308 1493 3367 ἣτις
1550 3306 1691 3360 ἐστὶν
1753 3307 1907 3379 εύφη·
2024 3312 2065 3359 e1

2024 3309 2080 3359 et
2099 3302 2519 3357 constituimus
2550 3301 2674 3371 tibi,
2708 3301 2974 3364 domine,
3007 3318 3347 3373 congruum
3379 3303 3676 3359 honorem

2024 3391 2384 3463 deferre,qui
2414 3398 2505 3445 est
2534 3390 2799 3445 laudatio
2815 3395 2872 3445 et
2894 3391 3253 3447 acclamatio
3278 3391 3679 3464 imperatoriis

2026 3480 2307 3539 laudibus
2337 3480 3001 3553 acclamationibusque
3022 3481 3297 3553 aequalis,
3319 3481 3402 3538 ita
3424 3481 3503 3538 ad
3546 3497 3679 3538 ver-

2026 3571 2215 3627 bum:
2252 3592 2280 3621 ‹‹
2328 3569 2654 3625 lnnocentii
2702 3569 2934 3626 domini
2978 3584 3155 3642 papae
3197 3570 3411 3626 veteris
3451 3573 3679 3640 Romae,

2032 3660 2252 3717 multos
2284 3675 2515 3727 annos;
2544 3682 2569 3707 ιι
2602 3674 2736 3730 qua:
2766 3676 2803 3714 a
2832 3659 3008 3715 nobis
3038 3659 3290 3731 proferri
3307 3658 3527 3716 debeat
3541 3664 3683 3733 post

2029 3750 2301 3805 ultimam
2344 3748 2725 3804 collectarum
2774 3748 3145 3818 orationem;
3185 3748 3380 3805 donec
3430 3749 3683 3821 Spiritus

2030 3846 2307 3895 sanctum
2364 3838 2681 3893 concilium
2749 3838 3030 3908 coegerit,
3084 3854 3319 3911 nosque
3384 3839 3463 3895 ad
3529 3838 3685 3894 sacri

2030 3928 2333 3999 dogmatis
2390 3927 2719 4000 perfectam
2773 3926 3010 3983 duxerit
3065 3927 3494 3997 cognitionem.
3522 3930 3685 3983 Tunc

2030 4018 2191 4075 enim
2216 4017 2383 4074 nudo
2404 4018 2697 4089 capite,ex
2723 4016 3006 4081 amboue,
3035 4017 3190 4073 inter
3218 4018 3415 4089 ipsam
3446 4033 3685 4073 sacram

2029 4107 2421 4175 oblationem,
2462 4120 2584 4160 non
2618 4104 2816 4160 solum
2856 4119 2992 4175 nos,
3036 4104 3141 4160 sed
3172 4105 3474 4178 Ethiopes
3506 4105 3689 4161 simul

2030 4214 2099 4253 ac
2133 4196 2364 4268 Libyes,
2392 4194 2655 4267 Egyptii
2696 4199 2755 4249 et
2784 4194 2935 4266 Syri,
2990 4194 3184 4260 Russi,
3230 4194 3423 4261 Alani,
3469 4194 3686 4261 Gotthi,

2031 4286 2202 4355 lberi,
2231 4300 2565 4357 omnesque
2590 4289 2796 4353 gentes
2824 4298 2962 4355 quae
2992 4281 3279 4339 doctrinae
3308 4288 3529 4339 nostrae
3554 4282 3692 4339 sul)-

2026 4375 2333 4447 jiciuntur,
2348 4378 2515 4429 tuum
2540 4388 2763 4427 nomen
2779 4371 3274 4443 proclamabunt;
3298 4387 3533 4428 necnon
3553 4376 3691 4428 ante

2032 4470 2280 4521 cunctos
2310 4463 2438 4535 ipse
2469 4462 2737 4517 Christus
2766 4460 2990 4516 sanctis
3016 4460 3182 4516 libris
3212 4460 3498 4517 inscribet
3523 4477 3537 4527 ;
3587 4461 3693 4534 qui

761 4556 818 4617 ὃς
876 4560 954 4615 εἵη
1006 4560 1209 4633 μάρτυς
1258 4560 1405 4631 ἡμῖν,
1459 4561 1540 4611 ὅτι
1597 4559 1656 4611 ού
1704 4564 1921 4617 νὶκῆσαι
1950 4588 1997 4641 D
2032 4554 2207 4610 nobis
2238 4553 2403 4609 testis
2436 4552 2528 4620 sit,

1950 4588 1997 4641 ι)
2032 4554 2207 4610 nobis
2238 4553 2403 4609 testis
2436 4552 2528 4620 sit,
2555 4550 2724 4624 quod
2761 4550 2999 4606 vincere
3038 4565 3161 4605 non
3204 4550 3553 4618 gestiamus,
3586 4549 3695 4606 sed

2032 4648 2213 4717 prout
2258 4646 2496 4715 oportet
2532 4640 2692 4707 victi,
2746 4638 3012 4709 gavisuri
3072 4640 3303 4710 simus;
3355 4638 3695 4696 dummodo

2034 4734 2232 4789 lucem
2258 4730 2778 4804 conspexerimus.
2804 4732 2952 4785 Nam
2974 4728 3080 4801 qui
3102 4728 3160 4783 in
3188 4728 3371 4784 haece
3402 4729 3526 4785 vita
3552 4744 3700 4799 erga

2036 4822 2330 4893 dogmata
2359 4825 2572 4877 cautus
2610 4822 2895 4892 tutusque
2949 4834 3074 4875 non
3120 4823 3231 4881 est,
3281 4818 3581 4875 damnum
3635 4818 3700 4874 in

2038 4917 2231 4969 morte
2278 4911 2443 4977 feret,
2492 4910 2696 4981 ignem
2730 4924 2800 4965 ac
2844 4908 3126 4965 tenebras
3176 4908 3237 4964 in
3284 4907 3697 4965 hereditatem

2040 5004 2424 5075 accepturus,
2470 5016 2580 5074 pro
2638 5015 2709 5056 eo
2752 4998 2915 5073 quod
2948 4997 3156 5055 lumen
3191 5014 3316 5055 non
3363 4999 3701 5070 agnoverit.

2042 5096 2162 5150 Hoc
2213 5108 2326 5151 nos
2372 5091 2551 5164 igitur
2589 5089 2817 5146 damno
2862 5089 3333 5163 prmsupposito,
3389 5089 3705 5164 multaque

2042 5182 2366 5241 hominum
2420 5180 2803 5255 pereuntium
2851 5179 3011 5236 dena
3044 5179 3232 5236 millia
3282 5179 3567 5247 miserati,
3626 5178 3707 5237 ad

2046 5274 2422 5333 sanctitatem
2450 5278 2617 5330 tuam
2652 5273 2713 5328 in
2746 5277 2954 5329 sancto
2982 5271 3203 5345 Spiritu
3235 5287 3375 5328 cum
3402 5271 3709 5328 exclama-

2046 5367 2207 5423 tione
2255 5364 2607 5430 scribimus;
2667 5367 2734 5419 ut
2781 5362 2957 5419 citius
3007 5361 3345 5419 universale
3384 5361 3711 5419 concilium

2051 5455 2405 5528 congregari
2467 5469 2660 5517 cures,
2716 5452 2796 5509 ad
2853 5452 3167 5509 utilitatem
3212 5452 3709 5517 Christianorum,

2057 5552 2404 5621 sanctisque
2432 5544 2650 5604 animae
2676 5547 2793 5602 tuae
2824 5541 3099 5602 salutem.

296 3033 548 3107 βασιλεὺς
596 3037 811 3088 ὑπέθετο
861 3039 1007 3109 ἡμῖν,
1061 3042 1155 3095 τὴν
1221 3036 1512 3096 ἀνήκουσαν
1558 3044 1716 3111 τιμὴν
1765 3038 1909 3111 εύμε·

292 3134 389 3184 νὼς
418 3133 731 3200 προσνεῖμαι
783 3135 856 3197 τῷ
894 3126 1016 3196 ὕψει
1058 3146 1175 3197 σου,
1234 3123 1535 3200 ᾐδέσθημεν
1588 3136 1681 3190 τῆς
1722 3130 1909 3202 ἡμερό-

295 3398 415 3466 μία,
478 3401 597 3454 ταῖς
662 3392 966 3465 βασιλικαῖς
1034 3394 1306 3468 εὐφημίαις
1376 3395 1676 3470 ἰσόρροπος,
1744 3400 1905 3458 οὕτως

298 3481 385 3534 ἐπὶ
437 3482 615 3544 λέξεως
655 3486 861 3555 ἔχουσα
903 3504 916 3517 ε
969 3506 997 3533 ‹‹
1054 3483 1355 3538 Ἰνοκεντίου
1406 3482 1667 3539 δεσπότου
1718 3488 1911 3539 πάππα

300 3579 399 3633 τῆς
454 3571 809 3644 πρεσϐυτέρας
875 3572 1093 3646 Ῥώμης,
1161 3574 1326 3627 πολλὰ
1385 3578 1450 3627 τὰ
1503 3577 1611 3634 ἔτη·
1669 3596 1697 3624 ››
1769 3575 1912 3647 ὀφεί-

301 3660 473 3713 λουσα
536 3660 779 3732 λέγεσθαι
854 3662 978 3735 παρ’
1049 3664 1195 3735 ἡμῶν
1255 3666 1385 3735 μετά
1458 3669 1550 3722 τὴν
1622 3664 1915 3717 τελευταίαν

306 3752 471 3823 εὐχὴν
538 3760 638 3803 τῶν
722 3752 999 3819 συνάξεων,
1070 3758 1262 3828 μέχρις
1316 3753 1376 3805 ἆν
1450 3758 1509 3806 τὸ
1595 3762 1803 3827 Πνεῦμα
1858 3759 1917 3807 τὸ

302 3838 451 3912 ἆγιον
517 3837 736 3894 σύνοδον
809 3844 1102 3916 συναγάγῃ,
1164 3848 1253 3895 καὶ
1316 3849 1720 3917 μυσταγωγήση
1798 3846 1918 3917 ἡμῖν

301 3938 397 3983 τοῦ
456 3926 720 4002 δόγματος
781 3935 875 3990 τὴν
934 3930 1221 4004 ἀκρίϐεια).
1281 3938 1407 3986 Τότε
1471 3936 1573 4007 γὰρ
1624 3942 1793 4006 γυμνῇ
1854 3942 1913 4007 τῇ

302 4018 498 4092 κεφαλῇ
552 4019 636 4073 ἐπὶ
688 4019 941 4092 ἄμϐωνος,
996 4026 1086 4074 καὶ
1130 4020 1206 4073 ἐπ’
1258 4022 1423 4083 αὐτῆς
1490 4031 1584 4083 τῆς
1635 4022 1915 4095 ἀναφορᾶς,

300 4109 360 4161 ού
420 4113 573 4181 μόνον
627 4111 799 4181 ἡμεῖς,
863 4108 971 4162 ἀλλ’
1056 4110 1298 4173 Αἰθίοπες
1377 4111 1488 4184 ἅμα
1544 4118 1634 4164 καὶ
1703 4111 1915 4180 Λίϐυες,

304 4198 590 4268 Αἰγύπτιοί
652 4217 706 4250 τε
772 4202 860 4251 καὶ
925 4200 1101 4272 Σύροι,
1159 4200 1364 4266 Ῥῶσοι,
1418 4200 1645 4267 Ἀλανοὶ,
1708 4202 1913 4269 Γότθοι,

302 4286 534 4360 Ἴϐηρες,
585 4292 674 4340 καὶ
703 4291 872 4340 πάντα
912 4291 979 4339 τὰ
1018 4291 1133 4347 ἔθνη
1174 4292 1239 4341 τὰ
1286 4298 1395 4351 τοίς
1455 4286 1718 4362 δόγμασιν
1771 4293 1917 4364 ἡμῶν

304 4377 644 4449 ὑποκείμενα,
700 4380 757 4430 τό
814 4381 905 4429 σόν
959 4376 1377 4452 ἀνακηρύξουσιν
1436 4382 1616 4452 ὄνομα,
1676 4385 1765 4431 καὶ
1819 4383 1918 4453 πρό

303 4486 361 4538 γε
419 4468 643 4537 πάντων,
705 4469 859 4527 αὐτὸς
917 4468 942 4519 ὁ
1010 4472 1239 4542 Χριστὸς
1289 4478 1405 4531 ταῖς
1464 4470 1642 4541 ἀγίαίς
1713 4468 1919 4542 βίϐλοις

307 4554 635 4630 ἐγγράφεται
693 4574 707 4587 ⁸

306 4645 590 4717 ποθοῦμεν,
651 4643 760 4697 ἀλλ’
828 4647 1139 4709 ἡττηθέντες
1195 4650 1265 4709 ὡς
1326 4652 1435 4719 χρὴ
1511 4651 1915 4724 χαρησόμεθα·

311 4737 467 4807 μόνον
524 4734 567 4786 εἰ
618 4738 714 4792 τὴν
770 4736 968 4810 ἡμέραν
1028 4735 1390 4810 ἀθροίσαιμεν.
1452 4736 1509 4790 Ὀ
1576 4741 1675 4811 γὰρ
1748 4737 1795 4791 ἓν
1858 4747 1921 4813 τῇ

310 4826 558 4899 παρούσῃ
601 4826 707 4897 ζωῇ
758 4824 854 4878 οὐκ
885 4824 1122 4899 ἀσφαλὴς
1177 4825 1225 4880 ἄν
1275 4835 1381 4889 τοῖς
1435 4824 1696 4902 δόγμασιν
1727 4832 1928 4883 οἴσεται

313 4915 483 4966 θανὼν
530 4918 623 4972 τὴν
672 4914 886 4987 ζημίαν,
935 4923 1040 4991 πῦρ
1110 4921 1199 4970 καὶ
1251 4922 1434 4979 σκότος
1509 4918 1925 4994 κληρονομήσας,

313 5002 430 5057 ἀνθ’
482 5002 551 5054 ὧν
618 5006 676 5056 τὸ
743 5012 847 5076 φῶς
921 5005 1015 5058 οὐκ
1072 5004 1341 5081 ἕγνὼρισε.
1410 5010 1614 5067 Ταύτην
1669 5011 1759 5081 μὲν
1839 5006 1929 5061 οὖν

314 5095 466 5167 ἡμεῖς
520 5095 613 5151 τὴν
664 5092 860 5166 ζημίαν
902 5098 1299 5171 προῦποθέντες,
1349 5102 1440 5150 καὶ
1489 5096 1786 5161 ὶλεήσαντες
1837 5100 1932 5161 τὰς

312 5182 511 5245 πολλὰς
602 5181 879 5257 μμριάδας
962 5194 1063 5239 τῶν
1154 5184 1515 5261 ἀπολλυμένων
1598 5186 1883 5263 ἀνθρώπων
1912 5233 1928 5259 ,

314 5274 584 5350 γράφομεν
639 5271 687 5325 ἐν
736 5273 871 5347 ἁγίῳ
939 5277 1203 5349 Πνεύματι
1280 5274 1748 5350 ὶπιγωνηματικῶς
1806 5282 1935 5353 πρὸς

316 5368 407 5422 τὴν
454 5367 554 5421 σήν
612 5360 871 5435 ἀγιότητα
927 5384 940 5399 ο
996 5366 1080 5419 ἶνα
1134 5368 1326 5439 τάχιον
1383 5372 1668 5443 φροντίσῃς
1717 5364 1938 5421 σύνοδον

322 5453 693 5526 οἱκουμενικήν
759 5456 1131 5529 ἀθροισθῆναι,
1196 5460 1329 5532 πρὸς
1395 5461 1454 5510 τὸ
1523 5461 1783 5531 συμφέρον
1840 5467 1940 5511 τῶν

323 5550 682 5618 Χριστιανῶν,
738 5550 828 5598 καὶ
886 5550 1148 5622 σωτηρίαν
1210 5548 1303 5609 τῆς
1374 5546 1526 5621 ἁγίας
1577 5547 1763 5623 ψυχῆς
1823 5568 1939 5607 σου.

620 5735 875 5803 Ρλτιιοι..
918 5744 1021 5805 Gl.
1062 5736 1220 5806 CXL.

3364 5743 3433 5803 10
