4480 6430
902 399 4257 448 W

2233 559 2415 603 ANNO
2460 561 2698 604 DOMINI
2743 561 2965 605 MCCXX

1073 750 2227 941 MICHAEL
2393 758 4052 946 ACOMINATUS

1436 1393 2404 1500 ATHENIENSIS
2491 1396 3721 1506 ARCHIEPISCOPUS

2341 1772 2815 1854 NOTITIA.

1659 1972 2045 2028 HICHAELIS
2081 1973 2456 2030 ACOMINAT!
2491 1975 2652 2042 VITA,
2681 1975 2811 2030 RES
2852 1973 3108 2045 GESTAE,
3139 1973 3481 2029 SCRIPTA‘.

958 2312 1200 2372 Graeciae
1228 2330 1339 2388 per
1376 2313 1647 2370 medium
1676 2330 1871 2371 aevum
1895 2316 2146 2372 historia
2177 2316 2438 2372 tenebris
2468 2317 2687 2373 obruta
2718 2319 2925 2375 tandiu
2955 2321 3082 2391 fuit,
3127 2321 3320 2376 donec
3360 2318 3449 2373 vir
3495 2317 3600 2372 cel.
3636 2317 3979 2386 Ducangius
4018 2314 4258 2370 decimo

883 2404 1140 2477 septimo
1171 2404 1409 2475 saaculo,
1452 2404 1625 2476 isque
1653 2404 1772 2460 fere
1801 2405 1986 2474 solus,
2015 2405 2220 2461 lumen
2252 2407 2303 2460 ei
2331 2406 2578 2478 aliquod
2601 2409 2861 2479 aspersit
2893 2427 2904 2469 ;
2941 2409 3288 2464 novissimis
3329 2413 3530 2462 autem
3572 2405 3949 2477 temporibus
3980 2403 4256 2458 Villema-

881 2493 984 2564 nii,
1020 2493 1457 2565 Fallmereyeri,
1491 2492 1716 2562 Tafelii,
1748 2494 2127 2561 Zinkeisenii,
2173 2496 2690 2567 Paparrhigopuli.
2727 2503 2784 2552 et
2821 2499 3151 2568 praesertim
3193 2497 3496 2562 Buchonii,
3543 2497 3742 2565 ejusce
3779 2494 4009 2564 generis
4041 2492 4255 2547 studiis

879 2587 1252 2655 praematura
1280 2586 1471 2638 morte
1503 2582 1709 2654 erepti,
1740 2582 1944 2637 utilem
1976 2599 2226 2654 operam
2249 2591 2494 2656 experta
2516 2591 2624 2641 est.
2659 2586 2752 2641 Sic
2773 2587 2952 2655 igitur
2974 2592 3209 2641 noctem
3237 2585 3365 2640 dies
3395 2585 3644 2655 excepit,
3675 2591 3731 2639 et
3763 2599 3962 2656 opera:
3995 2583 4256 2654 pretium

880 2671 989 2727 erit
1016 2672 1091 2727 de
1111 2672 1253 2727 viris
1282 2671 1527 2741 ingenio
1565 2677 1671 2727 aut
1719 2672 1931 2728 virtute
1983 2673 2161 2729 claris
2222 2675 2592 2729 mentionem
2638 2673 2849 2741 facere,
2888 2680 3187 2746 quantum
3235 2691 3342 2745 per
3380 2688 3723 2728 coaevorum
3778 2672 4124 2728 testimonia
4161 2669 4259 2724 vel

880 2760 1050 2815 aliter
1071 2760 1290 2816 licebit.
1325 2761 1527 2816 Melius
1554 2760 1714 2816 enim
1747 2761 1822 2816 de
1863 2761 2070 2834 populi
2097 2762 2353 2832 alicujus
2386 2762 2606 2827 indole,
2640 2764 2882 2830 ingenio
2913 2763 3355 2833 judicabimus,
3392 2762 3495 2817 ubi
3544 2763 3724 2816 unius
3775 2778 3999 2829 mores,
4035 2759 4257 2829 agendi

879 2849 1178 2904 rationem
1209 2854 1346 2905 ante
1377 2849 1586 2905 oculos
1608 2850 1926 2906 habemus.
1961 2853 2250 2916 Quocirca
2282 2868 2478 2923 operae
2506 2853 2762 2923 pretium
2794 2869 2890 2907 me
2914 2853 3213 2907 facturum
3248 2853 3522 2915 arbitror,
3558 2851 3606 2906 si
3632 2852 3707 2906 de
3738 2850 4257 2905 nobilissimorum

880 2936 1085 3009 aliquo
1116 2937 1298 2993 medii
1339 2938 1448 2993 aevi
1471 2939 1816 2994 Graecorum
1847 2939 2030 2995 verba
2058 2939 2276 3007 fecero,
2304 2940 2493 3011 probe
2516 2956 2743 3008 gnarus
2767 2943 2951 2997 hocce
2984 2957 3187 2996 meum
3216 2940 3577 3013 opusculum
3607 2945 3932 3005 tantorum,
3966 2955 4123 3010 quos
4153 2954 4257 2992 no-

880 3027 1128 3093 minavi,
1163 3027 1431 3083 virorum
1461 3028 1815 3084 auctoritate
1854 3029 2101 3084 minime
2132 3029 2386 3098 dignum
2419 3044 2573 3085 esse.
2622 3034 2682 3084 ln
2732 3047 2854 3101 quo
2907 3036 3107 3084 tamen
3150 3029 3210 3084 id
3243 3030 3393 3084 mihi
3433 3045 3679 3084 assumo
3719 3029 3937 3094 dicere,
3986 3027 4257 3082 libellum

879 3131 1065 3188 quem
1094 3115 1426 3172 litterarum
1455 3116 1786 3172 cultoribus
1834 3117 2075 3185 offerro,
2123 3117 2322 3188 majus
2377 3117 2606 3189 aliquid
2637 3120 3042 3190 praestiturum
3084 3118 3286 3183 fuisse,
3335 3118 3385 3172 si
3426 3119 3486 3172 in
3519 3117 3888 3173 bibliotheca
3917 3116 4262 3172 Florentina

884 3221 955 3262 ac
986 3205 1304 3261 Parisiensi
1331 3205 1569 3262 codices
1599 3205 1908 3261 Michaelis
1941 3207 2243 3262 Choniatae
2275 3210 2723 3279 manuscriptos
2747 3208 2937 3262 oculis
2973 3207 3227 3263 lustrare
3253 3208 3396 3262 mihi
3424 3207 3789 3276 contigisset.
3815 3205 3929 3261 Sed
3957 3211 4080 3260 tum
4107 3211 4258 3260 tem-

883 3293 1052 3366 poris
1085 3299 1214 3360 (cur
1251 3294 1414 3349 enim
1444 3295 1641 3350 dicere
1670 3294 2027 3350 erubescam
2054 3295 2222 3366 quod
2241 3295 2389 3350 mihi
2412 3312 2552 3350 cum
2575 3297 2710 3351 viris
2749 3296 3120 3352 doctioribus
3150 3311 3474 3352 commune
3505 3296 3614 3351 fuit
3639 3297 3689 3366 ἓν)
3721 3296 3904 3366 hujus
3951 3293 4260 3366 scriptoris

882 3397 960 3439 ne
997 3397 1222 3438 nomen
1248 3382 1498 3454 quidem
1519 3399 1831 3438 noveram.

958 3472 1186 3528 Nostris
1214 3471 1465 3543 quidem
1495 3471 1870 3543 temporibus
1900 3471 2177 3540 Tafelius,
2209 3473 2362 3542 prof.
2399 3473 2801 3530 universitatis
2831 3474 3106 3544 Tubing.,
3136 3475 3480 3546 reipublicae
3510 3473 3802 3530 litterariae
3851 3472 4088 3543 egregie
4117 3487 4259 3527 con-

883 3561 1069 3618 suluit
1097 3577 1280 3634 opere
1301 3561 1397 3617 cui
1418 3560 1626 3617 titulus
1662 3577 1674 3615 :
1709 3561 2061 3617 Dissertatio
2087 3563 2158 3617 de
2197 3562 2609 3618 Thessalonica
2639 3566 2884 3633 ejusque
2929 3579 3097 3634 agro,
3130 3581 3320 3636 quam
3357 3564 3420 3620 in
3458 3580 3640 3619 usum
3671 3562 4072 3619 convertimus
4115 3576 4258 3617 nos-

884 3655 1066 3723 trum,
1100 3657 1168 3708 ut
1192 3655 1250 3708 et
1268 3651 1447 3724 plura
1476 3650 1593 3708 alia
1612 3666 1750 3723 quae
1780 3650 1901 3706 huc
1933 3656 2206 3722 spectant
2238 3667 2448 3722 opera.

1268 3816 1305 3878 ἓ
1329 3811 1373 3868 Ι.
1417 3812 1596 3868 Varia
1621 3810 2027 3880 Athenarum,
2057 3811 2316 3868 durante
2334 3813 2529 3868 medio
2561 3828 2706 3882 aevo,
2733 3814 2991 3883 fortuna
3020 3830 3206 3886 usque
3219 3815 3302 3872 ad
3329 3815 3514 3884 ﬁnem
3539 3815 3748 3871 δωρειιί
3773 3831 3870 3869 xu.

957 3945 1202 4002 Athenae
1234 3945 1523 4017 Cecropia
1554 3944 1790 4014 civitas,
1828 3960 2016 4016 quam
2072 3944 2336 4000 Theseus
2377 3945 2580 3999 Atticas
2628 3943 3032 4015 metropolim,
3092 3943 3277 4000 Solon
3330 3943 3493 4000 orbis
3541 3943 3773 4016 antiqui
3817 3940 4264 4012 legislatricem,

884 4034 1312 4093 Themistocles
1336 4033 1600 4090 marium
1633 4035 1976 4090 Graecorum
2015 4033 2332 4089 dominam
2365 4033 2828 4099 constituerant;
2858 4049 2993 4105 qua:
3021 4049 3093 4088 ex
3135 4033 3322 4088 ruinis
3352 4049 3506 4105 quas
3537 4050 3572 4088 a
3611 4032 3768 4088 bello
3808 4032 4042 4087 Persico
4071 4036 4269 4086 traxe-

891 4130 1008 4191 rat,
1035 4123 1272 4180 Periclis
1293 4128 1349 4180 et
1375 4123 1680 4180 sociorum
1701 4139 1889 4196 opera
1922 4122 2296 4194 splendidior
2325 4127 2762 4189 resurrexerat;
2787 4123 2957 4192 cujus
2978 4121 3246 4178 favorem
3274 4127 3412 4194 post
3440 4122 3726 4195 Lysandri
3759 4137 3828 4176 ac
3860 4120 4116 4193 Philippi
4144 4120 4272 4174 vic-

885 4215 1032 4272 toris
1069 4218 1347 4286 tempora
1386 4227 1651 4283 magnus
1689 4212 1874 4282 hujus
1921 4212 2082 4267 ﬁlius
2124 4211 2356 4267 ambire
2411 4227 2533 4268 non
2581 4212 2924 4277 erubuerat,
2966 4227 3155 4283 quam
3187 4211 3546 4283 posteriores
3573 4227 3605 4267 e
3634 4210 3980 4267 Macedonia
4009 4208 4264 4275 domini,

887 4319 1076 4377 quam
1107 4301 1407 4359 Ptolemaei
1432 4301 1703 4357 libertate
1734 4301 1890 4356 ultro
1913 4301 2120 4356 oblata
2141 4307 2198 4356 et
2223 4300 2555 4372 splendidis
2585 4299 2852 4354 aedificiis
2881 4299 3298 4365 honorabant;
3329 4301 3504 4369 cujus
3528 4299 3764 4355 civibus
3799 4296 4269 4354 contumacibus

888 4392 1101 4450 consul
1131 4391 1305 4448 Rom.
1337 4391 1548 4459 victor,
1575 4395 1844 4462 paternae
1873 4389 2078 4459 gloriae
2111 4389 2318 4445 habita
2357 4390 2606 4455 ratione,
2640 4389 2879 4444 veniam
2906 4388 3129 4456 dabat;
3163 4390 3259 4444 cui
3311 4389 3650 4444 Hadrianus
3689 4395 3747 4444 et
3774 4387 4045 4444 Julianus
4076 4387 4267 4458 impe-

887 4487 1138 4547 ratores,
1171 4487 1422 4552 uterque
1445 4478 1689 4535 Athenis
1721 4479 2034 4544 educatus,
2069 4494 2361 4549 magnam
2389 4478 2650 4550 pristinae
2673 4479 2876 4549 gloriae
2903 4485 3134 4551 partem
3165 4480 3549 4535 restituerant
3579 4495 3751 4551 ;qua3
3773 4494 3954 4552 porro
3989 4477 4257 4534 Gallieno

885 4575 1201 4642 regnante,
1226 4570 1495 4641 Dexippo
1516 4569 1694 4632 duce,
1727 4567 2057 4625 Gothorum
2088 4567 2466 4623 invasionem
2493 4569 2813 4640 repulerat,
2843 4573 2900 4623 et
2932 4584 3068 4641 qua;
3098 4568 3310 4623 Alarici
3351 4573 3621 4640 tempore
3652 4568 3949 4624 classibus
3989 4566 4270 4639 Byzanti-

886 4661 982 4718 nis
1013 4660 1410 4717 commodum
1435 4658 1777 4730 prrebuerat
1802 4658 2128 4730 refugium,
2163 4674 2298 4726 quae
2331 4657 2628 4713 solidioris
2657 4657 2938 4714 doctrinis
2978 4662 3035 4712 et
3067 4673 3307 4712 morum
3330 4657 3643 4729 puriorum
3670 4658 3862 4726 gloria
3889 4657 4044 4712 inter
4076 4655 4264 4712 urbes

889 4750 1142 4809 Orientis
1173 4748 1504 4816 refulserat,
1537 4747 1731 4804 donec
1756 4748 2129 4804 Justinianus
2151 4747 2654 4820 philosophorum
2686 4746 2924 4803 scholas
2957 4746 3156 4803 claudi
3180 4747 3362 4817 jussit
3382 4747 3443 4802 in
3470 4747 3728 4804 Palladis
3749 4746 4065 4820 urbequae,
4084 4761 4272 4818 paga-

886 4841 1086 4897 nismo
1115 4837 1350 4895 imbuta
1381 4854 1450 4894 ac
1468 4837 1942 4906 nutrita,diutlus
1964 4853 2153 4910 quam
2184 4842 2413 4892 caeteras
2445 4837 2685 4892 Graeciaa
2708 4837 2886 4892 urbes
2917 4836 3350 4892 Christianismi
3375 4836 3883 4892 introductoribus
3903 4835 4130 4891 restitit:
4146 4835 4268 4891 illae

888 4929 1137 4986 Athenae
1163 4929 1430 5000 antiquae
1459 4943 1595 5000 quae
1619 4943 1726 4999 per
1739 4927 1948 4998 viginti
1967 4927 2186 4983 saecula
2214 4927 2276 4981 in
2296 4926 2464 4982 varia
2479 4926 2737 4996 fortuna,
2755 4927 2803 4980 si
2825 4941 2948 4981 non
2973 4925 3306 4997 potentiam
3321 4926 3978 4995 aclibertatem,saltem
3996 4925 4272 4982 indolem

886 5009 1311 5092 particularem
1328 5021 1384 5073 et
1396 5016 1655 5073 nationis
1671 5017 1858 5073 robur
1871 5016 2589 5082 servaverantJustiniani
2603 5016 2843 5071 illustris
2859 5023 3126 5087 tempore
3141 5015 3455 5072 Slavorum
3468 5016 3623 5072 ferro
3639 5017 3844 5086 etigne
3860 5016 4086 5088 ubique
4101 5030 4276 5085 gras-

887 5109 1152 5165 santium
1165 5107 1580 5164 invasionibus
1591 5106 2024 5163 occubuerant.
2042 5111 2110 5162 At
2123 5106 2466 5178 quidem,ut
2483 5109 2797 5162 Persarum
2810 5111 3100 5178 tempore,
3118 5111 3254 5162 ante
3273 5107 3410 5163 1000
3421 5121 3637 5170 annos,
3655 5107 4044 5162 Athenienses
4056 5112 4278 5162 contra

884 5198 1152 5255 hostium
1190 5196 1458 5253 furorem
1488 5197 1548 5252 in
1575 5196 1771 5252 vicina
1807 5195 2107 5252 Salamine
2128 5195 2325 5252 insula
2353 5195 2654 5265 refugium
2678 5195 3174 5268 quaerebant,sed
3203 5195 3372 5252 vario
3405 5198 3805 5251 eventu.Tum
3829 5197 3988 5252 enim
4021 5199 4080 5250 in
4111 5195 4279 5252 mari

958 5356 979 5375 ‘
1018 5351 1682 5430 hiichaelisAcominati
1705 5350 1974 5430 vitamet
1998 5366 2092 5406 res
2123 5355 2327 5430 gestas
2359 5350 2595 5419 egregie
2625 5349 2943 5430 illustravit
2964 5350 3213 5430 ejusque
3241 5348 3465 5430 scripta
3482 5349 3875 5430 recensuitp'
3903 5347 4080 5430 Adolf
4107 5347 4281 5404 Ellis-

887 5442 997 5482 sen
1026 5427 1089 5481 in
1118 5425 1272 5480 libro
1301 5424 1592 5492 Gottingae
1634 5438 1796 5478 anno
1825 5423 1958 5478 1846
1999 5424 2320 5478 vernaculo
2343 5437 2619 5478 sermone
2650 5422 2811 5477 edito
2843 5423 2938 5477 cui
2977 5421 3214 5476 titulum
3237 5421 3406 5476 fecit:
3434 5421 3692 5478 Michael
3718 5422 4110 5476 Akominatos
4149 5435 4275 5477 von

887 5498 1122 5562 Chona,
1153 5495 1641 5565 Erzbz‘scho/‘von
1668 5496 1888 5555 Athen.
1933 5493 2346 5550 Nachrz'chten
2373 5494 2516 5549 iiber
2544 5496 2668 5549 sein
2711 5493 2902 5550 Leben
2935 5493 3064 5548 und
3086 5494 3246 5548 seine
3275 5492 3603 5562 Schriften,
3637 5495 3743 5548 mit
3778 5493 4123 5564 Beifiigung
4155 5493 4278 5550 der

887 5572 1155 5632 tetztern,
1183 5569 1387 5624 soweit
1413 5569 1494 5624 sie
1526 5567 1787 5623 bekannt
1809 5567 1970 5630 sind,
2008 5569 2086 5620 im
2121 5565 2402 5636 Orzginal
2427 5565 2553 5619 und
2578 5566 2640 5620 in
2663 5566 2982 5621 deutscher
3023 5565 3444 5634 Ubersetzung,
3492 5567 3586 5619 ein
3617 5565 3860 5635 Beitrag
3899 5581 4006 5620 zur
4030 5565 4273 5633 politis-

885 5644 1030 5700 chen
1064 5641 1191 5696 und
1221 5639 1641 5696 titerarischen
1675 5639 2025 5695 Geschichte
2053 5637 2266 5693 Athens
2297 5638 2377 5692 z‘m
2403 5638 2783 5694 Mittetatter.
2803 5638 2855 5692 Is
2885 5642 2978 5694 est
3000 5637 3137 5693 fons
3172 5651 3320 5692 sane
3351 5635 3692 5692 uberrimus
3713 5653 3788 5693 ex
3807 5652 3928 5709 quo
3951 5637 4274 5709 sequentia

883 5713 1203 5773 Latinitate
1219 5711 1452 5770 donata
1487 5712 1550 5769 in
1576 5726 1758 5768 usum
1782 5714 2057 5767 nostrum
2077 5709 2512 5767 derivavimus.
