4480 6430
315 397 416 453 301
1371 388 1675 448 MICHAEL
1711 391 2188 450 ACOIIlNATUS.
2220 426 2280 436 ——
2317 397 2594 452 NOTlTIA
3574 402 3678 455 302

309 519 513 575 vicino
558 519 892 591 victoriam,
941 515 1230 572 libertatis
1260 518 1318 570 et
1347 513 1542 570 cultus
1572 515 1943 588 praecipuam
1991 532 2243 573 causam
2274 518 2458 584 vidit;
2493 523 2707 592 postea
2733 522 2937 574 autem
2967 517 3188 587 exigua
3215 518 3430 574 eadem
3475 520 3679 578 insula

311 624 420 679 per
446 607 924 680 quadringentos
944 616 1136 662 annos
1162 604 1349 658 exsilii
1370 603 1572 658 locum
1603 602 1807 671 dabat,
1825 620 1931 676 per
1955 621 2110 676 quos
2139 612 2423 662 custodes
2439 607 2749 680 Acropolis
2779 606 3082 678 Byzantini
3111 622 3233 662 non
3257 606 3679 680 impediebant

316 697 527 752 Slavos
546 712 668 770 quo
699 696 899 751 minus
932 694 1181 749 Atticam
1213 694 1272 748 in
1309 692 1637 759 desertum,
1670 692 1932 748 Athenas
1963 699 2166 750 autem
2195 696 2257 750 in
2304 695 2692 751 desolationis
2725 695 3244 750 abominationem
3295 697 3676 754 mutaverint.

315 784 676 856 Ampelacia:
707 800 950 857 quoque
983 782 1301 839 Salaminis
1331 782 1390 836 in
1421 781 1567 836 urbe
1589 781 1736 835 dum
1765 788 2142 838 morarentur
2169 784 2581 845 Athenienses.
2605 801 2700 840 res
2729 784 3125 853 gravissimas
3148 784 3309 855 passi
3341 791 3508 840 sunt:
3529 787 3679 842 iram

312 873 721 944 imperatoris,
743 872 879 926 dein
902 869 1428 940 anathema,quod
1462 885 1582 924 una
1604 885 1742 923 cum
1766 870 1947 938 ΑΞεωὶ
1980 872 2162 925 maris
2191 871 2399 926 insulis
2431 872 2893 945 imperatoribus
2925 872 3199 927 lsauricaz
3226 872 3446 928 domus
3479 877 3680 930 lcono-

316 961 518 1016 clastis
542 963 816 1017 resistere
845 961 977 1016 ausi
1011 960 1265 1014 fuerant.
1304 962 1426 1014 Huc
1458 958 1688 1014 accedit
1717 958 1882 1030 quod
1914 959 2166 1027 morbis,
2198 960 2376 1026 fame,
2401 962 2628 1032 piratis,
2650 960 2892 1030 ignibus
2927 960 3355 1025 subterraneis,
3383 962 3486 1033 qui
3518 979 3681 1019 cam-

316 1066 432 1119 pos
459 1050 519 1104 in
541 1051 733 1105 Attica
763 1055 918 1105 terra
946 1049 1102 1104 foede
1134 1049 1475 1116 vastabant,
1503 1047 1725 1102 mirum
1755 1047 1815 1102 in
1841 1047 2092 1104 modum
2122 1056 2494 1106 vexarentur.
2518 1054 2649 1105 Post
2675 1050 2781 1105 ubi
2810 1049 3087 1105 exsulum
3110 1050 3564 1107 Athenienisum
3594 1069 3681 1108 re-

312 1138 516 1209 liquiae
544 1155 681 1194 cum
730 1139 860 1194 aliis
887 1139 1122 1209 imperii
1146 1137 1374 1192 colonis
1408 1138 1664 1208 patriam
1695 1136 1997 1192 desertam
2037 1144 2386 1209 repeterent,
2413 1155 2600 1194 novas
2625 1155 2656 1193 e
2685 1140 2874 1193 ruinis
2916 1139 3137 1193 domus
3165 1140 3497 1203 excitaturi,
3528 1157 3679 1212 pau-

314 1228 465 1281 citas
489 1242 699 1282 eorum
726 1227 938 1282 urbem
964 1225 1162 1298 qualis
1188 1231 1245 1280 et
1272 1231 1504 1296 quanta
1529 1224 1718 1279 fuerat
1740 1225 1898 1279 circa
1925 1226 2264 1298 Acropolim
2296 1227 2605 1282 restituere
2637 1243 2760 1283 non
2792 1226 2994 1282 valuit.
3029 1227 3424 1282 Athenienses
3462 1229 3542 1284 ad
3571 1245 3684 1284 sua

315 1316 636 1370 redeuntes
662 1317 828 1385 (sate.
868 1319 906 1371 Χ
932 1321 988 1370 et
1016 1315 1257 1369 ineunte
1288 1315 1374 1384 XI)
1398 1313 1553 1368 dura
1581 1328 1616 1368 a
1648 1313 1920 1381 Bulgaris
1941 1315 2285 1386 rapacibus,
2319 1316 2570 1371 Atticam
2597 1316 2722 1370 imo
2745 1321 2934 1371 totam
2967 1316 3255 1371 Graaciam
3283 1315 3438 1372 ferro
3468 1322 3525 1372 et
3545 1318 3683 1386 igne

316 1404 723 1473 vastantibus,
781 1405 1047 1476 perpessi
1086 1408 1244 1459 sunt.
1293 1406 1372 1457 Ea
1403 1407 1758 1475 tempestate
1802 1417 2000 1457 annus
2052 1407 2184 1460 1019
2233 1405 2292 1459 in
2324 1403 2657 1460 Annalibus
2694 1405 2894 1460 Atticis
2924 1405 3360 1477 aliquantisper
3410 1405 3682 1475 refulget,

318 1507 444 1564 quo
475 1493 728 1548 Basilius
758 1493 804 1548 ll
851 1494 1194 1564 imperator,
1242 1491 1681 1565 Βουλγαροκτόνος
1721 1491 2204 1561 cognominatus,
2252 1491 2564 1548 debellatis
2613 1492 2693 1548 ad
2721 1493 3045 1548 Achridam
3086 1494 3381 1558 hostibus,
3415 1494 3684 1566 Deiparae

317 1582 582 1637 ecclesiae
612 1582 859 1637 Athenis
889 1582 1053 1637 dona
1073 1581 1564 1653 splendidissima
1589 1579 1804 1634 obtulit
1836 1582 1934 1648 (l).

395 1673 646 1726 Uzorum
671 1686 819 1740 gens
846 1670 1327 1742 septentrionalis
1374 1685 1535 1740 quae,
1569 1668 1960 1724 Constantino
2010 1669 2064 1721 X
2094 1671 2272 1733 Duca,
2317 1685 2477 1726 anno
2517 1669 2669 1738 1065,
2697 1670 3109 1726 Macedoniam
3142 1674 3198 1725 et
3227 1671 3514 1726 Graeciam
3555 1688 3685 1744 sep-

320 1765 494 1814 tentr.
549 1759 790 1828 invasit,
841 1766 1041 1814 utrum
1075 1759 1322 1813 Atticam
1371 1758 1660 1829 populata
1710 1757 1802 1819 sit,
1856 1756 2017 1827 apud
2074 1758 2163 1811 Jo.
2220 1758 2511 1828 Scylitzen
2556 1761 2773 1831 Curop.
2807 1760 2996 1814 altum
3029 1759 3352 1816 silentium.
3407 1762 3543 1816 Utut
3574 1768 3682 1833 est,

317 1847 690 1902 Athenarum
732 1848 1126 1918 municipium
1155 1847 1547 1916 Byzantinum
1576 1861 1632 1899 xu
1659 1851 1714 1900 et
1744 1861 1821 1899 xu
1852 1844 2084 1899 saeculis
2119 1845 2345 1901 tristem
2373 1847 2588 1902 faciem
2621 1849 2952 1918 prmbuisse
2979 1855 3035 1904 et
3064 1849 3295 1918 majore
3324 1850 3458 1919 jure
3497 1865 3686 1920 quam

321 1935 559 1990 Arcadii
592 1941 858 2006 tempore
891 1933 1061 2007 δέρμα
1097 1935 1258 1986 πάλαι
1296 1938 1420 1986 ποτὲ
1460 1935 1594 1994 ζώου
1627 1939 2025 2005 prmsentasse
2057 1951 2088 1987 v

1915 1949 2025 1988 LSSe
2057 1934 2304 1990 videtur.
2331 1936 2458 1991 Vid.
2506 1939 2717 2008 Synes.
2746 1954 2839 2010 ep.
2877 1941 2999 1994 135.
3030 1938 3109 1993 Cf.
3145 1938 3504 2009 Zygomalas
3535 1945 3590 1994 et
3616 1943 3684 1997 Μ.

322 2025 512 2081 Crusii
547 2027 1023 2080 Turco—Grzecza.

395 2113 589 2168 Velius
615 2130 866 2170 aureum
896 2114 1002 2184 (ita
1048 2114 1209 2169 enim
1241 2114 1504 2168 Athenas
1527 2113 2025 2184 appellitaverim)
2056 2129 2179 2184 quo
2207 2119 2475 2186 tempore
2504 2117 2852 2186 Crucigeris.
2885 2133 3045 2172 novo
3075 2123 3558 2187 Argonautarum
3594 2135 3691 2188 ge-

320 2203 470 2267 neri,
494 2204 888 2259 succumbere
918 2203 1256 2270 videbatur,
1279 2202 1552 2274 dynastis
1578 2202 1913 2273 Byzantinis
1945 2217 2065 2256 non
2093 2205 2547 2268 restituendum,
2574 2206 2698 2260 imo
2722 2206 3124 2262 barbarorum
3154 2208 3513 2262 Asianorum
3535 2208 3690 2264 ferro

320 2292 752 2361 subigendum,
785 2294 847 2348 in
871 2294 1004 2365 ipsa
1029 2293 1398 2348 Athenarum
1431 2292 1578 2347 urbe
1606 2293 1803 2346 virum
1834 2291 2083 2345 obvium
2111 2291 2409 2347 habemus
2440 2295 2564 2364 qui,
2609 2294 2743 2350 licet
2764 2294 3122 2364 alienigena,
3159 2296 3311 2352 adeo
3340 2295 3416 2351 de
3447 2297 3691 2352 Athenis

321 2383 560 2448 meruit,
594 2388 658 2438 ut
684 2385 836 2438 inter
874 2381 1057 2438 medii
1108 2383 1216 2436 sevi
1257 2381 1650 2437 Athenienses
1679 2385 2020 2436 memoratu
2050 2379 2291 2451 dignos,
2325 2398 2447 2438 una
2473 2398 2613 2438 cum
2644 2383 2809 2439 lrene
2848 2385 3246 2456 imperatrice,
3278 2401 3415 2456 quas
3459 2389 3514 2441 et
3557 2386 3692 2458 ipsa

320 2477 569 2526 externa
589 2471 916 2532 ’Δτζαῑωλὼν
947 2470 1176 2526 familia
1198 2469 1476 2533 oriunda,
1503 2470 1876 2541 praecipuum
1897 2468 2099 2524 locum
2122 2485 2421 2543 occupare
2443 2472 2662 2541 dignus
2691 2473 2764 2529 sit
2789 2491 2802 2539 ;
2832 2474 2907 2529 de
2954 2474 3236 2530 Michaele
3269 2475 3556 2531 Choniate
3592 2492 3689 2531 ar-

320 2561 706 2632 chiepiscopo
731 2560 1057 2632 loquimur.

814 2661 841 2730 §
871 2661 934 2712 ll.
973 2659 1280 2713 Michaelis
1310 2661 1554 2729 ejusque
1570 2658 1791 2725 fratris
1813 2659 2079 2725 pueritia
2134 2658 2356 2714 Chonis
2397 2666 2451 2715 et
2484 2661 3014 2730 Constantinopoli
3041 2668 3197 2718 acta.

391 2746 920 2808 Quemadmodum
947 2746 1160 2800 fratres
1192 2746 1434 2801 Michael
1482 2751 1538 2801 et
1582 2745 1816 2800 Nicetas
1849 2746 2186 2801 Acominati
2218 2747 2368 2802 dum
2407 2749 2693 2805 vivebant
2741 2757 2953 2806 mutua
3000 2751 3238 2821 pietate,
3290 2752 3489 2824 qualis
3546 2753 3698 2808 inter

320 2835 680 2903 magistrum
704 2840 760 2890 et
787 2834 1152 2906 discipulum
1179 2850 1309 2889 esse
1340 2834 1620 2901 debebat,
1649 2838 1705 2888 et
1729 2833 2112 2889 intellectuali
2143 2837 2506 2892 commercio
2523 2838 2715 2908 juncti
2745 2843 2934 2907 erant,
2968 2840 3049 2894 ita
3075 2839 3221 2895 alter
3247 2840 3487 2896 alterius
3513 2841 3698 2897 vitam

320 2931 378 2979 et
398 2925 600 2981 studia
629 2926 689 2980 in
727 2925 921 2981 lucem
946 2923 1182 2980 edendo
1210 2925 1324 2979 hoc
1351 2940 1510 2980 novo
1542 2924 1784 2980 vinculo
1816 2923 1964 2977 uniti
1992 2924 2291 2994 videntur,
2326 2931 2389 2981 ut
2417 2926 2477 2981 in
2498 2927 2613 2982 hoc
2645 2933 2851 2983 nostro
2877 2933 3133 2984 tractatu
3159 2929 3233 2984 de
3260 2929 3542 2984 Michaele
3573 2945 3698 2985 non

317 3015 624 3086 possimus
656 3015 866 3069 Nicetes
888 3014 1069 3069 vitam
1110 3013 1341 3068 silentio
1365 3013 1679 3085 praeterire,
1710 3015 1934 3086 quippe
1966 3015 2070 3084 qui
2091 3015 2152 3070 in
2192 3031 2374 3086 opere
2401 3015 2475 3071 de
2506 3016 2686 3071 rebus
2718 3032 2854 3088 qua:
2883 3023 3020 3089 post
3067 3017 3276 3089 Cpolin
3309 3034 3417 3089 per
3462 3019 3701 3074 Latinos
3797 3030 3801 3033 ·

320 3109 564 3175 captam
593 3107 922 3158 evenerunt
948 3102 1142 3157 fratris
1170 3116 1310 3156 cum
1363 3102 1575 3156 merita
1605 3101 1783 3157 laude
1818 3106 2187 3164 mentionem
2230 3103 2389 3171 facit,
2441 3104 2548 3177 qui
2574 3105 2702 3176 ipse
2734 3111 3036 3177 superstes
3066 3105 3314 3162 fratrem
3348 3107 3702 3163 defunctum

318 3193 379 3247 in
411 3189 772 3260 biographia
804 3196 861 3244 et
890 3189 1185 3260 panegyri
1215 3189 1434 3244 debitis
1475 3190 1683 3258 elogiis
1713 3190 2056 3251 honoravit.

390 3275 635 3333 Michael
657 3279 1046 3331 Acominatus
1076 3277 1235 3332 circa
1264 3276 1806 3348 quadragesimum
1838 3283 2041 3338 saeculi
2063 3299 2142 3338 xn
2169 3298 2422 3350 annum,
2449 3281 2618 3338 initio
2649 3283 2820 3352 regni
2842 3283 3128 3339 Manuelis
3151 3284 3442 3341 Comneni
3481 3283 3702 3339 Chonis

317 3366 416 3422 vel
442 3365 703 3422 Colossis
730 3365 1004 3436 Phrygiae
1037 3367 1183 3422 urbe
1208 3372 1390 3421 natus
1441 3373 1548 3429 est,
1583 3383 1768 3437 quam
1799 3370 1978 3426 frater
2004 3375 2133 3444 ejus
2162 3371 2395 3426 Nicetas
2433 3372 2614 3441 (Hist.
2647 3370 2744 3427 ed.
2777 3373 2906 3425 Par.
2941 3387 3000 3442 p.
3035 3372 3154 3442 HS)
3187 3371 3407 3443 opibus
3456 3371 3702 3426 divitem

315 3461 374 3511 et
401 3456 753 3512 hominibus
781 3454 1156 3526 frequentem
1186 3457 1505 3524 vocat(3').
1538 3459 1702 3512 Patre
1735 3460 2017 3517 eumdem
2048 3476 2228 3516 usum
2250 3458 2436 3515 fuisse
2479 3458 2788 3530 opulento,
2814 3459 2959 3514 nulli
2984 3460 3355 3516 dubitamus.
3398 3459 3510 3525 Qui
3541 3462 3704 3515 enim

320 3545 476 3600 ﬁlios
522 3544 871 3616 Byzantium
915 3544 975 3600 in
1006 3546 1235 3600 artibus
1267 3545 1615 3600 liberalibus
1647 3547 1728 3602 ibi
1762 3549 2022 3606 misisset
2069 3549 2470 3605 educandos?
2522 3565 2646 3619 qua
2697 3549 2838 3604 dein
2867 3551 3100 3605 ratione
3130 3549 3314 3605 iidem
3354 3549 3432 3605 ad
3467 3549 3705 3621 imperii

320 3635 642 3703 dignitates
670 3633 784 3688 nisi
812 3633 1067 3706 pecunia
1114 3635 1269 3689 aulae
1302 3635 1673 3705 corruptibili
1695 3637 1859 3698 data.
1887 3640 2074 3694 evecti
2106 3637 2418 3693 fuissent?
2444 3636 2762 3693 Aﬁlnitatis
2791 3638 3063 3709 quodam
3087 3638 3408 3710 splendore
3452 3654 3577 3693 non
3609 3653 3705 3693 ca-

319 3729 587 3792 ruerunt,
616 3721 916 3793 siquidem
966 3724 1198 3778 Nicetas
1237 3722 1523 3778 clericum
1554 3724 1820 3796 aliquem
1854 3727 2222 3792 Choniatem,
2257 3726 2431 3797 cujus
2475 3726 2708 3782 Manuel
2756 3727 3083 3798 imperator
3125 3728 3331 3783 utilem
3359 3743 3609 3799 operam
3643 3727 3707 3782 in

318 3813 480 3869 bello
507 3819 716 3869 contra
730 3814 952 3868 Turcos
971 3819 1253 3886 expertus
1278 3820 1386 3879 est,
1412 3816 1845 3873 consobrinum
1865 3818 2129 3891 appellat
2152 3822 2210 3872 et
2227 3817 2396 3871 urbis
2425 3815 2888 3887 metropolitano
2909 3821 3079 3888 patre
3107 3816 3403 3888 spirituali
3426 3832 3574 3872 usus
3594 3820 3706 3872 est.

391 3906 593 3958 Pauca
638 3908 872 3959 tantum
898 3902 974 3958 de
1011 3903 1254 3958 ineunte
1285 3903 1581 3960 Michaelis
1611 3910 1783 3961 astate
1805 3913 2114 3980 comperta
2133 3906 2452 3976 habemus,
2479 3920 2670 3977 eaque
2699 3905 2762 3960 in
2790 3905 2921 3961 sola
2949 3907 3367 3977 parentatione
3415 3905 3478 3960 in
3504 3905 3705 3961 fratris

316 3992 583 4047 defuncti
613 3993 973 4048 memoriam
999 3992 1159 4048 dicta
1178 3993 1308 4048 haec
1333 3994 1394 4048 in
1426 3994 1614 4050 verba
1644 3997 1918 4066 exposita
1950 4011 1960 4049 :
1998 4018 2025 4046 «
2061 4000 2226 4051 Pater
2259 4010 2448 4064 meus,
2474 3995 2580 4066 qui
2607 3993 2834 4050 litteras
2862 4010 2986 4050 non
3018 3995 3220 4050 minus
3241 4011 3434 4066 quam
3481 3994 3704 4050 liberos

311 4098 457 4138 suos
485 4081 792 4152 diligebat,
835 4098 930 4138 me
961 4082 1484 4138 adolescentulum
1511 4084 1615 4155 qui
1656 4084 1717 4139 in
1750 4086 2151 4154 grammatica
2177 4091 2232 4140 et
2262 4083 2500 4156 poetica
2531 4084 2676 4139 satis
2706 4088 3029 4155 provectus
3065 4099 3253 4152 eram,
3297 4100 3370 4139 ex
3399 4084 3536 4141 Asia
3587 4084 3706 4156 By-

307 4172 575 4227 zantium
600 4171 940 4228 traductum
971 4172 1190 4227 artium
1243 4171 1591 4227 liberalium
1625 4179 1682 4228 et
1721 4175 2122 4247 philosophiae
2149 4173 2454 4242 magistris
2481 4173 2924 4228 instituendum
2956 4173 3224 4230 tradidit.
3257 4197 3282 4222 ››
3317 4174 3545 4228 Horum
3579 4189 3705 4229 ma-

311 4263 635 4331 gistrorum
680 4263 742 4317 in
791 4278 1046 4317 numero
1076 4264 1338 4317 Joannes
1392 4268 1449 4316 et
1489 4263 1656 4318 Isaac
1711 4266 1927 4320 Tzetzaa
1961 4265 2219 4330 fuerunt,
2252 4278 2515 4335 quorum
2565 4262 2687 4317 vita
2735 4261 2796 4318 in
2859 4264 3162 4319 “30-1160
3200 4263 3426 4318 incidit.
3462 4261 3708 4319 Michael

311 4351 576 4406 Nicetam
602 4350 849 4406 fratrem
890 4359 1146 4423 utroque
1175 4357 1428 4422 parente
1455 4358 1776 4422 κασίγηντον
1805 4369 2165 4424 germanum
2197 4352 2309 4407 sibi
2349 4367 2690 4407 novennem
2722 4367 2794 4408 ea
2818 4351 2950 4421 lege
2982 4351 3271 4407 traditum
3311 4367 3347 4407 a
3376 4356 3545 4422 patre
3576 4367 3706 4408 esse

314 4440 460 4496 dicit
484 4444 549 4495 ut
576 4440 900 4507 nutritoris,
935 4441 1308 4508 institutoris,
1336 4443 1461 4497 imo
1512 4443 1698 4514 patris
1741 4443 1876 4499 loco
1902 4445 1954 4500 ei
1981 4448 2157 4499 esset.
2186 4441 2431 4498 Michael
2479 4442 2608 4513 ipse
2639 4440 2900 4497 afﬁrmat
2949 4458 3089 4496 cum
3122 4441 3352 4511 majore
3400 4458 3484 4506 se,
3518 4455 3706 4513 quam

315 4531 559 4587 fratrem
589 4529 780 4595 decet,
806 4531 1044 4603 pietate,
1069 4530 1282 4603 triplex
1320 4530 1472 4588 illud
1501 4531 1770 4588 ofﬁcium
1802 4534 2160 4606 explevisse.
2203 4531 2437 4588 Pietatis
2471 4535 2528 4585 et
2556 4531 2744 4586 animi
2778 4532 2930 4601 grati
2963 4537 3268 4587 certamen
3302 4531 3456 4586 inter
3493 4530 3707 4586 fratres

315 4620 744 4692 intercedebat,
777 4620 859 4677 ita
884 4625 1088 4677 tamen
1117 4626 1183 4676 ut
1222 4621 1467 4678 Michael
1497 4622 1762 4695 archiep.
1787 4624 2003 4680 Athen.
2032 4623 2226 4678 factus
2249 4637 2359 4693 pro
2402 4620 2700 4676 modestia
2728 4637 2839 4676 sua
2864 4636 2925 4675 se
2956 4620 3120 4676 fratri
3153 4620 3231 4676 ad
3265 4620 3591 4676 altissimas
3621 4619 3709 4674 di-

320 4713 580 4782 gnitates
609 4715 817 4766 evecto
849 4710 1180 4766 multorum
1211 4711 1271 4766 in
1305 4727 1369 4766 se
1401 4710 1759 4767 collatorum
1788 4712 2222 4768 beneﬁciorum
2259 4710 2593 4766 debitorem
2627 4710 2891 4765 evasisse
2938 4715 3192 4766 asserat.
3227 4713 3327 4765 Est
3374 4708 3555 4764 etiam
3606 4708 3711 4768 ubi

318 4799 565 4858 Michael
584 4799 750 4856 fratri
781 4799 987 4872 quoad
1013 4800 1239 4871 ingenii
1266 4801 1461 4871 dotes,
1495 4817 1557 4856 se
1587 4801 1931 4858 inferiorem
1978 4802 2216 4865 fatetur,
2254 4799 2360 4854 ubi
2390 4799 2465 4854 de
2494 4799 2926 4854 communibus
2973 4800 3247 4871 ipsorum
3283 4798 3496 4854 siudiis
3543 4812 3709 4853 men-

318 4891 542 4946 tionem
573 4890 729 4946 facit.
773 4893 926 4946 Dum
957 4891 1116 4946 enim
1156 4891 1284 4962 ipse
1312 4890 1391 4946 ad
1419 4892 1711 4964 μαθήματα
1736 4894 2011 4948 animum
2034 4889 2386 4957 attenderet,
2421 4890 2684 4945 Nicetam
2716 4889 2855 4944 inde
2887 4905 2922 4944 a
2947 4905 3137 4961 puero
3164 4905 3368 4945 rerum
3403 4888 3709 4958 majorum

315 4980 725 5037 exercitationi
754 4995 826 5036 ac
857 4979 1070 5036 studiis
1097 4980 1371 5036 deditum
1397 4996 1466 5037 eo
1493 4981 1856 5052 pervenisse,
1885 4987 1951 5038 ut
1974 4980 2284 5037 audaciori
2314 4980 2522 5036 volatu
2552 4979 2614 5036 in
2640 4979 2919 5050 regiones
2940 4989 3042 5032 τῶν
3071 4982 3414 5054 θεωρημάτων
3437 4978 3711 5035 evolave-

314 5071 411 5140 rit,
443 5069 505 5126 id
532 5075 643 5139 est,
671 5069 918 5142 proprio
941 5074 1132 5126 marte
1165 5069 1493 5126 meditatus
1523 5071 1616 5126 sit.

383 5168 465 5239 (1)
516 5171 618 5220 Καὶ
664 5165 712 5218 ἐν
756 5166 999 5228 Ἀθήναις
1041 5171 1306 5240 γυόμειξος
1362 5172 1452 5219 καὶ
1503 5170 1570 5220 τὰ
1625 5176 1716 5228 τῆς
1783 5173 1932 5229 νίκης
2111 5169 2152 5236 (Ξ

2111 5169 2187 5239 (2)
2218 5168 2562 5224 Chonarum
2585 5167 2844 5240 gnomini
2898 5172 3112 5239 postea
3155 5167 3538 5223 Colossarum
3573 5165 3710 5240 subj

315 5235 714 5313 εὐχάριστῄρια
777 5247 840 5310 τῇ
919 5235 1186 5313 ΘεοτοκῴΔ
1228 5235 1376 5313 δοξὶος,
1458 5244 1548 5291 καὶ
1627 5242 1932 5312 ἀναθήμασι
2042 5247 2084 5295 sl

2042 5235 2316 5313 stitutum
2343 5256 2478 5313 esse
2509 5239 2677 5313 urbis
2707 5235 3157 5313 Phrygiaa,quae
3180 5240 3516 5313 praesertim
3544 5237 3710 5294 Pauli

313 5310 552 5385 1:611on
592 5310 854 5385 λὰμπρρίς
932 5316 1022 5363 καὶ
1105 5310 1410 5363 πολυτελέσι
1486 5310 1806 5383 mantica;—
1843 5315 1931 5363 τὸν
2042 5327 2082 5368 ἃς

2042 5311 2508 5385 ad_C_hristianos
2541 5311 2672 5385 ejus
2699 5310 2955 5385 civitatis
2983 5310 3240 5385 epistola
3256 5311 3711 5385 _innotuit,ci_tra

312 5387 460 5451 νὰὀν,
524 5381 847 5455 ὑπέστρὶψεν
915 5403 986 5452 ει,
1065 5381 1633 5442 Κωνσταντινούπολιὺ.
1715 5383 1928 5454 Georg.
2041 5383 2081 5438 d

2041 5383 2298 5455 dubium
2346 5389 2454 5439 est.
2513 5381 2585 5455 ln
2632 5382 2824 5455 lexico
2878 5381 3050 5438 Mich’.
3094 5382 3268 5438 Pselli
3300 5381 3708 5455 geographica

316 5455 490 5513 Cedr.
525 5454 622 5508 ed.
656 5453 783 5527 Par.
813 5470 873 5527 p.
907 5455 1033 5527 717.
1068 5455 1383 5527 Templum
1417 5455 1711 5521 Minervae,
1739 5453 1934 5510 Erich-
2041 5471 2080 5527 q

2041 5454 2209 5527 quod
2262 5458 2319 5510 P.
2354 5453 2627 5527 Morellus
2680 5454 2843 5522 citat,
2891 5455 3149 5523 legimus
3184 5472 3195 5508 :
3235 5453 3710 5527 Κολοσσαιξττολςς

315 5527 511 5602 thonii
543 5525 771 5602 matris,
805 5525 1146 5602 Parthenon
1175 5525 1322 5582 illud
1361 5527 1423 5582 in
1469 5528 1527 5582 S.
1554 5527 1808 5602 Virginis
1862 5543 1932 5602 ac
2042 5525 2084 5602 ξιξ

2042 5525 2288 5602 ξιῖρυχίοις,
2323 5529 2377 5578 αἱ
2407 5535 2494 5578 νῦν
2509 5526 2798 5602 Αλςγομεναι.
2830 5534 3028 5602 Χῷναι,
3064 5531 3121 5581 et
3155 5527 3386 5602 Nicetas
3413 5525 3713 5602 ipsedicit

316 5601 593 5672 Deiparas
649 5599 973 5672 ecclesiam
1026 5602 1482 5672 est_mutatu_m,
1535 5603 1600 5672 ut
1620 5604 1686 5672 _et
1725 5599 1932 5668 Thesei
2040 5597 2100 5653 in
2147 5597 2452 5654 Thesauro
2487 5598 2632 5664 ﬁdei
2676 5599 2914 5654 orthod.
2944 5615 3043 5672 _1v,
3094 5597 3324 5672 224:1);
3367 5597 3629 5672 anmals;
3661 5597 3712 5648 ἐν

316 5668 618 5747 templum
648 5669 918 5747 ecclesia;
951 5668 1146 5747 sancti
1188 5669 1424 5743 Georgii
1465 5668 1571 5743 'qui
1599 5669 1931 5728 draconem
2040 5678 2085 5741 ri

2040 5675 2261 5747 r§_1rpég
2283 5675 2400 5732 τοὺς
2423 5676 2721 5747 πατριώτας
2746 5690 2837 5743 μοι
2870 5670 3155 5732 Κολοσσεῑς
3176 5669 3456 5743 Ἐπιστολῇ
3487 5669 3715 5741 θεολογεί

316 5687 446 5742 tem
488 5687 618 5728 ium
648 5687 918 5728 ecclesiae
951 5687 1146 5738 sancu
1188 5687 1424 5743 ueorgu
1465 5687 1571 5743 qui
1599 5687 1931 5728 draconem
2040 5689 2101 5741 rp
2131 5691 2161 5722 π

313 5687 642 5814 interemit,
660 5733 867 5800 locum
893 5741 1094 5800 cessit.
2043 5741 2161 5797 κτλ.
