4480 6430
838 405 940 460 303
1691 401 2000 460 MICHAEL
2036 402 2486 460 ACOMINATUS
2534 400 2971 461 ATHENARUM
3017 399 3346 462 ARCHIEP.
4095 399 4200 461 304

910 527 1040 591 Quo
1067 527 1334 596 tempore
1361 523 1596 580 Nicetas
1637 525 2087 600 ὑπογραμματέως
2135 525 2419 598 βασιλικοῦ
2448 525 2618 584 titulo
2673 544 2679 580 ἕ

2448 525 2618 584 titulo
2673 530 2776 584 aut
2823 525 2936 582 sub
2981 525 3246 583 Manuele
3277 528 3584 583 Comneno
3632 523 3770 578 ante
3814 536 3869 578 a.
3899 523 4059 592 1180,
4091 529 4197 582 aut

834 613 1037 669 Alexio
1069 613 1114 668 II
1145 617 1451 684 regnante,
1487 629 1678 685 usque
1727 613 1805 669 ad
1831 630 1887 671 a.
1928 615 2064 670 1183
2093 614 2171 671 ad
2199 631 2402 671 rerum
2433 615 3011 672 administrationem
3054 615 3320 683 accessit,
3377 613 3481 669 ubi
3533 615 3743 684 postea
3773 611 3852 666 ad
3882 613 4188 670 maximos

833 702 1095 758 honores
1127 705 1443 772 provectus
1489 707 1596 772 est,
1633 701 1923 764 Michaeli,
1958 703 2160 758 minus
2214 719 2507 776 prospera
2557 720 2670 761 uso
2712 704 2972 770 fortuna,
3012 703 3500 776 archiepiscopus
3541 700 3966 756 tantummodo
4020 701 4197 758 Athe-

832 807 1050 846 narum
1103 797 1165 846 ut
1194 791 1359 846 fieret
1386 792 1654 861 contigit.
1691 792 1804 848 Sed
1856 797 1918 848 ut
1945 793 2210 848 nominis
2264 795 2432 850 Attici
2463 793 2717 864 gloriam
2748 798 3194 865 praetereamus,
3229 789 3722 863 archiepiscopus
3754 787 4132 846 Atheniensis
4162 805 4194 846 e

830 895 1082 935 numero
1109 881 1552 951 przecipuorum
1606 881 1742 935 inde
1771 897 1806 936 a
1840 897 1897 936 ix
1938 882 2157 938 steculo
2187 883 2787 955 metropolitanorum
2831 882 3109 936 dioecesis
3165 879 3375 952 lllyrire
3416 881 3562 948 erat,
3612 881 3668 932 et
3697 875 3906 932 decem
3941 878 4193 950 quidem

829 969 1095 1040 episcopi
1118 968 1363 1024 Aulonis
1392 968 1453 1024 in
1482 969 1757 1038 Phocide,
1793 971 2013 1026 Daulim
2040 976 2095 1027 et
2136 974 2416 1028 Coroneae
2446 971 2506 1027 in
2553 971 2796 1039 Bmotia,
2830 969 2980 1036 Orei,
3012 969 3233 1042 Euripi,
3269 967 3554 1033 Porthmi,
3589 965 3823 1037 Carysti
3852 965 3912 1020 in
3942 966 4190 1036 Euboea,

828 1063 884 1113 et
911 1056 1247 1113 insularum
1281 1058 1465 1129 Scyri,
1499 1059 1682 1114 Andri
1713 1064 1770 1115 et
1795 1063 1956 1132 Syrte
1989 1061 2040 1115 ei
2073 1064 2136 1116 ut
2162 1060 2529 1132 sutfraganei
2554 1058 2806 1131 subjecti
2834 1062 3026 1116 erant.
3056 1058 3166 1130 (Cf.
3215 1060 3288 1114 Le
3320 1057 3529 1124 Quien,
3573 1055 3781 1110 Oriens
3808 1054 4191 1113 Christianus

828 1148 894 1212 ll,
914 1162 975 1217 p.
1011 1147 1110 1201 167
1130 1149 1304 1219 sqq.).

825 1252 851 1324 §
881 1253 971 1308 Ill.
995 1253 1259 1310 Michael
1281 1254 1654 1310 Athenarum
1672 1255 2382 1328 archiep.—Byzantium
2411 1273 2611 1314 rerum
2641 1261 2862 1314 statum
2884 1261 3226 1327 permutat;
3249 1256 3446 1326 legum
3464 1270 3572 1325 per
3595 1256 3891 1314 Grteciam
3922 1253 4190 1310 abolitio.

893 1360 1155 1428 Michael,
1181 1362 1228 1416 si
1251 1363 1466 1418 asserit
1497 1379 1558 1418 se
1591 1378 1697 1433 per
1728 1363 1966 1433 triginta
1997 1379 2190 1420 annos
2223 1380 2471 1421 munere
2499 1363 2855 1420 sacerdotali
2877 1363 3150 1419 functum
3181 1378 3334 1429 esse,
3365 1362 3478 1418 sub
3509 1362 3690 1419 ﬁnem
3725 1360 3910 1434 (1175)
3940 1377 4073 1418 sae.
4109 1370 4195 1415 xu

825 1449 939 1504 sub
989 1450 1309 1506 Charitone
1352 1451 1700 1522 patriarcha
1750 1468 1974 1507 munus
2033 1453 2235 1510 iniisse
2285 1453 2535 1509 videtur-
2590 1453 2810 1508 Casim.
2851 1451 3121 1510 Oudinus
3161 1454 3499 1518 (Comment.
3551 1453 3620 1509 de
3659 1453 3940 1522 scriptor.
3975 1451 4180 1507 eccles.

821 1555 880 1609 p.
916 1539 1051 1594 1536
1081 1545 1135 1594 et
1158 1539 1322 1610 1712)
1351 1539 1505 1595 duos
1537 1541 1596 1594 in
1646 1557 1725 1595 xu
1757 1541 1976 1596 szeculo
2009 1543 2419 1613 metropolitas
2453 1543 2866 1610 Athenienses,
2900 1541 3198 1598 Michaelis
3230 1542 3477 1597 nomine
3519 1541 3865 1612 designatos
3895 1542 4196 1596 memorat

817 1642 1080 1698 quorum
1111 1629 1372 1699 priorem
1403 1645 1565 1685 anno
1617 1631 1754 1686 1170
1784 1631 2073 1700 assignat,
2110 1636 2168 1685 et
2195 1632 2391 1686 Const-
2425 1633 2717 1688 Manassis
2772 1637 2826 1687 et
2863 1632 3162 1688 Simeonis
3191 1632 3602 1704 Metaphrastie
3655 1636 4194 1703 contemporaneos

817 1714 992 1784 facit;
1021 1732 1143 1788 quo
1174 1732 1370 1772 errore
1401 1717 1699 1772 Harlesius
1726 1734 1970 1790 quoque
1989 1718 2379 1788 obstringitur
2409 1721 2681 1790 (Fabricii
2705 1723 2867 1778 Bibl.
2899 1724 3003 1778 Gr.
3029 1721 3123 1778 ed.
3157 1738 3298 1778 nov.
3331 1725 3416 1787 XI,
3451 1737 3511 1794 p.
3545 1723 3668 1788 188,
3701 1727 3879 1787 not.),
3913 1719 4194 1793 quamvis

813 1818 1001 1876 opera
1028 1806 1105 1860 ab
1139 1805 1374 1862 Oudino
1405 1807 1620 1877 majori
1649 1807 1912 1862 Michaeli
1942 1807 2245 1874 attributa,
2268 1813 2476 1864 nostro
2506 1811 2773 1866 Michaeli
2811 1812 3188 1880 Acominato,
3210 1811 3394 1882 idque
3414 1812 3568 1880 jure,
3601 1809 3865 1866 ascribit.
3899 1811 4054 1865 Inter
4075 1809 4190 1864 ista

813 1909 1000 1965 opera
1025 1895 1360 1950 orationem
1388 1895 1580 1950 habes
1638 1896 1884 1951 Athenis
1937 1897 2207 1952 muneris
2253 1897 2377 1952 initi
2411 1898 2507 1954 die
2556 1898 2852 1965 habitam,
2884 1903 2940 1954 et
2968 1899 3140 1970 cujus
3168 1899 3352 1954 verba
3383 1897 3822 1954 introductoria
3851 1897 3983 1953 sola
4026 1897 4192 1968 apud

814 1983 1172 2038 Bandinium
1218 1985 1412 2053 (Epist
1445 1985 1517 2039 de
1547 1985 1844 2041 illic/caele
1873 1986 2271 2056 Acominato),
2306 1990 2403 2038 Τὸν
2434 1990 2523 2059 μὲν
2574 2008 2583 2038 ι

2434 1990 2523 2059 μὲν
2574 1985 2641 2046 δὴ
2677 1993 3034 2061 προσήκοντα,
3066 1993 3123 2043 et
3155 1988 3362 2044 ultima
3391 2005 3403 2043 :
3437 1986 3548 2039 Ἰνα
3573 1992 3661 2040 καὶ
3710 1987 3860 2039 αὐτοὶ
3902 1990 4021 2048 ναὸς
4057 1992 4191 2038 Θεοῦ

813 2075 985 2144 εἴημεν
1009 2071 1055 2123 ἐν
1084 2072 1222 2144 αὐτῷ
1251 2081 1488 2146 Χριστῷ,
1524 2079 1658 2141 etc.,
1692 2073 1968 2143 legimus.
2004 2074 2247 2130 Michael
2276 2074 2411 2131 licet
2437 2076 2582 2132 antit

2437 2076 2687 2149 antiquo
2717 2093 2884 2133 more
2925 2077 3236 2142 educatus,
3267 2077 3328 2131 in
3354 2077 3469 2132 ista
3493 2075 3699 2149 phrasi
3721 2076 3927 2131 divina
3959 2081 4020 2131 ut
4051 2080 4107 2131 et
4131 2075 4192 2130 in

811 2164 1040 2217 casteris
1066 2161 1349 2218 omnibus
1375 2179 1511 2234 quas
1547 2163 1772 2234 scripta
1818 2163 2075 2236 reliquit,
2109 2163 2533 2221 orthodoxiam
2565 2182 2636 2221 ex
2694 2165 2885 2222 oculis
2919 2182 3041 2222 non
3073 2166 3307 2231 amittit,
3341 2181 3478 2238 quae
3509 2165 3892 2236 καλοκαγαθίας
3931 2163 4193 2236 antiquae

806 2249 942 2307 loco
975 2252 1158 2308 Graeci
1184 2251 1507 2321 cujuslibet
1531 2267 1880 2324 supremam
1909 2252 2156 2308 laudem
2186 2254 2510 2309 constituit.
2542 2256 2769 2321 Quodsi
2793 2256 3138 2312 Michaclem
3167 2261 3442 2312 nostrum
3479 2256 3684 2312 Atticis
3715 2255 4071 2311 innutritum
4101 2269 4194 2310 ar-

807 2340 968 2396 tibus
995 2345 1050 2396 et
1079 2340 1287 2396 litteris
1318 2341 1564 2397 Athenis
1595 2355 1729 2412 quae
1762 2341 2022 2413 templis,
2059 2343 2270 2397 statuis
2297 2343 2717 2411 abundabant,
2753 2345 2990 2401 Periclei
3012 2345 3124 2400 ειενί
3155 2349 3552 2401 monumenta
3580 2344 3977 2416 inspirabant,
4009 2343 4191 2414 idem,

807 2445 931 2501 qua
973 2430 1346 2486 Christianus
1379 2446 1449 2486 ac
1482 2430 1785 2498 sacerdos,
1827 2430 2012 2486 divini
2043 2433 2218 2502 quasi
2250 2431 2485 2487 tetheris
2536 2432 2786 2489 ﬂamina
2827 2432 3267 2506 experiebatur.
3303 2436 3449 2488 Ante
3481 2448 3620 2488 eum
3654 2432 3716 2488 D.
3762 2431 3984 2487 Paulus
4024 2430 4198 2486 Athe-

806 2521 1121 2576 niensibus
1153 2521 1214 2576 in
1246 2528 1565 2593 Areopago
1597 2537 1831 2593 pacem,
1863 2525 1919 2576 et
1956 2522 2017 2576 in
2049 2522 2273 2594 templo
2298 2523 2397 2577 Dei
2427 2522 2713 2590 incogniti
2745 2525 2933 2578 Deum
2963 2522 3021 2577 in
3058 2522 3289 2578 Christo
3321 2521 3771 2576 manifestatum
3804 2520 4196 2576 annuntiave-

806 2613 937 2674 rat;
970 2614 1025 2664 et
1053 2609 1280 2664 ibidem
1314 2610 1639 2681 Dionysius
1672 2610 2034 2681 Areopagita
2066 2610 2296 2681 primus
2330 2611 2652 2682 episc0pus
2686 2617 3075 2673 memoratur,
3109 2611 3270 2666 idem
3301 2615 3532 2681 martyr
3554 2613 3809 2671 Graecus,
3838 2625 4021 2680 quem
4065 2607 4194 2664 Gal-

807 2697 890 2752 lia
919 2714 1163 2770 quoque
1195 2698 1542 2770 apostolum
1584 2703 1640 2754 et
1671 2704 1998 2770 patronum
2032 2716 2212 2754 suum
2239 2707 2525 2756 venerata
2547 2704 2633 2755 est
2658 2715 2727 2756 eo
2761 2705 3048 2772 tempore,
3082 2716 3204 2772 quo
3229 2700 3360 2771 ipsa
3385 2699 3524 2755 novi
3554 2698 3850 2770 Evangelii
3883 2697 4192 2769 apostolos

809 2803 916 2859 per
941 2803 1186 2843 omnem
1209 2788 1439 2850 orbem,
1464 2788 1794 2860 przesertim
1825 2788 1886 2843 in
1912 2804 2048 2844 eam
2079 2789 2385 2859 regionem
2418 2789 2633 2857 emisit,
2656 2789 2816 2845 unde
2848 2795 3062 2861 praeter
3084 2787 3613 2845 Christianismum
3642 2788 4002 2860 perantiqua
4019 2785 4197 2842 liber-

812 2875 946 2931 tatis
979 2875 1162 2930 civilis
1195 2876 1434 2931 traditio
1460 2875 1512 2930 ei
1541 2880 1808 2947 venerat,
1847 2876 1907 2931 in
1943 2875 2232 2932 Grieciam
2269 2877 2404 2934 dico
2433 2882 2531 2948 (1).

883 2965 1129 3020 Michael
1157 2965 1420 3021 Athenas
1448 2980 1653 3021 sacras
1679 2966 1949 3021 oratione
1981 2966 2240 3023 celebrat
2269 2967 2330 3022 in
2364 2967 2683 3024 Leonidem
2716 2973 3048 3040 martyrem
3080 2972 3136 3024 et
3168 2967 3362 3024 socios
3393 2966 3598 3022 habita
3624 2984 3636 3030 ;
3666 2965 3887 3022 heroici
3917 2964 4195 3036 ejusdem

812 3054 1062 3110 civitatis
1084 3055 1216 3122 invi,
1240 3054 1299 3110 in
1325 3053 1681 3110 allocutione
1714 3054 1791 3110 ad
1818 3061 2134 3126 prietorem
2168 3057 2529 3112 Demetrium
2554 3058 2896 3124 Drimetem,
2931 3058 3194 3113 Athenas
3225 3058 3531 3126 reducem,
3555 3056 3826 3111 meminit
3851 3072 3862 3110 :
3887 3059 3984 3108 Τὸν
4013 3059 4201 3112 Θησέα

814 3149 969 3216 φασιν
992 3143 1198 3199 ἐκεῖνον.
1228 3144 1516 3200 Eustathii
1541 3149 1752 3216 postea
1797 3145 2234 3217 archiepiscopi
2261 3145 2635 3215 Thessalon.,
2665 3147 3005 3220 interpretis
3032 3147 3138 3202 cel.
3187 3147 3525 3202 carminum
3578 3145 3837 3211 Homeri,
3867 3160 3989 3217 quo
4018 3143 4198 3200 fami-

811 3234 1129 3289 liarissime
1158 3234 1451 3302 utebatur,
1480 3250 1644 3289 mors
1695 3234 2084 3305 profanarum
2128 3252 2298 3307 teque
2338 3253 2407 3291 ac
2455 3237 2925 3293 Christianarum
2971 3238 3434 3294 meditationum
3481 3253 3696 3292 ansam
3737 3235 4030 3308 praebuit;
4067 3235 4201 3306 ejus

815 3324 1177 3379 memoriam
1207 3323 1476 3380 oratione
1530 3323 1767 3378 funebri
1794 3323 2133 3393 honoravit,
2165 3325 2339 3396 cujus
2385 3315 2584 3382 initiur

2427 3315 2621 3382 litium
2651 3344 2663 3382 :
2693 3326 2764 3380 Ἰ).
2792 3331 3008 3398 στυγνός
3039 3328 3183 3390 αἰὼν,
3227 3328 3264 3377 ὠ
3292 3326 3498 3399 τλήμων
3532 3328 3682 3398 ἡμεῖς
3720 3327 3886 3397 γενεαί,
3922 3324 4059 3379 ﬁnis
4107 3329 4196 3376 καὶ

817 3412 1162 3485 λατρεύοντες.
1195 3415 1404 3469 Paucae
1429 3412 1523 3467 hae
1551 3428 1730 3467 voces
1761 3411 1836 3467 de
1868 3415 2171 3469 [110110de
2203 3414 2391 3486 pretio
2440 3420 2698 3472 statuere
2732 3433 2853 3473 non
2885 3418 3240 3489 permittunt
3267 3433 3280 3482 ;
3313 3421 3374 3472 at
3408 3416 3593 3471 hocce
3621 3414 3912 3470 sreculum
3944 3418 4000 3468 et
4049 3429 4202 3469 nos-

819 3507 973 3558 trum
997 3518 1188 3572 genus
1219 3518 1503 3558 accusare
1533 3501 1732 3558 licebit
1761 3502 2160 3573 negligentiae,
2185 3503 2280 3558 cui
2311 3504 2474 3559 solus
2505 3506 2758 3562 Tafelius
2786 3506 3123 3562 remedium
3152 3505 3514 3577 apportavit,
3549 3505 3652 3577 qui
3680 3505 3739 3560 in
3769 3503 4201 3560 Dissertatione

815 3593 905 3648 De
936 3593 1361 3648 Thessalonica
1388 3595 1634 3662 ejusque
1663 3607 1814 3662 agro
1845 3593 2026 3648 etiam
2058 3593 2400 3648 Monodiam
2424 3594 2484 3650 in
2518 3595 2894 3651 Eustathium
2920 3595 3144 3667 publici
3171 3595 3323 3666 juris
3360 3594 3513 3650 fecit.

891 3683 1182 3738 Eustathii
1206 3682 1549 3738 Thessalon.
1587 3698 1748 3737 mors
1778 3683 1853 3754 (a.
1883 3684 2043 3752 1198)
2067 3699 2169 3738 sex
2201 3686 2376 3738 annis
2402 3686 2824 3754 catastrophen
2851 3686 3189 3752 antecessit,
3223 3700 3359 3757 quae
3391 3683 3656 3740 Michaeli
3683 3682 4067 3739 occasionem
4090 3682 4199 3738 de-

817 3773 905 3829 dit
942 3773 1298 3829 ostendendi
1328 3788 1390 3827 se
1423 3788 1543 3827 non
1571 3773 1767 3827 solum
1796 3772 2028 3828 bonum
2077 3773 2282 3828 ovium
2333 3780 2639 3846 pastorem
2667 3775 2833 3846 pacis
2885 3781 3152 3847 tempore
3186 3790 3338 3840 esse,
3373 3773 3478 3829 sed
3504 3774 3630 3846 qui,
3656 3777 3906 3843 urgente
3936 3772 4196 3828 necessi-

819 3867 960 3931 tate,
992 3862 1205 3934 lupum
1246 3862 1590 3931 Argolicum
1622 3861 1852 3916 fortiter
1881 3877 1917 3917 a
1943 3877 2122 3932 grege
2146 3862 2414 3934 repellat,
2442 3864 2576 3919 licet
2605 3880 2745 3919 mox
2779 3864 2915 3919 feris
2948 3863 3421 3920 occidentalibus
3455 3862 3664 3918 cedere
3705 3867 3948 3918 coactus
3996 3861 4194 3917 fuerit.

892 3956 1087 4023 Atque
1135 3950 1250 4005 hoc
1297 3950 1545 4022 quidem
1585 3949 1718 4005 loco
1759 3949 2088 4006 dicendum
2139 3957 2230 4006 est
2273 3952 2376 4022 qui
2420 3952 2598 4008 fuerit
2643 3954 3138 4008 Acominatorum
3193 3953 3579 4022 sermojusto
3611 3952 3806 4022 magis
3837 3950 4202 4022 metaphori-

822 4057 928 4099 cus
961 4043 1054 4111 ('2).
1083 4041 1264 4110 Cujus
1294 4041 1379 4095 rei
1428 4045 1494 4095 ut
1520 4040 1814 4110 majorem
1866 4039 2048 4095 fidem
2081 4040 2397 4109 faciamus,
2431 4043 2643 4097 Nicetae
2674 4045 2862 4099 verba
2893 4043 3116 4115 quibus
3142 4043 3202 4098 in
3229 4041 3537 4098 Michaelis
3588 4042 3785 4097 fratris
3819 4041 3946 4096 Vita
3992 4042 4198 4105 utitur,

822 4137 1186 4204 repetamus,
1219 4130 1676 4200 usurpationem
1725 4134 1905 4185 antea
1937 4135 2345 4186 memorantes
2376 4131 2609 4203 imperii
2636 4133 2948 4204 Byzantini
2978 4148 3086 4204 per
3132 4132 3406 4188 Alexium
3461 4135 3530 4186 llI
3572 4131 3868 4200 Angelum
3901 4135 3977 4196 (a.
4016 4134 4199 4195 1195),

822 4236 1009 4294 quam
1037 4224 1171 4276 octo
1203 4220 1378 4274 annis
1399 4224 1610 4290 postea
1637 4219 1936 4290 expeditio
1969 4219 2249 4274 Italorum
2281 4219 2705 4293 Gallorumque
2740 4221 3300 4293 Constantinopolin
3330 4236 3560 4283 versus,
3595 4225 3651 4275 et
3674 4225 3811 4292 post
3837 4219 4204 4288 redintegra-

822 4312 1048 4366 tionem
1072 4309 1284 4364 lsaacii
1314 4309 1514 4363 caecati
1547 4324 1685 4362 eum
1711 4307 1834 4362 tilio
1856 4308 1985 4378 ejus
2013 4307 2215 4363 Alexio
2245 4309 2842 4383 lVimpotentemque
2871 4312 3050 4367 Alexii
3084 4314 3123 4366 V
3147 4314 3322 4366 Ducas
3346 4309 3669 4382 Murzuphli
3699 4309 4202 4379 dominationem,

824 4399 1094 4456 secunda
1123 4397 1319 4470 Cpolis
1367 4397 1737 4468 expugnatio
1768 4413 1872 4469 per
1904 4399 2167 4452 Francos
2202 4401 2288 4464 (12
2344 4403 2452 4470 Ap.
2499 4401 2658 4464 120i)
2687 4406 2743 4456 et
2780 4401 3014 4474 imperii
3058 4400 3247 4457 Latini
3300 4399 3574 4455 fundatio
3607 4404 3812 4455 secuta
3841 4402 3947 4453 est.
3985 4398 4204 4453 Nicetes

821 4487 1157 4546 Acominati
1192 4487 1459 4543 Historiae
1489 4486 1623 4542 libri
1653 4503 1692 4541 v
1717 4487 1908 4542 ultimi
1937 4488 2224 4557 (xvu-xxn)
2252 4492 2308 4542 et
2330 4490 2379 4545 J.
2406 4489 2804 4545 Villharduini
2825 4490 3087 4546 Annales
3122 4489 3337 4546 Gallice
3369 4489 3696 4560 conscripti
3729 4503 4018 4557 magnam
4046 4487 4207 4543 circa

824 4595 925 4636 eas
953 4595 1048 4634 res
1082 4577 1498 4632 auctoritatem
1525 4575 1770 4632 habent.
1801 4577 2030 4631 Nicetas
2075 4577 2322 4649 quidem
2347 4593 2540 4650 usque
2569 4579 2646 4634 ad
2677 4596 2732 4635 a.
2766 4584 2900 4636 1206
2932 4579 3332 4652 progreditur,
3381 4579 3661 4651 quamvis
3688 4578 3749 4632 in
3779 4579 3899 4632 ﬁne
3946 4576 4082 4632 libri
4101 4592 4206 4632 xxx

823 4671 988 4727 dicat
1023 4687 1035 4725 :
1062 4669 1172 4721 Οὐχ
1203 4667 1262 4719 ἂν
1311 4667 1543 4740 ᾀσαὶμην
1571 4670 1636 4718 τὰ
1680 4666 1960 4741 βαρϐάρων
1993 4666 2170 4732 αὐτὸς,
2206 4664 2320 4718 οὐδ’
2345 4667 2566 4742 ἐσοίμην
2589 4668 2948 4743 πάραπέμπων
2981 4677 3090 4731 τοῖς
3129 4672 3304 4722 ἔπειτα
3350 4668 3565 4743 πράξεις
3609 4667 3911 4740 πολεμικὰς,
3938 4665 3986 4717 ἐν
4027 4668 4106 4726 αἷς
4127 4670 4199 4738 μὴ

821 4770 1038 4812 νικῶσιν
1061 4757 1324 4819 Ἕλληνες.
1350 4760 1415 4809 Οἱ
1444 4760 1545 4831 γὰρ
1574 4755 1838 4830 βάρϐαροι
1877 4759 2011 4808 κατὰ
2042 4760 2126 4808 τὸν
2154 4756 2501 4829 ἐμπρήσαντα
2528 4763 2614 4810 τὸν
2656 4758 2703 4810 ἐν
2732 4759 2927 4831 Ἐφέσῳ
2949 4763 3068 4811 ναὸν
3099 4768 3189 4819 τῆς
3222 4755 3533 4831 Ἀρτέμιδος
3572 4758 3909 4830 οἰχέσθωσαν
3937 4757 4118 4808 ἀίῐστοι
4149 4775 4205 4809 τε

821 4857 912 4905 καὶ
939 4853 1188 4914 ἀπυστοι,
1217 4845 1358 4922 μηδὲ
1387 4853 1758 4923 προσρήματος
1781 4854 1907 4919 γοῦν
1930 4866 2084 4916 τινος,
2118 4848 2200 4921 ὑφ’
2223 4849 2368 4920 ἡμῶν
2392 4847 2706 4923 ἀξιούμενοι,
2732 4851 2824 4910 ἕως
2855 4849 2914 4901 οὗ
2945 4848 3192 4924 παρέλθοι
3222 4850 3251 4908 ἠ
3279 4846 3470 4921 ἀνομία
3498 4846 3629 4899 κάπὶ
3655 4853 3765 4908 τοῖς
3797 4842 4003 4909 δούλοις
4039 4845 4204 4899 αὐτοῦ

897 5035 977 5104 (1)
1020 5033 1242 5110 Contra
1284 5025 2163 5110 Gregorium‘IuronA‘Be‘dam
2195 5031 2260 5109 .et
2302 5044 2488 5110 quos-
2596 5028 3100 5110 Prgﬁationead
3150 5029 3488 5110 Historiam
3542 5026 3646 5110 ubi
3687 5027 3953 5110 maxime
3983 5030 4203 5110 monet

823 5098 968 5161 dam
1001 5104 1150 5160 alios
1181 5098 1854 5174 DionysiumAGallicum
1882 5098 1975 5174 ab
1994 5098 2341 5174 Atheniensi
2371 5100 2487 5156 dis-
2596 5101 2809 5157 nullibi
2840 5102 3036 5174 magis
3069 5117 3267 5174 quam
3295 5101 3391 5157 hic
3417 5101 3687 5156 claritate
3734 5104 3792 5155 et
3815 5098 4208 5174 simplicitate

822 5175 1226 5248 tinguendum
1248 5179 1303 5229 et
1322 5169 1490 5248 tertio
1517 5172 1765 5227 demum
1788 5175 1928 5248 post
1951 5171 2249 5227 Christum
2274 5177 2487 5248 natum
2596 5189 2750 5248 opus
2785 5169 3357 5248 esseflndéversus
3407 5178 3726 5248 sequentes
3755 5169 3834 5227 ad
3863 5169 4208 5248 marginem

824 5242 1054 5328 graculo
1080 5245 1700 5328 accensendum__esse
1729 5242 2114 5328 arbitrantes,
2132 5244 2487 5328 auctoritati
2597 5242 2729 5328 95a.
2750 5243 3237 5328 Fugger_._s‘cripti
3264 5249 3319 5302 et
3349 5261 3384 5302 a
3415 5242 3625 5300 wolﬂo
3655 5243 3995 5301 Alexandro
4029 5242 4211 5301 Char-

822 5323 967 5379 Sim.
1009 5319 1423 5392 Metaphrastie
1455 5322 1509 5372 et
1535 5317 1703 5392 Mich.
1729 5314 2002 5392 _Syn_geli,
2025 5314 2188 5392 _ab_b.
2221 5314 2486 5372 Hilduini
2595 5314 2904 5392 tophyla‘ci
2935 5314 3246 5392 attributi:

820 5385 1222 5450 etmultoruin
1253 5390 1522 5446 virorum
1548 5388 1678 5444 sine
1709 5385 1898 5462 dubio
1925 5387 2402 5462 ortliodoxorum
2432 5394 2489 5446 et

2065 5388 2402 5462 odoxorum
2432 5394 2489 5446 et
2663 5385 2680 5390 ’
2746 5385 2758 5390 ’
2813 5390 2922 5442 Οὐκ
2945 5385 3071 5442 οἶδα
3097 5393 3147 5441 τί
3181 5394 3279 5462 φῇς
3309 5385 3513 5454 ἕνθάὸε,
3542 5388 3831 5462 Χωξειάτ-α,

818 5464 1138 5521 doctorum
1193 5464 1710 5534 obtemperamus,
1745 5461 1848 5532 qui
1896 5473 2089 5514 unum
2127 5459 2486 5540 Dionysium

819 5542 1182 5586 Agnoscunt.
1237 5538 1596 5586 Persuasum
1647 5531 1808 5586 enim
1864 5529 2166 5586 habemus
2215 5533 2485 5586 criticam

2182 5459 2486 5540 ionysium
2810 5465 2967 5548 Σοφὸν
2989 5465 3046 5514 τὸ
3077 5457 3231 5586 uagae
3265 5463 3581 5534 συγγράφων
3613 5457 3741 5512 εἶναι
3771 5458 3951 5532 λέγεις,

2215 5533 2485 5586 criticam
2810 5539 2939 5586 Ειτα
2963 5540 3139 5586 -γπιφώ
3188 5554 3213 5586 n
3248 5540 3337 5586 καὶ
3369 5528 3695 5586 ϐαοαθοὼδη
3731 5533 3946 5586 γράφεις

819 5542 1182 5608 agnoscunt.
1237 5528 1596 5608 Persuasum
1647 5528 1808 5608 enim
1864 5529 2166 5608 habemus
2215 5528 2485 5608 criticam

2215 5528 2485 5608 criticam
2711 5604 2762 5608 __
2810 5528 2939 5587 Eii-at
2963 5528 3213 5608 -χπιφώδη
3248 5528 3695 5608 καὶβοιρὸιθρὼδη
3731 5528 3965 5608 magicam.

817 5587 1014 5684 E13211};
1029 5587 1264 5684 vocant
1277 5587 1628 5684 historicam
1658 5587 1738 5661 ad
1767 5608 1912 5660 Acta
1940 5587 2286 5660 sanctorum
2310 5587 2484 5662 haud
2699 5604 2933 5684 Nescio,
2959 5587 3450 5684 _Choniata,_qu'id
3469 5587 3869 5684 dicere—velis:
3900 5675 3907 5684 ⁸

815 5677 1078 5755 impune
1103 5679 1427 5755 applicari._
1607 5748 1645 5755 __
1696 5748 1727 5755 Α.
1859 5746 1875 5755 .
2051 5747 2061 5755 _
2139 5748 2149 5755 _
2371 5751 2380 5755 Α
2422 5748 2434 5755 _
2699 5679 2995 5755 Qictiont's
3021 5678 3449 5755 claritudinem
3473 5679 3755 5755 virtutem
3785 5677 3960 5731 dicis.

884 5743 964 5829 (‘2)
1017 5743 1233 5813 Nicétie
1282 5751 1534 5826 quidem
1588 5748 1770 5811 dictio
1819 5746 2260 5811 obscurissima
2299 5751 2386 5810 est
2418 5748 2480 5809 in
2699 5743 2777 5809 Et
2806 5751 2967 5810 nihil
2993 5757 3057 5810 tu
3083 5752 3208 5825 ipse
3229 5751 3348 5810 nisi
3367 5763 3483 5823 per
3504 5749 3812 5823 ampullas
3839 5745 4165 5820 componis.
