4480 6430
301 407 412 464 305
1835 406 2070 464 NOTlTl.

1901 406 2113 464 )TlTlA
3568 420 3670 475 360

297 532 358 584 τὸ
390 534 542 584 estw
570 527 1059 605 παρακληθήσιται.
1084 529 1259 588 Absit
1288 535 1354 587 ut
1380 544 1488 603 ego
1518 528 1611 587 res
1631 534 1827 601 gestas
1858 531 2066 591 Barba

1901 531 2284 590 tarbarorum
2311 533 2644 606 decantem,
2672 542 2781 593 aut
2812 551 2882 594 ea
2913 537 3067 595 bella
3090 539 3387 596 memorias
3406 546 3670 610 postero-

298 635 441 676 rum
458 620 739 690 prodam,
768 620 831 675 in
856 620 1072 691 quibus
1096 635 1217 677 non
1245 620 1497 677 vincunt
1517 620 1724 676 Graeci.
1752 620 1877 677 Imo
1902 622 2018 688 illi,
2062 627 2129 678 ut
2156 625 2206 679 is
2234 626 2340 696 qui
2364 624 2639 694 Ephesia
2671 627 2883 683 Dianae
2913 629 3201 697 templum
3230 629 3509 699 incendit,
3565 646 3670 701 pe-

300 712 479 766 reant
502 710 699 779 ignoti
721 713 777 765 et
806 708 1073 777 obscuri;
1100 724 1206 766 nec
1228 710 1355 765 ullo
1385 708 1560 765 verbo
1585 710 1902 781 quisquam
1932 716 2202 767 nostrum
2232 727 2327 768 eos
2347 712 2652 783 dignetur,
2680 715 2867 771 donec
2918 718 3227 772 transierit
3277 719 3567 789 iniquitas
3616 724 3668 774 et

302 798 464 854 Deus
483 812 685 854 servos
708 812 846 853 suos
874 798 1195 855 clementer
1224 800 1574 869 respexerit.
1600 798 1832 854 Nicetas
1870 798 2062 854 fusius
2094 799 2271 858 refert
2296 817 2367 858 ea
2400 818 2536 876 qua:
2566 802 2696 875 ipse
2719 808 2855 876 post
2900 810 3144 877 captam
3195 806 3402 879 Gpolin
3448 821 3670 879 passus

303 887 403 953 sit,
440 902 512 943 ac
538 890 839 943 memorat
857 901 921 942 se
945 887 1240 957 virginem
1271 886 1606 959 quamdam
1637 884 1930 963 ebarbari
1950 887 2204 958 alicujus
2229 889 2535 956 manibus,
2583 892 2915 949 asserendo
2945 908 3081 950 eam
3113 893 3227 949 sibi
3249 900 3503 965 nuptam
3541 911 3671 953 esse

305 975 623 1049 eripuisse,
646 978 951 1048 repetente
973 976 1131 1032 idem
1166 975 1449 1033 Michaele
1481 974 1578 1049 (1),
1612 990 1737 1034 non
1769 976 1898 1032 sine
1926 975 2208 1033 laudibus
2235 978 2394 1048 justo
2415 980 2769 1052 majoribus,
2806 981 3105 1055 siquidem
3136 981 3380 1038 fratrem
3438 984 3671 1040 Herculi

304 1067 363 1121 et
386 1064 630 1130 Theseo.
662 1064 1033 1132 Abrahamo,
1065 1067 1272 1122 Isaaco
1303 1080 1374 1122 ac
1406 1065 1562 1131 Levi,
1590 1064 1873 1133 Simeoni,
1907 1065 2116 1122 Davidi
2142 1081 2212 1123 ac
2241 1066 2465 1125 Danish
2487 1069 2801 1143 praeponit,
2826 1070 2949 1127 imo
2988 1086 3128 1126 cum
3160 1070 3387 1127 Christo
3418 1086 3666 1147 compa-

302 1157 422 1225 rat,
451 1154 558 1228 qui
575 1169 687 1228 pro
710 1154 988 1221 Ecclesia,
1020 1169 1246 1228 sponsa
1276 1170 1410 1221 sua,
1433 1157 1709 1211 mortuus
1730 1157 1839 1211 est.

372 1294 605 1352 Nicetas
634 1300 962 1370 postquam
992 1296 1067 1353 de
1096 1295 1278 1353 rebus
1309 1294 1740 1353 abominandis
1761 1309 2023 1367 quarum
2053 1300 2233 1371 capta
2254 1298 2449 1370 Cpolis
2480 1302 2643 1356 testis
2696 1299 2826 1370 fuit,
2866 1302 3082 1373 retulit,
3131 1301 3207 1358 de
3251 1302 3583 1375 provinciis
3634 1319 3672 1360 a

306 1384 529 1440 Latinis
565 1386 927 1457 expugnatis
976 1402 1048 1442 ac
1077 1385 1230 1442 inter
1259 1385 1445 1441 duces
1476 1384 1771 1441 exercitus
1801 1383 2133 1441 distributis
2187 1387 2475 1460 loquitur.
2519 1390 2662 1445 Dein
2702 1390 2781 1445 ad
2825 1405 3080 1459 regnum
3137 1392 3670 1448 Thessalonicense

304 1472 611 1530 Bonifacio
637 1474 1143 1530 Monteferratensi
1173 1476 1223 1545 (6
1263 1479 1469 1537 Μόντης
1500 1476 2051 1547 ψιράντηςμαρκέσιος

1902 1477 2051 1536 ιέσιος
2090 1480 2413 1549 Βονιφάτιος)
2443 1478 2556 1533 sub
2597 1479 3044 1535 conditionibus
3076 1480 3238 1535 feudi
3267 1480 3572 1547 traditum,
3615 1488 3671 1538 et

302 1576 376 1618 ea
400 1577 540 1634 qua:
566 1561 697 1634 ipse
727 1569 939 1619 contra
956 1564 1241 1621 Graeciam
1275 1568 1529 1620 conatus
1557 1566 1645 1619 est
1685 1561 1876 1618 facere
1904 1565 2199 1634 procedit.
2241 1567 2329 1622 lbi
2357 1568 2539 1633 enim,
2566 1568 2748 1624 rebus
2777 1569 2905 1639 jam
2930 1569 3165 1625 dudum
3188 1570 3445 1626 turbatis
3480 1570 3671 1641 adjuti

299 1649 365 1706 in
385 1647 507 1705 ﬁne
529 1650 699 1720 regni
728 1650 915 1707 Alexii
941 1653 1008 1707 Ill
1038 1652 1099 1707 in
1117 1651 1323 1708 multis
1343 1650 1597 1707 urbibus
1628 1654 2015 1721 usurpatores
2047 1654 2230 1711 Graeci
2260 1662 2645 1711 surrexerant
2673 1659 2777 1728 qui
2808 1661 3017 1714 contra
3039 1662 3293 1714 Francos
3318 1674 3440 1715 non
3470 1661 3673 1714 minus

300 1738 689 1810 pertinaciter
708 1755 898 1812 quam
929 1744 1138 1797 contra
1165 1742 1593 1813 imperatorem
1616 1741 1883 1795 Graecum
1915 1738 2251 1799 libertatem
2286 1761 2462 1800 suam
2492 1744 2918 1802 defendebant.
2944 1748 3028 1801 Ex
3050 1747 3141 1801 his
3176 1747 3233 1801 in
3261 1746 3474 1802 AStolia
3505 1752 3561 1802 et
3608 1748 3671 1802 in

303 1826 485 1898 Epiro
524 1828 771 1884 australi
804 1828 965 1885 circa
995 1829 1308 1901 Nicopolin
1328 1833 1385 1885 et
1424 1828 1826 1901 Epidamnum
1856 1828 2079 1885 nothus
2109 1832 2325 1905 aliquis
2354 1849 2422 1889 ex
2452 1832 2678 1889 familia
2710 1836 2970 1889 Duceena
3014 1835 3307 1890 oriundus
3337 1834 3668 1905 regnabat;

306 1914 438 1971 dux
467 1917 707 1972 Graecus
737 1917 989 1990 quidam
1014 1919 1077 1974 in
1118 1918 1383 1991 Dolopiae
1410 1917 1717 1974 montibus
1743 1931 1755 1980 ;
1779 1915 1841 1971 in
1864 1918 2152 1976 Messenia
2176 1921 2395 1977 Theod.
2426 1921 2771 1977 Melissenus
2805 1938 2835 1978 e
2885 1927 3058 1991 gente
3091 1926 3538 1979 Comnenorum
3564 1941 3576 1991 ;
3612 1924 3673 1978 in

303 2004 566 2061 Laconia
600 2007 760 2063 Leon
791 2007 1182 2064 Chamaretus
1216 2023 1339 2065 non
1366 2008 1568 2064 minus
1600 2004 1908 2079 tyrannica
1932 2023 2121 2080 quam
2152 2008 2333 2064 Nabis
2354 2009 2482 2082 ipse
2509 2027 2520 2064 :
2553 2010 2614 2065 in
2653 2010 2931 2079 Argolide
2963 2016 3019 2066 et
3059 2012 3322 2066 Corinthi
3382 2014 3495 2066 Leo
3528 2012 3672 2080 Sgu-

301 2106 408 2148 rus
438 2094 740 2152 saeviebat.
776 2096 961 2168 Hujus
992 2112 1133 2153 cum
1162 2096 1629 2153 Atheniensibus
1661 2097 1775 2155 sub
1803 2098 1972 2156 Mioh.
1998 2098 2369 2165 Acominato,
2393 2102 2451 2154 et
2481 2115 2618 2153 cum
2648 2099 2885 2154 Francis
2926 2099 3039 2154 sub
3071 2100 3421 2155 marchione
3454 2102 3674 2155 Monte-

301 2178 617 2240 ferratensi
636 2199 876 2257 pugnas
904 2186 1172 2243 Nicetam
1198 2184 1391 2243 fusius
1414 2190 1762 2244 narrantem
1789 2188 1933 2246 hinc
1952 2186 2093 2245 inde
2118 2188 2559 2244 introducimus
2588 2189 2794 2260 (Hist.,
2825 2188 2919 2245 ed.
2954 2191 3135 2261 Paris,
3163 2206 3229 2263 p.
3263 2194 3364 2247 390
3389 2190 3561 2263 sqq.)

666 2363 693 2431 §
732 2364 785 2418 4.
827 2362 1089 2421 Michael
1128 2379 1263 2421 cum
1301 2364 1498 2421 Leone
1534 2365 1734 2436 Sguro
1774 2370 2078 2423 certamen
2117 2366 2250 2437 init,
2289 2367 2490 2437 fratre
2520 2367 2705 2436 ipsius
2743 2368 2956 2425 Niceta
2996 2368 3313 2438 referente.

384 2566 417 2595 «
456 2543 571 2598 Leo
600 2542 847 2612 Sgurus,
880 2543 1132 2617 Nauplio
1163 2548 1352 2614 ortus,
1385 2545 1742 2618 aliquandiu
1765 2544 1825 2602 vi
1848 2546 2046 2615 magis
2073 2559 2262 2617 quam
2296 2544 2597 2601 voluntate
2628 2546 3016 2620 p0pularium
3047 2547 3455 2621 principatum
3485 2549 3675 2605 tenuit

305 2658 327 2686 ι
375 2635 603 2706 apatre
627 2636 996 2705 susceptum,
1022 2633 1099 2689 ad
1120 2634 1295 2705 cujus
1316 2634 1714 2692 imitationem
1752 2650 1877 2692 non
1909 2635 2039 2691 sine
2071 2634 2367 2705 sanguine
2387 2635 2721 2708 imperavit.
2760 2636 2873 2693 Sed
2907 2636 3261 2693 confusione
3302 2653 3499 2693 rerum
3535 2655 3672 2693 auc-

298 2744 329 2774 ιι
372 2726 492 2790 tus,
525 2724 579 2776 et
610 2720 967 2777 turbulentis
987 2722 1387 2794 temporibus,
1424 2729 1487 2778 ut
1513 2727 1801 2780 torrentes
1827 2722 2124 2779 imbribus
2156 2724 2574 2779 etturbinibus
2608 2724 2807 2792 undae,
2837 2725 3221 2797 tumefactus,
3257 2742 3287 2781 e
3321 2742 3505 2799 parvo
3536 2743 3675 2782 ma-

300 2834 330 2862 ‹‹
372 2826 534 2882 gnus
551 2809 791 2865 exstitit.
815 2814 1004 2880 Argos
1035 2810 1199 2881 dolo,
1221 2811 1568 2867 Corinthum
1624 2811 1939 2868 latrocinio
1964 2812 2150 2885 cepit:
2176 2817 2230 2868 et
2256 2813 2598 2882 grassando
2631 2813 2889 2869 subinde
2912 2830 3269 2887 progressus
3301 2817 3470 2887 ipsas
3500 2815 3673 2870 Athe-

304 2923 327 2953 ι
372 2916 485 2956 nas
507 2914 647 2954 cum
677 2897 907 2954 bellicis
930 2900 1187 2955 navibus
1218 2904 1275 2956 et
1305 2902 1566 2956 exercitu
1598 2916 1704 2973 per
1742 2902 2034 2957 Isthmum
2082 2901 2357 2958 traducto
2390 2909 2479 2957 est
2524 2902 2790 2971 adortus,
2824 2918 2895 2959 ea
2925 2919 3032 2975 spe
3064 2920 3128 2959 se
3156 2904 3309 2959 arcis
3349 2903 3521 2959 facile
3560 2920 3673 2977 po-

304 3013 333 3040 κ
374 2989 647 3053 titnrum,
680 2992 787 3044 aut
815 2988 1111 3045 machinis
1141 2988 1418 3045 adductis
1443 2989 1683 3045 imbelle
1704 2990 2054 3061 praesidium
2086 2989 2258 3045 facile
2287 2990 2645 3046 territurum.
2677 2994 2968 3047 Caeterum
2992 3008 3063 3047 ea
3094 2992 3364 3062 agitabat
3385 2994 3591 3048 animo
3620 2998 3677 3048 et

304 3102 335 3131 ς(
372 3079 596 3135 frustra
624 3078 983 3147 conabatur,
1005 3095 1143 3151 qua:
1173 3079 1253 3135 ad
1282 3079 1509 3135 exitum
1536 3079 1785 3152 perduci
1811 3095 1935 3135 non
1967 3083 2262 3151 poterant.
2297 3083 2447 3135 Nam
2479 3081 2847 3136 Athenarum
2873 3097 3148 3136 summus
3175 3085 3383 3153 pastor
3432 3082 3676 3138 Michael

307 3189 337 3217 «
380 3166 723 3233 Choniates,
755 3166 938 3223 frater
958 3184 1131 3224 meus
1161 3170 1359 3239 (meus
1382 3169 1666 3240 inquam:
1696 3185 1842 3225 nam
1869 3168 2037 3224 laudi
2068 3168 2216 3223 mihi
2246 3168 2404 3225 duco
2436 3170 2860 3239 cognationem
2884 3171 3034 3241 ejus,
3061 3177 3117 3226 et
3142 3171 3194 3227 ei
3234 3186 3331 3225 me
3380 3171 3675 3240 sanguine

305 3278 335 3306 ι(
377 3256 797 3328 propinquum
835 3271 964 3311 esse
994 3256 1252 3328 gaudeo,
1287 3256 1423 3313 licet
1451 3272 1488 3312 a
1515 3258 1732 3313 virtute
1772 3262 1827 3313 et
1856 3256 2198 3329 eloquentia
2226 3258 2354 3327 ejus
2390 3259 2878 3330 remotissimus),
2912 3276 3051 3314 cum
3090 3259 3181 3315 sui
3225 3261 3493 3315 muneris
3542 3276 3675 3315 esse

306 3368 336 3397 ‹‹
376 3344 1000 3416 intelligeretconsilio
1026 3346 1383 3418 etprecibus
1412 3361 1539 3401 rem
1566 3345 1875 3418 publicam
1896 3346 2128 3415 juvare,
2163 3346 2332 3415 Sguri
2367 3348 2575 3403 castris
2605 3348 2771 3415 visis,
2805 3348 2899 3420 pie
2932 3364 3069 3403 cum
3095 3364 3165 3403 eo
3188 3363 3365 3418 agere
3396 3349 3672 3417 instituit,

304 3456 332 3485 κ
380 3449 463 3490 an
491 3434 826 3503 hominem,
854 3434 1185 3507 prmsertim
1200 3450 1322 3490 non
1344 3435 1617 3505 ignotum
1647 3434 1754 3490 sed
1781 3450 1940 3507 saepe
1962 3434 2345 3503 collocutum,
2371 3452 2652 3492 amovere
2697 3440 2920 3510 posset.
2977 3439 3182 3510 Itaque
3231 3454 3304 3492 ex
3344 3437 3492 3493 urbe
3541 3442 3674 3492 tan-

304 3547 332 3575 «
374 3540 567 3597 quam
598 3523 905 3595 superiore
942 3524 1074 3580 loco
1118 3524 1486 3580 monitorum
1543 3525 1791 3596 sagittas
1818 3524 2169 3595 ejaculatur,
2204 3528 2260 3580 et
2312 3525 2599 3597 pastorali
2638 3525 2830 3582 funda
2878 3526 3086 3581 divina
3126 3527 3309 3582 verba
3336 3526 3505 3598 jacit.
3561 3526 3676 3582 Ali-

303 3636 333 3665 α
376 3612 630 3687 quando
658 3613 841 3669 etiam
873 3613 1285 3686 spiritualibus
1308 3613 1486 3669 minis
1530 3618 1827 3685 tanquam
1880 3612 2167 3669 arietibus
2211 3614 2484 3669 animum
2520 3614 2678 3671 illius
2710 3620 2973 3671 sternere
3014 3615 3285 3671 instituit.
3342 3617 3468 3671 l\'on
3517 3615 3679 3671 enim

302 3725 333 3755 α
372 3704 588 3759 decere
627 3718 767 3758 eum
794 3703 901 3774 qui
932 3703 1307 3759 Christianus
1333 3703 1405 3758 sit
1434 3707 1491 3757 et
1514 3703 1668 3758 inter
1716 3703 2024 3758 Romanos
2050 3718 2273 3757 nomen
2307 3720 2483 3759 suum
2515 3704 2885 3775 proﬁteatur,
2939 3708 3244 3760 Romanos
3290 3704 3447 3761 bello
3475 3709 3677 3775 petere

300 3813 329 3841 κ
372 3792 493 3848 nisi
522 3790 673 3847 forte
700 3792 842 3847 solis
863 3791 1040 3848 labiis
1066 3793 1468 3849 Christianum
1489 3797 1652 3863 agat,
1678 3795 1738 3847 ut
1763 3796 1819 3848 et
1834 3796 1997 3847 veste
2026 3795 2082 3847 et
2110 3791 2317 3861 lingua
2338 3794 2631 3849 duntaxat
2655 3797 3012 3859 Romanum,
3048 3795 3225 3850 corde
3256 3810 3393 3850 vero
3419 3810 3455 3850 a
3485 3794 3677 3850 Chris-

299 3902 328 3931 κ
370 3881 551 3937 tianis
582 3882 658 3937 sit
684 3881 1148 3937 remotissimus.
1182 3883 1376 3947 Quam
1403 3897 1545 3937 vero
1577 3896 1828 3937 causam
1858 3880 2084 3937 habeat
2109 3884 2509 3953 oppugnandi
2540 3883 2804 3939 Athenas
2824 3884 2851 3938 Ἰ
2883 3900 3028 3940 nam
3058 3883 3288 3953 Argivis
3329 3884 3408 3939 ob
3464 3884 3675 3939 vicini-

299 3992 329 4020 α
370 3975 557 4026 tatem
581 3976 785 4043 posset
814 3969 1064 4027 forsitan
1096 3970 1325 4044 aliquid
1358 3970 1595 4026 crimini
1625 3969 1792 4034 dare,
1825 3986 1947 4041 quo
1978 3969 2221 4025 illorum
2251 3973 2617 4043 expugnatio
2658 3978 2996 4043 excusetur,
3039 3972 3562 4045 quemadmodum
3620 3976 3677 4029 et

300 4081 327 4108 α
372 4059 690 4117 Corinthiis
718 4075 912 4132 nuper
936 4060 1377 4133 archiepiscopi
1406 4075 1617 4115 eorum
1643 4058 1886 4115 crebras
1914 4058 2164 4114 insidias
2216 4060 2519 4132 objecerit,
2558 4062 2718 4117 unde
2756 4066 3093 4118 Romanum
3152 4062 3477 4119 exercitum
3523 4066 3673 4118 Nau-

302 4171 332 4199 α
371 4149 566 4223 plium
595 4165 909 4205 accurrere
934 4155 989 4205 et
1009 4166 1198 4205 naves
1228 4149 1473 4206 hostiles
1504 4148 1804 4222 appellere
1821 4164 2138 4221 nunquam
2166 4152 2473 4220 recusarit,
2503 4156 2558 4208 et
2596 4154 2890 4209 suavitate
2944 4153 3233 4209 orationis
3285 4154 3417 4224 ejus
3478 4152 3673 4222 magis

300 4259 329 4287 α
370 4237 673 4294 afﬁciatur
691 4254 883 4311 quam
904 4237 1099 4295 mellis
1130 4238 1685 4310 dulcedine,eaque
1710 4254 1947 4310 semper
1968 4238 2082 4293 frui
2103 4239 2331 4311 cupiat,
2359 4240 2455 4296 hic
2484 4257 2627 4297 vero
2666 4242 2867 4314 ipsum
2898 4241 2959 4297 in
3004 4241 3407 4314 spiritualium
3460 4240 3674 4297 libero-

298 4350 328 4378 α
368 4343 511 4383 rum
540 4343 864 4383 numerum
886 4326 1174 4383 retulerit.
1203 4332 1284 4382 Ac
1310 4326 1664 4398 hujusmodi
1695 4327 1882 4383 armis
1907 4344 2055 4382 usus
2087 4328 2329 4384 Michael
2359 4330 2723 4402 precabatur
2758 4336 2822 4386 ut
2876 4330 3016 4387 inde
3057 4330 3379 4387 recederet.
3442 4333 3670 4402 Sgurus

296 4438 325 4468 «
366 4433 513 4473 vero
535 4432 655 4473 non
684 4417 1140 4473 dissimulanter
1160 4416 1545 4491 praetendens
1581 4431 1644 4472 se
1676 4416 1800 4471 vim
1831 4432 2010 4489 posse
2034 4416 2252 4483 facere,
2286 4423 2343 4474 et
2370 4424 2647 4493 tempora
2675 4418 2891 4475 intueri
2934 4418 3158 4489 jubens
3188 4436 3325 4491 quae
3384 4435 3495 4491 pro
3536 4420 3670 4474 viri-

293 4526 323 4555 α
364 4506 484 4562 bus
514 4521 820 4578 quemque
851 4521 1029 4578 agere
1053 4509 1388 4572 monerent,
1422 4521 1562 4561 cum
1593 4504 1866 4560 omnium
1887 4506 2129 4561 urbium
2144 4508 2423 4581 princeps
2453 4508 3314 4580 afﬂictissimaesset,denique
3330 4508 3675 4581 postulabat

292 4618 323 4648 ς
365 4601 431 4652 ut
455 4596 707 4669 quidam
739 4595 1093 4652 adolescens
1126 4594 1206 4651 ad
1232 4611 1443 4651 necem
1470 4594 1584 4650 sibi
1613 4593 1952 4650 dederetur.
1996 4596 2185 4661 Quem
2217 4597 2327 4651 etsi
2353 4596 2505 4652 alius
2531 4597 2747 4670 aliquis
2777 4596 2958 4653 etiam
2989 4612 3113 4652 non
3156 4598 3381 4669 petenti
3408 4597 3674 4654 libentis-

293 4711 323 4739 ι(
368 4688 524 4743 sime
575 4685 922 4753 dedidisset,
974 4689 1037 4742 ut
1083 4700 1291 4741 semen
1324 4684 1625 4757 uniquum
1656 4688 1713 4739 et
1760 4683 1962 4740 multis
1990 4686 2610 4749 auctoreminteritus,
2639 4686 2908 4759 pessima
2956 4702 3215 4758 quaeque
3275 4691 3330 4743 et
3386 4703 3574 4742 manu
3618 4693 3676 4744 et

296 4801 319 4829 ι
366 4775 623 4833 consilio
654 4781 865 4831 contra
890 4775 1146 4847 patriam
1174 4774 1507 4830 machinari
1541 4772 1805 4841 solitum,
1837 4773 1932 4828 ille
1954 4778 2230 4846 apertum
2261 4774 2467 4847 patriae
2492 4780 2934 4848 persecutorem
2966 4779 3022 4830 et
3068 4775 3392 4847 spiritualis
3422 4777 3670 4832 nutricis

297 4892 318 4919 ι
368 4865 650 4923 Ecclesiae
683 4865 1030 4921 violatorem
1062 4872 1118 4920 et
1145 4864 1579 4927 insidiatorem,
1601 4864 1774 4934 cujus
1797 4863 2090 4919 violentos
2121 4868 2373 4919 conatus
2405 4864 2625 4935 smpius
2647 4870 2702 4920 et
2730 4864 2855 4936 ipse
2885 4869 3166 4935 expertus
3194 4870 3341 4933 erat,
3374 4865 3434 4921 in
3460 4881 3672 4923 eorum

292 4982 322 5007 α
365 4972 627 5013 numero
656 4955 871 5011 habuit
896 4972 1051 5029 quos
1074 4954 1417 5024 evangelica
1446 4952 1737 5022 diligeret,
1772 4952 2167 5025 neglectoque
2197 4954 2386 5021 Sguro
2416 4953 2750 5025 supplicem
2783 4952 3068 5007 defendit.
3106 4953 3220 5009 Sed
3260 4970 3399 5009 cum
3434 4955 3673 5012 leonem

290 5071 319 5098 (ι
364 5047 542 5104 illum
564 5045 940 5117 sapientibus
972 5045 1135 5101 hisce
1166 5044 1409 5100 monitis
1434 5042 1673 5115 placare
1701 5058 1821 5099 non
1856 5047 2078 5115 posset,
2114 5042 2424 5114 aspidisin
2469 5060 2699 5099 morem
2737 5043 2887 5098 ultro
2938 5058 3114 5098 aures
3174 5044 3557 5100 obturantem
3619 5050 3675 5102 et

296 5162 325 5189 ι(
364 5136 571 5194 omnis
602 5136 836 5205 generis
869 5135 984 5191 tela
1014 5135 1075 5191 in
1106 5151 1307 5191 arcem
1339 5133 1780 5204 conjicientem,
1807 5136 1981 5187 orato
2011 5134 2129 5186 Deo
2184 5136 2247 5186 ut
2292 5133 2352 5186 in
2405 5132 2703 5188 nefarium
2734 5131 3046 5186 hominem
3080 5136 3135 5187 et
3175 5134 3672 5190 subnascentium

290 5250 318 5277 α
366 5224 677 5281 malorum
715 5229 1022 5280 auctorem
1054 5223 1290 5279 cladem
1322 5237 1568 5278 omnem
1601 5224 1990 5287 converteret,
2024 5219 2337 5276 machinas
2359 5226 2409 5276 et
2433 5222 2560 5294 ipse
2590 5223 2650 5277 in
2684 5220 2990 5276 moenibus
3012 5220 3294 5293 disponit,
3328 5222 3675 5295 ibidemque

292 5339 321 5366 α
364 5313 711 5383 sagittarios
737 5320 793 5368 et
812 5313 1145 5369 funditores
1166 5313 1439 5369 collocat.
1466 5313 1613 5366 Nam
1637 5310 1783 5383 quid
1806 5310 1901 5366 ille
1933 5310 2008 5366 ad
2037 5309 2484 5383 propulsandos
2510 5311 2711 5367 hostes
2740 5326 2862 5365 non
2892 5309 3205 5379 effecisset,
3232 5312 3320 5367 vir
3348 5313 3514 5368 omni
3536 5313 3677 5368 doc-

290 5428 320 5457 ι(
365 5406 529 5461 trina
549 5419 860 5459 sacrarum
882 5410 940 5460 et
960 5404 1355 5477 profanarum
1386 5402 1717 5457 litterarum
1737 5400 2065 5472 perpolitus
2100 5415 2463 5472 summaque
2492 5400 2777 5456 facundia
2808 5401 3110 5455 ornatus?
3141 5400 3245 5473 qui
3288 5401 3339 5457 si
3370 5400 3674 5468 voluisset,

288 5518 318 5547 α
363 5494 493 5566 igni
523 5493 733 5566 pluere
765 5509 948 5567 super
972 5494 1323 5551 temerarios
1349 5495 1453 5549 aut
1482 5488 1811 5547 crabrones
1831 5490 1893 5545 in
1918 5490 2245 5546 exercitum
2275 5489 2570 5548 immitere
2592 5490 2911 5563 potuisset,
2956 5494 3061 5547 aut
3115 5491 3347 5563 aliquid
3386 5491 3557 5548 aliud
3591 5491 3677 5547 eis

362 5674 448 5748 (1)
487 5672 556 5730 In
580 5673 888 5743 Monodia,
911 5672 1086 5744 infra,
1108 5671 1224 5732 col.
1256 5677 1380 5732 373.
