4480 6430
852 409 956 463 307
1732 407 2040 463 MICHAEL
2078 406 2528 465 ACOHINATUS
2567 410 2997 466 ATHENARUM
3034 411 3339 468 ARCHIEP
4100 422 4205 475 308

853 551 883 579 ι(
922 528 1329 602 perniciosum
1368 529 1653 585 divinitus
1680 530 2022 603 impetrare.
2056 532 2259 604 Neque
2285 531 2446 587 enim
2478 538 2791 588 cunctatus
2833 538 2991 590 esset
3031 537 3205 601 Deus,
3261 538 3310 593 si
3359 555 3579 596 manus
3616 541 3712 597 ille
3747 541 4063 599 sustilisset
4102 546 4207 597 aut

851 640 881 668 «
920 618 1086 675 labia
1105 618 1183 673 ad
1208 618 1654 675 invocationem
1677 619 1945 675 numinis
1966 619 2324 692 aperuisset.
2352 619 2466 675 Sed
2496 636 2531 676 a
2550 621 2648 677 tali
2680 620 2771 676 vel
2801 622 3182 693 cogitatione,
3214 626 3439 683 nedum
3470 627 3650 698 facto,
3674 646 3813 686 eum
3860 630 4114 687 abduxit
4154 631 4205 687 is

851 726 883 760 ‹
921 707 1025 780 qui
1055 706 1178 763 ﬁlio
1210 707 1452 762 tonitrui
1472 709 1871 780 compescuit,
1898 724 1973 764 ne
2012 709 2214 778 ignem
2236 707 2386 763 coelo
2416 707 2714 777 elicerent,
2736 726 2877 767 cum
2934 711 3159 770 diceret
3192 731 3205 769 :
3262 737 3290 765 «
3318 720 3407 772 An
3459 719 3701 774 nescitis
3738 720 3913 791 cujus
3963 718 4205 792 spiritus

852 816 882 844 ct
921 795 1095 851 sitis?
1125 818 1153 845 »

923 905 951 933 «
995 886 1222 953 Sgurus
1260 888 1489 949 autem,
1519 885 1845 957 desperata
1868 884 2133 953 victoria,
2173 884 2503 942 adversarii
2530 886 2679 943 aciei
2706 887 3073 947 instruenda
3123 896 3245 948 tam
3280 894 3474 965 periti,
3504 900 3631 951 tam
3678 896 3900 961 diserti,
3960 901 4084 952 tam
4112 896 4202 951 in-

854 993 877 1023 ι
922 972 1321 1043 comparabili
1350 972 1567 1029 virtute
1588 973 1845 1045 praditi,
1878 978 1936 1028 et
1956 974 2119 1029 irrita
2147 974 2599 1047 oppugnatione
2628 977 3037 1049 rupiumarcis
3063 980 3380 1050 intellecta,
3408 984 3561 1039 iram
3592 1001 3767 1041 suam
3814 989 4023 1041 contra
4064 1000 4201 1041 eam

854 1083 875 1109 ι
916 1059 1131 1115 urbem
1157 1060 1505 1116 exstimulat
1526 1062 1698 1132 cujus
1724 1077 1926 1117 arcem
1957 1077 2308 1134 expugnare
2337 1078 2461 1118 non
2480 1068 2730 1135 poterat,
2762 1065 2930 1121 villas
2967 1067 3251 1136 incendit,
3311 1085 3523 1140 greges
3583 1079 3977 1145 armentaque
4021 1073 4197 1145 rapit.

848 1170 878 1197 «
920 1151 986 1205 Et
1001 1154 1138 1221 post
1164 1149 1290 1204 dies
1314 1149 1545 1222 aliquot
1574 1150 1769 1206 soluta
1798 1150 2114 1205 obsidione
2143 1150 2379 1206 Thebas
2408 1157 2722 1223 oppugnat
2749 1154 3007 1226 ;quibus
3023 1156 3220 1226 primo
3251 1159 3477 1230 impetu
3502 1160 3712 1232 captis,
3762 1160 4009 1217 ulterius
4056 1176 4201 1216 con-

844 1259 875 1288 ‹‹
913 1238 1120 1307 tendit,
1154 1253 1223 1293 ac
1250 1239 1664 1311 Thermopylis
1689 1240 1983 1310 superatis
2008 1255 2112 1309 per
2142 1240 2346 1295 (Etam
2370 1244 2636 1294 montem
2663 1241 3089 1301 descendendo
3124 1246 3367 1302 Larissa
3396 1264 3532 1303 cum
3580 1249 3788 1305 Alexio
3841 1250 4202 1322 imperatore

845 1348 875 1376 ‹‹
917 1341 983 1381 se
1008 1327 1338 1397 conjungit.
1365 1330 1416 1381 ls
1453 1328 1613 1382 enim
1647 1343 1682 1383 a
1703 1328 2275 1399 septentrionalibus
2298 1327 2583 1383 lateribus
2610 1329 2856 1384 avulsus
2880 1336 2934 1386 et
2960 1332 3105 1387 urbe
3127 1334 3502 1406 imperatrice
3537 1354 3833 1392 excussus
3854 1339 3913 1392 in
3940 1338 4202 1393 Thessa-

846 1435 876 1464 ιε
915 1413 1030 1470 lica
1057 1417 1276 1485 Tempe
1301 1420 1672 1487 pervenerat.
1706 1417 1786 1470 Ac
1806 1415 1994 1471 ﬁliam
2026 1415 2183 1471 illius
2219 1415 2542 1471 Eudociam
2579 1432 2828 1473 uxorem
2861 1419 3044 1487 ducit,
3077 1438 3213 1493 qt.a
3246 1424 3409 1493 prius
3469 1426 3773 1496 Stephano
3802 1425 4201 1481 Triballorum

843 1524 873 1552 κ
914 1501 1055 1558 duci
1084 1504 1397 1574 nupta,ab
1426 1520 1617 1576 eoque
1634 1503 1953 1576 repudiata
1989 1510 2044 1559 et
2079 1505 2427 1575 Byzantium
2475 1520 2738 1567 reversa,
2760 1513 2899 1578 post
2935 1516 3173 1580 captam
3237 1512 3445 1566 urbem
3509 1519 3565 1567 et
3620 1514 3943 1579 desertam,
3997 1513 4204 1569 Alexio

800 1656 803 1657 ν
848 1613 871 1641 ε
915 1594 1091 1646 Duca
1118 1596 1520 1662 cognomento
1553 1594 1856 1660 Murzutlo,
1883 1592 1990 1665 qui
2016 1595 2352 1648 Romanum
2392 1591 2711 1663 imperium
2751 1600 3089 1664 postremus
3114 1598 3351 1662 invasit,
3380 1607 3687 1670 nupserat.
3726 1600 3838 1655 Sed
3869 1616 3946 1656 ne
3976 1601 4027 1656 is
4073 1602 4203 1672 qui-

844 1701 872 1729 κ
912 1680 1053 1735 dem
1075 1680 1236 1736 illam
1264 1686 1343 1737 ad
1366 1686 1731 1738 senectutem
1760 1697 1952 1753 usque
1978 1682 2186 1737 tenuit.
2209 1684 2358 1737 Nam
2380 1680 2655 1735 Eudocia
2686 1686 2852 1751 pater
2874 1682 3131 1751 Alexius,
3158 1685 3321 1740 haud
3356 1687 3479 1741 scio
3497 1704 3617 1759 qua
3646 1704 3705 1741 re
3727 1688 4043 1760 impulsus,
4062 1688 4204 1743 dolo

846 1790 868 1817 ι
913 1783 1052 1823 eum
1078 1770 1585 1841 comprehensum
1615 1769 1947 1825 luminibus
1972 1769 2225 1838 orbavit,
2249 1785 2379 1824 erro
2415 1770 2613 1825 erroni
2642 1770 3085 1839 infestissimus,
3120 1781 3176 1828 et
3206 1775 3457 1846 imperio
3486 1776 3754 1846 dejectus
3810 1777 3989 1833 simili
4043 1777 4200 1833 cala-

842 1877 871 1905 «
913 1858 1117 1913 mitate
1156 1858 1497 1914 conﬂictato
1522 1859 1998 1914 inimicissimus.
2025 1862 2225 1930 Neque
2256 1858 2448 1913 multo
2480 1863 2617 1930 post
2648 1860 3106 1916 excacationem
3132 1878 3168 1917 a
3191 1862 3409 1918 Latinis
3467 1866 3946 1936 comprehensus
3999 1868 4192 1921 Ducas

840 1966 869 1995 ‹‹
909 1946 1265 2018 Byzantium
1290 1948 1615 2013 reducitur,
1639 1952 1697 2004 et
1726 1947 1807 2003 ob
1832 1948 2149 2003 dominum
2176 1952 2234 2003 et
2251 1948 2678 2019 imperatorem
2712 1964 2890 2004 suum
2913 1951 3420 2022 comprehensum
3452 1958 3508 2008 et
3554 1953 3774 2026 laqueo
3816 1960 4089 2009 enectum
4136 1954 4198 2009 in

843 2055 866 2084 ι
906 2034 1205 2104 judicium
1232 2036 1551 2106 adductus,
1584 2051 1695 2108 pro
1724 2036 1816 2091 sui
1846 2035 2196 2091 defensione
2221 2035 2435 2104 attulit,
2465 2035 2633 2091 illum
2664 2039 2870 2108 patria
2894 2039 3259 2109 proditorem
3282 2042 3577 2097 exstitisse
3608 2048 3666 2097 et
3693 2042 3911 2111 dignas
3933 2057 4044 2098 suo
4071 2058 4195 2097 sce-

838 2141 869 2175 ‹
905 2123 1027 2179 lere
1075 2124 1315 2180 dedisse
1340 2140 1570 2198 panas.
1604 2128 1806 2198 Neque
1834 2140 1897 2180 se
1934 2140 2126 2180 unum
2156 2123 2219 2179 id
2244 2123 2475 2187 fecisse,
2512 2123 2616 2180 sed
2663 2130 2721 2180 et
2751 2125 3013 2198 reliquos
3042 2128 3199 2184 illius
3230 2134 3540 2199 cognatos.
3587 2133 3803 2185 Verum
3843 2130 3945 2196 illi,
3995 2134 4199 2202 spreta

841 2232 865 2262 ι
910 2212 1041 2283 ejus
1075 2214 1365 2285 oratione,
1387 2218 1445 2269 et
1472 2214 1542 2270 iis
1562 2230 1700 2286 qua
1727 2213 2059 2285 adjungere
2087 2212 2368 2284 cupiebat
2397 2212 2575 2284 plane
2602 2213 2950 2284 repudiatis,
2976 2216 3188 2287 capitis
3219 2217 3527 2273 hominem
3567 2218 3996 2289 condemnant,
4030 2233 4192 2273 novo

838 2321 867 2349 «
907 2306 967 2357 et
988 2302 1417 2359 violentissimo
1450 2302 1729 2375 supplicii
1755 2318 1994 2372 genere.
2026 2305 2173 2357 Nam
2209 2302 2271 2357 in
2316 2301 2672 2356 altissimam
2704 2302 3072 2373 columnam,
3102 2320 3238 2376 qua
3293 2304 3353 2359 in
3407 2307 3599 2361 Tauro
3645 2311 3780 2372 stat,
3834 2306 4192 2377 perductum
4248 2374 4251 2377 Α

836 2411 866 2439 ‹‹
907 2391 1300 2462 pracipitant.
1335 2396 1386 2447 ls
1416 2407 1559 2448 vero
1598 2390 2030 2464 aliquandiuin
2053 2391 2239 2463 pedes
2270 2391 2669 2459 descendens,
2700 2391 2917 2447 deinde
2949 2392 3010 2446 in
3054 2398 3238 2463 caput
3289 2393 3617 2449 subversus
3655 2400 3713 2450 et
3762 2394 3931 2450 humi
3989 2394 4195 2449 allisus

834 2496 867 2531 ‹
909 2478 1326 2536 miserabiliter
1355 2481 1596 2536 interiit.
1622 2482 1848 2551 Sgurus
1878 2485 2080 2535 autem
2102 2479 2285 2535 ducta
2312 2479 2589 2550 Eudocia,
2623 2480 2969 2535 marchione
2999 2480 3059 2535 in
3087 2480 3374 2536 Graciam
3398 2483 3739 2549 transituro,
3765 2488 3829 2537 ut
3846 2482 4029 2555 paulo
4056 2488 4193 2537 ante

835 2588 865 2617 α
904 2568 1049 2636 dixi,
1079 2569 1622 2643 Thermopylarum
1655 2570 1966 2639 angustias
1996 2574 2052 2624 et
2082 2568 2271 2623 altum
2304 2573 2573 2623 montem
2609 2568 2692 2623 eis
2718 2568 3153 2635 imminentem,
3185 2575 3517 2641 cateraque
3575 2570 3709 2626 loca
3761 2588 3899 2643 qua
3959 2570 4193 2626 Gracia

834 2676 863 2705 «
904 2656 1136 2713 aditum
1165 2659 1589 2719 intercludunt,
1632 2662 1909 2714 accurate
1928 2656 2323 2713 custodiebat.
2368 2659 2584 2712 Verum
2616 2656 3009 2712 nihilominus
3033 2656 3127 2712 ille
3158 2658 3229 2712 llS
3268 2658 3416 2713 locis
3445 2657 3724 2714 facillime
3750 2660 3970 2731 potitus
4001 2665 4089 2714 est
4114 2659 4195 2714 ob

839 2768 861 2796 ι
905 2753 1255 2803 nostrorum
1278 2748 1585 2818 ignaviam
1613 2764 1685 2803 ac
1715 2747 2043 2816 degeneres
2074 2746 2465 2818 abjectosque
2499 2747 2757 2812 animos,
2781 2744 3037 2815 subinde
3070 2746 3433 2818 potentiores
3463 2747 3656 2803 colere
3687 2747 4012 2803 volentium
4038 2766 4051 2813 ;
4108 2747 4197 2803 id-

838 2857 858 2883 ι
903 2850 1021 2907 que
1043 2852 1183 2893 cum
1216 2853 1338 2893 non
1366 2853 1657 2907 magnum
1706 2836 2031 2892 adduceret
2075 2836 2395 2891 exercitum
2442 2850 2553 2890 nec
2604 2835 2756 2889 inter
2786 2849 2848 2888 se
2874 2834 3368 2900 consentientem,
3411 2836 3515 2891 sed
3564 2835 3867 2908 plerisque
3898 2836 3959 2890 in
3989 2835 4193 2902 rebus,

841 2946 862 2972 ‹
907 2925 1135 2997 quippe
1168 2942 1240 2981 ex
1271 2926 1471 2981 multis
1504 2926 1756 2981 urbibus
1788 2924 2126 2991 collectum,
2149 2923 2560 2979 dissidentem.
2594 2925 2816 2978 Etcum
2847 2923 3045 2993 ipsam
3074 2924 3362 2979 Boeotiam
3416 2924 3743 2994 invaderet,
3802 2930 3923 2980 tam
3976 2924 4195 2997 cupide

829 3033 857 3061 ‹‹
901 3019 1213 3085 susceptus
1242 3020 1328 3070 est
1348 3030 1533 3087 quam
1564 3014 1890 3086 quisquam
1921 3013 2025 3085 qui
2052 3029 2123 3067 ex
2154 3013 2487 3083 longinqua
2513 3012 2869 3067 etdiuturna
2898 3013 3376 3083 peregrinatione
3407 3013 3660 3069 domum
3692 3017 4023 3070 revertitur.
4059 3017 4192 3069 Pro-

830 3123 859 3149 ιι
895 3115 1136 3170 gressus
1162 3103 1343 3158 etiam
1372 3103 1561 3159 Attica
1581 3103 1805 3171 potitur
1830 3109 1887 3157 et
1916 3103 2037 3157 arci
2070 3101 2416 3173 prasidium
2443 3101 2716 3172 imponit.
2747 3103 2894 3156 Cum
2916 3106 3117 3156 autem
3146 3101 3307 3156 idem
3332 3102 3842 3174 archiepiscopus,
3866 3108 3931 3157 ut
3954 3102 4190 3174 pridem

826 3211 855 3240 α
901 3191 1183 3260 Sgurum,
1206 3192 1288 3248 ita
1308 3197 1365 3248 et
1380 3197 1522 3248 tunc
1542 3191 1955 3249 marchionem
1977 3190 2331 3263 propulsare
2362 3198 2585 3262 posset,
2618 3199 2821 3247 tamen
2852 3196 3090 3261 tempus
3122 3206 3158 3246 a
3187 3191 3523 3247 resistendo
3554 3191 3822 3248 alienum
3847 3208 3979 3247 esse
4003 3197 4189 3255 ratus,

829 3301 857 3328 (ι
897 3280 1122 3353 quippe
1152 3281 1301 3337 urbe
1331 3281 1707 3354 imperatrice
1734 3285 2080 3353 expugnata
2102 3284 2296 3335 ettam
2316 3278 2713 3335 Orientalibus
2732 3294 2917 3350 quam
2948 3279 3431 3335 Occidentalibus
3459 3281 3782 3351 provinciis
3814 3282 4032 3336 Latina
4056 3280 4191 3335 has-

832 3389 853 3415 ι
899 3373 972 3423 ta
1013 3370 1299 3426 umbram
1325 3370 1749 3439 subeuntibus,
1785 3370 1928 3424 citra
1957 3368 2411 3423 dimicationem
2448 3367 2776 3422 munitione
2808 3368 2982 3423 cedit.
3018 3368 3329 3424 Postremo
3371 3369 3596 3425 Eubaa
3638 3385 3905 3441 quoque.
3964 3370 4193 3425 omissa

827 3478 855 3506 ι(
897 3458 1268 3529 defensione,
1301 3459 1608 3532 supplices
1640 3458 1717 3514 ad
1748 3458 2163 3514 marchionem
2194 3473 2412 3512 manus
2444 3456 2648 3521 tendit,
2682 3463 2737 3512 et
2766 3458 3051 3512 exercitui
3086 3458 3300 3529 Euripo
3330 3458 3705 3514 concitatiori
3735 3464 3981 3531 pontem
4009 3458 4190 3513 subs-

825 3568 855 3597 «
895 3549 1071 3603 ternit
1115 3566 1128 3614 ;
1195 3555 1253 3604 et
1298 3550 1360 3604 in
1399 3550 1531 3621 ipso
1580 3548 1729 3604 freto
1797 3547 2106 3603 castellum
2160 3546 2549 3609 adiﬁcatum,
2607 3545 2667 3600 in
2709 3560 2901 3615 eoque
2958 3544 3266 3601 sedentem
3323 3546 3641 3601 exercitum
3695 3547 3899 3609 cernit,
3956 3563 3993 3602 a
4066 3562 4191 3619 quo

827 3658 855 3686 ιι
899 3636 1221 3693 mutabiles
1252 3637 1608 3693 insularium
1637 3637 1822 3692 animi
1844 3641 1899 3691 et
1925 3632 2143 3691 callida
2173 3634 2421 3690 consilia
2450 3650 2487 3689 a
2515 3634 2843 3689 defectione
2875 3641 3306 3689 coercerentur.
3344 3635 3456 3690 Sed
3470 3635 3617 3707 quid
3641 3652 3838 3691 meam
3857 3638 4191 3691 orationem

824 3748 854 3777 ‹‹
892 3725 1137 3781 barbari
1167 3731 1546 3782 antevertunt
1567 3730 1623 3781 et
1652 3726 1913 3781 historia
1942 3740 2185 3780 cursum
2226 3729 2544 3793 occupant,
2601 3737 2711 3777 nec
2741 3722 2819 3777 ab
2869 3722 2988 3777 ullo
3018 3722 3363 3778 adversario
3410 3722 3823 3779 destinentur?
3879 3740 4021 3779 nam
4061 3724 4191 3779 hac

824 3834 853 3862 ‹‹
896 3819 961 3868 ut
982 3813 1197 3869 Thebis
1221 3814 1487 3886 spoliatis
1513 3820 1570 3869 et
1595 3813 1840 3869 Athenis
1868 3812 2177 3883 occupatis
2210 3812 2268 3865 in
2294 3814 2584 3866 Eubaam
2612 3813 2971 3877 transierint,
3004 3812 3202 3867 adhuc
3234 3812 3407 3869 refert
3434 3833 3445 3869 :
3486 3814 3566 3868 illi
3597 3830 3759 3883 vero,
3790 3830 3913 3869 non
3938 3820 4001 3868 ut
4023 3813 4161 3885 pedi

829 3926 851 3952 ι
897 3908 1003 3971 tes,
1031 3904 1137 3959 sed
1157 3910 1215 3960 ut
1246 3906 1419 3960 aeria
1450 3905 1747 3971 volucres,
1780 3903 1891 3958 alis
1923 3918 2108 3973 supra
2135 3902 2444 3956 historiam
2477 3901 2683 3965 evecti,
2707 3901 2783 3955 ad
2822 3901 3111 3956 Isthmum
3140 3901 3412 3963 tendunt,
3452 3903 3797 3974 oppositum
3838 3902 3920 3957 ibi
3977 3904 4191 3957 Roma-

824 4014 854 4041 ι(
894 4008 1041 4048 num
1074 3995 1399 4049 exercitum
1424 3993 1768 4066 proﬂigant,
1804 3991 2014 4047 urbem
2044 3992 2103 4046 in
2132 3991 2354 4045 Isthmo
2387 3991 2563 4045 sitam
2601 3989 2958 4061 locupletem
3003 3989 3144 4044 olim
3186 3990 3533 4046 Corinthum
3561 3992 3800 4046 intrant.
3820 3990 3984 4046 Unde
4000 3996 4190 4061 Argos

830 4105 851 4131 ι
896 4087 1242 4151 transeunt;
1280 4084 1599 4139 Laconiam
1623 4083 1931 4155 pervagati
1956 4082 2325 4152 impetumin
2358 4078 2862 4134 Achiamtaciunt.
2900 4078 3042 4133 Inde
3064 4081 3395 4135 Mathonem
3427 4084 3674 4151 petunt;
3708 4080 3786 4135 ad
3812 4079 4020 4151 Pylum
4050 4083 4188 4135 Nes-

829 4194 851 4221 ‹
896 4172 1059 4239 toris,
1086 4173 1343 4239 patriam
1372 4172 1761 4227 contendunt.
1794 4170 1882 4225 Ad
1910 4170 2205 4241 Alpheum
2233 4169 2411 4223 etiam
2441 4184 2788 4223 accessuros
2822 4167 3097 4236 arbitror,
3125 4185 3195 4224 ex
3234 4186 3425 4240 eoque
3456 4175 3632 4241 potos
3663 4174 3717 4224 et
3745 4168 3900 4224 lotos
3931 4175 4188 4224 veterem

822 4283 851 4310 «
886 4261 1227 4331 jucundam
1253 4261 1522 4316 fabulam
1553 4261 1885 4327 audituros,
1920 4259 2171 4313 fluvium
2193 4274 2332 4313 eum
2363 4258 2663 4312 Arethusa
2680 4257 2855 4311 fontis
2873 4258 3069 4321 Siculi,
3094 4274 3273 4329 quem
3294 4258 3688 4313 ltalorumtilii
3710 4258 3949 4325 bibunt,
3981 4274 4189 4313 amore

827 4372 855 4399 ‹‹
894 4350 1327 4421 liquescentem
1351 4350 1538 4405 vereri
1567 4365 1639 4404 ne
1669 4366 1793 4403 sua
1822 4364 1995 4419 aqua
2028 4363 2341 4402 successus
2376 4345 2718 4401 Latinorum
2752 4353 2808 4400 et
2842 4363 2935 4401 res
2965 4364 3116 4418 quas
3132 4352 3339 4401 contra
3367 4347 3603 4402 Gracos
3621 4348 3911 4415 gesserint
3939 4347 4189 4419 inscrip-

824 4460 851 4488 ι(
893 4445 983 4494 tas
1017 4439 1093 4494 ad
1122 4439 1445 4511 populares
1468 4454 1677 4493 eorum
1712 4437 1969 4508 perferre
1995 4440 2264 4504 cogatur.
2301 4437 2535 4503 Verum,
2561 4451 2596 4489 o
2620 4437 2817 4490 Grace
2850 4436 3027 4491 ﬂuvie
3050 4436 3292 4507 Alphee,
3322 4437 3478 4492 latex
3512 4452 3617 4507 per
3649 4436 4025 4503 salsuginem
4054 4452 4188 4491 ma-

830 4551 851 4577 ι
896 4544 1050 4583 nans
1078 4528 1375 4600 potabilis,
1408 4544 1501 4582 res
1526 4528 1737 4583 auditu
1769 4526 1943 4591 mira,
1972 4524 2197 4579 amoris
2241 4524 2613 4592 incendium,
2665 4541 2807 4578 cave
2859 4528 3193 4580 t'iracorum
3228 4527 3602 4581 calamitates
3656 4525 3866 4581 Siculis
3913 4525 4192 4581 barbaris

825 4639 853 4666 «
896 4617 1171 4689 explices,
1200 4622 1305 4673 aut
1331 4632 1772 4673 commemores
1802 4619 2067 4687 quantas
2096 4629 2189 4667 res
2220 4613 2543 4683 pOpulares
2583 4629 2791 4669 eorum
2825 4622 3034 4670 contra
3061 4617 3290 4670 Gracos
3337 4615 3649 4683 gesserint,
3697 4631 3772 4669 ne
3801 4615 4035 4670 chorea
4072 4615 4189 4669 du-

824 4728 855 4755 «
896 4712 1126 4772 cantur,
1151 4722 1226 4761 ne
1249 4722 1493 4778 paanes
1527 4710 1863 4767 cantentur,
1894 4719 1967 4757 ne
1990 4701 2191 4774 plures
2213 4702 2415 4756 hostes
2447 4701 2771 4773 appellant.
2798 4704 3106 4775 Paulisper
3128 4711 3433 4775 eXspecta.
3474 4704 3663 4759 Multa
3679 4709 3818 4758 sunt
3841 4703 3976 4759 belli
4004 4705 4185 4772 vices;

825 4819 852 4845 α
895 4800 1133 4852 tessera
1161 4796 1351 4850 instar
1380 4794 1706 4850 volvuntur
1732 4810 1826 4848 res
1855 4790 2223 4846 mortalium.
2256 4793 2419 4845 Nunc
2448 4792 2561 4855 his,
2593 4806 2753 4847 nunc
2780 4792 2894 4848 illis
2926 4794 3080 4848 favet
3107 4793 3385 4859 victoria;
3430 4809 3503 4847 ne
3557 4792 3896 4848 Alexandro
3941 4793 4185 4863 quidem

829 4906 850 4934 ‹
896 4884 1091 4939 ferunt
1115 4884 1321 4939 omnia
1352 4883 1719 4939 successisse
1751 4898 1824 4936 ex
1855 4878 2170 4946 sententia,
2197 4892 2306 4932 nec
2334 4879 2583 4934 Casaris
2614 4881 2855 4937 fortuna
2886 4882 3075 4937 caruit
3104 4881 3560 4937 offensionibus.
3594 4885 3695 4937 Per
3720 4882 3919 4953 ipsam
3942 4882 4186 4937 Arethu-

826 4997 853 5025 ι(
895 4991 1027 5030 sam
1059 4980 1113 5030 te
1143 4973 1429 5029 obtestor.
1469 4995 1491 5023 ι

895 5067 1019 5120 Huc
1050 5080 1241 5136 usque
1260 5064 1511 5128 Nicetas,
1532 5079 1606 5118 ex
1635 5061 1809 5132 cujus
1837 5059 2178 5115 narratione
2210 5056 2449 5113 traditio
2480 5058 2554 5115 de
2585 5060 2931 5130 regionibus
2973 5062 3185 5117 Gracis
3219 5077 3253 5115 a
3286 5061 3506 5115 Latinis
3555 5060 3914 5133 expugnatis
3967 5076 4073 5132 per
4119 5061 4185 5115 41

820 5154 1061 5211 iambos
1090 5154 1389 5209 trimetros
1414 5154 1471 5209 in
1495 5152 1850 5208 chronicum
1882 5148 2195 5205 metricum
2224 5146 2302 5201 ab
2328 5148 2553 5216 Angelo
2586 5151 2731 5207 Maio
2767 5167 2865 5206 au.
2896 5154 3028 5206 1828
3068 5150 3294 5207 editum
3330 5150 3600 5220 transiit;
3635 5149 4035 5221 compositum
4085 5165 4192 5205 au-

818 5248 940 5299 tem
966 5242 1428 5299 estchronicum
1459 5242 1603 5297 illud
1640 5240 1719 5297 ad
1747 5240 2050 5313 Ephraim,
2071 5236 2372 5291 monacho
2408 5240 2751 5309 Byzantino.
2785 5244 2887 5313 qui
2917 5238 3392 5311 Thermophylas
3416 5239 3476 5293 in
3518 5238 3919 5311 municipium
3976 5239 4189 5295 Attica

821 5332 1129 5398 convertit,
1162 5336 1220 5388 et
1240 5337 1543 5387 certamen
1575 5330 1795 5386 ducem
1819 5327 2200 5400 Naupliotam
2226 5325 2378 5380 inter
2407 5334 2463 5381 et
2488 5329 3008 5402 archiepiscopum
3032 5329 3456 5384 Atheniensem
3508 5328 3568 5383 in
3628 5328 3813 5384 hocce
3849 5328 4197 5385 tetrasticho

820 5421 1111 5477 absolvit:

890 5512 1040 5572 Τέλος
1072 5509 1471 5585 προσαῤῥάσσει
1504 5506 1561 5561 δὲ
1586 5514 1675 5561 καὶ
1705 5516 1815 5568 ταῖς
1845 5508 2112 5567 Ἀθήναις·
2610 5511 2659 5561 Ρ(

1968 5512 2112 5567 ὴναις·
2610 5511 2909 5563 Postremo
2944 5507 3205 5562 Athenas
3245 5507 3411 5577 ipsas
3447 5506 3737 5562 adoritur.

890 5601 1026 5654 Ἀλλ’
1054 5599 1434 5672 ἀποκρουσθεὶς
1464 5598 1837 5674 ἁρχιποιμένος
1867 5597 2037 5667 λόγοις
2607 5596 2659 5650 Si

2003 5617 2037 5657 ις
2607 5596 2717 5651 Sed
2741 5596 3017 5667 repulsus
3043 5596 3469 5679 sapientissimi
3492 5595 3772 5651 antistitis

886 5697 989 5743 Τοῦ
1021 5692 1315 5742 Χωνιιάτου
1343 5688 1566 5759 Μιχαὴλ
1591 5696 1683 5739 τοῦ
1714 5686 2005 5759 πανσόφου,
2602 5688 2649 5742 Μ

1845 5686 2005 5759 -ὀφου,
2602 5686 2901 5742 Michaelis
2934 5685 3237 5742 Choniata
3254 5685 3614 5757 eloquentia.

889 5778 1090 5840 Θήϐαις
1117 5777 1316 5852 ἐφορμᾲ
1344 5783 1551 5851 ταχέως
1590 5776 1924 5839 ἑπταπύλοις.
2598 5775 2658 5830 Tl

2598 5775 2832 5830 Thebas
2862 5774 3175 5830 confestim
3209 5775 3460 5831 Bomtias
3489 5772 3740 5830 invadit.

885 5868 1130 5926 Brevius
1160 5868 1300 5927 dein
1319 5866 1396 5926 de
1425 5868 1632 5927 Attica
1657 5871 1716 5926 et
1742 5867 2062 5942 regionum
2090 5862 2429 5920 vicinarum
2458 5865 2932 5941 expugnatione:
