4480 6430
307 427 418 482 309
1845 425 2071 482 ΝΟΤΙΤΙ

1904 425 2118 482 ΟΤΙΤΙΛ
2131 469 2146 483 .
3568 432 3673 484 310

379 551 676 619 Μαρκίσιος
716 543 774 599 δὲ
803 551 897 604 τὴν
938 550 1184 600 Βοιωτίαν
1224 548 1450 618 φθάσας,
2097 551 2146 603 Μ

1265 548 1450 612 θάσας,
2097 548 2356 604 Marchio
2386 548 2672 604 Boeotiam
2701 549 3029 620 ingressus,

380 643 589 692 Ταυτην
614 640 982 708 παρεστήσατο
1007 643 1118 695 ταῖς
1155 642 1519 707 στρατηγίαις·
2094 643 2149 691 Α]

976 658 982 682 ›
1007 643 1118 695 ταῖς
1155 642 1519 707 στρατηγίαις·
2094 639 2289 692 Armis
2317 653 2453 692 eam
2475 637 2711 706 subegit
2734 655 2745 692 :

384 729 579 796 Κρατιί
613 727 806 798 προῖὼν
841 722 1084 784 ’Δττικῆς
1113 726 1207 774 σὺν
1237 721 1448 794 Εὐϐοίᾳ.
2095 730 2153 780 Α1

2095 725 2345 781 Atticam
2377 741 2517 781 cum
2538 725 2766 782 Euboea
2795 742 2919 782 suae
2948 726 3191 782 ditionis
3209 725 3371 785 fecit.

1092 846 1120 917 ς
1159 849 1221 900 ν.
1259 847 1400 914 Quae
1429 847 1682 903 Athenis
1711 853 1846 917 post
1882 847 2194 904 Michaelis
2221 855 2491 918 tempora
2518 849 2890 906 acciderunt.

383 952 586 1008 Niceta
617 956 860 1008 auctore
886 954 1110 1024 Sgurus
1129 958 1265 1026 post
1285 951 1520 1009 cladem
1552 953 1630 1009 ad
1652 954 2086 1026 Thermopylas
2118 959 2429 1026 acceptam
2457 955 2952 1011 Acrocorinthum
2974 970 3036 1011 se
3059 955 3304 1029 recepit,
3320 955 3426 1012 ubi
3454 960 3522 1013 ut
3549 956 3674 1014 bel-

306 1040 416 1098 lua
438 1041 500 1096 in
531 1046 706 1097 antro
737 1056 800 1096 se
827 1039 1081 1109 abdidit,
1106 1056 1446 1114 corpusque
1472 1046 1682 1098 contra
1710 1042 1946 1098 Latinos
1976 1041 2259 1098 defendit.
2290 1042 2550 1098 Athenas
2579 1042 2796 1098 deinde
2828 1043 3009 1114 (unde
3039 1043 3282 1100 Michael
3311 1050 3671 1111 excesserat,

310 1127 369 1186 et
389 1130 563 1200 cujus
584 1145 691 1184 arx
721 1145 756 1185 a
777 1129 978 1185 multis
1008 1130 1378 1186 Francorum
1405 1130 1592 1202 copiis
1623 1130 2096 1200 custodiebatur)
2125 1137 2180 1188 et
2212 1133 2493 1188 Boeotiam
2521 1131 2874 1200 Bonifacius,
2907 1148 3014 1188 rex
3031 1132 3488 1204 Thessalonicae,
3522 1134 3676 1190 emi-

309 1217 671 1274 nentissimo
697 1227 738 1272 te
762 1217 1115 1273 consiliariis
1146 1219 1294 1286 suis,
1327 1220 1522 1275 Ottoni
1553 1218 1628 1274 de
1649 1219 1820 1290 Rupe
1851 1219 2251 1289 gubernanda
2283 1219 2555 1285 tradidit;
2589 1220 2900 1293 utriusque
2947 1226 3151 1276 autem
3177 1222 3502 1294 provinciae
3525 1221 3679 1278 sicut

311 1306 550 1362 Eubmae
581 1309 641 1362 et
666 1305 1001 1361 Bodonitzai
1029 1306 1368 1362 dominium
1395 1305 1707 1362 Guillelmo
1736 1306 1811 1362 de
1843 1308 2196 1382 Champlitte
2228 1309 2423 1374 cessit,
2453 1309 2598 1380 quia
2619 1324 2692 1364 ex
2717 1309 2941 1365 Achaia
2973 1315 3030 1365 et
3059 1309 3217 1365 Elide
3243 1309 3554 1382 profectus
3576 1313 3678 1367 Pe-

305 1396 673 1468 loponesum
700 1393 1027 1464 subjugare
1058 1400 1339 1465 coeperat.

309 1506 414 1557 Καὶ
443 1501 634 1562 inire;
669 1503 770 1574 γὰρ
803 1503 870 1562 ὡς
902 1501 1108 1571 εὐγενὴς
1136 1507 1226 1553 καὶ
1262 1503 1428 1575 ῥὴγας
1449 1503 1577 1554 ὀποῦ
1609 1499 1750 1568 ἦτον,
2026 1503 2078 1558 ll]

1397 1521 1428 1562 ες
1449 1503 1577 1554 ὀποῦ
1609 1499 1750 1568 ἦτον,
2026 1503 2122 1559 ille
2145 1508 2345 1559 autem
2374 1517 2766 1573 genererosus
2794 1507 2859 1558 ut
2886 1519 2990 1559 rex
3019 1509 3166 1570 erat,

303 1599 409 1666 τοῦ
439 1589 602 1645 ἔδωκε
625 1598 716 1643 καὶ
747 1591 994 1665 ἕχάρισιν
1019 1601 1113 1654 τῆς
1139 1594 1361 1650 Ἀθηνοῦ
1381 1597 1439 1644 τὸ
1468 1593 1706 1665 ὁμάτζιο.
2029 1592 2072 1646 II

1293 1600 1361 1644 νοῦ
1381 1597 1439 1644 τὸ
1468 1593 1706 1665 ὁμάτζιο.
2029 1592 2090 1646 In
2121 1591 2476 1660 homagium
2503 1590 2556 1646 ei
2585 1590 2750 1646 dedit
2769 1591 3062 1656 Athenas;

304 1687 482 1753 Μάγαν
509 1684 684 1756 Κύρην
713 1685 800 1732 τὸν
829 1680 1022 1750 ἵλεγαν,
1055 1681 1217 1742 οὕτως
1243 1685 1330 1732 τὸν
1360 1682 1632 1752 ὠνομάξαν
2026 1682 2069 1735 U

2026 1682 2095 1735 Ut
2115 1682 2363 1749 Magnus
2392 1679 2681 1734 Dominus
2711 1679 2931 1735 sultani
2961 1695 3184 1736 nomen
3214 1679 3463 1754 accepit,

308 1773 531 1824 Ἐκεῖνον
554 1772 682 1822 ὀποῦ
715 1769 1009 1822 αὑθέντευεν
1047 1768 1183 1821 ὶτὸτε
1210 1774 1306 1827 τήν
1346 1769 1588 1828 Ἀθήναν
2025 1769 2070 1834 Ο

1585 1792 1588 1803 ι
2025 1768 2136 1834 Qui
2165 1767 2266 1823 illo
2295 1774 2566 1839 tempore
2601 1767 2863 1824 Athenas
2896 1768 3148 1840 imperio
3167 1768 3354 1837 rexit;

307 1860 398 1914 Ἐκ
426 1868 526 1912 τῶν
561 1858 810 1916 Ἑλλήνων
840 1862 898 1909 τὸ
929 1862 1114 1930 ιῖχασι
1153 1861 1210 1910 τὸ
1240 1860 1401 1930 ὄνομα
1437 1862 1538 1932 γὰρ
1570 1858 1748 1912 ἐκεῖνο.
2026 1859 2076 1911 Νι

1503 1879 1538 1932 ερ
1570 1858 1748 1912 ἐκεῖνο.
2026 1859 2253 1912 Nomen
2280 1861 2482 1911 autem
2513 1871 2550 1910 a
2581 1856 2800 1911 Graecis
2832 1857 3092 1912 mutuati
3113 1861 3272 1912 sunt.

304 1949 576 2021 Ὡσαύτως
612 1950 711 2020 γὰρ
751 1954 843 1998 τοῦ
869 1942 1030 1999 ἔδωκε
1059 1951 1181 2021 τρία
1218 1948 1446 2019 ὁμάτζια
1470 1955 1562 1999 τοῦ
1592 1947 1842 2020 Εὐρίπου,
2026 1945 2073 2000 Ιι

1376 1953 1446 2006 ῖια
1470 1955 1562 1999 τοῦ
1592 1947 1842 2020 Εὐρίπου,
2026 1945 2172 2000 Item
2196 1945 2306 2000 tria
2325 1944 2614 2013 homagia
2645 1961 2826 2017 super
2857 1946 3145 2018 Euripum

308 2046 419 2101 Τῆς
449 2033 791 2096 Πονδινίτζας
819 2031 1012 2105 ἁλαδὴ,
1047 2039 1105 2087 τὸ
1136 2034 1420 2108 ἐκράτησεν
1451 2038 1476 2088 ὁ
1507 2037 1807 2107 Μαρκὸζης,
2029 2036 2077 2089 Ei

2029 2036 2091 2090 Et
2122 2049 2304 2106 super
2332 2034 2747 2101 Bodonitzam,
2774 2036 3071 2092 concessit
3089 2035 3362 2092 marchio
3389 2034 3521 2106 lege
3541 2051 3679 2093 san-

307 2131 392 2180 Νὰ
451 2130 516 2179 τὰ
574 2133 858 2199 κρατοῦσιν
925 2123 1015 2176 ἀπ’
1072 2125 1228 2177 αὐτὸν
1302 2131 1392 2177 καὶ
1447 2127 1664 2183 αὐθέντῃ
1721 2128 1784 2176 νὰ
1829 2128 1916 2176 τὸν

1837 2128 1916 2176 τὸν
3091 2122 3280 2198 [ciens
3303 2128 3368 2181 ut
3395 2124 3606 2181 incolas

1709 2211 1912 2286 [ἔχουν.
2025 2215 2172 2268 Eum
2201 2228 2311 2285 pro
2341 2213 2589 2270 domino
2620 2229 2729 2269 suo
2756 2219 3170 2283 agnoscerent.

307 2312 351 2357 Ο
394 2305 640 2365 αὐθέντης
685 2300 745 2357 δέ
792 2312 889 2363 τῆς
940 2305 1161 2360 Ἀθηνοῦ
1214 2301 1316 2354 ἀπὸ
1364 2306 1712 2378 Βουργουνιάν
1769 2303 1913 2370 ἦτον,
2024 2303 2076 2357 Ο]

1908 2347 1913 2366 ,
2024 2301 2325 2357 Oriundus
2369 2308 2571 2359 autem
2623 2307 2752 2359 erat
2792 2303 3162 2359 Athenarum
3194 2303 3563 2374 gubernator
3604 2318 3677 2360 ex

1665 2391 1797 2463 [κτλ.
1843 2394 1858 2460 (
1869 2391 1914 2460 t)
3072 2391 3464 2463 [Burgundia,
3492 2397 3604 2448 etc.

377 2501 470 2554 Ab
503 2501 716 2555 Ottone
746 2497 822 2553 de
852 2500 1014 2570 Rupe
1047 2497 1236 2569 (Ὀθῶν
1256 2498 1339 2550 vri
1365 2498 1430 2549 λὰ
1459 2498 1688 2566 Ῥώτζι),
1714 2497 2164 2566 Burgundione,
2188 2497 2556 2553 Athenarum
2583 2497 2988 2567 moderatore,
3011 2500 3186 2570 cujus
3215 2498 3421 2570 nepoti
3441 2514 3513 2555 ac
3543 2515 3674 2556 suc-

304 2588 527 2645 cessori
561 2587 899 2644 Ludovicus
921 2592 1187 2655 sanctus,
1218 2604 1319 2641 rex
1354 2587 1636 2651 Franciae,
1670 2587 1958 2658 principis
1991 2585 2226 2641 Achaiae
2255 2586 2608 2654 dignitatem
2641 2587 2961 2655 concessit,
2990 2587 3027 2642 i.
3047 2603 3098 2643 e.
3123 2602 3286 2643 anno
3321 2591 3473 2654 1205,
3494 2587 3678 2644 series

303 2678 515 2749 incipit
541 2676 882 2748 principum
915 2677 1285 2731 Francorum
1307 2675 1412 2748 qui
1444 2691 1549 2748 per
1579 2675 1874 2730 ducentos
1901 2675 2346 2747 quinquaginta
2379 2691 2574 2730 annos
2593 2676 2671 2730 ad
2705 2679 2839 2732 1453
2864 2692 3054 2748 usque
3084 2677 3349 2732 Athenas
3367 2675 3679 2747 regebant,

305 2781 432 2838 qua
459 2766 520 2820 in
548 2765 694 2820 urbe
733 2763 873 2819 inde
904 2779 939 2819 a
972 2763 1164 2820 Codro
1204 2769 1258 2819 et
1290 2764 1674 2820 Pisistratinis
1705 2780 1804 2819 rex
1851 2763 2051 2819 nullus
2081 2764 2336 2826 sederat.
2378 2770 2435 2820 et
2467 2765 2571 2820 ubi
2610 2765 2878 2837 quinque
2910 2765 3144 2821 saeculis
3169 2769 3310 2837 post
3336 2764 3506 2821 illum
3535 2767 3679 2822 Bur-

309 2854 707 2924 gundionem,
743 2852 910 2908 alteri
941 2852 1184 2908 cuidam
1217 2853 1438 2919 Ottoni,
1473 2853 1751 2908 Germani
1779 2852 2111 2924 sanguinis,
2139 2859 2508 2909 reservatum
2553 2857 2700 2920 erat,
2730 2858 2792 2909 ut
2822 2869 3112 2925 magnam
3161 2854 3401 2910 Graeciae
3441 2858 3679 2927 partem

308 2958 449 2999 cum
474 2941 763 3011 dignitate
793 2946 850 2996 et
868 2940 1095 2996 honore
1125 2940 1243 2996 leni
1276 2946 1513 3012 sceptro
1537 2940 1876 3011 subjecerit.

383 3033 513 3086 Una
542 3046 682 3086 cum
712 3029 960 3084 domino
991 3029 1266 3084 saeculari
1297 3045 1490 3101 eoque
1533 3034 1892 3101 usurpatore
1915 3030 2308 3094 Athenarum,
2339 3030 2633 3087 Michaelis
2663 3031 2897 3102 expulsi
2919 3031 3121 3088 sedem
3155 3031 3421 3106 archiep.
3455 3034 3675 3088 Roma-

309 3135 448 3187 nus,
478 3118 727 3174 nomine
749 3117 1046 3173 Berardus
1073 3117 1414 3189 occupavit,
1442 3133 1623 3190 quem
1667 3133 1790 3173 non
1835 3118 1948 3174 nisi
1973 3135 2046 3174 ex
2070 3119 2336 3192 epistolis
2364 3136 2518 3192 quas
2547 3120 2927 3176 Innocentius
2959 3121 3028 3176 IIl
3060 3122 3166 3176 PP.
3195 3121 3248 3176 ei
3275 3121 3531 3192 scripsit,
3572 3137 3680 3178 no-

312 3209 532 3263 vimus.
556 3210 619 3264 ln
643 3207 802 3262 notis
832 3221 985 3278 quas
1009 3205 1202 3260 editor
1221 3206 1314 3262 Fr.
1349 3206 1706 3278 Bosquetius
1735 3206 1953 3277 adjecit
1974 3208 2095 3279 (ed.
2118 3207 2338 3275 Tolos.,
2361 3213 2486 3265 not.
2518 3224 2577 3281 p.
2603 3210 2655 3277 9)
2689 3208 2984 3264 Michaelis
3000 3209 3298 3265 Choniataa
3313 3210 3682 3266 mentionem

309 3296 452 3352 facit
478 3297 559 3352 ita
584 3293 927 3350 duriuscule
959 3294 1230 3350 scribens
1257 3313 1269 3346 :
1297 3317 1324 3343 ‹‹
1348 3295 1561 3350 Graecis
1592 3311 1794 3350 rerum
1820 3295 2084 3351 dominis
2109 3297 2451 3352 Atheniensi
2479 3297 2749 3352 Ecclesiae
2783 3302 3037 3369 praeerat
3064 3297 3308 3354 Michael
3338 3297 3679 3369 Choniates,

308 3385 413 3457 qui
443 3385 631 3456 captis
661 3383 905 3442 Athenis
936 3399 972 3439 a
1003 3383 1353 3438 marchinne
1385 3383 1797 3439 Montisferrati
1818 3383 1967 3438 urbe
1988 3385 2184 3448 cessit,
2213 3391 2279 3440 ut
2305 3391 2510 3441 narrat
2539 3386 2667 3455 ejus
2697 3384 2879 3441 frater
2907 3386 3165 3455 Nicetas,
3192 3387 3296 3460 qui
3341 3402 3480 3442 eum
3505 3386 3686 3442 nobis

311 3475 522 3530 Grzca
563 3473 682 3541 ﬁde
721 3478 778 3527 et
805 3471 1065 3528 fraterno
1093 3470 1312 3526 affectu
1351 3478 1633 3527 sanctum
1677 3473 1995 3542 praedicat.
2025 3495 2051 3522 ››
2075 3473 2473 3528 Nihilominus
2513 3473 2672 3528 idem
2719 3473 2836 3530 alio
2862 3475 2924 3530 in
2955 3473 3110 3540 loco,
3144 3475 3308 3530 hunc
3339 3475 3686 3532 Michaelem

306 3579 448 3618 cum
481 3561 938 3633 archiepiscopo
991 3563 1263 3616 Romano
1294 3560 1662 3616 confundere
1693 3561 1947 3625 videtur,
2003 3561 2080 3617 ad
2125 3578 2306 3633 quem
2341 3562 2720 3618 Innocentius
2762 3563 2989 3619 litteras
3037 3563 3292 3636 scripsit.
3321 3566 3404 3619 Ex
3430 3565 3687 3620 istarum

306 3651 698 3723 epistolarum
732 3665 856 3704 una
887 3654 1065 3720 patet,
1091 3656 1159 3703 ut
1192 3648 1574 3706 Schlosserus
1601 3665 1848 3722 quoque
1879 3651 2057 3720 (Hist.
2091 3652 2284 3720 δωρεά
2306 3652 2550 3721 Crucig.
2586 3654 2651 3718 ll,
2683 3666 2742 3723 p.
2771 3653 2862 3720 63)
2884 3651 3172 3721 declarat,
3198 3668 3235 3708 a
3256 3652 3476 3708 Latinis
3498 3669 3529 3708 e
3558 3652 3689 3724 plu-

306 3740 479 3796 ribus
499 3738 884 3804 dicecesihus,
918 3738 1280 3806 civitatibus,
1305 3744 1440 3805 etc.,
1464 3739 1748 3809 expulsos
1768 3738 1958 3794 fuisse
1986 3741 2221 3795 Grtrcos
2248 3741 2464 3794 eadem
2496 3740 2897 3808 inclementia,
2922 3756 3046 3812 qua
3065 3746 3281 3813 postea
3301 3757 3337 3797 a
3356 3741 3560 3797 Turcis
3583 3745 3687 3809 (2).

307 3828 526 3884 Videre
556 3828 734 3882 etiam
765 3842 798 3882 e
829 3826 1070 3882 duobus
1101 3826 1231 3881 aliis
1254 3826 1523 3898 epistolis
1554 3828 1766 3899 Papeaa
1800 3827 1877 3882 ad
1899 3828 2163 3898 archiep.
2196 3827 2554 3884 Thebanum
2587 3829 2647 3901 (1.
2678 3846 2713 3899 ι,
2739 3844 2832 3901 ep.
2873 3831 2998 3901 HO)
3030 3835 3089 3884 et
3110 3830 3373 3902 archiep.
3399 3829 3687 3901 Amyclae-

308 3934 516 3973 ensem
543 3917 604 3988 (1.
639 3932 710 3978 iv,
748 3931 844 3987 ep.
875 3918 985 3983 98),
1026 3917 1300 3971 Ottonem
1332 3915 1390 3970 in
1415 3917 1844 3971 certaminibus
1871 3917 2259 3972 saecularibus
2280 3922 2337 3972 et
2357 3917 2770 3974 ecclesiasticis
2790 3918 3117 3975 anathema
3145 3918 3492 3986 incurrisse,
3514 3919 3689 3989 cujus

308 4008 392 4062 rei
424 4012 737 4079 pertaesus,
781 4005 1073 4074 dignitate
1119 4004 1357 4068 abdica,
1412 4021 1574 4060 anno
1607 4006 1738 4060 1221
1791 4011 2073 4078 nepotem
2105 4006 2438 4062 Guidonem
2471 4006 2582 4061 sibi
2613 4007 2933 4062 succedere
2963 4007 3152 4063 voluit
3179 4012 3238 4063 et
3267 4007 3328 4063 in
3373 4007 3689 4065 Franciam

306 4112 588 4152 reversus
616 4101 723 4151 est.
3233 4116 3240 4120 α

1439 4187 1466 4251 §
1507 4186 1593 4238 Vl.
1637 4185 1953 4241 Michaelis
1971 4193 2238 4241 senectus
2260 4191 2314 4240 et
2344 4185 2558 4240 obitus.

381 4281 626 4338 Michael
651 4282 821 4338 exsul
845 4298 966 4338 non
998 4282 1200 4337 minus
1242 4282 1466 4353 tragice
1498 4298 1685 4353 quam
1713 4283 1942 4337 Nicetas
1965 4283 2213 4355 aulicus,
2249 4284 2426 4339 totius
2461 4285 2694 4356 imperii
2726 4287 3109 4341 Romaeorum
3130 4285 3538 4341 miserrimum
3569 4288 3690 4341 sta-

306 4379 456 4443 tum,
491 4371 690 4441 gregis
711 4372 1050 4427 custodiam
1082 4377 1352 4442 ereptam
1383 4376 1440 4426 et
1468 4371 1746 4426 exsilium
1778 4371 2054 4442 deplorat
2081 4373 2158 4442 (3;
2184 4391 2196 4427 :
2235 4373 2740 4428 «Lamentationis
2766 4373 3014 4445 c0piosa
3045 4373 3192 4429 mihi
3235 4373 3488 4430 materia
3513 4373 3690 4429 adest

309 4469 438 4518 tum
465 4461 545 4517 ob
577 4476 963 4516 communem
997 4461 1401 4516 calamitatem
1430 4465 1555 4515 tum
1580 4466 1827 4532 propter
1856 4477 2051 4516 meam
2079 4463 2289 4532 ipsius,
2320 4467 2639 4533 eapropter
2663 4462 2829 4534 quod
2853 4463 3146 4534 templum
3163 4462 3412 4533 illustre,
3441 4461 3691 4534 opulen-

309 4555 462 4619 tum,
494 4551 646 4622 proh
673 4552 854 4605 Deum
881 4549 1284 4606 immortalem
1310 4550 1322 4604 l
1357 4549 1523 4621 quod
1549 4551 1810 4619 majores
1837 4550 2023 4605 nostri
2043 4551 2309 4622 Deiperte
2340 4556 2787 4619 consecrarant,
2809 4553 2984 4622 cujus
3013 4552 3200 4607 altare
3221 4567 3373 4607 mete
3399 4550 3690 4606 custodias

309 4641 605 4696 creditum
634 4645 778 4705 erat,
804 4645 940 4694 ante
968 4640 1177 4694 oculos
1208 4655 1375 4695 meos
1402 4639 1480 4693 ab
1503 4639 1851 4693 hominibus
1874 4640 2177 4709 sacrilegis
2204 4639 2528 4712 spoliatum
2556 4645 2983 4712 vastatumque
3009 4645 3119 4696 est.
3155 4643 3287 4712 ipse
3327 4645 3529 4697 autem
3553 4644 3694 4712 post

310 4730 554 4798 triginta
583 4744 777 4783 annos
807 4745 962 4800 quos
1007 4728 1233 4783 ibidem
1285 4743 1658 4798 peregeram,
1695 4733 1757 4782 ut
1785 4734 2030 4783 truncus
2061 4730 2285 4792 aridus,
2320 4728 2564 4792 inutilis,
2610 4728 2669 4783 vi
2720 4735 3040 4785 ventorum
3080 4746 3111 4785 e
3143 4729 3408 4785 sacrario
3454 4729 3693 4786 Domini

309 4824 571 4890 ereptus,
604 4824 812 4873 contra
837 4818 1020 4890 ripas,
1055 4823 1261 4872 contra
1293 4832 1495 4888 rupes,
1527 4818 1587 4871 in
1619 4817 1809 4872 imum
1842 4834 2007 4873 mare
2030 4818 2316 4889 abreptus
2339 4817 2435 4872 vix
2449 4818 2578 4888 jam
2596 4818 2754 4872 vivo.
2789 4820 2934 4873 Ecce
2963 4818 3175 4874 exsilio
3195 4817 3692 4884 damnatus,sine

309 4907 672 4974 sacerdotio,
706 4908 834 4962 sine
860 4907 1153 4962 festorum
1186 4906 1583 4974 solemnitate,
1621 4907 1749 4960 sine
1778 4906 1945 4976 urbe,
1983 4907 2108 4962 sine
2140 4907 2395 4975 civibus,
2417 4907 2680 4962 bubonis
2712 4907 2902 4964 instar
2927 4907 3002 4963 de
3033 4907 3374 4964 calamitate
3413 4907 3693 4964 omnium

311 5005 368 5054 et
397 4998 457 5053 in
479 5012 552 5052 eo
579 4997 767 5069 ipsius
793 4995 1120 5052 infortunio
1162 5011 1367 5051 amare
1392 4995 1709 5051 lamentor.
1741 5017 1767 5043 η
1821 4999 1895 5051 Ex
1930 4997 2314 5068 inscriptione
2344 5012 2526 5068 porro
2558 4997 2909 5067 nonaginta,
2936 5013 3092 5069 quas
3118 5001 3309 5053 codex
3329 4996 3483 5055 Bibl.
3514 4999 3690 5053 Laur.

310 5091 602 5157 asservat,
634 5085 1027 5159 epistolarum
1060 5086 1354 5152 videmus,
1388 5085 1648 5140 insulam
1674 5088 1832 5141 Ceon
1854 5102 1964 5157 pro
1994 5086 2079 5140 ref

1923 5102 1964 5141 πο
1994 5086 2224 5155 refugio
2255 5101 2393 5140 eum
2425 5085 2708 5140 habuisse
2735 5103 2747 5140 :
2782 5093 2875 5138 τοῦ
2898 5087 3058 5138 αὐτοῦ
3080 5086 3352 5139 ὶπιστολαὶ
3381 5086 3440 5146 ἃς
3470 5085 3692 5158 ἔγραψεν

310 5181 416 5230 ἀπὸ
445 5185 544 5236 τῆς
567 5181 732 5233 νήσου
775 5184 864 5236 τῆς
897 5180 1025 5228 Κέω·
1078 5175 1138 5230 id
1170 5175 1338 5247 quod
1388 5180 1591 5229 tenore
1625 5175 2016 5246 epistolarum
2057 5193 2079 5230 ε

1924 5192 2016 5229 um
2057 5174 2471 5241 conﬁrmatur,
2523 5174 2823 5246 siquidem
2854 5176 2916 5230 P.
2951 5175 3229 5231 Morellus
3261 5175 3693 5231 monasterium

312 5271 372 5324 S.
398 5266 710 5321 Prodromi
741 5267 801 5320 in
834 5266 950 5321 ista
975 5264 1174 5320 insula
1209 5271 1271 5318 ut
1301 5264 1539 5336 asylum
1576 5265 1704 5334 ejus
1735 5264 2037 5333 designat.

387 5354 512 5409 Hoc
543 5355 601 5409 in
626 5355 757 5410 loco
790 5371 995 5410 senem
1022 5353 1256 5409 exulem
1286 5353 1644 5409 annuntiata
1672 5352 1868 5408 fratris
1891 5369 2056 5408 mors
2086 5353 2309 5408 mirum
2336 5352 2395 5407 in
2430 5352 2683 5408 modum
2713 5353 2924 5410 afﬂixit
2943 5371 3128 5427 quem
3167 5354 3280 5410 sibi
3307 5354 3695 5426 superstitem

387 5484 466 5551 (1)
499 5479 700 5533 Βιϐλίαν
750 5489 840 5540 τῆς
896 5499 1219 5551 κουγκεστας
1271 5499 1363 5540 νης
1411 5479 1692 5550 Ῥωμανίας
1744 5483 1834 5530 καὶ
1886 5498 1973 5530 τον
2082 5478 2156 5532 du

1929 5498 1973 5529 »ν
2082 5477 2407 5533 duodecim
2475 5478 2665 5534 Latini
2718 5479 3099 5535 abundantes
3137 5484 3328 5536 certas
3374 5478 3698 5536 habuerint

312 5550 602 5623 Μωράίως,
623 5569 683 5624 p.
717 5557 803 5616 59,
836 5555 938 5608 Ed.
968 5552 1226 5606 Buchon.
1256 5551 1437 5624 Paris,
1477 5552 1630 5604 1835.
1708 5621 1721 5624 Δ
1841 5623 1848 5624 7
2085 5550 2746 5624 mansiones,proprios
2771 5551 3370 5624 sacerdotes,quibus
3391 5552 3636 5624 integrae
3661 5567 3699 5607 a

386 5621 466 5692 (ᾖ)
529 5647 555 5674 ‹‹
605 5621 860 5680 Dilectus
898 5624 1078 5696 filius
1148 5625 1279 5679 Otto
1332 5622 1405 5678 de
1464 5625 1641 5696 Roca,
1687 5621 1975 5696 dominus
2091 5622 2340 5696 Latinis_
2372 5621 2538 5678 laicis
2586 5621 2858 5678 decimae
2901 5621 3344 5696 persolvantur,
3391 5623 3698 5679 instituere

313 5696 719 5769 Atheniensis,
748 5712 853 5769 per
893 5695 1118 5769 litteras
1147 5700 1411 5769 vestram
1461 5693 1628 5769 petiit
1657 5694 1977 5769 providen-
2089 5693 2396 5769 cui-arctis,
2419 5699 2578 5769 »_et_c.
2613 5699 2794 5769 lason.
2827 5693 2918 5765 lll,
2947 5696 3142 5765 Epist.
3165 5695 3267 5752 lib.
3299 5711 3424 5765 xm,
3449 5711 3540 5769 ep.
3570 5697 3696 5752 418.

315 5769 464 5826 tiam
494 5764 832 5835 admoneri,
858 5766 996 5822 utin
1026 5766 1234 5823 castris
1262 5767 1387 5822 suis
1417 5764 1479 5821 et
1504 5764 1731 5822 villis'in
1752 5764 1978 5839 quibus
2163 5765 2240 5835 (3)
2273 5766 2412 5821 Vide
2440 5765 2616 5835 infra,
2647 5766 2761 5822 col.
2796 5764 2917 5824 37!.
3001 5764 3010 5765 ί
3305 5789 3308 5791 λ
3410 5764 3414 5765 “
3483 5764 3500 5769 “
3532 5783 3534 5786 ·
3665 5775 3670 5783 λ
