4480 6430
812 375 910 432 3ft
1687 367 1993 428 MICHAEL
2031 368 2484 429 ACOMINATUS
2520 367 2950 428 ATHENARUM
2985 366 3302 428 ARCHIEP.
4071 373 4176 429 3t!

811 497 938 554 fore
966 494 1442 555 desideraverat.
1469 493 1700 552 Nicetes
1729 493 2138 566 Acominatus,
2171 497 2310 568 post
2353 497 2594 568 captam
2625 492 2877 567 Cpolim,
2907 497 2974 550 ut
2998 507 3212 550 omnes
3243 493 3282 550 ii
3311 492 3417 566 qui
3448 491 3716 564 ingenio,
3747 493 4086 564 virtutibus,
4115 495 4176 552 in

809 585 1071 658 patriam
1104 600 1311 642 amore
1340 583 1762 653 excelluerant,
1797 599 1936 639 cum
1963 598 2148 639 uxore
2173 588 2231 640 et
2255 582 2457 640 liberis
2487 584 2745 640 Nicaeam
2777 583 3063 655 Bithyniae
3096 597 3157 638 se
3187 583 3427 656 recepit,
3467 583 3571 639 ubi
3603 583 3767 656 apud
3796 583 4174 642 Theodorum

811 674 1090 730 Lascarin
1114 673 1539 746 imperatorem
1569 687 1694 728 non
1719 671 1922 728 minus
1954 688 2138 744 quam
2186 672 2348 745 apud
2383 673 2720 729 Comnenos
2761 673 3112 728 auctoritate
3137 672 3394 742 valebat,
3429 672 3490 728 id
3518 689 3756 745 semper
3783 689 3970 743 agens
4012 678 4078 729 ut
4102 674 4178 729 ci-

807 761 986 818 vibus
1021 762 1263 818 Bizantii
1294 761 1607 817 exsulibus
1647 760 1871 817 auxilio
1899 776 1970 816 ac
1996 761 2301 834 praesidio,
2335 760 2498 817 fratri
2528 766 2730 819 autem
2758 762 2886 818 seni
2910 761 3102 818 exsuli
3129 759 3340 817 solatio
3366 760 3531 817 foret.
3563 761 3808 817 Michael
3836 761 4084 834 quidem
4113 762 4176 818 in

807 851 1091 908 Monodia
1133 852 1332 906 haecce
1363 849 1542 906 dicit:
1580 872 1607 899 α
1642 849 1799 906 Licet
1845 849 2056 922 procul
2087 865 2123 906 a
2165 867 2263 907 me
2315 850 2556 921 viveret,
2601 850 2832 924 quoties
2861 865 2999 906 eum
3031 849 3226 905 vivere
3257 865 3329 905 ac
3363 849 3556 906 valere
3591 849 3782 906 nuntii
3816 849 4173 917 attulissent,

806 939 983 1012 quasi
1012 955 1174 996 novo
1205 939 1419 1012 spiritu
1449 938 1720 996 afﬂatum
1754 955 1850 995 me
1877 939 2130 994 sensi.Et
2160 944 2224 996 ut
2255 938 2443 994 David
2473 939 2690 995 animae
2735 955 2856 995 sua:
2887 939 3156 995 solamen
3186 938 3431 1011 reperiri
3461 953 3585 994 non
3614 954 3790 1011 posse
3820 939 3979 1006 dicit,
4012 939 4178 995 exhi-

803 1012 986 1084 larari
1014 1033 1216 1086 autem
1241 1028 1344 1084 ubi
1361 1029 1626 1101 primum
1655 1028 1756 1084 Dei
1787 1029 2079 1085 memoria
2100 1029 2213 1101 ipsi
2243 1029 2302 1084 in
2325 1033 2588 1086 mentem
2619 1029 2878 1096 venerit;
2906 1029 2988 1084 ita
3011 1043 3124 1098 ego
3149 1044 3394 1102 quoque
3415 1028 3519 1084 ubi
3544 1028 3933 1100 prmsentium
3964 1044 4175 1086 aerum.

805 1131 1028 1174 narum
1063 1117 1332 1190 pondere
1358 1117 1729 1186 molestarer,
1761 1118 1982 1173 mirum
2016 1119 2420 1174 solamentum
2449 1119 2608 1174 sensi
2638 1117 2744 1174 ubi
2772 1117 3017 1174 fratrem
3059 1117 3254 1174 valere
3285 1118 3510 1190 accepi.
3545 1117 4046 1191 Quotiescumque
4071 1117 4178 1174 ita-

805 1220 924 1279 que
950 1205 1203 1278 epistola
1229 1205 1492 1262 fraterna
1529 1221 1715 1262 manu
1756 1205 1993 1276 signata
2019 1205 2404 1278 efferebatur,
2429 1206 2633 1264 vultus
2663 1223 2734 1264 ac
2764 1207 3063 1263 sermonis
3096 1207 3228 1277 ejus
3260 1206 3466 1262 intime
3491 1223 3727 1264 memor
3750 1211 3931 1281 caput
3967 1212 4024 1263 et
4050 1223 4176 1264 ma-

806 1310 922 1350 nus
955 1299 1200 1366 tangere
1229 1299 1285 1351 et
1309 1295 1571 1351 osculari
1598 1295 1744 1351 mihi
1769 1294 2056 1364 videbar;
2089 1300 2146 1350 et
2174 1295 2474 1367 extemplo
2500 1303 2629 1352 atra
2659 1312 2804 1352 cura
2835 1312 2905 1350 ex
2932 1295 3136 1350 animo
3167 1295 3416 1352 excessit
3444 1301 3499 1351 et
3521 1295 3746 1365 gaudio
3779 1311 3940 1352 novo
3971 1295 4172 1351 locum

804 1383 988 1439 dedit.
1028 1406 1048 1432 ι
1086 1386 1219 1439 Haec
1247 1399 1384 1440 cum
1411 1383 1624 1453 legeris
1651 1385 1876 1439 amoris
1907 1384 2027 1439 fere
2049 1383 2183 1454 plus
2203 1400 2391 1456 quam
2422 1385 2665 1441 fraterni
2708 1384 3213 1454 testimonia,jam
3246 1400 3368 1439 non
3399 1384 3738 1449 miraberis,
3768 1384 3818 1439 si
3849 1384 4007 1440 idem
4031 1384 4176 1440 dicit

805 1487 869 1527 se
917 1471 1138 1527 umbra
1163 1472 1372 1527 mortis
1403 1471 1696 1541 obstringi
1744 1472 1824 1527 ob
1877 1472 2356 1542 gubernaculum
2387 1473 2441 1528 vi
2479 1473 2596 1544 ipsi
2627 1477 2897 1545 ereptum
2937 1479 3127 1529 morte
3175 1473 3374 1528 fratris
3416 1473 3651 1540 Nicetes,
3695 1472 3800 1544 qui
3833 1473 4097 1529 Michaeli
4121 1478 4176 1530 et

802 1561 1013 1616 Joanni
1049 1560 1426 1616 consobrinis
1456 1575 1627 1632 asque
1656 1559 1958 1617 ﬂebilibus
1985 1564 2364 1617 Romaaorum
2392 1561 2644 1634 imperio
2675 1562 2733 1617 in
2760 1567 2948 1617 morte
2972 1561 3342 1616 successerit.
3373 1584 3400 1611 «
3437 1560 3495 1616 Si
3525 1561 3672 1617 tanti
3697 1560 3805 1616 viri
3831 1561 4050 1630 obitus,
4076 1561 4175 1618 Mi-

805 1647 976 1703 chael
1006 1648 1229 1719 adjicit,
1263 1651 1562 1721 Europam
1591 1653 1647 1705 et
1678 1650 1884 1705 Asiam
1912 1665 2084 1722 teque
2113 1649 2319 1705 dolore
2347 1665 2418 1704 ac
2466 1649 2765 1706 desiderio
2792 1650 3024 1716 afﬂixit,
3081 1648 3236 1705 adeo
3285 1653 3350 1704 ut
3395 1654 3652 1705 mortem
3679 1654 3872 1717 tuam,
3902 1665 3938 1704 ο
3968 1650 4175 1706 anima

802 1735 1180 1802 charissima,
1215 1736 1365 1792 ferre
1390 1753 1515 1793 non
1545 1738 1899 1800 sustineant,
1933 1738 2070 1811 quis
2103 1737 2347 1794 tandem
2393 1743 2740 1794 nostrarum
2785 1738 3194 1810 lacrymarum
3234 1753 3304 1792 ac
3345 1737 3679 1808 gemituum
3710 1737 3930 1793 modus
3960 1737 4115 1794 erit?
4144 1758 4173 1788 ιο

804 1823 1083 1896 Sequitur
1105 1825 1180 1880 de
1205 1824 1372 1880 luctu
1401 1827 1709 1882 communi
1738 1827 1930 1895 gentis
1969 1827 2464 1882 Acominatorum
2503 1843 2610 1899 per
2658 1831 2957 1900 Europam
2989 1831 3046 1883 et
3066 1827 3266 1882 Asiam
3293 1825 3726 1890 disseminatus,
3758 1827 3930 1897 cujus
3956 1826 4171 1882 indivi-

801 1912 906 1968 dui
936 1912 1204 1970 defuncti
1231 1914 1553 1986 splendore
1575 1914 2033 1979 illustrarentur,
2055 1915 2237 1988 etqui
2267 1915 2397 1985 ejus
2428 1915 2717 1971 auxilium
2751 1916 3140 1971 multifariam
3181 1914 3411 1987 experti
3441 1919 3598 1970 sunt.
3636 1915 3926 1986 Deinceps
3957 1915 4032 1969 de
4062 1914 4174 1970 do-

801 2001 926 2058 lore
957 2001 1152 2058 viduae
1175 2002 1459 2074 loquitur,
1493 2008 1672 2075 nepte
1702 2004 1909 2073 magni
1939 2003 2220 2068 Belisarii,
2249 2019 2437 2076 quam
2469 2021 2718 2060 uxorem
2750 2004 3040 2060 ducturus
3068 2004 3318 2071 Nicetas,
3353 2005 3502 2058 sicut
3530 2005 3591 2058 in
3621 2003 3908 2058 omnibus
3941 2004 4173 2074 gravio-

799 2090 970 2146 ribus
998 2089 1179 2146 rebus
1207 2090 1408 2147 fratris
1444 2091 1760 2148 consilium
1791 2093 2152 2164 expetierat;
2182 2091 2256 2147 de
2278 2091 2440 2147 luctu
2460 2092 2787 2148 liberorum
2817 2099 3035 2149 tenera:
3062 2092 3271 2158 aetatis,
3306 2108 3337 2148 e
3366 2091 3590 2164 quibus
3618 2108 3773 2146 unus
3793 2092 4170 2148 errabundus

799 2179 1180 2248 vagabatur;
1207 2179 1280 2234 de
1317 2179 1564 2252 proprio
1593 2196 1704 2236 suo
1728 2180 1894 2236 luctu
1925 2185 1982 2236 et
2007 2180 2188 2252 plaga
2213 2181 2639 2237 irremediabili
2671 2198 2858 2255 quam
2882 2182 3077 2237 fratris
3106 2197 3270 2236 mors
3302 2181 3517 2236 acerba
3542 2180 3775 2237 inﬂixit.
3797 2184 3926 2236 Jam
3949 2181 4063 2239 sibi
4088 2181 4147 2237 la

801 2282 1042 2339 crymas
1074 2282 1197 2340 prec
1229 2267 1456 2324 doloris
1489 2269 1907 2338 magnitudine
1938 2268 2150 2324 deesse
2181 2269 2469 2341 queritur,
2504 2271 2665 2326 unde
2691 2271 2804 2327 sibi
2834 2271 3208 2327 calamitates
3247 2270 3383 2325 vitae
3423 2270 3655 2326 futuras
3687 2270 3857 2325 siccis
3879 2270 4068 2326 oculis
4091 2270 4169 2325 fe-

799 2356 1022 2413 rendas
1043 2355 1186 2424 fore,
1219 2356 1413 2412 donec
1442 2359 1573 2428 ipse
1599 2357 1659 2413 in
1686 2362 1918 2413 remoto
1955 2362 2124 2413 teme
2153 2359 2376 2427 angulo
2409 2364 2509 2415 aut
2536 2360 2596 2415 in
2630 2361 2830 2416 medio
2855 2362 3004 2416 mari
3033 2360 3356 2432 projectus,
3389 2375 3570 2414 senex
3597 2359 3821 2429 juniori
3848 2358 4009 2415 fratri
4042 2375 4173 2414 suc-

801 2445 1060 2502 cesserit.
1091 2446 1194 2501 Vir
1223 2447 1356 2518 pius
1387 2463 1526 2503 cum
1549 2451 1724 2518 esset,
1761 2447 1882 2502 Deo
1908 2447 2021 2519 ipsi
2045 2447 2204 2502 diem
2231 2447 2396 2515 dicit,
2437 2449 2590 2504 adeo
2617 2448 2791 2505 dolor
2820 2453 3085 2505 mentem
3111 2454 3468 2504 occaecarat:
3503 2472 3529 2499 «
3562 2448 3739 2504 Dolor
3767 2448 3920 2504 adeo
3946 2464 4041 2503 me
4073 2449 4172 2504 sti-

801 2533 991 2590 mulat
1021 2538 1086 2590 ut
1104 2551 1280 2590 voces
1306 2536 1609 2608 proferam
1648 2552 1785 2609 quae
1817 2536 2105 2607 impietati
2137 2552 2208 2592 ac
2239 2539 2558 2594 temeritati
2605 2538 2754 2595 forte
2785 2539 3114 2594 dabuntur.
3167 2539 3279 2593 Cur
3309 2538 3469 2593 enim
3515 2554 3628 2606 ego
3654 2554 3874 2594 canum
3914 2543 4094 2611 caput
4119 2542 4176 2595 et

800 2623 977 2681 annis
1009 2623 1228 2696 gravis,
1252 2625 1458 2681 inutile
1492 2625 1735 2681 tandem
1765 2629 1931 2681 terra:
1964 2625 2204 2697 pondus
2236 2641 2306 2681 ac
2339 2626 2509 2681 ulcus
2542 2626 2764 2683 diutius
2795 2628 2854 2683 in
2886 2627 2999 2682 hoc
3030 2643 3266 2682 carcere
3298 2627 3601 2682 retineor?
3631 2650 3658 2676 »

873 2717 938 2769 In
963 2718 1248 2786 promptu
1269 2729 1392 2770 non
1419 2720 1508 2771 est
1555 2714 1753 2771 dicere
1784 2730 1907 2787 quo
1953 2730 2114 2770 anno
2164 2715 2406 2772 Michael
2435 2715 2681 2771 vinculis
2708 2716 2974 2787 corporis
3006 2715 3290 2770 liberatus
3320 2715 3641 2770 decesserit
3666 2732 3679 2780 ;
3703 2716 3830 2786 jam
3862 2715 4021 2770 enim
4052 2716 4178 2772 vita

802 2803 998 2860 otiosa
1019 2804 1078 2858 in
1107 2805 1472 2860 monasterio
1505 2804 1897 2874 transigenda
1923 2803 2183 2874 graviter
2207 2805 2600 2862 incommoda
2626 2805 2738 2860 sub
2764 2806 2946 2860 ﬁnem
2979 2820 3110 2859 esse
3137 2803 3416 2859 debebat.
3453 2807 3598 2858 Eum
3625 2809 3824 2859 tamen
3849 2819 4012 2860 anno
4034 2807 4174 2862 12t5

801 2893 861 2949 in
895 2893 1046 2949 vivis
1072 2893 1254 2948 fuisse
1287 2894 1536 2967 epistola
1566 2910 1753 2966 quam
1802 2894 1879 2949 ad
1930 2895 2257 2950 Manuelem
2310 2896 2716 2967 patriarcham
2748 2894 2912 2949 dedit
2954 2893 3213 2965 probare
3241 2893 3500 2948 videtur:
3537 2893 3612 2948 ad
3643 2894 3826 2948 alium
3865 2893 4173 2950 neminem

800 2982 964 3039 enim
994 2983 1215 3055 scripta
1240 2999 1367 3038 esse
1391 2989 1584 3056 potest
1605 2983 1717 3039 nisi
1741 2983 1816 3039 ad
1848 2983 2176 3039 Manuelem
2210 2983 2662 3057 Charitopulum
2697 2983 2794 3040 illo
2815 2983 2948 3055 ipso
2975 2998 3134 3038 anno
3164 2982 3241 3038 ad
3275 2983 3748 3052 patriarchatum
3777 2986 4170 3054 evectum.(V.

803 3073 876 3127 Le
904 3072 1113 3136 Quien.
1140 3073 1347 3130 Oriens
1380 3073 1602 3129 Christ.
1639 3077 1679 3128 t.
1711 3077 1751 3144 l,
1781 3089 1840 3145 p.
1871 3077 2019 3142 278).
2053 3075 2182 3128 Haec
2217 3074 2430 3129 eadem
2456 3072 2708 3146 epistola
2731 3078 2787 3128 et
2815 3073 3016 3144 plures
3045 3072 3174 3128 aliae
3202 3088 3357 3144 quas
3391 3072 3452 3126 in
3475 3074 3584 3127 Ceo
3609 3072 3804 3127 insula
3831 3073 4177 3144 composuit

800 3161 1059 3234 probare
1088 3168 1346 3234 possunt
1390 3163 1754 3232 Michaelem,
1785 3162 2068 3234 quamvis
2120 3162 2473 3228 solitarium,
2504 3168 2566 3218 ut
2606 3163 2732 3234 ipse
2780 3161 3026 3234 quidem
3073 3161 3215 3216 dicit
3262 3161 3652 3216 nihilominus
3679 3161 3792 3216 sub
3834 3161 4018 3216 finem
4043 3161 4175 3217 vitae

800 3252 1310 3324 praestantissimis
1339 3253 1574 3324 imperii
1599 3253 1740 3308 viris
1784 3266 1891 3326 per
1933 3251 2155 3306 litteras
2177 3252 2389 3308 saltem
2419 3252 2807 3322 conjunctum
2838 3250 3040 3320 fuisse,
3067 3250 3390 3323 ipsumque
3422 3250 3723 3305 Lascarim
3751 3251 4177 3322 imperatorem

801 3340 864 3395 in
895 3341 1024 3410 ejus
1057 3341 1392 3396 amicorum
1425 3357 1680 3396 numero
1711 3341 1915 3395 fuisse.
1952 3340 2064 3395 Sed
2093 3357 2282 3412 quare
2317 3357 2437 3396 non
2468 3341 2787 3396 orthodoxi
2816 3340 2996 3411 hujus
3028 3346 3084 3394 et
3131 3340 3308 3394 amici
3356 3339 3643 3411 principis
3665 3339 3916 3395 domum
3947 3339 4180 3394 habita-

803 3428 929 3485 vit?
957 3431 1069 3485 Cur
1092 3445 1217 3486 non
1249 3431 1454 3486 Nicaeae
1485 3432 1684 3486 vivere
1707 3429 1918 3486 maluit
1946 3445 2132 3501 prope
2156 3430 2500 3501 Phrygiam,
2532 3430 2634 3484 ubi
2658 3430 2836 3486 frater
2855 3429 3277 3484 dilectissimus
3316 3445 3453 3483 cum
3482 3429 3604 3483 suis
3632 3429 3775 3484 vixit
3801 3435 3857 3484 et
3885 3429 3944 3484 in
3978 3427 4178 3485 medio

803 3519 1029 3592 populo
1055 3519 1409 3576 demortuus
1435 3528 1544 3588 est,
1578 3535 1766 3592 quam
1797 3520 1854 3574 in
1887 3520 2002 3574 Ceo
2035 3519 2231 3574 insula
2264 3527 2502 3591 petrosa
2533 3521 2709 3590 Αἰαίρὶ
2743 3520 2944 3583 maris,
2978 3516 3388 3589 haereticisque
3423 3518 3653 3572 vicinus
3683 3517 4176 3583 occidentalibus,

804 3607 881 3664 de
913 3608 1136 3680 quibus
1190 3609 1250 3665 in
1277 3609 1530 3682 epistola
1571 3608 1648 3664 ad
1677 3609 2066 3680 Euthymium
2096 3609 2316 3680 scripta
2340 3609 2656 3681 queritur?
2689 3608 2775 3662 Ad
2801 3607 2959 3662 hanc
3001 3607 3049 3662 is
3080 3606 3200 3662 fere
3239 3607 3633 3678 quaestionem
3664 3606 4051 3678 respondebit
4076 3608 4182 3679 qui

804 3698 865 3754 in
897 3699 1091 3771 patria
1122 3698 1498 3770 Bacchylidis
1528 3714 1598 3754 ac
1631 3698 1954 3754 Simonidis
2005 3697 2343 3769 Hymettum
2377 3704 2432 3753 et
2464 3697 2780 3753 Brilessum
2825 3696 2939 3751 sub
2987 3712 3266 3752 auroram
3311 3701 3696 3751 coruscantes
3726 3696 3907 3761 vidit;
3933 3695 4038 3768 qui
4079 3696 4177 3753 Mi-

806 3787 1075 3844 chaelem
1108 3788 1168 3843 in
1208 3789 1414 3844 Thesei
1461 3788 1610 3844 urbe
1659 3803 1763 3859 per
1817 3786 2266 3857 generationem
2317 3787 2543 3859 pedum
2592 3786 2857 3858 Dionysii
2910 3790 3126 3858 Areop.
3161 3785 3442 3841 manibus
3472 3791 3744 3858 portasse
3789 3790 3842 3842 et
3873 3791 4180 3858 postremo

807 3877 1057 3950 Dexippi
1088 3875 1358 3946 gladium
1387 3893 1508 3934 non
1543 3876 1671 3932 sine
1698 3876 1887 3946 gloria
1909 3875 2215 3932 strinxisse
2247 3876 2604 3931 meminerit.

805 4009 841 4071 ἓ
879 4006 992 4064 Vll.
1035 4007 1416 4076 Scriptorum
1443 4006 1758 4062 Michaelis
1813 4005 2150 4074 catalogus,
2188 4004 2248 4057 in
2284 3999 2645 4056 bibliotheca
2671 4000 3028 4055 Florentina
3057 4001 3374 4054 secundum
3416 4000 3816 4055 Bandinium.
3860 4000 4169 4069 Prw/otio.

880 4131 1110 4204 Scripta
1141 4147 1176 4187 a
1203 4128 1475 4186 Michaele
1496 4145 1700 4202 opera,
1747 4112 1866 4184 non
1903 4128 2107 4183 minus
2133 4142 2318 4198 quam
2343 4141 2482 4180 ossa
2508 4125 2565 4179 in
2598 4125 2692 4178 Cei
2711 4125 2876 4196 ripis,
2907 4124 2965 4178 in
2993 4124 3713 4179 Occidentisbibliothccis
3734 4124 4020 4180 oblivioni
4041 4125 4184 4180 data

805 4235 939 4276 esse
977 4219 1358 4275 videbantur.
1391 4220 1511 4272 Huc
1545 4233 1737 4289 usque
1769 4232 1891 4272 non
1923 4215 2035 4271 nisi
2086 4215 2428 4270 orationum
2481 4214 2622 4268 satis
2667 4214 2993 4268 multarum
3029 4214 3378 4278 summaria,
3413 4220 3718 4280 tractatus,
3749 4213 4033 4285 epistolae,
4059 4230 4183 4270 car-

807 4310 974 4366 mina
1003 4325 1264 4383 quorum
1296 4324 1489 4380 pauca
1521 4307 1723 4380 aliqua
1755 4308 1972 4377 ωηερε,
2009 4305 2131 4360 duo
2161 4303 2408 4360 maximi
2446 4302 2734 4358 momenti
2767 4303 2965 4358 Latine
2998 4307 3229 4358 tantum
3271 4319 3305 4358 a
3354 4303 3629 4358 Michaele
3662 4303 3946 4358 Choniata
3978 4319 4183 4375 super-

807 4403 1050 4544 SUXiino
1087 4491 1218 4543 1767
1253 4485 1629 4543 bibliotheca:
1656 4485 2066 4541 Laurentiana:
2089 4500 2225 4556 quae
2257 4481 2560 4538 Florentiae
2583 4485 2692 4545 est,
2727 4485 2947 4548 custos,
2974 4484 3038 4536 Λ.
3059 4484 3128 4537 Μ.
3153 4480 3480 4535 Bandinius
3510 4480 3846 4536 Academiaa
3878 4480 4182 4535 Parisiensi

806 4577 1077 4634 libellum
1112 4578 1278 4633 misit
1308 4576 1425 4631 sub
1457 4575 1625 4631 titulo
1652 4577 1933 4643 Epistola
1973 4575 2045 4629 de
2097 4572 2388 4628 Michaele
2435 4572 2790 4626 Acominato
2830 4574 3078 4641 ejusque
3107 4573 3368 4640 scriptis,
3403 4587 3585 4642 quem
3633 4586 3793 4625 anno
3822 4571 4094 4642 sequenti
4121 4574 4181 4624 in

806 4669 1083 4738 catalogo
1113 4667 1392 4724 codicum
1447 4668 1787 4721 Graecorum
1832 4663 2212 4719 bibliotheca:
2262 4661 2674 4715 Laurentianus
2721 4660 3090 4731 reproduxit.
3139 4664 3254 4715 Nos
3287 4660 3630 4727 catalogum
3681 4659 4045 4714 collectionis
4091 4661 4183 4715 Mi-

807 4758 1028 4815 chaelis
1061 4758 1425 4829 scriptorum
1457 4756 1724 4824 integrte,
1759 4770 2020 4827 quorum
2056 4768 2361 4807 summum
2387 4750 2511 4820 jaui
2542 4747 3013 4804 Monlfaucouius
3043 4749 3102 4802 in
3138 4749 3509 4803 Bibliotheca
3533 4748 4024 4804 bibliothecarum
4049 4765 4180 4802 ma-

804 4853 1283 4918 nuscriptorum,
1309 4847 1349 4902 Ι.
1385 4863 1446 4919 p.
1481 4851 1581 4902 355
1608 4862 1778 4917 seqq.
1808 4844 1994 4911 dedit,
2037 4860 2066 4898 e
2101 4841 2473 4896 Bandiniano
2514 4837 2790 4907 catalogo
2813 4843 3164 4905 extractam,
3198 4838 3361 4892 nulla
3391 4837 3595 4892 habita
3627 4837 3928 4892 titulorum
3963 4837 4180 4893 latino-

804 4954 940 4995 rum
972 4939 1224 5003 ratione,
1269 4938 1516 5002 damus,
1548 4942 1605 4991 et
1655 4934 1925 4992 Bandinii
1968 4931 2313 5003 exemplum
2357 4929 2561 4994 secuti,
2596 4927 2790 4982 titulos
2825 4927 3060 4994 eodem,
3093 4928 3294 4999 quoin
3322 4929 3526 4982 coaice
3558 4927 3854 4997 leguntur,
3883 4928 4090 4981 ordine
4122 4929 4179 4982 in

805 5029 1073 5086 medium
1102 5028 1490 5100 proferimus,
1526 5026 1842 5098 praemissa
1870 5022 2172 5093 Anonymi
2197 5020 2275 5074 ad
2309 5016 2604 5075 Michaelis
2626 5016 2917 5088 opuscula
2950 5017 3318 5080 Prmfatione,
3355 5034 3542 5090 quam
3567 5033 3798 5090 primus
3825 5017 4010 5072 edidit
4041 5016 4180 5072 doc-

804 5120 1076 5176 tissimus
1104 5118 1357 5174 'l‘afelius
1383 5117 1442 5172 in
1474 5116 1894 5171 Dissertatione
1919 5115 2005 5168 De
2034 5111 2460 5166 Thessalonica
2493 5109 2734 5176 ejusque
2755 5122 2925 5176 agro.

1687 5244 1726 5295 Ι,
1761 5255 1818 5312 p.
1861 5244 1906 5293 l.
1940 5239 2241 5311 Ιιροοεωρία
2268 5239 2341 5294 εὶς
2367 5235 2458 5291 τήν
2498 5241 2767 5307 capriﬁcus
2802 5230 2982 5304 βίϐλον
3023 5241 3114 5284 τοῦ
3148 5276 3159 5288 .
3193 5275 3206 5287 .
3239 5275 3250 5288 .
3289 5275 3304 5291 .

1175 5366 1336 5430 (Nihil
1362 5365 1630 5428 amplius;
1665 5363 1943 5427 scriptoris
1977 5375 2171 5410 nomen
2199 5359 2253 5406 in
2290 5357 2482 5406 lacuna
2510 5359 2794 5409 intercidit.
2847 5360 2928 5421 (Υ,

2035 5375 2171 5408 micn
2199 5359 2253 5406 in
2290 5357 2482 5406 lacuna
2510 5359 2794 5409 intercidit.
2847 5360 2928 5421 (Υ,
2963 5359 3124 5416 'l‘afcl,
3162 5358 3197 5409 Ζ.
3233 5361 3292 5422 ῑ.,
3322 5375 3377 5422 p.
3413 5362 3502 5409 376
3533 5362 3589 5412 el
3621 5361 3804 5425 seqq.)

874 5484 1146 5557 Φιλόλογος
1186 5486 1210 5536 ὀ
1250 5491 1341 5536 τοῦ
1387 5481 1596 5556 βιϐλίον
1642 5477 1797 5533 τοῦδε
1849 5484 2042 5552 πατὴρ,
2097 5482 2185 5528 καὶ
2228 5479 2408 5546 σοφίας
2593 5475 2643 5530 Li

2593 5475 2942 5531 Litterarum
2992 5480 3046 5531 et
3077 5477 3274 5532 omnis
3306 5477 3612 5550 sapientia:
3639 5493 3772 5532 vere
3805 5475 4039 5553 amicus
4070 5475 4177 5531 hu-

800 5581 1024 5652 iparﬁ;
1083 5575 1344 5651 ἑκατέρας,
1396 5583 1492 5636 τῆς
1532 5575 1785 5647 ἡμετέρας
1844 5576 1978 5644 φημὶ
2019 5573 2108 5622 καὶ
2160 5576 2255 5628 τῆς
2316 5567 2406 5617 0‘3-
2515 5565 2569 5635 jL‘

2515 5565 2684 5635 jusce
2731 5563 2866 5621 libri
2909 5568 3121 5621 auctor
3167 5572 3274 5633 est,
3306 5567 3470 5639 quod
3508 5565 3695 5622 lector
3724 5564 4056 5626 benevolus
4104 5581 4175 5622 ex

796 5671 972 5746 ραθεν,
1022 5671 1092 5728 ὡς
1139 5669 1278 5720 ἔστιν
1319 5663 1407 5718 ἀπ’
1460 5663 1630 5718 αὐτῶν
1677 5672 1776 5716 τῶν
1831 5664 2226 5735 cur/apparuit
2276 5665 2407 5729 γνῶν
2517 5653 2565 5727 if

2402 5684 2407 5694 ι
2517 5653 2651 5727 ipso
2683 5654 2907 5728 scripto
2927 5654 3098 5712 facile
3130 5654 3505 5728 dijudicabit.
3545 5654 3659 5712 Sed
3689 5653 4027 5727 longiorem
4055 5654 4171 5712 hac
