4480 6430
314 376 422 431 313

1847 365 2147 427 NOTlTIA.

3570 369 3678 429 3H-

312 518 403 551 ναι
432 499 520 551 τόν
548 492 955 569 ίντυγχοίνοντὰ.
1000 492 1157 549 Ἀλλὰ
1183 498 1337 548 τοῦτο
1374 493 1464 567 μὶν
1516 490 1610 546 ούκ
1644 490 1706 545 ἂν
1749 487 1920 545 δίοιτο
1948 495 1996 549 Α
2030 491 2081 549 d4

1905 511 1920 545 ›
1948 495 1996 549 Α
2030 491 2105 549 de
2152 506 2215 549 re
2244 504 2586 553 sermonem
2624 491 2990 552 concinnare
3029 506 3229 567 operae
3271 506 3396 552 non
3425 494 3517 549 est
3542 506 3674 566 pre-

311 586 571 656 πλείονος,
594 584 761 658 οἶμαι,
792 584 972 656 λόγου,
999 582 1157 638 ἐκεῖνο
1187 580 1247 637 δε
1284 582 1474 656 μᾶλλον
1498 578 1919 655 προδιοριστίον,

314 677 387 736 ὡς
416 683 517 727 τῶν
544 674 708 745 λόγων
745 676 871 726 ἔνιοι
906 671 997 746 μὶν
1038 675 1139 743 πρὸ
1169 680 1260 734 τῆς
1301 672 1581 745 ἱερωσύνης
1623 670 1922 744 ἕγράφησαν

316 764 367 833 (ό
400 772 599 837 πρῶτος
629 759 894 829 δηλονότι,
920 763 946 814 ὀ
973 765 1099 835 πρὸς
1120 766 1237 823 τοὺς
1255 761 1593 835 αἰτιωμένους
1618 762 1699 831 (1)
1721 764 1779 813 τό
1802 758 1922 833 ὰφι-

312 850 602 907 λένδεικτον
634 870 647 882 ⁸
675 857 766 905 καὶ
803 853 829 904 ὁ
868 852 1068 922 ἑφεξῆς,
1091 854 1117 904 ὁ
1137 860 1229 905 του
1259 856 1552 927 μακαρίτου
1576 849 1919 924 ἁρχιεπισκό-

314 962 420 995 που
442 950 618 997 Χονῶν
639 940 1055 1014 ἐγκωμιαστικός
1081 958 1093 972 ·
1122 946 1212 994 καὶ
1235 943 1260 993 ό
1280 942 1393 1014 μετ’
1419 941 1635 1009 αύτὸν,ό
1660 959 1922 1015 πατριαρ-

313 1032 524 1104 χικός)·
558 1032 608 1083 οἱ
634 1027 693 1083 δε
717 1029 889 1083 λοιποὶ
904 1032 1091 1091 πάντες
1107 1032 1238 1101 μετά
1267 1034 1357 1089 τὴν
1387 1031 1688 1103 ἱερωσύνην.
1717 1034 1811 1081 Καὶ
1843 1024 1927 1080 δεῖ

313 1125 389 1195 μὴ
420 1119 618 1193 ἀγνοεῖν
646 1127 798 1173 τοῦτο
828 1122 916 1172 τὸν
944 1123 1038 1172 σὺν
1076 1118 1341 1193 ἕπιστήμη
1376 1126 1479 1180 τοῖς
1506 1118 1674 1192 λόγοις
1700 1117 1922 1181 ἐντευξό-

312 1229 466 1280 μενον
490 1214 580 1261 καὶ
609 1213 1039 1281 συγ-γνωσόμενον
1068 1217 1140 1280 τῷ
1172 1204 1347 1282 ἀνδρὶ,
1381 1209 1423 1261 εί
1460 1215 1547 1261 νῦν
1577 1211 1666 1282 μεν
1703 1210 1830 1279 πρὸς
1865 1210 1921 1259 τὸ

311 1305 676 1373 νεανικώτερον
716 1296 1158 1373 ἀποθρασύνεται,
1215 1303 1301 1351 καὶ
1364 1305 1472 1358 τοῖς
1530 1297 1585 1351 εκ
1645 1305 1921 1359 ποιητικῆς

314 1386 566 1459 ὀνόμασιν
597 1387 899 1460 ὡραίξεται,
920 1387 1197 1461 κουρίζων,
1223 1388 1287 1448 ὡς
1307 1388 1368 1438 ἄν
1407 1406 1487 1448 τις
1524 1391 1678 1451 εἴποι,
1712 1390 1801 1437 καὶ
1822 1387 1921 1436 ὑπό

314 1477 629 1549 θερμότητος
666 1474 995 1549 ἐκφερόμενος
1018 1495 1031 1509 ·
1077 1482 1161 1527 νῦν
1202 1472 1261 1527 δε
1286 1476 1566 1546 ὖπαυχμος
1598 1478 1827 1545 φαίνεται
1860 1474 1923 1524 τὰ

310 1563 495 1635 πολλὰ,
555 1568 645 1615 καὶ
695 1567 754 1615 τὸ
809 1562 1052 1635 ἀγλευκες
1099 1566 1535 1636 περιπτύσσεταιο
1603 1562 1757 1615 Αἰτίαι
1819 1564 1919 1635 γὰρ

310 1652 371 1704 οὐ
412 1659 660 1705 τοσοῦτον
716 1654 746 1710 ἡ
801 1652 894 1710 ὗλη
939 1661 1040 1704 τῶν
1070 1653 1384 1717 ὑποθέσεων,
1419 1653 1539 1704 ὅσον
1578 1654 1608 1709 ἡ
1652 1660 1750 1703 τῶν
1792 1650 1921 1722 βίων

312 1738 564 1816 διαφορά.
617 1739 756 1799 Πλὴν
796 1746 885 1793 καὶ
922 1742 1083 1802 οὕτως
1141 1743 1171 1800 ἠ
1231 1743 1478 1813 ὁμοιότης
1535 1739 1771 1792 ἁπάντων
1806 1736 1921 1792 δια-

310 1833 568 1905 φαίνεται,
593 1833 681 1885 καὶ
702 1833 797 1881 τόῡ
819 1829 979 1885 αὐτοῦ
1009 1832 1207 1903 πατρὸς
1238 1836 1390 1902 φῦναι
1419 1830 1628 1888 τούτους
1652 1830 1919 1891 κάκείνους
1954 1858 1991 1912 Β

310 1925 613 1991 κατηγορεῖ.
664 1916 784 1969 ’Ἐτι
844 1915 1049 1969 κάκεῖνο
1107 1920 1412 1991 προθεωρεῖν
1467 1913 1765 1989 ἀναγκαῖον,
1829 1919 1917 1981 ὡς,

310 2009 470 2064 ἡνίκα
493 2009 584 2078 μεν
612 2002 706 2077 ἦγε
726 2006 949 2079 σχολὴν,
972 2011 1062 2059 καὶ
1091 2012 1210 2080 περὶ
1236 2010 1420 2078 μόνους
1444 2002 1556 2079 εἶχε
1576 2009 1696 2071 τοὺς
1713 2004 1866 2077 λόγου
1878 2026 1915 2073 ς,

312 2093 613 2159 ίπιδείξεως
662 2102 845 2171 χώραν
903 2093 1021 2149 οὐδ’
1069 2095 1154 2149 ἐπὶ
1215 2100 1505 2171 κοινοτέρου
1571 2094 1919 2170 ἁκροατηρίου

311 2184 653 2261 ἓθεατρίσατο
678 2207 691 2219 ·
721 2188 766 2241 εἶ
793 2206 845 2239 τι
876 2182 934 2238 δε
962 2184 1111 2244 ἑπονή
1125 2205 1274 2253 σατο,
1306 2186 1423 2237 καθ’
1457 2185 1658 2249 ἑαυτὸν,
1690 2187 1716 2237 ὃ
1742 2204 1918 2257 φασιν,

309 2270 456 2326 ᾶδων
488 2272 777 2332 ἐπονήσατο
808 2289 820 2303 ³
850 2281 1001 2326 τοῦτο
1036 2271 1087 2327 δ’
1119 2278 1239 2326 ὅσον
1260 2273 1461 2327 κολούει
1499 2278 1593 2331 τὴν
1633 2272 1711 2325 ἰπὶ
1754 2273 1921 2345 λόγοις

311 2361 580 2438 ἀκρίϐειαν
609 2364 721 2435 ἅμα
752 2368 842 2415 καὶ
872 2362 1189 2436 φιλοτιμίαν,
1230 2365 1412 2415 ἴσασιν
1445 2365 1490 2414 οἱ
1533 2360 1750 2423 εἰδότες.
1782 2362 1921 2415 Ἐπεὶ

312 2448 374 2505 δι
403 2453 681 2527 ἱερωσύνης
712 2451 867 2510 ἐπέϐη
909 2456 998 2505 καὶ
1030 2454 1169 2522 παρὰ
1205 2459 1295 2504 τοῦ
1327 2451 1711 2524 ἐπαγγέλματος
1743 2455 1800 2504 τὸ
1830 2459 1920 2504 τοῦ

316 2539 484 2610 λέγειν
514 2547 599 2595 καὶ
639 2543 853 2615 γράφειν
892 2538 1167 2613 ἐνδόσιμον
1216 2541 1410 2609 ἔλαϐεν,
1452 2538 1568 2593 οὐδ’
1608 2541 1829 2593 ἐνταῦθα
1856 2544 1923 2593 τὰ

306 2636 402 2689 τῆς
432 2626 732 2692 ἐπιδείξεως
763 2627 875 2701 εἶχε
902 2629 1207 2704 προϐάλλειν
1229 2629 1595 2704 φιλοτιμότερα
1619 2646 1630 2659 ·
1655 2637 1807 2682 τοῦτο
1829 2633 1919 2703 μὶν

304 2725 400 2779 τῆς
431 2720 711 2792 ἱερωσύνης
736 2720 794 2773 οὐ
825 2722 1280 2797 προποιουμένης
1300 2716 1423 2772 οὐδὲ
1445 2721 1535 2781 τὰς
1566 2718 1614 2771 ἐν
1644 2719 1780 2790 λόγῳ
1808 2718 1916 2771 ἑπι-

308 2804 521 2874 δείξεις,
551 2811 725 2882 ὥσπερ
755 2806 879 2862 οὐδε
898 2811 991 2871 τὰς
1015 2808 1061 2861 ἐν
1089 2809 1242 2881 ἐτίρῳ
1274 2805 1633 2880 οἰῳδηποτοῦν
1654 2810 1917 2883 κατορθώ-

306 2918 459 2970 ματι,
488 2900 568 2951 ὅτι
597 2904 669 2970 μὴ
703 2904 793 2950 καὶ
824 2898 1015 2971 μᾶλλον
1038 2895 1262 2959 κηλῖδας
1290 2899 1613 2970 νομιζούσης
1633 2903 1723 2950 καὶ
1745 2918 1921 2971 μειρα-

304 2983 477 3045 κιώδη
524 2986 823 3060 ἀθύρματα,
874 2988 903 3046 ἡ
988 2984 1380 3059 σπουδάσματα
1434 3002 1447 3016 ⁸
1520 2995 1672 3039 τοῦτο
1717 2984 1776 3040 δε
1819 2996 1917 3039 τῶν

317 3075 653 3149 ἀκροωμένων
704 3076 989 3149 Ἀθήνησιν
1027 3076 1193 3129 οὐκέτ’
1254 3081 1408 3128 ὄντων
1448 3076 1764 3149 φιλομαθῶν,
1796 3074 1919 3129 οὐδε

310 3171 762 3238 προσεκκαιόντων
801 3170 895 3223 τὴν
947 3174 1039 3218 τοῦ
1076 3166 1232 3237 λόγου
1289 3168 1595 3239 θερμότητα,
1630 3166 1818 3239 μᾶλλον
1860 3164 1919 3219 δε

306 3258 593 3307 ποιούντων
624 3255 1005 3321 ἑπινυστάζειν,
1036 3257 1113 3316 οἷς
1143 3256 1413 3327 ὑπόκωφον
1454 3252 1803 3307 ἐνδείκνυνται
1826 3261 1918 3313 τὴν

310 3343 589 3413 ἀκρόασιν,
633 3346 715 3395 ἵνα
743 3348 813 3417 μὴ
847 3343 999 3415 λέγω,
1034 3346 1113 3399 ὅτι
1153 3346 1254 3396 ὅσα
1300 3349 1389 3397 καὶ
1429 3344 1587 3416 λύρας
1618 3348 1750 3413 ὄνος,
1785 3348 1920 3397 κατὰ

302 3438 400 3490 τὴν
430 3437 738 3505 παροιμίαν,
763 3441 856 3484 τοῦ
876 3436 1127 3507 περισσόν
1158 3452 1208 3484 τι
1236 3432 1466 3503 λέγοντος
1501 3432 1915 3508 ἐπιστρέφονται·

300 3520 367 3573 Ἤ
408 3540 468 3591 γε
506 3526 610 3593 μὴν
632 3520 866 3592 ἀσχολία
894 3526 981 3573 καὶ
1006 3525 1063 3573 τό
1104 3523 1204 3573 ὑπὸ
1234 3523 1557 3596 πραγμάτων
1581 3521 1918 3574 ἀνθέλκεσθαι

302 3610 399 3663 οὐκ
422 3609 613 3663 ἐώντων
653 3609 1059 3683 ἐξακριϐοῦσθαι
1090 3614 1152 3663 τὰ
1185 3618 1275 3663 τοῦ
1306 3610 1484 3682 λόγου,
1517 3611 1706 3683 μᾶλλον
1741 3608 1800 3663 δὲ
1828 3616 1917 3665 καὶ

302 3699 544 3770 πάρεργα
607 3696 1067 3773 προσϐιαζομένων
1130 3698 1461 3769 λογίζεσθαι,
1530 3704 1704 3771 τρίτον
1745 3699 1798 3751 ὃν
1850 3708 1911 3772 τῇ

305 3788 689 3860 ἀπαριθμήσει,
712 3798 915 3863 πρῶτον
939 3797 1001 3862 τῇ
1037 3786 1258 3861 δυνάμει
1290 3794 1548 3861 φαίνεται.

374 3884 555 3930 Ταῦτα
576 3887 889 3931 σνννοοῡντα
923 3882 1010 3930 τόν
1036 3878 1408 3951 ἐντευξόμενον,
1443 3883 1613 3952 χρεὼν
1646 3882 1716 3950 μὴ
1750 3877 1916 3953 βαρὺν

302 3966 558 4039 λογιστὴν
597 3970 942 4037 καθέζεσθαι,
973 3967 1181 4039 ἀγάπης
1204 3965 1263 4020 δὲ
1293 3967 1501 4040 μᾶλλον,
1536 3968 1673 4039 εἰμὴ
1707 3970 1840 4020 πάνυ
1866 3988 1916 4019 τι

304 4065 397 4109 τοῦ
438 4055 683 4130 ἀκριϐοῦς
737 4059 804 4109 τὰ
842 4058 979 4109 οὕτω
1016 4062 1344 4129 πεπονημένα
1402 4056 1743 4126 ἐκπέπτωκεν,
1810 4056 1917 4109 ἀλλ’

306 4149 449 4198 ἔστιν
497 4143 556 4197 οὗ
601 4152 689 4199 καὶ
720 4154 814 4208 τῆς
862 4152 1051 4218 τέχνης
1090 4147 1343 4218 ἐξέχεται,
1380 4152 1469 4198 καὶ
1513 4150 1604 4209 τὰς
1653 4144 1796 4209 ἰδέας
1827 4156 1918 4199 τοῦ

305 4235 581 4287 πολιτικοῦ
619 4235 775 4307 λόγου
818 4241 1155 4310 συγκίρνησι,
1186 4242 1274 4288 καὶ
1307 4240 1422 4289 οὔτε
1461 4239 1517 4288 τὸ
1548 4238 1919 4310 καθαρδνέχει

306 4329 666 4397 πεπατημένον
706 4330 795 4377 καὶ
828 4326 899 4387 εἰς
928 4322 1311 4395 χυδαιολογίαν
1341 4324 1785 4397 καταϐεϐλημένον
1804 4329 1919 4377 οὔτε

310 4418 368 4465 τό
413 4413 837 4485 περιϐεϐλημένον
871 4411 1077 4487 σφόδρα
1105 4418 1608 4486 περιηγκωνισμένον
1649 4419 1735 4466 καὶ
1765 4413 1919 4466 λαϐυ-

304 4499 577 4574 ρινθῶδες,
621 4502 748 4554 ἀλλὰ
790 4508 880 4555 καὶ
930 4506 959 4561 ἡ
1003 4502 1245 4577 περιϐολή
1298 4500 1680 4576 διευκρίνηται,
1730 4508 1820 4554 καὶ
1860 4507 1917 4554 τὸ

308 4595 471 4662 σαφὲς
500 4590 887 4666 περιϐέϐληται,
919 4597 1007 4644 καὶ
1038 4597 1256 4665 μετρίως
1297 4590 1581 4665 ἀμφότερα.
1623 4592 1919 4665 Ἧρμοσται

306 4679 367 4734 δὲ
400 4687 488 4733 καὶ
515 4680 614 4733 ἀπὸ
645 4690 744 4733 τῶν
773 4682 964 4733 λοιπῶν
996 4678 1167 4751 ἰδεῶν,
1198 4681 1245 4743 ἐς
1278 4682 1399 4734 ὅσον
1429 4682 1545 4744 ἐξῆν
1570 4699 1581 4711 '
1618 4681 1845 4753 μάλιστα
1868 4680 1919 4733 δ’

306 4772 380 4832 εἰς
419 4772 636 4842 μέγεθος
674 4774 892 4844 αἴρεται,
934 4775 1023 4823 καὶ
1052 4770 1223 4832 πλέον,
1258 4774 1387 4842 ἤπερ
1439 4773 1463 4821 ό
1518 4778 1609 4821 τοῦ
1649 4770 1917 4822 πολιτικοῦ

306 4860 545 4919 θεσπίζει
581 4866 767 4910 κανων.
804 4864 903 4912 Καὶ
934 4859 993 4911 οὗ
1020 4863 1182 4910 κακία
1216 4867 1369 4911 τοῦτο
1403 4856 1577 4916 δήπου
1608 4867 1698 4910 τοῦ
1738 4859 1914 4930 λόγου,

303 4950 387 5001 ότι
417 4945 557 5020 μηδὲ
587 4945 795 5021 σφόδρα
822 4947 1117 5020 βουλομένῳ
1142 4950 1248 5000 οἷον
1282 4967 1333 5000 τε
1360 4950 1442 5015 ἧν,
1467 4951 1587 5000 ὅσον
1606 4947 1687 5000 ἐπὶ
1714 4958 1919 5021 σεμναῖς

302 5037 526 5099 ἐννοίαις
562 5042 634 5108 μὴ
678 5034 1000 5109 διαίρεσθαι,
1048 5039 1124 5098 αἷς
1164 5044 1312 5090 πᾶσα
1357 5043 1697 5111 χριστιανικὴ
1741 5037 1919 5109 ὁμιλία

299 5134 583 5198 κοσμεῖται
613 5143 625 5155 ⁸
668 5128 726 5179 οὐ
766 5132 918 5199 μόνον
946 5125 992 5178 ἐν
1032 5126 1423 5199 λογογραφίαις,
1460 5126 1563 5177 ἀλλ’
1598 5125 1703 5184 ἤδη
1748 5132 1836 5178 καὶ
1871 5126 1917 5177 ἐν

399 5216 577 5276 ἁπλῶς
595 5222 835 5288 κοινωνία
860 5224 951 5269 τον
978 5216 1161 5287 λόγου.
1194 5216 1335 5268 ’Ὁσα
1364 5218 1488 5287 γὰρ,
1514 5222 1672 5287 φησὶν
1700 5218 1914 5291 ορήτωρ

298 5312 399 5367 τῆς
432 5303 766 5365 Ἰ-Ξκκλησίας.
810 5307 989 5377 σεμνὰ,
1026 5306 1069 5357 εἰ
1092 5324 1171 5366 τις
1212 5303 1363 5379 ἀρετὴ
1400 5309 1489 5355 καὶ
1518 5308 1561 5356 εἰ
1584 5324 1662 5365 τις
1693 5308 1913 5371 ἔπαινος,

294 5402 468 5448 ταῦτα
506 5399 595 5446 καὶ
626 5393 918 5465 λογίζεσθε.
971 5394 1029 5448 Εἰ
1083 5391 1143 5447 δε
1207 5399 1295 5446 καὶ
1335 5397 1467 5467 μετα
1506 5398 1598 5452 τὴν
1633 5396 1914 5469 ἱερωσύνην

1954 4570 1995 4623 D

2030 583 2215 645 tium;
2247 580 2310 637 id
2348 597 2538 638 unum
2584 582 2921 639 notandum
2960 585 3067 654 est,
3114 582 3317 655 plures
3360 596 3500 639 eum
3543 596 3677 639 ora-

2030 672 2262 728 tionum
2293 686 2539 727 suarum
2558 675 2887 743 antequam
2913 671 3227 729 sacerdotii
3257 686 3480 729 munus
3510 669 3678 729 iniis-

2032 761 2138 824 set,
2170 758 2499 831 scripsisse,
2535 763 2593 816 et
2618 759 2876 831 primam
2906 761 3184 835 quidem:
3214 760 3304 817 Ad
3327 775 3430 817 eos
3458 760 3563 832 qui
3591 759 3679 817 in-

2030 844 2439 916 dignabantur
2458 848 2624 922 quod
2643 847 2847 906 lumen
2871 866 3051 907 suum
3082 849 3195 905 sub
3222 849 3425 905 modio
3440 848 3679 923 posuis-

2032 940 2148 1002 set;
2171 935 2309 993 dein
2327 936 2660 993 orationem
2682 937 3084 995 laudatoriam
3110 941 3171 995 in
3192 938 3439 996 beatum
3457 936 3681 994 archie-

2031 1024 2346 1098 piscopum
2380 1025 2751 1097 Chonarum;
2784 1026 3015 1083 tertiam
3054 1026 3315 1099 denique
3344 1026 3405 1081 in
3434 1024 3683 1099 patriar~

2031 1112 2244 1181 chain;
2296 1118 2539 1169 caeteras
2572 1119 2772 1170 autem
2822 1131 3034 1171 omnes
3064 1121 3198 1190 post
3242 1114 3447 1172 initum
3482 1129 3679 1171 sacer-

2032 1201 2230 1257 dotale
2279 1218 2501 1258 munus
2562 1202 2751 1259 editas
2807 1203 3026 1271 fuisse;
3075 1220 3232 1277 quas
3288 1219 3426 1261 cum
3476 1202 3683 1273 legerit

2033 1290 2246 1364 aliquis
2285 1298 2483 1351 mente
2516 1292 2797 1360 candida,
2833 1293 3059 1350 auctori
3091 1294 3377 1363 ignoscet,
3408 1292 3512 1348 ubi
3540 1308 3681 1349 cum

2033 1382 2360 1437 temeritate
2384 1382 2655 1451 juvenili,
2697 1381 2963 1439 ﬂosculis
2995 1383 3244 1454 poeticis
3273 1381 3572 1453 pueriliter
3595 1381 3682 1437 in.

2032 1469 2230 1535 haeret,
2262 1477 2317 1526 et
2337 1470 2476 1525 alibi
2508 1476 2806 1527 oratorem
2838 1488 2899 1526 se
2922 1471 3154 1526 aridum
3173 1476 3229 1527 et
3254 1471 3485 1526 nudum
3510 1470 3677 1539 gerit;

2032 1560 2205 1629 cujus
2246 1560 2328 1614 rei
2375 1575 2563 1616 causa
2591 1575 2714 1615 non
2744 1559 3236 1616 dissertationum
3267 1560 3537 1630 materia,
3574 1558 3681 1615 sed

2030 1647 2366 1704 ditl'erentia
2420 1664 2721 1706 annorum
2778 1648 3062 1704 habenda
3115 1653 3223 1719 est,
3283 1648 3505 1721 quibus
3550 1647 3681 1703 illas

2030 1737 2385 1808 composuit.
2439 1738 2659 1793 Omnes
2706 1742 2907 1793 tamen
2941 1738 3024 1792 sic
3073 1752 3317 1809 quoque
3350 1734 3683 1792 similitudi-

2028 1841 2168 1881 nem
2192 1824 2456 1898 aliquam
2479 1840 2603 1897 prae
2628 1841 2688 1880 se
2711 1826 2968 1881 ferentes
2993 1825 3071 1881 ab
3085 1826 3297 1881 eodem
3317 1841 3377 1881 se
3395 1825 3681 1897 scriptore

2029 1920 2268 1971 exortas
2300 1931 2430 1970 esse
2461 1915 2605 1971 satis
2631 1915 2915 1971 clamant.
2945 1919 3005 1971 In
3027 1931 3149 1987 quo
3174 1914 3231 1969 id
3262 1930 3505 1987 quoque
3526 1930 3680 1986 pree-

2027 2009 2236 2061 notare
2259 2006 2429 2075 juvat
2459 2005 2647 2077 quod,
2680 2005 2728 2059 si
2760 2004 2978 2060 decoro
3027 2020 3164 2060 cum
3204 2005 3323 2059 otio
3351 2003 3556 2060 litteris
3582 2019 3679 2059 so-

2027 2093 2099 2149 lis
2130 2093 2416 2162 studeret,
2444 2108 2567 2149 non
2597 2093 2934 2149 auditorum
2960 2092 3437 2149 benevolentiam
3479 2096 3679 2165 capta-

2028 2187 2133 2253 ret,
2158 2183 2217 2239 id
2239 2199 2425 2239 unum
2449 2198 2634 2252 agens
2656 2187 2719 2238 ut
2743 2183 2855 2238 sibi
2882 2183 2994 2254 ipsi
3026 2182 3470 2239 sufﬁceret.Hoc
3485 2197 3681 2255 quan-

2032 2276 2158 2327 tum
2190 2277 2406 2327 noceat
2454 2272 2620 2343 operi
2674 2271 3068 2341 conficiendo,
3104 2287 3303 2328 rerum
3335 2271 3686 2342 hujusmodi

2030 2360 2202 2433 periti
2232 2360 2420 2433 probe
2445 2364 2687 2415 norunt.
2716 2360 2828 2417 Sed
2857 2364 2993 2431 post
3011 2359 3414 2415 sacerdotium
3438 2375 3684 2432 quoque

2030 2449 2265 2519 initum,
2326 2448 2427 2504 ubi
2476 2448 2717 2505 dicendi
2765 2448 3142 2504 scribendive
3190 2448 3359 2504 locus
3407 2452 3549 2515 erat,
3593 2447 3685 2505 vir

2030 2554 2246 2611 parum
2308 2538 2664 2595 ambitiosus
2728 2538 2907 2607 longe
2950 2539 3028 2594 ab
3077 2538 3244 2594 omni
3284 2538 3682 2594 ostentatione

2032 2627 2239 2683 abfuit.
2272 2627 2389 2683 Nec
2426 2627 2681 2693 mirum;
2716 2627 3056 2683 sacerdotes
3096 2627 3255 2681 enim
3286 2626 3361 2681 de
3397 2625 3681 2697 operibus

2029 2731 2065 2772 a
2110 2733 2173 2771 se
2231 2717 2461 2789 scriptis
2508 2731 2630 2771 non
2674 2716 2867 2786 magis
2913 2730 3101 2787 quam
3131 2715 3206 2770 de
3235 2730 3598 2787 quacunque
3622 2730 3685 2770 re

2028 2807 2339 2862 mundana
2389 2806 2630 2879 spiritus
2686 2821 2920 2861 sumere
2965 2805 3137 2860 decet
3180 2821 3192 2871 ;
3249 2820 3382 2875 qua:
3415 2804 3620 2859 omnia
3652 2818 3684 2859 e

2028 2900 2236 2951 contra
2280 2911 2391 2967 pro
2434 2896 2612 2964 nugis
2666 2911 2736 2951 ac
2780 2894 3124 2966 quisquiliis
3177 2892 3464 2949 habenda
3522 2897 3683 2948 sunt.

2030 2986 2151 3040 Huc
2180 2984 2337 3039 adde
2379 2984 2545 3057 quod
2579 2984 2967 3039 Athenienses
3009 2982 3196 3038 nostri
3227 2981 3539 3053 temporis,
3571 2996 3683 3036 au-

2028 3072 2230 3128 diendi
2258 3089 2476 3145 parum
2503 3074 2727 3144 cupidi,
2759 3077 2883 3128 arte
2905 3072 3159 3128 oratoris
3185 3070 3503 3126 difﬁculter
3534 3069 3686 3125 exci‘

2029 3167 2247 3223 tantur,
2292 3164 2414 3219 imo
2471 3164 2623 3218 inter
2672 3163 3025 3218 concionem
3076 3160 3422 3216 obdormire
3472 3158 3682 3227 solent,

2028 3256 2085 3308 et
2109 3253 2279 3325 parvi
2304 3253 2566 3325 pendere
2594 3268 2731 3307 eum
2761 3252 2863 3323 qui
2909 3252 3213 3321 egregiam
3259 3250 3527 3321 aliquam
3557 3264 3685 3303 rem

2028 3342 2287 3415 protulit,
2318 3359 2354 3398 a
2382 3358 2505 3414 qua
2530 3358 2651 3397 non
2683 3342 2883 3397 minus
2912 3358 3100 3413 quam
3132 3340 3337 3395 asinus
3367 3355 3403 3395 a
3430 3338 3560 3411 lyra
3583 3338 3687 3393 ab-

2026 3430 2286 3487 horrent.
2321 3432 2377 3487 δί
2408 3433 2643 3487 tertium
2674 3431 2811 3485 dein
2843 3429 3343 3501 impedimentum
3370 3426 3683 3483 admittere

2027 3519 2213 3585 voles,
2266 3524 2588 3590 memento,
2637 3519 2738 3574 otii
2771 3519 3135 3579 absentiam,
3166 3518 3545 3587 negotiorum
3583 3530 3681 3570 ur-

2028 3610 2288 3679 gentiam
2318 3610 2512 3665 facere
2530 3613 2593 3664 ut
2622 3610 2843 3679 stylum
2868 3612 2924 3663 et
2944 3608 3291 3675 dictionem,
3318 3604 3500 3661 rebus
3514 3604 3687 3678 parvi

2027 3699 2320 3755 momenti
2352 3698 2529 3753 nimis
2557 3698 2837 3765 intentus,
2868 3697 3069 3753 minus
3100 3712 3292 3751 cures.

2100 3876 2276 3949 Cujus
2316 3876 2401 3933 rei
2446 3891 2678 3931 memor
2716 3874 2901 3930 lector
2955 3890 3077 3930 non
3107 3873 3337 3943 rigidus
3378 3871 3566 3942 judex
3598 3887 3685 3927 se-

2027 3966 2208 4035 debit,
2257 3966 2364 4021 sed
2416 3965 2749 4033 indulgebit
2788 3964 2954 4036 operi
3002 3963 3203 4019 minus
3251 3960 3530 4033 expolito,
3582 3960 3685 4019 ubi

2028 4056 2168 4109 artis
2211 4055 2468 4124 vestigia
2514 4054 2719 4125 aliqua
2768 4054 2827 4107 in
2873 4052 3147 4123 vocibus,
3187 4050 3293 4106 ubi
3342 4049 3685 4105 orationum

2028 4149 2387 4199 ornamenta
2412 4159 2532 4198 non
2565 4143 3011 4198 contemnenda
3049 4138 3520 4212 comprehendet
3547 4153 3685 4193 cum

2029 4234 2291 4291 claritate
2313 4232 2665 4287 sufﬁciente.
2697 4230 3037 4301 Saepissime
3069 4230 3228 4284 enim
3262 4229 3451 4300 stylus
3481 4226 3557 4282 ad
3588 4242 3682 4280 su-

2029 4326 2209 4380 blime
2233 4339 2422 4396 usque
2452 4321 2715 4377 ascendit
2740 4320 2895 4376 ultra
2920 4336 3105 4391 quam
3127 4320 3217 4374 fas
3247 4324 3334 4373 est
3362 4323 3529 4373 etars
3550 4331 3684 4371 ora-

2029 4417 2179 4471 toria
2191 4412 2566 4485 permittit.ld
2587 4427 2833 4483 quoque
2858 4409 3020 4464 nullo
3036 4409 3217 4463 modo
3237 4424 3373 4463 cum
3396 4406 3687 4478 vituperio

2030 4502 2364 4557 notandum
2388 4506 2475 4554 est
2496 4500 2542 4553 si
2562 4498 2834 4553 oratorin
2859 4495 3688 4552 edendisdivinismeditatio-

2030 4592 2210 4645 nibus
2235 4590 2657 4645 sublimitatem
2678 4586 2993 4655 atiectat,id
3017 4585 3183 4659 quod
3204 4602 3314 4640 nec
3335 4584 3690 4656 ineloquen-

2030 4683 2107 4735 tia
2139 4680 2491 4747 Christiana,
2516 4694 2624 4733 nec
2647 4678 2705 4732 in
2728 4678 2996 4732 oratione
3018 4676 3273 4747 pedestri
3293 4673 3684 4745 displicuerit.

2028 4774 2297 4841 Namque
2313 4767 2583 4823 Ecclesiae
2603 4783 2877 4821 summus
2899 4771 3099 4820 orator
3116 4764 3284 4819 dicit:
3301 4765 3689 4835 Quaecunque

2028 4860 2298 4932 pulchra.
2326 4858 2373 4912 si
2402 4873 2524 4927 qua
2547 4856 2749 4924 virtus,
2786 4856 2833 4910 si
2854 4870 2978 4927 qua
3018 4854 3151 4909 laus
3190 4852 3536 4924 disciplina},
3559 4851 3689 4906 haec

2028 4949 2282 5017 cogitate
2311 4947 2605 5017 (Philipp.
2628 4947 2714 5012 lV,
2740 4948 2813 5001 8‘.
2845 4945 2902 4999 Si
2930 4960 3071 4999 vero
3104 4949 3240 5015 post
3261 4957 3689 4998 munussacer-

2028 5038 2227 5093 dotale
2271 5038 2505 5103 initum,
2540 5034 2839 5090 orationes
2871 5033 3230 5102 elegantiam
3270 5030 3564 5103 poeticam
3597 5046 3689 5084 re-

2027 5126 2247 5190 dolent,
2296 5125 2523 5196 quippc
2555 5139 2691 5193 quia
2725 5122 2893 5177 aliter
2940 5120 3139 5193 politae
3172 5136 3300 5174 esse
3334 5118 3687 5190 nequibant,

2024 5231 2146 5270 non
2175 5220 2263 5269 est
2287 5215 2452 5285 quod
2486 5213 2769 5267 lectorum
2806 5212 3039 5266 veniam
3066 5216 3310 5281 expetas
3332 5207 3496 5263 haud
3524 5208 3687 5278 igno-

2024 5305 2284 5359 rantium
2319 5304 2747 5358 hodiernaruiu
2787 5300 3298 5356 declamationum
3333 5298 3689 5353 bacchicum

2023 5396 2285 5451 furorem
2328 5409 2360 5450 a
2409 5391 2535 5449 sola
2594 5391 2854 5463 Calliope
2918 5389 3265 5459 oriundum,
3312 5392 3373 5444 ut
3404 5387 3679 5444 omittam

368 5686 452 5760 (1)
492 5686 558 5741 In
589 5682 979 5758 inscriptione
1007 5682 1192 5761 hujus
1224 5698 1311 5741 or.
1342 5682 1508 5763 apud
1542 5682 1749 5744 Band..
1778 5685 1916 5763 Πρὸς
1936 5686 2055 5746 τοὺς
2085 5680 2137 5756 ὰ)

1309 5728 1311 5740 ι
1342 5682 1508 5763 apud
1542 5682 1749 5744 Band..
1778 5685 2055 5763 Πρὸςτοὺς
2085 5680 2415 5759 ἀχθομένους
2455 5676 2548 5738 διὰ
2586 5682 2642 5732 τὸ
2676 5672 3078 5753 ἀφιλένδεικτον,
