4480 6430
787 384 896 446 315
1679 387 1983 444 MICHAEL
2013 390 2459 448 ACOMINATUS
2483 391 2910 450 ATHENARUM
2940 393 3264 451 ARCHIEP.
4051 401 4155 454 816

789 508 1242 592 Demosthenica
1270 508 1370 565 illa
1401 527 1414 564 ε
1465 509 1577 566 Per
1618 513 1840 568 terram
1876 511 1888 565 l
1917 527 2025 586 per
2065 512 2260 589 fontes
2295 515 2307 570 !
2343 529 2450 587 per
2487 519 2532 571 Α

2386 529 2450 573 er
2487 519 2532 571 Α
2559 514 2706 587 λόγοι
2730 525 3018 578 ποιητικοῖς
3048 518 3292 590 ὀνόμασιν
3314 522 3453 572 ἔστιν
3483 515 3542 571 οὗ
3575 515 3610 572 δ
3616 520 3949 587 ιανθίξονται,
3974 517 4152 579 έπειδὴ

789 594 1079 680 flumina!
1113 611 1220 669 per
1249 597 1410 653 rivos
1446 598 1459 654 Ξ
1486 601 1541 654 et
1573 598 1690 655 alia
1714 600 1808 677 his
1847 600 2065 656 similia
2094 602 2229 677 plus
2257 619 2442 674 quam
2554 628 2558 650 ‹

2389 619 2442 658 m
2554 605 2648 655 οῦκ
2677 604 2794 667 ἐξῆν
2826 605 2990 667 ἄλλως
3027 611 3265 679 μετέχειν
3304 626 3351 658 τι
3380 612 3470 659 καὶ
3497 614 3589 659 τοῦ
3627 607 3810 680 ἁϐροῦ,
3851 616 4003 661 τοῦτο
4033 606 4158 662 οὐδε

789 681 1250 760 dithyrambica.
1308 685 1420 751 Qui
1470 690 1672 743 autem
1721 689 2024 759 majorum
2097 696 2448 747 nostrorum
2553 715 2558 726 ι

2386 707 2448 747 m
2553 699 2915 765 παραιτήσεως
2945 695 3088 758 ἄξιον
3127 700 3256 770 πρός
3284 715 3343 767 γε
3372 700 3488 756 τοὺς
3529 693 3758 764 εἰδότας,
3791 699 3930 759 ὅπως
3959 700 4024 750 τὰ
4059 706 4155 750 τῶν

789 775 1013 847 scripta
1042 775 1247 849 utpote
1279 774 1530 848 antiqua
1561 775 1840 860 exempla
1866 777 2172 848 perlegere
2217 783 2446 844 amant,
2552 802 2558 830 τ

2384 783 2446 844 ιι,
2552 789 2640 834 νῦν
2677 783 3057 856 ῥητορευόντων
3087 783 3414 858 παράϐακχα
3442 787 3706 854 πνέουσιν,
3737 787 3803 847 ὡς
3822 787 4033 857 κάτοχα
4061 793 4153 838 τοῦ

790 861 1174 919 meminerint
1206 863 1403 928 velim,
1447 867 1730 936 antiquos
1760 866 2080 940 scriptores
2129 867 2450 938 elegantia-
2552 890 2559 902 ·

2388 883 2450 924 a-
2552 878 2643 931 τῆς
2675 871 2964 933 Καλλιόπης
2993 871 3220 943 ἀτεχνῶς
3249 874 3521 944 ἄσθματος
3547 889 3558 901 ’
3584 873 3642 926 οὐ
3671 873 3824 944 λέγω,
3856 872 3966 926 κατ’
3991 872 4157 926 ἐκεῖνα

789 967 927 1008 rum
971 955 1029 1008 et
1067 951 1290 1023 leporis
1342 953 1504 1008 haud
1554 969 1769 1026 parcos
1815 955 2021 1020 fuisse,
2063 960 2128 1012 ut
2166 957 2449 1013 Socratici
2551 979 2558 989 ·

2382 957 2449 1013 ici
2551 961 2617 1027 τὰ
2652 967 2745 1011 τοῦ
2777 962 3155 1032 Δημοσθένους,
3179 963 3254 1032 μὰ
3277 969 3397 1030 γῆν,
3422 962 3496 1032 μὰ
3516 966 3731 1035 κρήνας,
3761 965 3837 1035 μόι
3864 965 4151 1033 ποταμοὺς,

788 1039 953 1123 Plato
1007 1043 1064 1096 et
1121 1039 1469 1112 XenOphon.
1526 1040 1640 1097 Sed
1679 1046 1734 1096 et
1789 1042 2026 1100 Polemo
2081 1044 2445 1116 praefractim
2550 1075 2557 1120 ι

2385 1061 2445 1102 m
2550 1049 2625 1120 μὰ
2653 1050 2858 1120 νάματα
2891 1065 2903 1078 ·
2947 1049 3031 1101 ἐπὶ
3068 1049 3217 1101 πλέον
3258 1045 3316 1101 δὲ
3353 1048 3522 1119 πολλῷ
3551 1054 3640 1101 καὶ
3677 1058 3775 1102 τῶν
3816 1047 4154 1123 διθυράμϐων

789 1122 956 1194 dixit,
980 1127 1205 1203 scripta
1227 1127 1528 1201 pedestria
1557 1129 1844 1201 humeris,
1881 1132 2114 1203 poetica
2133 1133 2194 1188 in
2225 1133 2446 1205 plausi-
2552 1158 2558 1182 ε

2386 1135 2446 1190 εἰ·
2552 1140 3114 1211 φροντικώτερον.Τοῦς
3137 1133 3186 1188 δ’
3214 1135 3595 1199 ἀποϐλέποντας
3621 1137 3774 1197 εἰςτὰ
3795 1145 3894 1189 τῶν
3924 1136 4155 1199 παλαιῶν

787 1219 871 1297 ris
899 1211 1241 1295 amovenda
1270 1233 1423 1288 esse,
1450 1218 1617 1294 quod
1648 1235 1874 1277 novum
1902 1221 1989 1277 rei
2014 1227 2234 1278 nostrae
2263 1224 2446 1280 docu-
2554 1250 2556 1267 ι

2388 1239 2446 1280 u-
2554 1226 2966 1296 συγγράμματα,
3007 1227 3108 1276 ὅσα
3163 1230 3248 1277 (αἱ
3313 1229 3535 1286 πίνακας
3589 1227 3637 1296 (ό
3679 1225 3858 1298 φασιν)
3925 1224 4157 1300 ἀρχαίας

788 1301 1059 1360 mentum
1090 1304 1279 1361 aﬂ'ert.
2550 1332 2557 1383 λ

2550 1316 2750 1385 χειρὸς,
2791 1312 2949 1364 ἐκεῖνο
2990 1312 3204 1386 ἀπόχρη
3245 1318 3335 1365 καὶ
3373 1317 3527 1386 μόνον
3569 1315 3893 1385 ὑπομνῆσαι,
3934 1317 4002 1374 ὡς
4040 1309 4157 1365 οὐδ’

789 1394 838 1476 οἱ
862 1392 1077 1445 παλαιοῐ
1103 1397 1169 1446 τὰ
1193 1413 1248 1446 τε
1284 1393 1414 1446 ἄλλά
1442 1402 1533 1455 τῆς
1564 1401 1812 1454 ποιητικὴ
1826 1419 1867 1464 ς,
1899 1402 1990 1449 καὶ
2023 1394 2091 1456 δὴ
2125 1402 2183 1450 τό
2211 1407 2306 1460 τῆς
2331 1399 2512 1462 λέξεως
2550 1401 2700 1460 ἄνθος
2728 1403 2974 1474 παράπαν
3006 1399 3428 1473 ἀπεδοκίμασαν,
3457 1405 3547 1453 καὶ
3577 1401 3766 1474 μᾶλλον
3788 1403 3838 1452 οἱ
3878 1406 4160 1474 σοφώτεροι

788 1479 1008 1546 έκείνων,
1035 1485 1153 1543 τοὺς
1174 1487 1534 1558 Σωκρατικούς
1562 1483 1715 1556 λέγω,
1743 1486 1810 1535 ὧν
1837 1483 1885 1536 ἐν
1915 1493 2026 1546 τοῖς
2049 1486 2283 1558 μάλιστα
2313 1487 2562 1541 Πλάτωνα
2590 1493 2677 1539 καὶ
2705 1489 3001 1562 Ξενοφῶντα
3031 1486 3266 1562 οἰδαμεν.
3299 1497 3404 1542 Τοῦ
3445 1487 3504 1542 δὲ
3535 1489 3834 1562 Πολέμωνος
3864 1489 3924 1541 οῦ
3954 1494 4107 1561 μόνον
4133 1490 4159 1540 ό

787 1570 980 1647 ῥοῖζος,
1012 1570 1142 1622 ἀλλὰ
1169 1570 1426 1634 κάκεῖνος.
1464 1575 1542 1625 Τὰ
1566 1576 1656 1645 μεν
1687 1571 2055 1646 καταλογάδην
2083 1579 2243 1647 ὤμοις
2288 1573 2370 1628 δεῖ
2399 1574 2643 1650 ἐκφέρειν,
2673 1580 2740 1630 τὰ
2779 1574 2838 1631 δε
2881 1586 2980 1630 τῶν
3023 1587 3271 1647 ποιητῶν,
3304 1578 3552 1651 ἁμάξαις,
3592 1585 3768 1630 πᾶσαν
3792 1582 3888 1636 τὴν
3914 1580 4160 1634 τοιαύτην

787 1665 1121 1733 παραιτεῖται
1140 1664 1362 1732 νέμεσιν.

861 1747 1008 1821 Il,p.
1042 1751 1097 1828 ξ’,
1129 1748 1188 1804 b.
1229 1752 1370 1828 βρός
1410 1749 1890 1828 τοῦςμὰχθομίνους
1930 1749 2024 1804 διὰ
2050 1757 2107 1805 τό
2136 1751 2538 1827 ἀφιλένδεικτον.
2573 1756 2630 1808 In

2389 1773 2538 1808 :xrov.
2573 1756 2691 1808 Inc.
2729 1752 2943 1828 Ὁμήρῳ
2981 1762 3053 1825 τῷ
3081 1753 3575 1827 μεγαλοφωνοτάτῳ.
3613 1754 3734 1810 Fin.
3773 1757 3846 1812 ti
3878 1752 3996 1828 ῥαθ⁹
4035 1754 4158 1805 ὑπί-

786 1819 963 1894 ρηκος
982 1823 1160 1894 κοίλην
1200 1819 1470 1894 εἰσέπτατο
1501 1819 1712 1894 πέτρην.

792 1890 815 1978 ὲ
861 1890 1276 2013 ΠιλῚεὲγκώμιον
1306 1892 1377 1954 εἰς
1407 1897 1494 1943 τόν
1521 1890 1778 1968 μακάριον
1808 1893 2225 1968 ἀρχιεπίσκοπον
2266 1904 2440 1950 Χονῶν
2471 1898 2648 1968 κύριον
2673 1900 2930 1956 Νικήταν.
2967 1899 3084 1951 Inc.
3127 1899 3305 1970 Κωρός
3333 1897 3423 1967 μεν
3449 1897 3602 1969 ἀνὴρ.
3644 1895 3771 1951 Fin.
3807 1901 3973 1948 Τοῦτο
3999 1898 4158 1967 γέρας

792 1979 930 2013 εγειε
987 1981 1020 2013 α
1053 1983 1143 2013 ων.

790 1979 930 2032 εχεις
957 1979 1143 2018 Ααοων.

861 2084 966 2140 Vix
997 2084 1238 2142 credere
1267 2100 1515 2158 possum
1560 2087 1949 2158 Bandinium,
1989 2090 2270 2157 Caveum,
2324 2088 2649 2161 Oudinum,
2696 2089 3048 2148 Harlesium.
3103 2089 3266 2145 hunc
3313 2087 3840 2162 archiepiscopum
3879 2103 4020 2144 cum
4051 2078 4157 2144 Mi-

787 2171 1011 2230 chaelis
1039 2173 1222 2230 fratre
1253 2175 1453 2231 Niceta
1481 2175 1763 2232 historico
1789 2176 2158 2245 confudisse,
2189 2178 2315 2252 qui,
2344 2179 2409 2235 ut
2445 2188 2657 2236 omnes
2684 2179 2900 2250 sciunt,
2944 2193 3195 2235 munere
3238 2178 3517 2236 saeculari
3559 2173 3945 2248 fungebatur,
3989 2182 4048 2234 et
4080 2177 4157 2233 de

786 2262 961 2333 cujus
988 2276 1176 2319 uxore
1205 2279 1276 2320 ac
1299 2263 1503 2320 liberis
1533 2279 1692 2337 sepe
1719 2279 1918 2322 sermo
1944 2263 2050 2323 est.

860 2386 948 2467 IY,
973 2402 1032 2467 ρ.
1065 2388 1153 2446 19.
1177 2391 1349 2467 ᾼόγος
1380 2385 1616 2467 ἕὶδοθείς
1640 2408 1742 2441 τινι
1768 2397 1866 2467 ἶῶν
1903 2391 2394 2467 ῥητορευόντωνλείς
2427 2393 2513 2445 τόν
2553 2391 2841 2463 ἁγιώτατον
2872 2394 3211 2467 πατριάρχην
3250 2395 3427 2466 κύριον
3457 2391 3701 2464 Μιχαὴλ.
3734 2393 3855 2448 Ιῐιο.
3889 2389 4040 2444 ’Ἐστι
4057 2408 4158 2442 που

788 2457 1152 2535 Σικελικός-τις
1177 2457 1384 2535 λειμών.
1415 2461 1536 2535 Fin.
1577 2457 1948 2535 Ὠς-στέλεχος
1978 2457 2206 2535 φοίνικος
2235 2462 2393 2514 πολὺν
2419 2457 2641 2535 χρόνον.

858 2530 928 2606 Υ,
951 2544 1010 2601 ρ.
1034 2533 1126 2588 24.
1155 2529 1263 2606 Ἰίοῦ
1285 2529 1446 2582 αὐτοῦ
1475 2529 1637 2606 ’λόγος
1665 2532 1747 2606 ὅτε
1773 2529 2114 2606 πρῦτονταίς
2145 2533 2387 2595 Ἀθήναις
2412 2529 2588 2591 ἐπέϐη,
2618 2536 2679 2587 ν,
2709 2549 2768 2605 p.
2807 2538 2888 2588 12,

859 2602 948 2665 VI,
972 2616 1042 2678 _p.
1068 2606 1159 2668 27,
1281 2608 1385 2654 Τοῦ
1425 2601 1586 2654 αὐτοῦ
1616 2601 2057 2676 όμιλιαρηθεῑσα
2082 2608 2221 2678 κατόε
2237 2609 2333 2662 τὴν
2353 2609 2532 2678 τρίτην
2553 2601 2810 2678 κυριακὴν
2839 2614 2938 2656 τῶν
2968 2613 3236 2670 νηστειῶν,
3345 2605 3375 2663 ἦ
3419 2609 3508 2678 καὶ
3534 2606 3560 2657 ό
3596 2609 3774 2678 τίμιος
3794 2609 3882 2656 καὶ
3912 2605 4160 2678 ζωοποιός

791 2676 1014 2752 σταυρὸς
1050 2675 1417 2752 προτιθέμενος
1444 2672 1840 2752 προσκυνεῖταέ
1867 2679 1986 2752 Inc.
2024 2681 2130 2752 limi
2161 2672 2439 2752 όδοιπόρος
2466 2672 2646 2750 ὀρθίας
2678 2674 3084 2752 ἰλαυνωνε-Ειη.
3112 2675 3556 2752 Καὶ-ᾁκαταλύτω
3583 2672 3731 2752 ἑορτῇ
3767 2677 3935 2752 ἡμῶν.
3965 2674 4158 2752 ῘΑιέὴξ.

852 2726 978 2866 1vn,
999 2726 1071 2816 'p.
1091 2726 1184 2800 '23.
1209 2726 1295 2805 είς
1323 2726 1418 2802 re;
1458 2726 1637 2818 έδρτήν
1663 2752 1764 2796 τις..
1797 2726 1988 2818 5.22;;
2024 2726 2143 2802 is...
2169 2726 2617 2822 ιοίμετηοξρέξ.

2393 2726 2439 2736 "
2476 2726 2510 2750 ⁷ι⁷
2632 2726 2646 2737 '
2877 2726 2919 2732 "
2960 2726 3084 2757 ."—'
3114 2726 3210 2729 ""'
3268 2726 3416 2761 '
3496 2726 3537 2761 "i
3587 2726 3727 2759 ι’
3783 2726 3840 2761 ἰ,
3921 2726 3934 2731 '
3965 2726 4039 2759 ."I
4081 2726 4100 2757 .'
4147 2726 4156 2728 '

2393 2766 2869 2822 προφητικωτατος.
2915 2750 3041 2803 Fin.
3087 2752 3187 2804 Kal.
3223 2746 3386 2818 λεγειν
3415 2767 3549 2799 κατα
3580 2755 3727 2800 Θεον.
3769 2753 3916 2816 Δυτῷ
3956 2765 3985 2803 η
4031 2741 4162 2806 δόξα

786 2833 900 2866 κτΑ.

859 2938 1046 3009 Hujus
1072 2938 1360 2994 orationis
1389 2939 1588 2994 versio
1619 2939 1824 2996 Latina
1848 2939 2082 3010 integra
2109 2943 2305 2997 exstat
2329 2945 2574 2996 auctore
2604 2940 3195 3010 Franc.';Combeﬁsio
3225 2941 3285 2996 in
3321 2940 3477 2997 Bibl.
3507 2942 3758 2998 Patrum
3788 2939 4155 2996 concionato-

787 3028 907 3094 ria,
934 3025 1030 3082 ed.
1064 3028 1266 3083 Venet.
1290 3030 1330 3082 t.
1368 3029 1454 3091 IV,
1489 3043 1548 3099 p.
1581 3030 1686 3083 419
1709 3044 1847 3100 sqq.
1881 3029 2017 3084 Hinc
2042 3029 2290 3102 quidem
2311 3028 2582 3100 homilia,
2610 3045 2794 3102 quam
2815 3029 3215 3086 Combelisius
3236 3029 3571 3100 elegantem
3593 3030 3926 3086 orationem
3957 3027 4161 3100 appel-

785 3115 887 3185 lat,
922 3130 1046 3171 non
1075 3115 1190 3171 nisi
1219 3115 1604 3172 deumbratio
1635 3121 1722 3172 est
1754 3117 2112 3189 eloquentius
2140 3117 2459 3186 Michaelis,
2504 3134 2691 3190 quam
2731 3126 2887 3174 certe
2928 3133 3108 3174 nemo
3149 3134 3332 3174 sanus
3370 3135 3508 3174 cum
3541 3117 3778 3175 Periclis
3807 3133 3879 3173 ac
3911 3117 4160 3173 Demos-

786 3204 983 3261 thenis
1021 3203 1309 3262 facundia
1353 3205 1751 3276 comparabit.
1804 3207 1864 3261 ld
1909 3211 2066 3262 certe
2094 3222 2217 3262 non
2247 3206 2521 3276 negabis,
2550 3205 2808 3264 calorem
2840 3207 3172 3279 quemdam
3203 3212 3260 3262 et
3289 3207 3410 3263 vim
3442 3213 3498 3262 et
3526 3207 3766 3262 dicendi
3798 3205 4160 3261 suavitatem

785 3294 985 3349 inesse
1011 3293 1153 3349 huic
1182 3298 1339 3349 certe
1369 3296 1431 3349 in
1469 3294 1644 3349 Dom.
1679 3295 2026 3351 Palmarum
2071 3294 2354 3361 homiliae,
2409 3310 2480 3351 ac
2511 3294 2836 3352 Voltarium
2867 3295 3032 3354 haud
3070 3311 3209 3351 vere
3240 3295 3464 3352 dixisse
3502 3294 3888 3357 afﬁrmando,
3924 3294 4162 3349 Graecos

785 3382 956 3439 istius
976 3382 1262 3454 temporis
1293 3398 1329 3439 a
1359 3382 1694 3452 majoribus
1725 3387 1940 3454 praeter
1973 3383 2384 3453 garrulitatem
2415 3383 2565 3439 nihil
2594 3385 3007 3442 haereditasse.
3039 3385 3385 3441 Admonitio
3414 3384 3663 3456 quidem
3686 3399 3822 3456 quae
3851 3383 3910 3438 in
3939 3382 4058 3438 ﬁne
4085 3381 4164 3438 le-

787 3471 962 3541 gitur,
989 3471 1068 3528 ad
1090 3471 1284 3526 virum
1317 3469 1649 3544 quemdam
1673 3473 1847 3543 quasi
1878 3489 2284 3545 prorumpens
2311 3471 2754 3530 adolescentem
2777 3473 2947 3534 illum
2979 3474 3039 3542 in
3071 3473 3431 3529 memoriam
3463 3477 3721 3538 revocat,
3753 3478 3828 3536 de
3854 3487 3977 3545 quo
4006 3472 4165 3527 Nice-

786 3566 878 3617 tas
907 3561 969 3617 in
995 3560 1249 3617 Historia
1276 3560 1351 3615 de
1381 3561 1645 3616 obsessis
1678 3577 1785 3632 per
1819 3563 2076 3631 Sgurum
2105 3562 2349 3618 Athenis
2376 3567 2439 3618 ut
2463 3567 2875 3634 contemptore
2904 3561 3175 3617 Ecclesiae
3200 3560 3467 3630 maligno
3493 3565 3668 3632 atque
3689 3559 4035 3616 adversario
4066 3575 4164 3614 ar-

786 3649 1156 3722 chiepiscopi
1186 3649 1452 3722 loquitur
1480 3649 1828 3720 evangelico
1851 3651 2054 3724 ipsum
2086 3666 2292 3706 amore
2318 3651 2686 3724 protegentis
2718 3651 2858 3724 ;qui
2891 3668 3036 3706 num
3063 3651 3224 3706 idem
3253 3667 3388 3705 cum
3417 3656 3621 3706 nostro
3643 3649 3817 3705 fuerit
3836 3663 3958 3703 non
3980 3647 4164 3717 hujus

785 3736 902 3793 loci
940 3742 1032 3793 est
1051 3737 1418 3810 disquerere.

783 3861 1071 3932 Sequitur
1096 3863 1169 3919 de
1187 3863 1492 3919 Michaelis
1516 3864 1775 3933 scriptis.
1793 3863 2222 3929 Fragmentum
2238 3864 2628 3933 panegyridis
2649 3865 2711 3918 in
2732 3865 2998 3935 imperat.
3028 3865 3097 3918 Is.
3113 3865 3412 3934 Angelum
3435 3863 3644 3932 dictae;
3668 3862 3749 3918 ad
3769 3860 4164 3929 archiepisco-

1732 3950 1874 4003 pum
1909 3935 2488 3992 Thessalonicensem
2523 3937 2906 3992 Eustathium
2928 3936 3214 4004 epistolae.

857 4057 996 4140 νμι,
1029 4073 1088 4130 p.
1120 4056 1699 4140 30,.b.‘llpompdwn‘u.a
1736 4057 1807 4119 εἰς
1831 4061 1916 4109 τὸν
1941 4062 2214 4139 πραθίτωρα
2243 4061 2421 4140 κύριον
2459 4064 2755 4132 Νικηφόρον
2786 4061 2874 4140 τόν
2905 4066 3208 4140 προσοῦχον
3226 4064 3355 4140 ..ταῖς
3398 4057 3640 4140 {Brixia
3680 4054 3987 4137 ἕπιστὰντα.
4033 4053 4157 4109 Inc.

782 4125 1139 4204 Τίςᾷλσλήσαι
1167 4131 1261 4204 τὰς
1291 4125 1604 4204 δυναστείας
1624 4125 1715 4180 τοῦ
1752 4125 2121 4204 Κυριου.’1ῖ’ἱῑι.
2147 4125 2270 4204 ’.Καὶ
2302 4125 2432 4191 Θεὸς
2471 4125 2647 4191 πάσης
2669 4125 3055 4204 ’παρακλήσεως
3214 4126 3344 4204 δόξα
3369 4128 3484 4204 κτλ.
3522 4130 3606 4204 ΧΥ
3633 4128 3802 4204 epist.

857 4189 941 4264 ix,
983 4216 1042 4271 p.
1085 4203 1170 4256 38.
1205 4201 1288 4259 Εἰς
1313 4205 1398 4285 τόν
1429 4189 1953 4289 οἷγιρνὶιρομοίρτυρα
1980 4197 2248 4289 Λεωνίδην
2287 4207 2376 4253 καὶ
2415 4189 2510 4258 τὴν
2545 4189 2794 4253 συνοδίαν
2827 4202 3004 4255 αὐτοῦ.
3037 4189 3156 4256 inc.
3193 4189 3319 4254 Εἶτα
3353 4199 3516 4252 πάλαι
3541 4202 3631 4271 μὲν
3665 4189 3945 4270 ’.Αθὴνῃσμ
3979 4196 4049 4260 ς’.
4071 4197 4167 4256 Ἤς

782 4266 1193 4344 γένοιτο’τυχεῐν
1232 4276 1322 4323 καὶ
1349 4266 1484 4342 ἡμᾶς
1515 4270 1562 4322 ἓν
1603 4266 1740 4344 αῦτῷ
1767 4266 2004 4344 Χριστῷ,
2037 4272 2150 4326 κτλ.
2188 4266 2195 4276 ’

852 4345 915 4409 Χ,
943 4358 1001 4413 p.
1037 4327 1126 4408 δεῖ
1272 4327 1639 4414 Πρόσφωνημα
1678 4327 1745 4403 εἷς
1783 4327 1870 4394 τόν
1909 4327 2184 4416 πρόιίτωρα
2212 4347 2390 4416 κύριον
2423 4348 2712 4418 Δημήτριον
2753 4348 2840 4397 τόν
2881 4349 3075 4418 Δρίμην
3107 4350 3224 4404 ταῖς
3265 4342 3510 4403 Ἀθήναις
3549 4339 3852 4393 ἐπιστάντα.
3897 4342 4017 4395 Inc.
4060 4342 4162 4391 Τόν

852 4363 915 4409 Α,
943 4363 1001 4413 p.
1037 4363 1126 4408 όν,
1167 4363 1225 4396 D.
1272 4363 1639 4414 ιιροσφωνημα
1678 4363 1745 4403 εις
1783 4363 1870 4394 τον
1909 4363 2184 4416 πραιτωρα
2212 4363 2390 4416 κυριον
2423 4363 2598 4415 Δημητ
2639 4363 2712 4395 ιον
2753 4364 2840 4397 τον
2881 4363 2907 4396 n

783 4418 966 4471 Θησέα
987 4418 1143 4488 φασὶν
1174 4413 1533 4488 ίκεινονηιθὶῠ,
1571 4419 1667 4467 Καὶ
1693 4421 1858 4488 γῆρας
1885 4420 2228 4488 παρεκτείνων
2258 4415 2566 4488 ἀκρότατον.
2599 4363 2707 4471 ᾒΙΧ
2737 4416 2907 4488 épisl.

857 4488 940 4559 ΧΙ.
1062 4486 1150 4545 52,
1187 4485 1246 4540 b.
1269 4481 1808 4559 Ὁμιλίαεπιστάντός
1830 4494 1908 4554 ιτῷ
1939 4481 2052 4559 κατ’
2087 4481 2568 4559 ΕὕϐοιανἘῦρίπῳ.
2603 4487 2722 4540 Inc.
2759 4481 2813 4537 ὁ
2845 4490 2934 4558 μὲν
2966 4486 3143 4538 πολλοὶ
3183 4495 3282 4537 τῶν
3313 4484 3614 4558 ἀνθρώπων.
3669 4481 3791 4536 Fin.
3824 4487 3925 4535 Καὶ
3965 4482 4033 4532 ὧν
4071 4485 4164 4532 καὶ

783 4556 1117 4628 καλούμενος,
1147 4563 1236 4608 νῦν
1268 4575 1320 4608 τε
1343 4556 1525 4628 καὶΑείς
1564 4561 1683 4618 τοὺς
1713 4557 1917 4617 αἰῶνας.
1947 4558 2127 4628 Ἀμην.

856 4577 943 4608 Αου
991 4577 1117 4620 ενος,
1147 4577 1236 4608 νυν
1268 4577 1320 4608 τε
1343 4577 1431 4608 και
1457 4577 1525 4616 εις
1564 4577 1683 4618 τους
1713 4577 1917 4617 αιωνας.
1965 4577 2127 4628 Λμην.

856 4577 985 4693 Χιῖξ
1017 4644 1056 4699 p
1104 4631 1190 4683 54.
1234 4624 1497 4702 Θρηνῳδᾴ
1520 4628 1603 4680 έπὶ
1641 4637 1713 4702 τῷ
1735 4633 2007 4702 ,μακαρίτῃ
2043 4633 2206 4699 κυρίῳ
2240 4627 2586 4699 Θεοφυλακτῳ
2609 4637 2681 4699 τῷ
2714 4629 3086 4702 Βελισαριώτη.
3119 4631 3236 4684 Inc.
3273 4632 3505 4700 Θρήνους
3535 4628 3625 4697 μὲν
3655 4624 3855 4676 πλέκειν
3889 4623 4164 4698 ἀμετρους,

783 4698 907 4755 Fin.
951 4683 1052 4751 ἰξοῖὶ
1083 4683 1634 4771 ποιμένός-καὶᾂάμνοῦ
1669 4683 1752 4751 διί
1784 4687 1939 4771 ἡμοῖς.
1973 4683 2161 4771 ’Ἀμήν

855 4771 990 4833 XIII,
1019 4784 1079 4841 ρ.
1113 4765 1201 4824 57.
1243 4775 1415 4840 Λόγος
1439 4765 1853 4843 ἐγκωμιαστικός
1893 4771 1961 4830 εἰς
1983 4765 2069 4821 τόν
2094 4769 2318 4842 βασιλέα
2347 4771 2526 4843 κύριον
2551 4769 2811 4823 Ἰσαάκιον
2842 4776 2929 4822 τὸν
2949 4769 3216 4841 Ἄγγελον.
3251 4771 3372 4824 Inc.
3397 4767 3523 4820 Εἶτα
3551 4765 3848 4840 βασίλισσα
3873 4767 3963 4834 μὲν
3991 4769 4166 4820 νότου.

785 4841 907 4898 Fin.
953 4846 1054 4895 Καὶ
1092 4846 1214 4903 τοὺς
1253 4844 1406 4916 ὅρους
1436 4849 1531 4903 τῆς
1575 4841 1718 4903 ζωῆς
1744 4841 2152 4901 ἐπεκτείνοντος.

853 4965 1022 5022 Hanc
1053 4983 1115 5022 se
1138 4965 1496 5039 panegyrim
1525 4966 1584 5021 in
1610 4966 2038 5038 imperatorem
2064 4965 2167 5038 qui
2203 4963 2524 5020 Andronici
2556 4968 2844 5022 Comneni
2875 4966 3179 5038 tyrannidi
3210 4966 3392 5020 tinem
3426 4961 3732 5036 imposuit,
3765 4958 3992 5033 publici
4016 4960 4169 5032 juris

779 5055 1082 5120 facturum
1116 5073 1247 5113 esse
1274 5057 1630 5135 promiserat
1661 5055 1919 5111 Tat’elius
1952 5055 2011 5110 in
2043 5055 2136 5109 ed.
2170 5069 2302 5134 sua.
2336 5057 2487 5135 Opp.
2522 5057 2670 5112 min.
2714 5057 2999 5112 Eustathii
3046 5054 3311 5112 Thessal.
3347 5070 3406 5126 p.
3459 5058 3511 5121 8,
3554 5053 3656 5108 sed
3708 5056 3937 5123 septem
3993 5051 4170 5106 annis

781 5150 919 5224 post
940 5145 1187 5202 nonnisi
1215 5132 1475 5218 sequens
1505 5143 1791 5222 exiguum
1819 5132 2226 5216 fragmentum
2266 5132 2452 5201 edidit
2481 5144 3002 5223 demonstraturus
3042 5145 3101 5199 in
3143 5161 3326 5217 quam
3373 5144 3594 5198 misero
3627 5146 3784 5195 statu
3827 5139 4018 5194 Attica
4046 5138 4173 5194 lan-

779 5223 1110 5310 guesceret,
1140 5235 1368 5312 quippe
1394 5249 1530 5307 quae
1557 5242 1679 5306 prae
1707 5232 2046 5304 indigentia
2073 5233 2368 5291 tributum
2398 5234 2749 5307 imperatori
2781 5250 3033 5304 regnum
3067 5223 3295 5310 ineunti
3328 5231 3478 5286 solvi
3510 5229 3750 5285 solitum
3779 5229 4042 5300 pendere
4071 5243 4172 5283 ne-

782 5324 1001 5406 quiret.

852 5449 1102 5505 Athenae
1130 5464 1422 5505 coronam
1469 5463 1720 5502 auream
1761 5446 1942 5517 capiti
1977 5447 2217 5503 victoris
2260 5448 2446 5520 impo-

2405 5465 2446 5504 )-
2633 5453 2775 5507 Αῦτη
2818 5449 2989 5519 (urbs
3033 5449 3426 5515 Athenarum)
3483 5451 3722 5519 χρυσοῦν
3779 5445 3868 5514 μεν
3929 5445 4174 5514 στέφανον

778 5555 921 5597 nere
967 5555 1090 5594 non
1138 5544 1415 5612 poterant
1456 5556 1467 5604 ;
1514 5543 1676 5592 caret
1715 5535 1876 5591 enim
1911 5536 2052 5590 urbs
2083 5538 2354 5598 denario.
2391 5543 2454 5594 ut

2405 5543 2454 5594 1t
2562 5538 2668 5610 οὐχ
2720 5541 2803 5591 οἷα
2852 5559 2905 5592 τε
2952 5541 3012 5597 ἧν
3053 5542 3436 5610 προσενεγκεῖν,
3477 5541 3567 5585 καὶ
3617 5537 3708 5590 τὴν
3748 5536 4024 5603 νικηφόρον
4092 5551 4174 5583 κε-

777 5631 912 5703 ipsa
936 5645 1150 5702 parum
1192 5629 1461 5701 locuples
1491 5633 1598 5698 est,
1625 5628 1747 5682 imo
1782 5627 1990 5680 incolis
2019 5627 2137 5683 fere
2169 5629 2452 5684 destituta

2409 5645 2452 5684 .a
2563 5628 2725 5699 φαλὴν
2767 5625 3033 5686 ἀναδῆσαι
3077 5644 3092 5658 ’
3153 5621 3466 5700 ἀχρήματος
3511 5626 3611 5696 γὰρ
3667 5623 3696 5678 ἡ
3757 5619 3904 5681 πόλις
3952 5626 4041 5671 καὶ
4093 5641 4178 5673 πε-

776 5721 838 5776 in
870 5736 942 5777 eo
971 5725 1062 5776 est
1089 5725 1154 5775 ut
1181 5719 1420 5791 penitus
1441 5720 1716 5803 intereat,
1748 5715 1886 5778 nisi,
1918 5717 2213 5774 benevola
2245 5718 2452 5804 aliqua

2407 5735 2452 5776 .8.
2559 5721 2724 5794 ¹ξιχρὰ
2784 5715 2888 5770 καὶ
2930 5725 3022 5770 τοῦ
3087 5716 3278 5783 κύκλου
3348 5712 3616 5789 διαγραφῇ
3670 5715 3759 5761 καὶ
3817 5719 3916 5762 τῶν
3983 5709 4176 5763 πόλεων
