4480 6430
321 396 432 450 31⁸7
1859 394 2157 451 ΝΟΤῙΤῘΑ.
3576 399 3682 453 318

323 517 389 586 (ι.
448 517 717 582 πολιτῶν),
785 520 876 568 καὶ
928 517 1176 590 παράπαν
1232 514 1597 588 ἀφαντωθῆναι
1655 512 2005 586 κινδυνεύ-.Α
2035 532 2092 572 m

1918 522 2005 586 gA
2035 530 2226 573 manu
2246 516 2570 573 auxiliante
2592 517 2862 589 spiritum
2895 521 3227 590 recuperat.
3257 521 3406 575 Nam
3428 534 3551 576 non
3569 519 3687 575 nisi

322 624 481 670 ουσα,
550 605 596 656 εἰ
639 608 712 675 μὴ
794 611 881 655 νῦν
944 602 1203 675 ἀνεδίγκοι
1276 606 1463 677 μικρὸν
1528 609 1617 656 καὶ
1696 604 1927 668 συλλέξοι
2036 622 2091 661 οι

1913 624 1927 655 ι
2036 622 2175 661 cum
2205 622 2391 677 regno
2412 610 2761 662 renascente
2788 606 2923 678 ipsa
2951 607 3188 664 renasci
3215 623 3401 679 posse
3430 607 3682 665 videtur.

320 701 547 765 πνεῦμα,
600 694 746 766 παρὰ
809 699 897 752 τῆς
940 691 1325 765 μεγαλουργοῦς
1374 697 1465 745 καὶ
1512 688 1927 755 πλουτοδὸτιδος

321 780 786 854 ἀντιλαμϐανομένη
859 777 1054 848 δεξιᾶς,
1116 787 1207 834 καὶ
1252 785 1383 853 μετὰ
1424 790 1521 842 τῆς
1576 789 1753 844 κοινῆς
1802 780 1927 833 ἀνα-

321 873 536 934 ζώσεως
566 869 857 923 ἀπολαύσοι
882 876 969 923 καὶ
1005 867 1147 932 ἰδίας
1176 870 1517 943 ἔμπνεύσεως.

402 962 563 1015 Hanc
584 959 919 1031 panegyrin
944 958 1224 1015 undecim
1248 959 1515 1032 epistolae
1545 964 1899 1033 sequuntur.

400 1050 531 1113 XIV,
574 1065 634 1120 p.
681 1052 773 1104 73.
818 1047 1122 1120 Ἐπιταφίος
1149 1047 1216 1107 εἰς
1253 1052 1339 1099 τὸν
1369 1054 1664 1123 μακαρίτην
1703 1044 2128 1121 ἀρχιμανδρίτην
2166 1055 2265 1099 τῶν
2290 1045 2339 1098 ἐν
2374 1047 2615 1109 Ἀθήναις
2643 1052 3008 1122 μοναστηρίων
3036 1050 3213 1119 κύριον
3242 1053 3520 1121 Νέοφυτον.
3547 1052 3671 1105 Inc.

320 1136 385 1188 Εἰ
415 1142 506 1188 καὶ
536 1136 770 1208 Σολομῶν
801 1139 893 1208 ἔφη
925 1155 1025 1188 που
1057 1139 1421 1208 γνωματεύων.
1449 1136 1573 1192 Fin.
1605 1136 1673 1189 Ἦ
1700 1142 1942 1210 πρότερον
1972 1135 2277 1207 ἱλεούμενος,

393 1226 535 1280 Post
564 1225 693 1280 haec
723 1225 912 1280 codex
933 1224 1264 1279 orationem
1290 1224 1602 1281 funebrem
1626 1225 1689 1280 in
1718 1225 2237 1297 archiepiscopum
2268 1224 2861 1281 Thessalonicensem
2890 1226 3260 1283 Eustathium
3289 1226 3547 1283 exhibet.
3565 1228 3681 1285 Sed

317 1330 394 1369 ne
417 1313 694 1369 ordinem
723 1318 1066 1385 temporum
1104 1312 1545 1385 perturbemus,
1580 1313 1865 1386 epistolas
1890 1330 1993 1368 sex
2017 1314 2093 1368 ad
2115 1312 2579 1369 illustrissimum
2600 1314 2767 1370 illum
2796 1314 3068 1369 Ecclesia:
3100 1315 3423 1372 antistitem
3453 1317 3679 1373 missas

314 1402 460 1458 huic
489 1401 625 1457 loco
644 1402 986 1459 inserimus.
1019 1407 1179 1457 textu
1199 1404 1402 1457 Graeco
1430 1402 1719 1457 eTafellio
1753 1407 1998 1473 sumpto
2034 1404 2141 1473 (a).

392 1493 505 1561 XV,
538 1506 599 1563 p.
628 1493 721 1559 78,
750 1489 815 1545 Ι).
842 1487 1089 1562 Μονῳδία
1118 1490 1191 1553 εἰς
1216 1495 1302 1543 τὸν
1330 1491 1619 1561 ἁγιώτατον
1642 1490 2030 1550 Θεσσαλονίκης
2050 1493 2204 1563 κῦρον
2239 1489 2545 1545 Εὐστάθιον,

388 1581 524 1647 XVI,
554 1594 616 1656 ρ.
646 1581 736 1634 86.
768 1578 1182 1656 Ὑπομνηστικὸν
1216 1579 1287 1639 εἰς
1311 1583 1399 1631 τὸν
1421 1578 1646 1652 βασιλέα
1671 1582 1789 1654 κύρ.
1814 1578 2039 1641 Ἀλεξιον
2064 1582 2149 1629 τὸν
2192 1584 2474 1650 Κομνηνον.

390 1654 720 1723 Monendus
749 1660 858 1723 erit
885 1654 1071 1723 lector
1101 1674 1166 1723 ut
1198 1667 1382 1723 hocce
1407 1670 1695 1740 scriptum
1724 1668 1801 1723 ad
1834 1667 2103 1722 Alexium
2148 1670 2210 1721 Ill
2246 1668 2536 1733 Angelum
2582 1668 3001 1724 tantummodo
3041 1668 3274 1735 referat,
3306 1669 3410 1729 aui
3444 1672 3686 1725 auctore

318 1755 524 1811 Niceta
540 1757 721 1824 (Hist.
742 1771 803 1828 p.
832 1759 938 1811 295
971 1757 1055 1826 Β),
1089 1761 1417 1832 postquam
1449 1756 1691 1813 fratrem
1724 1771 1911 1827 regno
1940 1754 2276 1826 spoliasset,
2313 1756 2437 1809 sive
2454 1756 2726 1825 ejusdem
2758 1756 2920 1823 odio,
2954 1756 3080 1811 sive
3104 1756 3270 1828 quod
3293 1772 3514 1813 nomen
3545 1772 3685 1825 gen-

314 1846 414 1911 tis,
443 1861 581 1918 quae
610 1861 716 1918 per
753 1860 950 1901 annos
987 1861 1177 1917 supra
1206 1850 1447 1901 centum
1486 1861 1821 1917 purpuram
1854 1848 2210 1915 gestaverat,
2270 1848 2327 1897 et
2366 1842 2526 1898 unde
2566 1846 2691 1914 ipse
2721 1859 2828 1915 per
2857 1850 3109 1900 matrem
3154 1850 3319 1900 ortus
3344 1850 3489 1913 erat,
3515 1845 3685 1901 nobi-

312 1932 430 1989 lius
459 1934 710 1998 ducens,
739 1934 1025 1989 Comneni
1055 1948 1280 1990 nomen
1312 1934 1684 2006 adoptasset.
1716 1936 1786 1989 Ut
1807 1948 2017 1988 verum
2039 1931 2333 1990 dicamus.
2366 1931 2440 1986 de
2473 1930 2675 1987 Alexio
2699 1935 2742 1987 ll
2761 1932 2932 2005 imp.,
2954 1933 3058 2005 qui
3089 1948 3251 1989 anno
3282 1934 3417 1989 H83
3447 1938 3682 1990 sextum

315 2022 626 2078 decimum
660 2037 848 2092 agens
886 2037 1117 2078 annum
1164 2020 1509 2079 interfectus
1548 2026 1654 2092 est,
1713 2022 1829 2078 hoc
1872 2021 2001 2076 loco
2039 2019 2299 2088 cogitare
2355 2019 2520 2075 haud
2572 2019 2725 2089 licet,
2775 2021 2943 2092 quod
2986 2021 3137 2077 ordo
3195 2021 3678 2093 chronologicus,

310 2125 499 2184 quem
532 2109 773 2167 Michael
793 2126 1107 2183 nunquam
1126 2125 1249 2166 non
1280 2110 1558 2181 religiose
1589 2110 1867 2176 servavit,
1895 2108 2733 2179 ejusmodimonogrammate
2757 2109 3113 2165 turbaretur.
3141 2112 3220 2165 De
3245 2109 3448 2165 Alexio
3478 2116 3680 2167 autem

310 2200 356 2252 V
376 2204 484 2254 aut
511 2198 577 2252 VI
609 2213 807 2254 sermo
837 2214 975 2255 esse
1000 2214 1124 2255 non
1163 2204 1378 2271 potest,
1412 2199 1556 2272 quia
1581 2214 1887 2271 nusquam
1906 2197 2192 2254 Comneni
2223 2213 2445 2253 nomen
2484 2203 2961 2271 assumpserunt,
2989 2200 3181 2270 gentis
3210 2199 3455 2255 nomine
3475 2198 3682 2269 Angeli

310 2292 370 2342 et
409 2288 585 2341 Ducas
625 2286 919 2353 contenti;
952 2286 1076 2342 imo
1097 2302 1237 2341 vero
1266 2286 1458 2342 simile
1489 2291 1581 2342 est
1616 2286 1691 2341 de
1731 2286 1999 2357 ipsorum
2022 2300 2207 2356 regno
2237 2284 2403 2341 brevi
2424 2301 2617 2358 eoque
2642 2286 3028 2343 tumultuario
3056 2286 3444 2343 Athenienses
3465 2303 3683 2359 parum

308 2390 578 2431 curasse.
612 2375 745 2429 Pius
779 2379 981 2430 noster
1003 2372 1514 2447 archiepiscopus,
1541 2390 1724 2448 quem
1746 2372 2207 2429 Atheniensibus
2228 2389 2265 2428 a
2288 2372 2469 2428 feroci
2493 2375 2683 2442 Sguro
2732 2373 2997 2429 obsessis
3026 2390 3456 2447 quamcunque
3482 2380 3689 2448 posset

313 2477 499 2535 opem
529 2476 640 2534 pro
669 2461 824 2517 virili
855 2468 1023 2534 parte
1070 2462 1275 2518 tulisse
1305 2462 1593 2530 vidimus,
1644 2462 1760 2517 hoc
1808 2462 1939 2534 ipso
1993 2460 2216 2516 christo
2264 2460 2640 2517 demonstrat
2670 2477 2731 2517 se
2757 2477 2791 2517 a
2824 2462 3010 2517 sacris
3041 2461 3167 2517 suis
3196 2462 3687 2519 meditationibus

306 2564 437 2605 non
464 2565 606 2605 eum
625 2549 686 2606 in
711 2549 965 2606 modum
989 2550 1350 2623 absorptum
1382 2552 1589 2619 fuisse,
1633 2557 1695 2607 ut
1738 2550 1961 2605 civium
2000 2565 2247 2604 suorum
2280 2549 2531 2605 salutem
2564 2566 2633 2627 ac
2654 2550 3112 2622 prosperitatem
3142 2566 3213 2605 ex
3243 2550 3435 2606 oculis
3466 2552 3687 2608 amise-

306 2636 412 2693 rit.
438 2635 614 2701 Quod
644 2636 969 2692 dictionem
1027 2638 1291 2693 auctoris
1342 2638 1529 2694 nostri
1558 2640 1786 2706 attinet,
1818 2643 1876 2693 et
1916 2654 2103 2709 quam
2147 2638 2312 2707 justo
2356 2637 2729 2693 devotiorem
2754 2638 2971 2711 aliquis
2999 2638 3233 2704 dixerit,
3263 2639 3605 2695 memineris
3628 2640 3689 2696 in

309 2723 601 2779 omnibus
642 2740 781 2796 quae
838 2725 917 2780 ad
961 2725 1355 2797 imperatores
1396 2726 1744 2799 suppliciter
1807 2725 2224 2795 scriberentur,
2258 2741 2563 2780 summam
2611 2741 2851 2797 semper
2894 2725 3289 2782 humilitatem
3334 2726 3687 2799 requisitam

308 2810 522 2868 fuisse.
554 2811 619 2867 Id
648 2816 851 2868 autem
877 2812 1126 2869 minime
1157 2813 1389 2869 silentio
1415 2814 1525 2869 erit
1554 2814 2037 2886 praetereundum
2071 2812 2416 2870 Michaelem
2447 2830 2548 2869 ore
2592 2813 2898 2870 liberrimo
2924 2815 3349 2886 imperatorem
3375 2814 3449 2871 de
3478 2820 3690 2888 prasto-

312 2916 451 2956 rum
483 2916 556 2956 ac
586 2902 1049 2971 magistratuum
1082 2903 1585 2957 concussionibus
1617 2909 1673 2958 et
1702 2902 1878 2958 malis
1902 2902 2133 2958 artibus
2159 2901 2491 2967 monuisse,
2525 2902 2583 2957 id
2615 2901 2781 2975 quod
2806 2902 3024 2958 nostris
3044 2902 3292 2974 quidem
3316 2903 3689 2975 temporibus

308 2988 715 3060 iniquioribus
739 2994 897 3044 certe
928 2989 1178 3045 auribus
1199 2991 1595 3062 acciperetur.
1617 2990 1704 3045 Ad
1724 2991 2026 3063 politicam
2059 2990 2307 3062 quidem
2331 2990 2698 3046 Athenarum
2730 2990 3041 3046 historiam
3071 2990 3487 3047 illustrandam
3514 2991 3687 3048 libel-

306 3075 407 3131 lus
437 3084 706 3148 prt’esens
727 3076 867 3150 plus
896 3093 1083 3150 quam
1115 3077 1193 3133 ad
1221 3078 1508 3134 Eustathii
1539 3078 1885 3135 litterariam
1927 3078 2377 3135 dilucidandam
2420 3077 2827 3143 contribuerit,
2874 3079 3099 3151 quippe
3128 3095 3265 3151 quin
3290 3078 3465 3135 nobis
3485 3096 3685 3136 mons-

309 3168 445 3231 trat,
478 3158 672 3221 certas
703 3164 947 3221 Athenis
978 3166 1390 3221 immunitates
1417 3166 1597 3222 fuisse
1622 3182 1745 3223 non
1786 3168 2159 3239 spernendas
2188 3181 2326 3239 quae
2352 3168 2407 3222 vi
2425 3172 2752 3239 praetorum
2784 3168 3130 3241 usurpative
3150 3168 3374 3224 nefarie
3398 3168 3685 3226 laederen-

309 3256 423 3307 tur.
469 3252 753 3309 Dictionis
781 3253 999 3309 deinde
1033 3253 1386 3310 Michaelicas
1425 3254 1740 3311 barbaries
1794 3261 1850 3310 et
1889 3255 2225 3311 obscuritas
2254 3255 2611 3325 gravissima
2636 3256 2694 3311 in
2724 3255 2901 3311 aliam
2934 3256 3206 3325 linguam
3236 3256 3687 3314 traducentibus

306 3340 629 3397 obstacula
649 3341 945 3414 prasbent.
981 3343 1141 3398 Hanc
1172 3342 1667 3415 scriptiunculam
1689 3343 1749 3399 in
1784 3343 1989 3399 codice
2031 3344 2427 3399 Laurentiano
2459 3344 2789 3400 octodecim
2821 3344 3083 3417 epistolae
3115 3351 3470 3417 sequuntur.

384 3429 545 3497 XVII,
577 3447 639 3502 p.
663 3434 755 3488 93.
785 3437 1157 3503 Προσφὼνημα
1186 3431 1253 3491 εἰς
1284 3437 1371 3483 τὸν
1400 3429 1813 3504 γυναικάδελφον
1866 3441 1957 3485 τοῦ
1995 3431 2254 3505 βασιλέως
2300 3433 2564 3485 Βασίλειον
2595 3438 2681 3485 τὸν
2725 3438 3009 3506 Κομνηνόν.
3044 3434 3164 3488 lnc.
3206 3438 3304 3486 Τὸν
3330 3434 3687 3507 μεγαλουργὸν

305 3516 589 3589 Ἡρακλῆι
624 3519 749 3573 Fin.
783 3526 885 3580 Τῆς
915 3526 1170 3591 μετεώρου
1188 3519 1402 3591 λυχνίας
1424 3530 1521 3571 τῶν
1549 3520 1865 3595 ἀνακτόρων.

380 3606 569 3673 XVIII,
594 3623 656 3679 ρ.
686 3611 773 3677 98,
800 3607 862 3665 b.
898 3614 1266 3681 Προσφὼνημα
1296 3609 1367 3670 εἰς
1395 3613 1482 3661 τὸν
1521 3614 1683 3681 μεγαν
1715 3612 1907 3662 Λοῦκαν
1940 3613 2025 3661 τὸν
2058 3615 2333 3686 Στρυφνὸν.
2367 3610 2487 3667 Inc.
2525 3607 2673 3664 Ἔδει
2699 3614 2789 3683 μὶν
2818 3608 3252 3683 διαμεμενηκέναι
3282 3612 3524 3670 Ἀθήνας.
3560 3611 3685 3666 Fin.

309 3700 414 3747 Καὶ
432 3700 563 3768 πρὸς
593 3701 709 3757 τοὺς
739 3696 905 3749 ἐκεῖσε
929 3698 1201 3768 γαληνίους
1223 3698 1430 3770 λιμένας
1461 3700 1887 3773 μεθορμίζοντος.
1913 3701 2078 3753 Postr

1917 3701 2214 3754 Postrema
2238 3699 2421 3768 huius
2443 3701 2829 3755 allocutionis
2862 3702 3182 3756 recentiori
3197 3716 3382 3755 manu
3407 3700 3686 3768 suppleta

303 3791 448 3839 sunt
472 3792 727 3855 propter
753 3788 933 3842 unius
951 3788 1095 3856 folii
1122 3787 1418 3855 defectum
1470 3794 1611 3843 ante
1626 3804 1769 3857 pay.
1811 3792 1928 3846 104.
1958 3790 2072 3856 cuj:

1917 3831 1928 3846 .
1958 3790 2131 3856 cujus
2153 3795 2475 3857 propterea
2499 3790 2700 3858 prima
2741 3788 2919 3845 verba
2948 3797 3010 3861 τῇ
3046 3785 3209 3857 δόξῃ·
3245 3785 3605 3860 δεδοξασμὲνα
3626 3784 3684 3839 δὲ

304 3874 451 3945 ὅμως
477 3876 648 3926 πάντα
671 3874 785 3928 κτλ.
818 3891 935 3946 quo
958 3877 1303 3945 pertineant
1330 3878 1715 3947 ignoramus;
1746 3878 1962 3931 ultima
1994 3882 2192 3931 tamen
2222 3892 2342 3932 esse
2378 3878 2641 3947 alicujus
2674 3878 2957 3943 homiliae,
2990 3884 3155 3947 patet
3185 3892 3261 3934 ex
3284 3878 3682 3942 conclusione,

304 3977 439 4033 qua
466 3964 555 4018 ita
580 3964 760 4019 habet
797 3982 809 4017 :
833 3965 929 4015 Ὧν
957 3963 1003 4015 ἐν
1026 3964 1224 4037 μεθέξει
1253 3970 1343 4016 καὶ
1374 3966 1522 4036 ἠμεις
1552 3967 1874 4039 εᾶρεθείημεν
1895 3961 1988 4016 διὰ
2019 3964 2073 4016 'l:

1316 3970 1343 4016 :i.
1374 3966 1522 4036 ἠμεις
1552 3967 1874 4039 εᾶρεθείημεν
1895 3961 1988 4016 διὰ
2019 3964 2196 4021 Ἰησοῦ
2222 3973 2478 4039 Χριστοῦ,
2502 3966 2613 4018 κτλ·
2645 3969 2872 4034 BANDIN,
2904 3983 2965 4037 p.
2998 3972 3085 4022 15.

379 4052 847 4116 Quatuordecim
881 4052 1149 4123 epistolae
1192 4068 1313 4108 non
1346 4055 1511 4125 parvi
1552 4054 1861 4118 momenti,
1909 4052 2209 4126 siquidem
2252 4072 2453 4111 rerum
2505 4057 2928 4125 maximarum,
2955 4071 3214 4127 quarum
3249 4055 3494 4111 Michael
3518 4054 3682 4109 testis

302 4139 436 4207 fuit,
468 4144 532 4195 ut
554 4140 1103 4214 Constantinopolis
1135 4148 1344 4213 captae,
1374 4141 1512 4197 belli
1540 4148 1750 4197 contra
1782 4144 2037 4212 Sgurum
2062 4148 2119 4198 et
2146 4144 2383 4199 Latinos
2408 4144 2580 4213 gesti,
2611 4145 2866 4200 auctoris
2896 4144 3085 4199 exsilii
3114 4161 3305 4217 usque
3332 4145 3407 4202 ad
3430 4149 3685 4201 mortem

305 4227 506 4283 fratris
527 4228 893 4285 documenta
920 4230 1223 4285 exhibent.

378 4318 509 4385 XIX,
541 4334 600 4390 p.
638 4322 758 4382 H6,
792 4318 852 4373 b.
884 4315 1138 4371 Μονωδία
1187 4319 1258 4380 εἰς
1304 4323 1390 4371 τὸν
1422 4316 1642 4391 ἀδελφὸν
1675 4319 1833 4371 αὐτοῦ
1868 4323 2044 4393 κύριον
2084 4326 2319 4378 Νικὴταν
2351 4324 2436 4372 τὸν
2476 4322 2772 4377 Χωνιάτην.
2815 4321 2935 4377 Inc.
2968 4319 3039 4373 Ὠ
3078 4326 3306 4393 πονηρᾶς
3355 4319 3621 4392 ἀγγελίας,
3647 4321 3687 4371 ὦ

309 4413 503 4478 πικρᾶς
530 4404 791 4475 ἀκοῆς,ἧς
822 4405 1094 4468 ἀδοκήτως
1122 4428 1211 4480 μοι
1245 4407 1597 4469 ἐπιπεσούσης
1628 4406 1737 4461 ὦτα
1767 4412 1856 4481 μὲν
1889 4408 2089 4483 ἀθρόως
2125 4408 2572 4481 περιϐομϐηθέντα
2596 4408 2862 4482 ἀμφοτέρα
2885 4410 3097 4482 ἧχησεῖ
3151 4411 3197 4465 0
3226 4411 3507 4466 acerbum
3535 4426 3686 4465 nun-

304 4496 456 4550 tium
484 4512 557 4550 ac
583 4498 1010 4567 tristissimum,
1046 4513 1163 4568 quo
1194 4513 1373 4553 aures
1404 4513 1548 4553 mea:
1578 4500 1730 4554 mire
1760 4505 2065 4553 resonant.

378 4585 659 4656 Superest
688 4584 817 4640 hinc
848 4586 1041 4641 oratio
1065 4585 1333 4640 funebris
1363 4587 1422 4641 in
1466 4587 1741 4641 Latinum
1778 4586 1992 4642 tradita
2042 4603 2380 4643 sermonem
2417 4604 2451 4643 a
2492 4591 2661 4644 Petro
2689 4588 2968 4650 Morellio,
3002 4592 3058 4642 et
3083 4586 3299 4657 legitur
3320 4588 3380 4643 in
3419 4588 3692 4643 Historia

302 4688 510 4728 rerum
542 4675 604 4729 in
637 4673 879 4730 Oriente
900 4682 1235 4745 gestarum,
1270 4675 1545 4731 Francof.
1576 4679 1712 4731 1568
1744 4681 1799 4730 et
1821 4676 1881 4731 in
1910 4676 2284 4731 Bibliothecis
2318 4679 2421 4731 PP.
2448 4679 2585 4732 Post
2611 4677 2951 4732 Monodiam
2982 4680 3050 4732 78
3077 4676 3340 4748 epistolae
3360 4676 3641 4746 leguntur
3672 4694 3685 4731 :

376 4764 555 4835 ΧΧ,Ρ.
580 4763 703 4819 164.
721 4765 1023 4836 Προθεωρία
1053 4763 1121 4823 εἰς
1150 4770 1272 4824 τοὺς
1292 4762 1394 4815 ἀπὸ
1414 4764 1603 4835 ψυχῆς
1624 4770 1713 4816 καὶ
1747 4770 1982 4835 σώματος
2002 4765 2209 4835 λόγους.
2245 4769 2359 4821 Inc.
2391 4771 2495 4824 Τὴν
2518 4774 2609 4817 τοῦ
2635 4765 2848 4835 λογικοῦ
2876 4770 3065 4840 μέρους
3090 4765 3383 4837 τῆςψυχῆς
3408 4762 3686 4839 διαφοράν,

306 4852 433 4908 Fin.
458 4859 640 4904 Ταῦτα
668 4849 777 4905 ἔδει
805 4855 1260 4927 προθεωρηθῆναι,
1292 4858 1381 4905 καὶ
1410 4850 1475 4911 δὴ
1505 4856 1941 4926 προτεθεώρηται.
1994 4858 2067 4909 Ex

1916 4876 1941 4907 ι.
1994 4858 2067 4909 Ex
2112 4859 2263 4909 orat.
2288 4855 2506 4909 anima:
2542 4871 2553 4907 :
2588 4854 2647 4906 Εἰ
2689 4857 2778 4925 μὲν
2822 4854 2944 4928 παρ’
2996 4854 3168 4915 αλλοις
3223 4855 3317 4906 οὐκ
3364 4850 3563 4906 εἰδόσιν
3607 4853 3685 4905 ἐπ’

303 4940 533 5015 ἀχριϐες,
568 4947 661 4999 τὴν
679 4943 793 4993 κατ’
825 4941 952 5014 ἐμοῦ
974 4942 1216 5017 ἐπήρειαν
1246 4950 1335 4993 τοῦ
1366 4944 1632 5013 συζυγοῦς
1661 4949 1772 4994 τοτε
1806 4949 2057 5015 σώματος.

1916 4964 2057 5004 ,ατος.
2100 4944 2219 4999 Fin.
2256 4944 2332 4995 Δι’
2370 4945 2512 5015 ὑμῶν
2543 4943 2657 5000 κτλ.
2695 4974 2751 4983 -
2794 4943 2856 4998 P.
2894 4945 3016 4999 169.
3044 4946 3122 4999 Ex
3161 4949 3312 4999 orat.
3364 4943 3633 5015 corporis
3671 4959 3685 4997 :

299 5030 472 5088 Ὀσην
486 5034 577 5103 μὲν
608 5029 756 5105 ὕϐριν
782 5037 872 5084 καὶ
902 5028 1169 5106 λοιδορίαν
1188 5035 1275 5083 καὶ
1294 5032 1447 5089 ἡλίκα
1470 5038 1765 5104 σκώμματα
1777 5032 2009 5107 ξυμφορή
2022 5052 2163 5085 σασα
2174 5036 2502 5104 κατέχεέμου
2522 5032 2550 5090 ἡ
2576 5036 2733 5104 σεμνὴ
2753 5030 2907 5103 ψυχή
2921 5072 2931 5081 .
2946 5032 3245 5104 “inﬁrmae;
3256 5034 3422 5085 καὶτά
3434 5034 3688 5105 πρακτέα,

300 5123 395 5171 καὶ
421 5124 494 5191 μὴ
530 5116 869 5192 διορίζουσα.
901 5152 971 5160 -
1002 5122 1061 5176 Ρ.
1096 5124 1215 5175 176.
1248 5120 1307 5173 Ἠ
1341 5117 1614 5180 διαίτησις
1644 5129 1743 5173 τῶν
1766 5118 2051 5175 δικαστῶν.
2098 5122 2214 5177 Inc.
2250 5117 2567 5194 Ἐπειδήπερ
2595 5125 2685 5172 καὶ
2709 5119 3008 5195 ἀμφοτέρων
3039 5125 3159 5184 τοὺς
3189 5122 3370 5192 λόγους
3392 5122 3691 5193 ἠκούσαμεν

301 5208 403 5261 ἀνά
430 5213 606 5281 μέρος.
645 5209 767 5265 Fin.
796 5209 885 5270 Εἰς
914 5213 1009 5267 τὴν
1040 5214 1229 5284 χώραν
1252 5217 1350 5261 τῶν
1377 5208 1578 5261 ἀσεϐῶν
1606 5208 1959 5280 ἀπενεχθῆναι
1991 5210 2040 5261 ἐν
2064 5218 2278 5284 Χριστῷ
2314 5211 2492 5268 Ἰησοῦ
2518 5210 2629 5265 κτλ.

374 5299 608 5354 Prolixa
646 5299 777 5354 haec
806 5305 865 5354 et
892 5299 1161 5355 absurda
1211 5301 1660 5369 Proscpopa’ia,
1706 5315 1892 5371 quam
1938 5298 2232 5355 Morellius
2276 5300 2574 5367 nominat,
2627 5316 2749 5355 non
2783 5298 3126 5356 Michaelem
3148 5303 3457 5356 auctorem
3486 5298 3691 5363 habet,

299 5387 409 5443 sed
441 5389 795 5457 Gregorium
825 5387 1156 5455 Palamam,
1192 5386 1459 5459 archiep.
1500 5388 1789 5455 Thessal.,
1832 5388 1936 5460 qui
1978 5388 2140 5460 apud
2194 5388 2531 5443 Catholicos
2577 5392 2878 5445 Romanos
2918 5390 3218 5445 haereseos
3255 5392 3566 5460 promotor
3591 5404 3695 5443 au-

298 5476 530 5533 diebat:
553 5477 722 5533 Tales
746 5478 909 5533 enim
944 5478 1312 5543 Michaelem,
1350 5493 1553 5532 senem
1580 5477 2022 5547 calamitosum,
2075 5478 2134 5532 in
2193 5477 2399 5533 animo
2457 5477 2714 5549 pueriles
2766 5477 2944 5533 ludos
2984 5479 3257 5548 agitasse
3282 5477 3460 5548 longe
3492 5493 3528 5532 a
3552 5492 3695 5533 vero

298 5566 611 5623 abhorret.

377 5655 512 5724 XXI,
546 5671 610 5727 p.
654 5660 776 5710 I77.
799 5662 902 5708 Τοῦ
924 5656 1085 5708 αὐτοῦ
1120 5652 1338 5728 σχίδος.
1373 5658 1488 5711 lnc.
1522 5655 1583 5708 Εἰ
1612 5660 1703 5707 καὶ
1744 5659 1816 5728 μὴ
1846 5660 2069 5730 χρόνιος
2098 5653 2146 5714 ἧς

1927 5660 2069 5724 duo;
2098 5653 2160 5714 ἧν
2182 5654 2317 5729 ἔνγῇ
2354 5654 2655 5730 βαρϐάρων.
2693 5656 2859 5713 Adde
2889 5656 3087 5713 locum
3120 5656 3399 5713 mutilum
3431 5673 3443 5711 :
3480 5658 3692 5709 Οῦτωσὶ

298 5744 630 5817 εἰσεκώμασε
654 5753 717 5819 τῇ
752 5741 1001 5818 βασιλίδι
1020 5752 1121 5797 τῶν
1142 5744 1354 5812 πολεων,
1379 5750 1468 5797 καὶ
1497 5748 1556 5797 τὸ
1591 5750 1817 5818 μήπω...
3684 5745 3688 5751 ’

354 5832 418 5890 (ο)
446 5832 685 5889 Michaelis
711 5834 883 5891 scripta
911 5833 1033 5879 infra
1054 5833 1329 5905 colligemus
1351 5848 1365 5879 :
1396 5834 1499 5880 ideo
1528 5834 1692 5879 titulos
1716 5834 1791 5883 hic
1816 5837 1997 5880 tantum
2017 5833 2315 5881 exhibemus.
2343 5835 2479 5881 Εοιτ.
2504 5837 2650 5914 Parit.
