4480 6430
309 410 415 478 321
1845 416 2078 474 ΝΟἸἹΤΙ.

1918 416 2144 474 ΠἹΤΙΑ.
3581 417 3687 483 322

308 551 384 615 τῷ
423 543 702 616 Εἰρηνικῷ.
723 570 796 584 —-
817 547 901 613 Τῷ
928 539 1159 616 Εὐρίπου
1199 557 1317 612 κυρ.
1355 522 1634 614 Θεοδώρῳ.
1657 568 1725 580 -
1754 545 1837 610 Τῷ
1862 544 2130 616 κρατίστῳ
2169 559 2288 615 κυρ.
2315 536 2575 615 Θεοδώρῳ
2605 539 2674 614 τῷ
2706 543 2895 614 Δούκᾳ.
2923 570 2992 584 —
3011 547 3094 613 Τῷ
3131 541 3522 619 Βελισσαριὼτῃ
3564 567 3683 622 acup.

312 632 550 704 Ἰωάννῃ·
573 663 643 673 -
671 637 754 702 Τῷ
779 629 966 690 Θηϐῶν
1006 650 1126 704 κυρ.
1156 629 1390 701 Ἰωάννῃ.
1414 659 1482 669 -
1511 633 1595 698 Τῷ
1620 627 2012 692 Θεσσαλονίκης
2041 650 2160 702 acup.
2186 631 2416 704 Ἰωάννῃ.
2453 660 2519 672 -
2556 629 2640 702 Τῷ
2681 637 3128 707 παρακοεμωμένῳ
3162 634 3297 706 (10⁸)
3328 654 3446 708 κυρ.
3477 635 3684 710 Ἰωάννῃ

312 729 388 790 τῷ
422 723 611 778 ἠονοπό
649 721 818 791 (ντῳ).
851 751 920 760 -
958 725 1042 790 Τῷ
1063 718 1204 788 καλῷ
1233 725 1399 790 καιρῷ
1429 735 1546 790 acup.
1585 716 1814 790 Ἰωάννῃ.
1840 725 2006 789 -Τῷ
2035 723 2356 772 Ναυπάκτου
2394 740 2512 794 κυρ.
2544 721 2774 794 Ἰωάννῃ.
2799 753 2866 763 —
2896 728 2978 793 Τῷ
3008 724 3382 796 καθηγουμίνῳ
3417 732 3508 777 τοῦ
3531 725 3686 797 ἁγίου

314 813 566 862 Μελετίον
596 829 714 883 κυρ.
753 810 1068 880 Ἰωαννεκίῳ.
1095 839 1163 849 -
1187 814 1272 878 Τῷ
1311 808 1681 878 καθηγουμένῳ
1706 815 1800 869 τῆς
1829 816 1986 880 μονῆς
2027 811 2136 879 (11)
2161 816 2250 860 τοῦ
2277 829 2403 866 κυνη
2429 808 2590 882 (γίου)
2615 817 2714 861 τῶν
2751 809 3061 882 φιλοσόφων.
3093 842 3160 851 -
3193 817 3276 882 Τῷ
3306 815 3686 886 atatem/cupitum

313 906 418 948 τὼν
456 897 612 968 ἁγίων
643 897 979 969 ὀμολογιτῶν.
1011 927 1078 936 -
1104 903 1187 967 Τῷ
1217 897 1590 966 καθηγουμένῳ
1622 903 1718 956 τῆς
1750 894 2038 969 σεϐασμίας
2077 907 2238 969 μονῆς
2258 906 2354 960 τῆς
2387 905 2763 974 Καεσαρεανῆς.
2795 930 2862 939 -
2890 905 2973 970 Τῷ
2997 905 3545 977 πανεντιμουπερτοίτῳ
3570 905 3687 974 θείῳ

316 992 412 1038 τοῦ
455 984 710 1057 βασιλέως
741 989 1135 1058 Κασταμονίτῃ.
1177 1015 1244 1024 -
1273 991 1356 1054 Τῷ
1399 988 1658 1056 Πηγονίτῃ
1692 1003 1807 1057 κυρ.
1849 993 2240 1058 Κωνσταντίνῳ.
2273 1018 2341 1028 -
2365 994 2448 1058 Τῷ
2481 987 2854 1060 θεοφιλεστάτῳ
2903 991 3179 1062 σπαύαρίῳ
3219 990 3332 1061 (12)
3377 1010 3494 1066 acup.
3542 998 3687 1044 Κων-

320 1080 602 1146 σταντίνῳ.
624 1105 692 1115 -
738 1082 822 1146 Τῷ
861 1074 945 1128 ἐπὶ
970 1083 1065 1135 τῆς
1092 1076 1231 1147 ἱερᾶς
1261 1073 1514 1134 σακελλης
1555 1072 1673 1145 (13)
1703 1092 1824 1148 acup.
1869 1081 2239 1147 Κωνσταντίνῳ
2271 1084 2342 1145 τῷ
2385 1082 2814 1149 Μεσοποταμίτῃ.
2845 1108 2912 1117 —
2941 1084 3024 1148 Τῷ
3053 1077 3298 1151 λογοθέτῃ
3354 1087 3444 1131 τοῦ
3489 1076 3689 1154 δρόμον

315 1182 440 1237 acup.
469 1169 844 1236 Κωνσταντίνῳ
873 1173 942 1235 τῷ
981 1167 1231 1238 Τορνίκῃ.
1258 1194 1324 1204 —
1361 1168 1445 1234 Τῷ
1478 1167 1691 1236 Κρήτης
1723 1161 1980 1238 ἀρχιερεῖ.
2012 1195 2079 1204 -
2109 1171 2192 1234 Τῷ
2235 1163 2446 1236 βασιλεῖ
2474 1173 2564 1225 τῆς
2594 1165 2871 1227 Ἀνατο).ῆς
2892 1174 2963 1237 τῷ
2997 1170 3282 1241 Λασκοίρει.
3308 1199 3376 1208 -
3395 1175 3478 1222 Τῷ
3516 1170 3692 1222 οἰκονο

316 1262 511 1325 pratach
534 1256 843 1328 πατριάρχῃ
871 1272 992 1328 acup.
1019 1258 1243 1324 Λεοντίῳ
1269 1252 1413 1324 (14).
1449 1281 1516 1294 —-
1546 1259 1629 1321 Τῷ
1661 1253 1934 1323 ὁσιωτάτῳ
1959 1261 2180 1325 μοναχῷ
2207 1273 2326 1327 acup.
2371 1261 2570 1324 Λουκᾷ.
2600 1286 2667 1294 -
2708 1261 2790 1325 Τῷ
2819 1252 3216 1328 ἀρχιμανὸρίτς
3241 1275 3359 1330 acup.
3388 1263 3684 1328 Λουκιανῷ.

316 1372 389 1382 -
415 1348 497 1412 Τῷ
527 1344 903 1414 καθηγουμίνῳ
935 1351 1026 1402 τῆς
1051 1350 1209 1413 μονῆς
1235 1349 1327 1393 τοῦ
1357 1337 1634 1394 στουδείου
1684 1361 1803 1416 acup.
1838 1348 2132 1412 Λουκιανῷ.
2167 1371 2228 1383 -‹
2259 1350 2343 1414 Τῷ
2375 1343 2562 1402 Θηϐῶν
2611 1364 2729 1419 acup.
2769 1343 3040 1402 Μανουήλ.
3076 1375 3142 1384 -
3173 1351 3256 1416 Τῷ
3306 1344 3545 1417 σεϐαστῷ
3574 1366 3694 1422 acup.

316 1430 568 1488 Μανουὴλ
597 1435 684 1484 τὸν
713 1430 912 1486 Ὑαλία.
953 1461 1022 1471 -
1059 1437 1142 1501 Τῷ
1175 1428 1389 1504 Βςριϐὁῃ
1418 1449 1537 1503 acup.
1575 1430 1842 1489 Μανουήλ.
1870 1462 1938 1472 -
1963 1438 2047 1502 Τῷ
2077 1453 2085 1484 1

1926 1462 1938 1472 -
1963 1438 2047 1502 Τῷ
2077 1435 2380 1508 πατριάρχῃ
2424 1452 2545 1506 acup.
2577 1433 2845 1491 Μανουήλ.
2871 1464 2939 1475 -
2986 1441 3068 1504 Τῷ
3120 1437 3496 1507 πανοσεωτάτῳ
3525 1439 3695 1493 καθη-

315 1524 556 1592 γουμένω
582 1529 673 1581 τῆς
707 1519 1001 1592 σεϐασμίας
1027 1527 1191 1593 μονῆς
1220 1527 1311 1572 τοῦ
1348 1516 1662 1594 Προδρὸμου
1701 1539 1820 1593 acup.
1854 1527 2209 1594 Μαρτενεανῷ.
2238 1553 2306 1562 -
2349 1528 2432 1591 Τῷ
2472 1521 2809 1596 Atii-capuam;
2853 1542 2970 1596 acup.
3014 1525 3256 1593 Μιχαὴλ.
3286 1553 3353 1564 -
3382 1530 3465 1594 Τῷ
3504 1523 3696 1594 ἀνεψιῷ

316 1608 483 1661 αὐτοῦ
514 1629 631 1682 acup.
673 1609 920 1681 Μιχαὴλ.
950 1638 1019 1650 -
1060 1612 1193 1684 Πρὸς
1213 1612 1302 1661 τὸν
1340 1605 1561 1681 ἀδελφόν
1601 1609 1762 1661 αὑτοῦ
1787 1612 1966 1681 κύριον
1997 1616 2231 1669 Νεκήταν
2252 1613 2339 1662 τὸν
2372 1611 2654 1667 Χονεάτην.
2686 1642 2751 1650 -
2773 1619 2856 1681 Τῷ
2883 1609 3075 1681 auc};pr
3115 1611 3275 1662 αὑτοῦ
3314 1631 3433 1686 acup.
3466 1618 3694 1683 Νικήτᾳ.

318 1729 390 1738 -
413 1705 535 1758 Τοῖς
574 1695 800 1768 ἀνεψιοῖς
829 1697 989 1750 αὐτου
1029 1705 1101 1768 τῷ
1128 1717 1182 1750 τε
1211 1716 1331 1770 acup.
1374 1703 1582 1769 Νικὴτᾳ
1611 1702 1701 1750 καὶ
1729 1705 1800 1768 τῷ
1831 1718 1949 1771 acup.
1974 1699 2224 1771 Μιχαὴλ.
2245 1730 2306 1740 -
2337 1707 2420 1770 Τῷ
2453 1699 2664 1772 Βεριϐόῃ
2699 1711 2839 1773 κυρῷ
2871 1707 3174 1771 Νικηφόρῳ,
3198 1731 3264 1740 -—
3295 1707 3377 1770 Τῷ
3410 1701 3696 1773 μεγαλυπε-

323 1792 477 1859 ρόχῳ
503 1791 901 1860 πρωτονοταρίῳ
932 1792 1020 1839 καὶ
1067 1792 1320 1861 πραίτωρι
1351 1806 1469 1859 acup.
1503 1787 1743 1858 Νικολάῳ
1775 1796 1846 1858 τῷ
1872 1788 2156 1862 Τριψύχῳ,
2187 1819 2256 1828 --
2285 1795 2367 1858 Τῷ
2398 1788 2556 1861 ἰατρῷ
2604 1809 2720 1861 acup.
2768 1788 3007 1859 Νικολάῳ
3037 1796 3107 1858 τῷ
3142 1785 3473 1862 Καλοδοὺκῃ.
3509 1817 3574 1831 σ-
3610 1797 3694 1842 Τῷ

326 1876 633 1948 Ihm-070.?)
675 1896 817 1950 κυρῳ
856 1875 1114 1947 Νικολάῳ.
1149 1906 1218 1916 -—
1264 1880 1397 1950 Ilpc'a;
1427 1880 1512 1927 τὸν
1536 1881 1676 1929 Νέων
1708 1883 1924 1950 Πατρῶν
1963 1881 2051 1929 τὸν
2078 1882 2518 1949 Μεσοποταμίην
2551 1883 2640 1929 καὶ
2683 1882 3028 1950 Κοστομήρην
3056 1876 3346 1948 λεγόμενον.
3379 1908 3445 1917 -—
3473 1884 3556 1948 Τῷ
3600 1896 3697 1929 σα-

320 1964 574 2038 κελλαρίῳ
595 1973 668 2034 τῷ
698 1965 920 2038 Πλευρῇ.
944 1996 1012 2006 -
1042 1972 1125 2036 Τῷ
1157 1963 1422 2036 ἕπεσκὸπῳ
1453 1966 1509 2039 ps
1536 1967 1861 2036 (superscr.
1896 1961 2087 2030 δς).-
2126 1973 2209 2036 Τῷ
2236 1965 2442 2038 μεγάλῳ
2473 1961 2628 2018 δουκί
2654 1974 2724 2036 τῷ
2752 1973 3014 2039 Στρυφνῷ.
3039 1996 3106 2005 —
3143 1972 3226 2036 Τῷ
3251 1965 3568 2039 σακε).).αρίῳ
3598 1974 3699 2038 τῷν

321 2053 380 2106 ’Δ
392 2055 564 2112 θηνῶν
589 2061 661 2124 τῷ
703 2060 876 2125 Φωκᾲ.

319 2234 348 2300 §
395 2233 459 2288 x.
501 2231 647 2290 Atia
691 2228 1007 2290 Michaelis
1036 2233 1266 2303 scripta
1320 2247 1452 2306 qua:
1504 2233 1566 2289 in
1620 2233 2012 2291 Bibliothecis
2068 2234 2389 2292 Oxom'ensi
2422 2250 2491 2292 ac
2531 2233 2816 2292 Parisina
2868 2240 3281 2292 asservantur.
3333 2235 3591 2292 Carmen
3631 2231 3705 2292 de

1675 2323 1962 2381 Athenis.
2006 2325 2344 2381 Conclusio.

397 2465 539 2521 Post
568 2462 968 2536 Epistolarum
1021 2462 1316 2523 Michaelis
1373 2463 1718 2536 catalogum
1748 2466 2074 2523 Bandinius
2105 2467 2157 2539 (§
2184 2469 2252 2523 44
2293 2467 2452 2540 sqq.)
2505 2466 2681 2539 plura
2723 2464 2798 2522 de
2830 2465 3019 2522 tribus
3049 2468 3219 2537 Greg.
3253 2469 3383 2523 Naz.
3414 2465 3701 2540 epistolis,

321 2557 456 2610 tum
486 2554 561 2610 de
590 2554 1038 2626 Theophylacti,
1075 2555 1473 2625 Bulgarorum
1515 2555 1970 2628 archiepiscopi,
2001 2556 2234 2629 scriptis
2274 2557 2333 2612 in
2365 2556 2514 2612 Bibl.
2548 2557 2803 2613 Florent.
2831 2557 3149 2612 asservatis
3185 2557 3246 2612 in
3277 2555 3543 2612 medium
3571 2573 3706 2628 pro-

325 2641 459 2709 fert,
485 2658 622 2714 quae
647 2642 830 2712 hujus
851 2642 966 2698 loci
996 2658 1119 2699 non
1162 2647 1321 2698 sunt.
1354 2645 1680 2700 Memoratu
1710 2649 1911 2700 autem
1937 2645 2124 2714 digna
2144 2643 2420 2700 videntur
2441 2645 2668 2716 aliquot
2691 2644 2985 2701 Michaelis
3017 2644 3259 2716 scripta,
3292 2660 3430 2717 quae
3463 2645 3611 2700 dum
3643 2645 3705 2700 in

329 2731 692 2788 Bibliotheca
743 2731 1020 2790 Mediceea
1066 2733 1305 2798 desunt,
1333 2732 1394 2787 in
1425 2733 1754 2788 Oxoniensi
1797 2733 2094 2798 visuntur,
2130 2749 2248 2789 sec.
2279 2734 2634 2803 Catalogum
2665 2733 2797 2789 libr.
2845 2750 2991 2788 mss.
3026 2733 3255 2802 Anglice
3307 2738 3365 2788 et
3411 2732 3705 2788 Hibernia:

328 2821 544 2891 (Oxon.
591 2821 770 2891 1697),
793 2820 1016 2893 quibus
1051 2820 1196 2877 tituli
1226 2838 1238 2876 :
1278 2821 1603 2878 Catechesis
1632 2824 1832 2891 prima
1856 2837 1869 2889 ;
1904 2823 2173 2879 Homitia
2198 2823 2270 2879 de
2290 2826 2589 2880 creatione
2616 2823 2891 2890 hominis,
2920 2829 2975 2878 et
3010 2823 3386 2879 Lamentatio
3412 2820 3709 2879 demortui

331 2909 646 2979 Adyephi;
679 2909 896 2966 deinde
926 2911 988 2965 in
1015 2910 1383 2968 Bibliotheca
1410 2911 1678 2967 Parisma
1718 2913 2036 2968 Tractatus
2067 2913 2139 2968 de
2177 2928 2374 2975 cruce,
2405 2929 2588 2984 quem
2612 2911 2917 2968 Fabricius
2946 2927 3264 2984 perperam
3291 2911 3353 2966 in
3383 2912 3709 2967 orationem

328 2999 716 3072 permutavit,
745 3004 801 3054 et
829 3000 932 3071 qui
963 2999 1212 3055 forsitan
1236 3000 1454 3056 rectius
1481 3016 1723 3056 carmen
1763 3000 2093 3057 iambicum
2140 3002 2213 3058 de
2241 3002 2499 3071 pristina
2541 3001 2707 3056 urbis
2727 3000 3107 3057 Athenarum
3142 3000 3438 3071 dignitate
3467 3014 3597 3056 esse
3622 2999 3710 3054 vis

343 3088 542 3159 detur,
573 3087 860 3160 quodque
889 3089 1311 3146 Boissonadius
1342 3090 1402 3145 in
1435 3094 1597 3146 tomo
1631 3092 1671 3143 V
1702 3091 2146 3147 Anecdotorum
2177 3090 2398 3162 publici
2424 3091 2575 3162 juris
2603 3090 2759 3146 fecit.

401 3178 490 3235 Ob
521 3177 764 3234 ultimos
797 3178 980 3249 hujus
1006 3179 1292 3236 carminis
1330 3196 1538 3236 versus
1570 3195 1694 3235 non
1714 3179 2014 3236 immerito
2043 3179 2359 3237 exordium
2389 3180 2677 3250 longioris
2713 3179 3011 3252 poematis
3039 3177 3384 3252 suspiceris.
3414 3179 3484 3234 Ut
3508 3181 3573 3234 ut
3602 3181 3712 3248 est,

329 3273 486 3325 certe
519 3267 1016 3325 lamentationem
1038 3269 1175 3326 licet
1204 3269 1481 3326 mutilam
1511 3269 1703 3326 habes
1736 3270 2023 3342 scriptam
2050 3270 2124 3326 de
2157 3271 2528 3326 Athenarum
2555 3269 2720 3325 fatali
2750 3274 2907 3325 sorte
2936 3268 3014 3325 ab
3046 3268 3257 3324 ultimo
3289 3267 3552 3324 antistite
3582 3267 3714 3338 ejus

327 3358 524 3424 urbis,
547 3357 650 3429 qui
697 3359 951 3425 cantico,
1003 3363 1068 3415 ut
1115 3359 1198 3416 ita
1221 3358 1500 3426 dixerim,
1538 3358 1771 3415 olorino
1811 3359 2002 3416 fatum
2029 3361 2158 3431 ejus
2193 3360 2358 3416 urbis
2398 3359 2577 3415 fatale
2609 3359 2916 3415 memoriae
2947 3357 3234 3431 prodidit.
3277 3360 3476 3413 Restat
3496 3363 3561 3413 ut
3588 3372 3719 3412 car-

328 3463 474 3504 men
533 3447 768 3516 Morelli,
797 3446 983 3504 ﬁnem
1028 3448 1197 3506 haud
1227 3448 1639 3520 spernendum
1691 3448 2099 3506 dissertationi
2141 3455 2360 3507 nostra:
2406 3449 2765 3522 imposituri,
2807 3448 3134 3505 lectoribus
3168 3451 3368 3504 mente
3422 3443 3720 3502 benevola

331 3537 755 3610 impertiamur
788 3555 801 3593 :

335 3645 739 3718 Cecropidum
760 3646 980 3719 praesul
1007 3647 1274 3716 Michael,
1303 3647 1452 3704 dum
1479 3647 1667 3706 tristia
1696 3647 1894 3707 fratris
2114 3645 2510 3716 Occidit,heul
2537 3649 2732 3704 tecum
2751 3642 3177 3716 tumulumque
3194 3640 3419 3699 subivit
3436 3639 3720 3698 eumdem

409 3736 626 3792 Niceten
646 3737 914 3808 queritur
939 3738 1154 3795 funera
1184 3739 1508 3811 Choniatie,
2189 3738 2483 3810 Faadaque
2511 3735 2802 3792 successit
2834 3750 2945 3790 nec
2975 3750 3148 3790 mora
3167 3731 3500 3789 barbaries.

338 3829 583 3898 Cygnea
609 3831 858 3884 testatur
878 3832 982 3884 tua
1004 3845 1141 3891 vox,
1165 3845 1201 3885 o
1229 3832 1471 3897 Graecia,
1504 3844 1790 3902 quaenam
2118 3830 2230 3896 Qui
2257 3827 2416 3882 volet
2445 3842 2588 3896 ergo
2621 3830 2755 3881 tuas
2780 3837 3166 3894 cognoscere,
3210 3821 3451 3886 Graecia,
3475 3819 3651 3887 vires,

410 3915 650 3971 Viribus
683 3916 891 3987 effetis,
927 3934 1066 3974 cum
1111 3934 1432 3991 morerere,
1469 3919 1596 3975 fuit.
2193 3920 2343 3974 Cum
2373 3915 2757 3987 Xenophonte
2783 3915 2944 3984 legat
2963 3913 3176 3968 funera
3202 3910 3545 3968 Choniataa:

339 4006 570 4062 Atticus
601 4005 697 4062 ille
725 4005 919 4078 lepos,
954 4008 1283 4081 Xenophon
1309 4025 1432 4081 quo
1465 4009 1689 4066 scilicet
1717 4008 1859 4066 olim
2121 4007 2222 4064 Ille
2246 4012 2381 4064 tuas
2413 4021 2602 4063 cunas
2638 4004 2937 4062 nascentis
2959 4001 3208 4058 ﬂoribus
3229 4005 3425 4071 ornat,

413 4093 640 4151 Nobilis
670 4111 707 4151 a
736 4097 954 4153 teneris
983 4097 1197 4154 claruit
1223 4097 1586 4169 unguiculis,
2193 4098 2297 4153 Hic
2337 4102 2442 4153 tua
2472 4097 2737 4152 fraterno
2764 4093 2972 4149 funere
2994 4092 3120 4149 fata
3149 4090 3354 4162 gemit.

419 4274 560 4347 (10f)
611 4279 1108 4347 Παρακοιμώμενος,
1157 4275 1518 4347 praepositus
1572 4272 1882 4341 cubiculi;
1942 4291 2014 4331 ac
2123 4344 2138 4347 _

1960 4291 2014 4331 tc
2123 4344 2138 4347 _
2195 4273 2304 4342 (13)
2323 4269 2380 4324 '0
2405 4270 2487 4324 ἐπὶ
2516 4270 2891 4347 cagcaacénng
2914 4269 3075 4325 idem
3103 4267 3255 4347 valet
3275 4283 3346 4347 ac
3373 4263 3729 4346 σακελλὰριος.

344 4325 653 4421 prioribus
687 4325 1220 4421 saeculis'dign’itas-
1235 4325 2011 4421 Efét'iéﬁhugiﬁé'ﬁi'bhc;
2123 4325 2411 4415 ll.‘p:l26.
2445 4325 2800 4421 Sacellarius
2841 4325 2968 4421 erat
3013 4339 3429 4420 ecclesiasticae
3462 4325 3735 4421 pecuniae

347 4408 634 4489 extremis
683 4431 827 4471 vero
873 4408 1246 4488 tempbribus
1277 4417 1535 4489 duplicis
1585 4417 1695 4472 fuit
1739 4408 2010 4489 generis;
2123 4408 2364 4489 cur-ator
2403 4419 2460 4470 et
2494 4421 2717 4489 custos.
2761 4413 2982 4489 Σακέλλη
3008 4412 3175 4489 enim
3210 4410 3333 4465 sive
3359 4408 3624 4488 σακέᾒλιον
3651 4408 3739 4462 di-

349 4489 506 4569 allus
531 4487 698 4568 enim
729 4482 1383 4569 eratutecp-acaco‘cpdapczuog-
1413 4509 1503 4540 τον
1552 4482 1816 4553 κοιτῶνος,
1852 4482 2014 4543 cubi-

1966 4482 2014 4542 li-
2124 4487 2372 4569 cebatur
2405 4486 2683 4569 sacculus
2716 4483 3118 4557 pecuniarius,
3153 4482 3212 4569 11..
3246 4497 3297 4536 e.
3319 4482 3614 4569 aerarium
3643 4495 3735 4569 sc-

351 4558 620 4633 cularius
645 4550 1012 4633 imperatoris
1029 4579 1045 4630 ;
1072 4550 1224 4616 alius
1253 4567 1719 4633 παρακοιμώμενος
1742 4550 1836 4620 τῆς
1870 4580 2013 4631 σφεν-

1966 4582 2013 4611 ν-
2124 4559 2342 4633 clesiaa,
2371 4573 2494 4629 quo
2517 4550 2916 4627 eleemosynaa
2940 4554 3432 4633 asservabantur:
3453 4550 3532 4633 Id.
3567 4555 3731 4622 p.21.

353 4629 536 4696 δόνης,
568 4621 775 4686 annuli
798 4621 1108 4700 signato’rii
1141 4621 1360 4688 custos.
1390 4621 1494 4686 B.’
1569 4621 1578 4632 ’
1707 4621 1715 4622 ί
1803 4702 1806 4703 ν
1913 4621 1922 4631 ”

2147 4702 2156 4703 ί
2200 4621 2578 4703 (14)βὲρίθ-ιη
2612 4621 2844 4684 tantum
2874 4641 3117 4703 menses
3149 4621 3628 4703 patriarchalem
3649 4637 3737 4703 se-

429 4705 471 4773 (1
497 4703 549 4777 t)_
593 4707 733 4777 Μονῄ
793 4696 882 4756 est
939 4710 1312 4777 μοναστήριον.
1452 4706 1542 4759 Du
1569 4706 1768 4772 Bange
1794 4702 1837 4761 1.
1869 4703 1914 4760 Ι.
1952 4719 2014 4776 p.
2125 4702 2198 4777 de

1965 4719 2014 4776 p.
2125 4702 2267 4777 dem
2294 4696 2552 4777 obtinuit
2603 4696 3118 4777 Constantinopoli
3156 4696 3452 4777 ‘Leontius
3483 4710 3538 4749 a.
3577 4697 3734 4773 HQQ,

351 4769 481 4848 949,
516 4769 591 4848 de
622 4769 1006 4848 καθηγούμεὺος
1028 4769 1276 4848 (Abb'as,
1301 4776 1506 4842 Prior),
1532 4791 1592 4848 p.
1615 4769 1740 4831 473.
1950 4769 2000 4848 γ’-

1971 4769 2000 4848 ’μ
2127 4774 2323 4848 dictus
2351 4773 2779 4848 'I‘heptoci_s_tes_,
2803 4769 2970 4848 quod
2992 4785 3102 4842 per
3122 4772 3414 4848 ﬁcari-cog,
3449 4781 3636 4848 quam
3664 4769 3740 4819 si-

428 4834 545 4917 (12)
581 4834 897 4925 gausapa;
929 4834 1208 4925 armiger.
1241 4834 1330 4904 Du
1385 4834 1596 4918 can'g‘e,
1625 4864 1686 4920 p.
1731 4848 1890 4918 1415,
1933 4845 2016 4904 Cf.
2128 4843 2190 4925 bi

1965 4845 2016 4902 :f.
2128 4843 2190 4925 bi
2232 4834 3210 4925 apparuissedicebatimperator
3237 4839 3329 4911 (ιε.
3354 4834 3554 4909 Aug),
3588 4834 3734 4892 elec-

354 4912 541 4975 Go‘ar’.
581 4920 620 4974 1.
656 4912 782 4991 Lp;
807 4912 896 4981 29;
927 4934 991 4975 n.
1035 4912 1122 4976 34'.
1507 4912 1536 4918 '
1583 4912 1646 4920 ’“
1876 4912 1886 4918 ’

1507 4912 1536 4918 ⁷
1583 4912 1592 4918 '
1627 4912 1646 4920 “
1876 4912 1886 4918 ’
2131 4924 2228 4973 tus
2258 4912 2484 4972 fuisset.
2511 4917 2568 4970 B.
2594 4917 2700 4987 (Cf.
2727 4914 2906 4971 Nicet.
2932 4916 3057 4969 259.
3093 4912 3198 4983 Ο).
