4480 6430
829 365 932 437 323

1702 365 2072 436 MICHAELIS
2109 370 2493 436 ACOMINATI
2529 375 2958 435 ATHENARUM
2994 375 3313 435 ARCHIEP.

4079 373 4184 436 32L

827 527 4183 572 Ἥ

825 545 1120 557 ___

1196 831 1199 834 .
1287 709 2418 864 MIGHAELI‘S
2595 711 3748 862 AGOMINATI

2124 1006 2890 1115 ΟΗΟΝΙΑΤλἘ

1587 1234 2139 1298 SANCTISSIMI
2194 1233 2736 1298 ATHENARUM
2784 1235 3424 1299 METROPOLIT/E

2318 1431 2721 1513 ORATIO

1904 1631 2159 1686 HABITA
2198 1631 2265 1684 ΙΝ
2307 1627 2422 1682 DIE
2462 1629 2676 1684 [ε’εὸΤο
2721 1631 3122 1687 PALMARUM.

1713 1805 2058 1878 (Combeﬁs‘.
2093 1804 2362 1860 Biblioth.
2392 1802 2755 1871 concionat.,
2779 1808 2925 1859 tom.
2951 1804 3042 1870 Ill,
3066 1820 3128 1876 p.
3157 1805 3307 1876 417).

896 2039 1394 2096 Ρτωοιειτίεείιιιιιε
1424 2054 1636 2110 regum
1665 2037 1962 2110 propheta
1994 2035 2192 2097 David,
2228 2036 2483 2090 immen-
2514 2035 2560 2084 Α
2594 2049 2665 2088 co

2421 2049 2483 2088 n-
2514 2035 2560 2084 Α
2594 2034 2878 2088 comitatu
2908 2039 3139 2103 vectus,
3189 2033 3482 2089 adversus
3512 2033 3813 2088 infernum
3851 2032 4190 2088 velitatione

826 2145 960 2185 sam
992 2128 1136 2184 solis
1167 2125 1701 2200 pulchritudinem,
1757 2124 2244 2194 indefessamque
2283 2121 2486 2178 celeri-

823 2221 1006 2273 tatem
1056 2217 1387 2281 admirans,
1421 2221 1478 2271 et
1527 2216 1656 2286 ipse
1704 2215 1830 2270 ait:
1866 2216 2176 2283 Tanquam
2230 2227 2481 2282 sponsus

814 2309 1145 2376 procedens
1176 2307 1248 2362 de
1270 2306 1534 2361 thalamo
1564 2319 1670 2359 suo
1699 2321 1711 2356 :
1737 2303 2057 2359 exsultabit
2084 2308 2151 2356 ut
2187 2303 2360 2371 gigas
2400 2302 2481 2356 ad

819 2395 1181 2451 currendum
1209 2395 1366 2450 viam
1389 2409 1594 2449 suam:
1624 2399 1677 2448 et
1710 2407 1991 2449 occursus
2031 2393 2159 2460 ejus
2188 2405 2375 2461 usque
2399 2390 2482 2446 ad

820 2497 1099 2538 summun
1139 2483 1294 2552 caeli,
1329 2496 1438 2536 nec
1467 2487 1554 2537 est
1593 2482 1698 2552 qui
1732 2495 1794 2535 se
1842 2478 2170 2534 abscondat
2202 2493 2240 2534 a
2278 2478 2480 2533 calore

819 2575 949 2642 ejus
973 2575 1014 2626 ¹.
1037 2572 1278 2629 Miratus
1301 2571 1529 2644 quippe
1551 2569 1638 2624 vir
1659 2569 2145 2642 sapientissimus
2175 2572 2285 2636 est,
2308 2567 2477 2621 sidus

817 2663 933 2718 hoc
964 2661 1329 2728 maximum,
1345 2664 1576 2732 quanta
1600 2659 1923 2730 praenitens
1946 2656 2392 2729 pulchritudine
2415 2656 2475 2710 in

818 2766 1054 2807 morem
1087 2749 1296 2821 sponsi
1318 2750 1380 2804 in
1402 2747 1676 2804 orientali
1703 2747 2007 2803 horizonte
2028 2746 2236 2810 oritur,
2267 2745 2473 2814 gigan-

817 2847 1034 2911 teaque
1065 2839 1361 2895 celeritate
1392 2844 1574 2910 atque
1603 2837 1808 2909 vigore
1839 2836 1917 2892 ad
1941 2836 2312 2891 horizontem
2345 2851 2475 2907 per.

816 2929 1033 2985 vadite
1061 2927 1358 2984 diametro
1383 2926 1750 2999 oppositum,
1784 2925 1932 2980 nihil
1949 2925 2272 2980 obscurato
2297 2925 2476 2979 tantis

814 3017 929 3074 illis
951 3033 1254 3074 annorum
1272 3015 1686 3072 voluminibus
1715 3014 1908 3086 ipsius
1923 3014 2140 3070 decore
2156 3028 2228 3068 ac
2253 3013 2471 3085 specie,

816 3123 1013 3179 neque
1041 3107 1097 3162 vi
1124 3105 1550 3172 dissoluta,sed
1579 3104 1796 3160 eodem
1813 3119 2051 3175 semper
2064 3103 2251 3158 modo
2280 3102 2474 3158 exsul-

815 3201 962 3267 tare,
1022 3211 1350 3267 rerumque
1409 3194 1854 3250 universitatem
1908 3193 2074 3248 nullo
2124 3192 2333 3248 labore
2382 3192 2470 3247 lu-

816 3290 1032 3354 strare,
1081 3300 1192 3340 nec
1224 3299 1347 3339 non
1383 3283 1548 3339 vitali
1592 3281 2045 3337 micantissimm
2081 3281 2235 3337 lucis
2271 3280 2473 3337 deﬂuo

2591 2128 2832 2184 functus
2858 2133 2978 2186 Rex
3006 2130 3232 2200 gloriae,
3255 2130 3470 2186 inferni
3499 2131 3771 2203 proxime
3788 2130 4058 2202 praedam
4090 2146 4193 2200 ag-

2591 2231 2836 2287 gressus
2847 2221 3311 2290 est,primasque
3324 2219 3462 2275 inde
3475 2220 3899 2274 charissimum
3915 2221 4193 2274 Lazarum

2589 2307 2720 2362 tulit
2748 2307 3092 2363 manubias.
3127 2309 3312 2364 Unius
3342 2309 3508 2364 vocis
3529 2324 3680 2365 sono
3702 2309 3941 2380 tyranni
3971 2313 4194 2380 perter-

2587 2396 2705 2452 ruit
2725 2412 3114 2469 arces,exque
3135 2396 3349 2452 mediis
3373 2403 3589 2454 cuncta
3613 2399 3879 2453 vorantis
3905 2397 4041 2452 ferae
4064 2395 4168 2452 {au

2587 2485 2781 2550 cibus,
2811 2501 2987 2540 ovem
3020 2501 3196 2541 suam
3220 2485 3418 2541 bonus
3447 2486 3659 2542 Pastor
3682 2486 3952 2541 extraxit.
3987 2487 4107 2541 Sua
4128 2486 4190 2540 in

2586 2589 2771 2646 specu
2800 2580 3142 2647 correptum
3168 2575 3320 2631 latro
3353 2577 3642 2631 Lazarum
3673 2574 4013 2631 detinebat:
4046 2591 4190 2631 mox

2585 2667 2788 2719 tamen
2810 2664 3016 2719 audita
3038 2664 3346 2720 Dominica
3371 2681 3513 2720 voce
3540 2664 3866 2732 infremuit,
3900 2669 4078 2736 atque
4109 2663 4189 2720 ad

2583 2750 2734 2807 lucis
2785 2767 2996 2807 auram
3053 2752 3388 2808 redivivum
3419 2767 3726 2822 emergere
3768 2753 4014 2808 dimisit.
4057 2755 4186 2808 Non

2585 2841 2746 2895 enim
2768 2840 2858 2895 fas
2890 2845 3017 2896 erat
3053 2840 3398 2897 obdormire
3419 2841 3481 2897 in
3507 2846 3764 2897 mortem
3792 2841 3949 2896 velut
3977 2845 4191 2896 natum

2585 2945 2657 2984 ex
2679 2929 2948 2996 muliere,
2982 2931 3084 2984 sed
3115 2930 3446 3001 expergisci
3478 2929 3582 3001 qui
3613 2930 3729 3002 ipsi
3758 2930 3893 2985 vitae
3918 2929 4192 2984 charissi-

2584 3033 2724 3073 mus
2748 3019 2977 3074 esset.0
3008 3017 3267 3088 ingentis
3298 3018 3546 3088 virtutis,
3580 3017 3728 3090 quin
3759 3018 3884 3073 imo
3913 3017 4193 3089 omnipo-

2583 3111 2802 3162 tentem
2815 3122 3027 3162 vocem
3044 3107 3057 3161 ε
3072 3122 3196 3178 qua
3209 3112 3394 3178 portae
3408 3107 3621 3162 mortis
3634 3112 3800 3162 metu
3816 3105 4191 3178 panduntur,

2580 3194 2918 3267 infernique
2934 3195 3227 3265 janitores
3248 3199 3492 3267 stupore
3521 3194 3934 3265 obriguerunt,
3954 3211 4025 3250 ac
4044 3210 4193 3267 qua-

2580 3283 2894 3338 triduanus
2924 3283 3140 3339 exsiliit
3189 3289 3492 3340 mortuus.
3524 3285 3671 3338 Vere
3725 3283 3960 3339 catulus
3996 3283 4192 3339 leonis

814 3372 1085 3445 implere.
1141 3372 1296 3438 Quin
1348 3372 1530 3427 etiam
1564 3385 1676 3440 ego
1721 3369 1827 3442 qui
1873 3369 2074 3440 ipsum
2099 3370 2342 3440 justitia:
2378 3385 2470 3424 so-
2502 3378 2548 3432 Β
2583 3373 2848 3429 Christus
2875 3374 2927 3439 ‘;
2952 3387 3238 3444 nuncque
3262 3371 3390 3427 solo
3411 3373 3612 3443 rugitu
3638 3371 3829 3428 {eram
3860 3373 4143 3428 exterruit
4175 3388 4190 3426 :

814 3462 935 3518 lem
985 3462 1304 3529 Christum,
1335 3467 1516 3533 atque
1570 3459 1836 3515 siderum
1889 3460 2280 3525 conditorem,
2311 3474 2474 3515 nova

811 3565 1044 3623 pcmpa
1088 3549 1522 3622 procedentem
1541 3548 1805 3616 videam,
1835 3546 2051 3603 eadem
2081 3563 2222 3603 cum
2251 3547 2472 3603 Davide

809 3646 880 3695 ut
897 3654 1118 3696 canam
1146 3637 1667 3709 adducor,nempe
1691 3638 1860 3708 quod
1879 3637 2006 3708 ipse
2034 3636 2244 3708 sponsi
2261 3636 2324 3691 in
2347 3652 2474 3692 mo-

805 3744 934 3784 rem
966 3727 1303 3800 procedens
1336 3725 1412 3782 de
1441 3725 1711 3782 thalamo
1733 3741 1844 3781 suo
1869 3725 2176 3780 exsultarit
2207 3731 2272 3781 ut
2297 3725 2471 3798 gigas

807 3817 887 3873 ad
914 3815 1277 3873 currendam
1300 3815 1464 3871 viam
1485 3830 1681 3886 suam,
1699 3829 1806 3886 per
1833 3813 2099 3870 mediam
2116 3813 2471 3898 Jerusalem,

807 3905 1068 3962 inauditi
1101 3903 1336 3960 saeculis
1365 3903 1653 3960 omnibus
1675 3903 1965 3975 triumphi
1991 3918 2062 3959 ac
2109 3903 2474 3960 miraculum

805 4011 987 4052 omne
1017 3994 1312 4050 vincentis
1342 3993 1542 4066 specie
1589 3997 2097 4065 extemporaneus
2129 4009 2345 4049 ovans.
2390 3998 2474 4050 Ac

804 4084 1053 4157 quidem
1086 4083 1280 4139 exitus
1310 4083 1442 4154 ejus
1469 4098 1505 4138 a
1526 4097 1769 4137 summo
1800 4081 1980 4138 ccelo:
2002 4082 2142 4138 inde
2173 4083 2473 4155 siquidem

803 4179 1029 4230 nostrae
1061 4172 1274 4228 salutis
1297 4187 1490 4228 causa
1517 4171 1669 4227 nihil
1696 4171 1831 4227 loco
1871 4172 2157 4241 dimotus,
2192 4172 2356 4228 viam
2385 4189 2473 4228 se-

802 4277 940 4318 care
969 4261 1186 4334 coepit;
1221 4266 1279 4318 et
1322 4276 1611 4317 occursus
1668 4260 1799 4330 ejus
1852 4276 2046 4332 usque
2094 4260 2174 4316 ad
2203 4267 2472 4318 extrema

2581 3462 2698 3516 Leo
2748 3463 2903 3517 enim
2947 3462 3167 3531 rugiet,
3200 3461 3418 3533 inquit,
3453 3467 3508 3517 et
3558 3463 3690 3532 quis
3719 3477 3839 3517 non
3865 3461 4195 3530 pavebit"?

2581 3550 2750 3605 Brevi
2780 3555 2982 3606 autem
3004 3549 3285 3621 postipse
3309 3564 3557 3621 quoque
3581 3549 3882 3605 recubans
3900 3549 4188 3605 dormiet:

2586 3644 2644 3694 at
2659 3638 2762 3694 ubi
2784 3645 3061 3694 conserto
3078 3637 3256 3694 veluti
3282 3637 3437 3710 pede
3455 3654 3596 3694 cum
3612 3643 3803 3694 morte
3823 3653 4192 3709 congressus

2582 3726 2777 3792 fuerit,
2792 3727 3032 3798 penitus
3059 3725 3429 3798 proﬂigabit.
3460 3728 3630 3782 Nunc
3660 3724 3909 3798 quidem
3935 3730 4196 3783 tremen-

2583 3819 2732 3871 dum
2762 3831 2834 3871 ac
2878 3815 3186 3885 ingentem
3227 3821 3423 3871 cetum
3473 3814 3604 3871 solo
3647 3815 3882 3870 eminus
3928 3814 4196 3870 clamore

2585 3903 2824 3973 subegit
2851 3924 2863 3962 :
2899 3920 3039 3960 mox
3085 3919 3224 3960 vero
3248 3906 3414 3960 Jonas
3443 3903 3506 3959 in
3554 3919 3787 3960 morem
3813 3903 3946 3975 ejus
3979 3908 4197 3976 sponte

2582 3993 2731 4049 rictu
2761 3992 3186 4049 absorbendus
3201 3999 3308 4060 est,
3324 4008 3448 4065 quo
3463 3993 3654 4065 ipsius
3674 3992 3948 4064 disrupto
3965 3998 4196 4061 ventre,

2583 4097 2739 4154 quos
2769 4098 2806 4137 a
2837 4082 3055 4138 saeculo
3086 4082 3392 4155 absorpsit
3421 4098 3635 4139 omnes
3677 4082 4062 4138 extraxerit‘.
4091 4084 4198 4138 Ta-

2584 4172 2758 4228 metsi
2787 4177 2944 4228 terra
2970 4179 3116 4239 erat,
3139 4177 3199 4228 et
3224 4173 3287 4228 in
3317 4179 3536 4229 terram
3571 4172 3805 4229 abierat
3834 4174 4114 4238 Lazarus,
4134 4177 4200 4228 at

2581 4261 2847 4318 Christus
2876 4266 3005 4317 erat
3027 4261 3134 4334 qui
3157 4261 3468 4317 hominem
3498 4277 3532 4316 e
3562 4267 3717 4317 terra
3754 4259 4111 4316 condiderat
4130 4262 4150 4296 ⁷
4177 4279 4194 4328 ;

801 4350 958 4418 caeli,
1013 4349 1256 4406 inﬁmas
1297 4349 1524 4405 scilicet
1546 4348 1764 4405 inferni
1795 4354 2034 4421 partes;
2061 4349 2179 4405 illic
2203 4365 2469 4423 namque
2578 4368 2651 4408 ex
2681 4367 2805 4424 quo
2852 4354 3032 4408 etiam
3063 4351 3348 4418 clamore,
3378 4352 3464 4408 uti
3489 4356 3547 4408 et
3598 4351 3919 4424 spiraculo,
3953 4356 4199 4408 mortuo

799 4439 1268 4514 dispensationis
1315 4455 1531 4496 cursus
1579 4439 1906 4495 terminum
1958 4438 2192 4508 habuit,
2238 4444 2302 4495 ut
2357 4456 2468 4497 nec
2577 4441 2794 4497 iterum
2840 4440 3130 4511 ﬁgmento
3162 4441 3435 4498 animam
3473 4436 3714 4497 refudit.
3767 4442 3902 4496 1am
3941 4439 4192 4513 quidem

799 4530 1036 4588 inferna
1061 4529 1164 4587 illa
1198 4529 1335 4586 loca
1383 4529 1464 4586 ab
1511 4529 1643 4600 ejus
1683 4545 1748 4585 se
1788 4529 1988 4585 calore
2017 4528 2417 4587 absconderet
2450 4547 2462 4584 :
2573 4529 2820 4586 foetebat
2869 4529 3015 4586 tabo
3059 4529 3392 4586 resolutum
3451 4531 3714 4586 cadaver
3763 4533 3947 4602 atque
3993 4544 4198 4589 corru.

797 4619 1061 4692 indeque
1085 4634 1297 4674 rursus
1325 4617 1489 4674 velut
1513 4618 1594 4674 ab
1623 4617 1952 4683 occidente,
1994 4618 2326 4674 matutinus
2363 4634 2462 4675 ex-
2526 4664 2532 4673 .
2573 4624 2782 4692 ptum;
2832 4625 2894 4675 at
2924 4619 3137 4676 Christi
3178 4635 3296 4676 vox
3342 4620 3476 4675 vita
3531 4618 3617 4674 illi
3649 4617 3803 4674 odor
3831 4617 3962 4674 fuit.
4015 4617 4190 4683 Quod

799 4712 992 4778 ortus,
1015 4707 1230 4764 iisdem
1261 4706 1392 4763 coeli
1421 4706 1668 4763 sedibus
1694 4706 2040 4764 restituitur.
2063 4707 2229 4763 Prius
2259 4712 2463 4764 tamen
2507 4728 2548 4784 ρ
2573 4709 2784 4764 mortis
2812 4708 3049 4763 vinctus
3089 4708 3306 4764 institis
3335 4708 3612 4764 astrictus
3641 4712 3786 4775 erat,
3818 4707 4006 4763 vetuit
4041 4692 4195 4763 nihil

799 4813 988 4871 quam
1008 4796 1070 4853 in
1091 4796 1395 4852 infernum
1417 4795 1793 4852 descendens
1810 4795 1963 4853 inter
1982 4801 2253 4853 mortuos
2270 4796 2465 4869 splen-
2571 4797 2720 4869 quin
2752 4796 2932 4866 longe
2962 4796 3443 4869 progrederetur,
3475 4795 3726 4869 jubente
3751 4794 3974 4851 scilicet
3994 4794 4190 4852 Chris-

798 4887 959 4954 deat,
991 4887 1265 4943 divinam
1309 4886 1650 4959 quamdam
1697 4886 1861 4941 velut
1897 4886 2189 4958 praemisit
2231 4901 2460 4950 vocem,
2572 4891 2676 4942 to:
2736 4887 2881 4943 Veni
2925 4887 3097 4955 foras
3118 4888 3159 4957 ⁸,
3207 4887 3314 4959 qui
3344 4886 3547 4943 educit
3573 4885 3806 4942 vinctos
3838 4884 3903 4940 in
3959 4884 4191 4941 fortitu-

798 4991 871 5033 ea
925 4976 1406 5049 quatriduanum
1465 4991 1502 5030 a
1549 4973 1804 5030 mortuis
1863 4975 2164 5030 suscitans
2189 4977 2234 5045 ³,
2279 4991 2462 5048 quem
2571 4975 2748 5044 dine;
2783 4975 3052 5032 similiter
3081 4991 3185 5031 eos
3214 4975 3694 5048 quihabitantin
3717 4973 4005 5047 sepulcris
4027 4977 4068 5029 ο.

796 5081 988 5122 unum
1019 5081 1095 5121 ex
1121 5065 1468 5121 animarum
1485 5063 1741 5120 extraxit
1756 5064 2165 5134 caveis,cujus
2189 5065 2462 5133 victoria,

795 5170 1028 5228 pompa
1058 5153 1234 5211 hodie
1265 5152 1560 5226 procedit,
1587 5168 1659 5209 ac
1690 5157 2050 5225 praesentem
2091 5169 2163 5208 ex
2192 5159 2464 5226 tempore

793 5244 1174 5316 triumphum
1207 5242 1495 5313 instituit;
1520 5257 1742 5313 nempe
1778 5242 1971 5299 Sionis
2012 5245 2134 5298 Rex
2163 5241 2258 5298 ille
2288 5258 2463 5299 man-

793 5340 1000 5393 suetus
1022 5335 1065 5401 ⁸,
1098 5350 1222 5390 non
1265 5333 1465 5390 aureis
1520 5332 1784 5412 phaleris
1834 5333 2089 5390 instrato
2133 5349 2310 5406 equo,
2355 5351 2462 5391 seu

789 5425 944 5482 alias
976 5440 1161 5481 curru
1199 5438 1405 5491 aureo,
1452 5422 1563 5479 sed
1593 5422 1971 5495 pauperculo
1999 5422 2187 5480 asello
2212 5439 2488 5497 paupere

872 5606 887 5639 ¹
925 5601 1083 5660 Psal.
1115 5605 1344 5676 xxm,_6
1375 5618 1544 5676 seqq.

794 5677 814 5712 ⁷
845 5677 994 5734 Gen.
1023 5690 1088 5745 ιι,
1113 5681 1166 5732 7.
1245 5674 1552 5746 'Joanfii,
1584 5676 1674 5732 44.

2646 5065 2867 5122 Psallat
2889 5065 3018 5136 jam
3047 5067 3300 5122 Lazarus
3326 5082 3466 5122 cum
3492 5065 3710 5121 Davide
3741 5081 3754 5119 :
3795 5064 3936 5120 Non
3975 5065 4195 5120 dereli-

2573 5157 2757 5227 quisti
2774 5156 3042 5211 animam
3061 5171 3252 5211 meam
3293 5157 3358 5210 in
3390 5156 3652 5225 inferno,
3683 5169 3790 5210 nec
3814 5154 4036 5210 dedisti
4053 5168 4196 5210 san-

2573 5249 2731 5301 ctum
2755 5252 2924 5300 tuum
2946 5245 3146 5302 videre
3166 5247 3612 5314 corruptionem
3634 5246 3788 5312 '°,et,
3807 5245 4080 5313 Implesti
4099 5258 4196 5300 me

2574 5337 2787 5391 laetitia
2809 5351 2942 5391 cum
2964 5337 3138 5390 vultu
3157 5344 3285 5391 tuo:
3307 5350 3430 5391 non
3448 5334 3610 5390 enim
3627 5333 3916 5390 oblivioni
3935 5331 4192 5389 traditus

2573 5442 2730 5490 sum,
2760 5424 2912 5480 sicut
2936 5429 3214 5481 mortuus
3245 5441 3283 5481 a
3307 5428 3487 5480 corde
3508 5425 3550 5459 “
3573 5441 3592 5494 ;
3628 5423 3735 5480 sed
3765 5428 4009 5479 mortuo
4041 5421 4194 5478 mihi

1623 5602 1645 5635 ³
1685 5601 1859 5658 Joan.
1890 5619 1946 5676 ιι,
1974 5603 2063 5658 41.
2141 5604 2164 5637 ⁸
2193 5603 2369 5660 Zach.
2402 5620 2479 5676 ιιι,
2508 5607 2562 5660 9.
2640 5604 2664 5638 ⁴
2704 5605 2849 5660 Gen.
2884 5606 3120 5676 xux,i9.
3197 5603 3219 5637 ⁵
3260 5603 3392 5656 Amr

2418 5620 2479 5676 x,
2508 5607 2562 5660 9.
2640 5604 2664 5638 ‘
2704 5605 2849 5660 Gen.
2884 5606 3120 5676 xux,i9.
3197 5603 3219 5637 ⁵
3260 5603 3466 5658 Amos.
3499 5616 3584 5672 ut,
3625 5603 3680 5656 3.
3756 5600 3778 5634 ⁸
3813 5602 3986 5657 Joan.
4029 5614 4089 5670 ιι,
4135 5602 4187 5658 1.

1753 5676 1774 5710 ⁹
1797 5673 1956 5733 Psal.
1982 5691 2170 5740 vaui,
2199 5681 2252 5731 7.
2334 5676 2384 5713 ‘°
2410 5673 2568 5734 Psal.
2593 5692 2649 5749 ν,
2686 5680 2770 5734 10.
2851 5677 2894 5711 ¹¹
2926 5675 3081 5733 Psal.
3104 5691 3242 5741 xxx,
3277 5678 3360 5731 l3.
