  <div class='ocr_page' id='page_1' title='image "/cluster/home/n/w/nwhite01/storage/ocr_20150623/140/nnc1.0046979905/174.png"; bbox 0 0 4480 6430; ppageno 0'>
   <div class='ocr_carea' id='block_1_1' title="bbox 292 388 406 466">
    <p class='ocr_par' dir='ltr' id='par_1_1' title="bbox 292 388 406 466">
     <span class='ocr_line' id='line_1_1' title="bbox 292 388 406 466; baseline 0 0"><span class='ocrx_word' id='word_1_1' title='bbox 292 388 406 466; x_wconf 67' lang='lat'><strong>325</strong></span> 
     </span>
    </p>
   </div>
   <div class='ocr_carea' id='block_1_2' title="bbox 1481 393 2540 466">
    <p class='ocr_par' dir='ltr' id='par_1_2' title="bbox 1481 393 2540 466">
     <span class='ocr_line' id='line_1_2' title="bbox 1481 393 2540 466; baseline -0.002 0"><span class='ocrx_word' id='word_1_2' title='bbox 1481 393 1769 466; x_wconf 72' lang='grc' dir='ltr'>ιιοιιιιιΑ</span> <span class='ocrx_word' id='word_1_3' title='bbox 1799 404 1868 461; x_wconf 84' lang='lat' dir='ltr'><strong>IN</strong></span> <span class='ocrx_word' id='word_1_4' title='bbox 1894 399 2130 460; x_wconf 67' lang='lat' dir='ltr'><strong>suos</strong></span> <span class='ocrx_word' id='word_1_5' title='bbox 2163 393 2540 464; x_wconf 68' lang='lat' dir='ltr'><strong>PALIARUI</strong></span> 
     </span>
    </p>
   </div>
   <div class='ocr_carea' id='block_1_3' title="bbox 3609 417 3713 471">
    <p class='ocr_par' dir='ltr' id='par_1_3' title="bbox 3609 417 3713 471">
     <span class='ocr_line' id='line_1_3' title="bbox 3609 417 3713 471; baseline -0.01 0"><span class='ocrx_word' id='word_1_6' title='bbox 3609 417 3713 471; x_wconf 81' lang='lat'><strong>326</strong></span> 
     </span>
    </p>
   </div>
   <div class='ocr_carea' id='block_1_4' title="bbox 290 522 3714 605">
    <p class='ocr_par' dir='ltr' id='par_1_4' title="bbox 290 522 3714 605">
     <span class='ocr_line' id='line_1_4' title="bbox 290 522 3714 605; baseline 0.001 -16"><span class='ocrx_word' id='word_1_7' title='bbox 290 533 483 589; x_wconf 77' lang='lat' dir='ltr'><strong>fecisti</strong></span> <span class='ocrx_word' id='word_1_8' title='bbox 509 532 809 589; x_wconf 76' lang='lat' dir='ltr'><strong>mirabilia</strong></span> <span class='ocrx_word' id='word_1_9' title='bbox 840 535 906 586; x_wconf 74' lang='grc' dir='ltr'><strong>ι’.</strong></span> <span class='ocrx_word' id='word_1_10' title='bbox 942 534 1097 588; x_wconf 84' lang='lat' dir='ltr'><strong>Sane</strong></span> <span class='ocrx_word' id='word_1_11' title='bbox 1125 531 1371 605; x_wconf 86' lang='lat' dir='ltr'><strong>quidem</strong></span> <span class='ocrx_word' id='word_1_12' title='bbox 1402 532 1718 604; x_wconf 82' lang='lat' dir='ltr'><strong>complura</strong></span> <span class='ocrx_word' id='word_1_13' title='bbox 1747 526 1948 584; x_wconf 88' lang='lat' dir='ltr'><strong>Chris-</strong></span> <span class='ocrx_word' id='word_1_14' title='bbox 1983 528 2032 578; x_wconf 80' lang='grc' dir='ltr'><strong>Α</strong></span> <span class='ocrx_word' id='word_1_15' title='bbox 2066 522 2244 580; x_wconf 90' lang='lat' dir='ltr'><strong>dibus</strong></span> <span class='ocrx_word' id='word_1_16' title='bbox 2264 534 2496 584; x_wconf 88' lang='lat' dir='ltr'><strong>essent:</strong></span> <span class='ocrx_word' id='word_1_17' title='bbox 2521 531 2683 586; x_wconf 88' lang='lat' dir='ltr'><strong>unde</strong></span> <span class='ocrx_word' id='word_1_18' title='bbox 2709 545 2906 604; x_wconf 91' lang='lat' dir='ltr'><strong>neque</strong></span> <span class='ocrx_word' id='word_1_19' title='bbox 2935 532 2995 587; x_wconf 91' lang='lat' dir='ltr'><strong>in</strong></span> <span class='ocrx_word' id='word_1_20' title='bbox 3017 531 3309 589; x_wconf 73' lang='lat' dir='ltr'><strong>cmlorum</strong></span> <span class='ocrx_word' id='word_1_21' title='bbox 3339 549 3596 603; x_wconf 78' lang='lat' dir='ltr'><strong>regnum</strong></span> <span class='ocrx_word' id='word_1_22' title='bbox 3627 537 3714 592; x_wconf 91' lang='lat' dir='ltr'><strong>in-</strong></span> 
     </span>
    </p>
   </div>
   <div class='ocr_carea' id='block_1_5' title="bbox 293 615 1951 692">
    <p class='ocr_par' dir='ltr' id='par_1_5' title="bbox 293 615 1951 692">
     <span class='ocr_line' id='line_1_5' title="bbox 293 615 1951 692; baseline -0.006 -15"><span class='ocrx_word' id='word_1_23' title='bbox 293 628 391 677; x_wconf 85' lang='lat' dir='ltr'><strong>tus</strong></span> <span class='ocrx_word' id='word_1_24' title='bbox 419 621 692 676; x_wconf 81' lang='lat' dir='ltr'><strong>exhibuit</strong></span> <span class='ocrx_word' id='word_1_25' title='bbox 719 620 1045 688; x_wconf 91' lang='lat' dir='ltr'><strong>magniﬁca</strong></span> <span class='ocrx_word' id='word_1_26' title='bbox 1074 635 1280 692; x_wconf 81' lang='lat' dir='ltr'><strong>Opera.</strong></span> <span class='ocrx_word' id='word_1_27' title='bbox 1321 620 1543 690; x_wconf 88' lang='lat' dir='ltr'><strong>quibus</strong></span> <span class='ocrx_word' id='word_1_28' title='bbox 1570 633 1749 673; x_wconf 76' lang='lat' dir='ltr'><strong>sensu</strong></span> <span class='ocrx_word' id='word_1_29' title='bbox 1771 615 1951 670; x_wconf 89' lang='lat' dir='ltr'><strong>desti-</strong></span> 
     </span>
    </p>
   </div>
   <div class='ocr_carea' id='block_1_6' title="bbox 297 702 1950 776">
    <p class='ocr_par' dir='ltr' id='par_1_6' title="bbox 297 702 1950 776">
     <span class='ocr_line' id='line_1_6' title="bbox 297 702 1950 776; baseline -0.005 -13"><span class='ocrx_word' id='word_1_30' title='bbox 297 710 436 764; x_wconf 89' lang='lat' dir='ltr'><strong>tutis</strong></span> <span class='ocrx_word' id='word_1_31' title='bbox 456 709 677 763; x_wconf 69' lang='lat' dir='ltr'><strong>Judaeis</strong></span> <span class='ocrx_word' id='word_1_32' title='bbox 704 725 880 763; x_wconf 92' lang='lat' dir='ltr'><strong>suam</strong></span> <span class='ocrx_word' id='word_1_33' title='bbox 905 708 1283 763; x_wconf 86' lang='lat' dir='ltr'><strong>manifestam</strong></span> <span class='ocrx_word' id='word_1_34' title='bbox 1313 707 1438 762; x_wconf 89' lang='lat' dir='ltr'><strong>ﬁeri</strong></span> <span class='ocrx_word' id='word_1_35' title='bbox 1463 707 1715 776; x_wconf 80' lang='lat' dir='ltr'><strong>gloriam</strong></span> <span class='ocrx_word' id='word_1_36' title='bbox 1738 702 1950 768; x_wconf 86' lang='lat' dir='ltr'><strong>voluit;</strong></span> 
     </span>
    </p>
   </div>
   <div class='ocr_carea' id='block_1_7' title="bbox 295 797 1954 869">
    <p class='ocr_par' dir='ltr' id='par_1_7' title="bbox 295 797 1954 869">
     <span class='ocr_line' id='line_1_7' title="bbox 295 797 1954 869; baseline -0.005 -17"><span class='ocrx_word' id='word_1_37' title='bbox 295 798 642 869; x_wconf 87' lang='lat' dir='ltr'><strong>multosque</strong></span> <span class='ocrx_word' id='word_1_38' title='bbox 669 802 938 852; x_wconf 91' lang='lat' dir='ltr'><strong>mortuos</strong></span> <span class='ocrx_word' id='word_1_39' title='bbox 967 797 1290 864; x_wconf 85' lang='lat' dir='ltr'><strong>suscitavit,</strong></span> <span class='ocrx_word' id='word_1_40' title='bbox 1313 813 1530 867; x_wconf 89' lang='lat' dir='ltr'><strong>nempe</strong></span> <span class='ocrx_word' id='word_1_41' title='bbox 1558 809 1795 850; x_wconf 90' lang='lat' dir='ltr'><strong>servum</strong></span> <span class='ocrx_word' id='word_1_42' title='bbox 1820 806 1954 846; x_wconf 91' lang='lat' dir='ltr'><strong>cen-</strong></span> 
     </span>
    </p>
   </div>
   <div class='ocr_carea' id='block_1_8' title="bbox 296 879 1951 952">
    <p class='ocr_par' dir='ltr' id='par_1_8' title="bbox 296 879 1951 952">
     <span class='ocr_line' id='line_1_8' title="bbox 296 879 1951 952; baseline -0.004 -12"><span class='ocrx_word' id='word_1_43' title='bbox 296 887 579 952; x_wconf 90' lang='lat' dir='ltr'><strong>turionis,</strong></span> <span class='ocrx_word' id='word_1_44' title='bbox 602 885 713 941; x_wconf 88' lang='lat' dir='ltr'><strong>lari</strong></span> <span class='ocrx_word' id='word_1_45' title='bbox 743 885 949 950; x_wconf 86' lang='lat' dir='ltr'><strong>ﬁliam,</strong></span> <span class='ocrx_word' id='word_1_46' title='bbox 982 885 1181 940; x_wconf 61' lang='lat' dir='ltr'><strong>viduae</strong></span> <span class='ocrx_word' id='word_1_47' title='bbox 1204 885 1449 940; x_wconf 89' lang='lat' dir='ltr'><strong>unicum</strong></span> <span class='ocrx_word' id='word_1_48' title='bbox 1469 885 1680 940; x_wconf 75' lang='lat' dir='ltr'><strong>ﬁlium’.</strong></span> <span class='ocrx_word' id='word_1_49' title='bbox 1710 889 1790 937; x_wconf 79' lang='lat' dir='ltr'><strong>Ac</strong></span> <span class='ocrx_word' id='word_1_50' title='bbox 1820 879 1951 952; x_wconf 89' lang='lat' dir='ltr'><strong>qui-</strong></span> 
     </span>
    </p>
   </div>
   <div class='ocr_carea' id='block_1_9' title="bbox 2063 614 3715 696">
    <p class='ocr_par' dir='ltr' id='par_1_9' title="bbox 2063 614 3715 696">
     <span class='ocr_line' id='line_1_9' title="bbox 2063 614 3715 696; baseline 0.008 -30"><span class='ocrx_word' id='word_1_51' title='bbox 2063 614 2251 679; x_wconf 88' lang='lat' dir='ltr'><strong>gressi</strong></span> <span class='ocrx_word' id='word_1_52' title='bbox 2304 621 2462 674; x_wconf 91' lang='lat' dir='ltr'><strong>sunt.</strong></span> <span class='ocrx_word' id='word_1_53' title='bbox 2535 620 2712 674; x_wconf 84' lang='lat' dir='ltr'><strong>Erant</strong></span> <span class='ocrx_word' id='word_1_54' title='bbox 2764 620 2925 674; x_wconf 90' lang='lat' dir='ltr'><strong>enim</strong></span> <span class='ocrx_word' id='word_1_55' title='bbox 2998 633 3158 675; x_wconf 85' lang='lat' dir='ltr'><strong>utres</strong></span> <span class='ocrx_word' id='word_1_56' title='bbox 3209 626 3441 678; x_wconf 82' lang='lat' dir='ltr'><strong>veteres</strong></span> <span class='ocrx_word' id='word_1_57' title='bbox 3485 639 3556 679; x_wconf 92' lang='lat' dir='ltr'><strong>ac</strong></span> <span class='ocrx_word' id='word_1_58' title='bbox 3603 641 3715 696; x_wconf 91' lang='lat' dir='ltr'><strong>pu-</strong></span> 
     </span>
    </p>
   </div>
   <div class='ocr_carea' id='block_1_10' title="bbox 2062 703 3719 784">
    <p class='ocr_par' dir='ltr' id='par_1_10' title="bbox 2062 703 3719 784">
     <span class='ocr_line' id='line_1_10' title="bbox 2062 703 3719 784; baseline 0.009 -31"><span class='ocrx_word' id='word_1_59' title='bbox 2062 705 2180 754; x_wconf 90' lang='lat' dir='ltr'><strong>tres</strong></span> <span class='ocrx_word' id='word_1_60' title='bbox 2205 703 2275 770; x_wconf 72' lang='grc'><strong>³⁸,</strong></span> <span class='ocrx_word' id='word_1_61' title='bbox 2301 719 2411 758; x_wconf 93' lang='lat' dir='ltr'><strong>nec</strong></span> <span class='ocrx_word' id='word_1_62' title='bbox 2450 706 2654 774; x_wconf 66' lang='lat' dir='ltr'><strong>gratiae</strong></span> <span class='ocrx_word' id='word_1_63' title='bbox 2692 707 2902 761; x_wconf 90' lang='lat' dir='ltr'><strong>vinum</strong></span> <span class='ocrx_word' id='word_1_64' title='bbox 2936 713 3230 780; x_wconf 88' lang='lat' dir='ltr'><strong>tanquam</strong></span> <span class='ocrx_word' id='word_1_65' title='bbox 3258 711 3418 775; x_wconf 90' lang='lat' dir='ltr'><strong>novi,</strong></span> <span class='ocrx_word' id='word_1_66' title='bbox 3444 727 3514 767; x_wconf 91' lang='lat' dir='ltr'><strong>ac</strong></span> <span class='ocrx_word' id='word_1_67' title='bbox 3539 713 3719 784; x_wconf 90' lang='lat' dir='ltr'><strong>Spiri-</strong></span> 
     </span>
    </p>
   </div>
   <div class='ocr_carea' id='block_1_11' title="bbox 2062 793 3720 866">
    <p class='ocr_par' dir='ltr' id='par_1_11' title="bbox 2062 793 3720 866">
     <span class='ocr_line' id='line_1_11' title="bbox 2062 793 3720 866; baseline 0.009 -25"><span class='ocrx_word' id='word_1_68' title='bbox 2062 793 2157 842; x_wconf 89' lang='lat' dir='ltr'><strong>tus</strong></span> <span class='ocrx_word' id='word_1_69' title='bbox 2182 805 2460 861; x_wconf 86' lang='lat' dir='ltr'><strong>capaces,</strong></span> <span class='ocrx_word' id='word_1_70' title='bbox 2483 799 2763 865; x_wconf 85' lang='lat' dir='ltr'><strong>poterant</strong></span> <span class='ocrx_word' id='word_1_71' title='bbox 2792 810 3026 866; x_wconf 90' lang='lat' dir='ltr'><strong>capere.</strong></span> <span class='ocrx_word' id='word_1_72' title='bbox 3059 797 3215 852; x_wconf 88' lang='lat' dir='ltr'><strong>Proh</strong></span> <span class='ocrx_word' id='word_1_73' title='bbox 3240 799 3720 863; x_wconf 72' lang='lat' dir='ltr'><strong>caacitatem,cal-</strong></span> 
     </span>
    </p>
   </div>
   <div class='ocr_carea' id='block_1_12' title="bbox 2061 878 3720 954">
    <p class='ocr_par' dir='ltr' id='par_1_12' title="bbox 2061 878 3720 954">
     <span class='ocr_line' id='line_1_12' title="bbox 2061 878 3720 954; baseline 0.008 -23"><span class='ocrx_word' id='word_1_74' title='bbox 2061 878 2307 949; x_wconf 90' lang='lat' dir='ltr'><strong>lumque</strong></span> <span class='ocrx_word' id='word_1_75' title='bbox 2333 881 2345 934; x_wconf 77' lang='grc' dir='ltr'><strong>ι</strong></span> <span class='ocrx_word' id='word_1_76' title='bbox 2368 882 2644 952; x_wconf 80' lang='lat' dir='ltr'><strong>Cognovit</strong></span> <span class='ocrx_word' id='word_1_77' title='bbox 2674 884 2770 939; x_wconf 83' lang='lat' dir='ltr'><strong>bos</strong></span> <span class='ocrx_word' id='word_1_78' title='bbox 2787 900 3180 954; x_wconf 80' lang='lat' dir='ltr'><strong>possessorem</strong></span> <span class='ocrx_word' id='word_1_79' title='bbox 3202 903 3397 950; x_wconf 87' lang='lat' dir='ltr'><strong>suum,</strong></span> <span class='ocrx_word' id='word_1_80' title='bbox 3426 895 3481 944; x_wconf 87' lang='lat' dir='ltr'><strong>et</strong></span> <span class='ocrx_word' id='word_1_81' title='bbox 3510 891 3720 946; x_wconf 84' lang='lat' dir='ltr'><strong>asinus</strong></span> 
     </span>
    </p>
   </div>
   <div class='ocr_carea' id='block_1_13' title="bbox 297 969 3718 1048">
    <p class='ocr_par' dir='ltr' id='par_1_13' title="bbox 297 969 3718 1048">
     <span class='ocr_line' id='line_1_13' title="bbox 297 969 3718 1048; baseline 0.001 -18"><span class='ocrx_word' id='word_1_82' title='bbox 297 975 442 1030; x_wconf 91' lang='lat' dir='ltr'><strong>dem</strong></span> <span class='ocrx_word' id='word_1_83' title='bbox 473 974 720 1041; x_wconf 89' lang='lat' dir='ltr'><strong>mortui,</strong></span> <span class='ocrx_word' id='word_1_84' title='bbox 747 974 977 1041; x_wconf 89' lang='lat' dir='ltr'><strong>audito,</strong></span> <span class='ocrx_word' id='word_1_85' title='bbox 1004 974 1239 1039; x_wconf 79' lang='lat' dir='ltr'><strong>Puella,</strong></span> <span class='ocrx_word' id='word_1_86' title='bbox 1285 973 1546 1042; x_wconf 73' lang='lat' dir='ltr'><strong>surge&quot;,</strong></span> <span class='ocrx_word' id='word_1_87' title='bbox 1597 978 1674 1042; x_wconf 91' lang='lat' dir='ltr'><strong>et,</strong></span> <span class='ocrx_word' id='word_1_88' title='bbox 1700 971 1953 1025; x_wconf 78' lang='lat' dir='ltr'><strong>Adoles-</strong></span> <span class='ocrx_word' id='word_1_89' title='bbox 2057 980 2316 1037; x_wconf 62' lang='lat' dir='ltr'><strong>pr&#39;wsepe</strong></span> <span class='ocrx_word' id='word_1_90' title='bbox 2344 969 2574 1025; x_wconf 89' lang='lat' dir='ltr'><strong>domini</strong></span> <span class='ocrx_word' id='word_1_91' title='bbox 2596 974 2693 1026; x_wconf 86' lang='lat' dir='ltr'><strong>sui</strong></span> <span class='ocrx_word' id='word_1_92' title='bbox 2722 973 2803 1038; x_wconf 66' lang='lat'><strong>*5;</strong></span> <span class='ocrx_word' id='word_1_93' title='bbox 2840 973 3022 1028; x_wconf 87' lang='lat' dir='ltr'><strong>Israel</strong></span> <span class='ocrx_word' id='word_1_94' title='bbox 3053 979 3254 1030; x_wconf 88' lang='lat' dir='ltr'><strong>autem</strong></span> <span class='ocrx_word' id='word_1_95' title='bbox 3288 977 3507 1048; x_wconf 80' lang='lat' dir='ltr'><strong>Regem</strong></span> <span class='ocrx_word' id='word_1_96' title='bbox 3539 993 3718 1034; x_wconf 90' lang='lat' dir='ltr'><strong>suum</strong></span> 
     </span>
    </p>
   </div>
   <div class='ocr_carea' id='block_1_14' title="bbox 297 1059 1953 1132">
    <p class='ocr_par' dir='ltr' id='par_1_14' title="bbox 297 1059 1953 1132">
     <span class='ocr_line' id='line_1_14' title="bbox 297 1059 1953 1132; baseline -0.004 -13"><span class='ocrx_word' id='word_1_97' title='bbox 297 1080 456 1128; x_wconf 85' lang='lat' dir='ltr'><strong>cens,</strong></span> <span class='ocrx_word' id='word_1_98' title='bbox 483 1063 592 1118; x_wconf 85' lang='lat' dir='ltr'><strong>tibi</strong></span> <span class='ocrx_word' id='word_1_99' title='bbox 612 1064 767 1128; x_wconf 86' lang='lat' dir='ltr'><strong>dico,</strong></span> <span class='ocrx_word' id='word_1_100' title='bbox 800 1065 1062 1132; x_wconf 79' lang='lat' dir='ltr'><strong>surge&quot;.</strong></span> <span class='ocrx_word' id='word_1_101' title='bbox 1094 1062 1408 1117; x_wconf 80' lang='lat' dir='ltr'><strong>confestim</strong></span> <span class='ocrx_word' id='word_1_102' title='bbox 1445 1062 1605 1117; x_wconf 90' lang='lat' dir='ltr'><strong>dicto</strong></span> <span class='ocrx_word' id='word_1_103' title='bbox 1641 1059 1953 1116; x_wconf 88' lang='lat' dir='ltr'><strong>audientes</strong></span> 
     </span>
    </p>
   </div>
   <div class='ocr_carea' id='block_1_15' title="bbox 295 1151 1955 1223">
    <p class='ocr_par' dir='ltr' id='par_1_15' title="bbox 295 1151 1955 1223">
     <span class='ocr_line' id='line_1_15' title="bbox 295 1151 1955 1223; baseline -0.004 -17"><span class='ocrx_word' id='word_1_104' title='bbox 295 1157 488 1216; x_wconf 88' lang='lat' dir='ltr'><strong>erant,</strong></span> <span class='ocrx_word' id='word_1_105' title='bbox 520 1151 848 1223; x_wconf 89' lang='lat' dir='ltr'><strong>lumenque</strong></span> <span class='ocrx_word' id='word_1_106' title='bbox 876 1151 1123 1206; x_wconf 91' lang='lat' dir='ltr'><strong>redivivi</strong></span> <span class='ocrx_word' id='word_1_107' title='bbox 1155 1154 1512 1215; x_wconf 89' lang='lat' dir='ltr'><strong>cernebant;</strong></span> <span class='ocrx_word' id='word_1_108' title='bbox 1545 1151 1604 1205; x_wconf 91' lang='lat' dir='ltr'><strong>hi</strong></span> <span class='ocrx_word' id='word_1_109' title='bbox 1631 1154 1852 1215; x_wconf 84' lang='lat' dir='ltr'><strong>autem,</strong></span> <span class='ocrx_word' id='word_1_110' title='bbox 1879 1161 1955 1201; x_wconf 91' lang='lat' dir='ltr'><strong>ne</strong></span> 
     </span>
    </p>
   </div>
   <div class='ocr_carea' id='block_1_16' title="bbox 300 1238 1954 1311">
    <p class='ocr_par' dir='ltr' id='par_1_16' title="bbox 300 1238 1954 1311">
     <span class='ocr_line' id='line_1_16' title="bbox 300 1238 1954 1311; baseline -0.003 -17"><span class='ocrx_word' id='word_1_111' title='bbox 300 1241 388 1296; x_wconf 90' lang='lat' dir='ltr'><strong>sic</strong></span> <span class='ocrx_word' id='word_1_112' title='bbox 422 1240 672 1311; x_wconf 89' lang='lat' dir='ltr'><strong>quidem</strong></span> <span class='ocrx_word' id='word_1_113' title='bbox 703 1239 970 1294; x_wconf 84' lang='lat' dir='ltr'><strong>videntes</strong></span> <span class='ocrx_word' id='word_1_114' title='bbox 1008 1239 1313 1307; x_wconf 83' lang='lat' dir='ltr'><strong>videbant,</strong></span> <span class='ocrx_word' id='word_1_115' title='bbox 1360 1254 1470 1293; x_wconf 92' lang='lat' dir='ltr'><strong>nec</strong></span> <span class='ocrx_word' id='word_1_116' title='bbox 1503 1238 1815 1293; x_wconf 87' lang='lat' dir='ltr'><strong>audientes</strong></span> <span class='ocrx_word' id='word_1_117' title='bbox 1846 1251 1954 1290; x_wconf 91' lang='lat' dir='ltr'><strong>au-</strong></span> 
     </span>
    </p>
   </div>
   <div class='ocr_carea' id='block_1_17' title="bbox 298 1324 1954 1385">
    <p class='ocr_par' dir='ltr' id='par_1_17' title="bbox 298 1324 1954 1385">
     <span class='ocr_line' id='line_1_17' title="bbox 298 1324 1954 1385; baseline -0.004 0"><span class='ocrx_word' id='word_1_118' title='bbox 298 1329 569 1385; x_wconf 89' lang='lat' dir='ltr'><strong>diebant.</strong></span> <span class='ocrx_word' id='word_1_119' title='bbox 596 1327 821 1384; x_wconf 89' lang='lat' dir='ltr'><strong>ldcirco</strong></span> <span class='ocrx_word' id='word_1_120' title='bbox 843 1329 1024 1383; x_wconf 89' lang='lat' dir='ltr'><strong>etiam</strong></span> <span class='ocrx_word' id='word_1_121' title='bbox 1056 1327 1133 1382; x_wconf 90' lang='lat' dir='ltr'><strong>ad</strong></span> <span class='ocrx_word' id='word_1_122' title='bbox 1165 1332 1500 1382; x_wconf 90' lang='lat' dir='ltr'><strong>extremum</strong></span> <span class='ocrx_word' id='word_1_123' title='bbox 1543 1327 1740 1381; x_wconf 88' lang='lat' dir='ltr'><strong>Lazari</strong></span> <span class='ocrx_word' id='word_1_124' title='bbox 1771 1324 1954 1379; x_wconf 90' lang='lat' dir='ltr'><strong>susci-</strong></span> 
     </span>
    </p>
   </div>
   <div class='ocr_carea' id='block_1_18' title="bbox 300 1415 1956 1489">
    <p class='ocr_par' dir='ltr' id='par_1_18' title="bbox 300 1415 1956 1489">
     <span class='ocr_line' id='line_1_18' title="bbox 300 1415 1956 1489; baseline -0.005 -14"><span class='ocrx_word' id='word_1_125' title='bbox 300 1419 544 1475; x_wconf 89' lang='lat' dir='ltr'><strong>tationis</strong></span> <span class='ocrx_word' id='word_1_126' title='bbox 568 1417 928 1489; x_wconf 90' lang='lat' dir='ltr'><strong>opus,quod</strong></span> <span class='ocrx_word' id='word_1_127' title='bbox 960 1417 1217 1488; x_wconf 90' lang='lat' dir='ltr'><strong>prodigii</strong></span> <span class='ocrx_word' id='word_1_128' title='bbox 1244 1417 1504 1471; x_wconf 88' lang='lat' dir='ltr'><strong>novitate</strong></span> <span class='ocrx_word' id='word_1_129' title='bbox 1522 1421 1738 1470; x_wconf 88' lang='lat' dir='ltr'><strong>cuncta</strong></span> <span class='ocrx_word' id='word_1_130' title='bbox 1760 1415 1956 1468; x_wconf 89' lang='lat' dir='ltr'><strong>vince-</strong></span> 
     </span>
    </p>
   </div>
   <div class='ocr_carea' id='block_1_19' title="bbox 301 1502 1955 1576">
    <p class='ocr_par' dir='ltr' id='par_1_19' title="bbox 301 1502 1955 1576">
     <span class='ocr_line' id='line_1_19' title="bbox 301 1502 1955 1576; baseline -0.003 -14"><span class='ocrx_word' id='word_1_131' title='bbox 301 1513 412 1571; x_wconf 85' lang='lat' dir='ltr'><strong>ret,</strong></span> <span class='ocrx_word' id='word_1_132' title='bbox 453 1522 564 1561; x_wconf 90' lang='lat' dir='ltr'><strong>ceu</strong></span> <span class='ocrx_word' id='word_1_133' title='bbox 595 1506 766 1576; x_wconf 88' lang='lat' dir='ltr'><strong>cujus</strong></span> <span class='ocrx_word' id='word_1_134' title='bbox 795 1506 883 1560; x_wconf 89' lang='lat' dir='ltr'><strong>vis</strong></span> <span class='ocrx_word' id='word_1_135' title='bbox 913 1506 1110 1575; x_wconf 91' lang='lat' dir='ltr'><strong>major</strong></span> <span class='ocrx_word' id='word_1_136' title='bbox 1149 1509 1320 1569; x_wconf 90' lang='lat' dir='ltr'><strong>esset,</strong></span> <span class='ocrx_word' id='word_1_137' title='bbox 1363 1504 1698 1559; x_wconf 87' lang='lat' dir='ltr'><strong>remedium</strong></span> <span class='ocrx_word' id='word_1_138' title='bbox 1743 1502 1955 1557; x_wconf 88' lang='lat' dir='ltr'><strong>admo-</strong></span> 
     </span>
    </p>
   </div>
   <div class='ocr_carea' id='block_1_20' title="bbox 302 1591 1953 1666">
    <p class='ocr_par' dir='ltr' id='par_1_20' title="bbox 302 1591 1953 1666">
     <span class='ocr_line' id='line_1_20' title="bbox 302 1591 1953 1666; baseline -0.002 -17"><span class='ocrx_word' id='word_1_139' title='bbox 302 1595 412 1650; x_wconf 87' lang='lat' dir='ltr'><strong>vit.</strong></span> <span class='ocrx_word' id='word_1_140' title='bbox 444 1598 594 1649; x_wconf 84' lang='lat' dir='ltr'><strong>Nam</strong></span> <span class='ocrx_word' id='word_1_141' title='bbox 620 1594 752 1648; x_wconf 91' lang='lat' dir='ltr'><strong>illos</strong></span> <span class='ocrx_word' id='word_1_142' title='bbox 787 1594 1032 1666; x_wconf 89' lang='lat' dir='ltr'><strong>quidem</strong></span> <span class='ocrx_word' id='word_1_143' title='bbox 1074 1598 1344 1649; x_wconf 91' lang='lat' dir='ltr'><strong>mortuos</strong></span> <span class='ocrx_word' id='word_1_144' title='bbox 1374 1594 1578 1648; x_wconf 91' lang='lat' dir='ltr'><strong>statim</strong></span> <span class='ocrx_word' id='word_1_145' title='bbox 1610 1591 1953 1655; x_wconf 86' lang='lat' dir='ltr'><strong>suscitavit;</strong></span> 
     </span>
    </p>
   </div>
   <div class='ocr_carea' id='block_1_21' title="bbox 299 1681 1959 1754">
    <p class='ocr_par' dir='ltr' id='par_1_21' title="bbox 299 1681 1959 1754">
     <span class='ocr_line' id='line_1_21' title="bbox 299 1681 1959 1754; baseline -0.003 -15"><span class='ocrx_word' id='word_1_146' title='bbox 299 1686 466 1740; x_wconf 90' lang='lat' dir='ltr'><strong>hunc</strong></span> <span class='ocrx_word' id='word_1_147' title='bbox 497 1700 640 1739; x_wconf 91' lang='lat' dir='ltr'><strong>vero</strong></span> <span class='ocrx_word' id='word_1_148' title='bbox 693 1699 832 1738; x_wconf 92' lang='lat' dir='ltr'><strong>cum</strong></span> <span class='ocrx_word' id='word_1_149' title='bbox 882 1684 1005 1750; x_wconf 86' lang='lat' dir='ltr'><strong>iam</strong></span> <span class='ocrx_word' id='word_1_150' title='bbox 1036 1683 1379 1754; x_wconf 89' lang='lat' dir='ltr'><strong>putruisset,</strong></span> <span class='ocrx_word' id='word_1_151' title='bbox 1431 1685 1612 1754; x_wconf 90' lang='lat' dir='ltr'><strong>inque</strong></span> <span class='ocrx_word' id='word_1_152' title='bbox 1663 1681 1959 1736; x_wconf 88' lang='lat' dir='ltr'><strong>elementa</strong></span> 
     </span>
    </p>
   </div>
   <div class='ocr_carea' id='block_1_22' title="bbox 301 1769 1956 1846">
    <p class='ocr_par' dir='ltr' id='par_1_22' title="bbox 301 1769 1956 1846">
     <span class='ocr_line' id='line_1_22' title="bbox 301 1769 1956 1846; baseline -0.002 -18"><span class='ocrx_word' id='word_1_153' title='bbox 301 1773 528 1846; x_wconf 88' lang='lat' dir='ltr'><strong>quibus</strong></span> <span class='ocrx_word' id='word_1_154' title='bbox 557 1777 836 1827; x_wconf 89' lang='lat' dir='ltr'><strong>concreta</strong></span> <span class='ocrx_word' id='word_1_155' title='bbox 883 1772 1150 1843; x_wconf 91' lang='lat' dir='ltr'><strong>corporis</strong></span> <span class='ocrx_word' id='word_1_156' title='bbox 1200 1771 1430 1826; x_wconf 86' lang='lat' dir='ltr'><strong>fabrica</strong></span> <span class='ocrx_word' id='word_1_157' title='bbox 1462 1776 1608 1835; x_wconf 91' lang='lat' dir='ltr'><strong>erat,</strong></span> <span class='ocrx_word' id='word_1_158' title='bbox 1641 1769 1956 1824; x_wconf 88' lang='lat' dir='ltr'><strong>difﬂueret.</strong></span> 
     </span>
    </p>
   </div>
   <div class='ocr_carea' id='block_1_23' title="bbox 2064 1059 3720 1131">
    <p class='ocr_par' dir='ltr' id='par_1_23' title="bbox 2064 1059 3720 1131">
     <span class='ocr_line' id='line_1_23' title="bbox 2064 1059 3720 1131; baseline 0.007 -22"><span class='ocrx_word' id='word_1_159' title='bbox 2064 1069 2186 1109; x_wconf 93' lang='lat' dir='ltr'><strong>non</strong></span> <span class='ocrx_word' id='word_1_160' title='bbox 2211 1060 2510 1125; x_wconf 84' lang='lat' dir='ltr'><strong>cognovit,</strong></span> <span class='ocrx_word' id='word_1_161' title='bbox 2545 1059 2648 1114; x_wconf 90' lang='lat' dir='ltr'><strong>sed</strong></span> <span class='ocrx_word' id='word_1_162' title='bbox 2690 1059 3102 1131; x_wconf 91' lang='lat' dir='ltr'><strong>deprehensus</strong></span> <span class='ocrx_word' id='word_1_163' title='bbox 3158 1068 3247 1118; x_wconf 90' lang='lat' dir='ltr'><strong>est</strong></span> <span class='ocrx_word' id='word_1_164' title='bbox 3274 1063 3427 1119; x_wconf 89' lang='lat' dir='ltr'><strong>bove</strong></span> <span class='ocrx_word' id='word_1_165' title='bbox 3474 1065 3720 1121; x_wconf 91' lang='lat' dir='ltr'><strong>demen-</strong></span> 
     </span>
    </p>
   </div>
   <div class='ocr_carea' id='block_1_24' title="bbox 2065 1143 3712 1220">
    <p class='ocr_par' dir='ltr' id='par_1_24' title="bbox 2065 1143 3712 1220">
     <span class='ocr_line' id='line_1_24' title="bbox 2065 1143 3712 1220; baseline 0.008 -23"><span class='ocrx_word' id='word_1_166' title='bbox 2065 1143 2198 1206; x_wconf 88' lang='lat' dir='ltr'><strong>tior,</strong></span> <span class='ocrx_word' id='word_1_167' title='bbox 2229 1150 2285 1199; x_wconf 91' lang='lat' dir='ltr'><strong>et</strong></span> <span class='ocrx_word' id='word_1_168' title='bbox 2340 1147 2514 1202; x_wconf 90' lang='lat' dir='ltr'><strong>asino</strong></span> <span class='ocrx_word' id='word_1_169' title='bbox 2563 1149 2879 1220; x_wconf 85' lang='lat' dir='ltr'><strong>stupidior,</strong></span> <span class='ocrx_word' id='word_1_170' title='bbox 2925 1151 3348 1220; x_wconf 87' lang='lat' dir='ltr'><strong>cognoscendo</strong></span> <span class='ocrx_word' id='word_1_171' title='bbox 3390 1155 3712 1210; x_wconf 89' lang='lat' dir='ltr'><strong>Dominum</strong></span> 
     </span>
    </p>
   </div>
   <div class='ocr_carea' id='block_1_25' title="bbox 2065 1233 3718 1305">
    <p class='ocr_par' dir='ltr' id='par_1_25' title="bbox 2065 1233 3718 1305">
     <span class='ocr_line' id='line_1_25' title="bbox 2065 1233 3718 1305; baseline 0.009 -22"><span class='ocrx_word' id='word_1_172' title='bbox 2065 1247 2243 1286; x_wconf 92' lang='lat' dir='ltr'><strong>suum</strong></span> <span class='ocrx_word' id='word_1_173' title='bbox 2271 1251 2284 1300; x_wconf 88' lang='lat'><strong>;</strong></span> <span class='ocrx_word' id='word_1_174' title='bbox 2313 1233 2494 1305; x_wconf 85' lang='lat' dir='ltr'><strong>idque</strong></span> <span class='ocrx_word' id='word_1_175' title='bbox 2525 1251 2668 1291; x_wconf 93' lang='lat' dir='ltr'><strong>cum</strong></span> <span class='ocrx_word' id='word_1_176' title='bbox 2691 1237 2948 1292; x_wconf 84' lang='lat' dir='ltr'><strong>infantes</strong></span> <span class='ocrx_word' id='word_1_177' title='bbox 2989 1239 3239 1295; x_wconf 91' lang='lat' dir='ltr'><strong>minime</strong></span> <span class='ocrx_word' id='word_1_178' title='bbox 3269 1239 3491 1296; x_wconf 91' lang='lat' dir='ltr'><strong>bovem</strong></span> <span class='ocrx_word' id='word_1_179' title='bbox 3520 1243 3578 1297; x_wconf 93' lang='lat' dir='ltr'><strong>in</strong></span> <span class='ocrx_word' id='word_1_180' title='bbox 3609 1242 3718 1298; x_wconf 84' lang='lat' dir='ltr'><strong>lin—</strong></span> 
     </span>
    </p>
   </div>
   <div class='ocr_carea' id='block_1_26' title="bbox 2065 1321 3721 1404">
    <p class='ocr_par' dir='ltr' id='par_1_26' title="bbox 2065 1321 3721 1404">
     <span class='ocr_line' id='line_1_26' title="bbox 2065 1321 3721 1404; baseline 0.008 -30"><span class='ocrx_word' id='word_1_181' title='bbox 2065 1336 2186 1388; x_wconf 90' lang='lat' dir='ltr'><strong>gua</strong></span> <span class='ocrx_word' id='word_1_182' title='bbox 2215 1321 2451 1391; x_wconf 89' lang='lat' dir='ltr'><strong>ferrent,</strong></span> <span class='ocrx_word' id='word_1_183' title='bbox 2472 1325 2576 1379; x_wconf 90' lang='lat' dir='ltr'><strong>sed</strong></span> <span class='ocrx_word' id='word_1_184' title='bbox 2600 1325 2821 1395; x_wconf 81' lang='lat' dir='ltr'><strong>Regem</strong></span> <span class='ocrx_word' id='word_1_185' title='bbox 2848 1327 3030 1382; x_wconf 90' lang='lat' dir='ltr'><strong>asello</strong></span> <span class='ocrx_word' id='word_1_186' title='bbox 3060 1328 3721 1404; x_wconf 84' lang='lat' dir='ltr'><strong>insidentem,pompa-</strong></span> 
     </span>
    </p>
   </div>
   <div class='ocr_carea' id='block_1_27' title="bbox 2063 1409 3722 1492">
    <p class='ocr_par' dir='ltr' id='par_1_27' title="bbox 2063 1409 3722 1492">
     <span class='ocr_line' id='line_1_27' title="bbox 2063 1409 3722 1492; baseline 0.008 -30"><span class='ocrx_word' id='word_1_187' title='bbox 2063 1423 2180 1478; x_wconf 91' lang='lat' dir='ltr'><strong>que</strong></span> <span class='ocrx_word' id='word_1_188' title='bbox 2193 1409 2371 1465; x_wconf 89' lang='lat' dir='ltr'><strong>hodie</strong></span> <span class='ocrx_word' id='word_1_189' title='bbox 2383 1413 2828 1483; x_wconf 90' lang='lat' dir='ltr'><strong>procedentem,</strong></span> <span class='ocrx_word' id='word_1_190' title='bbox 2843 1431 2914 1470; x_wconf 92' lang='lat' dir='ltr'><strong>ac</strong></span> <span class='ocrx_word' id='word_1_191' title='bbox 2934 1415 3102 1486; x_wconf 92' lang='lat' dir='ltr'><strong>quod</strong></span> <span class='ocrx_word' id='word_1_192' title='bbox 3126 1417 3268 1472; x_wconf 91' lang='lat' dir='ltr'><strong>olim</strong></span> <span class='ocrx_word' id='word_1_193' title='bbox 3286 1419 3566 1476; x_wconf 88' lang='lat' dir='ltr'><strong>vaticinio</strong></span> <span class='ocrx_word' id='word_1_194' title='bbox 3585 1435 3722 1492; x_wconf 86' lang='lat' dir='ltr'><strong>pro-</strong></span> 
     </span>
    </p>
   </div>
   <div class='ocr_carea' id='block_1_28' title="bbox 2064 1497 3722 1576">
    <p class='ocr_par' dir='ltr' id='par_1_28' title="bbox 2064 1497 3722 1576">
     <span class='ocr_line' id='line_1_28' title="bbox 2064 1497 3722 1576; baseline 0.007 -25"><span class='ocrx_word' id='word_1_195' title='bbox 2064 1497 2256 1552; x_wconf 91' lang='lat' dir='ltr'><strong>ditum</strong></span> <span class='ocrx_word' id='word_1_196' title='bbox 2277 1505 2452 1563; x_wconf 88' lang='lat' dir='ltr'><strong>esset,</strong></span> <span class='ocrx_word' id='word_1_197' title='bbox 2477 1501 2845 1573; x_wconf 84' lang='lat' dir='ltr'><strong>implentem,</strong></span> <span class='ocrx_word' id='word_1_198' title='bbox 2878 1504 3309 1574; x_wconf 73' lang='lat' dir='ltr'><strong>prtedicarent;</strong></span> <span class='ocrx_word' id='word_1_199' title='bbox 3337 1505 3580 1576; x_wconf 87' lang='lat' dir='ltr'><strong>alligare</strong></span> <span class='ocrx_word' id='word_1_200' title='bbox 3612 1508 3722 1563; x_wconf 89' lang='lat' dir='ltr'><strong>sci-</strong></span> 
     </span>
    </p>
   </div>
   <div class='ocr_carea' id='block_1_29' title="bbox 2063 1584 3725 1663">
    <p class='ocr_par' dir='ltr' id='par_1_29' title="bbox 2063 1584 3725 1663">
     <span class='ocr_line' id='line_1_29' title="bbox 2063 1584 3725 1663; baseline 0.007 -25"><span class='ocrx_word' id='word_1_201' title='bbox 2063 1584 2198 1639; x_wconf 89' lang='lat' dir='ltr'><strong>licet</strong></span> <span class='ocrx_word' id='word_1_202' title='bbox 2225 1586 2303 1640; x_wconf 91' lang='lat' dir='ltr'><strong>ad</strong></span> <span class='ocrx_word' id='word_1_203' title='bbox 2323 1587 2506 1642; x_wconf 86' lang='lat' dir='ltr'><strong>vitem</strong></span> <span class='ocrx_word' id='word_1_204' title='bbox 2528 1589 2762 1659; x_wconf 92' lang='lat' dir='ltr'><strong>pullum</strong></span> <span class='ocrx_word' id='word_1_205' title='bbox 2786 1607 2964 1645; x_wconf 89' lang='lat' dir='ltr'><strong>suum</strong></span> <span class='ocrx_word' id='word_1_206' title='bbox 2987 1592 3058 1659; x_wconf 78' lang='grc'><strong>²⁶,</strong></span> <span class='ocrx_word' id='word_1_207' title='bbox 3080 1592 3249 1663; x_wconf 90' lang='lat' dir='ltr'><strong>quod</strong></span> <span class='ocrx_word' id='word_1_208' title='bbox 3269 1601 3381 1660; x_wconf 90' lang='lat' dir='ltr'><strong>est,</strong></span> <span class='ocrx_word' id='word_1_209' title='bbox 3399 1609 3628 1650; x_wconf 93' lang='lat' dir='ltr'><strong>novum</strong></span> <span class='ocrx_word' id='word_1_210' title='bbox 3651 1611 3725 1650; x_wconf 88' lang='lat' dir='ltr'><strong>ex</strong></span> 
     </span>
    </p>
   </div>
   <div class='ocr_carea' id='block_1_30' title="bbox 2065 1674 3726 1753">
    <p class='ocr_par' dir='ltr' id='par_1_30' title="bbox 2065 1674 3726 1753">
     <span class='ocr_line' id='line_1_30' title="bbox 2065 1674 3726 1753; baseline 0.007 -26"><span class='ocrx_word' id='word_1_211' title='bbox 2065 1674 2342 1741; x_wconf 85' lang='lat' dir='ltr'><strong>gentibus</strong></span> <span class='ocrx_word' id='word_1_212' title='bbox 2363 1676 2868 1749; x_wconf 89' lang='lat' dir='ltr'><strong>populum,quem</strong></span> <span class='ocrx_word' id='word_1_213' title='bbox 2891 1680 3153 1735; x_wconf 88' lang='lat' dir='ltr'><strong>necdum</strong></span> <span class='ocrx_word' id='word_1_214' title='bbox 3175 1682 3313 1753; x_wconf 90' lang='lat' dir='ltr'><strong>quis</strong></span> <span class='ocrx_word' id='word_1_215' title='bbox 3332 1683 3482 1752; x_wconf 91' lang='lat' dir='ltr'><strong>jugo</strong></span> <span class='ocrx_word' id='word_1_216' title='bbox 3500 1683 3726 1739; x_wconf 90' lang='lat' dir='ltr'><strong>manci-</strong></span> 
     </span>
    </p>
   </div>
   <div class='ocr_carea' id='block_1_31' title="bbox 2065 1765 3725 1843">
    <p class='ocr_par' dir='ltr' id='par_1_31' title="bbox 2065 1765 3725 1843">
     <span class='ocr_line' id='line_1_31' title="bbox 2065 1765 3725 1843; baseline 0.009 -28"><span class='ocrx_word' id='word_1_217' title='bbox 2065 1769 2256 1834; x_wconf 89' lang='lat' dir='ltr'><strong>parat,</strong></span> <span class='ocrx_word' id='word_1_218' title='bbox 2282 1767 2358 1818; x_wconf 87' lang='lat' dir='ltr'><strong>ad</strong></span> <span class='ocrx_word' id='word_1_219' title='bbox 2390 1765 2570 1820; x_wconf 87' lang='lat' dir='ltr'><strong>vitem</strong></span> <span class='ocrx_word' id='word_1_220' title='bbox 2595 1781 2665 1820; x_wconf 91' lang='lat' dir='ltr'><strong>ex</strong></span> <span class='ocrx_word' id='word_1_221' title='bbox 2699 1770 2954 1839; x_wconf 64' lang='lat' dir='ltr'><strong>ngypto</strong></span> <span class='ocrx_word' id='word_1_222' title='bbox 2973 1769 3332 1825; x_wconf 88' lang='lat' dir='ltr'><strong>translatam</strong></span> <span class='ocrx_word' id='word_1_223' title='bbox 3355 1771 3637 1843; x_wconf 90' lang='lat' dir='ltr'><strong>colligare</strong></span> <span class='ocrx_word' id='word_1_224' title='bbox 3651 1775 3725 1830; x_wconf 76' lang='grc'><strong>⁸⁷.</strong></span> 
     </span>
    </p>
   </div>
   <div class='ocr_carea' id='block_1_32' title="bbox 303 1852 3728 1934">
    <p class='ocr_par' dir='ltr' id='par_1_32' title="bbox 303 1852 3728 1934">
     <span class='ocr_line' id='line_1_32' title="bbox 303 1852 3728 1934; baseline -0.002 -16"><span class='ocrx_word' id='word_1_225' title='bbox 303 1868 497 1934; x_wconf 76' lang='lat' dir='ltr'><strong>Atque</strong></span> <span class='ocrx_word' id='word_1_226' title='bbox 542 1861 658 1916; x_wconf 92' lang='lat' dir='ltr'><strong>illic</strong></span> <span class='ocrx_word' id='word_1_227' title='bbox 706 1861 953 1933; x_wconf 89' lang='lat' dir='ltr'><strong>quidem</strong></span> <span class='ocrx_word' id='word_1_228' title='bbox 999 1861 1264 1915; x_wconf 89' lang='lat' dir='ltr'><strong>defuncti</strong></span> <span class='ocrx_word' id='word_1_229' title='bbox 1301 1860 1569 1915; x_wconf 90' lang='lat' dir='ltr'><strong>loculum</strong></span> <span class='ocrx_word' id='word_1_230' title='bbox 1625 1859 1832 1927; x_wconf 83' lang='lat' dir='ltr'><strong>tetigit,</strong></span> <span class='ocrx_word' id='word_1_231' title='bbox 1888 1873 1958 1913; x_wconf 90' lang='lat' dir='ltr'><strong>ac</strong></span> <span class='ocrx_word' id='word_1_232' title='bbox 1990 1867 2034 1919; x_wconf 86' lang='grc' dir='ltr'>Β</span> <span class='ocrx_word' id='word_1_233' title='bbox 2143 1852 2477 1913; x_wconf 76' lang='lat' dir='ltr'><strong>Enimvero,</strong></span> <span class='ocrx_word' id='word_1_234' title='bbox 2511 1869 2721 1910; x_wconf 88' lang='lat' dir='ltr'><strong>eorum</strong></span> <span class='ocrx_word' id='word_1_235' title='bbox 2761 1872 2896 1927; x_wconf 76' lang='lat' dir='ltr'><strong>quae</strong></span> <span class='ocrx_word' id='word_1_236' title='bbox 2951 1859 3238 1928; x_wconf 90' lang='lat' dir='ltr'><strong>mysterio</strong></span> <span class='ocrx_word' id='word_1_237' title='bbox 3285 1860 3514 1928; x_wconf 84' lang='lat' dir='ltr'><strong>insunt,</strong></span> <span class='ocrx_word' id='word_1_238' title='bbox 3552 1861 3728 1917; x_wconf 85' lang='lat' dir='ltr'><strong>mira-</strong></span> 
     </span>
    </p>
   </div>
   <div class='ocr_carea' id='block_1_33' title="bbox 302 1948 1968 2023">
    <p class='ocr_par' dir='ltr' id='par_1_33' title="bbox 302 1948 1968 2023">
     <span class='ocr_line' id='line_1_33' title="bbox 302 1948 1968 2023; baseline -0.004 -17"><span class='ocrx_word' id='word_1_239' title='bbox 302 1950 522 2023; x_wconf 78' lang='lat' dir='ltr'><strong>puellas</strong></span> <span class='ocrx_word' id='word_1_240' title='bbox 555 1966 808 2005; x_wconf 92' lang='lat' dir='ltr'><strong>manum</strong></span> <span class='ocrx_word' id='word_1_241' title='bbox 861 1949 1260 2021; x_wconf 88' lang='lat' dir='ltr'><strong>apprehendit</strong></span> <span class='ocrx_word' id='word_1_242' title='bbox 1289 1949 1364 2003; x_wconf 91' lang='lat' dir='ltr'><strong>ad</strong></span> <span class='ocrx_word' id='word_1_243' title='bbox 1407 1949 1592 2003; x_wconf 92' lang='lat' dir='ltr'><strong>vitam</strong></span> <span class='ocrx_word' id='word_1_244' title='bbox 1623 1948 1968 2002; x_wconf 89' lang='lat' dir='ltr'><strong>instaurans</strong></span> 
     </span>
    </p>
   </div>
   <div class='ocr_carea' id='block_1_34' title="bbox 303 2035 1968 2108">
    <p class='ocr_par' dir='ltr' id='par_1_34' title="bbox 303 2035 1968 2108">
     <span class='ocr_line' id='line_1_34' title="bbox 303 2035 1968 2108; baseline -0.004 -12"><span class='ocrx_word' id='word_1_245' title='bbox 303 2045 590 2096; x_wconf 91' lang='lat' dir='ltr'><strong>contactu</strong></span> <span class='ocrx_word' id='word_1_246' title='bbox 647 2038 864 2092; x_wconf 88' lang='lat' dir='ltr'><strong>viviﬁci</strong></span> <span class='ocrx_word' id='word_1_247' title='bbox 917 2039 1190 2108; x_wconf 89' lang='lat' dir='ltr'><strong>corporis</strong></span> <span class='ocrx_word' id='word_1_248' title='bbox 1228 2055 1240 2092; x_wconf 91' lang='lat'><strong>:</strong></span> <span class='ocrx_word' id='word_1_249' title='bbox 1289 2037 1386 2092; x_wconf 90' lang='lat' dir='ltr'><strong>hic</strong></span> <span class='ocrx_word' id='word_1_250' title='bbox 1431 2042 1631 2092; x_wconf 91' lang='lat' dir='ltr'><strong>autem</strong></span> <span class='ocrx_word' id='word_1_251' title='bbox 1665 2035 1793 2090; x_wconf 90' lang='lat' dir='ltr'><strong>sola</strong></span> <span class='ocrx_word' id='word_1_252' title='bbox 1821 2050 1968 2090; x_wconf 90' lang='lat' dir='ltr'><strong>voce</strong></span> 
     </span>
    </p>
   </div>
   <div class='ocr_carea' id='block_1_35' title="bbox 305 2124 1969 2198">
    <p class='ocr_par' dir='ltr' id='par_1_35' title="bbox 305 2124 1969 2198">
     <span class='ocr_line' id='line_1_35' title="bbox 305 2124 1969 2198; baseline -0.004 -14"><span class='ocrx_word' id='word_1_253' title='bbox 305 2129 494 2184; x_wconf 86' lang='lat' dir='ltr'><strong>vitam</strong></span> <span class='ocrx_word' id='word_1_254' title='bbox 538 2128 862 2198; x_wconf 90' lang='lat' dir='ltr'><strong>reparavit,</strong></span> <span class='ocrx_word' id='word_1_255' title='bbox 912 2143 1056 2182; x_wconf 91' lang='lat' dir='ltr'><strong>voce</strong></span> <span class='ocrx_word' id='word_1_256' title='bbox 1106 2127 1417 2192; x_wconf 91' lang='lat' dir='ltr'><strong>nimirum,</strong></span> <span class='ocrx_word' id='word_1_257' title='bbox 1449 2141 1638 2197; x_wconf 92' lang='lat' dir='ltr'><strong>quam</strong></span> <span class='ocrx_word' id='word_1_258' title='bbox 1682 2124 1969 2178; x_wconf 88' lang='lat' dir='ltr'><strong>Judaicus</strong></span> 
     </span>
    </p>
   </div>
   <div class='ocr_carea' id='block_1_36' title="bbox 304 2213 1966 2290">
    <p class='ocr_par' dir='ltr' id='par_1_36' title="bbox 304 2213 1966 2290">
     <span class='ocr_line' id='line_1_36' title="bbox 304 2213 1966 2290; baseline -0.019 -16"><span class='ocrx_word' id='word_1_259' title='bbox 304 2217 574 2290; x_wconf 90' lang='lat' dir='ltr'><strong>populus</strong></span> <span class='ocrx_word' id='word_1_260' title='bbox 607 2232 731 2271; x_wconf 94' lang='lat' dir='ltr'><strong>non</strong></span> <span class='ocrx_word' id='word_1_261' title='bbox 767 2215 1017 2283; x_wconf 89' lang='lat' dir='ltr'><strong>audivit,</strong></span> <span class='ocrx_word' id='word_1_262' title='bbox 1050 2221 1116 2270; x_wconf 91' lang='lat' dir='ltr'><strong>ut</strong></span> <span class='ocrx_word' id='word_1_263' title='bbox 1163 2231 1341 2287; x_wconf 91' lang='lat' dir='ltr'><strong>quos,</strong></span> <span class='ocrx_word' id='word_1_264' title='bbox 1379 2216 1552 2285; x_wconf 85' lang='lat' dir='ltr'><strong>juxta</strong></span> <span class='ocrx_word' id='word_1_265' title='bbox 1595 2213 1966 2277; x_wconf 54' lang='lat' dir='ltr'><strong>Davidemu’</strong></span> 
     </span>
    </p>
   </div>
   <div class='ocr_carea' id='block_1_37' title="bbox 307 2302 1969 2377">
    <p class='ocr_par' dir='ltr' id='par_1_37' title="bbox 307 2302 1969 2377">
     <span class='ocr_line' id='line_1_37' title="bbox 307 2302 1969 2377; baseline -0.003 -16"><span class='ocrx_word' id='word_1_266' title='bbox 307 2322 476 2362; x_wconf 85' lang='lat' dir='ltr'><strong>mors</strong></span> <span class='ocrx_word' id='word_1_267' title='bbox 509 2311 812 2377; x_wconf 89' lang='lat' dir='ltr'><strong>pasceret;</strong></span> <span class='ocrx_word' id='word_1_268' title='bbox 847 2320 984 2377; x_wconf 67' lang='lat' dir='ltr'><strong>quae</strong></span> <span class='ocrx_word' id='word_1_269' title='bbox 1028 2305 1314 2359; x_wconf 90' lang='lat' dir='ltr'><strong>nimirum</strong></span> <span class='ocrx_word' id='word_1_270' title='bbox 1355 2304 1516 2358; x_wconf 93' lang='lat' dir='ltr'><strong>velut</strong></span> <span class='ocrx_word' id='word_1_271' title='bbox 1553 2319 1720 2370; x_wconf 80' lang='lat' dir='ltr'><strong>oves,</strong></span> <span class='ocrx_word' id='word_1_272' title='bbox 1764 2318 1887 2373; x_wconf 93' lang='lat' dir='ltr'><strong>qua</strong></span> <span class='ocrx_word' id='word_1_273' title='bbox 1932 2302 1969 2356; x_wconf 90' lang='lat' dir='ltr'><strong>ii</strong></span> 
     </span>
    </p>
   </div>
   <div class='ocr_carea' id='block_1_38' title="bbox 310 2393 1972 2464">
    <p class='ocr_par' dir='ltr' id='par_1_38' title="bbox 310 2393 1972 2464">
     <span class='ocr_line' id='line_1_38' title="bbox 310 2393 1972 2464; baseline -0.003 -14"><span class='ocrx_word' id='word_1_274' title='bbox 310 2395 678 2450; x_wconf 90' lang='lat' dir='ltr'><strong>laborabant</strong></span> <span class='ocrx_word' id='word_1_275' title='bbox 705 2394 988 2457; x_wconf 66' lang='lat' dir='ltr'><strong>caecitate,</strong></span> <span class='ocrx_word' id='word_1_276' title='bbox 1017 2393 1075 2447; x_wconf 89' lang='lat' dir='ltr'><strong>in</strong></span> <span class='ocrx_word' id='word_1_277' title='bbox 1108 2393 1340 2447; x_wconf 91' lang='lat' dir='ltr'><strong>inferno</strong></span> <span class='ocrx_word' id='word_1_278' title='bbox 1372 2393 1535 2464; x_wconf 92' lang='lat' dir='ltr'><strong>ipsos</strong></span> <span class='ocrx_word' id='word_1_279' title='bbox 1559 2397 1839 2463; x_wconf 90' lang='lat' dir='ltr'><strong>poneret:</strong></span> <span class='ocrx_word' id='word_1_280' title='bbox 1869 2393 1972 2446; x_wconf 87' lang='lat' dir='ltr'><strong>La-</strong></span> 
     </span>
    </p>
   </div>
   <div class='ocr_carea' id='block_1_39' title="bbox 310 2481 1969 2552">
    <p class='ocr_par' dir='ltr' id='par_1_39' title="bbox 310 2481 1969 2552">
     <span class='ocr_line' id='line_1_39' title="bbox 310 2481 1969 2552; baseline -0.003 -13"><span class='ocrx_word' id='word_1_281' title='bbox 310 2501 491 2540; x_wconf 91' lang='lat' dir='ltr'><strong>zarus</strong></span> <span class='ocrx_word' id='word_1_282' title='bbox 519 2499 658 2538; x_wconf 88' lang='lat' dir='ltr'><strong>vero</strong></span> <span class='ocrx_word' id='word_1_283' title='bbox 699 2488 991 2552; x_wconf 90' lang='lat' dir='ltr'><strong>tanquam</strong></span> <span class='ocrx_word' id='word_1_284' title='bbox 1023 2481 1153 2536; x_wconf 90' lang='lat' dir='ltr'><strong>ovis</strong></span> <span class='ocrx_word' id='word_1_285' title='bbox 1183 2481 1421 2545; x_wconf 90' lang='lat' dir='ltr'><strong>Christi,</strong></span> <span class='ocrx_word' id='word_1_286' title='bbox 1445 2485 1830 2535; x_wconf 86' lang='lat' dir='ltr'><strong>revocantem</strong></span> <span class='ocrx_word' id='word_1_287' title='bbox 1862 2495 1969 2550; x_wconf 93' lang='lat' dir='ltr'><strong>pa-</strong></span> 
     </span>
    </p>
   </div>
   <div class='ocr_carea' id='block_1_40' title="bbox 312 2568 1973 2639">
    <p class='ocr_par' dir='ltr' id='par_1_40' title="bbox 312 2568 1973 2639">
     <span class='ocr_line' id='line_1_40' title="bbox 312 2568 1973 2639; baseline -0.004 -11"><span class='ocrx_word' id='word_1_288' title='bbox 312 2572 493 2628; x_wconf 89' lang='lat' dir='ltr'><strong>storis</strong></span> <span class='ocrx_word' id='word_1_289' title='bbox 526 2587 733 2627; x_wconf 87' lang='lat' dir='ltr'><strong>vocem</strong></span> <span class='ocrx_word' id='word_1_290' title='bbox 754 2571 1074 2626; x_wconf 90' lang='lat' dir='ltr'><strong>confestim</strong></span> <span class='ocrx_word' id='word_1_291' title='bbox 1104 2569 1656 2639; x_wconf 85' lang='lat' dir='ltr'><strong>sensit,infernique</strong></span> <span class='ocrx_word' id='word_1_292' title='bbox 1687 2568 1973 2623; x_wconf 90' lang='lat' dir='ltr'><strong>barathro</strong></span> 
     </span>
    </p>
   </div>
   <div class='ocr_carea' id='block_1_41' title="bbox 311 2657 1974 2728">
    <p class='ocr_par' dir='ltr' id='par_1_41' title="bbox 311 2657 1974 2728">
     <span class='ocr_line' id='line_1_41' title="bbox 311 2657 1974 2728; baseline -0.004 -10"><span class='ocrx_word' id='word_1_293' title='bbox 311 2662 606 2718; x_wconf 84' lang='lat' dir='ltr'><strong>dimissus</strong></span> <span class='ocrx_word' id='word_1_294' title='bbox 621 2661 698 2716; x_wconf 85' lang='lat' dir='ltr'><strong>ad</strong></span> <span class='ocrx_word' id='word_1_295' title='bbox 728 2665 1047 2716; x_wconf 89' lang='lat' dir='ltr'><strong>vocantem</strong></span> <span class='ocrx_word' id='word_1_296' title='bbox 1070 2659 1259 2714; x_wconf 90' lang='lat' dir='ltr'><strong>rediit.</strong></span> <span class='ocrx_word' id='word_1_297' title='bbox 1288 2657 1580 2728; x_wconf 88' lang='lat' dir='ltr'><strong>Quodque</strong></span> <span class='ocrx_word' id='word_1_298' title='bbox 1606 2660 1828 2712; x_wconf 88' lang='lat' dir='ltr'><strong>Mosem</strong></span> <span class='ocrx_word' id='word_1_299' title='bbox 1846 2658 1974 2728; x_wconf 89' lang='lat' dir='ltr'><strong>qui-</strong></span> 
     </span>
    </p>
   </div>
   <div class='ocr_carea' id='block_1_42' title="bbox 312 2747 1976 2816">
    <p class='ocr_par' dir='ltr' id='par_1_42' title="bbox 312 2747 1976 2816">
     <span class='ocr_line' id='line_1_42' title="bbox 312 2747 1976 2816; baseline -0.004 -11"><span class='ocrx_word' id='word_1_300' title='bbox 312 2751 458 2806; x_wconf 90' lang='lat' dir='ltr'><strong>dem</strong></span> <span class='ocrx_word' id='word_1_301' title='bbox 509 2766 570 2803; x_wconf 89' lang='lat' dir='ltr'><strong>se</strong></span> <span class='ocrx_word' id='word_1_302' title='bbox 622 2748 792 2816; x_wconf 84' lang='lat' dir='ltr'><strong>scire,</strong></span> <span class='ocrx_word' id='word_1_303' title='bbox 845 2747 1166 2802; x_wconf 92' lang='lat' dir='ltr'><strong>Dominum</strong></span> <span class='ocrx_word' id='word_1_304' title='bbox 1216 2753 1416 2802; x_wconf 89' lang='lat' dir='ltr'><strong>autem</strong></span> <span class='ocrx_word' id='word_1_305' title='bbox 1455 2747 1682 2800; x_wconf 90' lang='lat' dir='ltr'><strong>nescire</strong></span> <span class='ocrx_word' id='word_1_306' title='bbox 1714 2761 1775 2800; x_wconf 87' lang='lat' dir='ltr'><strong>se</strong></span> <span class='ocrx_word' id='word_1_307' title='bbox 1801 2747 1976 2800; x_wconf 87' lang='lat' dir='ltr'><strong>incir-</strong></span> 
     </span>
    </p>
   </div>
   <div class='ocr_carea' id='block_1_43' title="bbox 316 2834 1976 2905">
    <p class='ocr_par' dir='ltr' id='par_1_43' title="bbox 316 2834 1976 2905">
     <span class='ocr_line' id='line_1_43' title="bbox 316 2834 1976 2905; baseline -0.005 -9"><span class='ocrx_word' id='word_1_308' title='bbox 316 2837 579 2896; x_wconf 90' lang='lat' dir='ltr'><strong>cumcisi</strong></span> <span class='ocrx_word' id='word_1_309' title='bbox 625 2836 1058 2903; x_wconf 79' lang='lat' dir='ltr'><strong>asserebant“,</strong></span> <span class='ocrx_word' id='word_1_310' title='bbox 1091 2835 1471 2890; x_wconf 87' lang='lat' dir='ltr'><strong>manifestius</strong></span> <span class='ocrx_word' id='word_1_311' title='bbox 1503 2836 1767 2905; x_wconf 87' lang='lat' dir='ltr'><strong>seipsum</strong></span> <span class='ocrx_word' id='word_1_312' title='bbox 1797 2834 1976 2889; x_wconf 90' lang='lat' dir='ltr'><strong>hodie</strong></span> 
     </span>
    </p>
   </div>
   <div class='ocr_carea' id='block_1_44' title="bbox 320 2922 1977 2994">
    <p class='ocr_par' dir='ltr' id='par_1_44' title="bbox 320 2922 1977 2994">
     <span class='ocr_line' id='line_1_44' title="bbox 320 2922 1977 2994; baseline -0.004 -11"><span class='ocrx_word' id='word_1_313' title='bbox 320 2925 611 2993; x_wconf 90' lang='lat' dir='ltr'><strong>ostendit,</strong></span> <span class='ocrx_word' id='word_1_314' title='bbox 640 2925 821 2980; x_wconf 89' lang='lat' dir='ltr'><strong>libere</strong></span> <span class='ocrx_word' id='word_1_315' title='bbox 843 2925 1248 2994; x_wconf 88' lang='lat' dir='ltr'><strong>triumphans,</strong></span> <span class='ocrx_word' id='word_1_316' title='bbox 1281 2923 1566 2994; x_wconf 88' lang='lat' dir='ltr'><strong>regioque</strong></span> <span class='ocrx_word' id='word_1_317' title='bbox 1591 2923 1786 2991; x_wconf 90' lang='lat' dir='ltr'><strong>magis</strong></span> <span class='ocrx_word' id='word_1_318' title='bbox 1816 2922 1977 2978; x_wconf 91' lang='lat' dir='ltr'><strong>cultu</strong></span> 
     </span>
    </p>
   </div>
   <div class='ocr_carea' id='block_1_45' title="bbox 313 3011 1976 3088">
    <p class='ocr_par' dir='ltr' id='par_1_45' title="bbox 313 3011 1976 3088">
     <span class='ocr_line' id='line_1_45' title="bbox 313 3011 1976 3088; baseline -0.003 -18"><span class='ocrx_word' id='word_1_319' title='bbox 313 3014 656 3088; x_wconf 89' lang='lat' dir='ltr'><strong>procedens</strong></span> <span class='ocrx_word' id='word_1_320' title='bbox 685 3029 697 3077; x_wconf 89' lang='lat'>;</span> <span class='ocrx_word' id='word_1_321' title='bbox 729 3013 1017 3068; x_wconf 89' lang='lat' dir='ltr'><strong>lactentes</strong></span> <span class='ocrx_word' id='word_1_322' title='bbox 1040 3013 1301 3084; x_wconf 91' lang='lat' dir='ltr'><strong>denique</strong></span> <span class='ocrx_word' id='word_1_323' title='bbox 1331 3011 1589 3066; x_wconf 87' lang='lat' dir='ltr'><strong>infantes</strong></span> <span class='ocrx_word' id='word_1_324' title='bbox 1617 3011 1976 3083; x_wconf 89' lang='lat' dir='ltr'><strong>producens,</strong></span> 
     </span>
    </p>
   </div>
   <div class='ocr_carea' id='block_1_46' title="bbox 312 3100 1978 3178">
    <p class='ocr_par' dir='ltr' id='par_1_46' title="bbox 312 3100 1978 3178">
     <span class='ocr_line' id='line_1_46' title="bbox 312 3100 1978 3178; baseline -0.004 -19"><span class='ocrx_word' id='word_1_325' title='bbox 312 3105 422 3178; x_wconf 92' lang='lat' dir='ltr'><strong>qui</strong></span> <span class='ocrx_word' id='word_1_326' title='bbox 449 3103 774 3159; x_wconf 90' lang='lat' dir='ltr'><strong>Dominum</strong></span> <span class='ocrx_word' id='word_1_327' title='bbox 803 3119 980 3157; x_wconf 90' lang='lat' dir='ltr'><strong>suum</strong></span> <span class='ocrx_word' id='word_1_328' title='bbox 1022 3106 1374 3170; x_wconf 87' lang='lat' dir='ltr'><strong>agnoscant,</strong></span> <span class='ocrx_word' id='word_1_329' title='bbox 1409 3115 1481 3156; x_wconf 83' lang='lat' dir='ltr'><strong>ac</strong></span> <span class='ocrx_word' id='word_1_330' title='bbox 1510 3105 1688 3155; x_wconf 90' lang='lat' dir='ltr'><strong>testes</strong></span> <span class='ocrx_word' id='word_1_331' title='bbox 1721 3100 1858 3167; x_wconf 90' lang='lat' dir='ltr'><strong>sint,</strong></span> <span class='ocrx_word' id='word_1_332' title='bbox 1890 3100 1978 3172; x_wconf 88' lang='lat' dir='ltr'><strong>ip-</strong></span> 
     </span>
    </p>
   </div>
   <div class='ocr_carea' id='block_1_47' title="bbox 2077 1939 3728 2018">
    <p class='ocr_par' dir='ltr' id='par_1_47' title="bbox 2077 1939 3728 2018">
     <span class='ocr_line' id='line_1_47' title="bbox 2077 1939 3728 2018; baseline 0.007 -24"><span class='ocrx_word' id='word_1_333' title='bbox 2077 1939 2348 1994; x_wconf 92' lang='lat' dir='ltr'><strong>culorum</strong></span> <span class='ocrx_word' id='word_1_334' title='bbox 2381 1942 2502 1996; x_wconf 92' lang='lat' dir='ltr'><strong>vim</strong></span> <span class='ocrx_word' id='word_1_335' title='bbox 2532 1943 2964 2013; x_wconf 90' lang='lat' dir='ltr'><strong>intelligamus;</strong></span> <span class='ocrx_word' id='word_1_336' title='bbox 2999 1946 3146 2016; x_wconf 93' lang='lat' dir='ltr'><strong>quin</strong></span> <span class='ocrx_word' id='word_1_337' title='bbox 3188 1949 3385 2018; x_wconf 90' lang='lat' dir='ltr'><strong>potius</strong></span> <span class='ocrx_word' id='word_1_338' title='bbox 3419 1949 3728 2005; x_wconf 88' lang='lat' dir='ltr'><strong>celebrita-</strong></span> 
     </span>
    </p>
   </div>
   <div class='ocr_carea' id='block_1_48' title="bbox 2077 2027 3731 2103">
    <p class='ocr_par' dir='ltr' id='par_1_48' title="bbox 2077 2027 3731 2103">
     <span class='ocr_line' id='line_1_48' title="bbox 2077 2027 3731 2103; baseline 0.007 -21"><span class='ocrx_word' id='word_1_339' title='bbox 2077 2027 2150 2082; x_wconf 91' lang='lat' dir='ltr'><strong>tis</strong></span> <span class='ocrx_word' id='word_1_340' title='bbox 2182 2029 2472 2084; x_wconf 89' lang='lat' dir='ltr'><strong>miracula</strong></span> <span class='ocrx_word' id='word_1_341' title='bbox 2497 2031 2556 2085; x_wconf 91' lang='lat' dir='ltr'><strong>in</strong></span> <span class='ocrx_word' id='word_1_342' title='bbox 2588 2032 2764 2086; x_wconf 90' lang='lat' dir='ltr'><strong>nobis</strong></span> <span class='ocrx_word' id='word_1_343' title='bbox 2796 2033 2910 2103; x_wconf 90' lang='lat' dir='ltr'><strong>ipsi</strong></span> <span class='ocrx_word' id='word_1_344' title='bbox 2941 2035 3354 2090; x_wconf 88' lang='lat' dir='ltr'><strong>exhibeamus.</strong></span> <span class='ocrx_word' id='word_1_345' title='bbox 3387 2037 3731 2094; x_wconf 86' lang='lat' dir='ltr'><strong>Efﬁciamur</strong></span> 
     </span>
    </p>
   </div>
   <div class='ocr_carea' id='block_1_49' title="bbox 2078 2115 3732 2196">
    <p class='ocr_par' dir='ltr' id='par_1_49' title="bbox 2078 2115 3732 2196">
     <span class='ocr_line' id='line_1_49' title="bbox 2078 2115 3732 2196; baseline 0.009 -28"><span class='ocrx_word' id='word_1_346' title='bbox 2078 2115 2281 2170; x_wconf 84' lang='lat' dir='ltr'><strong>Lazari</strong></span> <span class='ocrx_word' id='word_1_347' title='bbox 2311 2118 2522 2173; x_wconf 83' lang='lat' dir='ltr'><strong>Christi</strong></span> <span class='ocrx_word' id='word_1_348' title='bbox 2544 2120 2718 2175; x_wconf 89' lang='lat' dir='ltr'><strong>amici</strong></span> <span class='ocrx_word' id='word_1_349' title='bbox 2746 2137 2758 2186; x_wconf 91' lang='lat'>;</span> <span class='ocrx_word' id='word_1_350' title='bbox 2795 2137 3029 2177; x_wconf 88' lang='lat' dir='ltr'><strong>sorores</strong></span> <span class='ocrx_word' id='word_1_351' title='bbox 3055 2123 3232 2179; x_wconf 89' lang='lat' dir='ltr'><strong>nobis</strong></span> <span class='ocrx_word' id='word_1_352' title='bbox 3264 2125 3626 2196; x_wconf 85' lang='lat' dir='ltr'><strong>sapientiam</strong></span> <span class='ocrx_word' id='word_1_353' title='bbox 3648 2131 3732 2182; x_wconf 90' lang='lat' dir='ltr'><strong>at-</strong></span> 
     </span>
    </p>
   </div>
   <div class='ocr_carea' id='block_1_50' title="bbox 2076 2206 3732 2285">
    <p class='ocr_par' dir='ltr' id='par_1_50' title="bbox 2076 2206 3732 2285">
     <span class='ocr_line' id='line_1_50' title="bbox 2076 2206 3732 2285; baseline 0.008 -28"><span class='ocrx_word' id='word_1_354' title='bbox 2076 2220 2196 2275; x_wconf 92' lang='lat' dir='ltr'><strong>que</strong></span> <span class='ocrx_word' id='word_1_355' title='bbox 2226 2206 2506 2261; x_wconf 89' lang='lat' dir='ltr'><strong>virtutem</strong></span> <span class='ocrx_word' id='word_1_356' title='bbox 2537 2207 2831 2264; x_wconf 89' lang='lat' dir='ltr'><strong>faciamus</strong></span> <span class='ocrx_word' id='word_1_357' title='bbox 2857 2229 2869 2276; x_wconf 91' lang='lat'><strong>;</strong></span> <span class='ocrx_word' id='word_1_358' title='bbox 2901 2226 2970 2264; x_wconf 94' lang='lat' dir='ltr'><strong>ac</strong></span> <span class='ocrx_word' id='word_1_359' title='bbox 2997 2211 3045 2264; x_wconf 90' lang='lat' dir='ltr'><strong>si</strong></span> <span class='ocrx_word' id='word_1_360' title='bbox 3076 2213 3327 2283; x_wconf 90' lang='lat' dir='ltr'><strong>quando</strong></span> <span class='ocrx_word' id='word_1_361' title='bbox 3359 2213 3520 2269; x_wconf 90' lang='lat' dir='ltr'><strong>velut</strong></span> <span class='ocrx_word' id='word_1_362' title='bbox 3539 2214 3732 2285; x_wconf 86' lang='lat' dir='ltr'><strong>homi-</strong></span> 
     </span>
    </p>
   </div>
   <div class='ocr_carea' id='block_1_51' title="bbox 2079 2293 3733 2367">
    <p class='ocr_par' dir='ltr' id='par_1_51' title="bbox 2079 2293 3733 2367">
     <span class='ocr_line' id='line_1_51' title="bbox 2079 2293 3733 2367; baseline 0.008 -20"><span class='ocrx_word' id='word_1_363' title='bbox 2079 2309 2185 2347; x_wconf 91' lang='lat' dir='ltr'><strong>nes</strong></span> <span class='ocrx_word' id='word_1_364' title='bbox 2216 2293 2506 2350; x_wconf 89' lang='lat' dir='ltr'><strong>inﬁrmari</strong></span> <span class='ocrx_word' id='word_1_365' title='bbox 2537 2297 2866 2367; x_wconf 88' lang='lat' dir='ltr'><strong>contigerit,</strong></span> <span class='ocrx_word' id='word_1_366' title='bbox 2903 2316 3007 2354; x_wconf 90' lang='lat' dir='ltr'><strong>seu</strong></span> <span class='ocrx_word' id='word_1_367' title='bbox 3039 2302 3220 2356; x_wconf 91' lang='lat' dir='ltr'><strong>etiam</strong></span> <span class='ocrx_word' id='word_1_368' title='bbox 3251 2302 3310 2356; x_wconf 95' lang='lat' dir='ltr'><strong>in</strong></span> <span class='ocrx_word' id='word_1_369' title='bbox 3341 2308 3598 2359; x_wconf 92' lang='lat' dir='ltr'><strong>mortem</strong></span> <span class='ocrx_word' id='word_1_370' title='bbox 3628 2304 3733 2360; x_wconf 56' lang='lat' dir='ltr'><strong>ob.</strong></span> 
     </span>
    </p>
   </div>
   <div class='ocr_carea' id='block_1_52' title="bbox 2079 2382 3733 2464">
    <p class='ocr_par' dir='ltr' id='par_1_52' title="bbox 2079 2382 3733 2464">
     <span class='ocr_line' id='line_1_52' title="bbox 2079 2382 3733 2464; baseline 0.008 -28"><span class='ocrx_word' id='word_1_371' title='bbox 2079 2382 2361 2448; x_wconf 89' lang='lat' dir='ltr'><strong>dormire,</strong></span> <span class='ocrx_word' id='word_1_372' title='bbox 2395 2383 2804 2457; x_wconf 90' lang='lat' dir='ltr'><strong>fuerimusque</strong></span> <span class='ocrx_word' id='word_1_373' title='bbox 2835 2393 3125 2460; x_wconf 88' lang='lat' dir='ltr'><strong>tanquam</strong></span> <span class='ocrx_word' id='word_1_374' title='bbox 3156 2391 3213 2444; x_wconf 91' lang='lat' dir='ltr'><strong>in</strong></span> <span class='ocrx_word' id='word_1_375' title='bbox 3246 2406 3432 2463; x_wconf 90' lang='lat' dir='ltr'><strong>specu</strong></span> <span class='ocrx_word' id='word_1_376' title='bbox 3460 2393 3733 2464; x_wconf 89' lang='lat' dir='ltr'><strong>quadam</strong></span> 
     </span>
    </p>
   </div>
   <div class='ocr_carea' id='block_1_53' title="bbox 2081 2472 3733 2552">
    <p class='ocr_par' dir='ltr' id='par_1_53' title="bbox 2081 2472 3733 2552">
     <span class='ocr_line' id='line_1_53' title="bbox 2081 2472 3733 2552; baseline 0.007 -26"><span class='ocrx_word' id='word_1_377' title='bbox 2081 2472 2141 2526; x_wconf 91' lang='lat' dir='ltr'><strong>in</strong></span> <span class='ocrx_word' id='word_1_378' title='bbox 2173 2474 2454 2543; x_wconf 67' lang='lat' dir='ltr'><strong>praesenti</strong></span> <span class='ocrx_word' id='word_1_379' title='bbox 2503 2474 2716 2545; x_wconf 90' lang='lat' dir='ltr'><strong>sepulti</strong></span> <span class='ocrx_word' id='word_1_380' title='bbox 2767 2477 3010 2542; x_wconf 66' lang='lat' dir='ltr'><strong>saeculo,</strong></span> <span class='ocrx_word' id='word_1_381' title='bbox 3051 2478 3259 2545; x_wconf 91' lang='lat' dir='ltr'><strong>aderit,</strong></span> <span class='ocrx_word' id='word_1_382' title='bbox 3302 2481 3408 2552; x_wconf 88' lang='lat' dir='ltr'><strong>qui</strong></span> <span class='ocrx_word' id='word_1_383' title='bbox 3460 2487 3549 2536; x_wconf 90' lang='lat' dir='ltr'><strong>est</strong></span> <span class='ocrx_word' id='word_1_384' title='bbox 3589 2482 3733 2551; x_wconf 89' lang='lat' dir='ltr'><strong>vita,</strong></span> 
     </span>
    </p>
   </div>
   <div class='ocr_carea' id='block_1_54' title="bbox 2083 2561 3736 2634">
    <p class='ocr_par' dir='ltr' id='par_1_54' title="bbox 2083 2561 3736 2634">
     <span class='ocr_line' id='line_1_54' title="bbox 2083 2561 3736 2634; baseline 0.007 -18"><span class='ocrx_word' id='word_1_385' title='bbox 2083 2561 2554 2632; x_wconf 88' lang='lat' dir='ltr'><strong>Christus,magn</strong></span> <span class='ocrx_word' id='word_1_386' title='bbox 2563 2579 2716 2634; x_wconf 91' lang='lat' dir='ltr'><strong>aque</strong></span> <span class='ocrx_word' id='word_1_387' title='bbox 2732 2580 2884 2620; x_wconf 91' lang='lat' dir='ltr'><strong>evan</strong></span> <span class='ocrx_word' id='word_1_388' title='bbox 2893 2566 3219 2634; x_wconf 89' lang='lat' dir='ltr'><strong>gelicorum</strong></span> <span class='ocrx_word' id='word_1_389' title='bbox 3233 2568 3736 2628; x_wconf 91' lang='lat' dir='ltr'><strong>documentorum</strong></span> 
     </span>
    </p>
   </div>
   <div class='ocr_carea' id='block_1_55' title="bbox 2083 2649 3737 2728">
    <p class='ocr_par' dir='ltr' id='par_1_55' title="bbox 2083 2649 3737 2728">
     <span class='ocr_line' id='line_1_55' title="bbox 2083 2649 3737 2728; baseline 0.008 -26"><span class='ocrx_word' id='word_1_390' title='bbox 2083 2666 2228 2704; x_wconf 93' lang='lat' dir='ltr'><strong>voce</strong></span> <span class='ocrx_word' id='word_1_391' title='bbox 2259 2649 2583 2707; x_wconf 88' lang='lat' dir='ltr'><strong>clamabit:</strong></span> <span class='ocrx_word' id='word_1_392' title='bbox 2623 2655 2823 2710; x_wconf 85' lang='lat' dir='ltr'><strong>Venite</strong></span> <span class='ocrx_word' id='word_1_393' title='bbox 2841 2657 3012 2724; x_wconf 84' lang='lat' dir='ltr'><strong>foras</strong></span> <span class='ocrx_word' id='word_1_394' title='bbox 3031 2657 3078 2690; x_wconf 78' lang='grc'><strong>’⁸</strong></span> <span class='ocrx_word' id='word_1_395' title='bbox 3109 2673 3146 2711; x_wconf 94' lang='lat' dir='ltr'><strong>a</strong></span> <span class='ocrx_word' id='word_1_396' title='bbox 3167 2658 3367 2712; x_wconf 70' lang='lat' dir='ltr'><strong>seaculi</strong></span> <span class='ocrx_word' id='word_1_397' title='bbox 3389 2664 3616 2728; x_wconf 91' lang='lat' dir='ltr'><strong>morte;</strong></span> <span class='ocrx_word' id='word_1_398' title='bbox 3649 2665 3737 2716; x_wconf 88' lang='lat' dir='ltr'><strong>at-</strong></span> 
     </span>
    </p>
   </div>
   <div class='ocr_carea' id='block_1_56' title="bbox 2083 2741 3735 2820">
    <p class='ocr_par' dir='ltr' id='par_1_56' title="bbox 2083 2741 3735 2820">
     <span class='ocr_line' id='line_1_56' title="bbox 2083 2741 3735 2820; baseline 0.008 -27"><span class='ocrx_word' id='word_1_399' title='bbox 2083 2756 2202 2810; x_wconf 92' lang='lat' dir='ltr'><strong>que</strong></span> <span class='ocrx_word' id='word_1_400' title='bbox 2225 2747 2288 2795; x_wconf 94' lang='lat' dir='ltr'><strong>ut</strong></span> <span class='ocrx_word' id='word_1_401' title='bbox 2305 2741 2422 2796; x_wconf 92' lang='lat' dir='ltr'><strong>alio</strong></span> <span class='ocrx_word' id='word_1_402' title='bbox 2443 2742 2715 2813; x_wconf 91' lang='lat' dir='ltr'><strong>quodam</strong></span> <span class='ocrx_word' id='word_1_403' title='bbox 2732 2744 2863 2800; x_wconf 91' lang='lat' dir='ltr'><strong>loco</strong></span> <span class='ocrx_word' id='word_1_404' title='bbox 2885 2745 3507 2817; x_wconf 86' lang='lat' dir='ltr'><strong>dicit,Surgiteeamus</strong></span> <span class='ocrx_word' id='word_1_405' title='bbox 3520 2750 3735 2820; x_wconf 73' lang='lat' dir='ltr'><strong>hinc&quot;,</strong></span> 
     </span>
    </p>
   </div>
   <div class='ocr_carea' id='block_1_57' title="bbox 2085 2829 3740 2905">
    <p class='ocr_par' dir='ltr' id='par_1_57' title="bbox 2085 2829 3740 2905">
     <span class='ocr_line' id='line_1_57' title="bbox 2085 2829 3740 2905; baseline 0.007 -22"><span class='ocrx_word' id='word_1_406' title='bbox 2085 2844 2195 2884; x_wconf 91' lang='lat' dir='ltr'><strong>nos</strong></span> <span class='ocrx_word' id='word_1_407' title='bbox 2232 2829 2372 2884; x_wconf 88' lang='lat' dir='ltr'><strong>inde</strong></span> <span class='ocrx_word' id='word_1_408' title='bbox 2421 2831 2803 2902; x_wconf 86' lang='lat' dir='ltr'><strong>transferens,</strong></span> <span class='ocrx_word' id='word_1_409' title='bbox 2839 2840 3018 2905; x_wconf 91' lang='lat' dir='ltr'><strong>atque</strong></span> <span class='ocrx_word' id='word_1_410' title='bbox 3066 2850 3101 2890; x_wconf 90' lang='lat' dir='ltr'><strong>a</strong></span> <span class='ocrx_word' id='word_1_411' title='bbox 3133 2836 3336 2892; x_wconf 65' lang='lat' dir='ltr'><strong>saeculi</strong></span> <span class='ocrx_word' id='word_1_412' title='bbox 3367 2843 3558 2894; x_wconf 89' lang='lat' dir='ltr'><strong>morte</strong></span> <span class='ocrx_word' id='word_1_413' title='bbox 3597 2839 3740 2895; x_wconf 92' lang='lat' dir='ltr'><strong>edu-</strong></span> 
     </span>
    </p>
   </div>
   <div class='ocr_carea' id='block_1_58' title="bbox 2085 2922 3740 3000">
    <p class='ocr_par' dir='ltr' id='par_1_58' title="bbox 2085 2922 3740 3000">
     <span class='ocr_line' id='line_1_58' title="bbox 2085 2922 3740 3000; baseline 0.007 -29"><span class='ocrx_word' id='word_1_414' title='bbox 2085 2932 2227 2972; x_wconf 91' lang='lat' dir='ltr'><strong>cens</strong></span> <span class='ocrx_word' id='word_1_415' title='bbox 2257 2936 2270 2982; x_wconf 87' lang='lat'><strong>;</strong></span> <span class='ocrx_word' id='word_1_416' title='bbox 2305 2934 2375 2973; x_wconf 88' lang='lat' dir='ltr'><strong>ac</strong></span> <span class='ocrx_word' id='word_1_417' title='bbox 2401 2922 2601 2975; x_wconf 88' lang='lat' dir='ltr'><strong>statim</strong></span> <span class='ocrx_word' id='word_1_418' title='bbox 2647 2938 2677 2975; x_wconf 91' lang='lat' dir='ltr'><strong>e</strong></span> <span class='ocrx_word' id='word_1_419' title='bbox 2729 2924 2951 2977; x_wconf 61' lang='lat' dir='ltr'><strong>sarculo</strong></span> <span class='ocrx_word' id='word_1_420' title='bbox 3005 2923 3405 2992; x_wconf 89' lang='lat' dir='ltr'><strong>egrediemur,</strong></span> <span class='ocrx_word' id='word_1_421' title='bbox 3448 2927 3740 3000; x_wconf 87' lang='lat' dir='ltr'><strong>nulloque</strong></span> 
     </span>
    </p>
   </div>
   <div class='ocr_carea' id='block_1_59' title="bbox 2086 3007 3740 3082">
    <p class='ocr_par' dir='ltr' id='par_1_59' title="bbox 2086 3007 3740 3082">
     <span class='ocr_line' id='line_1_59' title="bbox 2086 3007 3740 3082; baseline 0.008 -22"><span class='ocrx_word' id='word_1_422' title='bbox 2086 3007 2440 3076; x_wconf 86' lang='lat' dir='ltr'><strong>prohibente</strong></span> <span class='ocrx_word' id='word_1_423' title='bbox 2463 3009 2542 3064; x_wconf 91' lang='lat' dir='ltr'><strong>ad</strong></span> <span class='ocrx_word' id='word_1_424' title='bbox 2566 3010 2754 3066; x_wconf 89' lang='lat' dir='ltr'><strong>vitam</strong></span> <span class='ocrx_word' id='word_1_425' title='bbox 2783 3011 3213 3082; x_wconf 91' lang='lat' dir='ltr'><strong>procedemus,</strong></span> <span class='ocrx_word' id='word_1_426' title='bbox 3247 3015 3486 3071; x_wconf 88' lang='lat' dir='ltr'><strong>tametsi</strong></span> <span class='ocrx_word' id='word_1_427' title='bbox 3520 3017 3740 3073; x_wconf 86' lang='lat' dir='ltr'><strong>institis</strong></span> 
     </span>
    </p>
   </div>
   <div class='ocr_carea' id='block_1_60' title="bbox 2087 3094 3742 3178">
    <p class='ocr_par' dir='ltr' id='par_1_60' title="bbox 2087 3094 3742 3178">
     <span class='ocr_line' id='line_1_60' title="bbox 2087 3094 3742 3178; baseline 0.008 -29"><span class='ocrx_word' id='word_1_428' title='bbox 2087 3094 2460 3167; x_wconf 88' lang='lat' dir='ltr'><strong>ligari,quod</strong></span> <span class='ocrx_word' id='word_1_429' title='bbox 2485 3098 2745 3154; x_wconf 83' lang='lat' dir='ltr'><strong>maxime</strong></span> <span class='ocrx_word' id='word_1_430' title='bbox 2768 3115 2995 3155; x_wconf 82' lang='lat' dir='ltr'><strong>novum</strong></span> <span class='ocrx_word' id='word_1_431' title='bbox 3025 3117 3095 3156; x_wconf 91' lang='lat' dir='ltr'><strong>ac</strong></span> <span class='ocrx_word' id='word_1_432' title='bbox 3123 3101 3464 3159; x_wconf 91' lang='lat' dir='ltr'><strong>inauditum</strong></span> <span class='ocrx_word' id='word_1_433' title='bbox 3488 3123 3500 3172; x_wconf 91' lang='lat'><strong>;</strong></span> <span class='ocrx_word' id='word_1_434' title='bbox 3520 3120 3742 3178; x_wconf 89' lang='lat' dir='ltr'><strong>nempe</strong></span> 
     </span>
    </p>
   </div>
   <div class='ocr_carea' id='block_1_61' title="bbox 328 3184 3744 3267">
    <p class='ocr_par' dir='ltr' id='par_1_61' title="bbox 328 3184 3744 3267">
     <span class='ocr_line' id='line_1_61' title="bbox 328 3184 3744 3267; baseline 0.001 -19"><span class='ocrx_word' id='word_1_435' title='bbox 328 3209 471 3248; x_wconf 90' lang='lat' dir='ltr'><strong>sum</strong></span> <span class='ocrx_word' id='word_1_436' title='bbox 513 3191 834 3248; x_wconf 90' lang='lat' dir='ltr'><strong>Dominum</strong></span> <span class='ocrx_word' id='word_1_437' title='bbox 885 3207 1013 3246; x_wconf 90' lang='lat' dir='ltr'><strong>esse</strong></span> <span class='ocrx_word' id='word_1_438' title='bbox 1063 3190 1167 3262; x_wconf 91' lang='lat' dir='ltr'><strong>qui</strong></span> <span class='ocrx_word' id='word_1_439' title='bbox 1220 3188 1479 3245; x_wconf 90' lang='lat' dir='ltr'><strong>custodit</strong></span> <span class='ocrx_word' id='word_1_440' title='bbox 1505 3188 1792 3260; x_wconf 89' lang='lat' dir='ltr'><strong>parvulos</strong></span> <span class='ocrx_word' id='word_1_441' title='bbox 1814 3191 1881 3256; x_wconf 75' lang='grc' dir='ltr'>ιτ,</span> <span class='ocrx_word' id='word_1_442' title='bbox 1909 3205 1979 3244; x_wconf 90' lang='lat' dir='ltr'><strong>ac</strong></span> <span class='ocrx_word' id='word_1_443' title='bbox 2010 3214 2050 3267; x_wconf 67' lang='grc' dir='ltr'><strong>ρ</strong></span> <span class='ocrx_word' id='word_1_444' title='bbox 2090 3184 2269 3239; x_wconf 86' lang='lat' dir='ltr'><strong>etiam</strong></span> <span class='ocrx_word' id='word_1_445' title='bbox 2299 3186 2498 3240; x_wconf 90' lang='lat' dir='ltr'><strong>carnis</strong></span> <span class='ocrx_word' id='word_1_446' title='bbox 2549 3187 2804 3243; x_wconf 85' lang='lat' dir='ltr'><strong>vinculis</strong></span> <span class='ocrx_word' id='word_1_447' title='bbox 2857 3190 3121 3245; x_wconf 88' lang='lat' dir='ltr'><strong>astricti:</strong></span> <span class='ocrx_word' id='word_1_448' title='bbox 3152 3191 3230 3246; x_wconf 89' lang='lat' dir='ltr'><strong>ab</strong></span> <span class='ocrx_word' id='word_1_449' title='bbox 3269 3207 3340 3248; x_wconf 92' lang='lat' dir='ltr'><strong>eo</strong></span> <span class='ocrx_word' id='word_1_450' title='bbox 3371 3194 3530 3249; x_wconf 92' lang='lat' dir='ltr'><strong>enim</strong></span> <span class='ocrx_word' id='word_1_451' title='bbox 3575 3194 3744 3266; x_wconf 89' lang='lat' dir='ltr'><strong>quod</strong></span> 
     </span>
    </p>
   </div>
   <div class='ocr_carea' id='block_1_62' title="bbox 327 3276 1983 3353">
    <p class='ocr_par' dir='ltr' id='par_1_62' title="bbox 327 3276 1983 3353">
     <span class='ocr_line' id='line_1_62' title="bbox 327 3276 1983 3353; baseline -0.002 -17"><span class='ocrx_word' id='word_1_452' title='bbox 327 3296 518 3353; x_wconf 90' lang='lat' dir='ltr'><strong>quem</strong></span> <span class='ocrx_word' id='word_1_453' title='bbox 547 3278 737 3336; x_wconf 89' lang='lat' dir='ltr'><strong>David</strong></span> <span class='ocrx_word' id='word_1_454' title='bbox 760 3279 1122 3334; x_wconf 88' lang='lat' dir='ltr'><strong>vaticinatus</strong></span> <span class='ocrx_word' id='word_1_455' title='bbox 1153 3283 1244 3334; x_wconf 91' lang='lat' dir='ltr'><strong>est</strong></span> <span class='ocrx_word' id='word_1_456' title='bbox 1267 3277 1586 3349; x_wconf 88' lang='lat' dir='ltr'><strong>perfecisse</strong></span> <span class='ocrx_word' id='word_1_457' title='bbox 1617 3276 1864 3332; x_wconf 90' lang='lat' dir='ltr'><strong>laudem</strong></span> <span class='ocrx_word' id='word_1_458' title='bbox 1911 3294 1983 3334; x_wconf 91' lang='lat' dir='ltr'><strong>ex</strong></span> 
     </span>
    </p>
   </div>
   <div class='ocr_carea' id='block_1_63' title="bbox 326 3368 1985 3433">
    <p class='ocr_par' dir='ltr' id='par_1_63' title="bbox 326 3368 1985 3433">
     <span class='ocr_line' id='line_1_63' title="bbox 326 3368 1985 3433; baseline -0.002 -6"><span class='ocrx_word' id='word_1_459' title='bbox 326 3387 433 3428; x_wconf 91' lang='lat' dir='ltr'><strong>ore</strong></span> <span class='ocrx_word' id='word_1_460' title='bbox 488 3369 810 3425; x_wconf 89' lang='lat' dir='ltr'><strong>infantium</strong></span> <span class='ocrx_word' id='word_1_461' title='bbox 864 3374 921 3424; x_wconf 92' lang='lat' dir='ltr'><strong>et</strong></span> <span class='ocrx_word' id='word_1_462' title='bbox 968 3368 1417 3433; x_wconf 74' lang='lat' dir='ltr'><strong>lactentium”;</strong></span> <span class='ocrx_word' id='word_1_463' title='bbox 1472 3368 1788 3422; x_wconf 90' lang='lat' dir='ltr'><strong>Zacharias</strong></span> <span class='ocrx_word' id='word_1_464' title='bbox 1843 3383 1985 3424; x_wconf 89' lang='lat' dir='ltr'><strong>vero</strong></span> 
     </span>
    </p>
   </div>
   <div class='ocr_carea' id='block_1_64' title="bbox 319 3456 1982 3530">
    <p class='ocr_par' dir='ltr' id='par_1_64' title="bbox 319 3456 1982 3530">
     <span class='ocr_line' id='line_1_64' title="bbox 319 3456 1982 3530; baseline -0.002 -14"><span class='ocrx_word' id='word_1_465' title='bbox 319 3460 522 3517; x_wconf 84' lang='lat' dir='ltr'><strong>Sionis</strong></span> <span class='ocrx_word' id='word_1_466' title='bbox 558 3461 782 3527; x_wconf 82' lang='lat' dir='ltr'><strong>Regem</strong></span> <span class='ocrx_word' id='word_1_467' title='bbox 815 3457 1112 3530; x_wconf 66' lang='lat' dir='ltr'><strong>praedixit,</strong></span> <span class='ocrx_word' id='word_1_468' title='bbox 1136 3461 1527 3512; x_wconf 89' lang='lat' dir='ltr'><strong>mansuetum</strong></span> <span class='ocrx_word' id='word_1_469' title='bbox 1552 3461 1609 3511; x_wconf 89' lang='lat' dir='ltr'><strong>et</strong></span> <span class='ocrx_word' id='word_1_470' title='bbox 1630 3456 1982 3529; x_wconf 90' lang='lat' dir='ltr'><strong>salvantem,</strong></span> 
     </span>
    </p>
   </div>
   <div class='ocr_carea' id='block_1_65' title="bbox 317 3545 1990 3620">
    <p class='ocr_par' dir='ltr' id='par_1_65' title="bbox 317 3545 1990 3620">
     <span class='ocr_line' id='line_1_65' title="bbox 317 3545 1990 3620; baseline -0.002 -15"><span class='ocrx_word' id='word_1_471' title='bbox 317 3565 394 3605; x_wconf 88' lang='lat' dir='ltr'><strong>ac</strong></span> <span class='ocrx_word' id='word_1_472' title='bbox 436 3548 542 3620; x_wconf 90' lang='lat' dir='ltr'><strong>qui</strong></span> <span class='ocrx_word' id='word_1_473' title='bbox 595 3547 785 3603; x_wconf 89' lang='lat' dir='ltr'><strong>asello</strong></span> <span class='ocrx_word' id='word_1_474' title='bbox 834 3547 1087 3602; x_wconf 92' lang='lat' dir='ltr'><strong>vehatur</strong></span> <span class='ocrx_word' id='word_1_475' title='bbox 1115 3549 1181 3599; x_wconf 71' lang='grc' dir='ltr'><strong>η.</strong></span> <span class='ocrx_word' id='word_1_476' title='bbox 1234 3549 1380 3602; x_wconf 89' lang='lat' dir='ltr'><strong>Cum</strong></span> <span class='ocrx_word' id='word_1_477' title='bbox 1431 3545 1589 3600; x_wconf 91' lang='lat' dir='ltr'><strong>enim</strong></span> <span class='ocrx_word' id='word_1_478' title='bbox 1651 3545 1873 3600; x_wconf 77' lang='lat' dir='ltr'><strong>Scribee</strong></span> <span class='ocrx_word' id='word_1_479' title='bbox 1932 3550 1990 3602; x_wconf 91' lang='lat' dir='ltr'><strong>et</strong></span> 
     </span>
    </p>
   </div>
   <div class='ocr_carea' id='block_1_66' title="bbox 321 3633 1986 3706">
    <p class='ocr_par' dir='ltr' id='par_1_66' title="bbox 321 3633 1986 3706">
     <span class='ocr_line' id='line_1_66' title="bbox 321 3633 1986 3706; baseline -0.002 -13"><span class='ocrx_word' id='word_1_480' title='bbox 321 3637 607 3693; x_wconf 74' lang='lat' dir='ltr'><strong>Pharisiei</strong></span> <span class='ocrx_word' id='word_1_481' title='bbox 637 3636 914 3692; x_wconf 91' lang='lat' dir='ltr'><strong>velamen</strong></span> <span class='ocrx_word' id='word_1_482' title='bbox 967 3634 1135 3690; x_wconf 90' lang='lat' dir='ltr'><strong>cordi</strong></span> <span class='ocrx_word' id='word_1_483' title='bbox 1171 3633 1527 3706; x_wconf 89' lang='lat' dir='ltr'><strong>impositum</strong></span> <span class='ocrx_word' id='word_1_484' title='bbox 1560 3635 1630 3699; x_wconf 71' lang='grc' dir='ltr'><strong>³ο,</strong></span> <span class='ocrx_word' id='word_1_485' title='bbox 1663 3633 1813 3690; x_wconf 92' lang='lat' dir='ltr'><strong>dum</strong></span> <span class='ocrx_word' id='word_1_486' title='bbox 1845 3649 1986 3705; x_wconf 89' lang='lat' dir='ltr'><strong>pro-</strong></span> 
     </span>
    </p>
   </div>
   <div class='ocr_carea' id='block_1_67' title="bbox 319 3722 1990 3800">
    <p class='ocr_par' dir='ltr' id='par_1_67' title="bbox 319 3722 1990 3800">
     <span class='ocr_line' id='line_1_67' title="bbox 319 3722 1990 3800; baseline -0.002 -18"><span class='ocrx_word' id='word_1_487' title='bbox 319 3728 522 3800; x_wconf 69' lang='lat' dir='ltr'><strong>phetae</strong></span> <span class='ocrx_word' id='word_1_488' title='bbox 543 3741 614 3782; x_wconf 93' lang='lat' dir='ltr'><strong>ac</strong></span> <span class='ocrx_word' id='word_1_489' title='bbox 637 3727 826 3780; x_wconf 81' lang='lat' dir='ltr'><strong>Moses</strong></span> <span class='ocrx_word' id='word_1_490' title='bbox 843 3723 1445 3794; x_wconf 89' lang='lat' dir='ltr'><strong>leguntur,habeant,</strong></span> <span class='ocrx_word' id='word_1_491' title='bbox 1461 3737 1530 3777; x_wconf 91' lang='lat' dir='ltr'><strong>ac</strong></span> <span class='ocrx_word' id='word_1_492' title='bbox 1543 3722 1773 3778; x_wconf 90' lang='lat' dir='ltr'><strong>clavem</strong></span> <span class='ocrx_word' id='word_1_493' title='bbox 1803 3724 1990 3779; x_wconf 91' lang='lat' dir='ltr'><strong>scien-</strong></span> 
     </span>
    </p>
   </div>
   <div class='ocr_carea' id='block_1_68' title="bbox 321 3812 1992 3886">
    <p class='ocr_par' dir='ltr' id='par_1_68' title="bbox 321 3812 1992 3886">
     <span class='ocr_line' id='line_1_68' title="bbox 321 3812 1992 3886; baseline -0.002 -13"><span class='ocrx_word' id='word_1_494' title='bbox 321 3819 422 3873; x_wconf 71' lang='lat' dir='ltr'><strong>tiae</strong></span> <span class='ocrx_word' id='word_1_495' title='bbox 450 3821 722 3872; x_wconf 87' lang='lat' dir='ltr'><strong>tenentes</strong></span> <span class='ocrx_word' id='word_1_496' title='bbox 753 3813 980 3870; x_wconf 88' lang='lat' dir='ltr'><strong>nedum</strong></span> <span class='ocrx_word' id='word_1_497' title='bbox 1013 3813 1126 3886; x_wconf 91' lang='lat' dir='ltr'><strong>ipsi</strong></span> <span class='ocrx_word' id='word_1_498' title='bbox 1160 3829 1284 3869; x_wconf 90' lang='lat' dir='ltr'><strong>non</strong></span> <span class='ocrx_word' id='word_1_499' title='bbox 1327 3812 1764 3881; x_wconf 87' lang='lat' dir='ltr'><strong>ingrediantur,</strong></span> <span class='ocrx_word' id='word_1_500' title='bbox 1794 3814 1901 3869; x_wconf 91' lang='lat' dir='ltr'><strong>sed</strong></span> <span class='ocrx_word' id='word_1_501' title='bbox 1935 3819 1992 3870; x_wconf 91' lang='lat' dir='ltr'><strong>et</strong></span> 
     </span>
    </p>
   </div>
   <div class='ocr_carea' id='block_1_69' title="bbox 323 3901 1990 3976">
    <p class='ocr_par' dir='ltr' id='par_1_69' title="bbox 323 3901 1990 3976">
     <span class='ocr_line' id='line_1_69' title="bbox 323 3901 1990 3976; baseline -0.002 -15"><span class='ocrx_word' id='word_1_502' title='bbox 323 3905 561 3976; x_wconf 89' lang='lat' dir='ltr'><strong>ingredi</strong></span> <span class='ocrx_word' id='word_1_503' title='bbox 580 3903 849 3960; x_wconf 91' lang='lat' dir='ltr'><strong>volentes</strong></span> <span class='ocrx_word' id='word_1_504' title='bbox 877 3902 1239 3975; x_wconf 86' lang='lat' dir='ltr'><strong>prohibeant</strong></span> <span class='ocrx_word' id='word_1_505' title='bbox 1260 3905 1329 3969; x_wconf 84' lang='grc'><strong>²¹,</strong></span> <span class='ocrx_word' id='word_1_506' title='bbox 1356 3901 1676 3958; x_wconf 90' lang='lat' dir='ltr'><strong>infantium</strong></span> <span class='ocrx_word' id='word_1_507' title='bbox 1699 3918 1825 3969; x_wconf 90' lang='lat' dir='ltr'><strong>ora,</strong></span> <span class='ocrx_word' id='word_1_508' title='bbox 1851 3918 1990 3974; x_wconf 72' lang='lat' dir='ltr'><strong>quae</strong></span> 
     </span>
    </p>
   </div>
   <div class='ocr_carea' id='block_1_70' title="bbox 323 3991 1992 4064">
    <p class='ocr_par' dir='ltr' id='par_1_70' title="bbox 323 3991 1992 4064">
     <span class='ocr_line' id='line_1_70' title="bbox 323 3991 1992 4064; baseline -0.002 -12"><span class='ocrx_word' id='word_1_509' title='bbox 323 3995 402 4052; x_wconf 92' lang='lat' dir='ltr'><strong>de</strong></span> <span class='ocrx_word' id='word_1_510' title='bbox 427 3994 659 4050; x_wconf 84' lang='lat' dir='ltr'><strong>Christo</strong></span> <span class='ocrx_word' id='word_1_511' title='bbox 692 3998 852 4061; x_wconf 91' lang='lat' dir='ltr'><strong>sunt,</strong></span> <span class='ocrx_word' id='word_1_512' title='bbox 881 3992 1180 4048; x_wconf 90' lang='lat' dir='ltr'><strong>vaticiniis</strong></span> <span class='ocrx_word' id='word_1_513' title='bbox 1209 3991 1564 4064; x_wconf 88' lang='lat' dir='ltr'><strong>promendis</strong></span> <span class='ocrx_word' id='word_1_514' title='bbox 1590 3991 1891 4057; x_wconf 90' lang='lat' dir='ltr'><strong>laxantur,</strong></span> <span class='ocrx_word' id='word_1_515' title='bbox 1921 4008 1992 4048; x_wconf 94' lang='lat' dir='ltr'><strong>ac</strong></span> 
     </span>
    </p>
   </div>
   <div class='ocr_carea' id='block_1_71' title="bbox 322 4080 1990 4157">
    <p class='ocr_par' dir='ltr' id='par_1_71' title="bbox 322 4080 1990 4157">
     <span class='ocr_line' id='line_1_71' title="bbox 322 4080 1990 4157; baseline -0.003 -18"><span class='ocrx_word' id='word_1_516' title='bbox 322 4084 551 4157; x_wconf 88' lang='lat' dir='ltr'><strong>quibus</strong></span> <span class='ocrx_word' id='word_1_517' title='bbox 583 4083 807 4152; x_wconf 76' lang='lat' dir='ltr'><strong>linguae</strong></span> <span class='ocrx_word' id='word_1_518' title='bbox 851 4098 996 4136; x_wconf 90' lang='lat' dir='ltr'><strong>usus</strong></span> <span class='ocrx_word' id='word_1_519' title='bbox 1038 4088 1314 4150; x_wconf 88' lang='lat' dir='ltr'><strong>negatus,</strong></span> <span class='ocrx_word' id='word_1_520' title='bbox 1361 4080 1535 4153; x_wconf 92' lang='lat' dir='ltr'><strong>pueri</strong></span> <span class='ocrx_word' id='word_1_521' title='bbox 1565 4080 1990 4148; x_wconf 89' lang='lat' dir='ltr'><strong>balbutientes,</strong></span> 
     </span>
    </p>
   </div>
   <div class='ocr_carea' id='block_1_72' title="bbox 328 4169 1992 4244">
    <p class='ocr_par' dir='ltr' id='par_1_72' title="bbox 328 4169 1992 4244">
     <span class='ocr_line' id='line_1_72' title="bbox 328 4169 1992 4244; baseline -0.002 -14"><span class='ocrx_word' id='word_1_522' title='bbox 328 4173 775 4244; x_wconf 89' lang='lat' dir='ltr'><strong>Scripturarum</strong></span> <span class='ocrx_word' id='word_1_523' title='bbox 793 4171 1056 4228; x_wconf 89' lang='lat' dir='ltr'><strong>obscura</strong></span> <span class='ocrx_word' id='word_1_524' title='bbox 1067 4170 1344 4226; x_wconf 90' lang='lat' dir='ltr'><strong>dilucidis</strong></span> <span class='ocrx_word' id='word_1_525' title='bbox 1354 4171 1503 4225; x_wconf 92' lang='lat' dir='ltr'><strong>sime</strong></span> <span class='ocrx_word' id='word_1_526' title='bbox 1516 4169 1844 4240; x_wconf 89' lang='lat' dir='ltr'><strong>explanant</strong></span> <span class='ocrx_word' id='word_1_527' title='bbox 1860 4190 1872 4237; x_wconf 89' lang='lat'><strong>;</strong></span> <span class='ocrx_word' id='word_1_528' title='bbox 1888 4170 1992 4226; x_wconf 92' lang='lat' dir='ltr'><strong>do-</strong></span> 
     </span>
    </p>
   </div>
   <div class='ocr_carea' id='block_1_73' title="bbox 329 4258 1991 4333">
    <p class='ocr_par' dir='ltr' id='par_1_73' title="bbox 329 4258 1991 4333">
     <span class='ocr_line' id='line_1_73' title="bbox 329 4258 1991 4333; baseline -0.001 -16"><span class='ocrx_word' id='word_1_529' title='bbox 329 4267 591 4333; x_wconf 91' lang='lat' dir='ltr'><strong>centque</strong></span> <span class='ocrx_word' id='word_1_530' title='bbox 638 4260 857 4315; x_wconf 89' lang='lat' dir='ltr'><strong>surdos</strong></span> <span class='ocrx_word' id='word_1_531' title='bbox 902 4264 1206 4330; x_wconf 86' lang='lat' dir='ltr'><strong>parentes,</strong></span> <span class='ocrx_word' id='word_1_532' title='bbox 1254 4275 1324 4314; x_wconf 92' lang='lat' dir='ltr'><strong>ac</strong></span> <span class='ocrx_word' id='word_1_533' title='bbox 1366 4258 1471 4330; x_wconf 90' lang='lat' dir='ltr'><strong>qui</strong></span> <span class='ocrx_word' id='word_1_534' title='bbox 1511 4274 1679 4314; x_wconf 91' lang='lat' dir='ltr'><strong>more</strong></span> <span class='ocrx_word' id='word_1_535' title='bbox 1709 4259 1991 4330; x_wconf 90' lang='lat' dir='ltr'><strong>aspidum</strong></span> 
     </span>
    </p>
   </div>
   <div class='ocr_carea' id='block_1_74' title="bbox 333 4348 1994 4420">
    <p class='ocr_par' dir='ltr' id='par_1_74' title="bbox 333 4348 1994 4420">
     <span class='ocr_line' id='line_1_74' title="bbox 333 4348 1994 4420; baseline -0.001 -13"><span class='ocrx_word' id='word_1_536' title='bbox 333 4366 518 4407; x_wconf 89' lang='lat' dir='ltr'><strong>aures</strong></span> <span class='ocrx_word' id='word_1_537' title='bbox 562 4349 850 4406; x_wconf 89' lang='lat' dir='ltr'><strong>obturant</strong></span> <span class='ocrx_word' id='word_1_538' title='bbox 879 4351 946 4402; x_wconf 77' lang='grc'><strong>³³.</strong></span> <span class='ocrx_word' id='word_1_539' title='bbox 985 4349 1144 4404; x_wconf 87' lang='lat' dir='ltr'><strong>Docti</strong></span> <span class='ocrx_word' id='word_1_540' title='bbox 1179 4364 1215 4403; x_wconf 91' lang='lat' dir='ltr'><strong>a</strong></span> <span class='ocrx_word' id='word_1_541' title='bbox 1246 4351 1366 4404; x_wconf 89' lang='lat' dir='ltr'><strong>Deo</strong></span> <span class='ocrx_word' id='word_1_542' title='bbox 1393 4348 1582 4420; x_wconf 89' lang='lat' dir='ltr'><strong>pueri,</strong></span> <span class='ocrx_word' id='word_1_543' title='bbox 1611 4353 1854 4420; x_wconf 90' lang='lat' dir='ltr'><strong>sumpto</strong></span> <span class='ocrx_word' id='word_1_544' title='bbox 1887 4349 1994 4405; x_wconf 88' lang='lat' dir='ltr'><strong>Da-</strong></span> 
     </span>
    </p>
   </div>
   <div class='ocr_carea' id='block_1_75' title="bbox 326 4437 1992 4509">
    <p class='ocr_par' dir='ltr' id='par_1_75' title="bbox 326 4437 1992 4509">
     <span class='ocr_line' id='line_1_75' title="bbox 326 4437 1992 4509; baseline -0.002 -14"><span class='ocrx_word' id='word_1_545' title='bbox 326 4440 529 4495; x_wconf 84' lang='lat' dir='ltr'><strong>vidico</strong></span> <span class='ocrx_word' id='word_1_546' title='bbox 582 4439 890 4509; x_wconf 87' lang='lat' dir='ltr'><strong>psalterio,</strong></span> <span class='ocrx_word' id='word_1_547' title='bbox 921 4437 1229 4509; x_wconf 89' lang='lat' dir='ltr'><strong>lectisque,</strong></span> <span class='ocrx_word' id='word_1_548' title='bbox 1263 4453 1400 4509; x_wconf 72' lang='lat' dir='ltr'><strong>quae</strong></span> <span class='ocrx_word' id='word_1_549' title='bbox 1452 4437 1570 4492; x_wconf 90' lang='lat' dir='ltr'><strong>sint</strong></span> <span class='ocrx_word' id='word_1_550' title='bbox 1615 4442 1761 4508; x_wconf 89' lang='lat' dir='ltr'><strong>apta</strong></span> <span class='ocrx_word' id='word_1_551' title='bbox 1813 4441 1992 4509; x_wconf 90' lang='lat' dir='ltr'><strong>atque</strong></span> 
     </span>
    </p>
   </div>
   <div class='ocr_carea' id='block_1_76' title="bbox 2093 3274 3745 3352">
    <p class='ocr_par' dir='ltr' id='par_1_76' title="bbox 2093 3274 3745 3352">
     <span class='ocr_line' id='line_1_76' title="bbox 2093 3274 3745 3352; baseline 0.007 -23"><span class='ocrx_word' id='word_1_552' title='bbox 2093 3279 2180 3329; x_wconf 91' lang='lat' dir='ltr'><strong>est</strong></span> <span class='ocrx_word' id='word_1_553' title='bbox 2208 3274 2430 3330; x_wconf 90' lang='lat' dir='ltr'><strong>vincire</strong></span> <span class='ocrx_word' id='word_1_554' title='bbox 2461 3276 2754 3343; x_wconf 88' lang='lat' dir='ltr'><strong>animam,</strong></span> <span class='ocrx_word' id='word_1_555' title='bbox 2782 3279 2984 3334; x_wconf 67' lang='lat' dir='ltr'><strong>Graeca</strong></span> <span class='ocrx_word' id='word_1_556' title='bbox 3014 3294 3162 3335; x_wconf 92' lang='lat' dir='ltr'><strong>voce</strong></span> <span class='ocrx_word' id='word_1_557' title='bbox 3191 3277 3355 3352; x_wconf 78' lang='grc' dir='ltr'><strong>δέμας</strong></span> <span class='ocrx_word' id='word_1_558' title='bbox 3401 3284 3496 3351; x_wconf 88' lang='lat' dir='ltr'><strong>(ac</strong></span> <span class='ocrx_word' id='word_1_559' title='bbox 3541 3284 3586 3338; x_wconf 91' lang='lat' dir='ltr'><strong>si</strong></span> <span class='ocrx_word' id='word_1_560' title='bbox 3621 3283 3745 3339; x_wconf 90' lang='lat' dir='ltr'><strong>vin-</strong></span> 
     </span>
    </p>
   </div>
   <div class='ocr_carea' id='block_1_77' title="bbox 2095 3362 3747 3443">
    <p class='ocr_par' dir='ltr' id='par_1_77' title="bbox 2095 3362 3747 3443">
     <span class='ocr_line' id='line_1_77' title="bbox 2095 3362 3747 3443; baseline 0.008 -27"><span class='ocrx_word' id='word_1_561' title='bbox 2095 3362 2296 3418; x_wconf 91' lang='lat' dir='ltr'><strong>culum</strong></span> <span class='ocrx_word' id='word_1_562' title='bbox 2322 3363 2510 3435; x_wconf 90' lang='lat' dir='ltr'><strong>dicas)</strong></span> <span class='ocrx_word' id='word_1_563' title='bbox 2539 3366 2911 3437; x_wconf 87' lang='lat' dir='ltr'><strong>sapientibus</strong></span> <span class='ocrx_word' id='word_1_564' title='bbox 2937 3384 3159 3440; x_wconf 89' lang='lat' dir='ltr'><strong>corpus</strong></span> <span class='ocrx_word' id='word_1_565' title='bbox 3206 3377 3617 3443; x_wconf 89' lang='lat' dir='ltr'><strong>nuncupatur.</strong></span> <span class='ocrx_word' id='word_1_566' title='bbox 3655 3374 3747 3428; x_wconf 88' lang='lat' dir='ltr'><strong>Ni-</strong></span> 
     </span>
    </p>
   </div>
   <div class='ocr_carea' id='block_1_78' title="bbox 2094 3451 3746 3530">
    <p class='ocr_par' dir='ltr' id='par_1_78' title="bbox 2094 3451 3746 3530">
     <span class='ocr_line' id='line_1_78' title="bbox 2094 3451 3746 3530; baseline 0.008 -25"><span class='ocrx_word' id='word_1_567' title='bbox 2094 3451 2178 3506; x_wconf 91' lang='lat' dir='ltr'><strong>hil</strong></span> <span class='ocrx_word' id='word_1_568' title='bbox 2198 3456 2400 3507; x_wconf 92' lang='lat' dir='ltr'><strong>tamen</strong></span> <span class='ocrx_word' id='word_1_569' title='bbox 2427 3452 2575 3508; x_wconf 89' lang='lat' dir='ltr'><strong>illud</strong></span> <span class='ocrx_word' id='word_1_570' title='bbox 2607 3461 2786 3523; x_wconf 88' lang='lat' dir='ltr'><strong>vetat,</strong></span> <span class='ocrx_word' id='word_1_571' title='bbox 2827 3455 2976 3527; x_wconf 93' lang='lat' dir='ltr'><strong>quin</strong></span> <span class='ocrx_word' id='word_1_572' title='bbox 3005 3457 3220 3513; x_wconf 90' lang='lat' dir='ltr'><strong>mundi</strong></span> <span class='ocrx_word' id='word_1_573' title='bbox 3266 3459 3449 3530; x_wconf 87' lang='lat' dir='ltr'><strong>hujus</strong></span> <span class='ocrx_word' id='word_1_574' title='bbox 3488 3466 3746 3518; x_wconf 92' lang='lat' dir='ltr'><strong>mortem</strong></span> 
     </span>
    </p>
   </div>
   <div class='ocr_carea' id='block_1_79' title="bbox 2097 3539 3749 3612">
    <p class='ocr_par' dir='ltr' id='par_1_79' title="bbox 2097 3539 3749 3612">
     <span class='ocr_line' id='line_1_79' title="bbox 2097 3539 3749 3612; baseline 0.007 -17"><span class='ocrx_word' id='word_1_575' title='bbox 2097 3539 2397 3596; x_wconf 73' lang='lat' dir='ltr'><strong>aﬁerentis</strong></span> <span class='ocrx_word' id='word_1_576' title='bbox 2415 3542 2854 3599; x_wconf 86' lang='lat' dir='ltr'><strong>necessitudine</strong></span> <span class='ocrx_word' id='word_1_577' title='bbox 2871 3545 3411 3612; x_wconf 84' lang='lat' dir='ltr'><strong>excedamus,dum</strong></span> <span class='ocrx_word' id='word_1_578' title='bbox 3427 3548 3625 3604; x_wconf 89' lang='lat' dir='ltr'><strong>solum</strong></span> <span class='ocrx_word' id='word_1_579' title='bbox 3639 3552 3749 3607; x_wconf 92' lang='lat' dir='ltr'><strong>Do-</strong></span> 
     </span>
    </p>
   </div>
   <div class='ocr_carea' id='block_1_80' title="bbox 2097 3629 3751 3709">
    <p class='ocr_par' dir='ltr' id='par_1_80' title="bbox 2097 3629 3751 3709">
     <span class='ocr_line' id='line_1_80' title="bbox 2097 3629 3751 3709; baseline 0.007 -26"><span class='ocrx_word' id='word_1_580' title='bbox 2097 3629 2246 3684; x_wconf 92' lang='lat' dir='ltr'><strong>mini</strong></span> <span class='ocrx_word' id='word_1_581' title='bbox 2298 3645 2510 3685; x_wconf 91' lang='lat' dir='ltr'><strong>vocem</strong></span> <span class='ocrx_word' id='word_1_582' title='bbox 2551 3631 2947 3699; x_wconf 86' lang='lat' dir='ltr'><strong>audierimus,</strong></span> <span class='ocrx_word' id='word_1_583' title='bbox 2993 3638 3173 3706; x_wconf 88' lang='lat' dir='ltr'><strong>atque</strong></span> <span class='ocrx_word' id='word_1_584' title='bbox 3220 3635 3300 3691; x_wconf 90' lang='lat' dir='ltr'><strong>ad</strong></span> <span class='ocrx_word' id='word_1_585' title='bbox 3350 3637 3552 3709; x_wconf 91' lang='lat' dir='ltr'><strong>ipsum</strong></span> <span class='ocrx_word' id='word_1_586' title='bbox 3582 3643 3751 3696; x_wconf 84' lang='lat' dir='ltr'><strong>extra</strong></span> 
     </span>
    </p>
   </div>
   <div class='ocr_carea' id='block_1_81' title="bbox 2098 3720 3754 3793">
    <p class='ocr_par' dir='ltr' id='par_1_81' title="bbox 2098 3720 3754 3793">
     <span class='ocr_line' id='line_1_81' title="bbox 2098 3720 3754 3793; baseline 0.007 -21"><span class='ocrx_word' id='word_1_587' title='bbox 2098 3723 2297 3774; x_wconf 90' lang='lat' dir='ltr'><strong>castra</strong></span> <span class='ocrx_word' id='word_1_588' title='bbox 2325 3734 2638 3788; x_wconf 86' lang='lat' dir='ltr'><strong>exeamus,</strong></span> <span class='ocrx_word' id='word_1_589' title='bbox 2671 3720 2830 3776; x_wconf 86' lang='lat' dir='ltr'><strong>velut</strong></span> <span class='ocrx_word' id='word_1_590' title='bbox 2857 3722 2962 3793; x_wconf 91' lang='lat' dir='ltr'><strong>qui</strong></span> <span class='ocrx_word' id='word_1_591' title='bbox 3016 3729 3364 3780; x_wconf 90' lang='lat' dir='ltr'><strong>manentem</strong></span> <span class='ocrx_word' id='word_1_592' title='bbox 3411 3725 3509 3782; x_wconf 91' lang='lat' dir='ltr'><strong>hic</strong></span> <span class='ocrx_word' id='word_1_593' title='bbox 3553 3725 3754 3783; x_wconf 88' lang='lat' dir='ltr'><strong>civita-</strong></span> 
     </span>
    </p>
   </div>
   <div class='ocr_carea' id='block_1_82' title="bbox 2098 3809 3759 3885">
    <p class='ocr_par' dir='ltr' id='par_1_82' title="bbox 2098 3809 3759 3885">
     <span class='ocr_line' id='line_1_82' title="bbox 2098 3809 3759 3885; baseline 0.007 -23"><span class='ocrx_word' id='word_1_594' title='bbox 2098 3814 2240 3875; x_wconf 92' lang='lat' dir='ltr'><strong>tem,</strong></span> <span class='ocrx_word' id='word_1_595' title='bbox 2273 3814 2338 3864; x_wconf 92' lang='lat' dir='ltr'><strong>ut</strong></span> <span class='ocrx_word' id='word_1_596' title='bbox 2365 3809 2607 3864; x_wconf 90' lang='lat' dir='ltr'><strong>divinus</strong></span> <span class='ocrx_word' id='word_1_597' title='bbox 2637 3812 2958 3882; x_wconf 83' lang='lat' dir='ltr'><strong>Apostolus</strong></span> <span class='ocrx_word' id='word_1_598' title='bbox 3004 3812 3268 3885; x_wconf 89' lang='lat' dir='ltr'><strong>loquitur</strong></span> <span class='ocrx_word' id='word_1_599' title='bbox 3286 3815 3354 3882; x_wconf 78' lang='grc' dir='ltr'><strong>³ο,</strong></span> <span class='ocrx_word' id='word_1_600' title='bbox 3382 3831 3506 3872; x_wconf 91' lang='lat' dir='ltr'><strong>non</strong></span> <span class='ocrx_word' id='word_1_601' title='bbox 3530 3815 3759 3873; x_wconf 87' lang='lat' dir='ltr'><strong>habea-</strong></span> 
     </span>
    </p>
   </div>
   <div class='ocr_carea' id='block_1_83' title="bbox 2099 3898 3756 3974">
    <p class='ocr_par' dir='ltr' id='par_1_83' title="bbox 2099 3898 3756 3974">
     <span class='ocr_line' id='line_1_83' title="bbox 2099 3898 3756 3974; baseline 0.006 -23"><span class='ocrx_word' id='word_1_602' title='bbox 2099 3913 2257 3961; x_wconf 90' lang='lat' dir='ltr'><strong>mus,</strong></span> <span class='ocrx_word' id='word_1_603' title='bbox 2279 3913 2391 3952; x_wconf 90' lang='lat' dir='ltr'><strong>nec</strong></span> <span class='ocrx_word' id='word_1_604' title='bbox 2419 3898 2557 3953; x_wconf 67' lang='lat' dir='ltr'><strong>vita:</strong></span> <span class='ocrx_word' id='word_1_605' title='bbox 2582 3900 2937 3970; x_wconf 70' lang='lat' dir='ltr'><strong>reparandae</strong></span> <span class='ocrx_word' id='word_1_606' title='bbox 2970 3917 3140 3973; x_wconf 91' lang='lat' dir='ltr'><strong>spem</strong></span> <span class='ocrx_word' id='word_1_607' title='bbox 3172 3902 3557 3974; x_wconf 90' lang='lat' dir='ltr'><strong>abjiciamus,</strong></span> <span class='ocrx_word' id='word_1_608' title='bbox 3585 3904 3682 3961; x_wconf 90' lang='lat' dir='ltr'><strong>vel</strong></span> <span class='ocrx_word' id='word_1_609' title='bbox 3706 3905 3756 3962; x_wconf 89' lang='lat' dir='ltr'><strong>si</strong></span> 
     </span>
    </p>
   </div>
   <div class='ocr_carea' id='block_1_84' title="bbox 2098 3986 3756 4065">
    <p class='ocr_par' dir='ltr' id='par_1_84' title="bbox 2098 3986 3756 4065">
     <span class='ocr_line' id='line_1_84' title="bbox 2098 3986 3756 4065; baseline 0.007 -25"><span class='ocrx_word' id='word_1_610' title='bbox 2098 3986 2312 4042; x_wconf 92' lang='lat' dir='ltr'><strong>mundi</strong></span> <span class='ocrx_word' id='word_1_611' title='bbox 2331 3986 2578 4042; x_wconf 89' lang='lat' dir='ltr'><strong>libidine</strong></span> <span class='ocrx_word' id='word_1_612' title='bbox 2600 3988 2990 4059; x_wconf 90' lang='lat' dir='ltr'><strong>quatriduani</strong></span> <span class='ocrx_word' id='word_1_613' title='bbox 3007 3990 3284 4046; x_wconf 86' lang='lat' dir='ltr'><strong>foetemus</strong></span> <span class='ocrx_word' id='word_1_614' title='bbox 3309 4011 3322 4059; x_wconf 94' lang='lat'>;</span> <span class='ocrx_word' id='word_1_615' title='bbox 3341 3993 3448 4065; x_wconf 92' lang='lat' dir='ltr'><strong>qui</strong></span> <span class='ocrx_word' id='word_1_616' title='bbox 3467 3994 3756 4050; x_wconf 90' lang='lat' dir='ltr'><strong>nimirum</strong></span> 
     </span>
    </p>
   </div>
   <div class='ocr_carea' id='block_1_85' title="bbox 2099 4079 3755 4152">
    <p class='ocr_par' dir='ltr' id='par_1_85' title="bbox 2099 4079 3755 4152">
     <span class='ocr_line' id='line_1_85' title="bbox 2099 4079 3755 4152; baseline 0.006 -22"><span class='ocrx_word' id='word_1_617' title='bbox 2099 4082 2361 4147; x_wconf 90' lang='lat' dir='ltr'><strong>quatuor</strong></span> <span class='ocrx_word' id='word_1_618' title='bbox 2382 4082 2606 4146; x_wconf 69' lang='lat' dir='ltr'><strong>estates,</strong></span> <span class='ocrx_word' id='word_1_619' title='bbox 2622 4079 2962 4149; x_wconf 80' lang='lat' dir='ltr'><strong>pueritiam,</strong></span> <span class='ocrx_word' id='word_1_620' title='bbox 2985 4081 3482 4152; x_wconf 90' lang='lat' dir='ltr'><strong>adolescentiam,</strong></span> <span class='ocrx_word' id='word_1_621' title='bbox 3500 4083 3755 4152; x_wconf 89' lang='lat' dir='ltr'><strong>virilem,</strong></span> 
     </span>
    </p>
   </div>
   <div class='ocr_carea' id='block_1_86' title="bbox 2101 4168 3758 4245">
    <p class='ocr_par' dir='ltr' id='par_1_86' title="bbox 2101 4168 3758 4245">
     <span class='ocr_line' id='line_1_86' title="bbox 2101 4168 3758 4245; baseline 0.004 -22"><span class='ocrx_word' id='word_1_622' title='bbox 2101 4182 2171 4223; x_wconf 89' lang='lat' dir='ltr'><strong>ac</strong></span> <span class='ocrx_word' id='word_1_623' title='bbox 2211 4171 2579 4222; x_wconf 89' lang='lat' dir='ltr'><strong>senectutem</strong></span> <span class='ocrx_word' id='word_1_624' title='bbox 2609 4168 2827 4223; x_wconf 90' lang='lat' dir='ltr'><strong>mortui</strong></span> <span class='ocrx_word' id='word_1_625' title='bbox 2853 4171 3180 4239; x_wconf 89' lang='lat' dir='ltr'><strong>egerimus,</strong></span> <span class='ocrx_word' id='word_1_626' title='bbox 3225 4177 3409 4243; x_wconf 90' lang='lat' dir='ltr'><strong>atque</strong></span> <span class='ocrx_word' id='word_1_627' title='bbox 3439 4172 3515 4228; x_wconf 89' lang='lat' dir='ltr'><strong>ad</strong></span> <span class='ocrx_word' id='word_1_628' title='bbox 3559 4172 3758 4245; x_wconf 87' lang='lat' dir='ltr'><strong>ipsam</strong></span> 
     </span>
    </p>
   </div>
   <div class='ocr_carea' id='block_1_87' title="bbox 2100 4254 3759 4333">
    <p class='ocr_par' dir='ltr' id='par_1_87' title="bbox 2100 4254 3759 4333">
     <span class='ocr_line' id='line_1_87' title="bbox 2100 4254 3759 4333; baseline 0.004 -22"><span class='ocrx_word' id='word_1_629' title='bbox 2100 4254 2564 4311; x_wconf 88' lang='lat' dir='ltr'><strong>dissolutionem</strong></span> <span class='ocrx_word' id='word_1_630' title='bbox 2614 4257 3012 4313; x_wconf 90' lang='lat' dir='ltr'><strong>venerimus:</strong></span> <span class='ocrx_word' id='word_1_631' title='bbox 3069 4259 3297 4332; x_wconf 89' lang='lat' dir='ltr'><strong>quippe</strong></span> <span class='ocrx_word' id='word_1_632' title='bbox 3338 4260 3602 4317; x_wconf 87' lang='lat' dir='ltr'><strong>Christus</strong></span> <span class='ocrx_word' id='word_1_633' title='bbox 3652 4261 3759 4333; x_wconf 84' lang='lat' dir='ltr'><strong>qui</strong></span> 
     </span>
    </p>
   </div>
   <div class='ocr_carea' id='block_1_88' title="bbox 2100 4343 3761 4420">
    <p class='ocr_par' dir='ltr' id='par_1_88' title="bbox 2100 4343 3761 4420">
     <span class='ocr_line' id='line_1_88' title="bbox 2100 4343 3761 4420; baseline 0.004 -20"><span class='ocrx_word' id='word_1_634' title='bbox 2100 4343 2319 4400; x_wconf 88' lang='lat' dir='ltr'><strong>mortui</strong></span> <span class='ocrx_word' id='word_1_635' title='bbox 2346 4344 2464 4399; x_wconf 91' lang='lat' dir='ltr'><strong>sint</strong></span> <span class='ocrx_word' id='word_1_636' title='bbox 2487 4343 2719 4400; x_wconf 89' lang='lat' dir='ltr'><strong>delictis</strong></span> <span class='ocrx_word' id='word_1_637' title='bbox 2739 4345 2782 4380; x_wconf 86' lang='grc'><strong>³¹</strong></span> <span class='ocrx_word' id='word_1_638' title='bbox 2815 4347 3106 4403; x_wconf 85' lang='lat' dir='ltr'><strong>suscitare</strong></span> <span class='ocrx_word' id='word_1_639' title='bbox 3137 4348 3321 4404; x_wconf 91' lang='lat' dir='ltr'><strong>novit.</strong></span> <span class='ocrx_word' id='word_1_640' title='bbox 3375 4349 3469 4405; x_wconf 88' lang='lat' dir='ltr'><strong>Ad</strong></span> <span class='ocrx_word' id='word_1_641' title='bbox 3511 4349 3640 4406; x_wconf 58' lang='lat' dir='ltr'><strong>hac</strong></span> <span class='ocrx_word' id='word_1_642' title='bbox 3665 4351 3761 4420; x_wconf 85' lang='lat' dir='ltr'><strong>ju-</strong></span> 
     </span>
    </p>
   </div>
   <div class='ocr_carea' id='block_1_89' title="bbox 2099 4432 3758 4505">
    <p class='ocr_par' dir='ltr' id='par_1_89' title="bbox 2099 4432 3758 4505">
     <span class='ocr_line' id='line_1_89' title="bbox 2099 4432 3758 4505; baseline 0.005 -18"><span class='ocrx_word' id='word_1_643' title='bbox 2099 4433 2286 4488; x_wconf 90' lang='lat' dir='ltr'><strong>menti</strong></span> <span class='ocrx_word' id='word_1_644' title='bbox 2306 4432 2574 4488; x_wconf 91' lang='lat' dir='ltr'><strong>indolem</strong></span> <span class='ocrx_word' id='word_1_645' title='bbox 2608 4433 2775 4505; x_wconf 89' lang='lat' dir='ltr'><strong>apud</strong></span> <span class='ocrx_word' id='word_1_646' title='bbox 2797 4433 3168 4492; x_wconf 90' lang='lat' dir='ltr'><strong>Salvatorem</strong></span> <span class='ocrx_word' id='word_1_647' title='bbox 3203 4436 3428 4493; x_wconf 88' lang='lat' dir='ltr'><strong>Davide</strong></span> <span class='ocrx_word' id='word_1_648' title='bbox 3447 4443 3693 4495; x_wconf 89' lang='lat' dir='ltr'><strong>auctore</strong></span> <span class='ocrx_word' id='word_1_649' title='bbox 3710 4439 3758 4474; x_wconf 76' lang='grc'><strong>³³</strong></span> 
     </span>
    </p>
   </div>
   <div class='ocr_carea' id='block_1_90' title="bbox 327 4522 3760 4622">
    <p class='ocr_par' dir='ltr' id='par_1_90' title="bbox 327 4522 3760 4622">
     <span class='ocr_line' id='line_1_90' title="bbox 327 4522 3760 4622; baseline -0 -37"><span class='ocrx_word' id='word_1_650' title='bbox 327 4533 690 4598; x_wconf 89' lang='lat' dir='ltr'><strong>congruant,</strong></span> <span class='ocrx_word' id='word_1_651' title='bbox 713 4529 843 4598; x_wconf 91' lang='lat' dir='ltr'><strong>ejus</strong></span> <span class='ocrx_word' id='word_1_652' title='bbox 859 4527 1129 4592; x_wconf 89' lang='lat' dir='ltr'><strong>canticis,</strong></span> <span class='ocrx_word' id='word_1_653' title='bbox 1163 4526 1358 4582; x_wconf 91' lang='lat' dir='ltr'><strong>Solem</strong></span> <span class='ocrx_word' id='word_1_654' title='bbox 1375 4525 1621 4596; x_wconf 75' lang='lat' dir='ltr'><strong>justitiie</strong></span> <span class='ocrx_word' id='word_1_655' title='bbox 1651 4525 1992 4597; x_wconf 90' lang='lat' dir='ltr'><strong>aquilarum</strong></span> <span class='ocrx_word' id='word_1_656' title='bbox 2024 4567 2069 4622; x_wconf 67' lang='grc' dir='ltr'><strong>Β</strong></span> <span class='ocrx_word' id='word_1_657' title='bbox 2100 4522 2447 4622; x_wconf 81' lang='lat' dir='ltr'><strong>induamus,</strong></span> <span class='ocrx_word' id='word_1_658' title='bbox 2478 4528 2544 4577; x_wconf 89' lang='lat' dir='ltr'><strong>ut</strong></span> <span class='ocrx_word' id='word_1_659' title='bbox 2573 4538 2800 4594; x_wconf 89' lang='lat' dir='ltr'><strong>pompa</strong></span> <span class='ocrx_word' id='word_1_660' title='bbox 2825 4540 2936 4622; x_wconf 75' lang='lat' dir='ltr'><strong>pro</strong></span> <span class='ocrx_word' id='word_1_661' title='bbox 2967 4525 3470 4622; x_wconf 50' lang='lat' dir='ltr'><strong>nobisadversus</strong></span> <span class='ocrx_word' id='word_1_662' title='bbox 3501 4533 3760 4622; x_wconf 87' lang='lat' dir='ltr'><strong>mortem</strong></span> 
     </span>
    </p>
   </div>
   <div class='ocr_carea' id='block_1_91' title="bbox 325 4614 1986 4687">
    <p class='ocr_par' dir='ltr' id='par_1_91' title="bbox 325 4614 1986 4687">
     <span class='ocr_line' id='line_1_91' title="bbox 325 4614 1986 4687; baseline -0.002 -14"><span class='ocrx_word' id='word_1_663' title='bbox 325 4617 495 4673; x_wconf 87' lang='lat' dir='ltr'><strong>visus</strong></span> <span class='ocrx_word' id='word_1_664' title='bbox 522 4617 801 4673; x_wconf 90' lang='lat' dir='ltr'><strong>acumine</strong></span> <span class='ocrx_word' id='word_1_665' title='bbox 823 4615 979 4672; x_wconf 89' lang='lat' dir='ltr'><strong>clare</strong></span> <span class='ocrx_word' id='word_1_666' title='bbox 1001 4614 1399 4687; x_wconf 89' lang='lat' dir='ltr'><strong>prospiciunt,</strong></span> <span class='ocrx_word' id='word_1_667' title='bbox 1420 4629 1490 4670; x_wconf 89' lang='lat' dir='ltr'><strong>ac</strong></span> <span class='ocrx_word' id='word_1_668' title='bbox 1511 4614 1862 4686; x_wconf 91' lang='lat' dir='ltr'><strong>parentibus</strong></span> <span class='ocrx_word' id='word_1_669' title='bbox 1882 4615 1986 4687; x_wconf 92' lang='lat' dir='ltr'><strong>qui</strong></span> 
     </span>
    </p>
   </div>
   <div class='ocr_carea' id='block_1_92' title="bbox 328 4703 1989 4776">
    <p class='ocr_par' dir='ltr' id='par_1_92' title="bbox 328 4703 1989 4776">
     <span class='ocr_line' id='line_1_92' title="bbox 328 4703 1989 4776; baseline -0.002 -14"><span class='ocrx_word' id='word_1_670' title='bbox 328 4710 508 4763; x_wconf 89' lang='lat' dir='ltr'><strong>acute</strong></span> <span class='ocrx_word' id='word_1_671' title='bbox 539 4720 782 4761; x_wconf 82' lang='lat' dir='ltr'><strong>cernere</strong></span> <span class='ocrx_word' id='word_1_672' title='bbox 828 4704 1039 4769; x_wconf 84' lang='lat' dir='ltr'><strong>nolint,</strong></span> <span class='ocrx_word' id='word_1_673' title='bbox 1072 4719 1184 4759; x_wconf 92' lang='lat' dir='ltr'><strong>nec</strong></span> <span class='ocrx_word' id='word_1_674' title='bbox 1224 4703 1438 4776; x_wconf 64' lang='lat' dir='ltr'><strong>aquilae</strong></span> <span class='ocrx_word' id='word_1_675' title='bbox 1469 4703 1784 4774; x_wconf 87' lang='lat' dir='ltr'><strong>juventute</strong></span> <span class='ocrx_word' id='word_1_676' title='bbox 1813 4719 1989 4760; x_wconf 90' lang='lat' dir='ltr'><strong>reno-</strong></span> 
     </span>
    </p>
   </div>
   <div class='ocr_carea' id='block_1_93' title="bbox 326 4792 1986 4864">
    <p class='ocr_par' dir='ltr' id='par_1_93' title="bbox 326 4792 1986 4864">
     <span class='ocr_line' id='line_1_93' title="bbox 326 4792 1986 4864; baseline -0.001 -14"><span class='ocrx_word' id='word_1_677' title='bbox 326 4800 564 4861; x_wconf 90' lang='lat' dir='ltr'><strong>ventur,</strong></span> <span class='ocrx_word' id='word_1_678' title='bbox 579 4793 685 4849; x_wconf 90' lang='lat' dir='ltr'><strong>sed</strong></span> <span class='ocrx_word' id='word_1_679' title='bbox 703 4793 909 4849; x_wconf 65' lang='lat' dir='ltr'><strong>litterae</strong></span> <span class='ocrx_word' id='word_1_680' title='bbox 930 4797 1227 4849; x_wconf 87' lang='lat' dir='ltr'><strong>vetustate</strong></span> <span class='ocrx_word' id='word_1_681' title='bbox 1249 4794 1585 4862; x_wconf 65' lang='lat' dir='ltr'><strong>caecutiant,</strong></span> <span class='ocrx_word' id='word_1_682' title='bbox 1606 4792 1986 4864; x_wconf 88' lang='lat' dir='ltr'><strong>adaperiunt:</strong></span> 
     </span>
    </p>
   </div>
   <div class='ocr_carea' id='block_1_94' title="bbox 325 4882 1992 4952">
    <p class='ocr_par' dir='ltr' id='par_1_94' title="bbox 325 4882 1992 4952">
     <span class='ocr_line' id='line_1_94' title="bbox 325 4882 1992 4952; baseline 0 -13"><span class='ocrx_word' id='word_1_683' title='bbox 325 4885 650 4946; x_wconf 84' lang='lat' dir='ltr'><strong>Hosanna,</strong></span> <span class='ocrx_word' id='word_1_684' title='bbox 690 4882 890 4951; x_wconf 91' lang='lat' dir='ltr'><strong>aiunt;</strong></span> <span class='ocrx_word' id='word_1_685' title='bbox 933 4882 1293 4938; x_wconf 82' lang='lat' dir='ltr'><strong>Benedictus</strong></span> <span class='ocrx_word' id='word_1_686' title='bbox 1323 4883 1429 4952; x_wconf 86' lang='lat' dir='ltr'><strong>qui</strong></span> <span class='ocrx_word' id='word_1_687' title='bbox 1468 4883 1626 4937; x_wconf 88' lang='lat' dir='ltr'><strong>venit</strong></span> <span class='ocrx_word' id='word_1_688' title='bbox 1661 4883 1723 4936; x_wconf 88' lang='lat' dir='ltr'><strong>in</strong></span> <span class='ocrx_word' id='word_1_689' title='bbox 1753 4883 1992 4939; x_wconf 86' lang='lat' dir='ltr'><strong>nomine</strong></span> 
     </span>
    </p>
   </div>
   <div class='ocr_carea' id='block_1_95' title="bbox 325 4972 1994 5044">
    <p class='ocr_par' dir='ltr' id='par_1_95' title="bbox 325 4972 1994 5044">
     <span class='ocr_line' id='line_1_95' title="bbox 325 4972 1994 5044; baseline -0.001 -14"><span class='ocrx_word' id='word_1_690' title='bbox 325 4975 596 5044; x_wconf 83' lang='lat' dir='ltr'><strong>Domini,</strong></span> <span class='ocrx_word' id='word_1_691' title='bbox 637 4975 758 5029; x_wconf 71' lang='lat' dir='ltr'><strong>Rex</strong></span> <span class='ocrx_word' id='word_1_692' title='bbox 804 4973 999 5029; x_wconf 82' lang='lat' dir='ltr'><strong>Israel</strong></span> <span class='ocrx_word' id='word_1_693' title='bbox 1021 4973 1094 5026; x_wconf 78' lang='grc'><strong>³³.</strong></span> <span class='ocrx_word' id='word_1_694' title='bbox 1123 4972 1235 5027; x_wconf 85' lang='lat' dir='ltr'><strong>Vix</strong></span> <span class='ocrx_word' id='word_1_695' title='bbox 1275 4987 1398 5027; x_wconf 92' lang='lat' dir='ltr'><strong>non</strong></span> <span class='ocrx_word' id='word_1_696' title='bbox 1426 4972 1616 5041; x_wconf 87' lang='lat' dir='ltr'><strong>digito</strong></span> <span class='ocrx_word' id='word_1_697' title='bbox 1653 4976 1994 5029; x_wconf 90' lang='lat' dir='ltr'><strong>monstrant</strong></span> 
     </span>
    </p>
   </div>
   <div class='ocr_carea' id='block_1_96' title="bbox 326 5061 1990 5135">
    <p class='ocr_par' dir='ltr' id='par_1_96' title="bbox 326 5061 1990 5135">
     <span class='ocr_line' id='line_1_96' title="bbox 326 5061 1990 5135; baseline -0.001 -16"><span class='ocrx_word' id='word_1_698' title='bbox 326 5063 632 5129; x_wconf 86' lang='lat' dir='ltr'><strong>infantes,</strong></span> <span class='ocrx_word' id='word_1_699' title='bbox 691 5068 874 5135; x_wconf 91' lang='lat' dir='ltr'><strong>atque</strong></span> <span class='ocrx_word' id='word_1_700' title='bbox 930 5061 1246 5134; x_wconf 90' lang='lat' dir='ltr'><strong>predicant</strong></span> <span class='ocrx_word' id='word_1_701' title='bbox 1301 5061 1495 5117; x_wconf 91' lang='lat' dir='ltr'><strong>Sionis</strong></span> <span class='ocrx_word' id='word_1_702' title='bbox 1562 5064 1782 5131; x_wconf 81' lang='lat' dir='ltr'><strong>Regem</strong></span> <span class='ocrx_word' id='word_1_703' title='bbox 1839 5078 1990 5129; x_wconf 88' lang='lat' dir='ltr'><strong>esse,</strong></span> 
     </span>
    </p>
   </div>
   <div class='ocr_carea' id='block_1_97' title="bbox 325 5151 1995 5210">
    <p class='ocr_par' dir='ltr' id='par_1_97' title="bbox 325 5151 1995 5210">
     <span class='ocr_line' id='line_1_97' title="bbox 325 5151 1995 5210; baseline -0.002 0"><span class='ocrx_word' id='word_1_704' title='bbox 325 5157 728 5210; x_wconf 89' lang='lat' dir='ltr'><strong>mansuetum</strong></span> <span class='ocrx_word' id='word_1_705' title='bbox 748 5151 919 5207; x_wconf 90' lang='lat' dir='ltr'><strong>illum</strong></span> <span class='ocrx_word' id='word_1_706' title='bbox 945 5168 1017 5207; x_wconf 91' lang='lat' dir='ltr'><strong>ac</strong></span> <span class='ocrx_word' id='word_1_707' title='bbox 1049 5151 1406 5207; x_wconf 89' lang='lat' dir='ltr'><strong>salvantem.</strong></span> <span class='ocrx_word' id='word_1_708' title='bbox 1443 5151 1609 5207; x_wconf 93' lang='lat' dir='ltr'><strong>Idem</strong></span> <span class='ocrx_word' id='word_1_709' title='bbox 1641 5151 1803 5207; x_wconf 91' lang='lat' dir='ltr'><strong>enim</strong></span> <span class='ocrx_word' id='word_1_710' title='bbox 1832 5151 1995 5208; x_wconf 90' lang='lat' dir='ltr'><strong>valet</strong></span> 
     </span>
    </p>
   </div>
   <div class='ocr_carea' id='block_1_98' title="bbox 324 5241 1995 5313">
    <p class='ocr_par' dir='ltr' id='par_1_98' title="bbox 324 5241 1995 5313">
     <span class='ocr_line' id='line_1_98' title="bbox 324 5241 1995 5313; baseline -0.002 -12"><span class='ocrx_word' id='word_1_711' title='bbox 324 5245 642 5310; x_wconf 82' lang='lat' dir='ltr'><strong>Hosanna,</strong></span> <span class='ocrx_word' id='word_1_712' title='bbox 673 5258 762 5309; x_wconf 88' lang='lat' dir='ltr'><strong>ac,</strong></span> <span class='ocrx_word' id='word_1_713' title='bbox 799 5244 1012 5310; x_wconf 76' lang='lat' dir='ltr'><strong>Salva,</strong></span> <span class='ocrx_word' id='word_1_714' title='bbox 1047 5257 1265 5313; x_wconf 61' lang='lat' dir='ltr'><strong>quaeso.</strong></span> <span class='ocrx_word' id='word_1_715' title='bbox 1303 5241 1474 5298; x_wconf 90' lang='lat' dir='ltr'><strong>Haud</strong></span> <span class='ocrx_word' id='word_1_716' title='bbox 1502 5247 1704 5296; x_wconf 90' lang='lat' dir='ltr'><strong>tamen</strong></span> <span class='ocrx_word' id='word_1_717' title='bbox 1737 5242 1995 5298; x_wconf 89' lang='lat' dir='ltr'><strong>miracu-</strong></span> 
     </span>
    </p>
   </div>
   <div class='ocr_carea' id='block_1_99' title="bbox 325 5330 1997 5405">
    <p class='ocr_par' dir='ltr' id='par_1_99' title="bbox 325 5330 1997 5405">
     <span class='ocr_line' id='line_1_99' title="bbox 325 5330 1997 5405; baseline -0.003 -14"><span class='ocrx_word' id='word_1_718' title='bbox 325 5334 458 5391; x_wconf 89' lang='lat' dir='ltr'><strong>lum</strong></span> <span class='ocrx_word' id='word_1_719' title='bbox 505 5333 568 5389; x_wconf 93' lang='lat' dir='ltr'><strong>in</strong></span> <span class='ocrx_word' id='word_1_720' title='bbox 620 5347 838 5405; x_wconf 91' lang='lat' dir='ltr'><strong>pueros</strong></span> <span class='ocrx_word' id='word_1_721' title='bbox 889 5333 1181 5388; x_wconf 88' lang='lat' dir='ltr'><strong>convertit</strong></span> <span class='ocrx_word' id='word_1_722' title='bbox 1222 5332 1328 5404; x_wconf 92' lang='lat' dir='ltr'><strong>qui</strong></span> <span class='ocrx_word' id='word_1_723' title='bbox 1368 5330 1774 5386; x_wconf 90' lang='lat' dir='ltr'><strong>incircumcisi</strong></span> <span class='ocrx_word' id='word_1_724' title='bbox 1805 5331 1997 5386; x_wconf 91' lang='lat' dir='ltr'><strong>cordi-</strong></span> 
     </span>
    </p>
   </div>
   <div class='ocr_carea' id='block_1_100' title="bbox 409 5493 1043 5557">
    <p class='ocr_par' dir='ltr' id='par_1_100' title="bbox 409 5493 1043 5557">
     <span class='ocr_line' id='line_1_100' title="bbox 409 5493 1043 5557; baseline -0.002 -9"><span class='ocrx_word' id='word_1_725' title='bbox 409 5496 454 5528; x_wconf 83' lang='grc'>¹²</span> <span class='ocrx_word' id='word_1_726' title='bbox 484 5493 643 5548; x_wconf 85' lang='lat' dir='ltr'><strong>Psal.</strong></span> <span class='ocrx_word' id='word_1_727' title='bbox 673 5508 922 5557; x_wconf 84' lang='lat' dir='ltr'><strong>Lxxxvu,</strong></span> <span class='ocrx_word' id='word_1_728' title='bbox 962 5497 1043 5547; x_wconf 86' lang='lat' dir='ltr'><strong>ll.</strong></span> 
     </span>
    </p>
   </div>
   <div class='ocr_carea' id='block_1_101' title="bbox 2105 4611 3760 4684">
    <p class='ocr_par' dir='ltr' id='par_1_101' title="bbox 2105 4611 3760 4684">
     <span class='ocr_line' id='line_1_101' title="bbox 2105 4611 3760 4684; baseline 0.005 -18"><span class='ocrx_word' id='word_1_729' title='bbox 2105 4611 2530 4684; x_wconf 90' lang='lat' dir='ltr'><strong>procedentem</strong></span> <span class='ocrx_word' id='word_1_730' title='bbox 2557 4614 2757 4683; x_wconf 88' lang='lat' dir='ltr'><strong>ipsum</strong></span> <span class='ocrx_word' id='word_1_731' title='bbox 2789 4613 3104 4670; x_wconf 84' lang='lat' dir='ltr'><strong>vehamus.</strong></span> <span class='ocrx_word' id='word_1_732' title='bbox 3134 4616 3485 4672; x_wconf 91' lang='lat' dir='ltr'><strong>Sternamus</strong></span> <span class='ocrx_word' id='word_1_733' title='bbox 3513 4617 3564 4672; x_wconf 90' lang='lat' dir='ltr'><strong>ei</strong></span> <span class='ocrx_word' id='word_1_734' title='bbox 3582 4618 3760 4674; x_wconf 90' lang='lat' dir='ltr'><strong>vesti-</strong></span> 
     </span>
    </p>
   </div>
   <div class='ocr_carea' id='block_1_102' title="bbox 2095 4703 3762 4776">
    <p class='ocr_par' dir='ltr' id='par_1_102' title="bbox 2095 4703 3762 4776">
     <span class='ocr_line' id='line_1_102' title="bbox 2095 4703 3762 4776; baseline 0.004 -21"><span class='ocrx_word' id='word_1_735' title='bbox 2095 4705 2321 4767; x_wconf 89' lang='lat' dir='ltr'><strong>menta,</strong></span> <span class='ocrx_word' id='word_1_736' title='bbox 2353 4716 2574 4771; x_wconf 90' lang='lat' dir='ltr'><strong>nempe</strong></span> <span class='ocrx_word' id='word_1_737' title='bbox 2617 4716 2862 4757; x_wconf 89' lang='lat' dir='ltr'><strong>carnem</strong></span> <span class='ocrx_word' id='word_1_738' title='bbox 2912 4703 3146 4775; x_wconf 90' lang='lat' dir='ltr'><strong>spiritui</strong></span> <span class='ocrx_word' id='word_1_739' title='bbox 3192 4704 3602 4776; x_wconf 89' lang='lat' dir='ltr'><strong>subjicientes,</strong></span> <span class='ocrx_word' id='word_1_740' title='bbox 3652 4705 3762 4762; x_wconf 92' lang='lat' dir='ltr'><strong>hu-</strong></span> 
     </span>
    </p>
   </div>
   <div class='ocr_carea' id='block_1_103' title="bbox 2098 4790 3764 4867">
    <p class='ocr_par' dir='ltr' id='par_1_103' title="bbox 2098 4790 3764 4867">
     <span class='ocr_line' id='line_1_103' title="bbox 2098 4790 3764 4867; baseline 0.006 -23"><span class='ocrx_word' id='word_1_741' title='bbox 2098 4790 2410 4845; x_wconf 89' lang='lat' dir='ltr'><strong>militatem</strong></span> <span class='ocrx_word' id='word_1_742' title='bbox 2427 4790 2788 4847; x_wconf 90' lang='lat' dir='ltr'><strong>colamus.Si</strong></span> <span class='ocrx_word' id='word_1_743' title='bbox 2809 4791 3071 4847; x_wconf 87' lang='lat' dir='ltr'><strong>necdum</strong></span> <span class='ocrx_word' id='word_1_744' title='bbox 3088 4791 3226 4849; x_wconf 91' lang='lat' dir='ltr'><strong>licet</strong></span> <span class='ocrx_word' id='word_1_745' title='bbox 3239 4793 3302 4849; x_wconf 87' lang='lat' dir='ltr'><strong>in</strong></span> <span class='ocrx_word' id='word_1_746' title='bbox 3321 4793 3569 4851; x_wconf 89' lang='lat' dir='ltr'><strong>arbores</strong></span> <span class='ocrx_word' id='word_1_747' title='bbox 3587 4795 3764 4867; x_wconf 87' lang='lat' dir='ltr'><strong>juxta</strong></span> 
     </span>
    </p>
   </div>
   <div class='ocr_carea' id='block_1_104' title="bbox 2101 4881 3765 4957">
    <p class='ocr_par' dir='ltr' id='par_1_104' title="bbox 2101 4881 3765 4957">
     <span class='ocr_line' id='line_1_104' title="bbox 2101 4881 3765 4957; baseline 0.004 -20"><span class='ocrx_word' id='word_1_748' title='bbox 2101 4896 2402 4953; x_wconf 88' lang='lat' dir='ltr'><strong>aquarum</strong></span> <span class='ocrx_word' id='word_1_749' title='bbox 2458 4881 2651 4937; x_wconf 87' lang='lat' dir='ltr'><strong>exitus</strong></span> <span class='ocrx_word' id='word_1_750' title='bbox 2705 4883 2971 4938; x_wconf 90' lang='lat' dir='ltr'><strong>consitas</strong></span> <span class='ocrx_word' id='word_1_751' title='bbox 2991 4884 3061 4948; x_wconf 71' lang='lat'><strong>&#39;3,</strong></span> <span class='ocrx_word' id='word_1_752' title='bbox 3119 4889 3270 4956; x_wconf 91' lang='lat' dir='ltr'><strong>puta</strong></span> <span class='ocrx_word' id='word_1_753' title='bbox 3311 4885 3605 4957; x_wconf 88' lang='lat' dir='ltr'><strong>palmam,</strong></span> <span class='ocrx_word' id='word_1_754' title='bbox 3657 4892 3765 4944; x_wconf 89' lang='lat' dir='ltr'><strong>aut</strong></span> 
     </span>
    </p>
   </div>
   <div class='ocr_carea' id='block_1_105' title="bbox 2102 4969 3763 5046">
    <p class='ocr_par' dir='ltr' id='par_1_105' title="bbox 2102 4969 3763 5046">
     <span class='ocr_line' id='line_1_105' title="bbox 2102 4969 3763 5046; baseline 0.004 -20"><span class='ocrx_word' id='word_1_755' title='bbox 2102 4970 2346 5026; x_wconf 88' lang='lat' dir='ltr'><strong>cedrum</strong></span> <span class='ocrx_word' id='word_1_756' title='bbox 2383 4969 2612 5038; x_wconf 89' lang='lat' dir='ltr'><strong>Libani,</strong></span> <span class='ocrx_word' id='word_1_757' title='bbox 2639 4970 2764 5027; x_wconf 90' lang='lat' dir='ltr'><strong>sive</strong></span> <span class='ocrx_word' id='word_1_758' title='bbox 2790 4971 3014 5028; x_wconf 89' lang='lat' dir='ltr'><strong>olivam</strong></span> <span class='ocrx_word' id='word_1_759' title='bbox 3040 4972 3412 5030; x_wconf 81' lang='lat' dir='ltr'><strong>fructiferam</strong></span> <span class='ocrx_word' id='word_1_760' title='bbox 3435 4974 3763 5046; x_wconf 89' lang='lat' dir='ltr'><strong>(cujusmo-</strong></span> 
     </span>
    </p>
   </div>
   <div class='ocr_carea' id='block_1_106' title="bbox 2104 5059 3765 5134">
    <p class='ocr_par' dir='ltr' id='par_1_106' title="bbox 2104 5059 3765 5134">
     <span class='ocr_line' id='line_1_106' title="bbox 2104 5059 3765 5134; baseline 0.003 -18"><span class='ocrx_word' id='word_1_761' title='bbox 2104 5059 2165 5116; x_wconf 93' lang='lat' dir='ltr'><strong>di</strong></span> <span class='ocrx_word' id='word_1_762' title='bbox 2191 5059 2373 5116; x_wconf 90' lang='lat' dir='ltr'><strong>arbor</strong></span> <span class='ocrx_word' id='word_1_763' title='bbox 2401 5059 2511 5115; x_wconf 86' lang='lat' dir='ltr'><strong>Job</strong></span> <span class='ocrx_word' id='word_1_764' title='bbox 2562 5059 2660 5115; x_wconf 92' lang='lat' dir='ltr'><strong>ille</strong></span> <span class='ocrx_word' id='word_1_765' title='bbox 2688 5060 2886 5132; x_wconf 90' lang='lat' dir='ltr'><strong>justus</strong></span> <span class='ocrx_word' id='word_1_766' title='bbox 2935 5067 3083 5131; x_wconf 87' lang='lat' dir='ltr'><strong>erat,</strong></span> <span class='ocrx_word' id='word_1_767' title='bbox 3131 5063 3480 5134; x_wconf 90' lang='lat' dir='ltr'><strong>cujusmodi</strong></span> <span class='ocrx_word' id='word_1_768' title='bbox 3524 5064 3765 5121; x_wconf 88' lang='lat' dir='ltr'><strong>divinus</strong></span> 
     </span>
    </p>
   </div>
   <div class='ocr_carea' id='block_1_107' title="bbox 2105 5148 3765 5211">
    <p class='ocr_par' dir='ltr' id='par_1_107' title="bbox 2105 5148 3765 5211">
     <span class='ocr_line' id='line_1_107' title="bbox 2105 5148 3765 5211; baseline 0.004 -7"><span class='ocrx_word' id='word_1_769' title='bbox 2105 5149 2296 5205; x_wconf 90' lang='lat' dir='ltr'><strong>David</strong></span> <span class='ocrx_word' id='word_1_770' title='bbox 2317 5148 2662 5206; x_wconf 88' lang='lat' dir='ltr'><strong>adolescere</strong></span> <span class='ocrx_word' id='word_1_771' title='bbox 2700 5167 2713 5205; x_wconf 88' lang='lat'><strong>:</strong></span> <span class='ocrx_word' id='word_1_772' title='bbox 2747 5150 2842 5207; x_wconf 91' lang='lat' dir='ltr'><strong>vel</strong></span> <span class='ocrx_word' id='word_1_773' title='bbox 2868 5167 3073 5208; x_wconf 90' lang='lat' dir='ltr'><strong>ramos</strong></span> <span class='ocrx_word' id='word_1_774' title='bbox 3096 5169 3168 5208; x_wconf 89' lang='lat' dir='ltr'><strong>ex</strong></span> <span class='ocrx_word' id='word_1_775' title='bbox 3187 5155 3409 5210; x_wconf 89' lang='lat' dir='ltr'><strong>sanctis</strong></span> <span class='ocrx_word' id='word_1_776' title='bbox 3438 5153 3551 5209; x_wconf 90' lang='lat' dir='ltr'><strong>illis</strong></span> <span class='ocrx_word' id='word_1_777' title='bbox 3583 5154 3765 5211; x_wconf 90' lang='lat' dir='ltr'><strong>arbo-</strong></span> 
     </span>
    </p>
   </div>
   <div class='ocr_carea' id='block_1_108' title="bbox 2103 5238 3767 5316">
    <p class='ocr_par' dir='ltr' id='par_1_108' title="bbox 2103 5238 3767 5316">
     <span class='ocr_line' id='line_1_108' title="bbox 2103 5238 3767 5316; baseline 0.004 -23"><span class='ocrx_word' id='word_1_778' title='bbox 2103 5238 2292 5306; x_wconf 90' lang='lat' dir='ltr'><strong>ribus,</strong></span> <span class='ocrx_word' id='word_1_779' title='bbox 2322 5238 2613 5294; x_wconf 87' lang='lat' dir='ltr'><strong>virtutum</strong></span> <span class='ocrx_word' id='word_1_780' title='bbox 2665 5240 2890 5296; x_wconf 90' lang='lat' dir='ltr'><strong>scilicet</strong></span> <span class='ocrx_word' id='word_1_781' title='bbox 2919 5241 3202 5310; x_wconf 88' lang='lat' dir='ltr'><strong>stolones,</strong></span> <span class='ocrx_word' id='word_1_782' title='bbox 3235 5242 3460 5316; x_wconf 90' lang='lat' dir='ltr'><strong>quibus</strong></span> <span class='ocrx_word' id='word_1_783' title='bbox 3503 5243 3586 5299; x_wconf 90' lang='lat' dir='ltr'><strong>illi</strong></span> <span class='ocrx_word' id='word_1_784' title='bbox 3640 5259 3767 5301; x_wconf 90' lang='lat' dir='ltr'><strong>sca-</strong></span> 
     </span>
    </p>
   </div>
   <div class='ocr_carea' id='block_1_109' title="bbox 2105 5329 3765 5407">
    <p class='ocr_par' dir='ltr' id='par_1_109' title="bbox 2105 5329 3765 5407">
     <span class='ocr_line' id='line_1_109' title="bbox 2105 5329 3765 5407; baseline 0.002 -21"><span class='ocrx_word' id='word_1_785' title='bbox 2105 5335 2294 5386; x_wconf 89' lang='lat' dir='ltr'><strong>tentes</strong></span> <span class='ocrx_word' id='word_1_786' title='bbox 2341 5329 2786 5399; x_wconf 88' lang='lat' dir='ltr'><strong>eluxuriahant,</strong></span> <span class='ocrx_word' id='word_1_787' title='bbox 2818 5330 3126 5402; x_wconf 89' lang='lat' dir='ltr'><strong>tollamus,</strong></span> <span class='ocrx_word' id='word_1_788' title='bbox 3160 5333 3502 5407; x_wconf 90' lang='lat' dir='ltr'><strong>plausuque</strong></span> <span class='ocrx_word' id='word_1_789' title='bbox 3524 5334 3765 5392; x_wconf 88' lang='lat' dir='ltr'><strong>venien-</strong></span> 
     </span>
    </p>
   </div>
   <div class='ocr_carea' id='block_1_110' title="bbox 1125 5489 2894 5563">
    <p class='ocr_par' dir='ltr' id='par_1_110' title="bbox 1125 5489 2894 5563">
     <span class='ocr_line' id='line_1_110' title="bbox 1125 5489 2894 5563; baseline 0.002 -18"><span class='ocrx_word' id='word_1_790' title='bbox 1125 5493 1170 5526; x_wconf 82' lang='grc'>¹³</span> <span class='ocrx_word' id='word_1_791' title='bbox 1203 5491 1346 5549; x_wconf 90' lang='lat' dir='ltr'><strong>Luc.</strong></span> <span class='ocrx_word' id='word_1_792' title='bbox 1405 5508 1524 5558; x_wconf 83' lang='lat' dir='ltr'><strong>vni,</strong></span> <span class='ocrx_word' id='word_1_793' title='bbox 1555 5495 1641 5547; x_wconf 78' lang='grc'><strong>54.</strong></span> <span class='ocrx_word' id='word_1_794' title='bbox 1722 5493 1766 5526; x_wconf 73' lang='grc'><strong>¹⁸</strong></span> <span class='ocrx_word' id='word_1_795' title='bbox 1799 5493 1935 5547; x_wconf 88' lang='lat' dir='ltr'><strong>Luc.</strong></span> <span class='ocrx_word' id='word_1_796' title='bbox 1969 5507 2065 5563; x_wconf 88' lang='lat' dir='ltr'><strong>vu,</strong></span> <span class='ocrx_word' id='word_1_797' title='bbox 2118 5493 2202 5546; x_wconf 78' lang='grc'><strong>14.</strong></span> <span class='ocrx_word' id='word_1_798' title='bbox 2285 5491 2330 5524; x_wconf 72' lang='grc'><strong>³⁵</strong></span> <span class='ocrx_word' id='word_1_799' title='bbox 2375 5489 2531 5545; x_wconf 89' lang='lat' dir='ltr'><strong>Psal.</strong></span> <span class='ocrx_word' id='word_1_800' title='bbox 2584 5507 2782 5559; x_wconf 83' lang='lat' dir='ltr'><strong>vam,</strong></span> <span class='ocrx_word' id='word_1_801' title='bbox 2823 5497 2894 5549; x_wconf 87' lang='lat' dir='ltr'><strong>l5.</strong></span> 
     </span>
    </p>
   </div>
   <div class='ocr_carea' id='block_1_111' title="bbox 1994 5489 3763 5563">
    <p class='ocr_par' dir='ltr' id='par_1_111' title="bbox 1994 5489 3763 5563">
     <span class='ocr_line' id='line_1_111' title="bbox 1994 5489 3763 5563; baseline 0.003 -17"><span class='ocrx_word' id='word_1_802' title='bbox 1994 5507 2065 5563; x_wconf 59' lang='grc' dir='ltr'>ιιι,</span> <span class='ocrx_word' id='word_1_803' title='bbox 2118 5493 2202 5546; x_wconf 77' lang='grc'><strong>14.</strong></span> <span class='ocrx_word' id='word_1_804' title='bbox 2285 5491 2330 5524; x_wconf 77' lang='grc'><strong>¹⁵</strong></span> <span class='ocrx_word' id='word_1_805' title='bbox 2375 5489 2531 5545; x_wconf 89' lang='lat' dir='ltr'><strong>Psal.</strong></span> <span class='ocrx_word' id='word_1_806' title='bbox 2584 5497 2904 5559; x_wconf 84' lang='lat' dir='ltr'><strong>x1.vm,l5.</strong></span> <span class='ocrx_word' id='word_1_807' title='bbox 2985 5495 3329 5562; x_wconf 60' lang='lat' dir='ltr'><strong>1“Joaan,</strong></span> <span class='ocrx_word' id='word_1_808' title='bbox 3365 5499 3455 5550; x_wconf 88' lang='lat'><strong>29.</strong></span> <span class='ocrx_word' id='word_1_809' title='bbox 3535 5496 3577 5531; x_wconf 87' lang='grc'><strong>¹’¹</strong></span> <span class='ocrx_word' id='word_1_810' title='bbox 3611 5495 3763 5552; x_wconf 87' lang='lat' dir='ltr'><strong>Psal.</strong></span> 
     </span>
    </p>
   </div>
   <div class='ocr_carea' id='block_1_112' title="bbox 330 5563 2099 5636">
    <p class='ocr_par' dir='ltr' id='par_1_112' title="bbox 330 5563 2056 5635">
     <span class='ocr_line' id='line_1_112' title="bbox 330 5563 2056 5635; baseline -0.002 -13"><span class='ocrx_word' id='word_1_811' title='bbox 330 5581 476 5635; x_wconf 75' lang='lat' dir='ltr'><strong>cxxv,</strong></span> <span class='ocrx_word' id='word_1_812' title='bbox 505 5569 556 5620; x_wconf 87' lang='lat'><strong>6.</strong></span> <span class='ocrx_word' id='word_1_813' title='bbox 643 5564 685 5599; x_wconf 79' lang='grc'>¹⁸</span> <span class='ocrx_word' id='word_1_814' title='bbox 719 5565 870 5620; x_wconf 89' lang='lat' dir='ltr'><strong>Psal.</strong></span> <span class='ocrx_word' id='word_1_815' title='bbox 907 5580 1026 5630; x_wconf 88' lang='lat' dir='ltr'><strong>vm,</strong></span> <span class='ocrx_word' id='word_1_816' title='bbox 1057 5565 1110 5620; x_wconf 87' lang='lat'><strong>3.</strong></span> <span class='ocrx_word' id='word_1_817' title='bbox 1193 5566 1238 5599; x_wconf 72' lang='grc' dir='ltr'><strong>ιθ</strong></span> <span class='ocrx_word' id='word_1_818' title='bbox 1273 5563 1450 5620; x_wconf 90' lang='lat' dir='ltr'><strong>Zach.</strong></span> <span class='ocrx_word' id='word_1_819' title='bbox 1497 5580 1570 5631; x_wconf 81' lang='lat' dir='ltr'><strong>ix,</strong></span> <span class='ocrx_word' id='word_1_820' title='bbox 1617 5568 1670 5618; x_wconf 92' lang='lat'><strong>9.</strong></span> <span class='ocrx_word' id='word_1_821' title='bbox 1751 5564 1797 5598; x_wconf 83' lang='grc'><strong>²⁶</strong></span> <span class='ocrx_word' id='word_1_822' title='bbox 1828 5563 1873 5617; x_wconf 89' lang='lat' dir='ltr'><strong>II</strong></span> <span class='ocrx_word' id='word_1_823' title='bbox 1925 5563 2056 5619; x_wconf 91' lang='lat' dir='ltr'><strong>Cor.</strong></span> 
     </span>
    </p>
   </div>
   <div class='ocr_carea' id='block_1_113' title="bbox 1997 5563 3766 5636">
    <p class='ocr_par' dir='ltr' id='par_1_113' title="bbox 1997 5565 3766 5636">
     <span class='ocr_line' id='line_1_113' title="bbox 1997 5565 3766 5636; baseline 0.006 -22"><span class='ocrx_word' id='word_1_824' title='bbox 1997 5579 2056 5618; x_wconf 57' lang='lat' dir='ltr'><strong>pr.</strong></span> <span class='ocrx_word' id='word_1_825' title='bbox 2111 5579 2189 5631; x_wconf 92' lang='grc' dir='ltr'>ιιι,</span> <span class='ocrx_word' id='word_1_826' title='bbox 2246 5567 2329 5618; x_wconf 82' lang='grc'><strong>15.</strong></span> <span class='ocrx_word' id='word_1_827' title='bbox 2409 5565 2454 5636; x_wconf 58' lang='grc' dir='ltr'>ξι</span> <span class='ocrx_word' id='word_1_828' title='bbox 2508 5565 2646 5618; x_wconf 89' lang='lat' dir='ltr'><strong>Luc.</strong></span> <span class='ocrx_word' id='word_1_829' title='bbox 2681 5579 2740 5631; x_wconf 89' lang='lat' dir='ltr'><strong>I1,</strong></span> <span class='ocrx_word' id='word_1_830' title='bbox 2786 5568 2876 5622; x_wconf 82' lang='lat'><strong>52.</strong></span> <span class='ocrx_word' id='word_1_831' title='bbox 2953 5567 3001 5600; x_wconf 85' lang='grc'>²²</span> <span class='ocrx_word' id='word_1_832' title='bbox 3041 5565 3196 5622; x_wconf 90' lang='lat' dir='ltr'><strong>Psal.</strong></span> <span class='ocrx_word' id='word_1_833' title='bbox 3230 5583 3362 5636; x_wconf 85' lang='lat' dir='ltr'><strong>Lvu,</strong></span> <span class='ocrx_word' id='word_1_834' title='bbox 3398 5571 3449 5622; x_wconf 82' lang='grc'><strong>5.</strong></span> <span class='ocrx_word' id='word_1_835' title='bbox 3527 5567 3576 5602; x_wconf 83' lang='grc'>²⁸</span> <span class='ocrx_word' id='word_1_836' title='bbox 3606 5569 3766 5625; x_wconf 86' lang='lat' dir='ltr'><strong>Psal.</strong></span> 
     </span>
    </p>
   </div>
   <div class='ocr_carea' id='block_1_114' title="bbox 330 5633 2099 5716">
    <p class='ocr_par' dir='ltr' id='par_1_114' title="bbox 330 5633 2099 5716">
     <span class='ocr_line' id='line_1_114' title="bbox 330 5633 2099 5716; baseline -0.001 -26"><span class='ocrx_word' id='word_1_837' title='bbox 330 5655 428 5716; x_wconf 71' lang='lat' dir='ltr'><strong>cn,</strong></span> <span class='ocrx_word' id='word_1_838' title='bbox 459 5633 552 5716; x_wconf 52' lang='lat'><strong>5.“</strong></span> <span class='ocrx_word' id='word_1_839' title='bbox 580 5638 638 5716; x_wconf 51' lang='grc' dir='ltr'><strong>ξι</strong></span> <span class='ocrx_word' id='word_1_840' title='bbox 665 5637 870 5716; x_wconf 66' lang='grc' dir='ltr'>μειιὶι.</span> <span class='ocrx_word' id='word_1_841' title='bbox 902 5642 1150 5716; x_wconf 34' lang='lat' dir='ltr'><strong>ix_,-l7.__</strong></span> <span class='ocrx_word' id='word_1_842' title='bbox 1177 5638 1228 5716; x_wconf 64' lang='grc' dir='ltr'><strong>’ξ</strong></span> <span class='ocrx_word' id='word_1_843' title='bbox 1259 5640 1374 5716; x_wconf 88' lang='lat' dir='ltr'><strong>l_sa.</strong></span> <span class='ocrx_word' id='word_1_844' title='bbox 1410 5652 1447 5703; x_wconf 83' lang='lat'><strong>1,</strong></span> <span class='ocrx_word' id='word_1_845' title='bbox 1479 5637 1655 5716; x_wconf 36' lang='lat' dir='ltr'><strong>5._A&quot;5</strong></span> <span class='ocrx_word' id='word_1_846' title='bbox 1687 5637 1829 5716; x_wconf 48' lang='lat' dir='ltr'><strong>ﬁeri:</strong></span> <span class='ocrx_word' id='word_1_847' title='bbox 1858 5651 2011 5716; x_wconf 83' lang='lat' dir='ltr'><strong>x1_.1x,</strong></span> <span class='ocrx_word' id='word_1_848' title='bbox 2046 5639 2099 5716; x_wconf 56' lang='lat' dir='ltr'><strong>il</strong></span> 
     </span>
    </p>
   </div>
   <div class='ocr_carea' id='block_1_115' title="bbox 1998 5633 3767 5716">
    <p class='ocr_par' dir='ltr' id='par_1_115' title="bbox 1998 5633 3767 5716">
     <span class='ocr_line' id='line_1_115' title="bbox 1998 5633 3767 5716; baseline 0.003 -27"><span class='ocrx_word' id='word_1_849' title='bbox 1998 5675 2011 5701; x_wconf 93' lang='lat'><strong>,</strong></span> <span class='ocrx_word' id='word_1_850' title='bbox 2046 5639 2133 5716; x_wconf 57' lang='lat' dir='ltr'><strong>ll.</strong></span> <span class='ocrx_word' id='word_1_851' title='bbox 2211 5636 2255 5668; x_wconf 80' lang='grc'><strong>³⁷</strong></span> <span class='ocrx_word' id='word_1_852' title='bbox 2294 5633 2447 5692; x_wconf 88' lang='lat' dir='ltr'><strong>Psal.</strong></span> <span class='ocrx_word' id='word_1_853' title='bbox 2478 5650 2667 5705; x_wconf 74' lang='lat' dir='ltr'><strong>anx,</strong></span> <span class='ocrx_word' id='word_1_854' title='bbox 2695 5640 2747 5692; x_wconf 91' lang='lat'><strong>9.</strong></span> <span class='ocrx_word' id='word_1_855' title='bbox 2827 5638 2876 5672; x_wconf 78' lang='grc'><strong>³⁸</strong></span> <span class='ocrx_word' id='word_1_856' title='bbox 2899 5638 3071 5695; x_wconf 86' lang='lat' dir='ltr'><strong>Joan.</strong></span> <span class='ocrx_word' id='word_1_857' title='bbox 3102 5653 3168 5710; x_wconf 94' lang='grc' dir='ltr'><strong>ιι,</strong></span> <span class='ocrx_word' id='word_1_858' title='bbox 3192 5641 3284 5696; x_wconf 70' lang='grc'><strong>44.</strong></span> <span class='ocrx_word' id='word_1_859' title='bbox 3346 5633 3410 5675; x_wconf 70' lang='grc'><strong>’³³</strong></span> <span class='ocrx_word' id='word_1_860' title='bbox 3444 5641 3618 5700; x_wconf 83' lang='lat' dir='ltr'><strong>Joan.</strong></span> <span class='ocrx_word' id='word_1_861' title='bbox 3650 5657 3767 5716; x_wconf 70' lang='lat' dir='ltr'><strong>xxv,</strong></span> 
     </span>
    </p>
   </div>
   <div class='ocr_carea' id='block_1_116' title="bbox 333 5715 426 5768">
    <p class='ocr_par' dir='ltr' id='par_1_116' title="bbox 333 5715 426 5768">
     <span class='ocr_line' id='line_1_116' title="bbox 333 5715 426 5768; baseline -0.011 -1"><span class='ocrx_word' id='word_1_862' title='bbox 333 5715 426 5768; x_wconf 84' lang='grc'><strong>31.</strong></span> 
     </span>
    </p>
   </div>
   <div class='ocr_carea' id='block_1_117' title="bbox 507 5706 2106 5779">
    <p class='ocr_par' dir='ltr' id='par_1_117' title="bbox 507 5706 2106 5779">
     <span class='ocr_line' id='line_1_117' title="bbox 507 5706 2106 5779; baseline -0.001 -13"><span class='ocrx_word' id='word_1_863' title='bbox 507 5709 556 5743; x_wconf 83' lang='grc' dir='ltr'><strong>³ο</strong></span> <span class='ocrx_word' id='word_1_864' title='bbox 578 5707 758 5766; x_wconf 85' lang='lat' dir='ltr'><strong>Hebr.</strong></span> <span class='ocrx_word' id='word_1_865' title='bbox 793 5723 916 5779; x_wconf 83' lang='lat' dir='ltr'><strong>xm,</strong></span> <span class='ocrx_word' id='word_1_866' title='bbox 944 5711 1031 5764; x_wconf 88' lang='grc'><strong>13.</strong></span> <span class='ocrx_word' id='word_1_867' title='bbox 1107 5708 1154 5742; x_wconf 86' lang='grc'>⁸¹</span> <span class='ocrx_word' id='word_1_868' title='bbox 1189 5707 1500 5778; x_wconf 74' lang='lat'><strong>(101033.11,</strong></span> <span class='ocrx_word' id='word_1_869' title='bbox 1535 5710 1620 5764; x_wconf 85' lang='grc'><strong>13.</strong></span> <span class='ocrx_word' id='word_1_870' title='bbox 1701 5707 1747 5743; x_wconf 75' lang='grc'>⁸⁸</span> <span class='ocrx_word' id='word_1_871' title='bbox 1786 5706 1947 5764; x_wconf 87' lang='lat' dir='ltr'><strong>Psal.</strong></span> <span class='ocrx_word' id='word_1_872' title='bbox 1978 5724 2017 5778; x_wconf 91' lang='grc' dir='ltr'><strong>ι,</strong></span> <span class='ocrx_word' id='word_1_873' title='bbox 2049 5710 2106 5764; x_wconf 90' lang='grc'><strong>3.</strong></span> 
     </span>
    </p>
   </div>
  </div>
