4480 6430
836 375 938 439 327
1719 368 2085 438 MICHAELIS
2121 359 2507 435 AcouINAri
2543 355 2985 432 ATHENARUM
3020 361 3346 433 ARCHIEP.

4136 368 4242 433 328

835 507 955 562 tem
980 503 1366 577 accipientes,
1409 502 1700 562 Salvatori
1746 504 2217 578 praetendamus.
2266 499 2324 557 Si
2360 499 2481 556 fue-
2508 499 2557 554 Α
2597 497 2955 568 loquebatur
3004 500 3086 557 ad
3136 501 3336 558 eos“:
3381 513 3494 556 nec
3538 495 3694 554 velut
3741 496 3826 554 illi
3871 495 3954 555 dii
4005 513 4240 569 sumus,

832 592 1022 649 rimus
1047 593 1192 664 justi
1228 592 1530 658 homines,
1571 608 1836 662 veraces,
1898 592 2024 649 sine
2067 590 2338 658 crimine,
2381 586 2482 643 Dei

834 680 1110 749 cultores,
1126 680 1204 737 ab
1225 681 1393 737 omni
1424 698 1487 737 re
1505 681 1668 739 mala
1695 697 1807 738 nos
1833 681 2223 745 abstinentes,
2247 677 2332 733 sic
2350 675 2482 733 Jobi

832 783 1000 825 more
1021 770 1068 804 ³⁸
1097 769 1375 842 perfectae
1406 770 1811 826 exstiterimus
1857 769 2123 839 arbores,
2173 766 2279 839 qui
2305 764 2480 821 nimi-

829 872 967 914 rum
982 861 1047 914 ut
1063 857 1337 914 sublimis
1351 858 1760 931 frondosaque
1776 857 1981 931 palma
1993 856 2268 921 efﬂoruit;
2283 853 2481 911 aiebat

831 945 994 1001 enim
1041 946 1166 1002 fore
1209 950 1274 1002 ut
1315 951 1653 1004 senesceret
1697 951 1842 1003 aetas
1874 963 2004 1014 sua,
2036 946 2189 1002 sicut
2233 949 2479 1000 truncus

830 1033 1087 1106 palmae:
1127 1050 1459 1108 rursusque
1491 1035 1716 1091 erimus
1755 1035 1838 1091 uti
1888 1035 2074 1091 David
2121 1034 2281 1091 oliva
2325 1032 2478 1088 frue-

832 1121 1000 1180 tifera
1029 1122 1098 1190 ³⁵,
1128 1123 1178 1179 si
1198 1122 1329 1195 ejus
1361 1123 1582 1196 pariter
1605 1123 1995 1192 fortitudinis,
2028 1139 2099 1178 ac
2131 1126 2477 1178 mansuetu-

829 1210 987 1267 dinis
1019 1213 1398 1269 aemulatores
1424 1213 1733 1284 fuerimus,
1759 1229 1882 1285 quo
1912 1213 2000 1268 vir
2019 1212 2185 1269 cordi
2210 1212 2474 1284 placens,

831 1314 1024 1371 exque
1055 1301 1181 1371 ejus
1215 1302 1485 1357 moribus
1534 1318 1570 1357 a
1618 1305 1735 1358 Deo
1783 1302 2182 1357 inveniamur.
2217 1299 2385 1366 Quod
2430 1299 2478 1353 si

830 1395 1038 1445 nostra
1058 1389 1304 1461 segnitie
1331 1406 1453 1446 non
1483 1407 1810 1463 possumus
1832 1406 2078 1446 omnem
2098 1390 2337 1445 illorum
2362 1388 2475 1443 vir-

830 1482 1018 1534 tutem
1078 1478 1319 1542 imitari,
1389 1480 1566 1536 ﬂores
1623 1479 1779 1549 illos,
1846 1481 2147 1536 fructuum
2214 1479 2475 1551 copiam,

828 1565 1204 1637 patientiam,
1222 1566 1502 1624 laborum
1525 1568 1983 1638 certamina,vel
2005 1567 2243 1624 Davidis
2268 1567 2478 1622 saltem

827 1656 1375 1728 mansuetudinem,
1407 1662 1511 1714 aut
1539 1658 1904 1714 modestiam
1931 1658 2203 1714 colamus
2235 1659 2304 1726 ³⁸,
2332 1672 2480 1729 qua-

828 1747 1002 1800 tenus
1033 1744 1217 1800 etiam
1250 1761 1314 1800 se
1343 1761 1633 1814 vermem,
1666 1762 1790 1803 non
1838 1763 1977 1803 vero
2031 1747 2341 1803 hominem
2372 1761 2476 1818 ap-

824 1831 1090 1905 pellabat
1113 1835 1182 1868 35'
1214 1850 1227 1889 :

825 1936 957 1977 cem
978 1921 1235 1978 oderunt
1255 1924 1323 1989 ³⁷,
1343 1923 1614 1979 animum
1639 1924 1784 1979 nihil
1804 1925 2160 1995 injuriarum
2177 1929 2473 1987 tenacem,

821 2009 1148 2077 lenitatem,
1179 2028 1516 2085 rursusque
1555 2013 1687 2069 Jobi
1725 2014 1786 2069 in
1819 2015 2248 2071 tentationibus
2286 2014 2473 2071 invic-

824 2105 950 2157 tam
975 2101 1400 2168 constantiam,
1431 2102 1685 2159 liberare
1707 2118 2036 2176 pauperem
2068 2105 2142 2160 de
2166 2120 2352 2160 manu
2372 2120 2478 2177 po-

822 2190 1019 2257 tentis,
1037 2189 1334 2263 pupillum
1352 2192 1566 2262 juvare
1588 2193 1683 2248 cui
1704 2193 1855 2248 desit
1875 2193 1946 2248 ad
1951 2193 2113 2264 jutor
2134 2195 2203 2262 3',
2225 2193 2477 2250 induere

817 2277 1133 2351 justitiam,
1161 2293 1233 2334 ac
1263 2283 1555 2351 tanquam
1583 2278 1850 2352 diploide
1881 2297 1943 2336 se
1969 2282 2179 2337 vestire
2205 2281 2432 2352 judicio
2458 2298 2470 2348 ;

822 2367 1068 2424 oculum
1101 2383 1228 2423 esse
1283 2383 1604 2438 caecorum,
1639 2369 1994 2426 claudorum
2019 2370 2260 2442 pedem,
2309 2371 2474 2427 inva-

819 2455 1077 2513 lidorum
1108 2461 1364 2529 patrem.
1395 2460 1617 2514 Harum
1662 2458 1951 2514 virtutum
1996 2475 2181 2531 opera
2222 2460 2271 2515 si
2311 2461 2474 2516 exhi-

819 2543 1155 2614 buerimus,
1189 2563 1260 2602 ex
1293 2547 1617 2602 arboribus
1649 2563 1686 2603 a
1717 2551 1835 2604 Deo
1859 2549 2001 2603 satis
2027 2565 2229 2604 ramos
2260 2550 2476 2606 excidi-

820 2650 982 2703 mus,
1015 2651 1085 2691 ac
1107 2635 1432 2692 Salvatoris
1465 2636 1658 2692 cultus
1682 2637 2079 2707 gestavimus.

890 2725 982 2780 Ad
1012 2725 1141 2780 haec
1182 2741 1295 2781 nos
1337 2741 1373 2780 a
1429 2725 1604 2782 malis
1661 2725 2109 2782 abstineamus:
2153 2727 2474 2784 infantium

819 2812 1264 2885 simplicitatem
1311 2812 1634 2884 imitemur,
1672 2815 1884 2871 (alium
1926 2818 2080 2871 enim
2112 2822 2192 2872 est
2224 2832 2474 2886 regnum

819 2900 1106 2960 calorum
1120 2903 1186 2957 ³ο.
1210 2902 1292 2958 Ex
1312 2899 1531 2959 horum
1562 2904 1742 2959 etiam
1759 2920 1858 2959 ore
1877 2920 2039 2960 nunc
2055 2908 2208 2960 Deus
2228 2905 2472 2962 laudem

817 2993 1081 3065 perfecit.
1119 2990 1176 3049 Si
1206 2992 1478 3049 Ecclesiae
1499 2993 1656 3049 ﬁlius
1678 2993 2094 3056 es,humiliare
2117 2998 2266 3051 sicut
2297 2996 2462 3052 abla-

818 3085 1011 3138 ctatus
1042 3098 1225 3154 super
1251 3087 1439 3138 matre
1479 3099 1590 3138 sua
1611 3084 1676 3136 ⁸ο.
1699 3083 1824 3138 Noli
1873 3083 2113 3139 malitiae
2147 3085 2371 3141 haerere
2404 3101 2473 3140 ac

2589 601 2785 658 neque
2809 587 2915 644 ﬁlii
2937 588 3169 646 Excelsi
3189 591 3270 656 ‘6;
3299 588 3406 645 sed
3437 588 3590 644 sicut
3607 586 3884 643 homines
3923 587 4238 655 morimur,

2591 680 2648 733 et
2681 678 2831 734 sicut
2887 694 3045 735 unus
3084 695 3114 736 e
3164 678 3540 752 principibus
3570 677 3863 734 cadimus.
3906 679 4065 733 Versa
4112 678 4241 734 haec

2589 766 2820 837 obiicis,
2853 783 2886 824 ο
2910 769 3107 837 bone;
3141 785 3211 825 ac
3242 784 3354 824 nos
3385 767 3654 840 quidem,
3688 766 3902 838 inquit,
3947 766 4093 822 tales
4141 783 4239 822 su-

2588 871 2764 925 mus;
2814 861 2879 913 tu
2924 873 3062 914 vero
3109 857 3271 914 unde
3308 856 3482 913 nobis
3520 871 3713 912 novus
3750 859 3994 927 repente
4033 853 4240 912 Daniel

2588 949 2752 1002 ortus
2781 951 2870 1002 est
2890 946 2974 1000 ‘7?
2993 947 3131 1013 Quis
3164 947 3272 1004 tibi
3303 946 3746 1020 presbyterium
3776 944 3962 1009 dedit,
3994 948 4059 1001 ut
4081 945 4236 1016 judi-

2587 1034 2754 1090 cibus
2779 1034 3074 1106 judicium
3118 1052 3334 1109 ponas,
3370 1052 3441 1093 ac
3490 1035 3792 1091 illumines
3834 1033 4099 1104 oculum,
4132 1033 4240 1106 qui

2588 1137 2716 1194 pes,
2741 1129 2843 1180 aut
2867 1140 3108 1193 manus,
3135 1124 3227 1181 vel
3266 1125 3429 1181 auris
3459 1124 3728 1193 exsistas,
3761 1126 3942 1195 atque
3981 1122 4107 1179 ovis
4138 1138 4240 1194 pa-

2588 1217 2808 1268 storem
2829 1229 3047 1286 pascas
3069 1230 3140 1270 ac
3164 1229 3361 1284 regas,
3389 1213 3738 1284 doctorique
3760 1211 4090 1283 discipulus
4107 1226 4241 1268 san-

2587 1300 2713 1357 cias
2733 1302 2760 1355 ?
2781 1317 3042 1374 quorum
3090 1302 3338 1358 leonum
3366 1301 3474 1358 'ora
3501 1301 3808 1357 frenasti"
3830 1301 3858 1356 ?
3887 1300 4062 1372 cujus
4101 1299 4238 1356 dra-

2588 1389 2778 1455 conis,
2808 1390 2935 1445 sine
2967 1405 3115 1445 saxo
3154 1406 3226 1445 ac
3269 1389 3422 1445 fuste
3465 1389 3735 1444 medium
3783 1392 4051 1461 ventrem
4081 1387 4241 1443 diru-

2587 1477 2727 1548 pisti
2746 1480 2790 1513 "
2811 1479 2838 1534 ?
2860 1480 3147 1543 Quaenam
3170 1478 3277 1533 tibi
3292 1477 3629 1533 futurorum
3647 1475 3907 1532 revelata
3923 1475 4240 1548 mysteria?

2589 1567 2743 1622 Proh
2771 1566 3120 1630 caecitatem,
3147 1582 3271 1638 qua
3300 1567 3593 1621 festucam
3632 1565 3693 1620 in
3721 1565 3915 1620 fratris
3947 1564 4122 1620 oculo
4161 1564 4239 1620 vi-

2587 1656 2717 1722 des,
2750 1671 2862 1711 nec
2892 1655 2954 1710 in
2986 1661 3040 1711 te
3079 1655 3412 1712 maximam
3439 1654 3667 1711 trabem
3699 1654 3959 1710 advertis
3980 1653 4061 1708 εοι
4109 1655 4238 1709 Non

2590 1760 2802 1799 sumus
2840 1743 3098 1814 Samuel,
3131 1759 3330 1816 neque
3367 1750 3594 1810 Aaron;
3647 1758 3843 1815 neque
3888 1742 4048 1797 enim
4088 1741 4240 1796 sicut

1268 1833 1362 1890 vel
1389 1850 1588 1891 mores
1631 1836 1917 1907 paciﬁcos
1945 1852 2084 1891 cum
2109 1836 2204 1902 iis,
2237 1836 2341 1907 qui
2370 1850 2472 1907 pa-
2504 1845 2544 1900 Β
2583 1833 2664 1889 illi
2683 1833 2785 1888 Dei
2811 1832 3154 1889 testimonia
3179 1832 3652 1896 custodimus,et
3676 1830 3966 1887 mandata
3982 1829 4084 1886 Dei
4100 1845 4238 1902 quas

2585 1921 2941 1978 deditnobis
2958 1939 2970 1974 :
2989 1937 3114 1978 non
3137 1926 3339 1977 tamen
3365 1927 3683 1994 propterea
3698 1919 3803 1992 qui
3819 1935 3943 1975 non
3964 1933 4235 1992 spernas,

2586 2029 2692 2068 seu
2720 2011 2868 2068 alias
2892 2011 3147 2083 judices,
3169 2010 3599 2082 justiticaberis
3625 2029 3638 2079 ;
3660 2014 3782 2080 aut,
3798 2009 3968 2081 quod
3994 2008 4241 2063 misera-

2583 2100 2827 2169 bilius,a
2846 2116 3032 2173 paena
3045 2099 3333 2156 immunis
3350 2100 3483 2164 eris,
3501 2098 3719 2172 partim
3741 2098 3991 2154 docente
4008 2097 4240 2152 Christo

2584 2195 2649 2247 ut
2694 2206 2828 2262 quae
2879 2189 3084 2245 dicunt
3132 2190 3477 2245 sacerdotes
3521 2187 3816 2260 sequaris,
3857 2201 4054 2258 neque
4101 2201 4240 2258 quas

2584 2279 3084 2349 aguntcuriosius
3103 2277 3372 2350 inquiras
3394 2279 3437 2312 ⁶¹
3467 2292 3480 2343 ;
3507 2276 3728 2348 partim
3750 2279 4033 2332 monente
4055 2273 4239 2331 Paulo

2589 2373 2651 2424 ut
2671 2367 3006 2440 praepositis
3027 2366 3301 2434 obedias,
3317 2382 3384 2422 ac
3404 2365 3518 2420 illis
3545 2364 3855 2435 subjectus
3873 2364 3954 2419 sis
3975 2380 3988 2430 ;
4006 2363 4234 2436 quippe

2583 2459 2688 2531 qui
2711 2457 2955 2527 vigilem
2977 2462 3270 2528 tanquam
3301 2455 3597 2511 rationem
3631 2471 3743 2526 pro
3773 2454 4096 2510 animabus
4129 2468 4239 2508 no-

2587 2547 2723 2603 stris
2750 2547 3037 2603 reddituri
3057 2549 3125 2601 “.
3145 2546 3348 2614 Vides,
3372 2546 3579 2616 jussus
3601 2545 3728 2617 ipse
3750 2561 3886 2600 sum
3911 2549 3975 2600 ut
4000 2542 4240 2614 vigilem

2584 2653 2655 2692 ac
2681 2653 2815 2709 quae
2845 2643 2895 2691 te
2927 2634 3582 2707 spectant,diligentius
3607 2640 3857 2705 scruter,
3885 2633 4042 2689 velut
4063 2633 4241 2689 ratio-

2584 2741 2724 2781 nem
2765 2742 2874 2797 pro
2922 2730 2977 2780 te
3027 2725 3370 2780 redditurus
3404 2742 3416 2792 ;
3462 2739 3584 2780 non
3618 2723 3723 2779 tibi
3765 2728 4137 2795 praeceptum
4176 2727 4244 2777 ut

2584 2815 2831 2870 easdem
2852 2815 2911 2869 in
2935 2831 3031 2870 me
3055 2820 3254 2885 partes
3279 2812 3653 2884 exsequaris.
3677 2814 3824 2882 Lege
3839 2812 4241 2867 mihicautum

2587 2911 2648 2960 ut
2669 2904 2876 2977 p0puli
2906 2904 3136 2976 lepram
3159 2903 3503 2975 dispiciam,
3529 2918 3599 2958 ac
3622 2902 3859 2973 quihac
3890 2900 4243 2972 aegritudine

2583 2993 2815 3050 laboret
2845 2993 2938 3048 vel
2961 2992 3280 3063 mundum,
3302 2992 3396 3048 vel
3418 2991 3802 3047 immundum
3824 2990 4240 3062 pronuntiem:

2583 3099 2765 3156 parce
2784 3083 2963 3153 igitur
2987 3082 3284 3152 dignitati,
3308 3083 3481 3154 eique
3507 3081 3904 3136 reverentiam
3922 3079 4244 3150 habe,quee

818 3167 1138 3242 superbiae,
1166 3172 1382 3227 nutrici
1409 3172 1467 3227 in
1488 3172 1697 3243 spiritu
1724 3172 1985 3228 adhaere.
2004 3175 2306 3238 Quorsum
2329 3190 2467 3230 cum
2512 3199 2550 3254 ρ
2588 3173 2882 3229 Aaronico
2909 3188 2980 3228 ac
3010 3170 3303 3227 Samuelis
3336 3171 3670 3226 sacerdotio
3703 3174 3882 3241 atque
3913 3168 4122 3224 ordine
4150 3183 4247 3222 ve-

818 3258 937 3316 Deo
967 3274 1224 3332 pugnas,
1243 3261 1345 3332 qui
1370 3261 1661 3315 adversus
1691 3261 1899 3316 Christi
1921 3277 2210 3333 sponsam
2241 3263 2480 3321 insania

816 3348 1024 3405 feraris
1044 3349 1071 3402 ?
1097 3346 1440 3406 Maledictio
1461 3353 1673 3406 matris
1695 3351 1850 3405 eruit
1871 3351 2276 3419 fundamenta
2302 3354 2477 3410 “.Sin

816 3442 1020 3494 autem
1038 3437 1141 3493 illa
1165 3438 1345 3494 etiam
1368 3437 1580 3494 Christi
1603 3453 1833 3510 sponsa
1855 3443 1961 3506 est,
1977 3440 2024 3509 ej
2040 3456 2105 3494 us
2133 3440 2475 3498 maledictio

814 3527 963 3599 quid
992 3543 1115 3583 non
1145 3527 1500 3599 praestabit?
1537 3527 1666 3583 Noli
1703 3529 1808 3601 qui
1859 3544 1966 3600 per
2007 3528 2315 3599 baptisma
2361 3533 2462 3588 Dei

814 3615 974 3671 iilius
1005 3617 1196 3673 factus
1213 3633 1297 3684 es,
1329 3617 1387 3672 in
1411 3617 1611 3688 vipere
1629 3617 1813 3672 fetum
1835 3617 1971 3673 dem
1983 3619 2296 3683 utari,eam
2317 3637 2475 3676 mor-

816 3702 1061 3762 dentem
1092 3722 1162 3762 ac
1179 3706 1534 3762 exedentem
1551 3722 1685 3778 quae
1709 3713 1762 3762 te
1788 3707 2081 3779 spirituali
2103 3713 2275 3779 partu
2297 3710 2475 3767 enixa

815 3801 934 3857 est;
964 3811 1159 3868 neque
1191 3796 1462 3866 ingratus
1505 3796 1995 3868 deprehendaris,
2020 3797 2125 3869 qui
2166 3798 2328 3854 velut
2359 3801 2471 3856 asi-

814 3900 930 3941 nus
959 3883 1113 3941 lacte
1144 3884 1436 3940 distentus
1477 3885 1538 3940 in
1583 3884 1853 3940 altricem
1907 3886 2197 3942 calcitres.
2239 3890 2474 3944 Terreat

813 3974 1141 4045 ﬂagellum,
1161 3990 1284 4046 quo
1309 3974 1485 4046 plexo
1513 3975 1691 4030 hodie
1709 3975 2464 4049 Christus,contemptores,

814 4079 886 4122 ac
907 4064 1008 4136 qui
1025 4063 1418 4135 profanarent
1434 4063 1689 4120 domum
1707 4064 2017 4132 orationis,
2033 4064 2320 4121 credendo
2336 4067 2471 4122 abe-

813 4153 899 4224 git
915 4154 984 4210 ‘3.
1007 4155 1241 4208 Terreat
1268 4157 1319 4208 te
1341 4152 1662 4224 proditoris
1683 4153 1876 4219 restis,
1901 4169 1975 4208 ne
1997 4158 2053 4208 et
2083 4154 2209 4225 ipse
2236 4155 2297 4209 in
2330 4171 2465 4211 eam

810 4241 1064 4309 incidas,
1118 4242 1223 4314 qui
1269 4241 1464 4297 locelli
1506 4258 1692 4298 causa
1755 4243 2113 4312 magistrum
2177 4244 2465 4315 tradidit;

810 4348 959 4390 neve
988 4331 1197 4388 nefarii
1222 4348 1431 4388 eorum
1457 4331 1686 4388 consilii
1713 4333 1913 4388 socius
1926 4333 2222 4404 eﬂieiaris,
2242 4335 2469 4406 quibus

812 4438 951 4478 cum
984 4422 1210 4493 Caipha
1238 4425 1294 4476 et
1326 4421 1506 4477 Pilato
1532 4426 1836 4494 pastorem
1869 4428 2177 4493 percutere
2218 4440 2286 4478 ac
2319 4440 2462 4480 oves

809 4512 1155 4583 dispergere
1185 4511 1478 4567 convenit.
1511 4513 1803 4567 Hactenus
1838 4513 1999 4567 enim
2027 4513 2235 4568 omitto
2270 4513 2466 4568 dicere

809 4601 884 4657 de
912 4605 1078 4669 Core,
1111 4601 1367 4657 Datham
1389 4604 1445 4656 et
1471 4599 1717 4665 Abiron,
1742 4617 2002 4673 quorum
2045 4602 2330 4659 seditiosa
2356 4603 2463 4659 ad-

807 4707 1013 4747 versus
1033 4696 1335 4747 Aaronem
1357 4690 1554 4759 coitio,
1583 4690 1931 4747 dehiscente
1962 4696 2116 4747 terra
2148 4708 2220 4748 ac
2250 4691 2462 4748 absor-

805 4780 986 4838 bente
1015 4781 1284 4837 viventes
1307 4797 1446 4836 cum
1474 4779 1778 4837 familiain
1809 4780 2111 4837 infernum
2129 4781 2379 4838 detrusit
2397 4783 2468 4840 ⁸³.

807 4871 926 4926 Nec
951 4870 1082 4942 jam
1109 4870 1256 4926 mihi
1311 4869 1604 4927 Samuelis
1634 4870 1743 4926 erit
1781 4872 2027 4934 mentio,
2082 4872 2256 4942 cujus
2289 4871 2471 4943 spreti

805 4958 1092 5030 injuriam
1117 4959 1179 5015 in
1193 4958 1460 5032 seipsum
1475 4962 1629 5016 Deus
1653 4960 2038 5033 recepit.Non
2061 4962 2238 5028 enim,
2253 4960 2470 5033 inquit,

806 5053 861 5108 te
889 5056 1264 5121 spreverunt,
1281 5050 1385 5106 sed
1409 5051 1586 5106 me“.
1617 5054 1690 5106 At
1718 5065 1831 5107 nos
1853 5066 2050 5123 neque
2076 5049 2338 5116 Samuel,
2370 5066 2471 5107 ne-

805 5153 924 5211 que
951 5139 1129 5211 Elias,
1153 5154 1354 5212 neque
1371 5142 1571 5196 Aaron
1591 5154 1822 5210 sumus,
1839 5140 1944 5212 qui
1965 5139 2329 5196 invocabant
2349 5140 2464 5195 Do-

804 5229 1055 5297 minum,
1097 5235 1152 5286 et
1179 5230 1302 5300 ipse
1328 5229 1687 5287 exaudiebat
1727 5244 1844 5300 eos,
1878 5232 1944 5285 in
1983 5230 2268 5286 columna
2293 5228 2469 5285 nubis

875 5389 1059 5447 “Job
1085 5406 1232 5462 xxxv,
1268 5393 1353 5446 18.
1431 5388 1480 5425 ³⁸
1510 5388 1664 5448 Psal.
1707 5406 1780 5458 Li,
1810 5392 1892 5447 10.
1972 5387 2019 5426 ³⁸
2051 5389 2210 5447 Psal.
2238 5407 2508 5464 Lxxxvm,
2556 5395 2615 5448 21
2654 5394 2818 5461 ;Act.
2844 5390 3092 5462 xm,22;

875 5469 880 5486 τ
917 5463 1020 5498 lnh
1048 5479 1181 5498 νιν-τ
1254 5467 1313 5498 μ)
1369 5465 1434 5498 IL
1501 5467 1564 5498 με
1665 5463 1712 5498 39
1741 5465 1755 5498 Ι
1783 5478 1854 5498 nn
1898 5478 2035 5498 vum
2098 5467 2160 5498 ΑΩ
2263 5464 2310 5498 ιο
2345 5464 2470 5498 οερι
2536 5480 2681 5498 ρννν
2738 5468 2769 5498 ί)
2870 5465 2912 5498 Η
2943 5464 3091 5498 ῐὲηηιί

2342 5464 2492 5521 Psal.
2536 5480 2706 5534 cxxx,
2738 5468 2791 5520 2.
2870 5465 2912 5498 "
2941 5464 3117 5522 Eccli.
3156 5480 3235 5530 ιιι,
3288 5469 3371 5518 11.
3454 5465 3613 5520 Ml.loa

2367 5539 2418 5591 7.
2501 5533 2547 5572 ⁸⁸
2590 5536 2749 5593 Psal.
2782 5552 2974 5604 LXXXI,
3004 5540 3054 5592 6.
3135 5537 3176 5571 ‘7
3222 5538 3372 5606 Dan.
3405 5551 3524 5606 xui,
3559 5538 3613 5592 4.

1975 5605 2020 5646 δι
2056 5608 2259 5669 Matth.
2310 5624 2445 5681 xxxi,
2487 5612 2542 5667 3.

804 5462 880 5498 δ”
909 5463 1020 5519 Job
1047 5479 1203 5528 xxix,
1254 5467 1333 5533 t2,
1369 5465 1454 5530 14,
1501 5467 1586 5533 13.
1665 5463 2060 5533 "_Luc.xvm,
2098 5467 2182 5519 16.

802 5551 919 5605 xw,
952 5537 1044 5592 33.
1122 5536 1169 5570 “
1197 5537 1218 5589 Ι
1243 5531 1384 5606 Reg.
1409 5550 1527 5600 vin,
1551 5532 1609 5590 7.
1687 5531 1734 5570 ‘5
1761 5534 1910 5591 Psal.
1939 5547 2248 5606 LXXXXVHI,
2281 5540 2336 5603 6,
2367 5539 2418 5591 7.

804 5609 851 5682 59
875 5610 1025 5682 Dan,
1051 5609 1294 5682 δικ-26.
1371 5607 1420 5642 ⁵ο
1465 5606 1665 5667 Matth.
1707 5622 1806 5682 vn,
1839 5610 1896 5667 3.

808 5681 899 5739 23.
965 5680 1027 5720 ηπ
1050 5678 1210 5742 Psal.
1237 5694 1438 5754 cxxxu,
1468 5683 1521 5740 2.

2589 3263 2914 3318 nerabilior
2945 3263 3218 3318 exsistat.
3268 3261 3617 3319 Serviebant
3672 3261 3754 3316 illi
3803 3259 4034 3316 umbrae
4086 3258 4244 3314 futu-

2589 3369 2816 3419 rorum,
2849 3367 2960 3408 nos
3000 3357 3201 3407 autem
3227 3351 3439 3406 Christi
3470 3349 3784 3406 sacerdotii
3825 3350 4105 3405 unctione
4146 3347 4246 3402 de-

2586 3441 2758 3497 libuti
2809 3457 3037 3497 sumus.
3075 3441 3215 3506 Quis
3264 3440 3480 3511 majori
3528 3439 3754 3510 Caipha
3795 3439 4246 3494 abominatione

2585 3531 2932 3599 habendus,
2964 3531 3070 3603 qui
3108 3529 3411 3586 Christum
3451 3529 3880 3585 condemnavit
3900 3529 3988 3583 ⁵³⁸1
4019 3527 4117 3584 llle
4151 3526 4239 3582 ni-

2585 3620 2913 3676 hilominus
2943 3620 3078 3676 talis
3110 3635 3218 3675 ceu
3258 3618 3528 3691 pontifex
3567 3619 3710 3674 anni
3739 3618 3895 3673 illius
3925 3615 4244 3690 prophetia

2584 3710 2875 3779 fungitur,
2909 3709 3184 3780 ceditque
3227 3707 3436 3777 lingua
3473 3707 3572 3763 illa
3616 3707 3855 3778 Spiritui
3915 3722 4233 3777 organum,

2584 3816 2721 3871 quae
2755 3799 2931 3854 morti
2983 3799 3284 3854 Christum
3317 3797 3566 3853 addixit.
3613 3798 3703 3854 Sic
3759 3799 3914 3852 Deus
3955 3796 4236 3852 sacerdo-

2586 3889 2732 3944 tium
2763 3889 3064 3944 honorare
3093 3887 3278 3954 novit,
3313 3892 3377 3943 ut
3425 3887 3555 3957 ejus
3587 3902 3773 3942 causa
3804 3887 3981 3942 etiam
4019 3886 4240 3958 Spiritu

2585 3977 2747 4033 aﬂlet
2769 3977 2874 4049 qui
2903 3976 3072 4048 impii
3113 3981 3280 4031 sunt:
3333 3981 3395 4031 tu
3425 3991 3567 4031 vero
3616 3991 3756 4030 cum
3785 3979 3839 4030 te
3869 3974 4108 4030 deceret
4137 3990 4238 4030 sa-

2585 4066 2920 4121 cerdotium
2949 4064 3247 4133 vereri,ac
3278 4071 3496 4120 nostrae
3517 4063 3880 4136 propensius
3908 4062 4240 4119 infirmitati

2581 4169 2870 4227 parcere;
2905 4169 3076 4208 secus
3123 4168 3266 4208 vero
3299 4153 3431 4222 ejus
3475 4152 3792 4208 occasione
3843 4168 3913 4207 ac
3952 4156 4242 4223 praetextu

2580 4246 2935 4301 inconcessa
2971 4243 3292 4315 praesumis
3331 4242 3570 4315 illisque
3609 4242 3808 4314 pueris
3841 4242 4242 4298 succenturia-

2580 4335 2679 4404 ris,
2711 4334 2814 4406 qui
2847 4334 3037 4388 Eliszei
3083 4333 3322 4388 calvum
3376 4337 3561 4404 caput
3593 4333 4069 4401 subsannarunt,
4103 4348 4242 4387 cum

2579 4423 3433 4495 nescirent,quotquantisque
3447 4422 3783 4494 caputillud
3797 4422 3974 4478 donis
3991 4421 4244 4494 Spiritus

2583 4513 2984 4570 ornaretur“.
3039 4512 3189 4567 Vide
3230 4512 3433 4581 igitur,
3465 4527 3540 4567 ne
3595 4516 3659 4567 tu
3700 4527 3944 4584 quoque
3980 4512 4242 4566 ferarum

2578 4603 2789 4677 preeda
2803 4602 3014 4672 factus,
3029 4602 3305 4657 docearis
3333 4602 3642 4674 prophetae
3661 4618 3784 4657 non
3800 4601 4244 4673 illudere,quod

2581 4693 2787 4764 glaber
2813 4693 2887 4748 sit
2933 4708 3004 4748 ac
3053 4691 3304 4764 depilis;
3356 4692 3654 4763 juvenum
3701 4691 3921 4747 scilicet
3959 4691 4243 4764 capillitio

2581 4799 2816 4851 carens,
2848 4781 2954 4838 sed
2984 4783 3257 4838 venerari
3280 4797 3350 4837 ac
3374 4781 3585 4853 colere,
3617 4782 3785 4855 quod
3813 4786 4030 4837 unctus
4065 4781 4242 4854 Spiri-

2584 4877 2680 4929 tus
2702 4877 2809 4938 est,
2837 4871 3003 4928 velut
3028 4871 3209 4928 etiam
3233 4875 3544 4942 unguento
3574 4870 3741 4944 quod
3770 4870 3831 4926 in
3852 4871 4105 4928 Aaronis
4150 4887 4247 4928 ca-

2581 4962 2723 5035 pite,
2753 4961 2814 5018 in
2836 4961 3246 5018 venerabilem
3276 4961 3441 5018 illam
3461 4960 3717 5017 barbam
3749 4959 4146 5016 descendit“.

2584 5052 2720 5106 Haec
2742 5067 2778 5107 a
2809 5066 2905 5106 me
2928 5055 3178 5122 paterne
3220 5065 3291 5106 ac
3316 5049 3653 5122 disciplinae
3685 5064 3870 5105 causa
3899 5048 4059 5103 dicta
4084 5049 4245 5114 sunt,

2581 5156 2706 5196 non
2718 5138 3199 5212 reprehendendi
3214 5144 3317 5196 aut
3330 5138 3656 5196 ulciscendi
3670 5137 4072 5194 libidine.Non
4086 5135 4248 5192 enim

2583 5233 2819 5286 tantum
2849 5228 3050 5287 valeat
3082 5229 3346 5286 fraterna
3375 5228 3620 5300 injuria,
3652 5232 3718 5285 ut
3757 5226 3971 5284 Christi
4007 5225 4250 5299 penitus

3171 5391 3214 5426 ³⁷
3254 5390 3409 5448 Psal.
3438 5407 3586 5458 cxxx,
3621 5394 3675 5445 7.
3753 5390 3799 5426 ³⁸
3825 5387 3976 5446 Psal.
4011 5404 4160 5457 cxIx,
4192 5391 4247 5444 7.

3454 5465 3694 5520 “Joan.
3721 5478 3784 5532 ιι,
3825 5467 3911 5517 15.
3997 5463 4046 5495 ⁸³
4069 5464 4249 5516 Num.

3454 5551 3524 5605 tu,
3559 5538 3613 5592 4.
3696 5536 3742 5570 ⁸⁸
3771 5539 3788 5590 l
3819 5536 3965 5605 Reg.
3993 5549 4131 5602 xvu,
4155 5533 4248 5589 34.

3947 5573 3965 5589 ο
3993 5573 4131 5602 AVII,
4155 5573 4248 5589 V‘I.

2620 5611 2668 5646 ⁵³
2708 5608 2884 5668 Hebr.
2925 5603 3045 5679 xm,
3090 5612 3174 5666 17.
3252 5603 3301 5646 ⁸³
3328 5603 3517 5669 10811(
3545 5623 3628 5679 11,
3661 5609 3749 5665 49.
3829 5607 3877 5644 ⁵⁵
3913 5603 3980 5664 lV
4010 5605 4153 5679 Reg.
4186 5621 4249 5680 ii,
