4480 6430
291 373 400 431 329

1784 358 2167 434 EPiSTOLJE.

3554 390 3662 454 330

289 496 648 568 patientiam
698 495 1004 571 explodet,
1037 491 1261 571 quibus
1285 482 1454 553 nulla
1481 485 1598 554 alia
1615 495 1769 554 ratio
1799 513 1896 555 ea-
1929 501 1978 557 Α
2007 515 2138 556 cem
2176 499 2438 572 egissent
2479 491 2834 577 interpellat,
2866 504 2933 563 ut
2961 510 3180 565 cuncta
3207 513 3569 584 reconciliet,
3602 523 3663 578 et

291 601 432 642 rum
470 602 627 660 quas
676 602 840 644 nunc
894 587 1136 658 agimus
1184 584 1597 642 celebritatum
1627 585 1897 656 exsistat,

289 688 480 745 quam
507 674 691 745 longa
718 675 819 732 illa
849 676 1056 732 Christi
1102 674 1414 732 tolerantia
1439 677 1620 746 atque
1658 673 1897 745 lenitas,

290 777 418 833 qua
449 763 674 820 nedum
725 764 968 836 patitur,
1017 763 1246 837 fertque
1276 761 1665 835 impertubati
1710 754 1898 820 animi

290 849 575 908 ﬁrmitate
607 853 957 926 turpissima
1004 858 1200 926 sputa,
1235 852 1508 919 verbera,
1540 851 1770 926 alapas,
1799 867 1898 910 ve-

287 953 431 996 rum
461 940 644 998 etiam
675 944 864 999 Deum
891 957 962 1000 ac
994 942 1256 1009 Patrem,
1280 957 1392 1015 pro
1417 940 1487 998 iis
1521 941 1627 1016 qui
1662 941 1725 1000 in
1769 957 1902 1000 cru-

286 1125 3057 1153 Ἢ

1018 1314 1894 1447 MICHAELIS

2007 587 2070 644 in
2091 603 2282 644 unum
2311 589 2648 647 concordia:
2687 591 2999 651 vinculum
3046 601 3224 666 cogat
3256 614 3270 654 :
3326 603 3433 673 qui
3461 608 3520 662 et
3546 621 3660 664 nos

2007 675 2069 732 in
2096 691 2217 732 uno
2245 676 2453 749 spiritu
2483 693 2726 752 unoque
2762 680 2968 738 animo
3017 692 3481 760 coagmentans,
3509 692 3662 767 idip-

2009 780 2144 821 sum
2173 782 2384 839 sapere
2414 773 2593 841 atque
2620 769 2820 827 dicere
2846 771 3181 830 secundum
3231 776 3527 838 Christum
3575 782 3664 840 in-

2007 853 2208 914 ducat.
2236 857 2354 929 ipsi
2374 855 2564 929 gloria
2591 856 2655 916 in
2683 859 2907 918 saecula
2929 860 3309 923 saeculorum.
3337 873 3547 929 Amen.

2003 1316 2940 1460 ACOMINATI

1685 1575 2267 1668 CHONIAT/E

785 1780 1135 1844 EPlSTOLE
1171 1785 1266 1841 AD
1307 1780 1749 1841 EUSTATHIUM
1787 1783 2507 1851 THESSALONICENSEM
2541 1794 3172 1859 ARCHIEPISCOPUM;

538 2069 611 2126 A'.
643 2077 728 2142 Τῷ
751 2069 1110 2128 Θεσσαλονίκη
1123 2087 1162 2142 ς,
1190 2066 1333 2144 κυρῷ
1358 2065 1657 2142 Εὐσταθίῳ.

358 2177 525 2248 Ὠμοι
557 2176 699 2250 ἕγώξ
750 2183 801 2232 τί
839 2183 1240 2239 ποτε’τοσοῡτος
1289 2175 1517 2252 ὑπερῥύη
1559 2180 1768 2250 χρόνος,
1807 2180 1897 2229 καὶ

280 2273 516 2341 γράμμα
539 2277 629 2330 τῆς
662 2276 762 2329 σῆς
799 2269 894 2322 οὐκ
925 2265 1178 2340 ἐδεξάμην
1206 2268 1499 2338 ἁγιότητος,
1534 2273 1896 2340 μακαριώτατα

283 2344 546 2426 δίο-ποτα,
571 2358 632 2410 ἶν’
675 2357 904 2432 ἀκριϐῶς
931 2355 1148 2428 εἰδείην,
1171 2359 1305 2418 ὃπως
1334 2361 1561 2414 ἦνυοταί
1594 2376 1678 2410 σοι
1706 2359 1771 2409 τὰ
1800 2364 1894 2419 τῆς

284 2441 620 2520 ὁδοιπορίας,
648 2450 782 2509 ὅπως
813 2446 864 2510 ές
902 2453 997 2506 την
1028 2446 1451 2501 Θεσσαλονικέων
1508 2445 1733 2518 ἀοίκους
1776 2452 1892 2505 Μή-

280 2536 404 2588 ποτ’
427 2538 458 2594 ἡ
502 2541 901 2609 νυμφευσαμένη
933 2555 989 2590 σε
1018 2536 1166 2598 πόλις
1197 2537 1329 2594 αὕτη
1358 2539 1492 2588 κατά
1521 2539 1611 2597 τὰς
1645 2534 1891 2608 βαρυζή-

288 2620 412 2688 λους
439 2633 539 2677 τῶν
563 2634 825 2697 γυναικῶν
856 2627 950 2678 οὐκ
990 2625 1229 2696 ἀνέχεται
1259 2624 1658 2697 ἐπιστρέφεσθαι
1687 2643 1743 2677 σε
1767 2627 1892 2698 πρὸς

279 2718 378 2772 τὴν
413 2719 811 2768 Κωνσταντίνου.
841 2719 936 2774 τὴν
987 2711 1268 2788 βασιλίδα,
1319 2716 1436 2766 οὔτε
1464 2718 1566 2786 μὴν
1615 2711 1890 2776 ἑπιστολὰς

283 2803 393 2856 οἷον
427 2803 750 2876 μηλοϐολεῑν,
796 2803 902 2856 ἀλλ’
938 2803 1101 2866 αὐτῆς
1127 2803 1238 2856 ὅλον
1273 2811 1421 2872 εῖναι,
1450 2808 1541 2855 καὶ
1565 2806 1735 2854 πάντα
1762 2799 1866 2874 τῇδ
1871 2821 1891 2855 ε

279 2893 648 2968 χαρίζεσθαις
683 2892 750 2946 ἸΙ
781 2901 937 2946 τοῦτο
976 2896 1064 2965 μεν
1104 2893 1233 2964 οὐχί
1258 2908 1270 2922 ⁸
1300 2896 1395 2945 οἴει
1423 2888 1502 2960 δὲ,
1526 2895 1697 2966 ὧσπερ
1729 2891 1890 2944 τοῖλλα

281 2989 376 3034 τοῦ
396 2987 654 3055 παρόντος
672 2984 875 3035 ἄπιστα
889 2990 1096 3056 καιροῦ,
1113 2982 1248 3034 οὕτω
1272 2987 1361 3034 καὶ
1383 2985 1440 3033 τὸ
1463 2986 1580 3053 περὶ
1603 2984 1658 3034 σε
1681 2981 1887 3053 φίλτρον

280 3071 378 3123 οὐκ
417 3067 664 3143 ἔμπεδον,
694 3077 783 3124 καὶ
803 3075 947 3144 παρά
974 3079 1124 3124 τοῦτο
1154 3067 1267 3123 οὐδ’
1301 3070 1455 3131 αὐτὸς
1486 3069 1668 3131 ἑοελεις
1700 3069 1888 3142 φυλάτ-

277 3179 384 3214 τειν
417 3161 602 3233 θερμὸν
629 3165 715 3214 τὸν
746 3158 1045 3235 ἀντέρωτα;
1087 3159 1221 3212 Ἀλλ’
1255 3159 1349 3212 οὐκ
1376 3162 1490 3212 ἔστι
1511 3167 1680 3226 τοῦτο,
1714 3159 1773 3212 οὐ
1813 3163 1888 3232 μά

277 3255 374 3307 τὴν
407 3254 506 3307 σὴν
548 3251 686 3325 ἱεράν
717 3251 960 3322 κεφαλήν.
995 3249 1198 3303 Μᾶλλον
1229 3252 1319 3322 μὶν
1358 3245 1446 3301 οὖν
1475 3256 1561 3301 νῦν
1586 3251 1635 3301 οἱ
1673 3250 1888 3302 #0009»-

274 3358 360 3401 τες
390 3337 541 3391 πλέον
580 3348 652 3411 τῷ
704 3340 848 3410 πόθῳ
882 3342 1161 3411 κάμνουσι,
1211 3343 1443 3412 παρόσον
1473 3347 1534 3411 τῇ
1595 3338 1887 3399 ἀποστάτες

1932 2068 1974 2127 Β
2006 2071 2046 2127 l.
2079 2070 2333 2132 Domino
2352 2073 2688 2149 Eustathio,
2726 2081 3165 2144 Thessalonice:
3194 2087 3658 2164 archiepiswpo;

2074 2178 2158 2233 Mc
2183 2177 2468 2238 miserum
2498 2181 2510 2238 l
2544 2186 2841 2257 quantum
2871 2193 3107 2264 tempus
3135 2191 3416 2266 elapsum
3445 2201 3555 2262 est,
3589 2213 3662 2254 ex

2000 2277 2129 2357 quo
2146 2266 2461 2357 epistolam
2487 2287 2524 2328 a
2547 2275 2862 2333 sanctitate
2894 2281 2997 2335 tua
3022 2294 3142 2336 non
3168 2283 3538 2357 accepi,quas
3562 2292 3663 2343 me’

2001 2349 2077 2405 de
2114 2350 2321 2410 itinere
2354 2361 2456 2414 tuo
2487 2363 2545 2415 et
2573 2359 2636 2416 in
2667 2362 2880 2421 urbem
2912 2349 3364 2427 Thessalonices
3397 2349 3663 2430 adventu

2000 2441 2312 2499 certiorem
2351 2444 2592 2504 faceret.
2650 2449 2820 2509 Nunc
2876 2453 3026 2512 forte
3085 2456 3248 2526 urbs,
3295 2474 3506 2516 recens
3553 2459 3662 2519 tibi

1997 2529 2210 2621 nupta,
2242 2541 2410 2590 more
2445 2535 2813 2598 feminarum
2852 2559 2988 2616 quae
3015 2543 3313 2620 zelotypia
3342 2555 3658 2621 vexantur,

1997 2632 2123 2675 non
2153 2619 2259 2676 tibi
2289 2625 2575 2694 permittit
2597 2624 2805 2686 oeulos
2847 2631 2910 2687 in
2959 2619 3331 2693 Constantini
3386 2619 3662 2709 reginam

1998 2714 2360 2778 convertere,
2392 2713 2619 2772 nedum
2641 2719 2828 2789 poma
2852 2715 3072 2778 favoris
3115 2725 3167 2779 ei
3197 2725 3428 2783 mittere
3455 2728 3507 2784 ei
3545 2728 3657 2786 soli

1996 2796 2172 2890 unice
2197 2798 2508 2890 deditum?
2529 2807 2737 2863 Nonne
2767 2812 2859 2864 est
2886 2805 3010 2867 ita?
3040 2814 3113 2868 At
3132 2813 3205 2869 de
3229 2815 3483 2886 perfidia
3512 2820 3655 2890 que;

1995 2885 2183 2953 ritur;
2234 2893 2288 2945 te
2340 2889 2541 2962 ipsum
2593 2893 3012 2955 inconstantia:
3053 2902 3114 2957 in
3145 2885 3353 2962 amore
3383 2885 3654 2966 accusat.

1997 2976 2059 3029 ln
2109 2990 2232 3048 quo
2265 2977 2512 3050 fallitur,
2545 2991 2652 3055 per
2682 3001 2921 3043 sacrum
2953 2993 3122 3046 tuum
3154 2995 3372 3065 caput!
3428 2999 3657 3056 interea

1994 3070 2198 3120 autem
2225 3067 2403 3124 amici
2425 3070 2508 3125 tui
2530 3070 2828 3131 desiderio
2844 3075 3154 3147 laborant;
3180 3096 3251 3138 ex
3273 3082 3466 3140 oculis
3492 3087 3656 3144 enim

1995 3153 2304 3212 sublatum
2357 3161 2410 3213 te
2462 3175 2818 3234 recuperare
2846 3167 3129 3236 gestiunt.
3165 3170 3258 3226 Sic
3287 3171 3396 3241 sol,
3438 3174 3523 3230 sic
3563 3192 3657 3234 sa-

1994 3243 2150 3301 nitas
2181 3249 2308 3302 tum
2339 3249 2590 3306 maximi
2646 3253 2948 3325 penditur,
2976 3256 3081 3313 ubi
3109 3257 3304 3317 hiems
3332 3261 3509 3332 dura,
3551 3256 3658 3324 aut

1994 3332 2244 3425 morbus
2265 3339 2368 3391 aut
2384 3337 2549 3394 aliud
2572 3340 2802 3398 malum
2824 3345 3236 3421 quodcunque
3255 3350 3656 3425 irruperit.Sic

272 3429 423 3481 πλέον
453 3436 526 3499 τῷ
554 3430 698 3500 πόθῳ
729 3431 1011 3500 κάμνουσι,
1067 3431 1299 3502 παρόσον
1339 3437 1401 3500 τῇ
1437 3426 1730 3481 ἀποστάσει
1760 3449 1886 3501 μαν.
1916 3423 1958 3480 C
1991 3424 2038 3478 Α

1885 3423 1958 3480 C
1991 3421 2385 3515 Athenienses
2444 3430 2747 3486 Socratem
2788 3433 3318 3497 calumniabantur
3354 3421 3654 3515 quamdiu

273 3521 542 3586 Θανουσιν,
571 3521 675 3572 οἷον
703 3523 906 3592 ἔχοντες
946 3518 1144 3590 ἀγαθόν
1174 3518 1446 3572 ἐλάνθανον
1495 3518 1705 3579 ἑαυτούς
1728 3538 1743 3553 ο
1778 3518 1884 3571 ἐπεὶ

270 3615 362 3660 καὶ
388 3607 579 3678 θέλ-,ὗες
608 3609 877 3678 ἡλίου,καὶ
903 3611 1072 3680 ὑγεία,
1104 3613 1188 3661 καὶ
1221 3609 1358 3661 ἅπαν
1387 3607 1542 3660 καλὸν
1563 3613 1678 3661 τότε
1694 3607 1882 3680 μᾶλλον

272 3699 624 3770 θαυμάζεται,
650 3701 804 3756 ἡνίκα
835 3697 1006 3772 βαρὺς
1039 3698 1339 3770 ἐμπεσεῖται
1360 3703 1580 3770 χειμὼν,
1623 3703 1710 3750 καὶ
1733 3703 1883 3760 νόσος

272 3785 555 3861 εἰσφθαρῇ,
599 3793 687 3838 καὶ
717 3790 783 3839 τὰ
812 3797 906 3848 τῆς
939 3786 1168 3849 ἐναντίας
1208 3786 1333 3850 ὅλως
1360 3793 1675 3860 συστοιχίας
1716 3786 1882 3842 ἀντει-

275 3878 484 3948 σαχθῇ.
545 3877 695 3928 Οὖτω
753 3881 844 3928 καὶ
879 3877 1147 3934 Ἀθηναῖοι
1197 3879 1472 3951 Σωκράτην
1531 3879 1737 3948 ἔχοντες
1791 3881 1882 3948 μὲν

273 3963 608 4029 ἐϐάσκαινον,
640 3969 769 4038 μετὰ
798 3961 856 4018 δὲ
885 3970 979 4024 τὴν
1015 3966 1203 4018 κύλικα
1240 3969 1303 4026 ὡς
1341 3969 1496 4038 σοφὸν
1540 3964 1833 4038 ἐθαύμαζον
1866 3983 1879 3997 ⁶

273 4061 367 4107 καὶ
414 4056 538 4127 ὅπερ
564 4051 764 4128 ᾔδεσαν
805 4057 1010 4127 ἔχοντες
1042 4053 1256 4126 ἀγαθόν,
1300 4062 1454 4107 τοῦτο
1485 4053 1880 4128 ἀποϐαλομενοι,

277 4143 502 4195 ἐπόθουν
534 4141 959 4215 ἀνακαλούμενοι.
988 4150 1087 4196 Σοῦ
1128 4139 1185 4195 δὲ
1214 4148 1303 4195 καὶ
1348 4148 1595 4217 πρότερον
1623 4150 1886 4218 περιειχό-

276 4233 434 4304 μεθα,
479 4237 566 4284 καὶ
623 4240 709 4284 νῦν
761 4235 837 4284 ἔτι
897 4231 1087 4304 μᾶλλον
1135 4233 1384 4290 ποθήσειν
1425 4231 1714 4305 ἐμέλλομεν.
1742 4233 1885 4286 Ἐπεὶ

277 4325 456 4372 τοίνυν
492 4323 630 4392 ἔχεις
658 4323 839 4393 μαθὼν
881 4325 974 4380 τὴν
1018 4326 1134 4395 περὶ
1166 4324 1222 4375 σε
1250 4328 1338 4373 νῦν
1377 4320 1596 4374 ἐνταῦθα
1627 4317 1887 4387 διάθεσιν,

281 4407 566 4477 ἐπίστελλε,
603 4415 888 4482 σοφώτατε.
940 4417 1122 4465 Φεῖσαι
1174 4410 1345 4484 κάμοῦ
1386 4407 1888 4485 διατεθρυλλημένου

276 4502 344 4551 τα
369 4495 475 4558 ὧτὴ
510 4502 652 4573 παρὰ
680 4508 780 4552 τῶν
807 4502 1198 4574 πυνθανομένων
1224 4504 1290 4554 τὰ
1316 4505 1431 4578 περὶ
1464 4507 1579 4558 σοῦ.
1605 4504 1886 4577 Διατηροίη

279 4607 338 4642 σε
371 4592 503 4652 Θεὸς
527 4588 903 4664 πολυχρόνιον.

530 4695 598 4751 Β’.
625 4703 708 4768 Τῷ
741 4697 1154 4767 Θεσσαλονίκης,
1179 4706 1320 4772 κυρῷ
1343 4698 1641 4772 Εὑσταθίῳ.

1993 3526 2134 3606 cum
2162 3512 2236 3606 iis
2266 3513 2542 3606 vivebat;
2577 3535 2811 3578 veneno
2848 3522 3142 3598 absorpto
3167 3512 3394 3586 mortui
3416 3533 3654 3606 sapiens

1991 3601 2140 3695 tiam
2166 3603 2228 3695 in
2275 3605 2495 3664 coelum
2521 3607 2831 3681 tollebant,
2862 3617 2919 3669 et
2949 3615 3146 3673 virum
3177 3624 3354 3677 antea
3381 3601 3654 3695 spretum

1991 3705 2065 3748 ex
2110 3691 2322 3751 intimo
2353 3696 2556 3753 animo
2603 3697 2946 3758 desiderare
2994 3719 3120 3762 non
3163 3691 3500 3769 cessarunt.
3533 3715 3654 3771 Nos

1992 3797 2236 3873 quoque
2267 3799 2537 3873 amorem
2575 3803 2699 3860 quo
2749 3794 2802 3846 te
2843 3808 3082 3866 semper
3111 3798 3375 3870 amplexi
3414 3818 3651 3873 sumus,

1991 3869 2052 3925 in
2083 3872 2259 3965 nobis
2275 3872 2497 3965 jugiter
2526 3891 2790 3934 crescere
2819 3882 3130 3941 sentimus.
3160 3869 3328 3945 Nunc
3357 3869 3656 3965 igitur,vir

1993 3961 2456 4035 sapientissime,
2499 3981 2640 4023 cum
2670 3972 2725 4024 te
2781 3969 2935 4027 adeo
2965 3971 3133 4045 diligi
3173 3975 3364 4047 vides,
3397 3961 3654 4040 tandem

1992 4048 2170 4145 nobis
2203 4052 2489 4113 rescribe.
2522 4057 2722 4128 Parce,
2756 4073 2986 4131 quasso,
3037 4064 3286 4124 auribus
3319 4069 3472 4126 meis
3499 4086 3656 4145 quas

1995 4138 2502 4232 circumstrepunt
2566 4144 2861 4205 clamores
2919 4161 3131 4210 eorum
3195 4156 3300 4229 qui
3341 4138 3655 4232 quomodo

1994 4228 2699 4375 valeaslperscrutantur.
2732 4239 2889 4298 Deus
2919 4244 2973 4299 te
2999 4228 3275 4319 protegat
3302 4228 3411 4322 per
3431 4252 3656 4316 multos

1999 4333 2191 4375 annos

1999 4333 2191 4376 annos

2002 4694 2072 4752 II.
2102 4697 2355 4756 Domino
2383 4697 3172 4782 Eustathio,archiepiscopo
3193 4709 3658 4781 Thessalonices.

352 4799 634 4877 Εὐδαίμων
666 4805 812 4867 οὗτος
844 4805 994 4881 ἀνὴρτ
1024 4811 1114 4859 καὶ
1145 4810 1189 4859 εἰ
1243 4826 1326 4868 τις
1383 4805 1552 4870 ἀλλος.
1596 4806 1765 4860 Πάλαι
1801 4809 1890 4880 μὶν
1922 4783 1967 4840 D
2073 4804 2121 4858 Ε

1922 4783 1967 4840 Ῑ)
2073 4804 2432 4864 Fortunatus
2460 4809 2628 4868 hicce
2679 4812 2771 4870 vir
2827 4815 2983 4873 inter
3012 4833 3251 4880 omnes.
3289 4825 3457 4883 Prius
3499 4830 3661 4888 enim

277 4901 375 4955 τῆς
401 4897 526 4966 πρός
552 4896 644 4954 τὴν
674 4901 770 4954 σὴν
819 4895 1076 4968 ἀγίότητα
1126 4898 1399 4958 συνηθείας
1438 4900 1594 4970 ἔσχεν
1634 4897 1890 4970 εὐτυχῶς,

281 4988 551 5054 σοφώτατε
584 4979 820 5036 δέσποτα
853 5001 866 5015 ⁶
928 4978 1040 5038 εἶτα
1095 4981 1146 5038 δ’
1185 4984 1270 5038 ἐπὶ
1308 4991 1499 5062 χρόνον
1530 4989 1646 5040 τινά
1683 4995 1775 5040 τοῦ
1805 4992 1894 5041 καὶ

281 5071 528 5144 ἀγγέλοις
586 5073 762 5137 αὐτοῖς
812 5071 1094 5149 αἰδεσίμου
1135 5096 1421 5150 προσωπου
1474 5074 1718 5146 διαστὰς,
1748 5079 1895 5142 αὖθις

276 5167 374 5220 τὴν
443 5162 696 5233 αὐτοψίαν
749 5160 908 5218 τοῦδε
973 5168 1112 5218 κατά
1171 5168 1302 5220 θεῖον
1344 5167 1640 5239 ηὐτύχησε,
1687 5172 1895 5244 σκιερὰν

279 5248 332 5304 δ’
383 5253 485 5305 ὑπὸ
541 5257 728 5325 φηγόν,
772 5252 943 5308 ἀελίου
1004 5258 1308 5331 φρύγοντος,
1349 5255 1630 5334 ὁδοιπόρος
1675 5255 1895 5334 ἔδραμεν

278 5344 345 5402 ὡς
388 5361 488 5403 τις.
522 5348 672 5415 Ἡμῖν
719 5339 778 5396 δὲ
819 5351 1075 5420 τοῖςπερὶ
1121 5354 1213 5399 τοῦ
1273 5355 1367 5400 σοῦ
1392 5351 1558 5401 πόθου
1607 5349 1895 5421 κάμνουσιν

280 5425 558 5503 ἀμήχανον
607 5435 664 5484 τὸ
721 5429 912 5503 δεινόν,
944 5435 1033 5495 ἓως
1067 5437 1093 5487 ό
1141 5436 1259 5489 καθ’
1306 5438 1444 5510 ἡμᾶς
1497 5441 1562 5489 σὺ
1614 5441 1769 5510 μόνος
1816 5439 1897 5500 ζέ-

280 5539 440 5594 φυρος
501 5527 596 5580 τὴν
647 5525 737 5594 μὲν
801 5529 898 5582 σὴν
937 5521 1333 5600 πανευδαίμονα
1363 5526 1756 5587 Θεσσαλονίκην
1789 5533 1897 5594 εἴης

283 5618 582 5686 περιηχῶν,
616 5612 758 5684 ἡμᾶς
806 5610 856 5666 δ’
897 5613 1070 5668 οὐκέτι
1131 5615 1384 5689 ζωογόνον
1438 5621 1750 5694 περιπνέοις,
1806 5625 1896 5673 καὶ

279 5703 338 5782 τὸ
370 5702 568 5758 λυποῦν
621 5701 758 5755 ἅπαν
818 5701 1120 5779 ἀναψύχοις
1177 5709 1241 5772 ὡς
1285 5713 1554 5785 πρότερον.
1584 5705 1714 5772 Εἶτα
1749 5715 1893 5779 τίνας

577 5795 827 5874 Ρλτηοι,
867 5796 970 5860 Gn.
1011 5799 1163 5862 CXL.

2004 4894 2058 4951 ei
2110 4910 2250 4952 cum
2300 4900 2613 4957 sanctitate
2666 4905 2770 4960 tua
2816 4905 3016 4964 vivere
3046 4911 3312 4983 contigit,
3343 4931 3507 4974 nunc
3559 4935 3664 4978 au-

2005 4989 2124 5042 tem
2149 4991 2479 5060 postquam
2513 4991 2712 5048 vultus
2737 4993 2821 5050 tui
2865 4994 3015 5068 ipsis
3045 5002 3275 5072 angelis
3303 5008 3665 5069 venerabilis

2005 5081 2252 5148 aspectu
2271 5093 2379 5150 per
2400 5085 2640 5153 tempus
2663 5081 2913 5158 aliquod
2942 5089 3214 5160 privatus
3238 5093 3527 5165 fuisset,te
3549 5101 3668 5160 fori

2004 5171 2154 5266 tuna
2177 5168 2263 5266 sic
2288 5169 2546 5266 volente,
2562 5172 2777 5266 denuo
2793 5177 3124 5250 aspiciendi
3147 5185 3386 5257 copiam
3407 5190 3668 5266 adeptus

2006 5261 2112 5348 est,
2163 5263 2230 5314 ut
2255 5273 2364 5331 per
2397 5260 2624 5318 calores
2655 5265 2896 5323 aestivos
2924 5269 3120 5328 viator
3169 5273 3232 5331 in
3270 5275 3394 5348 fagi
3451 5260 3672 5344 umbra

2004 5347 2273 5448 quietem
2323 5350 2492 5448 petit.
2545 5355 2664 5448 l‘los
2697 5360 2920 5448 autem,
2973 5360 3059 5417 tui
3108 5347 3404 5425 desiderio
3449 5378 3667 5448 vexati,

2005 5438 2332 5511 omnijam
2365 5439 2664 5537 solamine
2718 5446 2942 5519 privati
2992 5467 3224 5526 sumus,
3281 5471 3355 5514 ex
3409 5475 3530 5532 quo
3585 5438 3672 5537 tu,

2005 5544 2129 5602 quo
2157 5544 2282 5587 uno
2321 5531 2590 5605 zephyro
2621 5535 3068 5610 gaudebamus,
3100 5542 3383 5604 dilectam
3430 5531 3677 5613 habitas

2005 5615 2491 5695 Thessalonicen,
2521 5623 2672 5682 nihil
2686 5626 2818 5699 jam
2838 5628 3016 5688 nobis
3042 5633 3323 5706 aspirans
3343 5637 3675 5705 lenimenti.

2004 5711 2096 5773 Ad
2134 5713 2317 5790 quoa,
2354 5714 2474 5783 nisi
2523 5715 2604 5782 ad
2655 5733 2791 5796 n08,
2845 5721 3297 5790 calamitatibus
3327 5748 3678 5881 1oppresses

3365 5824 3391 5881 1

3365 5824 3391 5882 1
