4480 6430
887 427 991 486 331
1765 427 2136 484 MICHAELIS
2172 429 2556 485 ACOMINATI
2591 426 3021 489 ATHENARUM
3057 425 3377 489 ARCHIEP.
4139 436 4229 501 3.32

884 547 1074 605 verba
1109 545 1315 619 aliqua
1344 546 1747 605 consolatoria
1795 550 2065 606 miseris?
2095 552 2288 616 Quam
2343 551 2533 621 regio-
2563 556 2610 608 Α
2641 572 2653 603 1

2458 551 2533 607 io-
2563 556 2610 608 Α.
2641 553 2763 626 παρ’
2812 555 2952 624 ἡμᾶς
3012 556 3078 615 ὡς
3145 557 3638 629 ὑπερεκκαιομένους
3692 561 3836 632 ἡμῶν
3893 560 3920 609 6
3970 562 4227 630 συμπαθὴς

883 652 1047 705 nem,
1076 635 1193 692 nisi
1217 640 1488 692 nostram
1519 637 1658 706 igne
1676 637 2008 707 ardentem,
2027 641 2222 709 magis
2252 646 2531 696 vexatam
2642 640 2652 691 ε

2456 657 2531 696 ιω
2642 639 2790 693 ἐλεεῖν
2830 643 3059 714 ἔγραφες,
3116 644 3145 701 ἡ
3186 647 3302 694 τίνα
3366 648 3506 717 παρὰ
3544 649 3610 697 τὰ
3655 648 3772 698 καθ’
3813 650 3948 719 ἡμᾶς
4002 653 4225 721 πυρφόρα

881 725 1126 796 ignibus
1139 723 1462 796 appellaris
1475 740 1660 796 quam
1682 726 2142 782 Thessalonicen
2156 729 2184 782 ‘2
2210 729 2530 799 Liquefacti
2642 748 2650 778 ι

2455 732 2530 784 cti
2642 727 2837 791 ἕκάλεις
2893 730 3138 802 κλίματα,
3199 733 3269 791 ὡς
3320 741 3410 784 τοῦ
3469 737 3605 785 κατά
3670 735 4060 797 Θεσσαλονίκης
4105 757 4220 787 καυ-

879 827 994 869 nos
1039 829 1287 886 prorsus
1319 813 1507 868 nimio
1533 813 1749 883 calore,
1782 815 1843 869 in
1869 817 2127 871 cinerem
2166 817 2528 886 redigemur,

878 901 1126 974 quando
1157 900 1425 972 epistolis
1465 902 1581 957 tuis
1612 903 1767 958 ultra
1803 904 2015 975 privati
2053 905 2296 961 erimus.
2331 907 2374 960 Ο
2434 922 2530 960 me

875 989 1198 1045 miserum!
1235 990 1520 1055 Quamvis
1559 991 1719 1046 enim
1760 993 2024 1047 Euxinus
2052 993 2301 1049 boream
2326 994 2530 1050 laetum

875 1079 1052 1134 mittit
1089 1095 1211 1150 quo
1270 1083 1394 1134 tota
1438 1081 1604 1149 regio
1655 1080 2002 1150 refrigescit.
2035 1083 2276 1137 animus
2325 1089 2529 1138 tamen

873 1167 1022 1223 mihi
1050 1167 1130 1223 ob
1161 1168 1490 1223 sanctitatis
1540 1174 1656 1223 tuae
1709 1169 2047 1225 absentiam
2078 1173 2215 1239 igne
2245 1171 2530 1226 inexstin-

873 1256 1084 1326 guibili
1139 1256 1482 1312 devoratur.
1519 1257 1700 1313 Crede
1740 1259 1887 1313 mihi
1927 1277 1940 1312 :
1988 1261 2221 1330 quoties
2253 1261 2526 1315 animum

871 1361 1128 1401 maerore
1153 1360 1512 1416 oppressum
1540 1346 1808 1402 relaxare
1840 1348 2052 1418 cupio;
2083 1349 2318 1420 quoties
2356 1349 2430 1402 de
2456 1349 2524 1418 iis

870 1449 1008 1506 quae
1039 1434 1193 1488 inter
1219 1433 1546 1503 legendum
1604 1436 1806 1490 minus
1850 1435 2006 1490 bene
2051 1437 2520 1507 comprehendo,

870 1538 1010 1578 cum
1040 1523 1235 1578 amico
1264 1522 1466 1594 aliquo
1494 1523 1659 1594 loqui
1688 1523 1845 1593 volo,
1867 1525 2096 1580 vicinos
2121 1525 2390 1596 quidem,
2416 1527 2522 1580 sed

867 1611 1091 1666 frustra
1114 1626 1339 1682 quaero.
1377 1610 1528 1675 Quid
1558 1611 1735 1679 igitur
1755 1613 1782 1666 ?
1824 1613 1912 1666 Ad
1943 1628 2235 1680 magnum
2279 1614 2522 1671 Thessa-

864 1699 1089 1754 lonices
1116 1703 1422 1770 pastorem
1473 1698 1680 1754 oculos
1713 1704 2016 1763 converto,
2049 1707 2105 1755 et
2135 1703 2364 1755 Patrem
2397 1704 2517 1773 spi-

860 1786 1157 1855 ritualem,
1192 1786 1650 1852 consolatorem,
1680 1788 2108 1853 consiliarium,
2141 1789 2202 1842 in
2232 1791 2516 1844 omnibus

862 1875 1276 1931 auxiliatorem
1325 1890 1465 1928 cum
1530 1873 1752 1930 ﬁducia
1802 1875 2044 1932 invoco.
2114 1877 2256 1931 Hinc
2312 1878 2514 1933 fumus
2547 1894 2631 1947 Β·

2445 1895 2514 1933 us
2547 1894 2586 1947 Β
2624 1900 2720 1949 γαν
2782 1889 2880 1930 τῶν
2947 1881 3366 1933 Θεσσαλονικέων
3433 1889 3651 1954 ποιμένα
3716 1887 3816 1937 ὑπὸ
3870 1894 3962 1946 τῆς
4002 1891 4211 1957 ποίμνης

857 1964 1193 2033 gemituum
1243 1978 1273 2017 e
1322 1968 1560 2033 pectore
1612 1964 1947 2019 ascendens
1982 1965 2184 2033 ignem
2214 1966 2372 2020 intus
2422 1983 2512 2022 ar-
2623 1996 2626 2015 .

2442 1984 2512 2022 ιι·-
2623 1967 2901 2040 ἀνάγομαι,
2935 1975 3023 2020 καὶ
3066 1974 3250 2020 στένων
3293 1970 3650 2044 ἀνακαλοῦμαι
3695 1978 3782 2025 τὸν
3840 1979 3976 2025 κατά
4019 1984 4211 2046 πνεῦμα

855 2054 1099 2109 dentem
1145 2056 1410 2117 accusat,
1439 2052 1543 2122 qui
1591 2053 1854 2124 epistolis
1905 2057 2020 2108 tuis
2075 2054 2509 2127 aliquantisper

851 2140 1090 2207 lenitur,
1135 2155 1452 2210 nunquam
1504 2155 1647 2195 vero
1687 2140 1864 2211 plane
1923 2143 2334 2210 exstinguitur.
2389 2145 2506 2199 Has

850 2231 1136 2303 epistolas
1205 2229 1256 2284 si
1319 2228 1454 2301 quis
1515 2245 1589 2284 ex
1643 2231 1854 2286 ordine
1912 2238 2321 2303 componeret,
2377 2234 2506 2288 toti-

849 2319 989 2376 dem
1020 2317 1244 2389 gradus
1275 2321 1523 2372 strueret
1570 2333 1678 2389 per
1706 2334 1861 2390 quos
1917 2324 1981 2374 tu
2029 2335 2139 2375 nos
2167 2320 2503 2376 consolatu-

847 2425 950 2464 rus
983 2405 1348 2464 descendere
1391 2406 1694 2476 dignaris;
1731 2412 1810 2478 tu,
1853 2408 2126 2480 inquam,
2162 2411 2267 2481 qui
2315 2411 2502 2465 maxi-

845 2514 980 2554 mas
1007 2497 1250 2552 virtutes
1280 2496 1448 2550 omni
1483 2501 1750 2567 tempore
1789 2513 2065 2564 exerces;
2099 2500 2499 2571 quamobrem

846 2587 895 2641 si
940 2602 1066 2642 non
1122 2583 1475 2654 angelorum
1515 2585 1698 2640 choro
1728 2588 2168 2655 annumeraris,
2200 2594 2259 2643 at
2289 2588 2499 2644 saltem

843 2675 1027 2748 paulo
1080 2674 1152 2729 iis
1208 2673 1451 2728 inferior
1504 2673 1825 2729 habendus
1863 2692 1946 2742 es,
1987 2676 2214 2747 quippe
2253 2679 2355 2748 qui
2396 2694 2500 2749 per

842 2764 1057 2820 eadem
1097 2779 1235 2818 cum
1266 2761 1379 2817 illis
1426 2761 1653 2817 scalam
1703 2764 1978 2818 ascendis
2029 2781 2098 2820 ac
2152 2766 2496 2822 descendis.

841 2857 962 2924 Ego
993 2857 1204 2907 contra
1226 2851 1302 2906 de
1330 2849 1512 2906 rebus
1541 2852 1690 2907 meis
1735 2853 2063 2925 desperans
2091 2855 2381 2910 timebam
2423 2873 2496 2911 ne

842 2957 916 2998 ex
953 2941 1142 2998 oculis
1172 2939 1558 2995 Providentiae
1607 2941 1930 3012 abriperer,
1972 2944 2218 3013 ignarus
2260 2951 2312 2999 te
2352 2945 2496 2999 mihi

841 3032 1124 3102 angelum
1153 3029 1464 3085 custodem
1493 3029 1733 3086 ﬁdelem
1761 3031 2034 3088 additum
2066 3049 2221 3099 esse,
2249 3035 2352 3104 qui
2373 3050 2496 3090 non

841 3126 1098 3187 tantum,
1159 3123 1224 3174 ut
1278 3119 1467 3191 prius,
1515 3135 1610 3174 res
1671 3135 1839 3175 meas
1897 3121 2377 3190 administrabat,
2435 3124 2498 3178 in

841 3210 1047 3266 litteris
1098 3208 1262 3264 viam
1293 3207 1690 3277 monstrabat,
1737 3210 1947 3295 omnia
1976 3227 2112 3281 quae
2161 3211 2241 3265 ad
2270 3211 2495 3266 cultum
2537 3241 2577 3295 ρ

2439 3229 2495 3266 m
2537 3241 2577 3295 Ο
2610 3211 2793 3284 βραχύ
2848 3232 2898 3262 τι
2955 3210 3298 3263 ἐλαττοῦσθαι
3344 3218 3433 3264 καὶ
3467 3217 3540 3283 σὲ,
3594 3214 3682 3267 ἂτε
3729 3221 3821 3274 τὴν
3874 3217 4036 3276 αὑτὴν
4086 3218 4208 3271 ἐκεί-

841 3297 1186 3355 necessaria
1210 3296 1660 3368 suppeditabat,
1691 3293 1914 3369 quibus
1954 3315 2110 3371 opus
2149 3306 2294 3354 erat.
2330 3301 2499 3356 Deni-
2550 3293 2565 3295 ⁷
2607 3323 2610 3331 ι

2441 3301 2499 3356 li-
2550 3293 2565 3295 ⁷
2607 3321 2708 3360 νοις
2776 3299 3116 3351 ἀναϐαίνοντα
3179 3307 3268 3353 καὶ
3333 3302 3713 3355 καταϐαίνοντα
3786 3305 4038 3378 κλίμακα,
4081 3308 4210 3378 Ἐγὼ

841 3404 962 3462 que
1016 3401 1216 3459 neque
1274 3386 1561 3457 temporis
1606 3401 1717 3441 nec
1779 3388 1953 3459 spatii
2009 3388 2236 3444 ratione
2291 3389 2500 3445 habita

843 3477 1209 3534 desiderium
1232 3476 1322 3531 sui
1346 3475 1409 3530 in
1429 3475 1606 3531 nobis
1639 3482 1912 3546 renovat,
1927 3477 2060 3533 libri
2081 3479 2270 3534 instar
2290 3479 2494 3535 divini.

842 3567 946 3624 ubi
975 3565 1228 3622 nomina
1255 3568 1463 3619 nostra
1491 3564 1846 3621 referuntur.
1875 3567 2499 3624 Thessalonicensium

837 3656 1048 3712 lumen
1075 3653 1231 3710 bene
1262 3652 1378 3708 sibi
1407 3653 1631 3709 habeat
1676 3654 1977 3727 nobisque
2022 3671 2129 3727 per
2173 3663 2502 3714 nocturnas

835 3746 1021 3817 hujus
1044 3744 1175 3800 vitae
1214 3757 1454 3815 pugnas
1481 3742 1679 3798 lucem
1712 3760 1887 3800 suam
1917 3744 2237 3817 impertiat.

835 3855 975 3896 κισις
1001 3849 1016 3864 ⁸
1046 3835 1076 3892 ἡ
1109 3834 1242 3884 κατά
1265 3839 1468 3903 πνεῦμα
1497 3832 1789 3893 εἰσποίησις
1818 3850 1830 3861 ·
1884 3835 1910 3884 6
1942 3839 2219 3907 πορισμὸς,
2252 3837 2457 3888 ὁπόσων
2485 3833 2659 3896 ἐνδεὴς
2699 3835 2797 3907 ἐγὼ
2846 3836 3136 3909 ἅνθρωπος.
3174 3841 3285 3888 Οὐκ
3339 3835 3614 3912 ἀπέχρησε
3660 3849 3846 3909 ταῦτα,
3890 3840 3998 3893 ἀλλ’
4025 3846 4101 3895 ἔτι
4142 3850 4216 3917 μὴ

835 3931 1036 3994 τοπικῷ
1083 3922 1113 3980 ἦ
1141 3927 1377 3996 χρονικῷ
1411 3917 1743 3992 διαστήματι
1783 3918 2158 3996 διειργόμενος,
2189 3929 2282 3982 τὴν
2330 3927 2476 3997 ἡμῶν
2519 3925 2698 3978 θάλπει
2751 3929 2980 3996 μνήμην,
3008 3931 3098 3977 καὶ
3127 3933 3219 3986 τῆς
3243 3931 3360 3997 περὶ
3389 3929 3528 3997 ἡμᾶς
3574 3926 3892 4001 ἐπιστροφῆς
3939 3931 4222 4006 ἐμπυρεύει

834 4013 1088 4067 ἄσϐεστον
1137 4014 1392 4082 ἔναυσμα.
1421 4008 1489 4061 Ὠ
1527 4017 1644 4072 νοῦς
1671 4007 1979 4082 πανδεχηςῑ
2009 4012 2048 4062 ὠ
2080 4009 2253 4073 δέλτος
2277 4013 2458 4084 ψυχῆς
2484 4018 2744 4087 μνήμονος
2769 4013 2780 4066 Ῐ
2818 4012 3020 4085 βιϐλίον
3052 4013 3280 4086 ἀτεχνῶς
3311 4023 3466 4084 Θεοῦ,
3497 4015 3545 4067 ἐν
3639 4023 3818 4090 μυρίοι
3855 4023 4218 4094 γεγράμμεθα.

832 4102 989 4158 Ἀλλά
1013 4098 1360 4175 διατηρηθείη
1388 4102 1447 4150 τὸ
1478 4107 1577 4150 τῶν
1610 4100 2032 4153 Θεσσαλονικέων
2063 4102 2463 4173 εὑφεγγέστατον
2494 4113 2598 4176 φῶς
2623 4103 2902 4170 ἄσϐεστον,
2933 4108 2999 4166 ὡς
3039 4106 3139 4157 ὑπὸ
3181 4105 3342 4176 λοιπῷ
3384 4109 3551 4177 τούτῳ
3599 4117 3784 4181 πυρσῷ
3809 4113 3946 4162 κατά
3993 4117 4081 4169 την
4121 4133 4221 4180 τοῦ

831 4193 955 4268 βίου
979 4195 1346 4262 νυκτομαχίαν
1369 4189 1715 4260 λαμπὼμεθα.

2640 814 3055 890 ματωδέστερα;
3114 818 3289 890 Ἡμεῖς
3348 841 3428 872 τοι
3493 821 3586 873 κᾶν
3661 821 3985 884 διατακέντες
4059 823 4222 881 ἐλύθη-

2640 925 2751 976 μεν,
2795 906 2890 957 κᾶν
2946 907 3016 969 εἰς
3068 912 3252 980 τέφραν
3304 911 3740 984 ἀπηθαλωθημεν,
3773 913 3816 964 εἰ
3860 918 3933 984 μὴ
3982 916 4218 988 γραμμά-

2638 1013 2738 1045 των
2797 999 2977 1069 αῦραις
3016 994 3258 1068 ἐζώγρεις
3313 997 3653 1062 ἐκλείποντας.
3701 999 3772 1052 Ὠ
3813 1002 3943 1072 μοιῑ
3989 1007 4088 1053 Καὶ
4128 1003 4216 1074 γὰρ

2641 1083 2682 1135 εἰ
2732 1083 2967 1155 λαμπρὸν
3017 1083 3306 1158 ἀπαρκτίαν
3360 1089 3384 1137 6
3438 1088 3670 1150 Εὔξεινος
3727 1094 3960 1160 κατάγει,
4029 1097 4116 1141 καί
4166 1093 4216 1140 τὸ

2637 1177 2882 1242 περιέχον
2943 1172 3252 1244 περιψύχει,
3314 1183 3417 1246 πῦρ
3495 1173 3545 1227 δ’
3603 1177 3724 1229 ἄλλο
3789 1181 4093 1249 ὑπονέμεται
4159 1181 4217 1228 τὰ

2638 1260 2915 1330 οπλάγχνα
2956 1263 3259 1335 θερμότερον
3311 1260 3403 1314 διὰ
3441 1268 3498 1314 τὸ
3557 1273 3652 1324 τῆς
3706 1266 3998 1335 ἁγιωσύνης
4031 1262 4216 1322 ἀπόδηο

2635 1367 2748 1419 μον.
2797 1354 2881 1405 Μή
2914 1368 3003 1421 μοι
3035 1346 3424 1423 διαπιστὴσης.
3465 1356 3648 1405 Εῐποτε
3681 1353 3967 1425 βουλοίμην
4006 1363 4217 1406 κενώσαι

2632 1445 2725 1496 τῆς
2762 1436 2945 1506 ψυχῆς
2982 1441 3040 1488 τό
3097 1437 3431 1510 λυπούμενον,
3477 1438 3584 1498 ἤδη
3633 1446 3843 1511 γεγονός
3882 1443 4213 1515 ὑπεραντλών,

2884 1524 3286 1598 ἀνεγνωσμένων,
3344 1530 3445 1580 ὅσα
3495 1535 3851 1602 προσίσταταί
3911 1551 4020 1602 μοι,
4096 1535 4217 1604 πρὸς

2631 1616 3095 1686 ἐπιστατικωτερον
3145 1614 3599 1670 ἀνακοινωσασθαι
3665 1628 3801 1684 νοῦν,
3866 1622 3895 1677 ἡ
3966 1622 4214 1671 πυθέσθαι

2634 1526 2662 1582 ἦ
2717 1533 2816 1576 τῶν
2874 1526 3286 1598 ἀνεγνωσμένων,
3344 1530 3445 1580 ὅσα
3495 1535 3851 1602 προσίσταταί
3911 1551 4020 1602 μοι,

2628 1722 2697 1762 τι,
2744 1702 2772 1760 ἢ
2820 1702 3330 1773 ξυμϐουλεύσασθαι,
3372 1711 3460 1757 καὶ
3508 1704 3612 1758 ὦδε
3664 1707 3875 1759 κάκεῖσε
3922 1717 3982 1779 τῇ
4019 1706 4215 1780 διανοίᾳ

2626 1791 3057 1864 περικλεψάμενος
3087 1789 3273 1843 οὐδένα
3331 1795 3452 1866 ὁρῶ,
3505 1805 3838 1869 παραχρῆμα
3894 1796 3941 1858 ἐς
3991 1801 4075 1848 τὸν
4131 1801 4210 1868 με·

2620 2064 2837 2131 πατέρα,
2882 2062 2968 2108 τὸν
3027 2060 3352 2128 καθηγητὴν,
3387 2065 3472 2112 τὸν
3522 2067 3842 2134 παρηγορον,
3898 2067 3984 2114 τόν
4025 2063 4209 2134 ἀγαθὸν

2619 2146 2933 2218 σύμϐουλον,
2965 2150 3050 2198 τὸν
3099 2150 3145 2207 ἐς
3175 2147 3329 2213 ἅπαν,
3365 2149 3439 2221 ἐφ’
3472 2152 3572 2220 ὅτῳ
3627 2152 3687 2202 οἷν
3731 2172 3811 2212 τις
3855 2149 4046 2215 δέοιτο,
4108 2155 4212 2204 ἱκα-

2615 2242 2859 2289 νώτατον.
2919 2242 3018 2286 Καὶ
3072 2234 3155 2286 ἐπὶ
3202 2240 3404 2298 τούτοις
3468 2249 3758 2310 στεναγμοῦ
3799 2244 3990 2302 καπνὸς
4023 2240 4078 2291 ἐκ
4115 2250 4209 2292 τῶν

2617 2329 2835 2398 στέρνων
2905 2322 3254 2397 ἀναθρώσκων
3329 2332 3418 2378 καὶ
3483 2331 3540 2377 τὸ
3611 2329 3995 2400 ὑποτυφόμενον
4071 2327 4209 2382 ἔνδον

2613 2414 2984 2483 ὑποσημαίνων
3033 2420 3137 2486 πῦρ
3170 2426 3184 2440 ⁶
3243 2415 3363 2485 ὅπερ
3420 2417 3487 2474 ὡς
3541 2412 3634 2468 διά
3686 2436 3833 2468 τινων
3890 2418 4210 2490 σϐεστηρίων

2614 2501 2864 2575 ὁργάνων,
2931 2511 3029 2553 τῶν
3091 2509 3194 2552 σῶν
3250 2507 3592 2575 γραμμάτων,
3656 2506 3890 2578 ὑπολέγει
3956 2510 4065 2579 μὲν,
4107 2506 4214 2558 ἀλλ’

2611 2590 2668 2640 ού
2726 2596 2814 2641 καὶ
2882 2593 3128 2665 παράπαν
3189 2590 3587 2650 ἀποσϐέννυται,
3643 2593 3710 2646 Ὠ
3763 2598 4106 2668 γραμμάτων,
4181 2596 4212 2647 ἃ

2611 2676 2705 2730 διά
2757 2684 2814 2730 τό
2865 2688 3097 2750 συνεχῶς
3159 2679 3289 2731 σῦλα
3356 2681 3433 2732 ἐπ’
3489 2682 3668 2745 ἄλλοις
3716 2684 4070 2757 ἁρμόττεσθαι
4125 2677 4214 2736 καἱ

2612 2770 2949 2819 συντίθεσθαι
2997 2766 3268 2839 βαθμίδας
3309 2770 3402 2820 οὐκ
3461 2771 3712 2842 ἀκόμψως
3744 2776 3854 2830 θείη
3883 2793 3963 2835 τις
4015 2773 4095 2840 ἂν,
4140 2770 4210 2826 δι’

2609 2857 2676 2906 ὧν
2741 2860 2871 2930 πρὸς
2929 2859 3174 2926 χθονίους
3229 2860 3365 2928 ἡμᾶς
3424 2861 3658 2911 καθιέναι
3710 2871 4062 2934 προνοητικῶς
4119 2863 4210 2914 οῦκ

2609 2941 2792 3011 ὀκνεῖς,
2825 2947 2850 2995 6
2890 2948 2982 3005 τάς
3041 2944 3340 3015 ἀναγωγούς
3392 2955 3489 2997 τῶν
3531 2947 3721 3020 ἀρετῶν
3775 2949 3936 3001 πάλαι
3993 2956 4082 3002 καὶ
4123 2959 4208 3002 νῦν

2609 3033 2952 3105 ἀνερχόμενος
2985 3048 2998 3062 ’
3056 3036 3124 3094 ως
3162 3033 3407 3099 ἐντεῦθεν,
3443 3036 3486 3086 εἰ
3536 3043 3623 3088 καὶ
3668 3043 3739 3109 μὴ
3793 3047 3863 3108 τῷ
3916 3049 4065 3112 χορῴ
4112 3049 4208 3091 τῶν

2608 3122 2834 3193 ἀγγέλων
2893 3121 3246 3185 ἐντάττεσθαι,
3311 3124 3432 3196 παρ’
3490 3124 3740 3196 ἀγγέλους
3799 3136 3924 3198 γοῦν
3985 3126 4135 3180 οὐδὲν
4177 3131 4204 3187 ἡ

2611 3386 2670 3442 δε
2700 3392 2725 3441 6
2763 3386 3010 3449 δύσελπις
3053 3389 3131 3442 ἀεὶ
3178 3395 3323 3462 ᾤμην
3360 3400 3458 3442 τῶν
3489 3402 3578 3453 τῆς
3620 3400 3871 3464 Προνοίας
3907 3393 4213 3468 πανδερκὼν

2610 3479 2871 3553 ϐλεφάρων
2918 3482 3016 3542 ἔξω
3081 3499 3179 3531 που
3234 3486 3456 3547 πίπτειν,
3516 3482 3610 3533 οὑκ
3661 3481 3837 3552 εἰδὼς,
3896 3489 3964 3546 ὡς
4013 3484 4216 3558 ἀγγέλῳ

2610 3565 2800 3638 τοιῷδε
2842 3574 3209 3641 πεπίστευμαι,
3332 3573 3397 3620 τά
3434 3572 3550 3622 κατ’
3599 3572 3686 3644 ἐμὲ
3737 3575 4043 3645 θαυμασίως
4082 3577 4218 3628 οἰκο-

2610 3666 2909 3730 νομοῦνται.
2959 3659 3069 3709 Ούκ
3126 3657 3400 3731 ἀπέχρησε
3445 3663 3508 3711 τά
3561 3670 3656 3721 τῆς
3706 3667 3955 3736 προτέρας
4015 3685 4218 3738 προμη-

2617 3749 2752 3806 θείας
2773 3747 3017 3818 φιλότιμα
3040 3764 3051 3775 ’
3086 3752 3143 3798 τὸ
3170 3753 3288 3820 περὶ
3319 3748 3501 3819 λόγους
3531 3758 3663 3820 φῶς·
3689 3753 3718 3808 η
3749 3752 3860 3802 κατ’
3884 3753 4024 3805 οἰκον
4055 3754 4219 3806 εἰσοί-

825 4345 1171 4404 Ill.Domino
1188 4338 1529 4408 Eustathio,
1546 4340 1993 4412 archiepiscopo
2023 4343 2483 4399 Thessalonices.

2196 4343 2483 4398 *alonices.
2831 4345 2904 4403 Γ.
2939 4353 3021 4417 Τῷ
3051 4344 3412 4404 Θεσσαλονίκη
3425 4366 3464 4417 ς,
3498 4355 3640 4420 κυρῷ
3669 4347 3965 4420 Εύσταθίῳ.

2665 4489 2887 4560 ’Υψωσω
2949 4511 3024 4556 σε,
3083 4494 3312 4544 θειότατε
3363 4487 3615 4560 δέσποτα,
3675 4493 3758 4544 ὅτι
3805 4492 4058 4556 ὑπέλαϐές
4095 4516 4161 4567 με

896 4488 1150 4544 Maxime
1179 4490 1234 4541 te
1265 4484 1449 4541 eﬂ‘ero
1473 4484 1779 4548 laudibus,
1816 4485 2194 4540 sanctissime
2216 4485 2484 4552 domine,
2515 4526 2560 4580 Β

2597 4582 2693 4631 εἶτε
2752 4585 2904 4632 τοῦτο
2967 4579 3078 4632 ἐστι
3138 4583 3196 4630 τὸ
3263 4578 3556 4648 ὑπολαϐεῖν,
3600 4585 4030 4653 περιτρεπόμενον
4090 4581 4204 4641 ἤδη

819 4579 987 4652 quod
1009 4592 1105 4632 me
1127 4575 1486 4630 sustinueris
1507 4575 1887 4630 vacillantem
1913 4575 2196 4631 manibus
2215 4591 2289 4629 ne
2311 4575 2484 4631 cade-

817 4684 968 4734 rem,
989 4671 1094 4722 aut
1122 4664 1363 4736 lapsum
1387 4663 1652 4730 elevasti,
1675 4664 1826 4719 sicut
1847 4665 1983 4736 quis
2006 4679 2263 4735 puerum
2297 4665 2483 4720 nandi
2514 4701 2519 4708 ι

2438 4665 2519 4719 ii-
2594 4671 2711 4720 τινὰ
2746 4669 2995 4740 μεγάλαις
3049 4675 3238 4742 χερσὶν
3283 4665 3642 4731 ὑποδέξασθαι
3699 4674 3788 4722 καὶ
3836 4669 4079 4744 ἀπεῖρξαι
4109 4681 4207 4724 τοῦ

814 4757 917 4815 vix
955 4771 1026 4811 ac
1057 4770 1132 4809 ne
1169 4755 1270 4808 vix
1299 4751 1547 4824 quidem
1571 4753 1824 4824 peritum
1857 4753 2141 4808 manibus
2173 4760 2479 4824 arreptum

2438 4771 2479 4810 n
2593 4764 2892 4830 πτώματος,
2947 4762 3046 4810 εἴτε
3111 4759 3463 4829 ὑποκουφίσαι
3517 4753 3948 4830 κάταδυόμενονο
4022 4763 4092 4821 ὡς
4162 4765 4207 4813 εἰ

814 4861 996 4920 super
1015 4858 1210 4916 aquas
1240 4841 1409 4908 tollit,
1442 4857 1516 4897 ne
1543 4840 1622 4897 ab
1661 4842 1842 4898 undis
1867 4841 2280 4898 absorbeatur.
2311 4845 2484 4916 Equi-

2439 4845 2484 4899 i-
2592 4867 2672 4910 τις
2721 4847 3082 4900 ἀθαλάττωτον
3135 4843 3308 4899 παῖδα
3337 4850 3422 4897 καί
3473 4866 3564 4898 του
3608 4849 3872 4918 νήχεσθαι
3903 4847 4202 4923 ἀρτιμαθῆ,

808 4936 949 4993 dem
973 4935 1023 4989 si
1044 4949 1118 4989 ex
1142 4931 1430 5002 voragine
1459 4947 1658 4987 rerum
1686 4931 2100 5001 emergebam,
2147 4938 2211 4987 ut
2250 4948 2478 5005 aquam

806 5026 1031 5083 salsam
1051 5021 1565 5097 pusillanimitatis
1591 5021 2091 5088 biberem,littora
2109 5027 2308 5078 tamen
2341 5024 2476 5078 vitae

802 5116 1003 5187 legere
1050 5110 1318 5184 nequivi.
1358 5112 1441 5165 Tu
1479 5125 1625 5166 vero
1664 5109 1897 5166 bonum
1947 5111 2278 5184 pretiosum
2321 5113 2476 5169 coeli-

799 5210 896 5264 tus
949 5205 1226 5270 missum,
1269 5199 1481 5256 oculus
1527 5199 1741 5256 Christi
1779 5200 2152 5256 illuminator
2191 5201 2316 5271 ubi,
2348 5219 2471 5274 quo

796 5298 862 5354 in
913 5299 1069 5351 statu
1111 5307 1311 5348 essem
1350 5305 1748 5359 cognoveras,
1792 5291 2110 5363 epistolam
2151 5293 2469 5364 porrexisti

795 5387 1158 5450 salutarem;
1186 5386 1244 5437 et
1269 5380 1572 5452 extemplo
1598 5381 1703 5453 qui
1724 5381 1933 5454 lapsus
1953 5387 2081 5438 erat
2101 5382 2462 5452 erigebatur,

792 5484 852 5535 et
889 5477 993 5549 qui
1034 5473 1215 5530 undis
1256 5474 1490 5527 tantum
1548 5486 1672 5526 non
1729 5471 2058 5544 absorptus
2098 5477 2224 5528 erat
2262 5473 2464 5529 valida

787 5585 980 5627 manu
1018 5563 1405 5621 retinebatur.
1453 5565 1591 5617 Inus
1620 5559 1868 5633 quidem
1910 5561 2112 5618 velum
2151 5578 2274 5618 non
2313 5563 2456 5634 vidi,

783 5656 953 5732 quod
985 5653 1210 5726 Ulyssis
1250 5666 1357 5724 per
1386 5665 1556 5707 mare
1594 5649 1880 5706 ﬂuctibus
1916 5651 2126 5722 jactati
2164 5651 2459 5708 membris

781 5759 1119 5822 expansum
1177 5741 1400 5798 mirum
1456 5739 1519 5795 in
1557 5738 1814 5798 modum
1854 5738 2280 5798 auxiliabatur.
2324 5743 2452 5814 Epi-

2589 4938 2683 5009 τὰς
2730 4944 2916 5011 χεῖρας
2955 4936 3245 5001 ὑπολαϐὼν,
3298 4937 3620 5010 μετεωρίζει,
3661 4942 3750 4988 καὶ
3808 4941 3902 4989 οὐκ
3960 4945 4060 5010 εῲη
4101 4945 4206 4992 πί-

2587 5047 2731 5079 πτειν
2806 5025 3107 5101 ύπόϐρυχα.
3178 5025 3378 5097 Ἔγωγε
3451 5027 3550 5098 γὰρ
3626 5023 3721 5076 κᾶν
3797 5029 4206 5100 ἀνατέτραμμαι

2589 5113 2994 5176 σκοτοδινιάσας
3033 5114 3089 5166 ἐκ
3142 5122 3233 5175 τῆς
3287 5112 3518 5166 ἀστάτου
3580 5133 3678 5165 των
3731 5118 4056 5188 πραγμάτων
4109 5138 4206 5170 πε·-

2582 5204 2995 5278 ριστροϐἡσεως,
3050 5203 3144 5256 κᾶν
3210 5200 3354 5278 ὑδωρ
3421 5203 3781 5274 ὁλιγοπιστίας
3838 5203 4036 5268 ἐξέπιον
4109 5207 4207 5258 ἁλ-

2580 5299 2764 5366 μυρόν,
2805 5295 2911 5367 οὑχ
2951 5296 3052 5355 οἷος
3111 5313 3164 5346 τε
3198 5294 3264 5344 ὢν
3323 5289 3448 5345 οὑδε
3503 5301 3620 5353 ταῖς
3677 5312 3767 5344 του
3829 5292 3961 5366 βίου
4012 5294 4206 5358 ἀκταῖς

2577 5382 2948 5455 ἐπινήχεσθαι.
2993 5381 3148 5436 Ἀλλά
3199 5386 3286 5449 σύ,
3339 5379 3379 5433 ὦ
3431 5383 3562 5434 θεῖον
3621 5386 3710 5433 καὶ
3750 5386 3920 5434 κοινόν
3970 5381 4201 5454 ἀγαθὸν,

2576 5471 2614 5524 ὦ
2673 5477 2944 5548 φωσφόρον
3005 5476 3149 5547 ὄμμα
3224 5479 3471 5546 Φριστου,
3531 5473 3596 5531 ὡς
3672 5468 3828 5539 εἶδες,
3908 5475 3977 5533 ὡς
4033 5476 4202 5544 ἔγνως

2572 5564 2732 5624 οὑτως
2805 5567 3018 5635 ἔχοντα,
3095 5565 3182 5615 οἷα
3243 5569 3404 5636 χεῖρα
3462 5567 3698 5632 γενναίαν
3759 5562 3913 5614 καλὸν
3967 5567 4203 5637 γράμμα

2571 5654 2858 5726 ὑπωρεξας.
2920 5659 3020 5706 Καὶ
3078 5661 3421 5727 παραχρῆμα
3465 5653 3639 5726 ὄρθιος
3697 5653 3721 5703 6
3767 5657 3991 5721 πίπτων,
4033 5659 4125 5706 καὶ
4171 5656 4201 5706 ὁ

2567 5763 2758 5819 μικρου
2819 5740 3051 5804 καταδύς
3103 5752 3202 5795 τῶν
3232 5744 3477 5815 κυμάτων
3519 5747 3933 5817 κατωχρήσατο.
3990 5748 4093 5796 Καὶ
4133 5743 4204 5796 τὸ
