4480 6430
312 406 423 469 333

1825 394 2190 460 EPISTOLE

3571 406 3679 469 336

314 528 410 596 ph
446 520 741 596 κρήδεμνον
779 527 873 583 τῆς
928 518 1087 583 Ἰνοῦς
1134 519 1228 574 οῦκ
1281 516 1426 589 οἶδα,
1479 521 1506 574 ὃ
1558 526 1612 574 τί
1666 541 1790 575 ποτε
1842 528 1988 593 τῷΔ
2027 528 2083 579 εδ

1907 547 1915 573 ι
1941 528 1988 579 Α
2027 521 2181 579 stola
2207 519 2457 595 quidem
2488 525 2612 591 tua,
2632 538 2821 595 quam
2842 530 3135 600 tanquam
3154 531 3454 602 pectorale
3473 538 3676 603 gestas

314 614 537 685 τλήμονι
597 608 856 665 Ὀδυσσεῖ
946 616 1354 682 συνεισήνεγκεν,
1426 613 1511 664 ὅτε
1595 610 1921 683 θαλαττομο-

313 704 542 772 χθοῦντι
591 707 701 762 τοῖς
767 702 1001 773 στέρνοις
1056 700 1179 752 αὐτὸ
1234 701 1545 751 ὑπετείτετο.
1587 704 1656 753 Τό
1711 717 1771 769 γε
1816 704 1920 770 μην

319 794 412 841 σόιν
441 792 680 861 γράμμα,
712 788 738 839 ὁ
786 791 836 840 ἓν
892 796 997 848 τοῖς
1061 792 1288 860 στέρνοις
1334 791 1488 860 φέρω,
1543 791 1603 839 τό
1654 794 1756 839 πᾶν
1794 788 1920 857 ἡμῖν

313 881 486 928 καὶτὸ
518 876 631 929 ὤιον
660 884 757 937 τῆς
788 882 1053 950 σωτηρίας
1085 879 1364 950 εῖργασται
1399 897 1410 907 ·
1466 880 1557 927 καὶ
1594 872 1783 940 ταῦτα,
1837 877 1920 928 ὅτε

311 965 412 1017 οὐκ
469 962 530 1023 ἦν
579 970 704 1037 ἡμῖν
736 964 875 1025 ἐλπὶς
899 960 1111 1015 τοιοῦδε
1140 964 1323 1030 καλοῦ,
1354 968 1413 1016 τό
1465 964 1700 1035 ἄσχολον
1746 959 1917 1016 εἰδόσι

312 1062 408 1114 τῆς
441 1063 536 1114 σῆς
588 1054 870 1124 ἁγιότητος
907 1069 919 1082 ·
978 1056 1050 1113 ὡς
1102 1052 1293 1124 μᾶλλον
1346 1054 1408 1104 οἶν
1462 1052 1778 1124 ἐπεπείσμην
1830 1055 1917 1103 τὸν

313 1143 626 1195 Αἰθιοπικὸν
663 1162 868 1194 τουτονι
905 1146 1452 1213 γραμματοκομιστην
1506 1141 1575 1203 εὶς
1624 1140 1919 1212 λευκοχρῶ-

309 1250 379 1283 τα
409 1232 734 1303 μεταϐαλεῖν,
792 1234 821 1290 ᾖ
869 1234 1090 1305 γράμμα
1134 1239 1225 1291 τῆς
1276 1233 1559 1303 ἱερωτάτης
1599 1249 1694 1282 σου
1734 1230 1918 1302 ψυχῆς

483 1327 667 1392 χεῖρας
709 1322 831 1393 οἰρτι
883 1319 1055 1370 λαϐεῖν
1088 1338 1101 1350 ’
1164 1319 1218 1370 ὃν
1272 1321 1407 1370 πάνυ
1457 1318 1793 1379 καταλλήλως
1848 1320 1917 1379 εἰς

310 1416 515 1467 Μωσῆν
548 1406 779 1472 ἐξεδέξω,
816 1405 910 1460 διὰ
954 1412 1011 1459 τὸ
1064 1408 1168 1459 οἷον
1209 1407 1265 1459 ἐκ
1312 1413 1505 1479 γνόφου
1560 1408 1917 1480 κατέρχεσθαι

311 1496 430 1548 ὅλον
469 1498 747 1568 ὑπόζοφον.
788 1496 920 1566 Ἐγὼ
961 1491 1021 1547 δὲ
1068 1501 1159 1547 καὶ
1197 1498 1255 1546 τὸ
1306 1495 1545 1567 ἑπόμενον
1604 1494 1914 1565 συλλογίζο-

311 1605 432 1656 μαι,
485 1587 566 1637 ὅτι
612 1591 701 1637 καὶ
755 1586 820 1644 ὡς
872 1583 927 1635 έκ
960 1592 1094 1637 Θεοῦ
1149 1583 1353 1645 πλάκας
1400 1587 1606 1656 κομίζει
1670 1584 1738 1635 τὰ
1772 1586 1916 1654 παρὰ

312 1680 413 1725 σοῦ
452 1675 755 1747 γράμματα.
802 1677 1019 1729 Μήποτε
1059 1668 1136 1741 δὲ,
1191 1669 1230 1721 ὦ
1294 1675 1550 1736 Δέσποτα,
1605 1676 1695 1722 καὶ
1766 1668 1914 1742 βάτῳ

307 1767 561 1834 καιομένῃ
620 1782 720 1814 που
770 1760 1046 1834 όρειϐατῶν
1090 1760 1444 1832 έντετύχηκεν,
1517 1756 1605 1812 εἶτ’
1636 1762 1731 1810 οὐκ
1761 1760 1914 1817 ἐνόη-

2028 609 2305 666 beneﬁca
2332 609 2443 665 fuit
2468 610 2531 665 in
2570 626 2667 667 me
2698 613 3011 686 salvando,
3044 617 3232 690 idque
3257 623 3526 692 tempore
3551 636 3676 693 quo

2029 704 2093 754 tu
2122 699 2371 754 minime
2394 698 2515 754 otio
2537 698 2917 759 abundabas.
2950 706 3266 762 Hominem
3294 723 3440 766 sane
3456 709 3677 766 Ethio-

2029 787 2231 859 picum
2254 801 2377 842 non
2402 786 2756 859 suspicabar
2770 789 2993 848 litteras
3014 794 3124 850 abs
3141 798 3197 850 te
3218 795 3394 854 nobis
3414 803 3671 868 portare;

2026 890 2212 946 quem
2236 891 2377 930 cum
2406 877 2603 947 Moyse
2621 882 3102 949 comparaverim
3122 882 3228 955 qui
3258 884 3410 940 facie
3432 885 3677 942 umbra-

2027 962 2157 1018 tilie
2188 963 2448 1018 tenebris
2479 964 2771 1036 prorupit,
2803 972 2862 1022 et
2890 968 2939 1023 si
2971 969 3208 1026 tabulas
3240 970 3479 1028 divinas
3518 976 3673 1045 Moy-

2027 1066 2141 1117 ses,
2172 1057 2306 1107 tuus
2326 1051 2611 1122 epistolas
2637 1053 2874 1110 divinas
2899 1059 3341 1128 portavit.Num
3368 1060 3431 1115 in
3458 1063 3651 1118 monti

2024 1141 2140 1195 bus
2170 1155 2379 1195 errans
2400 1140 2624 1197 rubum
2663 1142 2810 1199 vidit
2842 1145 3151 1202 ardentem
3182 1149 3285 1219 qui
3316 1150 3442 1219 ejus
3472 1150 3673 1222 palpe-

2024 1229 2169 1285 bras
2185 1228 2563 1284 combussit?
2588 1232 2705 1285 Nos
2723 1246 2863 1287 eum
2880 1233 3218 1291 dummodo
3228 1237 3519 1308 epistolas
3540 1245 3674 1297 tuas

2025 1317 2196 1372 affert
2224 1332 2568 1388 prosperas,
2585 1317 2828 1375 luminis
2850 1322 3131 1379 nuntium
3157 1328 3214 1379 et
3233 1325 3346 1381 diei
3366 1324 3554 1383 ﬁlium
3576 1343 3675 1383 ve-

2022 1421 2327 1475 neramur,
2347 1404 2482 1460 licet
2497 1422 2632 1461 cum
2666 1413 2798 1463 cute
2824 1409 3105 1482 nigra.Tu
3123 1417 3321 1468 autem
3342 1429 3523 1485 perge
3540 1431 3673 1472 suc-

2023 1508 2261 1549 currere
2291 1498 2356 1547 ut
2384 1498 2552 1565 pater
2576 1498 2634 1549 et
2679 1503 3013 1569 praeceptor
3041 1500 3326 1556 omnibus
3371 1502 3477 1574 qui
3515 1504 3674 1560 circa

2022 1583 2303 1637 virtutem
2331 1582 2392 1636 in
2422 1597 2620 1637 errore
2650 1583 3205 1655 deprehenduntur.
3233 1590 3405 1654 Quod
3441 1591 3673 1647 vicinus

2024 1670 2211 1725 hostis
2238 1675 2446 1724 contra
2464 1685 2575 1725 nos
2599 1675 3128 1742 propugnaculum
3158 1675 3380 1733 fecerat
3402 1677 3673 1735 dirutum

2024 1765 2131 1823 est,
2172 1758 2554 1827 graculorum
2601 1761 3020 1817 crocitantium
3063 1764 3436 1821 domicilium
3460 1768 3670 1823 evasit.

308 1871 397 1903 σεν
424 1851 755 1923 ἀποστρέψαι
784 1853 879 1911 τὰς
933 1849 1101 1919 ὄψεις.
1137 1854 1226 1901 καὶ
1272 1852 1415 1921 παρά
1462 1848 1615 1900 τοῦτο
1645 1851 1703 1898 τό
1734 1866 1904 1919 προσ-
1948 1870 1985 1923 Β
2026 1848 2077 1904 Ο

1948 1870 1985 1923 Β
2026 1848 2267 1919 Opusne
2310 1852 2597 1918 praeterea
2645 1848 2809 1904 aliud
2855 1851 3209 1907 conﬁciatur
3262 1853 3494 1923 ignoro.
3552 1859 3686 1926 Ego.

304 1959 446 1991 ωπον
509 1938 925 2003 κατησϐόλωτος
980 1938 1121 1991 Ἀλλ’
1177 1940 1203 1989 6
1255 1941 1344 2010 μὲν
1400 1939 1490 1998 ἕως
1551 1936 1676 2011 ἡμῖν
1742 1958 1913 2011 γραμ-

302 2037 592 2103 ματοφορεῖ
654 2034 745 2080 καὶ
809 2031 995 2099 μηνύει
1069 2028 1249 2088 λευκὰς
1309 2032 1428 2103 περὶ
1489 2028 1583 2080 σοῦ
1652 2026 1911 2098 ἀγγελίας,

301 2124 398 2170 καὶ
450 2121 518 2178 εἰς
566 2118 789 2189 ἄγγελον
844 2122 1012 2189 φωτός
1062 2123 1151 2169 καὶ
1209 2119 1408 2191 ἡμέρας
1465 2120 1576 2169 υἱόν
1625 2116 1911 2185 τετάξεται,

300 2206 402 2258 κᾶν
451 2203 763 2279 έπιδερμίδι
814 2209 1012 2279 σαρκός
1079 2206 1324 2278 μελαίνης
1381 2206 1675 2266 σκιάζεται.
1734 2210 1800 2257 Σὺ
1856 2202 1915 2257 δε

302 2300 414 2355 εῖης
470 2294 550 2347 ἀεὶ
597 2301 885 2356 πίπτοντας
939 2294 1034 2357 ἔξω
1078 2301 1172 2346 τοῦ
1217 2294 1376 2345 καλοῦ
1430 2294 1701 2365 ἐπανάγων
1748 2289 1913 2346 διδα-

304 2384 574 2445 σκαλικῶς
630 2384 741 2456 οἶμα
785 2383 877 2435 καὶ
932 2391 1226 2457 πατρικῶς,
1294 2386 1364 2435 T6
1415 2382 1766 2455 ἐπιτείχισμα
1821 2390 1914 2435 τοῦ

305 2471 485 2527 δεινοῦ
542 2479 632 2525 καὶ
673 2471 938 2526 δυσκόλου
990 2478 1217 2544 γείτονος
1268 2476 1471 2543 τῳτέως
1510 2476 1600 2545 μεν
1655 2472 1727 2534 εἰς
1773 2475 1915 2524 κενόν

303 2567 516 2635 ἔσχασε
568 2569 659 2615 καὶ
733 2567 921 2635 μυρίαι
982 2571 1207 2635 κορῶναι
1290 2561 1431 2631 αὐτῷ
1508 2561 1910 2635 έπικρώζουσιν.

2021 1936 2269 2009 quidem
2296 1950 2501 1990 senem
2533 1937 2714 1992 istum
2741 1954 2814 1992 ex
2843 1939 3048 1995 animo
3094 1940 3490 2012 deplorabam
3541 1945 3670 2017 qui,

2021 2026 2262 2081 nescius
2287 2041 2349 2079 se
2380 2030 2636 2081 mortem
2681 2026 2794 2081 sibi
2834 2033 3164 2098 maturare,
3194 2035 3406 2087 contra
3437 2032 3668 2089 vicinos

2021 2113 2238 2170 domos
2266 2119 2553 2169 ventosas
2584 2119 2641 2171 et
2672 2115 2866 2171 aerias
2892 2122 3235 2174 construere
3256 2120 3499 2176 studuit.
3527 2122 3674 2179 Ora-

2024 2204 2246 2258 tionem
2276 2207 2448 2258 tuam
2473 2203 2549 2258 de
2570 2204 2801 2275 jejunio
2821 2206 3097 2261 nondum
3119 2210 3377 2278 gustavi,
3401 2214 3459 2265 et
3479 2213 3674 2267 Mono-

2023 2291 2189 2347 diam
2220 2291 2319 2346 vix
2372 2292 2669 2364 inchoavi,
2701 2294 2753 2348 ei
2786 2294 2965 2366 plane
3004 2294 3215 2351 similis
3262 2297 3369 2369 qui
3403 2298 3675 2356 tabulam

2022 2381 2200 2436 lautis
2227 2380 2379 2436 cibis
2424 2381 2724 2449 refertam,
2767 2383 3128 2456 priusquam
3155 2390 3405 2455 tangere
3455 2390 3676 2461 possis,

2022 2474 2292 2526 removet
2319 2476 2376 2525 et
2416 2470 2715 2543 hospitem
2754 2472 2925 2529 falsis
2958 2474 3115 2529 escis
3145 2473 3329 2544 illicit,
3369 2481 3676 2548 postremo
3764 2474 3769 2477 ’

2026 2559 2263 2631 decipit.
2298 2562 2449 2615 Deus
2480 2563 2536 2615 te
2556 2559 2902 2632 longaevum
2934 2562 3181 2618 reddat!

301 2654 366 2706 Εἰ
395 2650 447 2705 δ’
479 2652 872 2710 ἐπιτεκτήναιτό
927 2672 977 2704 τι
1020 2656 1111 2703 καὶ
1161 2653 1255 2710 ἔτι,
1291 2651 1384 2702 οὐκ
1428 2648 1571 2705 οἶδα.
1620 2650 1951 2711 Ἐταλάνισα,
1992 2652 2067 2721 μὰ
2103 2654 2196 2706 τὴν
2244 2653 2340 2706 σὴν
2386 2653 2590 2719 σοφίαν,
2618 2652 2675 2701 τό
2722 2655 2920 2702 σαπτόν
2968 2656 3252 2724 γερόντιον,
3302 2654 3481 2727 οἷς
3521 2674 3675 2729 σορο-

299 2749 493 2813 πηγεῖν
522 2741 687 2811 ἑαυτῷ
710 2741 1008 2815 λαθόμενον,
1032 2737 1392 2811 ἐποικοδομεῖν
1419 2743 1552 2791 κατά
1581 2748 1680 2791 τῶν
1704 2742 2066 2811 γειτονούντων
2096 2736 2365 2791 ἐπεϐάλετο
2387 2741 2588 2811 μέγαρα
2632 2738 2909 2809 ἠνεμόεντα
2942 2738 3121 2809 ἄλλως,
3155 2741 3228 2801 οἷς
3260 2739 3503 2814 ἀνεμιαῖα
3527 2744 3678 2816 ἠλέγ-

296 2833 544 2903 χθησαν,
574 2836 664 2882 καὶ
727 2832 797 2891 ὡς
822 2827 981 2903 αὖραι
1015 2828 1234 2882 λυθέντα
1263 2825 1683 2899 διεφυσὴθησαν.
1712 2836 1816 2881 Τοῦ
1868 2834 1986 2901 περὶ
2028 2830 2266 2886 νηστείας
2307 2825 2460 2897 λόγου
2506 2829 2649 2878 οὔπω
2697 2829 3004 2899 γεγευμεθα,
3046 2836 3141 2889 τῆς
3188 2826 3248 2881 δε
3289 2828 3554 2902 μονῳδίας
3592 2853 3677 2885 το-

300 2927 515 2985 σοῦτον,
558 2920 679 2971 ὅσον
724 2919 769 2971 εἰ
798 2925 888 2971 καὶ
924 2922 1187 2993 τράπεζαν
1225 2921 1533 2991 παραφέρων
1564 2938 1658 2988 τις,
1692 2918 1832 2988 ὄψων
1884 2917 2083 2969 πολλῶν
2130 2920 2220 2967 καὶ
2261 2914 2429 2966 καλῶν
2468 2918 2752 2987 γέμουσαν,
2795 2920 2917 2989 πρὶν
2963 2917 2991 2973 ἦ
3038 2922 3128 2969 καὶ
3170 2926 3361 2991 χεῖρας
3389 2918 3671 2990 ἐπιϐαλεῖν,

296 3010 451 3069 εὐθὺς
481 3012 815 3081 ἧρπασε,τὸν
848 3005 1142 3080 δαιτυμόνα
1180 3006 1322 3079 ἀφεὶς
1349 3005 1709 3078 έπιχαίνοντα,
1755 3011 1845 3058 καὶ
1883 3012 2013 3079 μόνῃ
2137 3004 2255 3076 ὄψει
2295 3003 2513 3077 ἀνιαρῶς
2558 3003 3007 3078 παραψαύσαντα.
3049 3012 3171 3064 Δοίη
3232 3026 3319 3059 σοι
3359 3012 3485 3070 Θεὸς
3532 3011 3672 3071 ζωὴν

292 3102 708 3171 μακροχρόνιον.

514 3203 581 3261 Δ’.
618 3208 757 3277 Πρὸς
786 3208 874 3255 τόν
901 3203 1057 3255 αὐτόν
1086 3203 1243 3255 αὐτόν
1275 3203 1681 3265 Θεσσαλονίκης.

366 3310 427 3363 Ὀ
505 3307 558 3364 δ’
632 3307 697 3363 αὖ
762 3310 916 3362 πάλιν
984 3308 1235 3385 ἕμφορτος
1300 3310 1498 3361 πολλῶν
1577 3312 1901 3383 γραμμάτων

292 3408 522 3466 καπνοῦ,
580 3400 708 3471 τάχ’
768 3399 828 3451 ἂν
885 3404 1019 3475 πρὸς
1063 3403 1151 3451 τόν
1211 3403 1757 3475 γραμματοκομιστὴν
1814 3403 1900 3450 τόν

291 3494 533 3566 παρόντα
561 3489 893 3563 κομψεύσαιο
925 3510 939 3522 ·
993 3494 1085 3541 καὶ
1134 3488 1255 3562 μάλ’
1309 3488 1532 3549 ἀληθῶς.
1584 3485 1751 3541 Οὐδὲν
1798 3492 1899 3562 γὰρ

292 3580 363 3630 τὰ
409 3579 635 3653 ἡμέτερα
680 3584 845 3629 ταῦτα
888 3577 917 3635 ἣ
973 3580 1169 3637 καπνός
1200 3591 1216 3606 '
1270 3581 1551 3650 τεκμήριον
1602 3580 1755 3648 μόνον
1810 3584 1900 3628 τοῦ

291 3666 424 3738 παρ’
482 3668 607 3738 ἡμῖν
682 3665 977 3726 ἁσϐέστους
1033 3667 1363 3717 ὑποκάεσθαι
1441 3667 1517 3717 ἔτι
1581 3669 1704 3727 τοὺς
1781 3669 1902 3726 σοὺς

294 3758 525 3828 θερμοὺς
554 3758 743 3828 ἔρωτας
766 3776 779 3788 ·
813 3758 881 3807 τὰ
923 3751 982 3807 δε
1011 3773 1070 3827 γε
1110 3754 1240 3807 ἀλλα
1270 3759 1340 3816 εὶς
1383 3752 1510 3827 ἀέρα
1556 3750 1901 3827 σκιδνάμενος

288 3850 390 3897 καὶ
418 3844 682 3916 λυόμενός.
718 3844 776 3897 Εἰ
815 3840 875 3896 δέ
911 3863 997 3896 σοι
1048 3848 1139 3895 καὶ
1197 3843 1455 3916 φίλτατος,
1506 3845 1586 3896 ὅτι
1638 3851 1734 3905 τῆς
1763 3843 1899 3916 λόγῳ

290 3955 351 3988 σε
412 3934 731 4008 θρεψαμένης
789 3932 1141 4009 ἀποθρώσκει,
1198 3941 1351 3987 τοῦτο
1409 3934 1573 4005 λέγοις
1645 3937 1735 4007 μὲν
1808 3938 1898 3986 αὑ-

285 4029 386 4085 τός
424 4038 437 4049 ⁸
499 4021 748 4096 ἀκούομεν
804 4020 864 4075 δὲ
931 4026 1095 4095 ἡμεῖς.
1155 4022 1295 4081 Πλὴν
1362 4030 1452 4076 καὶ
1504 4024 1635 4076 οὕτω
1682 4029 1891 4084 καπνός.

290 4116 402 4165 Καὶ
422 4115 567 4185 παρὰ
607 4119 783 4183 τοῦτο,
830 4110 999 4184 οἶμαι,
1037 4117 1128 4164 καὶ
1158 4114 1184 4164 6
1215 4113 1446 4185 κομίζων
1477 4116 1744 4185 καπνηρὸς
1780 4112 1896 4175 ὅλος

285 4206 385 4253 καὶ
440 4204 569 4274 γρηί
616 4207 831 4273 καμινοῖ
872 4204 1003 4261 ἶσος.
1059 4200 1190 4253 Ἀλλ’
1223 4203 1248 4253 6
1301 4198 1514 4254 τοιόσδε
1561 4206 1652 4253 καὶ
1698 4202 1765 4252 ὡν
1803 4208 1894 4254 καὶ

287 4293 435 4349 ἥκων
489 4286 689 4343 ἐνθένδε
735 4290 979 4353 στιλπνός
1037 4292 1162 4362 ἡμῖν
1206 4292 1455 4349 ἒπανήκοι
1486 4323 1551 4330 -
1581 4299 1691 4351 πῶς
1733 4293 1892 4352 εἴποις

286 4413 361 4421 —
392 4386 483 4432 καὶ
511 4376 640 4432 ἰδεῖν
681 4377 903 4442 ἥδιστος
946 4386 1037 4433 καὶ
1064 4377 1283 4454 φαιδρός
1320 4380 1573 4454 λάμποντι
1604 4386 1889 4452 προσώπῳ,

1939 3202 1979 3256 C
2067 3202 2160 3257 IV.
2189 3201 2286 3256 Ad
2314 3200 2583 3256 eumdem
2622 3200 3062 3257 Thessalonice:
3082 3204 3632 3276 archiepiscopum.

2086 3310 2229 3363 Ecce
2265 3307 2481 3363 iterum
2514 3306 2827 3363 hominem
2863 3323 3090 3380 vapore
3122 3310 3430 3382 epistolari
3460 3314 3671 3371 admo-

2010 3396 2158 3451 dum
2174 3401 2511 3465 oneratum,
2527 3395 2711 3464 dices,
2734 3395 3117 3453 tabellarium
3138 3404 3413 3456 nostrum
3432 3401 3668 3473 videns,

2011 3492 2069 3542 et
2091 3486 2258 3541 omni
2283 3486 2436 3557 jure.
2471 3484 2775 3558 Quidquid
2818 3486 2979 3543 enim
3019 3488 3340 3546 scribimus
3364 3507 3558 3565 vapor
3582 3494 3669 3549 in-

2010 3576 2143 3632 anis
2163 3581 2253 3632 est
2276 3575 2576 3648 simulque
2601 3575 2825 3631 amoris
2845 3578 3035 3633 nostri
3062 3578 3330 3636 ardentis
3349 3582 3663 3639 indicium.

2011 3667 2201 3731 Quem
2232 3666 2282 3721 si
2324 3680 2496 3720 amas
2538 3664 2682 3737 quia
2712 3680 2785 3720 ex
2816 3664 2963 3722 urbe
2995 3669 3265 3724 ascendit
3291 3685 3429 3743 quae
3459 3671 3668 3729 litteris

2013 3761 2063 3809 te
2094 3754 2310 3809 imbuit
2330 3753 2427 3809 dic
2452 3752 2630 3808 nobis
2657 3769 2671 3821 ;
2698 3752 2917 3826 volupe
2946 3754 3109 3811 enim
3136 3756 3315 3813 nobis
3346 3764 3453 3815 est.
3468 3762 3669 3834 Vapor

2008 3843 2071 3899 id
2098 3842 2264 3916 quod
2301 3858 2431 3898 esse
2454 3857 2577 3898 non
2616 3842 2852 3909 desinit,
2885 3859 3073 3915 quare
3108 3845 3288 3901 etiam
3310 3848 3415 3922 qui
3442 3855 3663 3921 portat,

2006 3933 2178 4002 niger
2198 3936 2286 3988 est
2311 3936 2377 3987 ut
2403 3932 2893 3990 atramentarius.
2918 3934 3229 4007 Utcunque
3254 3935 3315 3990 id
3347 3937 3440 4008 sit,
3472 3940 3666 3996 redux

2007 4021 2182 4077 nobis
2212 4020 2509 4077 candidus
2538 4020 2674 4076 visu
2711 4037 2781 4077 ac
2822 4020 3178 4093 splendidus
3222 4032 3475 4097 apparet
3506 4034 3665 4099 post-

2004 4126 2191 4183 quam
2222 4115 2278 4165 te
2308 4108 2457 4165 facie
2496 4109 2939 4181 contemplatus
2969 4115 3056 4166 est
3086 4111 3198 4167 abs
3229 4117 3407 4186 teque
3437 4116 3661 4188 episto-

2001 4198 2109 4255 lari
2131 4198 2525 4254 zonacinctus
2548 4196 2745 4253 fuerit.
2776 4196 2862 4253 Ab
2883 4213 2954 4254 eo
2984 4200 3347 4257 sciscitando
3370 4206 3660 4261 sanctitas

2001 4294 2104 4345 tua
2135 4287 2446 4362 quomodo
2473 4303 2585 4343 nos
2616 4287 2731 4360 ipsi
2751 4287 3067 4344 valeamus
3087 4292 3435 4362 comperiet.
3464 4297 3659 4351 Domi-

2001 4394 2117 4433 nus
2142 4377 2422 4451 precibus
2446 4377 2563 4431 tuis
2594 4376 2893 4432 exauditis
2921 4378 3215 4450 propitius
3245 4380 3394 4436 mihi
3426 4384 3585 4439 esto!

285 4468 345 4521 ἐκ
368 4476 433 4527 τῆ
444 4490 466 4531 ς
494 4476 587 4529 σῆς
615 4466 876 4527 δήποῦθεν
914 4470 1306 4539 αῦτοπτήσεως,
1334 4475 1423 4522 καὶ
1453 4478 1544 4521 τοῦ
1574 4477 1761 4521 κεστοῦ
1788 4478 1887 4521 τῶν
1917 4470 2238 4543 γραμμάτων
2273 4486 2366 4518 σου
2394 4461 2863 4537 ἐπισχεδιάζοντος
2902 4465 3044 4536 αὐτῷ
3072 4470 3130 4518 τὸ
3170 4465 3394 4543 ἐπιχαρι
3427 4488 3438 4500 ·
3474 4470 3525 4532 ὃς
3572 4479 3664 4526 καὶ

395 4566 461 4630 σῇ
495 4558 735 4630 ἁγιότητι
765 4554 920 4621 αὖθις
957 4557 1223 4631 ἀναγγελεῖ
1270 4562 1336 4611 τὰ
1377 4558 1495 4611 καθ’
1539 4559 1699 4631 ἡμᾶς,
1733 4560 1867 4619 ὅπως
1896 4560 2133 4629 ἔχουσιν,
2170 4556 2336 4616 Ἱλεως
2368 4561 2443 4612 εἴη
2468 4574 2559 4627 μοι
2607 4558 2756 4626 Θεὸς,
2803 4550 2899 4607 διὰ
2921 4563 3020 4606 τῶ)
3051 4563 3152 4607 σῶν
3187 4558 3475 4632 ἱερωτάτων
3496 4563 3664 4614 ἐντεύ-

285 4648 436 4711 ξεων.

511 4772 580 4827 Ε.
619 4780 703 4844 Τῷ
746 4774 1162 4845 Θεσσαλονίκης,
1203 4782 1347 4848 κυρῷ
1385 4773 1679 4847 Εὐσταθίῳ.

360 4881 649 4953 ’Δγιὼτατε
728 4879 985 4952 δέσποτα,
1074 4879 1199 4936 οἶδα
1275 4888 1365 4941 τὴν
1432 4885 1714 4957 ἱερωτάτην
1802 4900 1896 4933 σου

280 4971 480 5043 ψυχὴν
514 4976 610 5029 τήν
640 4971 802 5030 αὐτὴν
828 4968 1013 5039 οὖσαν,
1055 4973 1114 5025 οῦ
1146 4972 1336 5045 μᾶλλον
1376 4971 1424 5024 έν
1457 4981 1529 5043 τῷ
1572 4972 1898 5043 ἁναλλοιώτῳ

280 5081 389 5114 των
434 5061 627 5114 λοιπῶν
678 5062 846 5114 καλῶν
891 5063 922 5121 ἦ
984 5070 1047 5135 τῇ
1102 5067 1222 5136 περὶ
1271 5064 1411 5135 ἡμᾶς
1469 5059 1706 5115 διαθέσει
1753 5081 1847 5114 σου
1880 5079 1893 5092 ⁸

276 5147 495 5211 οὐδενός
540 5153 643 5225 γὰρ
688 5152 849 5203 καλοῦ
900 5157 1247 5224 μεταπίπτειν
1301 5154 1631 5225 μεμάθηκας,
1680 5150 1788 5203 ἀλλ’
1846 5150 1896 5212 ἐς

278 5238 655 5314 ακριϐέστερον
712 5240 903 5313 μᾶλλον
960 5240 1264 5312 ἐγκάεσθαι.
1314 5246 1416 5294 Καὶ
1480 5243 1765 5315 γράμμασι
1808 5242 1898 5312 μὲν

280 5326 440 5383 οὐδὲν
486 5330 516 5388 ἦ
563 5337 735 5401 μικρῷ
780 5335 1067 5402 προσέχεις
1115 5326 1209 5383 διὰ
1247 5330 1420 5403 φιλίαν
1460 5333 1895 5404 χαραττομένοις,

282 5420 356 5480 εἰς
404 5418 592 5490 ψυχὴν
660 5415 721 5471 δε
772 5419 964 5493 μᾶλλον
1008 5423 1344 5495 προκύπτεις,
1399 5422 1635 5472 κάκεῖθεν
1700 5418 1900 5492 λαμϐά-

280 5528 387 5569 νεις
415 5511 475 5559 τό
504 5517 599 5569 τῆς
660 5506 869 5580 ἀγάπης
927 5508 1203 5582 ἐχέγγυον.
1254 5506 1417 5574 Οἶδα,
1450 5512 1530 5562 ὅτι
1581 5516 1668 5560 νῦν
1709 5508 1899 5581 μᾶλλον

284 5600 315 5657 ἡ
397 5602 649 5671 πρότερον
714 5600 781 5650 τὰ
830 5597 948 5650 καθ’
1003 5600 1145 5672 ἡμᾶς
1210 5598 1360 5661 ἐλεεῖς
1424 5600 1451 5652 6
1501 5598 1895 5672 φιλάνθρωπος·

280 5693 379 5744 καὶ
439 5687 593 5741 πλέον
658 5686 807 5740 έλεῶν
861 5690 1239 5764 προσπάσχεις
1297 5685 1610 5765 δριμύτερον
1639 5704 1652 5718 ·
1722 5690 1783 5740 τὸ
1841 5684 1901 5740 δε

1924 4774 1969 4829 D
2008 4772 2339 4828 V.Domino
2370 4771 2693 4827 Eustathio
2731 4770 3172 4830 Thessalom'ces
3192 4774 3663 4848 archiepiscopo.

2080 4878 2467 4936 Sanctissime
2482 4878 2748 4943 domine,
2763 4879 2949 4951 probe
2965 4880 3127 4951 novi,
3148 4881 3474 4939 candidam
3497 4888 3667 4943 tuam

2006 4969 2277 5026 animam
2302 4976 2435 5025 tum
2466 4968 2633 5041 quod
2662 4968 2899 5024 bonum
2923 4974 3272 5044 rectumque
3304 4978 3396 5028 est
3426 4990 3667 5049 semper

2006 5060 2200 5132 sequi,
2218 5074 2453 5131 nosque
2473 5058 2689 5115 eodem
2712 5074 2950 5131 semper
2970 5075 3178 5117 amore
3193 5062 3665 5134 amplecti.Nun-

2006 5164 2196 5221 quam
2248 5147 2325 5204 ab
2354 5147 2622 5204 honestis
2660 5148 2894 5204 artibus
2922 5150 3240 5217 recessisti,
3282 5152 3407 5208 imo
3455 5168 3665 5210 earum

2005 5237 2259 5309 vestigia
2288 5253 2530 5311 semper
2558 5237 2848 5309 pressisti.
2874 5239 3318 5297 Commercium
3348 5242 3667 5314 epistolare

2007 5327 2160 5383 inter
2192 5326 2421 5383 amicos
2451 5331 2506 5382 te
2535 5342 2756 5399 parum
2788 5332 3013 5393 movet,
3051 5328 3157 5401 qui
3198 5344 3273 5385 ex
3303 5330 3433 5387 sola
3462 5334 3670 5390 anima

2008 5416 2235 5474 amoris
2259 5416 2483 5489 pignus
2511 5420 2568 5471 et
2606 5416 3028 5473 certitudinem
3055 5418 3282 5474 hauris.
3327 5419 3393 5475 Id
3423 5438 3669 5495 quoque

2011 5508 2133 5564 scio
2154 5513 2209 5564 te
2234 5523 2345 5580 pro
2366 5506 2743 5563 humanitate
2764 5511 2868 5563 tua
2884 5523 2979 5563 res
2997 5514 3235 5565 nostras
3253 5510 3420 5566 cordi
3443 5512 3668 5569 habere

2011 5601 2069 5654 et
2095 5613 2207 5654 nos
2228 5612 2436 5653 amore
2462 5597 2749 5652 continuo
2779 5596 3061 5670 amplecti
3083 5614 3153 5654 ac
3179 5598 3403 5658 fovere.
3438 5602 3496 5658 Si
3527 5602 3669 5659 dein

2010 5689 2254 5744 amatus
2274 5684 2579 5759 redamas,
2607 5700 2719 5756 ego
2748 5684 2857 5742 tibi
2886 5685 3098 5743 similis
3144 5702 3270 5746 non
3298 5704 3472 5761 sum;
3503 5693 3673 5764 quod
