4480 6430
878 394 982 449 335

1754 381 2127 446 MICHAELIS
2154 381 2541 447 ACOMINATI
2568 381 3000 449 ATHENARUM
3019 384 3339 451 ARCHIEP.

4124 400 4229 458 336

878 517 1041 573 enim
1068 511 1378 588 publicani
1417 511 1667 577 faciunt,
1694 513 2007 586 quomodo
2035 529 2133 572 res
2162 513 2372 585 magni
2396 528 2525 572 mo-
2549 514 2599 570 A
2635 536 2647 568 ι

2462 528 2525 572 0-
2549 514 2599 570 A
2635 515 2986 590 ἀφθονώτερον
3036 518 3207 591 τρίφει
3256 519 3318 571 τό
3378 526 3471 580 τῆς
3520 517 3709 591 ψυχῆς
3765 516 4107 595 διακείμενον.
4167 524 4229 578 Εἰ

876 604 1061 663 menti
1093 618 1226 661 esse
1253 602 1521 676 poterit?
1545 604 1630 659 Me
1664 602 2011 659 amantibus
2039 619 2112 661 eo
2148 619 2273 677 quo
2301 618 2415 676 par
2437 606 2532 662 est

877 693 1068 754 animi
1093 692 1316 751 aﬂ‘ectu
1348 690 1669 749 sanitatem
1698 694 1756 748 et
1780 690 2228 763 longaevitatem
2253 697 2417 765 opto.

947 787 1215 839 Praesens
1242 778 1584 837 monachus
1616 778 1930 836 timidioris
1959 778 2179 837 indolis
2210 780 2391 837 frater
2437 782 2529 837 est

874 869 1239 929 venerabilis
1266 867 1552 926 Demetrii
1579 867 1976 940 Thessali,cui
1999 868 2221 927 auxilio
2240 873 2343 926 tuo
2367 884 2525 941 opus

872 965 984 1020 est.
1031 962 1283 1018 Fruatur
1335 958 1519 1028 igitur
1580 957 1950 1028 benignitate
1986 963 2090 1016 tua
2132 974 2205 1016 ac
2255 958 2524 1032 paterni-

870 1056 1018 1110 tate.
1045 1080 1116 1093 —
1134 1051 1293 1108 Deus
1312 1046 1463 1108 mihi
1488 1046 1784 1123 propitius
1804 1052 1933 1107 esto
1965 1047 2046 1107 ob
2073 1063 2279 1107 sacras
2314 1062 2525 1121 preces

870 1144 1031 1199 tuas.

2637 600 2697 657 δι
2723 606 2782 656 τό
2812 608 2885 669 μὴ
2916 602 3117 676 ἀγνοεῖν
3146 604 3482 679 ἀγαπώμενον
3537 603 3651 660 οἶδε
3705 612 3897 662 τίκτειν
3945 609 4223 686 ἀντέρωτα,

2634 699 2786 745 τοῦτο
2832 692 2965 745 ὀκνῶ
3007 694 3296 765 κομπάζειν
3348 695 3478 767 ἐγὼ,
3522 696 3602 749 ὅτι
3656 692 3798 770 μηδι
3855 700 3989 751 πάνυ
4043 704 4227 773 σεμνὸν

2633 785 2723 834 καὶ
2773 783 2833 833 τό
2877 783 3023 854 παρὰ
3071 782 3313 844 τελώναις
3359 783 3539 847 αὐτοῖς
3584 787 3992 861 κατορθούμενον
4017 803 4030 817 ·
4085 790 4231 842 ἂπεύ-

2629 888 2803 942 χομαι
2847 865 2907 922 δ⁴ε
2951 877 3025 923 τῶ
3082 869 3423 943 ἀγαπήσαντι
3467 874 3608 945 ἡμᾶς
3663 874 3729 935 ὡς
3785 874 3935 947 αὶτὶῳ
3986 881 4077 929 καὶ
4130 884 4225 939 τῆς

2632 955 3043 1030 ἁνταγαπήσεως
3117 960 3348 1032 ὑγιεινὴν
3430 961 3571 1022 ζωὴν
3643 966 3735 1016 καὶ
3797 963 4103 1039 μακρόϐιον.
4168 971 4227 1017 ‘0

2632 1044 2847 1109 εὐλαϐὴς
2890 1046 3036 1109 οὗτος
3072 1052 3310 1121 μοναχός
3357 1045 3577 1120 ἁδελφός
3623 1048 3738 1104 ἔστι
3801 1059 3893 1106 τοῦ
3931 1058 4227 1127 μακαρίτου

2634 1138 2899 1208 Δημτρίου
2952 1142 3045 1188 τοῦ
3095 1136 3379 1205 Θετταλοῦ,
3435 1142 3523 1191 καὶ
3569 1134 3741 1192 δεῖται
3783 1148 3879 1203 τῆς
3930 1147 4027 1205 σῆς
4080 1144 4228 1195 άντι-

870 1227 1195 1301 ληψεως““’¹
1219 1224 1595 1281 Ἀπολαυσάτω
1631 1232 1757 1299 γοῦν
1783 1234 1874 1288 τῆς
1899 1226 1995 1288 σὴς
2024 1223 2366 1299 ἁγαθότητος,
2399 1223 2473 1280 δι’
2496 1228 2557 1286 ἧν
2576 1241 2630 1278 τι
2662 1220 2804 1297 εἶχες
2834 1225 2906 1287 εἰς
2944 1223 3135 1279 ἐκεῖνον
3161 1230 3423 1302 πατρικὴν
3443 1222 3703 1295 διάθεσιν,
3734 1233 3826 1283 καὶ
3864 1225 3959 1284 διὰ
3985 1234 4080 1291 την
4104 1232 4227 1304 ἠμε-

870 1323 1024 1391 τίραν
1058 1315 1299 1380 ἀξίωσιν.
1321 1314 1489 1378 ⁴Ὶλεως
1510 1318 1589 1374 εῖη
1616 1334 1708 1388 μοι
1748 1318 1880 1377 Θεὸς
1908 1310 2002 1369 διὰ
2027 1323 2129 1368 τῶν
2157 1324 2261 1369 σῶν
2293 1316 2581 1391 ίερωτάτων
2611 1313 2827 1385 εύχιῶν.

866 1441 960 1501 VI.
972 1441 1227 1500 Domino
1244 1440 2035 1509 Eustathio,Thessalonices
2051 1440 2516 1512 archiepiscopo.

939 1552 1161 1607 Tecum
1190 1563 1325 1605 esse
1352 1546 1556 1618 velim,
1577 1546 1815 1604 domine
1839 1546 2265 1616 sacratissime,
2293 1546 2519 1605 luctus-

867 1653 988 1713 que
1016 1637 1197 1695 vestri
1229 1636 1535 1711 particeps
1568 1650 1722 1705 esse,
1754 1640 1812 1693 et
1857 1636 2173 1693 concinere
2198 1652 2339 1693 cum
2366 1636 2521 1693 Jere-

2869 1434 2936 1501 ς·’.
2958 1442 3042 1509 Τῷ
3074 1436 3485 1509 Θεσσαλονίκης,
3512 1448 3655 1516 κυρῷ
3684 1440 3982 1517 Εύσταθίῳ.

2717 1542 2933 1596 Ἦθελον
3005 1543 3159 1607 αὐτὸς
3238 1544 3590 1622 συμπαρεῖναί
3670 1569 3783 1619 σοι,
3863 1556 4229 1626 μακαριώτατε

2630 1627 2883 1701 δέσποτα,
2924 1637 3021 1706 μαὶ
3063 1633 3337 1697 ξυναυλίαν
3389 1637 3612 1709 θρηνεῖν,
3651 1643 3742 1692 καὶ
3792 1647 3886 1693 τοῦ
3930 1639 4224 1715 ὀλοφυρμοῦ

864 1723 1611 1786 miaautetiamEzechiele
1626 1723 2518 1797 nostro,quiaurbstuaeadem,
2546 1737 2590 1793 Β
2627 1741 2633 1773 :

2451 1741 2518 1796 ῃ,
2546 1737 2590 1793 Β
2627 1728 2885 1774 κοινωνεῖν
2910 1730 2983 1793 τῷ
3048 1723 3167 1775 καθ’
3212 1725 3351 1793 ἡμᾶς
3403 1723 3625 1800 Ἱερεμίᾳ
3678 1727 3769 1781 εἶτ’
3815 1728 3905 1782 οὖν
3954 1728 4220 1799 Ἰεζεκιήλ,

863 1832 991 1890 qua
1026 1814 1172 1873 olim
1192 1813 1401 1871 civitas
1431 1817 1661 1885 sancta,
1691 1812 2029 1871 calamitate
2058 1815 2370 1885 premitur.
2404 1813 2519 1869 Sed

864 1919 1004 1961 cum
1035 1902 1153 1959 hoc
1196 1901 1462 1960 maxime
1503 1905 1773 1974 tempore
1821 1902 2083 1974 separati
2125 1917 2356 1974 sumus,
2405 1900 2518 1959 has

861 1984 972 2051 tibi
999 1992 1230 2051 litteras
1278 1991 1476 2048 luctus
1500 1990 1624 2048 mei
1650 1993 1830 2048 testes
1858 1990 2052 2048 mitto.
2076 1991 2219 2057 Quae
2257 1989 2402 2047 urbs
2437 1990 2516 2048 ab

860 2080 1138 2139 hostibus
1158 2084 1338 2153 capta
1358 2084 1447 2138 est
1470 2080 1483 2136 ι
1512 2079 1709 2137 Prima
1727 2078 2007 2136 videlicet
2026 2083 2165 2152 post
2183 2079 2445 2152 primam
2461 2083 2520 2138 et

859 2171 1135 2228 omnium
1166 2185 1303 2227 vere
1332 2168 1605 2240 reginam
1632 2169 1644 2224 i
1668 2173 1967 2242 quantum
2004 2170 2386 2226 Romaeorum
2423 2168 2516 2225 in-

858 2260 1193 2319 fortunium
1224 2258 1315 2316 sol
1334 2258 1481 2315 vidit
1503 2259 1516 2315 ι
1541 2259 1724 2330 Eheu,
1758 2273 2068 2315 armorum
2086 2257 2370 2315 Italorum
2389 2257 2515 2315 vim

854 2350 1265 2425 perniciosam
1295 2349 1307 2405 Ι
1338 2350 1496 2414 Quot
1517 2364 1705 2405 naves
1736 2364 1875 2405 cum
1915 2347 2064 2422 ipsis
2112 2347 2310 2406 nautis
2346 2363 2515 2405 mare

855 2440 1125 2497 Siculum
1154 2436 1502 2511 absorpsit!
1537 2438 1729 2503 Quam
1777 2435 1994 2494 urbem
2035 2434 2384 2493 inundavit!
2417 2438 2512 2493 Va:

853 2524 1180 2586 Telchinis!
1238 2526 1397 2584 Proh
1461 2525 1774 2595 invidiam,
1828 2542 1963 2599 quae
2014 2525 2181 2582 urbis
2226 2524 2512 2583 secundis

850 2618 1036 2675 rebus
1082 2615 1433 2675 adversaria
1471 2619 1631 2672 terra
1683 2613 1960 2687 marique
2010 2614 2185 2687 repit,
2232 2613 2513 2687 utrinque

852 2711 1188 2781 proiectam
1226 2704 1500 2762 funditus
1548 2704 1830 2777 perdidit.
1863 2703 2048 2775 Cujus
2091 2702 2333 2761 tandem
2365 2704 2513 2761 urbs

852 2800 1066 2854 sancta
1097 2794 1366 2852 criminis
1396 2809 1501 2851 rea
1524 2808 1724 2866 neque
1753 2792 1995 2865 patroni
2023 2791 2261 2862 urbani,
2289 2807 2401 2849 nec
2422 2808 2513 2849 ar-

848 2884 1217 2957 chiepiscopi
1244 2882 1623 2953 venerabilis,
1651 2896 1765 2938 nec
1789 2882 2067 2939 omnium
2097 2880 2339 2954 piorum
2373 2897 2512 2955 sup-

847 2972 1281 3048 plicationibus
1312 2972 1533 3029 salvari
1563 2972 1807 3044 potuit?
1835 2970 1973 3044 quis
2005 2970 2168 3028 enim
2196 2986 2307 3044 pro
2334 2971 2512 3028 Thes-

2626 1811 2809 1864 καθότι
2833 1810 3201 1885 παραπλήσιον
3255 1812 3464 1878 ἐκείνοις
3517 1822 3629 1879 τοῖς
3667 1816 3830 1871 πάλαι
3879 1826 3971 1881 τῆς
4023 1818 4226 1892 αἰχμα-

2624 1896 2819 1961 λωσίας
2878 1908 2974 1962 τῆς
3041 1909 3140 1963 σῆς
3199 1902 3627 1977 παραπήλαυσας
3672 1904 3881 1967 πόλεως.
3952 1906 4092 1961 Ἐπεὶ
4166 1902 4227 1960 δε

2627 1985 2827 2060 ἀνάγκη
2892 1984 3185 2059 διεστάναι,
3225 1992 3500 2068 γράμματι
3546 1997 3748 2066 τῳτέως
3804 1993 4124 2069 ἀφοσιοῦμαι
4166 1999 4225 2048 τὸ

2628 2078 2938 2148 συμπενθεῖν
2991 2082 3081 2131 καὶ
3126 2075 3464 2155 δακρύουσαν
3514 2087 3604 2135 καὶ
3646 2084 3672 2136 ὅ
3720 2102 3877 2156 φασιν
3922 2082 4223 2158 ἀχνυμένην

2621 2166 2819 2223 ταύτην
2865 2170 3053 2240 πέμπω
3094 2167 3378 2228 σκυτάλην.
3429 2168 3501 2223 ’Ὠ
3538 2171 3624 2223 οἶα
3670 2170 3819 2235 πόλις
3859 2172 4009 2242 ἑάλω,
4040 2178 4222 2248 πρώτη

2623 2255 2757 2326 μετὰ
2797 2259 2891 2313 τὴν
2932 2261 3145 2331 πρώτην
3196 2262 3286 2311 καὶ
3314 2266 3420 2320 τοῖς
3470 2258 3686 2332 ἀγαθοῖς
3716 2261 3933 2314 ἁπασῶν
3972 2260 4225 2335 βασιλεύ-

2624 2342 2828 2400 ουσανὲ
2882 2345 2994 2398 οἷαν
3064 2344 3328 2418 Ῥωμαίων
3400 2351 3670 2423 συμφορὰν
3746 2346 3881 2404 εἶδεν
3948 2352 3974 2404 ό
4033 2350 4220 2415 ἣλιοςὲ

2624 2437 2722 2486 Φεῦ
2770 2431 2948 2491 ἡλίκον
2987 2437 3214 2507 ἴσχυσεν
3264 2434 3490 2497 Ἰταλικὴ
3551 2437 3725 2512 αἰχμή
3751 2440 3763 2496 l
3794 2438 3954 2493 Ὀσον
3992 2440 4225 2500 Σικελική

2624 2518 3026 2597 ἀνερροίϐδησεν
3070 2526 3349 2597 ἆμπωτιςῑ
3403 2528 3515 2579 οἷαν
3574 2527 3722 2581 πόλιν
3778 2527 4063 2586 ἓπίκλυσεί
4127 2537 4224 2585 Φεῦ

2620 2618 2713 2666 τοῦ
2778 2614 2986 2685 φθόνου,
3057 2622 3149 2687 φεῦ
3203 2624 3302 2669 τῶν
3358 2616 3657 2689 Τελχίνωνέ
3712 2620 3895 2682 Φθόνος
3935 2617 3997 2679 ἦν
4040 2621 4067 2674 ό
4113 2628 4228 2684 τοῖς

2623 2698 2839 2774 ἀγαθοῖς
2887 2700 3167 2776 βασκήνας
3217 2713 3307 2767 τῆς
3361 2704 3551 2768 πόλεως
3602 2723 3616 2738 ⁸
3673 2710 3858 2781 φθόνος
3922 2712 4059 2763 κατὰ
4121 2718 4223 2783 γῆν

2624 2793 2916 2864 στρατεύει,
2946 2796 3038 2845 καὶ
3089 2796 3225 2847 κατά
3269 2793 3527 2848 θάλατταν
3565 2796 3730 2872 ἕρπει,
3772 2802 3863 2851 καὶ
3909 2803 4004 2858 τὴν
4062 2795 4226 2875 δορυ-

2623 2883 2943 2953 φορουμένην
3026 2881 3153 2956 παρ’
3231 2882 3480 2958 ἑκατέρων
3570 2891 3849 2959 στοιχείων
3916 2887 4225 2965 ἑκατέρωθεν

2624 2970 2809 3044 πορθεῖ
2836 2973 2927 3023 καὶ
2972 2972 3239 3047 κατάκρας
3283 2978 3438 3047 αίρεῖ.
3483 2976 3642 3047 Οῖμοι
3670 2974 3683 3030 Ι
3715 2980 3767 3029 τί
3795 2983 4043 3031 τοσοῦτον
4076 2976 4223 3040 πόλις

849 3062 1116 3121 salonice
1139 3063 1243 3135 pia
1270 3067 1432 3128 vota,
1457 3061 1769 3118 communi
1789 3060 2054 3133 hospitio
2079 3075 2206 3117 non
2232 3059 2511 3117 fecisset?
2545 3098 2587 3155 ο

2455 3060 2511 3117 t?
2545 3098 2587 3155 C
2626 3058 3053 3132 πεπλημμέληκεν
3108 3061 3340 3127 εὐσεϐὴς,
3397 3064 3479 3115 ἵνα
3529 3068 3619 3115 καὶ
3685 3067 3951 3142 μάρτυρος
4014 3066 4224 3120 πολιού-

847 3154 1062 3209 Preces
1092 3154 1314 3208 nostrae
1348 3165 1524 3207 vana;
1552 3149 1797 3206 fuerunt
1810 3168 1828 3221 ;
1858 3151 2017 3206 Deus
2045 3149 2206 3205 enim
2235 3149 2516 3205 amaritu-

847 3232 1007 3298 dinis
1051 3239 1303 3298 calicem
1332 3239 1621 3296 omnibus
1664 3237 2075 3296 hauriendum
2105 3237 2323 3295 obtulit
2352 3242 2411 3295 et
2438 3238 2515 3295 ci-

843 3330 1090 3387 vitatem
1110 3328 1483 3385 luxuriosam
1510 3326 1791 3400 perdidit.
1823 3328 2013 3393 Quem
2039 3341 2314 3399 unquam
2332 3326 2511 3383 Thes-

846 3417 1113 3475 salonice
1144 3421 1248 3473 aut
1279 3415 1562 3490 ByZantio
1584 3415 2009 3473 advenientem
2036 3415 2214 3472 autin
2234 3416 2513 3488 quemvis

845 3507 1049 3565 locum
1077 3505 1563 3580 proﬁciscentem
1607 3504 1870 3578 hospitio
1907 3519 2033 3561 non
2057 3504 2337 3577 excepit?
2374 3520 2511 3578 qua:

844 3598 1035 3653 instar
1055 3593 1255 3651 cordis
1276 3594 1336 3650 in
1360 3593 1616 3666 imperio
1650 3593 1763 3651 sita
1785 3598 1910 3651 erat
1928 3593 2029 3649 uni
2050 3592 2331 3665 Byzantio
2350 3598 2513 3665 post-

846 3682 1371 3759 ponenda,multis
1400 3682 1463 3737 in
1484 3681 1671 3739 rebus
1704 3680 2332 3755 asquiparandamunc
2352 3697 2514 3737 com-

845 3774 1019 3831 muni
1044 3771 1226 3846 plaga
1254 3768 1561 3843 ﬂagellata
1580 3770 1760 3843 jacet.
1803 3772 1920 3827 Nec
1950 3770 2199 3837 mirum,
2231 3773 2309 3839 te,
2343 3784 2512 3826 sanc-

844 3862 1096 3931 tissime,
1118 3860 1467 3934 plusquam
1499 3864 1749 3916 caeteros
1782 3872 2147 3932 perpessum
2179 3874 2332 3915 esse.
2356 3860 2512 3915 Deus

848 3952 1011 4010 enim
1036 3950 1141 4024 qui
1181 3949 1458 4007 omnium
1485 3949 1638 4005 vires
1674 3949 1938 4018 metitur,
1975 3948 2367 4021 adaequatum
2393 3948 2513 4005 cui-

847 4058 967 4117 que
998 4055 1153 4097 onus
1202 4038 1481 4112 imponit,
1532 4042 1590 4095 et
1616 4037 1764 4094 dum
1798 4034 2033 4095 homini
2058 4038 2401 4095 eﬂeminato
2429 4036 2514 4094 nil

848 4135 1091 4206 portare
1117 4128 1340 4186 valenti
1368 4127 1579 4200 parcit,
1612 4124 1955 4184 fortissimis
1993 4126 2336 4201 quibusque
2365 4143 2515 4200 quo-

844 4234 983 4279 rum
1031 4223 1096 4277 tu
1146 4231 1401 4276 numero
1459 4214 1853 4274 ascribendus
1902 4216 2139 4282 videris,
2179 4217 2506 4273 durissima

844 4309 1135 4386 pericula,
1169 4312 1378 4381 utpote
1410 4308 1705 4364 honorem
1738 4307 1880 4363 inde
1918 4308 2329 4364 consecuturis
2360 4304 2505 4364 obe-

2623 3166 2730 3219 χου
2789 3147 3013 3212 ἔντευξις
3062 3149 3353 3223 αἰσχυνθῇ,
3405 3156 3493 3205 καὶ
3549 3160 3711 3225 σοφοῦ
3764 3152 4047 3229 ἀρχιερέως
4102 3157 4230 3211 ὁσία

2623 3237 2784 3311 εὐχὴ,
2822 3238 3015 3311 μᾶλλον
3067 3237 3126 3293 δὲ
3165 3261 3369 3295 παντων
3434 3242 3654 3295 εὐσεϐῶν
3707 3241 3934 3316 δέησις;
3978 3250 4071 3310 Τίς
4123 3250 4225 3323 γὰρ

2624 3325 2718 3379 οὐκ
2771 3324 2939 3381 ἐδεῖτο
2980 3330 3108 3402 ὑπὲρ
3152 3329 3547 3394 Θεσσαλονίκης
3587 3332 3891 3399 θεοκλυτῶν,
3932 3337 4003 3397 ὡς
4047 3337 4229 3398 κοινῆς

2622 3411 2876 3489 πατρίδος
2919 3421 3011 3469 καὶ
3058 3424 3393 3491 καταγωγίου
3446 3428 3659 3489 κοινοῦ;
3706 3420 3842 3474 Ἀλλ’
3892 3421 4228 3497 ἡλίγχθημεν

2623 3505 2793 3577 μάτην
2835 3504 3140 3578 εὐξάμενοι·
3179 3514 3311 3559 πᾶσι
3365 3511 3488 3583 γὰρ,
3541 3508 3708 3583 οἶμαι,
3761 3517 3982 3585 κερᾶσαι
4013 3517 4231 3588 πικρίας

2622 3598 2874 3667 ποτήριον
2904 3598 3037 3658 Θεὸς
3087 3592 3391 3666 ἐδεκαίωσε,
3423 3602 3513 3651 καὶ
3564 3602 3710 3673 παρὰ
3746 3608 3899 3654 τοῦτο
3946 3605 4005 3655 τό
4058 3606 4231 3656 κοινόν

2624 3680 2926 3757 ἐντρύφημα
2982 3682 3278 3759 προύδωκε.
3333 3692 3461 3739 Τίνα
3507 3696 3608 3739 τῶν
3666 3690 3907 3743 ἁπάντων
3970 3692 4065 3744 οὐκ
4114 3689 4227 3745 ἐδε-

2624 3771 2798 3834 ξιοῦτο
2854 3773 3233 3844 Θεσσαλονίκη,
3294 3775 3352 3829 ἐκ
3401 3777 3687 3838 Βυζαντίου
3753 3780 3782 3839 ἣ
3843 3778 3888 3841 ἐς
3946 3781 4229 3843 Βυζάντιον

2623 3862 2652 3919 ἦ
2721 3858 3056 3921 ὁπουδήποτε
3108 3861 3507 3938 παροδεύοντα;
3564 3868 3668 3920 Οἷα
3734 3870 3837 3945 γάρ
3895 3890 3971 3931 τις
4026 3868 4232 3946 καρδία

2622 3958 2715 4011 τῆς
2757 3949 3049 4025 Ῥωμαῖκῆς
3094 3950 3268 4027 ἀρχῆς
3322 3959 3416 4014 τὴν
3477 3960 3643 4029 μέσην
3701 3958 3865 4020 αὐτῆς
3924 3960 4083 4034 ἔλαχε
4110 3967 4226 4034 χώ-

2622 4059 2737 4113 ραν,
2769 4046 2859 4093 καὶ
2897 4061 3033 4095 πασι
3080 4047 3248 4095 κοινόν
3289 4041 3480 4117 ἀγαθόν
3523 4045 3743 4110 ἐξέκειτο
3771 4065 3786 4079 ⁰
3830 4054 3921 4103 καὶ
3968 4059 4030 4124 τῇ
4076 4058 4229 4105 Κων-

2627 4135 2921 4199 σταντίνου,
2955 4133 3057 4185 ὅσα
3105 4133 3295 4208 κεφαλῇ
3355 4140 3445 4188 καὶ
3483 4136 3629 4191 πόλει
3678 4146 3769 4192 τοῦ
3814 4143 4057 4214 κράτους,
4102 4143 4229 4216 ὑφι-

2625 4220 2879 4287 ζάνουσα,
2940 4230 3040 4274 τῶν
3096 4222 3288 4276 λοιπῶν
3350 4223 3556 4298 ἀγαθῶν
3607 4227 3947 4301 ἡμφισϐήτει.
4006 4231 4083 4284 Ού
4121 4234 4228 4307 γὰρ

2615 4309 2765 4364 πλέον
2820 4330 2874 4363 τι
2916 4310 3080 4385 λέγειν
3136 4313 3167 4372 ἡ
3218 4319 3337 4389 περὶ
3392 4320 3488 4375 τὴν
3519 4315 3908 4390 βασιλεύουσαν
3946 4317 4114 4383 αἰδὼς
4144 4318 4233 4375 δί·

845 4401 1017 4458 unda
1041 4399 1346 4473 proponit.
1381 4398 1574 4458 Quare
1604 4396 1944 4453 absurdum
1972 4400 2130 4454 esset
2152 4396 2347 4453 virum
2369 4412 2508 4454 con—
2536 4415 2581 4470 ι)

2461 4412 2508 4453 1-
2536 4415 2581 4470 D
2624 4396 2808 4452 δωσιν.
2843 4400 2959 4454 Ἑπὶ
3005 4410 3150 4476 κοινῇ
3202 4412 3349 4476 γοῦν,
3401 4408 3467 4467 ὡς
3504 4409 3650 4481 ἔφην,
3690 4410 3913 4483 μάστιγι
3945 4413 4004 4463 τὸ
4054 4415 4230 4466 κοινόν

848 4486 1028 4547 solari
1056 4487 1318 4545 voluisse
1356 4486 1461 4559 qui
1502 4501 1614 4543 nos
1641 4484 1811 4559 ipsos
1862 4500 2110 4543 omnem
2145 4484 2505 4558 sapientiam

847 4577 1078 4647 edocet,
1106 4582 1164 4635 et
1180 4591 1365 4651 quem
1382 4580 1539 4633 Deus
1565 4591 1673 4649 per
1692 4575 1915 4633 multos
1939 4590 2134 4632 annos
2161 4575 2499 4633 conservet!

2616 4487 2746 4542 ἑάλω
2784 4490 3136 4564 παραμύθιον.
3170 4492 3231 4546 Εἰ
3278 4489 3338 4547 δὲ
3388 4494 3537 4548 πλέον
3592 4496 3771 4566 αὐτὸς,
3831 4499 4095 4571 ἁγιώτατε
4132 4508 4231 4557 καὶ

2615 4584 2879 4651 σοφώτατε
2918 4576 3169 4647 δέσποτα,
3201 4589 3291 4645 τῆς
3328 4590 3544 4660 πικρίας
3571 4582 3787 4658 ἐγεύσω,
3837 4593 4014 4643 καινόν
4049 4588 4227 4647 οὐδέν.

847 4669 989 4724 φιλεῖ
1053 4669 1155 4740 γὰρ
1205 4669 1264 4719 τό
1309 4673 1457 4718 Οεῖον
1507 4667 1599 4726 τὰς
1644 4660 1893 4738 δυνάμεις
1932 4672 2155 4738 μετρεῖν,
2195 4670 2286 4718 καὶ
2336 4672 2453 4728 ταῖς
2494 4661 2778 4740 δυνάμεσιν
2828 4667 3035 4742 ἐπάγειν
3082 4675 3142 4724 τὸ
3192 4671 3355 4749 βάρος
3408 4684 3505 4738 τῆς
3556 4681 3736 4751 πείρας
3802 4676 4073 4753 ἀνάλογον.
4125 4686 4232 4736 Καὶ

846 4760 1021 4832 ὥσπερ
1060 4760 1150 4809 τὸν
1206 4755 1438 4829 μαλακὸν
1466 4758 1558 4808 καὶ
1589 4750 1696 4808 οἷον
1726 4750 1892 4828 μηδὲν
1942 4758 2107 4831 φέρειν
2139 4751 2266 4808 οὐδὲ
2303 4757 2398 4814 τήν
2430 4753 2605 4830 ἀρχὴν
2640 4760 2866 4817 καθῆκεν
2897 4758 2968 4822 εἰς
2998 4757 3149 4814 ούδεν
3182 4758 3463 4839 δυσχερὲς,
3515 4765 3598 4819 ἵνα
3644 4750 3777 4843 πρὸς
3830 4776 3902 4840 τῷ
3955 4750 4124 4842 μηδέν
4168 4789 4230 4824 τι

844 4845 1097 4922 κερδᾶναι
1121 4850 1212 4899 καὶ
1241 4854 1303 4920 τῇ
1326 4846 1462 4919 λύπῃ
1492 4846 1789 4918 καταποθῇ,
1822 4844 1956 4897 οὕτω
1998 4852 2069 4916 τῷ
2094 4849 2309 4918 γενναίῳ
2339 4848 2475 4899 κατὰ
2521 4848 2578 4899 σε
2608 4852 2697 4900 καὶ
2731 4852 2821 4908 τὴν
2850 4854 3032 4924 πεῖραν
3060 4858 3159 4903 τῶν
3190 4848 3490 4912 ἀϐουλήτων
3521 4858 3610 4908 καὶ
3660 4855 3785 4915 ύλην
3810 4863 4104 4933 ποιουωίνῳ
4133 4858 4229 4913 εὗ-

849 4935 1187 5011 δοκιμήσεως
1219 4938 1526 5013 θερμοτέραν
1554 4939 1649 4995 τὴν
1688 4955 1832 5012 παρα
1867 4943 1968 4987 τῶν
1988 4931 2241 4987 κινδύνων
2263 4935 2512 5008 ἐπήνεγκε
2540 4939 2799 5012 πύρωσιν⁸
2841 4938 3209 5014 Ἀπειρόκαλον
3241 4938 3329 4995 οὖν
3368 4941 3558 5015 τοιῷδε
3597 4940 3753 5021 ἀνδρὶ
3784 4931 4230 5024 παραμυθητικόν

845 5027 1192 5101 ἐπιστέλλειν,
1225 5027 1279 5083 ὃν
1298 5029 1486 5101 ἔχομεν
1517 5025 1668 5084 αὐτοὶ
1689 5026 1867 5089 πάσης
1900 5024 2205 5099 φιλοσοφίας
2231 5021 2579 5100 διδάσκαλον,
2613 5026 2693 5083 ἀεὶ
2715 5028 3090 5105 φυλαττόμενον
3121 5034 3267 5107 παρὰ
3296 5040 3429 5089 Θεοῦ
3446 5032 3812 5113 πολυχρόνιον.
