4480 6430
284 412 385 473 337
1308 408 1629 471 MONODIA
1666 408 1738 469 IN
1774 406 2219 470 EUSTATHIUM
2252 406 2593 470 THESSAL.‘
3534 407 3639 464 338

285 537 3640 564 mm

1610 681 2312 802 ΜΟΝΩΔΙΑ

898 927 1076 1017 ΕΙΣ
1133 929 1375 1018 TON
1432 925 2095 1018 ΑΓΙΩΤΑΤΟΝ
2153 926 3043 1020 ΘΕΣΣΑΛΟΝΙΚΗΣ

766 1142 1579 1319 ΚΥΡΟΝ
1754 1142 3160 1323 ΕΥΣΤΑΘΙΟΝ

1653 1584 2310 1695 ΜΟΝΟΙΠΑ

616 1907 1538 1993 SANCTISSIMUM
1592 1908 2581 1994 THESSALONICES
2640 1908 3332 1994 EPISCOPUM

736 2130 1741 2287 DOMINUM
1834 2133 3206 2291 EUSTATHIUM

360 2598 430 2652 ⁶Ω
470 2600 690 2671 στυγνός
710 2597 858 2669 αἰὼν,
886 2600 925 2652 ὦ
948 2599 1156 2674 τλήμων
1205 2600 1352 2674 ἡμεῖς
1378 2601 1525 2673 γενεά
1549 2600 1561 2655 ε
1596 2600 1681 2654 οἶα
1706 2603 1897 2655 πεπόν-
1928 2603 1976 2657 Α
2077 2602 2121 2658 Ο

1887 2631 1897 2645 -
1928 2603 1976 2657 Α
2077 2602 2121 2658 0
2140 2601 2428 2659 saeculum
2443 2601 2827 2659 exsecrabile!
2849 2604 2892 2661 Ο
2913 2603 3312 2662 infortunatos
3331 2618 3445 2662 nos
3467 2604 3656 2678 ipsos!

296 2689 483 2762 θαμενὲ
526 2696 645 2752 Πῶς
686 2688 1079 2764 έκτραγῳδήσω
1124 2687 1404 2749 τηλικοῦδε
1446 2698 1610 2744 κακοῦ
1641 2693 1893 2764 μέγεθος;
2008 2693 2065 2758 Οτ

2008 2692 2327 2758 Quomodo
2346 2693 2529 2763 hujus
2557 2693 2910 2751 calamitatis
2945 2694 3430 2766 magnitudinem
3460 2695 3664 2767 deplo-

295 2785 406 2840 Πῶς
454 2777 830 2853 ὀλοφύρωμαις
876 2784 1053 2854 Μέχρι
1094 2783 1195 2853 γὰρ
1233 2784 1372 2843 τινὸς
1405 2779 1605 2853 ἀφασίᾳ
1628 2785 1810 2834 πέσσω
1837 2784 1897 2834 τὸ
2005 2795 2064 2836 re

1893 2805 1897 2829 ν
2005 2795 2134 2836 rem
2154 2781 2183 2837 ?
2210 2780 2373 2836 Unde
2402 2780 2591 2837 verba
2618 2781 2849 2838 luctum
2876 2783 3023 2840 satis
3049 2785 3333 2840 testantia
3363 2798 3610 2839 sumam
3634 2782 3662 2837 ‘I

293 2868 450 2939 ἄλγος
494 2874 584 2921 καὶ
611 2876 800 2941 κωφοῖς
838 2865 1090 2945 δάκρυσι,
1135 2874 1299 2944 μέχρι
1346 2873 1486 2931 τινὸς
1538 2871 1899 2943 ὑπομινυρίζω
2010 2871 2062 2925 L1

1898 2904 1899 2913 η
2010 2871 2212 2939 Longo
2238 2885 2275 2926 a
2298 2873 2566 2942 tempore
2591 2870 2863 2928 dolorem
2893 2888 3099 2928 meum
3133 2872 3247 2930 edo
3268 2913 3283 2940 ,
3322 2873 3505 2929 mutis
3536 2876 3667 2929 tan-

297 2954 562 3032 θρηνῶδες
617 2958 733 3010 κατ’
786 2956 1007 3031 ἐμαυτόν
1036 2980 1049 2993 ·
1096 2961 1164 3012 τά
1208 2963 1299 3031 μεν
1339 2963 1525 3032 αἴφνης
1551 2958 1901 3032 ἐκπεπληγμέ-
2008 2963 2066 3015 tu

1899 2991 1901 2999 ι
2008 2963 2139 3015 tum
2163 2959 2447 3032 lacrymis
2462 2959 2691 3019 effusis.
2708 2962 2992 3017 Nuntium
3009 2962 3256 3035 quidem
3281 2961 3357 3019 de
3378 2960 3668 3018 Eustathii

292 3066 375 3107 νος
400 3050 469 3108 ὡς
500 3051 624 3119 ἤχῳ
651 3048 1000 3124 σκληροτέρας
1030 3046 1253 3124 βροντῆς
1271 3057 1341 3121 τῷ
1366 3045 1614 3121 ἀδοκήτῳ
1639 3056 1735 3110 τῆς
1766 3068 1901 3102 σκυ-
2010 3065 2061 3104 m

2010 3054 2203 3105 morte
2240 3053 2509 3105 mentem
2548 3054 2614 3105 ut
2658 3050 2900 3119 tonitru,
2952 3055 3019 3106 ut
3054 3050 3310 3108 fulmina
3340 3050 3671 3124 improvisa

298 3138 513 3212 θρωπῆς
563 3135 747 3207 ἀκοῆς,
778 3139 809 3197 ἣ
859 3144 951 3191 καὶ
990 3140 1059 3201 ὡς
1089 3138 1386 3212 καταιϐάτῃ
1421 3137 1733 3212 βεϐλημένος
1765 3157 1901 3197 σκη-
2011 3153 2067 3210 pl

2011 3138 2323 3210 percussit,
2368 3154 2480 3195 nec
2522 3138 2689 3195 aliud
2735 3139 2850 3195 nisi
2896 3139 3157 3210 fumum,
3205 3140 3429 3196 doloris
3476 3138 3672 3196 intimi

296 3234 429 3296 πτῷ,
483 3231 572 3278 καὶ
616 3230 898 3300 στεναγμὸν
945 3231 1097 3301 μόνον
1142 3233 1341 3299 τῳτέως
1381 3231 1452 3289 ὡς
1496 3232 1689 3280 καπνόν
1719 3227 1903 3300 ἀφιεὶς,
2013 3243 2065 3299 Ψ

2013 3243 2137 3299 quo
2171 3227 2407 3284 crucior
2425 3228 2688 3285 indicem
2717 3229 2944 3285 emitto.
2980 3229 3181 3285 Primo
3206 3229 3458 3302 quidem
3487 3229 3674 3285 ﬁdem

296 3321 390 3377 τῆς
445 3314 794 3389 ὶμπιπρώσης
845 3313 1039 3379 ὀδύνης
1095 3316 1306 3393 ἐναργὲς
1358 3322 1651 3391 σήμαντρω
1684 3338 1697 3352 ο
1749 3320 1816 3369 τά
1847 3313 1907 3370 δε
2014 3333 2065 3374 re

1906 3340 1907 3345 π
2014 3317 2100 3374 rei
2136 3333 2306 3374 novae
2342 3318 2567 3375 habere
2604 3334 2714 3375 nec
2752 3320 2923 3392 potui
2956 3334 3067 3375 nec
3104 3319 3288 3388 volui,
3322 3322 3384 3376 at
3411 3334 3521 3392 per
3547 3318 3675 3375 Ion.

297 3409 366 3477 μὴ
416 3406 572 3459 θέλων
624 3407 757 3460 οὕτω
801 3403 1001 3481 ῥᾳδίως
1056 3406 1326 3483 βαρυτάτῃ
1377 3410 1643 3461 πιστεύειν
1692 3406 1908 3479 ἀγγελίᾳ
2018 3422 2066 3479 ει

1897 3427 1908 3459 ι
2018 3422 2164 3479 gum
2183 3407 2873 3479 tempuslucidissimam
2895 3408 3130 3465 stellam
3148 3408 3225 3465 de
3259 3408 3412 3465 cmlo
3452 3407 3666 3480 delap-

299 3499 367 3558 ὡς
407 3496 686 3570 ἀϐουλήτῳ
738 3517 847 3571 μοι,
877 3497 1093 3551 έπιπολύ
1126 3494 1177 3551 δ’
1219 3498 1447 3552 ἀπειθεῖν
1475 3502 1567 3551 καὶ
1609 3494 1907 3550 διαπιστειν
2019 3512 2068 3553 SE

2019 3512 2152 3553 sam
2198 3497 2573 3555 Eustathium
2620 3497 2895 3571 sepulcro
2934 3497 3247 3556 conditum
3286 3514 3422 3555 esse
3482 3497 3676 3554 incre-

299 3589 365 3649 ὡς
427 3587 491 3640 ἂν
558 3592 727 3662 μάτην
793 3589 929 3642 οὕτω
990 3590 1183 3664 ῥεούσῃ
1252 3588 1466 3642 κάκεῖνα
1530 3588 1906 3662 λογοποιούσῃ,
2020 3587 2060 3643 d

839 3589 929 3642 3m
990 3590 1183 3664 ῥεούσῃ
1252 3588 1466 3642 κάκεῖνα
1530 3588 1906 3662 λογοποιούσῃ,
2020 3587 2201 3643 dulus
2232 3603 2608 3662 acceperam.

299 3680 398 3730 ὅσα
422 3682 497 3751 μή
534 3681 681 3752 θέμις
703 3683 974 3754 προφέρειν
1002 3682 1102 3732 εἴτε
1132 3681 1467 3751 προσίεσθαιο
1490 3677 1643 3741 Ἰσης
1663 3680 1765 3752 γὰρ
1799 3677 2018 3742 ἀτοπίας
2048 3682 2147 3732 εἴτε
2173 3683 2503 3752 καινοτομίας
2528 3678 2762 3752 ἐνόμιζον
2792 3681 3147 3735 πυνθάνεσθαι
3167 3684 3258 3734 καὶ
3286 3681 3550 3734 πιστεύειν
3576 3678 3672 3733 ἀσ-

297 3772 421 3844 τέρα
439 3772 561 3822 τινὰ
589 3766 1001 3842 διαφάνέστατον
1028 3768 1301 3842 οὐρανόθεν
1333 3773 1512 3841 χαμαὶ
1538 3774 1732 3836 πεσεῖν,
1767 3773 1857 3820 καὶ
1884 3771 1970 3821 τόν
2002 3773 2164 3842 μέγαν
2196 3769 2484 3821 Εύσταθιον
2512 3765 2772 3821 ὖποδῦναι
2793 3777 2911 3841 γῆν.

369 3859 527 3911 Οὕτω
580 3862 670 3930 μὲν
724 3855 813 3910 οὖν
866 3864 955 3911 καὶ
998 3854 1094 3910 διὰ
1138 3865 1307 3910 ταῦτα
1336 3854 1459 3919 αὖος
1491 3859 1642 3915 ἔστην
1672 3856 1722 3919 ἐς
1749 3853 1904 3933 δεῦρο
2094 3859 2138 3915 Si

2094 3857 2185 3915 Sic
2210 3857 2363 3913 inter
2390 3858 2694 3930 lacrymas
2720 3862 2777 3913 et
2792 3858 3051 3929 gemitus
3068 3858 3307 3915 haerens
3328 3873 3476 3915 voce
3502 3858 3682 3915 inter-

296 3953 384 4001 καὶ
435 3947 620 4014 ἔννεὸς,
672 3948 715 4001 εί
762 3952 853 4001 καὶ
902 3946 1086 4017 άλλως,
1146 3950 1215 4009 ὡς
1270 3948 1414 4021 ἔφην,
1459 3944 1732 4008 ἀλαλήτοις
1785 3966 1907 4000 στε-
2022 3946 2065 4003 c]

2022 3946 2191 4003 clusa
2228 3946 2347 4002 mei
2386 3962 2637 4019 compos
2675 3962 2799 4003 non
2855 3947 2961 4017 fui,
3004 3948 3106 4004 ubi
3147 3948 3430 4004 nuntium
3466 3964 3682 4006 verum

294 4046 517 4113 νημοῖς
584 4036 900 4111 έκοπτόμην,
973 4043 1064 4090 καὶ
1132 4037 1608 4112 περιιλιμναζόμην
1677 4036 1982 4142 ὑποϐρο-Β
2022 4051 2063 4092 e:

350 4135 359 4142 .
534 4125 595 4142 ,ο
898 4132 908 4142 .
1075 4132 1085 4142 .
1423 4126 1450 4142 ο
1518 4127 1545 4142 ..
1630 4131 1640 4142 .
1858 4131 1868 4142 .
2033 4141 2043 4142 ,

1937 4088 1982 4142 Β
2022 4051 2172 4103 esse,
2206 4036 2359 4110 proh
2393 4035 2567 4092 dolor
2599 4037 2611 4091 !
2656 4041 3031 4109 compertum
3060 4037 3269 4094 habui.
3306 4037 3419 4094 Sed
3449 4042 3509 4093 et
3540 4054 3682 4094 cum

294 4135 444 4201 χίοις
522 4125 757 4203 δάκρυσι
826 4132 917 4181 καὶ
992 4132 1093 4203 πρὸ
1156 4147 1342 4203 καιρου
1420 4126 1749 4200 ϐιαζομένοις
1812 4125 1982 4187 nixa"
2022 4141 2063 4181 a'

1939 4125 1982 4142 ”
2022 4129 2295 4199 apertam
2350 4126 2754 4182 calamitatem
2794 4140 2917 4182 non
2968 4126 3168 4183 minus
3217 4126 3476 4199 plango;
3523 4143 3681 4184 nunc

297 4219 527 4293 ἓκρηξιν.
575 4225 684 4271 Νῦν
729 4214 790 4271 δι
832 4216 961 4270 ἀ).λά
1005 4223 1095 4270 καὶ
1121 4221 1429 4290 πέπεισμαι,
1466 4220 1530 4278 ὡς
1560 4216 1653 4269 οὐκ
1696 4216 1905 4289 ὤφελον,
2020 4230 2061 4288 q

2020 4230 2267 4288 quoqne
2291 4214 2577 4288 lacrymae
2610 4230 2824 4271 vocem
2863 4214 3218 4271 occludunt.
3260 4218 3543 4272 Attamen
3578 4216 3682 4275 ubi

298 4307 633 4381 ἀληθευούσῃ
690 4315 753 4380 τῇ
799 4311 966 4381 πικρᾷ
1014 4306 1252 4379 ἀγγελίᾳ,
1301 4311 1391 4359 καὶ
1446 4314 1557 4367 πῶς
1589 4310 1776 4379 μικρόν
1819 4314 1910 4368 τῆς
2020 4305 2067 4361 (ι

2020 4304 2194 4361 dolor
2219 4320 2429 4361 vocem
2468 4320 2593 4361 non
2654 4305 3033 4378 impediverit
3088 4306 3397 4362 lenimenti
3449 4306 3682 4379 aliquid

298 4397 597 4461 ὶκπλήξεως
684 4395 1003 4469 ἀνενεγκὼν,
1111 4398 1367 4450 ἔκπυστον
1454 4395 1728 4469 ἀνοιμὼζω
1820 4400 1910 4449 καὶ
2020 4393 2067 4450 ir

2020 4393 2325 4465 invenero,
2376 4398 2433 4451 et
2488 4394 2684 4451 amico
2745 4394 3030 4451 defuncto
3074 4394 3346 4451 officium
3404 4394 3680 4453 debitum

296 4491 502 4561 γοερόν,
586 4490 677 4541 καὶ
753 4492 923 4560 φωνήν
990 4484 1180 4560 ἀφίημι
1255 4486 1505 4559 κλαυθμῷ
1582 4488 1900 4559 σύμμικτον.
2020 4498 2061 4556 p

2020 4482 2395 4556 persolvero.
2437 4482 2552 4539 Sed
2590 4482 2739 4555 quid
2787 4483 3035 4540 tandem
3076 4482 3355 4539 faciendo
3400 4482 3679 4543 dolorem

294 4581 456 4652 Τάχα
506 4579 636 4651 γὰρ,
686 4577 822 4630 οὖτὼ
870 4583 963 4630 τοῦ
1017 4575 1207 4649 ἆλγους
1244 4583 1308 4650 τῇ
1368 4577 1689 4651 γεγωνοτέρᾳ
1749 4594 1911 4649 προσ·
2021 4589 2063 4627 n

2021 4587 2226 4628 meum
2264 4571 2479 4628 melius
2504 4572 2892 4629 manifestare
2913 4572 3200 4630 videbor?
3226 4572 3680 4629 Obmutescam-

298 4669 626 4722 ακακλαύσει
700 4671 1004 4740 κενουμένου
1064 4667 1258 4741 θύραζε
1304 4670 1432 4743 πρός
1477 4665 1686 4742 βραχὺ,
1736 4684 1914 4738 κουφι-
2021 4677 2062 4718 n

1911 4697 1914 4705 ι
2021 4677 2098 4718 ne
2121 4665 2188 4718 ut
2205 4661 2333 4718 heri
2353 4677 2561 4719 eorum
2585 4662 2665 4718 ad
2693 4663 2883 4719 instar
2908 4662 3013 4736 qui
3042 4661 3379 4718 secundum
3406 4661 3680 4719 fabulam

301 4764 431 4832 σμόν
490 4777 614 4811 τινα
668 4764 762 4810 τοῦ
813 4755 1098 4819 λυποῦντος
1150 4756 1281 4829 εὕρω
1315 4773 1329 4789 ·
1391 4760 1480 4809 καὶ
1527 4756 1639 4828 οἶμα
1680 4763 1753 4826 τῷ
1801 4774 1914 4808 κει-
2023 4768 2063 4827 p

1907 4785 1914 4797 -
2023 4768 2142 4827 prae
2162 4751 2349 4809 nimio
2365 4752 2571 4810 dolore
2594 4752 2657 4809 in
2678 4752 2927 4810 arbores
2946 4756 3050 4810 aut
3071 4768 3223 4810 saxa
3245 4752 3462 4809 mutati
3498 4755 3638 4809 sunt
3662 4770 3676 4821 ;

297 4854 432 4924 μένῳ
489 4852 693 4921 κόσμον
745 4845 931 4899 οἰκεῖον
991 4840 1257 4899 ἀποδώσω
1304 4851 1486 4898 τοῦτον
1552 4849 1642 4897 καὶ
1711 4840 1916 4897 δικαιό-
2026 4858 2063 4900 a

1911 4876 1916 4886 ι
2026 4845 2129 4900 aut
2144 4858 2385 4914 gemam
2413 4842 2866 4915 fremamqueut
2889 4842 3095 4909 modo,
3126 4841 3561 4915 adexemplum
3575 4856 3680 4899 eo-

297 4960 451 4994 τατον
507 4937 738 5011 ὄφλημα.
791 4941 894 4991 Καί
945 4940 1029 4990 τοί
1076 4955 1137 5009 γε
1188 4935 1354 4999 ἄλλως
1410 4934 1487 4989 ἐπ’
1539 4934 1806 5009 ἀμφοτέρᾳ
1848 4941 1909 5008 τῇ
2023 4948 2066 4990 rl

2023 4948 2159 4990 rum
2172 4932 2622 5007 quisecundum
2637 4932 3001 5006 Prophetam
3013 4932 3326 5006 planctum
3346 4930 3576 4989 faciunt
3586 4946 3680 4989 ve—

294 5037 477 5105 γνὼμῃ
548 5028 899 5104 ῥιπτάζομαι,
965 5022 1252 5101 διαπορῶν,
1316 5029 1545 5099 ποτέρως
1600 5024 1660 5077 ἀν
1719 5024 1911 5099 μᾶλλον
2022 5023 2063 5080 ll

2022 5023 2109 5080 lut
2120 5022 2451 5079 draconum
2462 5065 2475 5089 ,
2490 5022 2785 5079 etluctum
2797 5022 2976 5097 quasi
2990 5022 3394 5079 struthionum
3406 5022 3435 5078 ?
3448 5023 3680 5079 Utrum-

295 5121 597 5191 τηλικούτῳ
664 5118 823 5171 πάθει
888 5116 1187 5175 κατάλληλα
1252 5120 1531 5189 φαινοίμην
1595 5114 1911 5189 ἀφοσιούμε-
2022 5129 2064 5188 q

2022 5129 2142 5188 que
2166 5112 2315 5170 mihi
2339 5128 2371 5170 e
2396 5128 2459 5170 re
2479 5127 2617 5170 esse
2637 5112 2871 5171 videtur
2900 5112 2979 5169 ob
3002 5111 3487 5185 magnitudinem
3517 5110 3680 5170 cala-

294 5231 377 5275 νος
424 5206 536 5285 ἀρα
710 5209 836 5281 χθὲς
894 5205 1086 5281 βαθείᾳ
1136 5214 1306 5280 σιωπῇ
1363 5212 1452 5259 καὶ
1513 5213 1622 5268 τοῖς
1688 5203 1911 5278 ἀφώνοις
2021 5204 2268 5262 mitatis.

297 5304 633 5375 στενάγμασι
683 5302 742 5352 τὸ
799 5296 1115 5372 ὑπερϐάλλον
1167 5304 1258 5350 τοῦ
1306 5298 1505 5360 πάθους
1542 5292 1914 5369 παραδεικνὺς,
1958 5297 2022 5356 ὡς
2050 5297 2101 5347 οἱ
2129 5296 2273 5369 παρά
2294 5313 2405 5359 τοὶς
2432 5296 2619 5368 μύθοις
2644 5289 3121 5371 ἀποδενδρούμενοι
3147 5296 3238 5347 καὶ
3261 5292 3559 5367 λιθούμενοι
3586 5308 3600 5325 ⁸
3646 5294 3676 5355 ἦ

295 5391 485 5465 μᾶλλον
525 5388 832 5462 ἀνοιμὼξων
862 5392 952 5440 καὶ
985 5388 1174 5463 θρήνου
1204 5388 1489 5461 κατάρχων
1517 5391 1741 5461 σήμερον
1770 5387 1909 5439 κατά
1935 5387 2057 5447 τοὺς
2084 5387 2425 5458 ποιουμένους
2453 5388 2596 5459 παρά
2625 5393 2697 5458 τῷ
2721 5390 2962 5460 προφήτῃ
2996 5387 3212 5438 κοπετὸν
3248 5386 3317 5446 ὡς
3350 5380 3674 5458 δρακόντων,

294 5487 383 5536 καὶ
435 5481 631 5542 πένθος
683 5480 753 5542 ὡς
806 5480 1101 5553 θυγατέρων
1157 5481 1444 5554 σειρήνων;
1499 5475 1674 5530 Ἔοικε
1722 5478 1825 5551 γὰρ
1883 5474 2141 5552 ἑκάτερον,
2195 5475 2289 5528 οὐκ
2341 5474 2437 5539 ἔξω
2489 5478 2679 5529 πίπτον
2732 5482 2941 5553 καιροῦ,
2998 5471 3346 5551 παραμετρεῖν
3403 5493 3678 5552 συμφορας

299 5574 537 5646 μέγεθος.

371 5668 472 5718 Φεῦ
530 5664 631 5730 τοῦ
695 5665 871 5722 κοινοῦ
936 5658 1191 5737 πάθουςὲ
1262 5664 1353 5735 φεῦ
1418 5664 1513 5713 τοῦ
1572 5659 1912 5732 παγκοσμίου
2100 5658 2140 5713 ν

2100 5658 2197 5713 Vae
2224 5670 2548 5729 commune
2581 5655 2980 5732 infortunium
3008 5655 3021 5713 l
3055 5671 3143 5714 vas
3179 5655 3421 5729 jactura
3456 5654 3693 5734 univer-

304 5753 793 5831 κακοπραγήματος
840 5748 855 5805 ι
927 5745 1019 5812 Εἷς
1068 5747 1405 5805 ὑπολέλειπτο
1469 5748 1594 5823 βίον
1648 5747 1920 5824 λαμπτὴρ,
2031 5762 2073 5806 sa

2031 5746 2200 5806 salis!
2237 5748 2365 5807 Una
2401 5750 2714 5821 supererat
2747 5746 2883 5807 vitae
2925 5745 3117 5814 stella,
3155 5745 3260 5806 fax
3301 5761 3431 5807 una
3460 5743 3691 5823 litteris,
