4480 6430
849 547 1043 594 unum
1069 535 1365 594 luminare
1393 535 1628 603 mundi,
1651 545 1812 591 unus
1835 532 1928 590 sol
1951 532 2106 590 sacri
2133 532 2382 590 ordinis.
2392 534 2507 592 Sed

848 641 947 683 res
960 642 1036 682 ne
1060 625 1244 682 fando
1265 625 1511 698 quidem
1528 624 1770 681 audita:
1800 622 1894 679 hic
1913 638 2155 694 quoque
2175 622 2503 679 exstinctus

852 718 960 787 est,
984 729 1097 770 nos
1117 713 1177 768 in
1204 718 1499 769 aeternum
1521 711 1803 768 deseruit.
1832 711 2219 793 Quomodo,o
2247 710 2358 779 sal,
2376 716 2506 767 sus-

848 802 1081 859 tinuisti
1110 801 1300 858 solem
1326 806 1669 857 terrestrem
1699 798 1961 872 amplius
1990 814 2114 855 non
2143 799 2370 870 videre,
2400 800 2506 872 qui

849 891 1004 947 inter
1047 889 1330 946 mortales
1366 889 1479 947 fuit
1511 888 1680 961 quod
1722 892 1788 944 tu
1822 888 1977 943 inter
2015 889 2218 944 astra?
2245 892 2316 944 At
2339 904 2505 945 nunc

850 981 980 1032 atra
995 976 1188 1046 caligo
1199 977 1481 1033 universo
1493 976 1722 1033 mundo
1741 974 2009 1043 incubat,
2024 974 2284 1031 tenebras
2306 979 2363 1031 et
2382 988 2503 1032 nox

850 1063 1052 1120 illunis
1077 1065 1264 1121 vitam
1280 1066 1691 1138 persequitur;
1722 1079 1835 1120 nos
1855 1068 2123 1119 errantes
2145 1063 2299 1119 sicut
2314 1080 2505 1136 quon-

849 1150 996 1207 dam
1036 1152 1293 1224 Egyptii
1329 1148 1637 1224 pastorem
1657 1154 1930 1223 ereptum
1946 1150 2367 1207 desideramus
2398 1151 2507 1224 qui

851 1239 1145 1312 sapientia
1167 1239 1478 1311 pastoritia
1500 1239 1655 1296 inter
1678 1247 1913 1305 omnes,
1956 1238 2106 1294 sicut
2130 1244 2336 1309 pastor
2352 1239 2506 1295 inter

848 1343 1093 1400 pecora,
1125 1328 1456 1399 eminebat;
1498 1344 1613 1384 nos
1661 1326 2063 1400 philosophiae
2089 1327 2269 1383 amici
2299 1342 2502 1396 regem

852 1416 1260 1488 scientiarum,
1292 1421 1605 1490 parentem
1633 1416 1991 1489 eloquentiae
2021 1414 2337 1471 deflemus.
2367 1418 2504 1471 Jure

851 1504 1014 1561 enim
1042 1505 1263 1576 majori
1294 1504 1636 1561 Eustathius
1663 1504 1740 1560 de
1781 1504 2030 1561 nomine
2068 1504 2234 1573 regio
2263 1503 2502 1573 gloriari

849 1597 1086 1665 poterat
1114 1609 1303 1666 quam
1332 1592 1600 1665 sophista
1623 1591 1720 1648 ille
1749 1592 2002 1659 Atticus;
2036 1591 2306 1663 synodus
2331 1600 2504 1648 saera

847 1696 1095 1754 quoque
1122 1680 1367 1737 oculum
1403 1696 1584 1736 suum
1614 1684 1671 1736 et
1696 1695 1911 1736 vocem
1939 1679 2103 1735 illam
2134 1679 2346 1750 quaerit
2364 1682 2500 1751 qua;

848 1768 1033 1825 verba
1062 1784 1201 1840 rege
1226 1768 1413 1840 digna
1439 1768 1619 1839 longe
1644 1768 1884 1840 lateque
1910 1767 2424 1840 pronuntiaverat.

1712 406 2091 469 menaeus
2122 406 2516 467 Αοοιικιίπ
2547 404 2987 467 amamu-
3016 403 3347 494 numer.

2612 530 2686 595 ὦ
2740 532 2901 605 λόγόῦ
2958 535 3181 607 τῦῡρόός,
3243 532 3293 586 ἓν
3352 534 3559 604 κόσμου
3626 533 3764 605 μέγα
3826 528 3953 603 φῶς,
3989 526 4068 592 εἷς
4126 534 4215 591 τῆς

2612 622 2730 675 καθ’
2778 624 2918 694 ἡμᾶς
2972 624 3255 695 ἱερωσύνης
3306 620 3472 683 ἣλιος.
3543 625 3644 674 Καὶ
3708 627 3797 672 νῦν
3856 619 3920 689 (ὦ
3984 627 4080 680 τῆς
4124 627 4213 671 τοῦ

2611 714 2800 772 παντὸς
2848 713 3166 781 συγχύσεως
3208 709 3249 781 Ι)
3295 713 3381 761 καὶ
3430 709 3581 770 οὗτος
3635 707 3791 781 (ἀλλὰ
3846 715 3959 768 πῶς
4009 706 4213 777 γλῶττα

2615 784 2854 873 θρασεῖα,
2903 801 2962 851 τὸ
3012 805 3259 850 τοσοῦτον
3316 796 3376 849 ἂν
3425 797 3671 869 φθέγξαιο
3695 794 3737 867 ;)
3796 795 4025 860 ἀπέσϐη,
4073 814 4210 868 παρ-

2611 892 2782 959 ῴχετο
2811 901 2826 914 ·
2899 889 2958 938 τό
3021 882 3244 958 φροῦδος
3307 888 3435 958 ἡμῖν
3496 891 3588 938 τοῦ
3646 883 3857 939 λοιπου.
3921 880 4048 936 Εἶτα
4108 891 4212 944 πῶς

2612 973 2835 1047 ἐπέσχες
2865 974 3041 1044 αὐτὸς,
3091 974 3132 1025 ὦ
3174 973 3305 1039 ἦλθε,
3347 972 3515 1025 οὐκέτ’
3566 962 3828 1045 ὀψόμενος
3884 974 3971 1023 τὸν
4008 969 4211 1024 ἀντανί-

2613 1064 2819 1134 σχοντά
2869 1082 2950 1115 σοι
3005 1064 3164 1135 γῆθεν
3213 1061 3453 1120 ἁνθὴλιον
3500 1066 3591 1113 καὶ
3631 1061 3775 1113 τοῦτ’
3824 1065 3949 1112 ὄντα
3970 1066 4081 1122 τοῖς
4110 1060 4209 1111 ύπό

2614 1144 2690 1219 άξ,
2718 1152 2842 1225 ὅπερ
2896 1154 2963 1203 σύ
3008 1158 3118 1212 τοῖς
3152 1148 3358 1211 λοιποῖς
3408 1147 3639 1225 ἀστράσι
3674 1163 3697 1217 ςν
3745 1153 3911 1221 Ζόφος
3961 1145 4050 1200 οὖν
4088 1146 4210 1199 ἁκο-

2614 1243 2775 1311 σμίας
2821 1238 3136 1311 ἕπικέχυταε
3177 1246 3250 1308 τῷ
3298 1243 3456 1291 παντὶ
3508 1234 3605 1291 διὰ
3654 1244 3842 1304 ταῦτα,
3879 1241 3970 1289 καὶ
4027 1240 4213 1298 σκότος

2612 1325 2844 1399 ἁλαμπὶς
2894 1331 2982 1380 τὸν
3026 1330 3273 1400 ἡμέτερον
3328 1325 3444 1398 βίον
3499 1329 3751 1397 κατέσχε,
3802 1331 3893 1378 καὶ
3950 1344 4213 1398 συμφορας

2610 1416 2869 1489 ἆναστρος
2940 1415 3052 1478 νύξ·
3134 1421 3223 1467 καὶ
3289 1417 3360 1476 ὡς
3433 1415 3714 1485 Αἰγύπτιοι
3786 1418 4035 1489 πρότερον
4114 1414 4213 1465 ὑπὸ

2609 1502 2901 1575 ψηλαφητῷ
2960 1508 3128 1574 σκότῳ
3185 1502 3521 1575 πλαζόμενοι,
3566 1503 3826 1575 ποθοῦμεν
3884 1505 3934 1554 οἱ
3998 1521 4216 1574 ποιμαι-

2608 1600 2777 1653 νοντες
2827 1582 3048 1659 λογικῶς
3118 1595 3199 1643 τόν
3270 1590 3534 1662 ἐπιστήμῃ
3595 1595 3930 1663 ποιμαντικῇ’
3978 1593 4216 1662 τοσούτῳ

2608 1680 2807 1739 πάντας
2870 1678 3239 1754 ὑπερϐαλόντα,
3300 1681 3403 1731 ὅσα
3474 1683 3563 1731 καὶ
3627 1683 3810 1751 νομεὺς
3874 1677 4216 1751 βοσκήματα,

2609 1768 2658 1818 οἱ
2695 1772 2812 1841 περὶ
2850 1767 3031 1839 λόγους
3068 1772 3155 1819 τόν
3197 1765 3422 1839 βασιλέα
3459 1776 3558 1819 τῶν
3587 1766 3750 1839 λόγων
3779 1773 3870 1820 καὶ
3899 1771 4101 1842 πατέρα
4126 1775 4217 1828 τῆς

846 1857 1160 1929 λογιότητος.
1192 1861 1512 1932 Δικαιότερος
1540 1860 1640 1931 γὰρ
1672 1859 1698 1909 ὁ
1724 1861 1887 1930 μέγας
1907 1857 2197 1918 Εύστάθιος
2226 1864 2289 1928 τῇ
2324 1854 2577 1928 βασιλείῳ
2606 1854 2793 1913 κλήσεῖ
2824 1858 3189 1928 σεμνύνεσθαι,
3225 1860 3358 1931 ἤπερ
3383 1864 3571 1919 εκεῑνος
3602 1858 3628 1908 ὁ
3662 1856 3900 1917 ’Δττικὸς
3932 1862 4213 1928 σοφιστὴς,

847 1949 1034 1999 καθότι
1075 1952 1165 1999 καὶ
1211 1950 1306 2004 την
1352 1950 1539 2018 σοφίαν
1569 1945 1715 2006 οὗτος
1746 1944 1939 1998 ἄκείνου
1968 1944 2100 1997 πολὺ
2128 1943 2518 2017 βασιλευτερος.
2546 1940 2707 2001 Ζητεί
2729 1949 2819 1996 καί
2851 1941 3070 2005 σύνοδος
3102 1946 3213 2017 ἱερὰ
3241 1949 3330 1996 τὸν
3356 1944 3546 2007 ἑαυτῆς
3576 1942 3990 2017 διαφανέστατον
4018 1944 4211 2017 ὀφθαλ-

846 2038 963 2108 μὸν,
994 2040 1084 2089 καὶ
1108 2039 1174 2089 τὰ
1200 2035 1448 2109 βασίλεια
1474 2034 1851 2109 περιλαλούσαν
1880 2040 2045 2085 ταῦτα
2082 2038 2251 2104 φωνὴν
2281 2037 2370 2085 καὶ
2398 2035 2806 2106 περιαγνυμένην
2833 2039 2939 2095 τοῖς
2971 2037 3214 2105 πέρασιν.

920 2124 1137 2183 Civitas
1162 2123 1582 2181 Thessalonice
1606 2123 1735 2179 heri
1763 2121 2131 2189 felicissima,
2161 2121 2343 2177 hodie
2370 2132 2501 2193 per-
2533 2123 2574 2177 Β

846 2229 1035 2287 quam
1062 2212 1454 2279 infortunata,
1482 2212 1628 2285 quia
1663 2215 1832 2268 tanto
1861 2206 1985 2267 filio
2013 2208 2246 2283 privata
2273 2215 2504 2282 quanto

845 2318 987 2358 cum
1009 2302 1174 2358 luctu
1214 2317 1531 2373 sponsum,
1564 2304 1868 2373 pastorem
1897 2298 2150 2362 bonum,
2172 2304 2497 2372 praecepto-

844 2406 975 2448 rem
1032 2391 1386 2463 sapientem,
1444 2389 1824 2456 salvatorem,
1873 2388 2119 2458 genium
2165 2388 2499 2452 tutelarem,

843 2483 1352 2553 popugnatorem,
1411 2494 1535 2535 uno
1577 2477 1764 2534 verbo
1822 2476 2192 2544 columnam,
2244 2482 2307 2532 ut
2362 2493 2498 2532 cum

846 2569 1107 2637 Pindaro
1136 2568 1371 2640 loquar,
1408 2567 1809 2635 immobilem,
1841 2571 1899 2624 et
1928 2567 1977 2622 si
2006 2567 2153 2640 quid
2182 2566 2346 2622 aliud
2374 2566 2499 2623 lau-

847 2646 1052 2716 dabile
1076 2661 1134 2715 et
1155 2656 1421 2716 salutare
1438 2656 1689 2729 cogitari
1711 2662 1931 2731 potest,
1948 2661 2202 2729 quanto,
2223 2657 2501 2730 inquam,

844 2764 985 2806 cum
1029 2747 1186 2804 lectu
1226 2746 1517 2821 reposcit!
1558 2746 1651 2803 Sic
1693 2746 1874 2817 igitur
1923 2762 2182 2802 maerore
2229 2744 2504 2805 confecta

843 2836 1021 2916 quasi
1053 2826 1325 2893 secunda
1343 2836 1475 2892 vice
1501 2839 1679 2908 capta
1709 2840 1765 2891 et
1792 2834 2100 2891 destructa
2130 2834 2299 2897 foret.
2330 2834 2501 2890 humi

838 2927 1002 2999 jacet
1028 2931 1085 2982 et
1108 2926 1322 2983 metuit
1358 2942 1435 2982 ne
1471 2926 1681 2998 pejora
1721 2925 2086 2997 experiatur.
2134 2925 2296 2981 Prius
2325 2940 2499 2981 nam-

842 3030 984 3088 que,
1030 3013 1190 3071 ltalis
1236 3018 1394 3070 terra
1434 3014 1709 3087 marique
1759 3012 2124 3069 irruentibus
2174 3029 2244 3069 ac
2290 3030 2499 3069 muros

841 3103 1311 3171 destruentibus,
1345 3119 1377 3160 e
1402 3103 1688 3160 manibus
1716 3103 1982 3160 hostium
2016 3108 2221 3175 erepta
2265 3104 2375 3158 fuit
2420 3103 2499 3159 ab

841 3193 1153 3249 Eustathio
1182 3198 1390 3250 nostro
1421 3193 1527 3265 qui
1554 3192 1844 3249 virtutum
1878 3208 2125 3248 suarum
2164 3192 2326 3249 fama
2346 3193 2500 3249 adeo

838 3275 1045 3363 hostes
1086 3281 1253 3355 ipsos
1292 3282 1626 3339 commovit
1666 3288 1731 3338 ut
1778 3282 2012 3339 vultum
2061 3283 2191 3354 ejus
2233 3283 2500 3356 aspicere

839 3384 965 3426 non
996 3371 1126 3427 ausi
1153 3371 1293 3439 sint,
1318 3370 1444 3428 imo
1471 3371 1769 3428 exercitus
1794 3371 1959 3427 ferox
1987 3370 2064 3427 ad
2094 3372 2286 3443 ipsius
2311 3371 2499 3443 pedes

2680 2120 2747 2174 Ἠ
2808 2140 2866 2193 γε
2930 2125 3032 2193 μὴν
3090 2118 3355 2194 εὐδαίμων
3399 2122 3530 2193 χθες
3586 2119 3665 2175 δι’
3717 2120 3902 2183 έκεῖνος
3945 2120 4212 2175 Θεσσαλο-

2610 2215 2749 2276 νίκη,
2817 2210 2910 2262 καί
2958 2217 3048 2262 νῦν
3093 2209 3189 2263 ούκ
3238 2207 3487 2283 εὔδαιμον
3536 2209 3730 2263 έκείνου
3776 2216 3946 2285 χήρα,
3994 2214 4213 2282 γεγωνό-

2611 2318 2754 2373 τερον
2785 2299 3110 2371 οἰμώξουσα,
3143 2304 3375 2374 παρόσον
3420 2304 3510 2352 καὶ
3537 2296 3885 2374 διαφερόντως
3913 2307 4013 2352 τῶν
4051 2299 4214 2352 ἄλλων

2610 2396 2701 2448 τῆς
2782 2395 3054 2460 συμφορᾶς
3145 2390 3359 2461 ᾔσθετο,
3436 2385 3521 2440 οἶα
3611 2388 4039 2463 κατολοφύρεται,
4127 2394 4216 2441 καὶ

2610 2478 2724 2548 μεθ’
2788 2479 2923 2530 ὅσων
3012 2485 3101 2530 καί
3180 2480 3299 2530 οἵων
3376 2486 3476 2530 τῶν
3556 2475 3802 2552 δακρύων
3886 2477 4217 2531 ἀνακαλεῖται

2609 2569 2697 2621 τὸν
2753 2570 2941 2642 ὡραῖον
2998 2571 3241 2640 νυμφίον,
3290 2571 3381 2619 τόν
3420 2566 3575 2620 καλὸν
3628 2572 3869 2641 ποιμένα,
3916 2572 4003 2621 τόν
4055 2569 4218 2626 καθη-

2609 2660 2798 2727 γητὴν,
2857 2675 2943 2708 τον
3025 2659 3204 2727 σοφόν,
3268 2659 3355 2709 τὸν
3424 2664 3639 2731 σωτῆρα
3666 2674 3679 2687 ·
3750 2660 3838 2708 τόν
3907 2656 4216 2728 πολιοῦχον,

2609 2748 2696 2797 τόν
2750 2744 2998 2820 πρόϐολον
3040 2750 3130 2797 καὶ
3182 2749 3350 2806 κίονα,
3400 2749 3534 2799 κατὰ
3578 2742 3861 2819 Πίνδαρον,
3916 2743 4155 2821 ἀστραϐῆ
4201 2767 4214 2779 ο

2608 2839 2699 2886 καὶ
2742 2837 2785 2886 εἷ
2830 2854 2882 2886 τι
2933 2834 3055 2886 ἄλλο
3107 2832 3358 2907 ἐράσμιον
3411 2839 3502 2887 καὶ
3555 2838 3814 2910 σωτήριον
3862 2842 4081 2908 πρᾶγμα
4126 2839 4217 2887 καὶ

2609 2926 2786 2995 ὄνομα.
2828 2923 2980 2976 Ούτω
3024 2918 3083 2975 δὲ
3112 2924 3216 2995 οῐρα
3244 2924 3433 2987 πενθεῖ,
3458 2928 3548 2976 καὶ
3571 2928 3698 2997 πρὸς
3722 2931 3813 2976 τοῦ
3842 2926 4058 2987 πένθους
4084 2922 4217 2977 ἀπά-

2605 3031 2772 3083 γεται,
2827 3014 2896 3074 ὡς
2962 3010 3021 3064 ἃν
3089 3012 3132 3064 εἰ
3185 3014 3451 3086 κατάκρας
3511 3012 3662 3080 ἑάλω,
3718 3018 3809 3065 καὶ
3874 3020 4029 3065 τοῦτο
4086 3009 4213 3065 δεύ-

2606 3121 2749 3176 τερον
2806 3101 3191 3176 ἐκπεπόρθηται
3238 3123 3250 3134 ·
3303 3103 3333 3161 ἣ
3402 3106 3495 3154 καὶ⁹
3562 3101 3918 3176 σχετλιώτερα
3981 3104 4214 3175 πάσχειν

2608 3194 2791 3246 οἴεται.
2862 3197 3071 3265 Πρῶτον
3127 3194 3218 3262 μὲν
3281 3193 3407 3264 γὰρ,
3478 3190 3687 3245 Ἰταλῶν
3746 3189 3802 3244 ἐκ
3861 3198 3962 3262 γῆς
4003 3196 4094 3243 καὶ
4125 3193 4216 3244 θα-

2607 3279 2799 3342 λάττης
2853 3278 3298 3352 ἐπικωμασάντων
3364 3280 3495 3352 αύτῇ
3556 3285 3647 3332 καὶ
3709 3282 4070 3354 καθυπερτέρα
4123 3288 4217 3341 τῆς

2609 3368 2849 3426 ἁλώσεως
2904 3368 3088 3421 ἰστατο
3149 3376 3223 3438 τῷ
3270 3373 3585 3442 φρονήματι,
3625 3376 3718 3421 τοῦ
3751 3368 4041 3441 πολιούχου
4091 3372 4191 3421 ταύ

840 3462 1054 3532 sponte
1092 3459 1499 3533 procubuerit.
1545 3464 1711 3518 Nunc
1752 3477 1898 3517 vero
1927 3461 2042 3517 hoc
2071 3466 2237 3517 tanto
2277 3476 2497 3534 propu-
2530 3478 2570 3533 ο
2608 3484 2609 3490 η

2445 3477 2497 3516 u-
2530 3478 2570 3533 C
2608 3478 2700 3519 της
2743 3457 2935 3510 ἐκεινου
2978 3462 3264 3532 περιόντος,
3316 3462 3406 3509 καὶ
3449 3457 3700 3516 πλείστην
3752 3459 3882 3516 ὅσην
3931 3463 4021 3511 καὶ
4078 3454 4214 3511 δυσ-

839 3548 1100 3618 gnaculo
1150 3540 1439 3605 destituta
1495 3550 1711 3605 misere
1771 3549 1943 3605 humi
1985 3548 2164 3621 jacet,
2212 3550 2388 3623 quasi
2444 3550 2499 3605 vi

837 3642 1019 3710 capta
1054 3637 1234 3693 nullis
1251 3639 1381 3709 jam
1412 3639 1710 3695 moenibus
1747 3638 2136 3695 defendatur.

2609 3546 2935 3601 αντίϐλεπτον
2996 3554 3112 3607 ποῐς
3182 3546 3554 3622 πολιορκηταῖς
3632 3547 4053 3621 προϐαλλομένου
4121 3552 4218 3607 την

2606 3635 2662 3689 ἐκ
2706 3645 2797 3697 τῆς
2848 3635 3028 3709 ἀρετὴς
3070 3632 3228 3699 αἱδὼ,
3260 3641 3351 3689 καὶ
3390 3642 3543 3709 μόνον
3601 3637 3708 3710 ούχ
3761 3638 3860 3691 ὑπὸ
3912 3634 4084 3698 πόδας
4126 3641 4218 3691 τὸν

838 3724 1109 3800 ἀγέρωχον
1154 3729 1373 3801 στρατὸν
1419 3729 1788 3801 ῥιπτάςοντας.
1822 3735 1929 3781 Νῦν
1961 3723 2019 3780 δε
2044 3724 2253 3781 τοιοῦδε
2282 3727 2540 3801 πρόϐολον
2568 3730 2936 3798 γεγυμνωμέη,
2972 3724 3358 3783 καταϐέϐληται
3386 3733 3449 3799 τῇ
3483 3731 3661 3799 γνώμη
3696 3729 3840 3799 παρὰ
3864 3735 3957 3779 τοῦ
3993 3727 4219 3810 πάθους,

839 3818 903 3876 ὡς
932 3823 1019 3867 νῦν
1046 3820 1203 3878 ὅντως
1232 3816 1712 3891 ἑκπεπελὶορκεκένη
1737 3823 1827 3870 καὶ
1850 3820 2019 3870 πάντα
2052 3824 2459 3893 περικεκαρμένη
2493 3812 2787 3891 κρήδεμνα.

911 3904 1060 3970 Quid
1078 3904 1325 3961 tandem
1347 3905 1590 3961 urbium
1616 3907 1823 3976 regina
1843 3907 1904 3961 in
1929 3908 2042 3963 hoc
2070 3924 2268 3963 rerum
2295 3907 2501 3963 discri-

838 3993 1001 4049 mine
1030 3993 1171 4049 facit
1190 3994 1218 4049 ?
1246 3993 1555 4050 faciliusne
1582 4011 1661 4050 an
1692 3997 1910 4064 aegrius
1936 3996 2328 4052 infortunium
2358 4013 2497 4069 por-

838 4081 1008 4151 tabit,
1064 4082 1157 4138 cui
1218 4083 1564 4139 Eustathius
1613 4083 1908 4140 beneficia
1969 4086 2031 4141 in
2090 4101 2229 4142 eum
2282 4085 2498 4143 collata

838 4170 1011 4241 largo
1077 4170 1294 4227 {canere
1358 4176 1417 4227 et
1476 4189 1617 4228 cum
1687 4175 1838 4242 grati
1897 4175 2087 4229 animi
2142 4175 2497 4247 pignoribus

840 4256 1145 4316 reddidit?
1193 4260 1583 4333 Quaecunque
1626 4262 1785 4317 enim
1833 4262 1982 4318 dum
2029 4263 2089 4318 in
2130 4279 2202 4318 ea
2255 4264 2495 4330 viveret,

840 4348 1144 4422 sapientiae
1170 4349 1485 4405 thesauros
1504 4349 1896 4409 honestarum
1913 4352 2131 4408 artium
2150 4352 2497 4410 amantibus

836 4421 1096 4514 benigne
1146 4435 1396 4506 largitus
1427 4441 1544 4502 est;
1577 4436 1686 4493 fuit
1728 4439 1891 4494 enim
1937 4439 2295 4512 eloquentiae
2355 4456 2494 4514 pry-

837 4513 1062 4593 fanem,
1096 4525 1403 4596 sapientiae
1453 4526 1624 4582 focus
1656 4527 2036 4595 universalis,
2082 4528 2295 4585 hortus
2346 4526 2495 4587 nulli

834 4611 957 4671 non
1007 4619 1272 4688 apertus,
1307 4631 1452 4686 ager
1498 4615 1703 4672 fertilis
1752 4615 1865 4673 sub
1916 4618 2203 4691 auspiciis
2254 4606 2492 4689 divinis,

832 4690 1188 4775 elquentiaa
1220 4702 1355 4759 fons
1386 4705 1691 4776 perennis.
1726 4705 1868 4761 Hinc
1898 4690 2093 4762 evenit
2152 4714 2215 4762 ut
2244 4707 2490 4779 dicipuli

1511 4705 1691 4761 annis.
1726 4705 1868 4761 Hinc
1898 4690 2093 4762 evenit
2152 4714 2215 4762 ut
2244 4707 2490 4779 dicipuli
2604 4706 2814 4760 Ἐλικὼν
2877 4712 3209 4781 προκείμενος
3269 4724 3280 4773 ;

831 4792 1014 4863 gratis
1044 4794 1267 4849 metere
1304 4792 1487 4863 gratis
1532 4793 1774 4849 haurire
1814 4792 2061 4867 possent
2087 4812 2197 4852 nec
2228 4796 2491 4867 amplius

830 4881 1047 4961 artium
1090 4897 1159 4937 ac
1198 4880 1525 4938 litterarum
1580 4874 1962 4956 disciplinam
2022 4884 2268 4942 sitirent.
2322 4876 2488 4943 Brevi

828 4970 989 5028 enim
1019 4970 1291 5044 tempore
1337 4962 1463 5028 sine
1492 4964 1819 5044 praeludiis,
1854 4974 1982 5030 sine
2016 4974 2484 5047 prolegomenis,

827 5057 954 5143 sine
981 5060 1411 5117 certaminibus
1437 5065 1541 5118 aut
1572 5050 1784 5117 studiis
1816 5064 2051 5135 praeviis
2095 5052 2486 5143 philosophia

824 5165 887 5206 se
918 5140 1220 5206 imbutum
1261 5150 1448 5207 sensit
1475 5151 1826 5223 quicunque
1856 5151 2024 5207 illum
2057 5152 2284 5218 adibat,
2307 5140 2483 5226 quasi

820 5255 892 5295 ex
921 5239 1113 5312 ipsius
1137 5239 1462 5296 Aristotelis
1485 5239 1693 5296 schola
1713 5240 1968 5298 exiisset.
2008 5243 2295 5308 Quamvis
2321 5242 2482 5299 enim

818 5331 1063 5401 torpore
1118 5323 1427 5399 profundo
1471 5327 1889 5397 languesceret
1935 5330 2317 5401 ignorantiae,
2379 5318 2479 5386 ubi

815 5414 1081 5490 primum
1126 5414 1222 5472 ille
1262 5416 1466 5473 cibum
1518 5412 1891 5488 Spiritualem
1930 5408 2265 5481 obtulisset.
2307 5420 2481 5478 disci-

813 5503 991 5579 pulus
1038 5504 1278 5579 duasia
1318 5504 1494 5563 musis
1552 5506 1698 5578 ipsis
1742 5507 1983 5563 afﬂatus
2025 5494 2318 5565 discessit.
2364 5510 2478 5567 Sed

810 5612 933 5653 non
982 5596 1174 5653 amari
1204 5600 1268 5651 ut
1296 5595 1439 5652 folia
1466 5596 1620 5652 lauri
1683 5596 1846 5652 fuere
1898 5598 2124 5654 fructus
2162 5600 2343 5671 hujus
2387 5618 2476 5657 ar-

807 5684 973 5743 boris
997 5683 1333 5763 Sapien‘tiae;
1352 5685 1476 5761 imo
1495 5682 1795 5761 dulciores
1824 5686 1974 5744 'sicdt
1995 5686 2250 5773 epis'to‘la
2285 5698 2473 5773 quam

2687 3905 2762 3961 ’Τί
2794 3900 2843 3956 δ’
2875 3906 2905 3962 ἡ
2937 3903 3127 3957 πόλεων
3161 3903 3379 3977 βασιλὶς
3412 3920 3425 3969 ;
3468 3908 3690 3978 Πότερον
3733 3909 4041 3978 κουφότερον
4072 3907 4221 3957 ὑποί-

2612 4012 2691 4045 σει
2746 3998 2837 4053 τήν
2877 3998 3053 4052 κοινὴν
3112 3991 3472 4068 δυσπραγίαν,
3521 3993 3550 4051 ή
3610 3992 3773 4066 πολλῇ
3830 3992 4219 4069 ἔπαχθεστερον

2608 4083 2687 4143 οἶς
2728 4080 3131 4156 ἐλευθεριώτατα
3182 4087 3272 4134 καὶ
3326 4081 3584 4134 κάλλιστα
3629 4084 3758 4157 παρ’
3800 4084 3931 4156 αὐτῇ
3997 4085 4219 4159 τεθραμ-

2607 4176 2777 4244 μένος,
2818 4174 2887 4234 ὡς
2936 4171 2984 4223 ἐν
3034 4169 3288 4223 ἀποδόσει
3344 4176 3591 4244 τροφείων
3645 4174 3819 4233 πάσας
3856 4175 4089 4247 χάριτας
4135 4192 4220 4241 φι-

2606 4259 2825 4333 λοτίμως
2869 4259 3088 4324 ἐξέτισεν
3114 4279 3125 4290 °
3177 4260 3283 4333 ούχ
3323 4262 3459 4321 ὅπως
3496 4264 3697 4334 κόσμος
3742 4262 3905 4325 ἄξιως
3956 4262 4085 4335 αὐτῇ
4119 4269 4213 4314 καὶ

2603 4343 2964 4423 λαμπρότατον
3013 4354 3277 4422 γινόμενος
3333 4351 3514 4422 ὄνομα,
3575 4348 3703 4406 ἀλλὰ
3757 4356 3868 4417 καὶ,
3923 4351 3977 4405 ὃν
4028 4348 4217 4427 ἃδρᾶπι

2603 4439 2773 4509 πολλῷ
2805 4428 3106 4502 συνελέξαθο
3152 4440 3276 4516 παρ’
3326 4439 3457 4513 αὐτῇ
3512 4440 3731 4494 πλοῦτον
3780 4448 3985 4514 σοφίας,
4024 4445 4213 4494 τούτου

2602 4517 2921 4601 μεταδιδούς
2980 4528 3212 4601 ἀφθόνως
3262 4536 3372 4592 τοῖς
3429 4529 3741 4601 φιλοπόνοις,
3793 4531 3963 4597 κοινόν
4009 4550 4212 4605 πρυτα-

2600 4626 2733 4670 νεῖον
2782 4617 2959 4689 λόγου,
3002 4623 3091 4671 καί
3139 4623 3320 4690 σοφίας
3363 4614 3635 4690 πανδεχὴς
3684 4619 3851 4689 ἑστία,
3902 4625 3992 4673 καὶ
4049 4612 4213 4681 ἄλλως

3367 4706 3545 4770 κῆπος
3636 4711 3734 4783 γὰρ
3812 4709 3873 4766 ἦν
3937 4708 4211 4771 ᾶκλειστος

2605 4789 2809 4868 σοφίας,
2860 4817 2949 4848 και
2992 4796 3193 4871 πλήρης
3248 4794 3425 4869 ἀγρός,
3474 4796 3526 4847 ὃν
3584 4797 3833 4869 εύλόγησε
3883 4801 4069 4870 Κύριος
4116 4804 4207 4850 καὶ

2597 4890 2743 4957 πηγὴ
2809 4885 2973 4956 λόγων
3026 4886 3409 4960 ἁσφράγιστος.
3472 4891 3572 4939 Καὶ
3619 4894 3792 4960 παρῆν
3854 4894 3966 4948 τοῖς
4020 4890 4204 4958 μαθη-

2595 4983 2748 5027 τιῶσι
2802 4970 3087 5048 δρέπεσθαι
3140 4983 3354 5049 προῖκα,
3410 4980 3500 5027 καὶ
3560 4975 3831 5048 ἀρύεσθαι,
3888 4981 3977 5029 καί
4008 4996 4201 5050 κατεμ-

2594 5066 2886 5139 φορεῖσθαι,
2939 5070 3029 5116 καὶ
3072 5069 3244 5137 μεκέτι
3292 5054 3471 5122 πιίνῆν
3533 5065 3563 5126 ἣ
3618 5053 3780 5137 ante»
3824 5074 3917 5118 τοῦ
3962 5065 4204 5134 ’ἀκοῦσαι

2590 5152 2740 5225 λόγον
2792 5157 3032 5226 τεχνικὸν
3081 5154 3172 5206 εἶτ’
3229 5153 3651 5235 έπιστημονικόν.
3722 5154 3801 5209 Ἐν
3851 5154 4053 5229 βραχεῖ
4097 5160 4201 5231 γὰρ

2588 5248 2787 5318 χρόνῳ,
2836 5242 2926 5315 καὶ
2978 5244 3099 5296 ὅσον
3148 5240 3425 5315 ὶγκυκλίου
3451 5240 3799 5317 προπαιδείας
3836 5247 4137 5317 γεύσασθαι
4167 5248 4198 5305 ἣ

2590 5339 2921 5404 συφιστικοίς
2970 5330 3308 5405 παλαίσμασι
3372 5334 3906 5409 προσγυμνάσασθαι,
3967 5333 3996 5393 ἣ
4065 5354 4197 5409 προ-

2589 5423 2754 5498 θύρων
2817 5419 3058 5481 ἐπιϐῆναι
3119 5422 3445 5496 φιλοσοφίας,
3500 5426 3544 5475 εἴ
3598 5442 3673 5484 τις
3730 5429 4006 5495 πεφοίτηκε
4070 5424 4196 5500 παρ’

2584 5510 2793 5579 ἐκεῖνον,
2860 5508 3008 5572 εύθύς
3065 5512 3090 5563 ό
3142 5515 3286 5586 παρά
3333 5520 3405 5583 τῷ
3469 5518 3771 5586 Σταγειρίτη
3831 5505 4196 5588 πεπαιδευμ-

2582 5621 2668 5661 νος
2716 5601 2929 5675 ἑωρᾶτο,
2975 5606 3064 5653 καὶ
3113 5603 3138 5652 ό
3202 5605 3345 5677 παρά
3410 5610 3510 5655 τῶν
3566 5608 3790 5655 Μουσῶν
3855 5600 4195 5675 ἕμπνευσθεὶς

2588 5690 2677 5761 τήν
2738 5695 2975 5749 ποίησιν.
3051 5684 3113 5745 Εἰ
3166 5691 3281 5772 γὰρ
3346 5692 3433 5744 ύπῗ
3501 5687 3774 5783 ἀγροικίας
3830 5688 3992 5768 βαθεῖ
4044 5696 4191 5769 κάρῳ
