4480 6430
330 383 433 464 ἐδειι
1371 388 1693 461 mouenti
1730 404 1801 461 IN
1839 401 2099 463 susrn

1927 398 2282 463 'STATHIUM
2316 404 2649 463 THESSAL.
3590 401 3696 466 342

327 527 607 592 καθεύδοι,
650 530 758 583 ἀλλ’
807 530 920 603 ἄμα
964 529 1111 602 μίκρ’
1149 528 1283 581 ἄττα
1320 526 1611 599 έψωμίζετο
1648 528 1772 603 παρ’
1802 527 1930 582 ίκεί-
1958 527 2006 578 Α
2044 530 2096 585 E1

1924 560 1930 571 ι
1958 527 2006 578 Α
2044 528 2310 585 Ezechiel
2338 543 2445 600 per
2473 528 2781 585 somnium
2809 528 3013 586 edidit.
3048 526 3153 587 Mel
3183 528 3345 586 enim
3386 531 3693 590 Eustathio

327 634 445 680 νου,
515 624 602 671 xui
674 626 1013 693 παραχρῆμα
1075 613 1399 680 διυπνίζετο,
1468 623 1727 687 μουσικοῦ
1792 636 1931 677 τινος
2040 616 2096 673 li]

1921 636 1931 677 :
2040 616 2268 687 lingua,
2290 616 2545 673 ﬂumina
2569 618 2809 674 nectare
2822 622 3092 675 saturata
3112 617 3441 675 distillabat
3464 638 3477 686 ;
3500 636 3690 692 quare

326 710 566 778 κάτοχος
613 708 904 779 ἄσθματος.
962 705 1102 763 Πλὴν
1159 704 1253 756 ούκ
1311 705 1541 777 ἕμπικρα
1588 700 1667 767 ἦν,
1741 704 1806 765 ὤς
1864 706 1933 757 τὰ
2041 720 2095 777 pl

1920 725 1933 756 ι
2041 710 2341 777 praecepta
2378 704 2509 774 ejus
2544 704 2607 761 in
2644 705 2923 762 intimum
2962 706 3361 778 penetrabant
3415 708 3689 765 animum

329 792 533 867 δάφνης
576 795 795 865 πέταλα,
861 798 926 847 τὰ
971 794 1317 867 ψωμιζόμενα
1368 791 1493 864 παρ’
1562 791 1778 861 ἐκείνου,
1834 803 1930 855 τῆς
2039 808 2098 849 nt

1920 814 1930 855 ;
2039 808 2235 866 neque
2254 793 2385 849 ulla
2412 793 2468 848 vi
2496 792 2789 849 eradicari
2822 793 3122 851 valebant.
3189 795 3471 851 Omnium
3528 797 3689 853 enim

326 890 433 935 τῶν
464 892 635 955 σοφῶν
674 880 1028 955 έπιφνλλίδος,
1068 887 1158 935 καὶ
1203 888 1291 933 νῦν
1334 880 1512 951 οῖμοιΙ
1542 886 1928 955 τετρυγημένης
2037 898 2095 938 m

1920 903 1928 945 ;
2037 886 2291 948 mentes,
2322 897 2476 954 quas
2504 880 2777 938 doctrina
2806 898 2877 939 ac
2897 882 3213 954 disciplina
3234 898 3345 937 sua
3366 883 3689 956 adimples-

328 974 552 1025 θανάτου
602 981 758 1045 τομῇ,
799 972 1129 1043 γλυκάζοντα
1176 967 1236 1023 δι
1282 969 1498 1042 μᾶλλον,
1536 972 1602 1030 ὡς
1649 972 1679 1028 ἡ
1725 970 1931 1043 κεφαλὶς
2038 985 2097 1025 se

1919 990 1931 1032 ;
2038 974 2143 1037 set,
2197 968 2431 1041 philtris
2477 968 2839 1038 Chaldaicis,
2880 974 2946 1026 ut
2990 971 3073 1026 ita
3120 970 3342 1037 dicam,
3396 970 3688 1029 imbuisse

325 1062 359 1119 ἠ
446 1059 747 1135 βεϐρωμένη
828 1069 901 1131 τῷ
983 1060 1231 1121 ’Ῑεζεκιήλ
1302 1066 1634 1131 προφητικῶς
1695 1059 1926 1133 όνειρώτ-
2034 1059 2092 1113 Vi

1923 1092 1926 1099 ι
2034 1057 2371 1114 videbatur.
2418 1059 2502 1113 'l‘u
2532 1058 2855 1115 Castellum
2905 1059 3257 1125 Gratiarum,
3290 1058 3554 1115 artiﬁciis
3586 1060 3692 1131 ju-

321 1168 489 1203 τοντι.
538 1150 761 1211 Μελιτος
804 1152 906 1221 γὰρ
954 1148 1249 1209 ἀπίσταζον
1300 1150 1355 1199 ui
1400 1156 1501 1199 τῶν
1550 1147 1764 1219 ὁμιλιῶν
1824 1147 1928 1201 Εύ-
2036 1163 2090 1203 ct

1918 1179 1928 1189 -
2036 1145 2243 1203 cundis
2283 1146 2614 1218 discipulos
2656 1146 2939 1217 docebas,
2988 1151 3045 1203 et
3085 1163 3232 1204 voce
3257 1153 3362 1204 tua
3409 1147 3687 1206 Sirenum

325 1241 548 1291 σταθίου
606 1241 849 1313 χάριτες,
898 1242 965 1301 ὡς
1020 1238 1253 1309 ἀτεχνῶς
1304 1235 1603 1310 ἁπορῥῶγές
1654 1255 1785 1296 τινες
1842 1240 1924 1289 νί-
2033 1252 2094 1292 ν(

1918 1268 1924 1277 -
2033 1251 2245 1292 vocem
2275 1239 2597 1307 superante
2626 1251 2698 1292 eo
2718 1235 3045 1308 perduxisti
3074 1240 3139 1292 ut
3157 1251 3295 1308 quas
3326 1236 3687 1294 anteafabu-

321 1344 516 1401 κταρος
549 1348 562 1360 ·
630 1328 743 1379 ὅθεν
808 1332 898 1379 xui
964 1327 1037 1388 εἰς
1097 1327 1255 1400 ἄκρον
1320 1324 1507 1395 ψυχῆς
1566 1324 1751 1396 μυελὸν
1816 1332 1927 1387 τοῖς
2032 1324 2090 1381 lo:

1919 1345 1927 1386 ;
2032 1324 2148 1383 losa
2174 1322 2381 1379 habita
2408 1322 2663 1394 fuerant,
2692 1339 2854 1380 nunc
2879 1340 2990 1397 pro
3011 1324 3163 1381 veris
3206 1324 3513 1381 ducerent.
3539 1327 3688 1391 Quo-

324 1416 611 1488 ἀκροαταῖς
663 1411 977 1486 εἰσδυόμενα
1026 1417 1091 1467 τὰ
1144 1410 1478 1484 διδάγματα,
1536 1418 1627 1465 xui
1684 1415 1926 1486 ἄντικρυς
2032 1417 2093 1470 ιω

1919 1433 1926 1472 :
2032 1417 2247 1472 factum
2265 1417 2350 1468 est
2376 1417 2441 1469 ut
2468 1412 2811 1472 felicissima
2848 1415 3000 1471 alios
3030 1416 3377 1471 instituendi
3399 1415 3688 1472 methodo

319 1502 631 1574 έγκαόμενα,
702 1499 1033 1575 διετηροῦντο
1090 1501 1391 1555 ἀνέκπλυτα
1454 1500 1616 1561 λήθης
1678 1503 1919 1576 ῥεύματι.
2032 1521 2086 1560 m

1917 1547 1919 1553 .
2032 1502 2228 1560 multis
2259 1500 2447 1557 multa
2476 1503 3042 1560 communicaveris.
3086 1505 3215 1559 Non
3272 1503 3433 1559 enim
3461 1503 3686 1559 librum

316 1595 393 1644 Τὸ
421 1594 523 1665 γὰρ
570 1589 735 1663 ἡδονῇ
789 1592 973 1664 ψυχῆς
1015 1591 1395 1662 ἐκτυπούμενον
1450 1592 1675 1662 μάθημα
1726 1610 1922 1663 μηνμο-
2029 1590 2084 1646 al

1919 1624 1922 1631 ι
2029 1590 2273 1662 aliquod
2302 1605 2444 1646 cum
2473 1590 2606 1645 aliis
2658 1590 2867 1661 legens
2906 1606 2979 1648 ea
3029 1607 3167 1663 quas
3206 1591 3551 1648 necessario
3599 1592 3688 1647 in-

312 1685 573 1755 νικωτέρᾳ
616 1676 780 1752 δέλτῳ
832 1684 1006 1755 φρενός
1058 1680 1452 1751 έγκολάπτεται,
1508 1682 1577 1739 ὡς
1627 1681 1810 1731 θᾶττον
1860 1679 1920 1731 ἀν
2028 1682 2081 1734 te

1918 1704 1920 1718 ι
2028 1679 2409 1751 terpretanda
2455 1684 2772 1745 venerunt,
2829 1679 3180 1753 explicuisti,
3230 1680 3420 1750 locos,
3476 1680 3529 1736 si
3580 1684 3687 1753 qui

311 1765 607 1821 ὑπιδέσθαι
676 1774 768 1820 καὶ
836 1773 956 1845 περὶ
1013 1772 1200 1821 τούτου
1268 1770 1294 1820 ό
1346 1773 1437 1820 καὶ
1487 1772 1605 1839 περὶ
1666 1775 1919 1840 σοφιστοῦ
2030 1784 2080 1824 el

2030 1772 2200 1824 erant
2250 1768 2526 1824 difﬁciles
2598 1769 3007 1835 dilucidando,
3072 1767 3179 1825 sed
3234 1768 3354 1824 alia
3424 1768 3688 1841 plurima

306 1876 453 1918 τινος
502 1858 660 1910 παλαι
715 1857 862 1929 λόγος
916 1855 1129 1933 διέρρει,
1184 1860 1250 1918 ὡς
1304 1860 1408 1930 ἄρα
1448 1853 1779 1919 Χαλδαῖκαῖς
1804 1876 1919 1911 τισι
1951 1908 1989 1933 D
2028 1870 2075 1923 8|

1915 1902 1989 1933 ,ο
2028 1862 2236 1923 sponte
2305 1856 2704 1913 immiscendo
2741 1872 2880 1929 quae
2948 1857 3027 1913 ad
3090 1871 3220 1913 rem
3296 1856 3491 1914 facere
3518 1857 3684 1915 vide-

306 1952 659 2018 μαγγανείαις
738 1908 860 2008 τόὺς
941 1908 1191 2019 ὁμιλητάς
1271 1908 1544 2022 ἐργάζοιτο
1630 1952 1915 2020 μνήμονας.
1951 1908 1989 1961 Β
2026 1944 2269 2002 bantur.

305 2038 541 2107 Τοιούτῳ
610 2038 867 2110 φαρμάκῳ
926 2041 984 2089 τὸ
1051 2045 1253 2109 μνῆμον
1317 2037 1388 2098 εἰς
1458 2035 1619 2109 βάθος
1684 2042 1793 2097 τοῖς
1856 2036 2121 2107 μαθηταῖς
2181 2034 2542 2109 ένεχάραττες,
2573 2031 2611 2085 ὦ
2679 2040 2921 2109 Χαρίτων
2978 2035 3195 2089 ἁπασῶν
3255 2035 3536 2112 ἀνάκτορον
3595 2042 3683 2107 σὺ,

305 2130 403 2177 καὶ
468 2124 687 2196 Ἰύγγων
739 2131 830 2178 καὶ
888 2131 1139 2200 Σειρήνων
1192 2124 1566 2200 έπαγωγότερε,
1615 2132 1705 2178 xui
1753 2126 1943 2177 πείθων
1990 2126 2055 2176 τά
2112 2128 2275 2199 μέχρι
2333 2130 2429 2176 σοῦ
2488 2126 2832 2196 μυθευόμενα,
2874 2127 2942 2187 ὡς
2997 2123 3164 2183 ἀληθῆ
3225 2132 3317 2178 τοῦ
3374 2124 3558 2179 λοιποῦ
3598 2146 3687 2179 πι-

310 2216 593 2266 στεύεσθαι
628 2235 641 2247 ·
701 2216 875 2287 ὧσπερ
941 2220 1030 2267 καὶ
1096 2220 1153 2268 τὸ
1218 2216 1511 2289 πολυμαθὴς
1571 2222 1661 2268 καὶ
1721 2214 1918 2267 πολλῶν
1978 2212 2265 2285 ἐπιστῆμον
2328 2211 2644 2275 έναπετίθεις
2711 2218 2893 2285 σφίσιν
2958 2213 3009 2266 έν
3075 2218 3252 2287 χρόνῳ
3322 2213 3525 2289 βραχεῖ
3590 2211 3688 2268 διὰ

308 2310 414 2355 τῶν
472 2305 541 2364 ὡς
585 2302 831 2356 ἑκάστοτε
888 2304 1101 2376 ὁμιλιῶν
1152 2324 1248 2357 σου
1300 2313 1401 2357 τῶν
1474 2304 1912 2376 ἀποϐαπτομένων
1966 2302 2037 2365 εἰς
2078 2308 2253 2354 πᾶσαν
2319 2302 2535 2372 λογικὴν
2592 2299 2838 2373 μέθοδον.
2897 2303 2973 2355 Ού
3024 2301 3125 2377 γάρ
3193 2310 3289 2363 τῆς
3349 2311 3531 2377 χεροῖν
3599 2302 3689 2377 βί-

312 2390 439 2443 ϐλου
498 2396 654 2464 μόνης
704 2396 792 2445 τὸν
846 2402 963 2445 νοῦν
1021 2394 1374 2458 ἀνέπτυασσες
1417 2395 1465 2448 έν
1517 2402 1627 2457 ταῖς
1692 2396 1952 2465 ὁσημέραι
2015 2396 2481 2461 συναναγνώσεσιν,
2546 2394 2647 2443 εἴτε
2713 2393 2779 2443 τὰ
2845 2398 2936 2451 τῆς
3002 2390 3297 2465 ἑρμηνείας,
3358 2392 3402 2445 εἰ
3471 2393 3571 2445 ύπό
3635 2411 3689 2445 τι

312 2480 627 2553 μελαίνοιτο,
709 2478 1051 2544 διελεύκαινες
1102 2505 1115 2516 ·
1194 2484 1320 2536 ἀλλὰ
1392 2504 1453 2555 γε
1527 2490 1616 2536 xui
1682 2492 1781 2535 τῶν
1856 2481 2021 2533 ἄλλων
2085 2480 2248 2533 πολλά
2315 2480 2603 2554 ξννεφόρεις
2668 2484 3019 2554 παραμιγνὺς,
3086 2480 3181 2533 ούκ
3249 2480 3459 2556 έξώροις
3520 2501 3689 2557 παρα-

314 2567 544 2643 δρομαῖς
608 2579 707 2623 τῶν
767 2577 1114 2645 προκειμένων
1182 2574 1637 2646 φιλοτιμούμενος,
1723 2574 1869 2643 παρά
1936 2567 1995 2622 δὲ
2058 2578 2149 2630 τῆς
2217 2570 2430 2621 αύτόθεν
2494 2572 2899 2643 προκοπτούσης
2967 2568 3201 2643 ἀφορμῆς
3270 2566 3555 2643 δεχόμενος
3627 2572 3687 2622 τό

314 2657 617 2731 ἐνδόσιμον,
663 2664 751 2713 καὶ
796 2666 890 2718 τὴν
926 2661 1254 2733 παρέκϐασιν
1284 2666 1343 2715 ού
1370 2667 1515 2735 παρὰ
1546 2666 1707 2735 θύραν
1739 2662 1817 2732 (τὸ
1847 2667 1939 2711 τοῦ
1964 2659 2143 2730 λόγου)
2174 2662 2501 2731 ποιούμενος,
2548 2662 2615 2719 ὡς
2645 2657 2705 2710 ἀν
2732 2659 2776 2710 εἰ
2804 2663 2896 2711 καὶ
2926 2663 3313 2733 παραφανέντος
3344 2664 3540 2732 ὄνυχος
3574 2660 3691 2721 ὅλος

312 2748 441 2800 λέων
467 2752 602 2801 κατά
628 2754 722 2807 τὴν
752 2755 1036 2821 παροιμίαν
1064 2748 1382 2826 διηρθρωτο.

394 2836 527 2890 Ἀλλ’
569 2838 665 2889 ούκ
713 2836 936 2891 ἀκλαυτὶ
980 2845 1135 2891 ταυτὶ
1180 2837 1490 2912 διηγεῖσθαι
1535 2842 1642 2901 οἷός
1688 2843 1740 2891 τέ
1788 2837 1914 2909 εἰμι’
2103 2838 2163 2892 SE

2103 2836 2239 2905 Sed,
2280 2852 2317 2892 ο
2348 2836 2512 2891 chari
2543 2836 2740 2901 amici,
2774 2835 2945 2892 siccis
2987 2837 3103 2893 hoc
3126 2837 3315 2894 oculis
3330 2836 3547 2895 referre
3567 2854 3690 2895 non

310 2930 506 2999 μικρὸν
546 2929 647 3001 γὰρ
696 2935 789 2979 τοῦ
830 2929 1031 2989 πάθους
1083 2927 1371 3000 ἀνανήψας,
1431 2931 1470 2980 ὦ
1527 2934 1793 3002 παρόντες,
1850 2928 1922 2988 εἰς
2029 2941 2079 2980 νε

1918 2948 1922 2987 ;
2029 2925 2223 2993 valeo,
2263 2930 2320 2980 et
2346 2925 2404 2979 in
2435 2924 2752 2996 pristinum
2796 2941 3116 2982 mcerorem
3162 2942 3399 2999 semper
3430 2926 3687 2984 relabor.

314 3016 621 3089 ὀλοφύρσεις
702 3015 967 3090 καταῤῥέω
1042 3019 1216 3070 πάλιν.
1304 3026 1416 3071 Τῶν
1495 3022 1597 3093 γὰρ
1661 3017 1920 3090 ὁμιλητῶν
2033 3018 2080 3071 Μ

2033 3014 2266 3071 Memini
2288 3015 2447 3070 enim
2480 3019 2709 3086 quanta
2733 3016 3015 3071 comitate
3035 3030 3149 3085 ego
3170 3016 3321 3089 ipse,
3343 3016 3449 3089 qui
3478 3016 3540 3072 in
3560 3016 3691 3089 ejus

313 3104 511 3157 ἐκεινου
563 3108 650 3156 τόν
705 3105 892 3157 κύκλον
950 3104 1258 3182 ἀναπληρῶν
1326 3114 1416 3160 καὶ
1485 3108 1663 3181 ᾳύτός,
1731 3106 1921 3178 φιλοτι-
2033 3103 2082 3159 di

2033 3102 2470 3175 discipulorum
2497 3118 2752 3159 numero
2801 3118 2988 3171 eram,
3013 3109 3297 3176 exceptus
3345 3104 3424 3161 ab
3467 3120 3539 3162 eo
3575 3104 3692 3175 fui,

312 3197 532 3266 μότερον
574 3192 1009 3267 έφιλοφρονούμην
1060 3197 1182 3269 παρ’
1232 3198 1395 3267 αύτῷ,
1435 3203 1524 3250 καὶ
1554 3199 1654 3249 ύπό
1698 3205 1922 3270 κρατῆρι
1953 3214 1993 3269 C
2036 3200 2081 3247 ui

1953 3214 1993 3269 ρ
2036 3197 2097 3248 ut
2157 3192 2409 3264 plenum
2466 3190 2773 3263 sapientiae
2829 3191 3077 3248 calicem
3130 3192 3535 3250 exhaurirem.
3603 3196 3691 3250 Me

316 3287 509 3354 σοφίας
554 3283 755 3354 μείζονι
788 3304 799 3315 ·
842 3287 1007 3357 ταύτῃ
1056 3291 1147 3338 καὶ
1195 3288 1226 3344 ἡ
1282 3289 1460 3358 μνὴμη
1511 3289 1708 3338 τούτων
1760 3304 1921 3358 προσ·
2036 3299 2085 3337 m

2036 3280 2355 3337 miserum!
2390 3280 2825 3336 Praeteritorum
2863 3284 3209 3353 temporum
3248 3281 3692 3339 reminiscentia

313 3376 589 3424 πίπτουσα
637 3376 843 3446 στρέφει
889 3393 990 3445 μου
1030 3379 1124 3432 τήν
1172 3372 1419 3450 καρδὶαν,
1470 3380 1559 3427 καὶ
1603 3380 1661 3427 τὸ
1699 3374 1747 3427 ἐν
1791 3376 1919 3446 αὐτῇ
2034 3387 2082 3428 ο(

2034 3386 2133 3428 cor
2154 3375 2412 3441 occupat
2436 3379 2490 3425 et
2513 3368 2817 3440 lacrymas
2836 3385 2977 3424 cum
2996 3370 3292 3441 sanguine
3312 3370 3688 3439 miscet.Sed,

318 3460 695 3530 συμπιέζουσα
750 3457 882 3533 αἷμα
930 3462 1001 3523 εὶς
1051 3458 1261 3536 δάκρυα
1302 3462 1729 3536 προσαναθλίϐει,
1788 3466 1925 3515 κατὰ
2036 3462 2083 3515 Μ

1921 3484 1925 3514 ;
2036 3461 2187 3515 Mitte
2228 3459 2563 3530 lacrymari,
2608 3457 2759 3513 mihi
2789 3457 2901 3531 ipsi
2940 3458 3098 3527 dico,
3140 3463 3205 3516 ut
3255 3460 3455 3516 virum
3484 3459 3690 3516 defun-

318 3548 586 3622 θρόμϐους
659 3550 881 3621 αἳματος
956 3551 1341 3624 συλλειϐόμενα.
1431 3552 1571 3610 Πλὴν
1655 3552 1924 3626 πειρατέον
2033 3553 2087 3603 ct

2033 3553 2194 3603 ctum
2225 3562 2347 3602 non
2379 3545 2698 3615 lugeamus
2738 3550 2993 3615 tantum,
3035 3547 3142 3603 sed
3182 3548 3601 3605 admirationis
3638 3548 3693 3605 ei

315 3642 411 3689 xui
478 3634 629 3699 αὖθις
686 3637 970 3711 ἀναφέρειν,
1029 3646 1119 3693 καὶ
1171 3644 1240 3703 ὼς
1297 3639 1406 3703 έξον
1456 3640 1808 3712 ἀνακωχεύειν
1863 3645 1923 3693 τὸ
2032 3638 2084 3692 dt

2032 3636 2302 3692 debitum
2318 3634 2586 3691 ofﬁcium
2617 3634 2697 3691 ob
2726 3634 2921 3691 claras
2953 3637 3084 3707 ejus
3116 3637 3359 3693 virtutes
3385 3637 3692 3710 persolva-

318 3723 573 3799 δάκρυον,
604 3728 685 3778 ἶνα
739 3732 811 3799 μὴ
857 3732 1009 3799 μόνον
1072 3728 1492 3803 ἀφοσιωσώμεθα
1546 3739 1619 3800 τῷ
1670 3726 1824 3804 ἀνδρὶ
1863 3734 1921 3783 τὸ
2032 3743 2087 3781 IIl

2032 3742 2191 3781 mus.
2210 3727 2514 3780 Justorum
2536 3724 2697 3779 enim
2721 3725 3014 3780 memoria
3034 3725 3276 3782 modica
3296 3726 3476 3783 laude
3498 3743 3691 3800 eaque

316 3816 775 3887 ἀπολοφύρασθαι,
835 3816 961 3869 ἀλλά
1026 3824 1116 3871 καί
1192 3839 1242 3871 τι
1323 3828 1424 3872 τῶν
1495 3819 1687 3872 ἐκείνου
1745 3819 1917 3871 καλῶν
2031 3815 2081 3870 si

2031 3813 2286 3885 simplici
2300 3818 2357 3869 et
2371 3815 2477 3868 rite
2499 3812 3136 3879 limitata,honorauda
3153 3817 3490 3872 est.Musica
3503 3815 3687 3883 enim,

316 3908 732 3978 θωμασὼμεθα.
791 3912 902 3981 Χρή
958 3910 1060 3981 γὰρ
1120 3908 1387 3961 κάνταῦθα
1438 3915 1647 3982 μνήμην
1704 3906 1915 3962 δικαίου
2030 3905 2085 3960 iu

2030 3903 2285 3971 iuluctu,
2309 3901 2642 3957 secundum
2662 3902 3380 3976 Sapientem,importuna
3402 3905 3688 3977 narratio,

309 3996 558 4065 γενέσθαι
588 3995 696 4067 μετ’
737 3995 1000 4068 ἐγκωμίου
1032 4004 1244 4072 μετρίου
1270 4004 1361 4051 καὶ
1390 3995 1796 4070 διαπλεκομένου
1827 4004 1933 4059 τοίς
1955 3996 2163 4049 πένθεσι
2197 4014 2209 4025 ·
2244 3996 2332 4043 καὶ
2362 3999 2516 4043 τοῦτο
2542 3990 2599 4043 ού
2631 3993 2763 4063 μετά
2790 3992 2992 4065 ῥυθμοῦ
3022 3992 3231 4065 κομψοῦ
3276 4012 3417 4057 τινος
3452 3994 3483 4053 ἦ
3516 3996 3692 4068 περιά-

312 4082 501 4145 δοντος
521 4084 699 4160 ἔξωρα.
735 4092 981 4138 Μουσικα
1004 4089 1104 4160 γάρ
1138 4086 1188 4139 ἐν
1218 4090 1407 4155 πένθει,
1434 4090 1569 4139 κατά
1592 4091 1678 4139 τόν
1711 4092 1887 4160 σοφὸν,
1922 4083 2180 4156 διήγησις
2205 4083 2441 4154 ἄκαιρος.

386 4174 452 4227 ⁴Ο
502 4182 627 4244 γοῦν
668 4174 921 4247 ἐλέγομεν,
983 4180 1149 4248 μικρά
1205 4180 1295 4249 μὲν
1351 4179 1463 4249 ἅμα
1519 4177 1780 4230 τελεῖσθαι
1828 4183 1917 4229 καὶ
2098 4175 2155 4227 Ja

2098 4175 2228 4227 Jam
2269 4169 2411 4225 alidi
2449 4168 2713 4224 diximus
2752 4174 2963 4227 contra
3000 4186 3283 4227 normam
3314 4188 3445 4229 esse
3472 4172 3692 4232 initiari

309 4264 519 4337 μεγάλα
581 4269 850 4338 μυστήρια
913 4270 1034 4329 τοὺς
1097 4268 1284 4329 αύτούς
1332 4268 1425 4320 ούκ
1483 4264 1544 4325 ἦν
1601 4287 1725 4321 ποτε
1780 4270 1918 4341 θεμι-
2029 4277 2078 4318 at

2029 4260 2107 4318 ad
2149 4274 2371 4328 magna
2403 4258 2582 4313 simul
2613 4262 2669 4314 et
2698 4274 2887 4330 parva
2925 4261 3253 4332 mysteria;
3275 4261 3405 4332 jam
3435 4262 3597 4318 enim
3628 4263 3690 4320 in

306 4358 424 4415 τόν,
456 4357 574 4406 οὔτε
620 4358 721 4426 μὴν
770 4358 1008 4429 χορεύειν
1055 4353 1346 4427 δᾳδουχεῖν
1390 4376 1444 4408 τε
1485 4362 1575 4409 καὶ
1621 4356 1918 4410 ἐποπτεύειν
2028 4368 2068 4423 p

2028 4349 2349 4423 proverbio
2389 4354 2477 4403 est
2516 4348 2677 4403 stulti
2714 4364 2846 4404 esse
2884 4349 2946 4404 in
2984 4366 3131 4406 vase
3178 4351 3442 4422 pretioso
3499 4357 3690 4409 artem

308 4448 452 4495 κατά
502 4448 706 4497 ταυτὸν.
765 4444 989 4517 Ἀμαθές
1061 4449 1164 4519 γὰρ
1230 4452 1319 4497 καὶ
1380 4446 1630 4518 σφαλερόν
1688 4443 1826 4498 οἶδεν
1884 4450 1913 4504 ἡ
2029 4440 2069 4495 ﬁ

2029 4440 2343 4510 ﬁgulinam
2368 4439 2594 4493 discere
2619 4438 2787 4495 velle.
2821 4439 2944 4495 Sub
2972 4439 3165 4512 ipsius
3182 4446 3385 4496 autem
3407 4442 3691 4514 auspiciis

306 4536 576 4606 παροιμίᾳ
628 4536 687 4584 τό
734 4531 783 4585 ἐν
838 4535 980 4604 πίθῳ
1038 4538 1133 4591 τὴν
1199 4539 1473 4606 κεραμείαν
1538 4531 1916 4589 διδάσκεσθαι.
1952 4526 1992 4578 Ῑ)
2032 4544 2073 4602 q

1952 4526 1992 4578 D
2032 4530 2136 4602 qui
2185 4534 2249 4583 ut
2286 4527 2567 4583 sacerdos
2606 4528 2868 4585 initiator
2907 4530 3217 4601 sapientiae
3270 4531 3559 4603 mysteria
3620 4548 3691 4588 ac

314 4622 451 4693 Παρ¹
505 4620 677 4692 ἐκείνῳ
734 4618 787 4673 δ’
840 4623 962 4693 ὃμος
1019 4625 1396 4696 ὶεροφαντοῦντι
1448 4626 1512 4675 τὰ
1564 4623 1785 4694 λογικῶν
1839 4643 1917 4676 τε·
2030 4619 2083 4674 Pl

2030 4617 2363 4674 rhetoricen
2402 4616 2678 4687 docebat,
2721 4617 3000 4691 discipuli
3038 4622 3341 4675 Musarum
3379 4620 3691 4693 propylaea

312 4718 461 4782 χνῶν
519 4713 672 4781 ὄργια
723 4711 833 4783 ἅμα
884 4714 950 4762 τὰ
1006 4719 1229 4765 Μουσων
1282 4714 1550 4770 πεπάτηκέ
1601 4732 1678 4773 τις
1724 4716 1922 4785 προπύ-
2031 4708 2081 4762 in

2031 4706 2542 4777 ingrediebantur,
2589 4706 2794 4778 palatii
2833 4708 3284 4764 sanctissimum
3323 4710 3692 4783 contempla-

310 4800 460 4866 λαια,
512 4804 601 4851 καὶ
649 4809 986 4875 παραχρῆμα
1031 4806 1122 4853 καὶ
1179 4804 1245 4853 τά
1305 4810 1405 4853 τῶν
1452 4803 1748 4875 ἀνακτόρων
1797 4801 1922 4856 ἐπώ-
2032 4799 2079 4851 Ε).

2032 4799 2272 4861 bantur;
2304 4795 2470 4849 nulla
2493 4796 2654 4850 enim
2682 4797 2990 4868 provincia
3002 4797 3430 4869 mysteriorum
3446 4799 3693 4857 occlusa

310 4906 499 4941 πτευεν
580 4884 775 4956 ἄδυτα,
854 4895 944 4941 καὶ
1010 4897 1105 4950 τῆς
1169 4889 1367 4950 τελετῆς
1433 4887 1583 4943 οὐδὲν
1650 4888 1733 4958 ἧν,
1800 4894 1921 4967 ὅπερ
2031 4903 2079 4942 e1

2031 4892 2158 4942 erat
2186 4885 2529 4957 neOphytis.
2551 4885 2739 4951 Quid?
2754 4887 2985 4959 quodsi
2999 4887 3437 4960 discipulorum
3469 4889 3691 4961 aliquis

309 4977 617 5029 ὑπελείπετο
674 4981 842 5035 πάντη
892 4986 1000 5040 τοῖς
1056 4978 1335 5031 νεοτελέσιν
1404 4978 1699 5054 ἀνέκφορον.
1770 4979 1923 5031 Ἀλλά
2032 4992 2078 5030 νε

1921 4982 1923 5030 E
2032 4974 2489 5031 versiﬁcationis
2520 4975 2874 5046 rhythmum
2915 4982 2973 5032 et
3000 4977 3390 5034 harmoniam
3421 4978 3690 5038 ediscere

307 5087 394 5127 τις
443 5074 545 5118 τῶν
600 5072 889 5138 φοιτώντων
944 5063 1180 5120 πυκτίδα
1240 5074 1523 5127 ποιητικὴν
1581 5071 1681 5121 ὑπὸ
1754 5069 1923 5142 μάλην
2034 5083 2076 5121 Cl

2034 5065 2315 5137 cupiebat
2346 5070 2450 5120 aut
2464 5081 2683 5120 vocum
2702 5066 3159 5138 etymologiam,
3190 5068 3568 5125 Eustathium
3584 5070 3692 5126 ha-

313 5160 506 5230 φέρων,
582 5152 748 5208 ἐδεῖτο
818 5162 1017 5231 μέτρων
1086 5160 1174 5229 μὲν
1242 5162 1437 5230 νόμους
1504 5161 1773 5225 μυεῖσθαι,
1835 5164 1924 5211 καὶ
2033 5156 2082 5210 δε

2033 5156 2216 5210 bebat
2245 5154 2463 5209 ducem
2497 5155 2752 5227 peritum
2782 5157 2843 5212 in
2874 5156 3167 5213 docendis
3181 5158 3557 5229 antiquitatis
3573 5164 3694 5216 tra-

310 5247 551 5321 ῥυθμούς
619 5245 891 5318 ἁρμονίας.
946 5252 1036 5297 καὶ
1098 5254 1189 5298 τοῦ
1260 5245 1450 5319 ἐτύμου
1512 5255 1612 5298 τῶν
1663 5247 1925 5319 ὀνομάτων
2035 5244 2072 5300 d

2035 5244 2363 5300 ditionibus
2421 5250 2478 5301 et
2534 5246 2594 5300 in
2654 5246 2822 5302 brevi
2878 5249 3170 5319 temporis
3232 5252 3541 5305 momento
3601 5264 3696 5306 so-

314 5332 626 5398 ἀνάπτυξιν,
698 5333 1149 5405 ψυχαγωγεῖσθαί
1222 5354 1277 5387 τε
1346 5336 1579 5410 πράξεων
1646 5336 1926 5409 ἁρχαιολο-
2034 5336 2083 5391 lt

1922 5369 1926 5376 -
2034 5334 2326 5391 lutionem
2367 5334 2814 5407 problematum
2881 5337 3292 5394 desideratam
3359 5338 3691 5396 obtinebat.

313 5426 584 5494 γουμένων
655 5425 984 5495 μυθεύμασιν
1036 5441 1048 5452 ·
1109 5421 1199 5476 εἷθ’
1267 5426 1551 5498 ὑπέστρεφε
1615 5429 1808 5477 τούτων
1874 5444 1928 5477 τε
2038 5426 2082 5481 Ι(

2038 5426 2101 5481 ld
2134 5426 2293 5479 enim
2321 5424 2457 5481 fecit
2486 5431 2550 5481 ut
2588 5426 3065 5483 adolescentium
3089 5427 3300 5483 studiis
3333 5426 3595 5485 favendo
3617 5429 3699 5486 ad

320 5514 510 5583 θεωρός
567 5510 765 5573 ἐντελὴς
818 5519 908 5565 καὶ
954 5522 1054 5565 τῶν
1113 5520 1516 5589 μυστικωτέρων
1571 5516 1628 5567 οὗ
1681 5519 1927 5589 παράπαν
2036 5531 2089 5570 ΓΕ

2036 5531 2240 5570 rerum
2262 5516 2632 5571 multitudini
2648 5517 3025 5573 occultarum
3046 5519 3459 5587 cognitionem
3477 5520 3699 5591 januas

318 5600 615 5662 ἀτέλεστος.
670 5599 813 5655 Ούδὶ
863 5605 962 5679 γὰρ
1021 5599 1442 5665 διεσπουδάζετο
1491 5607 1539 5657 οἱ
1592 5608 1787 5657 τούτων
1835 5610 1928 5663 τὴν
2039 5620 2087 5660 ι’(

2039 5610 2351 5660 reseraret.
2396 5605 2883 5679 Quotusquisque
2922 5622 3046 5662 non
3094 5606 3267 5677 lacte,
3317 5607 3425 5664 sed
3476 5608 3701 5667 fortiori

321 5696 501 5761 ἔφεσιν
558 5691 863 5753 ἀποπλῆσαι
907 5698 1058 5766 μόνον
1101 5702 1210 5755 τοῖς
1261 5697 1507 5767 μύσταις,
1549 5694 1679 5748 ἀλλὰ
1730 5715 1791 5766 γε
1840 5700 1931 5748 καὶ
2042 5696 2090 5750 ci

1929 5738 1931 5746 ι
2042 5695 2184 5751 cibo
2216 5698 2271 5750 et
2311 5694 2534 5765 ingenii
2574 5697 2916 5753 maturitate
2979 5702 3279 5755 saturatus
3316 5698 3459 5754 inde
3496 5699 3698 5757 rediit!
