4480 6430
793 394 907 456 ³43

797 515 1167 592 Sedmajora
1187 517 1783 578 memoremuslulti
1796 516 2047 592 quidem
2066 514 2148 574 ad
2166 515 2451 590 eloquen-
2476 523 2526 576 Α

794 612 893 674 tim
917 607 1229 679 fastigium
1247 621 1314 664 se
1328 611 1566 665 evectos
1582 607 1986 666 autumabant
2009 604 2451 679 atqueidoneos

794 697 880 762 ad
897 695 1246 756 docendum
1269 695 1418 754 alios
1433 695 1602 770 quod
1618 697 1735 771 ipsi
1755 695 1906 753 scire
1927 710 1990 751 se
2010 693 2328 769 putabant,
2347 693 2452 750 do.

792 799 908 849 nec
948 784 1064 843 sub
1103 783 1390 841 Eustathii
1436 784 1725 858 auspiciis
1771 786 2069 858 quantum
2105 782 2454 854 ignorarent

792 872 1210 945 intelligerent.
1250 871 1409 930 Multi
1446 873 1510 931 in
1549 873 1886 931 Gratiarum
1915 888 1982 929 se
2019 871 2307 945 mysteria
2340 870 2452 928 ini-

791 963 974 1022 tiatos
1013 961 1360 1032 credebant,
1414 961 1608 1020 donec
1653 962 1787 1036 ipso
1834 964 2139 1029 monente,
2186 974 2452 1017 errorem

791 1066 976 1118 suum
999 1054 1451 1121 cognoscerent.
1467 1050 1747 1108 Pluresin
1760 1049 2449 1124 philosophiamaximo-

789 1137 1268 1215 pereprofeeisse
1281 1138 2000 1208 sibi,videbantur,donee
2029 1151 2158 1194 sese
2183 1153 2323 1195 cum
2349 1136 2451 1194 illo

790 1229 925 1286 viro
953 1227 1172 1284 artium
1183 1242 1255 1284 ac
1269 1226 1604 1285 litterarum
1623 1227 1990 1301 peritissimo
2009 1243 2072 1284 se
2090 1225 2449 1285 conferrent.

791 1316 979 1388 Igitur
1005 1320 1338 1389 postquam
1365 1315 1792 1387 cognovissent
1821 1331 1886 1372 se
1906 1315 1988 1371 nil
2006 1315 2177 1381 scire,
2207 1316 2287 1371 ad
2315 1315 2453 1388 ipsa

790 1405 1141 1464 rudimenta
1166 1405 1362 1461 redire
1406 1419 1530 1462 non
1565 1404 2010 1462 erubescebant
2043 1408 2103 1460 et
2137 1404 2200 1460 in
2240 1403 2454 1476 optimi

790 1493 1068 1564 magistri
1135 1492 1347 1551 schola
1379 1494 1509 1566 jam
1548 1496 1721 1551 astate
1758 1493 2164 1567 provectiores
2203 1492 2454 1550 meliora

749 1621 757 1632 -
790 1582 1011 1642 melius
1041 1581 1376 1639 addiscere.
1414 1582 1708 1655 Equidem
1747 1582 2136 1638 alumnorum
2165 1581 2452 1638 omnibus

791 1670 960 1729 horis
981 1671 1230 1729 domum
1253 1671 1384 1742 ejus
1403 1670 1914 1744 frequentandum
1929 1671 2176 1742 agmina
2190 1676 2455 1727 contem-

789 1759 1044 1834 plando,
1059 1759 1297 1816 Homeri
1308 1759 1384 1816 de
1398 1775 1586 1832 apum
1599 1759 1984 1816 examinibus
2007 1758 2309 1832 loquentis
2333 1774 2456 1815 me-

1674 387 2048 452 MICHAELIS
2082 383 2467 450 ΔΟΟΠῙΝΑΤῙ
2501 382 2937 445 ΛΤΗΕΝΑΒῙῘΠ
2971 381 3288 443 ARCHIEP.

4054 392 4163 449 3M

2560 513 2630 568 τὰ
2673 519 2774 566 τῶν
2820 511 2999 585 μύθων
3049 509 3509 586 παραπετάσματα
3555 509 3830 586 διασχεῖν,
3888 515 3981 568 καὶ
4034 510 4160 569 δοῦ-

2558 621 2645 656 ναι
2696 601 2823 654 εἴσω
2872 605 3147 675 χωρῆσαι,
3199 602 3289 652 καί
3338 619 3390 654 τι
3445 608 3545 655 τῶν
3609 601 3820 664 πολλοῖς
3883 600 4159 677 ἆνεφικτων

2559 689 2879 745 ἕποπτιῦσαι
2942 690 3130 761 θέαμα.
3183 693 3351 743 Πόσοι
3413 693 3719 765 προσίοντες
3779 695 3962 752 νήπιοι
4019 690 4158 746 ἕλάν-

2561 780 2709 833 θανον
2785 775 2899 831 ἀντὶ
2947 775 3208 849 γάλακτος
3257 777 3613 854 περῥοτίραις
3667 781 3990 853 μαθημάτων
4039 800 4156 854 τροο

2560 874 2681 939 φαῖς
2732 861 3131 938 ἆξανδρούμενοι
3193 867 3264 920 τὰ
3317 866 3644 944 αἰσθητήρια
3693 876 3786 922 τοῦ
3849 876 3941 922 νοῦ
4004 867 4162 922 ἔπαν-

2559 958 2818 1031 ἠκοντεςζ
2863 958 2954 1008 καὶ
3005 956 3138 1027 χθες
3188 955 3279 1028 μὶν
3320 962 3434 1018 ταῖς
3490 955 3748 1030 γλώτταις
3793 956 4162 1029 ύποψελλίζονο

2557 1063 2662 1113 τες,
2725 1046 2961 1118 ἰντρανον
3020 1038 3081 1097 δε
3147 1048 3238 1096 καὶ
3292 1047 3444 1118 τορὸν
3504 1047 3842 1119 φθεγγόμενοι
3910 1051 4160 1120 σήμερον.

2558 1135 2702 1186 Εἴπω
2748 1134 2808 1186 τὸ
2855 1135 3185 1206 καινότερονο
3241 1136 3400 1187 πόσοι
3447 1137 3610 1208 μέχρι
3669 1137 3858 1189 τούτου
3913 1155 4163 1209 γραμμα-

2557 1225 2711 1280 τικήν
2761 1220 3094 1293 ἠκριϐῶσθαι
3156 1229 3406 1275 τοσοῦτον
3477 1227 3654 1294 ᾤοντο,
3725 1225 3791 1285 ὡς
3851 1223 4162 1299 ἕπαγγέλλε-

2562 1312 2688 1363 σθαι
2738 1315 2830 1363 καὶ
2881 1309 3058 1372 ἄλλοις
3113 1312 3465 1382 καθηγεῖσθαι
3511 1321 3609 1376 τῆς
3637 1314 3960 1386 τέχνης,ἱως
3989 1312 4163 1387 ἐκείνῳ

2558 1403 2735 1452 κανόνι
2792 1403 2882 1452 καὶ
2922 1404 3044 1453 ποτὶ
3089 1401 3318 1474 σπάρτον
3369 1404 3499 1472 φασὶ
3549 1401 3692 1455 λίθον
3741 1403 4051 1477 παραθεῖναι
4099 1403 4164 1455 τὰ

2559 1487 2676 1541 καθ’
2721 1487 2937 1549 ἑαυτοὺς
2987 1490 3239 1559 ἔγνωσαν.
3290 1491 3454 1541 Πόσοι
3500 1493 3666 1564 μέχρι
3721 1492 3908 1544 τούτου
3953 1492 4164 1566 ῥητοριο

2559 1583 2673 1637 κοιῖς
2736 1579 2932 1651 χάρισι
3003 1578 3140 1630 θύειν
3215 1574 3475 1650 ἐνόμιζον,
3550 1579 3643 1641 ἕως
3707 1586 3807 1632 τῶν
3865 1579 4162 1634 Εὐσταθίου

2562 1671 2809 1740 Σειρήνων
2857 1666 3204 1740 ἠκροάσαντο.
3259 1672 3424 1720 Πόσοι
3474 1667 3780 1742 φιλοσοφίαν
3827 1674 3991 1742 μέχρι
4050 1673 4166 1723 τού⁶

2559 1774 2650 1808 του
2713 1754 3014 1829 πρεσϐεύειν
3076 1751 3310 1827 ίδόκουν,
3373 1758 3464 1818 ἓως
3529 1759 3702 1829 ἑκεινῳ
3765 1766 4038 1830 τεχνοῡντι
4087 1762 4164 1812 τί·

789 1848 961 1916 mini,
992 1863 1258 1922 quarum
1281 1847 1361 1905 ad
1383 1848 1575 1905 instar
1593 1848 1897 1904 innumeri
1917 1847 2189 1904 omnium
2211 1851 2454 1904 aetatum
2483 1872 2524 1926 Β

2398 1863 2524 1926 mB
2563 1864 2701 1917 χνας
2756 1848 2846 1897 καὶ
2909 1846 3083 1906 πάσας
3143 1843 3441 1918 ἐπιστήμας
3505 1844 3879 1920 ἔπιστημοῦντι
3942 1846 4167 1922 παρέϐα-

788 1936 1067 1994 bomines
1087 1936 1221 2007 ejus
1239 1935 1530 1993 audiendi
1550 1951 1736 1992 causa
1755 1935 2024 2008 quotidie
2047 1939 2455 1991 convenerunt

798 2024 881 2083 ad
910 2039 1052 2082 eum
1081 2024 1186 2098 qui
1215 2023 1450 2081 virtutis
1478 2039 1760 2081 normam
1773 2028 1830 2080 et
1848 2023 2091 2094 regulas
2113 2038 2236 2080 non
2265 2024 2453 2082 verbo

790 2112 1238 2185 tantummodo,
1273 2111 1380 2168 sed
1406 2112 1654 2186 proprio
1693 2112 1972 2187 exemplo
2026 2111 2172 2170 dare
2219 2115 2449 2184 posset.

2558 1933 2664 1987 λον·
2706 1937 2776 1987 Τό
2820 1930 2870 1986 δ’
2925 1932 3148 1987 ἐντεῦθεν
3209 1938 3412 2006 γνόντες
3460 1935 3698 2005 ἑαυτοὺς,
3761 1935 3966 1990 κάκεῖνο
4029 1945 4170 2011 πρῶ-

2558 2043 2644 2076 ⁴τον
2701 2021 2867 2084 καλῶς
2918 2023 3252 2096 σοφιζόμενοι
3302 2027 3360 2077 τὸ
3429 2029 3548 2097 περὶ
3607 2024 3820 2094 ἑαυτῶν,
3889 2027 3958 2085 ὡς
4018 2021 4169 2078 ούδὲν

2561 2109 2797 2180 εἰδότων,
2856 2109 3047 2166 εἰδέναι
3107 2121 3306 2185 σαφῶς,
3369 2117 3429 2167 τό
3496 2111 3626 2167 εἶναι
3690 2121 3784 2167 τοῦ
3849 2116 4053 2167 οἴεσθαι
4109 2117 4170 2168 τὸ

790 2201 970 2272 λοιπὸν
1034 2199 1461 2260 όιντηλλάττοντο.
1529 2203 1703 2274 Ταύτῃ
1769 2220 1852 2254 τοι
1915 2205 2006 2254 καὶ
2074 2205 2404 2275 στρεφόμενοι
2466 2205 2558 2254 καὶ
2614 2203 2684 2263 ὡς
2739 2197 2928 2262 παῖδες
2993 2199 3302 2276 ἀρτιμαθεῖς
3359 2207 3640 2275 γινόμενοι,
3693 2203 3932 2275 ἠγάπων,
3984 2204 4015 2263 ή
4077 2211 4167 2256 νῦν

789 2298 919 2365 γοῦν
1002 2289 1289 2365 ἀρχόμενοι
1367 2289 1492 2364 παρ’
1577 2290 1754 2361 ἐκείνῳ
1830 2287 2280 2363 μεταδιδάσκοντι
2358 2292 2758 2363 μαθητεύοιντο,
2839 2294 2930 2343 καὶ
2993 2298 3192 2364 γηρῷεν
3271 2293 3636 2364 μανθάνοντες.
3707 2298 3834 2345 Ὀτε
3893 2297 3984 2345 καὶ
4042 2296 4166 2355 τοὺς

791 2380 874 2434 ἀεὶ
932 2389 1364 2456 προσφοιτῶντας
1423 2383 1514 2432 καὶ
1579 2378 1964 2452 ἀποφοιτῶντας
2031 2381 2296 2451 θεώμενος,
2357 2387 2450 2440 τῆς
2513 2378 2806 2452 Ὁμηρικῆς
2876 2377 3336 2452 ἀνεμιμνησκόμην
3399 2379 3611 2442 εἰκόνος*
3679 2379 3768 2441 Ὠς
3830 2382 3933 2454 γὰρ
3979 2384 4171 2454 πέτρης

790 2468 849 2524 ἔκ
930 2468 1199 2545 γλαφυρῆς
1266 2471 1384 2528 ἔθνη
1468 2467 1730 2541 μελισσῶν
1805 2468 2014 2536 ἔξεισιν,
2085 2468 2221 2521 οὕτω
2283 2473 2372 2521 καὶ
2437 2476 2510 2540 τῷ
2575 2469 2872 2522 Εὐσταθίου
2938 2467 3222 2540 μελισσῶνι
3285 2474 3645 2544 προσίπταντο
3717 2474 3808 2522 καὶ
3875 2469 4166 2542 ἀφίπταντο

792 2554 1057 2633 βοτρυδὸν
1105 2559 1365 2631 ὁσημέραι
1407 2557 1686 2630 φιλολόγων
1744 2563 1917 2630 σμήνη
1965 2563 2149 2631 μυρία,
2190 2563 2281 2611 καὶ
2329 2561 2374 2610 εἶ
2397 2576 2530 2620 τινες
2557 2557 2723 2620 ἄλλως
2754 2556 2939 2631 ἀρετῆς
2971 2577 3022 2609 τι
3052 2566 3436 2630 μετεποιοῦντο,
3466 2563 3557 2611 καὶ
3597 2560 3940 2634 ῥυθμίσοντος
3977 2579 4168 2635 προσε-

792 2644 990 2702 δέοντο.
1022 2651 1197 2721 Νόμος
1225 2649 1328 2721 γὰρ
1361 2644 1422 2707 ἦν
1453 2647 1694 2720 ἔμψυχος
1727 2646 1926 2722 ἀρετῆς,
1961 2653 2051 2700 καὶ
2080 2652 2304 2720 μεγίστη
2335 2651 2459 2722 πρὸς
2480 2646 2667 2722 ἀρετὴν
2691 2646 3044 2723 παράκλησις,
3079 2647 3137 2701 ού
3163 2651 3314 2718 μόνον
3337 2649 3700 2720 φθεγγόμενος,
3726 2647 3852 2701 ἀλλὰ
3891 2653 3978 2702 καὶ
4013 2653 4167 2722 μόνον

794 2734 1130 2809 βλεπόμενος.

872 2826 916 2882 Ο
946 2825 1204 2896 vultum,
1237 2840 1274 2881 o
1317 2827 1612 2883 staturam
1630 2826 1829 2896 magis
1875 2825 2238 2881 veerandam
2257 2841 2447 2898 quam

787 2911 1049 2980 Periclis,
1075 2927 1264 2985 quam
1288 2913 1860 2986 Xenocratis,utpote
1889 2929 2027 2986 quin
2048 2929 2282 2968 morum
2305 2913 2450 2968 inte-

787 3000 1065 3074 gritatem
1094 3001 1294 3073 primo
1323 3001 1542 3058 intuitu
1567 3002 1890 3058 revelabat!
1917 3004 1960 3058 Ο
1984 3017 2292 3057 sermones
2307 3017 2449 3058 acu-

786 3094 882 3147 tos
923 3089 1106 3146 simul
1143 3094 1201 3146 et
1261 3094 1570 3158 venustos,
1613 3091 1840 3148 facetiis
1875 3107 1946 3148 ac
1985 3091 2162 3161 nugis
2225 3091 2451 3164 pariter

2635 2823 2704 2877 Ὣ.
2759 2828 3047 2899 προσώπου
3109 2825 3336 2898 σεμνοῦῐ
3383 2824 3423 2876 ὦ
3486 2825 3820 2900 εὐσχήμονος
3890 2831 4170 2900 σχήματος

2561 2918 2652 2966 καὶ
2740 2913 3049 2987 Περικλέους
3131 2918 3220 2966 καὶ
3312 2917 3658 2988 Ξενοκράτους
3737 2912 4170 2991 αἱδεσιμώτερον,

2561 3005 2700 3074 μόνῳ
2773 3010 2845 3074 τῷ
2918 3004 3189 3074 φαίνεσθαι
3262 3004 3673 3076 σωφρονίζοντος
3729 3008 3848 3066 τοὺς
3913 3007 4168 3080 ὁρῶντας,

2563 3095 2693 3167 πρὸς
2742 3096 2836 3150 τὴν
2880 3092 3000 3163 ὄψιν
3052 3091 3526 3166 μεταϐαλλομένους
3589 3097 3752 3153 αὐτὴν
3817 3099 3907 3148 καὶ
3971 3115 4169 3149 τυπου-

786 3177 1017 3236 alienos
1043 3194 1116 3236 ac
1141 3195 1177 3236 ιι
1205 3194 1402 3249 rigore
1433 3183 1491 3236 et
1509 3180 1725 3237 duritie
1763 3180 2109 3251 verborum,
2159 3180 2284 3237 imo
2327 3180 2450 3236 sale
2481 3203 2522 3259 ρ

2402 3180 2450 3236 le
2481 3203 2522 3259 ρ
2561 3186 2746 3254 μένους
2794 3180 2845 3243 ἐς
2896 3183 3034 3240 ἠθῶν
3089 3180 3486 3254 ἐπικόσμησινι
3547 3183 3616 3236 ⁸Ω
3672 3180 3943 3247 διαλέξεων
3975 3183 4171 3238 ἀποϐα-

784 3266 1010 3333 divino,
1039 3271 1107 3323 ut
1137 3268 1462 3340 Apostolus
1512 3269 1867 3340 praescribit,
1929 3268 2214 3325 suffusos!
2271 3271 2450 3327 Totos

788 3369 936 3411 sane
973 3355 1102 3412 dies
1134 3371 1274 3412 eum
1307 3357 1538 3427 audire,
1579 3358 1658 3414 ab
1699 3374 1771 3415 eo
1810 3358 2043 3414 discere
2078 3357 2351 3428 juvabat,
2394 3362 2453 3414 et

784 3444 995 3516 patriae
1025 3444 1236 3517 ipsius,
1266 3450 1333 3502 ut
1356 3445 1437 3502 illi
1467 3447 1633 3519 apud
1664 3447 2068 3520 Lotophagos,
2109 3447 2331 3503 oblitus
2362 3463 2454 3502 es-

788 3547 905 3588 ses.
936 3535 1078 3598 Quaa
1107 3533 1330 3604 ingenii
1347 3535 1530 3602 acies,
1562 3552 1700 3608 quae
1725 3537 1785 3592 in
1806 3537 2092 3593 omnibus
2111 3536 2292 3592 rebus
2310 3551 2452 3608 pru-

794 3620 1022 3690 dentia,
1053 3638 1192 3695 quas
1216 3625 1558 3681 constantia
1602 3626 1790 3681 animi
1830 3627 1894 3682 in
1936 3625 2117 3681 rebus
2153 3625 2449 3696 adversis,

785 3724 924 3782 quae
951 3713 1272 3768 strenuitas
1301 3713 1361 3768 in
1394 3714 1666 3785 agendo!
1699 3715 1904 3781 Qualis
1934 3715 2070 3770 fons
2110 3715 2344 3770 virtutis
2399 3719 2455 3770 et

789 3799 1102 3872 sapientiae
1131 3800 1192 3856 in
1234 3802 1415 3857 unius
1450 3807 1641 3859 morte
1675 3805 1966 3860 exstincta
2002 3807 2090 3860 est
2119 3804 2293 3874 cujus
2325 3819 2451 3859 me-

787 3890 984 3948 moria
1013 3905 1082 3945 ac
1108 3889 1474 3947 desiderium
1501 3894 1777 3950 omnium
1802 3893 2012 3950 oculos
2050 3893 2337 3964 lacrymis
2361 3908 2454 3948 re-

787 3979 929 4052 plet!
978 3978 1118 4043 Quis
1150 3979 1295 4035 mihi
1335 3980 1627 4050 linguam,
1667 3985 1804 4056 quis
1855 3983 2134 4038 virtutem
2169 3981 2455 4038 Eustathii

789 4069 960 4124 dabit
987 4073 1053 4123 ut
1082 4083 1222 4123 eum
1245 4085 1355 4140 pro
1378 4070 1668 4140 dignitate
1689 4072 2060 4128 collaudem?
2088 4073 2209 4127 sine
2232 4071 2455 4145 quibus

789 4157 1061 4215 laudatio
1087 4173 1226 4214 mea
1245 4160 1611 4231 vituperium
1638 4177 1768 4216 esse
1795 4163 1943 4217 mihi
1964 4162 2220 4218 videtur.

2560 3274 2823 3343 πτομίνων
2876 3273 2967 3342 μεν
3011 3272 3079 3331 εἰς
3130 3278 3270 3340 νοῦν,
3307 3268 3672 3335 παντοδαπαῖς
3733 3269 3792 3326 δε
3839 3274 4170 3345 σταζομὲνων

2562 3359 2823 3434 χάρισινι
2875 3358 2944 3411 Ὠ
2988 3359 3152 3430 λόγων
3200 3358 3426 3427 ἐκείνων,
3457 3367 3590 3432 μήτε
3622 3360 3956 3435 βωμολόχοις
3987 3361 4172 3434 εὐτρα-

2561 3448 2765 3509 πελίαις
2836 3447 3210 3520 γελοιαζόντων
3274 3456 3674 3526 σκηνικώτερον,
3738 3456 3871 3523 μήτε
3921 3447 4172 3515 ἀηδιζόνο

2563 3555 2662 3588 των
2726 3541 3112 3610 στρυφνότητος
3180 3537 3578 3609 ὀμφακιζούσης
3637 3537 3924 3612 βαρύτητι,
3981 3541 4170 3593 ὑποσέο

2564 3647 2673 3697 μνῳ
2754 3623 2814 3679 δε
2887 3630 3210 3700 κεκραμένων
3293 3626 3627 3702 ἁστιιοσύνη,
3714 3633 3804 3682 καὶ
3877 3631 4014 3681 κατὰ
4075 3634 4170 3687 τὴν

2565 3715 2919 3772 αποστολικήν
3001 3718 3274 3774 ὑποθήκην
3350 3719 3467 3788 θείῳ
3532 3723 3940 3791 παρηρτυμένων
3997 3717 4168 3771 ἅλατι·

2565 3806 2634 3866 ὡς
2682 3807 2770 3858 τόν
2826 3803 3146 3878 ἀκροώμενον
3193 3801 3518 3880 διημερεύειν
3576 3806 3831 3880 ἁσμένως,
3889 3816 3990 3860 τῶν
4037 3811 4173 3861 οἶκοι

2565 3895 2721 3948 κατὰη
2763 3895 2884 3954 τους
2932 3893 3360 3965 λωτοφαγουντας
3411 3893 3688 3967 λαθόμενον
3724 3894 3735 3948 l
3789 3895 3856 3947 Ὠ
3896 3899 4173 3970 σωφροσύ-

2565 4002 2658 4044 νης
2686 3980 2884 4054 ἄκραςῐ
2933 3982 2971 4033 ὡ
3017 3987 3314 4056 φρονήσεως
3350 3981 3617 4055 ἐντεχνοῡς
3649 3983 3659 4038 ε
3709 3985 3748 4037 ὠ
3781 3983 3963 4058 ψυχῆς
3993 3985 4042 4037 ἐν
4068 3992 4174 4046 τοῖς

2567 4067 2760 4133 δεινοις
2812 4070 3089 4146 ἁτρέπτου,
3151 4076 3240 4124 καὶ
3300 4071 3619 4145 βεϐαιούσης
3675 4078 3770 4132 τὴν
3828 4074 4015 4132 κλῆσιν
4069 4082 4175 4136 τοῖς

2556 4160 2895 4235 πράγμασινῐ
2939 4160 3101 4223 Ὀσος
3160 4159 3348 4234 ἀρετης
3401 4162 3644 4229 πλοῦτος,
3697 4165 3817 4215 ὅσον
3871 4171 4026 4235 χῡμα
4087 4183 4175 4216 σο-

791 4252 912 4321 φίας
944 4246 1015 4298 ivi
1043 4246 1431 4305 τετελευτηκότι
1462 4245 1617 4322 ἀνδρὶ
1645 4251 2048 4326 συναπὲῤῥευσε,
2082 4257 2292 4324 μνήμην
2321 4249 2704 4304 κατελελοιπότι
2733 4255 2893 4322 μόνην
2915 4251 3061 4324 ἡμῖν,
3094 4253 3184 4302 καὶ
3214 4253 3273 4300 τό
3309 4249 3392 4304 ἐπι
3422 4259 3483 4324 τῇ
3520 4257 3696 4324 μνήμη
3724 4254 3900 4324 θαῦμα
3925 4257 4012 4305 καὶ
4043 4249 4172 4306 δάκ-

787 4356 911 4410 ρυον
937 4336 948 4389 l
990 4340 1077 4396 Τίς
1107 4338 1168 4388 ἄν
1195 4357 1285 4409 μοι
1321 4335 1440 4396 δοίη
1472 4338 1706 4408 γλῶτταν
1739 4341 2055 4401 Εὐσταθίου,
2081 4347 2170 4394 καὶ
2200 4346 2295 4398 τήν
2328 4339 2511 4416 ἀρετὴν
2535 4344 2624 4393 καὶ
2652 4339 2883 4411 γλῶτταν
2915 4339 3210 4394 Εὑσταθίου
3239 4341 3582 4414 θαυμάσομαι
3612 4343 3732 4396 ὅσον
3755 4339 3900 4405 ἀξιον
3925 4359 3939 4409 ;
3971 4341 4055 4402 Ὠς
4083 4350 4171 4396 νῦν

787 4445 848 4499 γε
869 4429 989 4486 τοὺς
1020 4424 1262 4489 ἐπαίνους
1292 4430 1509 4490 τούτους
1541 4432 1637 4481 ἶσα
1665 4436 1756 4483 καὶ
1777 4430 1977 4502 ψόγους
2008 4429 2352 4504 αἰσχύνομαι.

861 4515 1206 4570 Eustathius
1223 4516 1773 4588 vitasintegerrimm
1805 4520 2083 4593 exemplo
2121 4526 2178 4576 et
2216 4536 2458 4577 summa

789 4604 1084 4661 sermonis
1100 4604 1252 4661 inter
1267 4620 1480 4662 omnes
1497 4608 1893 4680 praefulgebat
1908 4625 2189 4679 ;magnus
2213 4610 2374 4666 enim
2396 4611 2456 4666 in

787 4698 1045 4766 utroque
1059 4694 1273 4762 fuit;ad
1287 4711 1470 4768 quem
1491 4701 1824 4772 comparati
1849 4715 1961 4756 nos
1991 4700 2210 4756 umbra
2223 4716 2456 4758 sumus.

790 4784 930 4849 Quis
944 4783 1098 4839 alius
1111 4785 1503 4856 praeterillum
1521 4787 1921 4861 philosophias
1938 4805 2008 4846 ac
2028 4789 2339 4859 theologia
2356 4805 2459 4846 an-

789 4872 954 4929 tistes
985 4887 1164 4945 aequo
1191 4872 1420 4932 lumine
1452 4875 1657 4934 fulsit?
1708 4878 1985 4936 lsraelitis
2013 4878 2156 4936 olim
2172 4881 2327 4935 Deus
2351 4894 2460 4952 per

788 4961 949 5020 diem
982 4962 1044 5018 in
1065 4961 1350 5020 columna
1375 4964 1576 5032 nubis,
1613 4972 1669 5024 et
1691 4983 1799 5040 per
1818 4977 2058 5025 noctem
2088 4969 2150 5025 in
2175 4967 2460 5025 columna

788 5051 946 5122 ignis
972 5050 1134 5108 viam
1164 5054 1443 5111 ostendit:
1478 5057 1822 5113 Eustathius
1853 5074 1976 5114 non
2003 5058 2189 5116 altero
2211 5072 2460 5116 munere

790 5140 1182 5212 fungebatur,
1201 5159 1324 5216 qua
1345 5150 1546 5202 orator
1565 5146 1927 5218 ignivomus,
1955 5165 2077 5221 qua
2097 5148 2223 5204 dux
2262 5148 2321 5204 in
2371 5163 2457 5204 se-

789 5230 940 5286 mita
952 5230 1206 5302 virtutis,
1223 5231 1348 5291 imo
1360 5234 1500 5291 hinc
1511 5245 1713 5293 orator
1734 5237 2069 5295 altisonans
2091 5238 2233 5295 inde
2260 5253 2457 5295 sacer-

789 5319 902 5376 dos
914 5334 1104 5393 purus
1116 5325 1174 5377 et
1193 5321 1484 5396 eloquens
1495 5325 1784 5382 omnibus
1797 5327 2135 5385 errantibus
2153 5332 2218 5384 ut
2231 5328 2458 5400 pharus

788 5408 952 5465 viam
965 5413 1490 5482 praemonstrabat:
1513 5416 1747 5488 quoties
1783 5417 1944 5474 enim
1975 5433 2085 5491 pro
2102 5432 2303 5473 rerum
2327 5431 2459 5488 gra-

790 5499 970 5556 vitate
994 5499 1181 5558 verba
1204 5499 1483 5560 facienda
1514 5510 1836 5580 erant,qua
1859 5507 1916 5563 vi
1938 5507 2312 5564 audientium
2333 5506 2457 5564 ani-

789 5603 926 5646 mos
962 5588 1268 5657 movebat,
1305 5591 1688 5653 adversarios
1723 5596 1890 5670 ipsos
1928 5597 2346 5664 convincebat,
2374 5597 2457 5654 ita

789 5677 1118 5776 antiquitas
1193 5683 1318 5774 tota,
1371 5683 1474 5764 vi;
1529 5685 1740 5762 similis
1791 5688 2046 5750 oratoris
2106 5687 2454 5762 exemplum

2639 4519 2796 4591 Ἀνήρ
2850 4521 2951 4591 γὰρ
3012 4517 3196 4580 ἐκεῖνος
3247 4523 3421 4592 μόνος,
3449 4523 3519 4582 ὡς
3575 4523 3756 4586 ἔοικεν,
3813 4518 4172 4595 ἀπαράμιλλον

2567 4607 2740 4669 ἄλλοις
2797 4605 3104 4671 ἀπεδείξατο
3155 4608 3294 4681 βίον,
3347 4614 3437 4662 καὶ
3492 4607 3594 4682 βίῳ
3634 4609 3865 4681 γλῶτταν
3915 4609 4173 4684 ἁνθάμιλ-

2565 4697 2670 4766 λον,
2704 4701 2795 4750 καὶ
2833 4700 2940 4759 οἶός
2986 4718 3067 4751 τοι
3110 4700 3226 4753 κατ’
3273 4697 3537 4772 ἀμφότερα
3576 4703 3821 4752 πέπνυτοο
3855 4701 3904 4752 οἱ
3934 4696 3994 4753 δε
4026 4705 4174 4753 σκιαὶ

2568 4785 2840 4859 ἀίσσομεν.
2903 4786 3088 4859 Αμὶλει
3145 4793 3234 4841 καὶ
3303 4789 3372 4849 ὡς
3429 4790 3583 4862 ἄμφω
3640 4791 3772 4861 φάεα
3829 4788 3980 4857 καλὰ,
4050 4787 4172 4862 βίου

2567 4882 2657 4930 καὶ
2715 4876 2893 4948 λόγου,
2954 4876 3383 4951 προϐεϐλημένος,
3443 4882 3510 4940 ὼς
3569 4877 3653 4931 ἐπὶ
3704 4883 3967 4952 περιωπήν
4023 4875 4172 4932 δυοῖν

2565 4966 2847 5039 λυχνίαιν,
2931 4975 3242 5040 σοφιστικοῦ
3317 4972 3406 5021 καὶ
3489 4966 3864 5043 ἀρχιερατικοῦ
3947 4971 4172 5044 θρόνου,

2567 5057 2935 5131 μετεωρίζεται
2978 5074 2992 5088 ⁶

2567 5155 2640 5218 τῷ
2687 5143 2738 5200 δ’
2787 5150 3024 5220 ὕστερον.
3079 5153 3178 5200 Καὶ
3219 5155 3313 5200 τοῦ
3359 5147 3586 5200 παλαιοῦ
3642 5151 3732 5220 μὲν
3783 5148 3998 5221 Ἰσραὴλ
4057 5147 4174 5220 ἄρηι

2566 5237 2821 5310 μάξοντος
2868 5238 3069 5310 ἡμέρας
3117 5239 3292 5308 ἠγεῖτο
3353 5236 3534 5298 στῦλος
3589 5237 3812 5310 νεφέλης,
3866 5241 4048 5299 νυκτὸς
4114 5234 4175 5291 δε

2570 5326 2750 5388 στῦλος
2793 5327 2996 5399 πυρός’
3050 5326 3342 5390 Εὐστάθιος
3380 5323 3440 5380 δε
3487 5326 3581 5380 οὐκ
3631 5325 3726 5379 ὰνὰ
3773 5331 3923 5401 μέρος
3970 5329 4170 5400 ἠγεῖτο,

3046 5065 3119 5128 τῷ
3183 5061 3273 5130 μεν
3333 5054 3622 5129 ἕνιδρυθιὶς
3677 5078 3850 5134 μικρῳ
3901 5063 4172 5132 πρότερον,

2564 5425 2636 5476 πῆ
2688 5418 2778 5489 μεν
2837 5419 2902 5476 ὡς
2947 5416 3122 5492 ῥήτωρ
3175 5420 3474 5492 περίπνους,
3526 5424 3596 5476 πῆ
3656 5412 3780 5479 δ’ὡς
3840 5425 4172 5490 πνευματικῷ

2567 5504 2672 5579 βίῳ
2745 5505 3063 5582 προλάμπων
3117 5506 3434 5579 (πνεύματος
3471 5507 3570 5582 γὰρ
3627 5505 3804 5578 νεφέλη
3863 5505 4167 5579 σύμϐολον).

2566 5594 2706 5648 Ἀλλ’
2754 5597 2838 5649 ὅτε
2899 5595 3188 5671 ῥητορικῶς
3219 5599 3326 5663 ’(τὸ
3384 5602 3478 5666 τοῦ
3543 5594 3722 5668 λόγου)
3792 5591 3866 5658 δι’
3940 5596 4171 5669 ἅρματος

2565 5688 2856 5778 ἤστραπτε,
2901 5690 2994 5772 καί
3034 5673 3409 5761 πνευματικῶς
3453 5675 3855 5760 προσεπιλαμπε
3877 5701 3891 5718 °
3944 5689 4033 5752 mi
4085 5687 4171 5772 ότι
