4480 6430
319 428 431 487 345

1381 417 1702 484 ΙΟΝΟΒῙΑ
1736 419 1811 482 IN
1843 418 2286 484 EUSTATHIUM
2312 423 2653 487 'THESSAL.

3582 438 3686 495 346

322 548 619 625 διηύγαξεν
660 547 1067 626 ἀρχιερατικῶς,
1123 550 1214 608 καὶ
1250 546 1542 625 ῥητορικῶς
1595 542 1926 621 διεπύρσενε,
1955 548 2006 609 Α
2040 552 2091 606 oi

1920 584 1926 607 μ
1955 548 2006 609 Α
2040 546 2254 607 oﬂ’erre
2282 551 2491 623 possit.
2524 551 2634 619 Qui
2661 551 2766 611 ubi
2795 566 3007 627 regum
3034 555 3320 629 praeclare
3356 556 3541 630 facta,
3583 563 3689 620 aut

321 646 425 698 καὶ
492 648 590 697 τῶν
668 640 786 698 κατ’
864 642 1132 716 ἀμφότερα
1206 638 1545 712 πλανώμένων
1625 637 1929 710 ἡγεμόνευεν

322 728 706 805 ἀμφοτέρωθεν·
764 728 852 792 Ὠς
888 731 991 805 γὰρ
1037 731 1140 806 πρὸ
1198 734 1294 786 τοῦ
1350 725 1741 800 ἐπαγγέλματος
1788 725 1930 799 ἀπῃ-

321 825 466 873 τεῖτο
517 821 610 880 τήν
663 821 1066 893 πομπικωτίραν
1114 824 1215 872 τῶν
1275 815 1438 889 λόγων
1486 810 1757 885 έπίδειειν,
1819 820 1933 879 πῶς

319 906 388 962 ἄν
443 907 660 981 εἴποιμι,
739 908 882 969 ὅσοις
945 911 1036 962 καὶ
1092 906 1220 967 οἵοις
1272 905 1546 980 ἐχειροῦτο
1599 907 1660 960 τὸ
1720 905 1930 977 θέατρον

320 997 569 1065 πάθεσιν,
612 994 909 1057 έκπλήττων
954 995 1067 1069 οἶμα
1110 999 1201 1053 και
1249 994 1436 1067 θέλγῶν
1491 996 1582 1050 καὶ
1632 994 1932 1067 συμπείθων

320 1091 438 1147 τοῖς
476 1085 596 1138 καθ’
626 1084 827 1153 ἑαυτὸν,
869 1090 941 1147 ὡς
968 1080 1093 1139 οὐδε
1133 1085 1200 1137 τά
1244 1091 1345 1137 τῶν
1372 1082 1609 1137 παλαιῶύ
1652 1082 1757 1156 ἄρα
1800 1082 1933 1135 θαύ-

320 1192 473 1247 ματα
534 1173 779 1241 καθάπαξ
840 1176 1132 1249 μεμύθευτο
1185 1190 1200 1244 ;
1255 1169 1410 1229 Δειδε
1470 1175 1563 1245 μεν
1634 1168 1737 1245 γὰρ
1810 1168 1936 1225 κλέα

324 1260 593 1338 βασιλέων
678 1262 1069 1337 μεγαλουργῶν,
1135 1267 1226 1318 καὶ
1313 1260 1605 1338 ὑψιθρόνων
1678 1261 1934 1335 πατριάρ-

322 1358 463 1423 χῶν·
528 1352 597 1405 τὰ
641 1347 693 1404 δ’
746 1351 982 1430 έπίρῥεον
1034 1354 1180 1407 ἔθνεα
1229 1360 1491 1426 σοφιστῶν
1545 1355 1635 1404 καὶ
1676 1355 1933 1404 παντοίων

324 1438 513 1514 ἑτέρων
606 1438 898 1513 ἀκροατῶν,
983 1445 1054 1505 ὡς
1149 1443 1251 1494 ὑπὸ
1331 1442 1637 1516 κρουμάτων
1707 1439 1932 1513 Ὀρφέως

324 1526 596 1600 έλκόμενα.
646 1528 947 1592 Ἐξέπληττε
1004 1526 1057 1582 δ’
1128 1536 1196 1583 αὖ
1254 1530 1564 1604 ἀστράπτων
1611 1532 1701 1581 καὶ
1770 1526 1932 1602 βρον-

316 1624 425 1668 τῶν
455 1618 582 1691 ὑπερ
645 1621 734 1670 τὸν
792 1618 1133 1690 ξυγκυκῶντα
1172 1622 1297 1672 ποτε
1348 1622 1443 1677 τήν
1488 1614 1714 1673 Ἐλλάδα
1758 1614 1935 1690 δημη-

313 1709 479 1780 γορίᾳ
552 1706 829 1779 Περικλῆν,
913 1708 985 1768 οἷς
1080 1710 1389 1782 ὑπερεφώνει
1488 1710 1575 1765 τήν
1657 1708 1933 1781 ύπερτονον

315 1796 684 1867 Δημοσθένους
718 1800 839 1867 ἠχὼ
894 1801 985 1849 καὶ
1036 1800 1122 1849 τὸν
1174 1795 1442 1870 ύψήγορον
1470 1795 1645 1870 ῥοῖζον
1694 1795 1934 1869 Πολέμω-

2036 636 2359 699 illustrium
2377 640 2858 714 patriarcharum
2879 644 3133 716 gloriam
3154 646 3521 718 celebrabat,
3554 664 3686 707 om-

2036 727 2131 783 nis
2152 728 2385 798 generis
2403 730 2657 788 studiosi
2676 732 2854 805 quasi
2876 733 3133 806 Orphica
3147 734 3280 808 lyra
3302 735 3496 794 allecti
3516 737 3688 795 undi—

2036 830 2155 889 que
2182 816 2568 876 conﬂuebant
2590 820 2670 877 ad
2698 836 2859 889 eum,
2888 822 3061 895 cujus
3080 823 3142 880 in
3171 823 3346 881 labiis
3367 826 3595 883 tonitru
3618 841 3690 886 ac

2038 901 2266 961 fulmen
2285 905 2425 978 plus
2450 922 2636 980 quam
2659 909 2721 965 in
2748 909 2940 982 ipsius
2962 909 3203 968 Periclis
3224 912 3548 983 residebat,
3584 914 3690 988 qui

2040 993 2457 1052 Demosthenis
2469 997 2593 1056 vim
2614 1002 2671 1056 et
2689 998 3028 1057 Polemonis
3051 1001 3495 1060 vehementiam
3517 1018 3691 1077 asque

2041 1082 2395 1155 superabat;
2434 1086 2539 1160 qui
2566 1087 2830 1161 antiquis
2859 1088 3188 1146 novitatem
3217 1089 3364 1147 dare
3393 1090 3689 1160 callebat;

2040 1171 2145 1245 qui
2167 1187 2547 1247 quascunque
2566 1174 2808 1232 dicebat
2838 1176 3026 1233 decus
3071 1178 3490 1236 conservando
3532 1195 3691 1238 novo

2040 1259 2244 1334 aliquo
2268 1262 2453 1320 modo
2481 1279 2553 1320 ac
2578 1263 2775 1322 colore
2806 1264 3161 1324 efformabat
3185 1266 3266 1323 ob
3279 1267 3503 1339 ingenii
3516 1270 3693 1341 parti-

2041 1348 2260 1406 cularis
2283 1350 2742 1417 abundantiam,
2757 1370 2930 1429 asque
2946 1354 3177 1412 alienus
3192 1355 3272 1412 ab
3292 1357 3693 1416 ostentatione

2041 1452 2112 1494 ac
2135 1439 2370 1506 duritie,
2392 1440 2548 1497 vitiis
2571 1458 2709 1515 quin
2738 1443 3066 1515 peculiaria
3095 1448 3234 1502 sunt
3258 1444 3331 1500 iis
3352 1445 3460 1518 qui
3481 1462 3691 1504 veram

2041 1528 2327 1584 orationis
2364 1529 2790 1588 sublimitatem
2824 1533 3114 1603 attingere
3143 1548 3268 1590 non
3305 1533 3573 1591 valentes
3612 1535 3694 1593 ad

2042 1616 2343 1689 ampullas
2363 1618 2756 1689 descendunt,
2782 1625 2838 1678 et
2856 1620 3069 1678 laxatis
3092 1621 3371 1693 habenis,
3403 1623 3692 1680 omnibus

2042 1704 2356 1773 fastidiosi,
2387 1708 2663 1764 curribus
2700 1709 2815 1765 illis
2843 1710 3129 1767 inanibus
3172 1712 3339 1784 apud
3366 1714 3692 1770 Homerum

2043 1794 2265 1851 similes
2276 1800 2510 1853 tantum
2523 1798 2834 1872 crepitant.
2852 1802 2921 1856 Ut
2934 1799 3093 1856 enim
3108 1801 3403 1857 sermonis
3415 1805 3696 1858 venusta-

312 1901 420 1948 νος,
474 1882 564 1935 καὶ
601 1884 680 1945 οἷς
718 1880 875 1937 οὐδέν
920 1904 972 1937 τι
1033 1892 1131 1937 τῶν
1187 1886 1368 1938 κοινῶν
1434 1888 1675 1957 ἠνείχετο
1735 1888 1807 1958 μὴ
1875 1888 1934 1937 οὺ
1965 1898 2006 1954 Β
2043 1887 2081 1939 tt

1923 1894 1934 1936 ι
1965 1898 2006 1954 Β
2043 1887 2162 1940 tem
2185 1888 2456 1943 amentet
2476 1886 2683 1955 magni
2706 1887 2949 1957 faciant,
2969 1888 3330 1962 peculiarem
3347 1893 3547 1947 tamen
3561 1890 3692 1961 ejus

311 1980 510 2035 καινῶς
566 1973 780 2049 φραζειν
826 1976 884 2026 εκ
926 1981 1022 2036 τῆς
1067 1981 1162 2027 τοῦ
1215 1974 1427 2050 φράζειν
1472 1973 1667 2036 πολλῆς
1721 1993 1937 2049 περιου-

318 2065 443 2124 σίας
498 2066 589 2115 καὶ⁵
652 2070 1033 2139 καινοπρεποῦς
1089 2066 1335 2137 ἀφθονὶας
1394 2068 1486 2117 καὶ
1547 2068 1934 2136 περιττότητος,

324 2154 425 2205 οὐκ
486 2150 744 2207 ἀλλόκοτα
817 2156 1222 2228 όνοματοθετῶν,
1310 2154 1341 2214 ἣ
1426 2153 1722 2230 μεταφέρων
1778 2155 1938 2208 άνασε

326 2260 581 2317 συρμενα,
639 2242 672 2301 ἣ
729 2243 1079 2317 παφλάσμάσι
1136 2240 1475 2318 διθυράμϐων
1545 2243 1937 2318 έκτραχυνόμε-

322 2349 434 2397 νος,
489 2334 519 2391 ἦ
608 2337 1004 2409 παρακρήμνοις
1060 2331 1562 2408 έκτραχηλίζόμενος
1613 2330 1929 2407 δριμυτησι.

325 2419 512 2474 Ταῦτα
564 2423 667 2496 γὰρ
719 2430 819 2475 τῶν
858 2422 1147 2481 τηνικαῦτα
1200 2428 1550 2497 παρανομίαις
1600 2430 1692 2485 τῆς
1745 2426 1940 2496 τέχνης

330 2529 620 2583 χρωμένων
674 2510 1097 2586 πλημμελήματα
1152 2512 1203 2566 οἱ
1237 2520 1328 2566 τοῦ
1514 2512 1736 2576 ἀληθοῦς
1773 2514 1939 2586 ὕψους

325 2608 433 2652 τῶν
484 2599 648 2671 λόγων
696 2603 791 2653 οὐκ
848 2600 1219 2675 ἐφικνούμενοι,
1281 2606 1365 2656 επὶ
1416 2605 1503 2655 τόν
1551 2604 1796 2657 ὑπόκενον
1847 2608 1938 2657 καὶ

327 2685 723 2759 πομφολυγὼδη
814 2687 1240 2762 κενεμϐατοῦντες
1338 2694 1491 2761 ὄγκον
1600 2691 1938 2747 κατέπιπτον.

329 2776 447 2831 εἶτα
496 2781 587 2837 τὴν
635 2779 958 2851 ἡνιοχοῦσαν
1006 2779 1100 2832 οὐκ
1146 2778 1356 2852 ἔχοντες
1402 2778 1719 2851 ἐπιστήμην,
1769 2779 1939 2853 α’λογι-

332 2884 473 2927 στως
516 2868 726 2937 ᾖγοντό,
757 2887 813 2921 τε
854 2873 945 2920 καὶ
993 2867 1246 2942 ἐφέροντο,
1300 2869 1424 2921 κειν’
1471 2870 1604 2940 ὄχεα
1632 2869 1745 2922 καθ’
1772 2868 1913 2943 Ὀμη

326 2974 421 3030 ρον
467 2960 779 3027 κροτέοντες.
833 2962 895 3011 Εἰ
947 2953 1006 3013 δ“ε
1061 2962 1150 3011 καὶ
1190 2957 1406 3020 κάλλους
1457 2955 1547 3011 τοῦ
1599 2964 1714 3034 περὶ
1757 2958 1944 3032 λόγους

326 3041 616 3116 έρασθεῖτν,
674 3052 767 3097 τοῦ
830 3048 922 3119 μὶν
980 3046 1140 3114 ὄντος,
1207 3050 1272 3109 ὡς
1328 3048 1353 3100 ό
1410 3047 1574 3112 Ἰξίῶν
1631 3056 1723 3110 τῆς
1778 3047 1944 3124 Ἥρας

326 3137 423 3185 καὶ
505 3141 597 3193 τῆς
679 3134 983 3198 Πηνελόπης
1046 3138 1095 3189 οἱ
1160 3144 1468 3211 φνηστῆρες,
1537 3137 1940 3211 άπεσφάλλοντο·

2046 1985 2315 2029 amorem
2332 1988 2455 2028 non
2478 1974 2673 2044 magis
2693 1991 2880 2049 quam
2902 1976 3069 2033 Ixion
3089 1978 3389 2034 Iunonem
3415 1982 3520 2033 aut
3541 1979 3696 2035 Pene

2042 2059 2245 2133 lopem
2274 2062 2439 2134 proci
2470 2064 2771 2133 attingunt
2801 2080 2949 2133 ;nec
2981 2064 3186 2123 vident
3212 2081 3273 2122 se
3304 2081 3341 2123 a
3371 2066 3696 2124 simulacro

2046 2148 2250 2224 aliquo
2278 2149 2375 2208 vel
2419 2150 2699 2209 lenocinii
2743 2152 2975 2209 artibus
3024 2153 3309 2227 deceptos
3338 2170 3487 2212 esse.
3513 2158 3697 2215 Fuere

2045 2239 2225 2296 etiam
2253 2240 2359 2313 qui
2378 2240 2642 2298 tironum
2662 2257 2830 2301 more
2849 2243 3145 2301 inusitatis
3165 2243 3363 2301 verbis
3401 2260 3472 2302 ac
3506 2246 3696 2318 tropis

2046 2331 2372 2397 uterentur,
2400 2344 2510 2386 nec
2531 2334 2732 2387 tamen
2760 2331 2929 2405 quod
2953 2332 3267 2389 tentabant
3290 2348 3401 2389 nec
3435 2333 3498 2389 in
3528 2333 3699 2405 poesi

2047 2430 2159 2472 nec
2204 2431 2386 2491 prosa
2420 2418 2690 2476 oratione
2729 2418 2807 2475 ab
2846 2419 2916 2477 iis
2964 2424 3237 2490 tractata,
3283 2420 3387 2477 ubi
3424 2436 3699 2495 pannum

2046 2507 2265 2565 vilibus
2310 2508 2663 2581 corporibus
2711 2524 3085 2584 purpureum
3130 2510 3477 2577 assuebant,
3512 2526 3617 2567 nec
3637 2512 3701 2567 in

2046 2597 2343 2655 rhetorica
2378 2598 2784 2656 obtinuerunt.
2838 2602 2903 2656 In
2930 2600 3043 2656 hac
3087 2600 3248 2656 enim
3292 2599 3553 2673 propria
3596 2600 3699 2656 vili

2048 2688 2255 2745 formae
2303 2694 2535 2746 vestem
2589 2704 2713 2745 non
2760 2689 3149 2746 vernaculam
3183 2690 3410 2746 circum
3428 2691 3701 2763 impone-

2052 2776 2204 2835 bant
2239 2777 2413 2848 (sicut
2461 2777 2794 2836 Alexander
2839 2778 3273 2852 paludamento
3317 2779 3701 2836 Macedonico

2050 2871 2279 2923 vestem
2317 2867 2614 2923 Persicam
2659 2868 3201 2941 superimposuisse
3238 2868 3465 2939 fertur),
3508 2868 3701 2925 donec

2051 2956 2395 3013 Eustathius
2428 2956 2653 3012 fortiter
2684 2956 2917 3013 orando
2965 2957 3106 3013 artis
3143 2958 3419 3014 oratoriae
3450 2958 3701 3030 sospita-

2052 3050 2143 3103 tor
2185 3047 2422 3115 exstitit,
2462 3062 2598 3120 quaa
2648 3049 2775 3102 tum
2824 3046 3090 3102 maxime
3128 3046 3190 3103 in
3231 3062 3301 3103 eo
3349 3051 3493 3114 erat,
3530 3051 3595 3103 ut
3629 3062 3703 3102 ex

2052 3134 2269 3191 artium
2296 3135 2480 3191 choro
2508 3134 2823 3204 deleretur,
2854 3149 2991 3208 quae
3021 3135 3336 3210 hucusque
3360 3136 3502 3191 artis
3533 3135 3702 3208 prin-

328 3216 544 3274 εἴδωλον
611 3217 671 3275 δέ
725 3242 778 3275 τι
846 3223 1123 3298 ἀνεμώλιον
1186 3226 1217 3284 ἣ
1289 3222 1678 3298 θεραπαινίδιον
1721 3234 1939 3301 πορνικῇ
1975 3250 2016 3308 C
2053 3223 2097 3280 ci

1932 3234 1939 3285 ἱ
1975 3250 2016 3308 C
2053 3223 2209 3297 cipia
2233 3222 2509 3281 docendo
2530 3227 2589 3280 et
2606 3224 2684 3280 ad
2705 3224 3138 3297 exemplarium
3157 3226 3545 3299 antiquorum
3566 3224 3701 3280 imi-

327 3319 638 3383 κομμωτικῇ
743 3308 1181 3387 διεσκευασμένον
1279 3322 1553 3389 πειρῶντες
1675 3315 1942 3369 ελάνθανον

328 3399 565 3461 ἱαυτοῦς.
614 3400 815 3477 Ὠσπερ
863 3407 975 3471 καὶ,
1050 3404 1132 3457 ὅτε
1188 3402 1491 3477 βουληθεῖεν
1557 3404 1943 3469 ἐξαλλάττοντες

332 3488 533 3543 ἁλλοῖοί
579 3510 713 3553 τινες
760 3495 1054 3566 φαίνεσθαι,
1104 3495 1197 3547 τοῦ
1243 3499 1333 3569 μεν
1380 3500 1680 3572 καινοτέρου
1723 3500 1940 3572 τρόπου,

330 3583 427 3631 καὶ
469 3582 591 3633 ὅσον
643 3583 673 3640 ἣ
722 3590 916 3656 σχῆμα
961 3580 1083 3656 γοῦν
1122 3584 1152 3643 ἣ
1205 3586 1367 3657 ὄνομα
1413 3584 1468 3638 έκ
1505 3594 1596 3639 τοῦ
1636 3587 1944 3659 καθωμιλη-

331 3671 489 3741 μένου
538 3669 613 3750 εἰς
663 3673 724 3723 τό
782 3670 1111 3748 ἀθικτότερον
1181 3677 1642 3749 μεθαρμόσασθαι,
1697 3672 1834 3738 εἶδες
1882 3676 1942 3729 ἂν

331 3762 457 3819 τοὺς
514 3756 713 3834 ἄνδρας
767 3758 883 3815 οὐδ’
941 3762 1094 3836 ἔγγὺς
1142 3766 1383 3832 ἣκοντας,
1433 3774 1526 3828 τῆς
1576 3775 1836 3829 ποητικῆς
1884 3763 1943 3822 δε

332 3853 491 3923 μόνον
545 3854 637 3908 τήν
692 3856 1020 3925 τραχυτέραν
1081 3858 1469 3928 συμφορούντας
1528 3856 1774 3928 άμαξαις,
1870 3866 1943 3911 τῶ

332 3935 703 4010 κπαλογάδην
799 3946 889 3994 καὶ
960 3942 1270 4016 πεξαιτέρῳ,
1339 3963 1430 3996 και
1503 3942 1608 3997 οἷον
1683 3944 1944 4019 ἐπίϐλημα

331 4027 607 4103 πορφύρας
690 4033 907 4104 φαύγοις
991 4031 1392 4107 έπιρῥίπτοντας
1465 4035 1674 4108 ῥάκεσί,
1751 4037 1943 4109 μᾶλλον

334 4112 397 4170 δὲ
460 4124 552 4177 τῆς
621 4115 810 4180 ἑθάδος
874 4125 963 4174 καὶ
1018 4119 1262 4184 Ἕλληνος
1338 4124 1643 4199 ῥητορικῆς,
1723 4125 1939 4199 ἔκφυλον

330 4225 454 4257 τινα
514 4212 703 4266 σκευὴν
746 4215 1301 4284 μεταμπισχόμενους,
1345 4211 1428 4265 ἐπὶ
1466 4221 1538 4284 τῷ
1593 4223 1732 4287 σφῶν
1772 4218 1940 4268 αὐτῶν

330 4296 430 4347 οὐκ
480 4297 797 4369 εὐσχήμονι,
853 4301 923 4361 ὡς
983 4304 1073 4352 καὶ
1129 4303 1219 4358 τὴν
1276 4306 1538 4376 Περσικήν
1589 4308 1795 4376 στοχὴν
1848 4312 1942 4367 τῆς

334 4382 704 4448 Μακεδονικῆς
755 4408 884 4461 φασι
943 4385 1369 4462 μετενδύσασθαι
1428 4395 1514 4444 τόν
1576 4391 1937 4468 Ἀγέξανδρον·

334 4478 432 4539 ἕως
478 4479 505 4529 ό
542 4477 697 4539 πολὺς
742 4484 838 4538 τὴν
883 4479 1119 4552 γλῶτταν
1166 4482 1459 4546 Εὐστάθιος
1511 4486 1817 4558 προστάτης
1854 4489 1942 4537 καὶ

338 4572 519 4643 σωτὴρ
582 4566 798 4641 ἀνεφάνη
865 4578 957 4631 τῆς
1031 4574 1255 4643 τέχνης,
1290 4569 1722 4643 κινδυνευούσης,

336 4661 469 4710 ποτέ
498 4660 803 4731 τηνικαῦτα,
836 4663 973 4713 κατά
1036 4665 1131 4721 τὴν
1182 4660 1513 4722 Πλατωνικὴν
1573 4660 1823 4723 διαϐολήν
1850 4673 1939 4718 τοῦ

335 4756 510 4821 χοροῦ
536 4758 636 4802 τῶν
674 4758 872 4823 τεχνῶν
904 4747 1314 4825 διαγράφεσθαι,
1367 4758 1457 4805 καὶ
1494 4750 1636 4825 μηδε
1673 4754 1941 4807 πολιτικοῦ

335 4860 476 4902 τινος
529 4840 804 4895 καλεῖσθαι
863 4847 1051 4919 μορίου
1107 4838 1343 4899 εἴδωλον.
1402 4842 1478 4896 Οὔ
1531 4843 1634 4918 γὰρ
1691 4850 1941 4921 πρότερον

336 4930 525 4990 ἀνῆκεν
581 4930 901 5007 ἐπιστρέφων
955 4938 1046 4986 καὶ
1102 4932 1535 5009 μεταῤῥυθμίξων
1607 4936 1780 5006 (τοῦτο
1847 4939 1939 5010 μὶν

334 5020 417 5086 οἷς
458 5024 781 5097 εθεμίστευεν
832 5025 935 5076 ἀπὸ
968 5030 1223 5095 τεχνικῶν
1267 5022 1477 5088 ἀξόνων·
1544 5033 1696 5079 τοῦτο
1742 5024 1821 5093 δὲ,
1864 5024 1943 5091 οἷς

330 5113 749 5187 έπεστημονικῶς
823 5113 1106 5178 ἐξεπονεῖτο
1197 5116 1329 5189 πρὸς
1400 5118 1466 5168 τά
1548 5124 1645 5177 τῆς
1727 5117 1915 5190 τέχνης
1989 5118 2306 5197 ἀρχέτυπα),
2376 5115 2471 5177 ἓως
2533 5121 2653 5176 τοῦς
2711 5114 2873 5175 οὕτως

1800 4576 1939 4648 εἰπερ
1971 4608 2016 4661 D

2052 3316 2341 3371 tationem
2381 3314 2757 3371 exhortando
2802 3331 2905 3371 eos
2941 3316 3048 3388 qui
3097 3315 3421 3372 rhetorices
3463 3315 3702 3386 regulas

2050 3404 2463 3478 imprudenter
2482 3404 2882 3475 neglexerant,
2904 3405 2982 3463 ad
3002 3421 3232 3461 novum
3250 3405 3418 3462 brevi
3437 3409 3704 3477 tempore

2053 3494 2280 3551 cultum
2318 3494 2553 3550 reduxit
2595 3495 2725 3565 ejus
2768 3495 2909 3550 artis
2946 3511 3071 3567 qua
3109 3495 3445 3566 majoribus
3484 3494 3704 3551 nostris

2051 3584 2193 3642 nihil
2231 3585 2535 3657 antiquius
2573 3588 2717 3642 erat.
2764 3584 3070 3657 Ejusmodi
3109 3585 3289 3655 igitur
3328 3584 3609 3658 discipuli
3655 3583 3705 3639 si

2052 3675 2328 3748 proprias
2393 3674 2862 3731 declamationes
2912 3691 3051 3730 cum
3119 3675 3407 3731 Eustathii
3466 3674 3706 3747 scriptis

2052 3768 2494 3837 compararent,
2526 3779 2648 3820 non
2678 3762 2880 3819 videre
2904 3764 3239 3837 nequibant
3265 3764 3571 3835 ingentem
3612 3763 3706 3819 di-

2053 3856 2336 3910 stantiam
2357 3853 2554 3926 qualis
2578 3857 2667 3909 est
2698 3868 2873 3926 aquae
2905 3855 3242 3925 stagnantis
3273 3869 3311 3909 a
3333 3853 3573 3909 l’actolo
3601 3854 3706 3926 qui

2046 3943 2319 4014 jucundo
2344 3958 2483 3998 cum
2513 3944 2762 4015 strepitu
2799 3958 2830 3998 e
2861 3958 3100 3999 summo
3134 3943 3357 3998 Libano
3388 3942 3705 4009 delabitur,

2051 4039 2116 4090 ut
2141 4050 2278 4089 cum
2308 4032 2625 4091 Salomone
2649 4032 2972 4105 loquamur
3003 4035 3015 4067 ¹
3056 4051 3069 4101 ;
3104 4032 3186 4088 ita
3234 4031 3581 4105 quicunque
3611 4031 3704 4087 elo

2049 4123 2360 4197 quentiam
2417 4123 2678 4179 auctoris
2730 4122 2916 4179 nostri
2978 4121 3368 4195 sophisticam
3432 4126 3703 4190 censent,

2051 4214 2241 4287 iniqui
2270 4212 2663 4269 aestimatores
2697 4212 2845 4267 mihi
2874 4212 3121 4285 quidem
3154 4216 3344 4268 erunt.
3379 4215 3508 4268 Non
3538 4212 3701 4269 enim

2052 4304 2205 4359 sicut
2224 4301 2571 4360 Macedones
2591 4302 2652 4357 in
2671 4302 2894 4374 Pyrrho
2911 4301 3150 4374 Epirota
3167 4301 3573 4357 Alexandrum
3592 4300 3706 4357 sibi

2051 4394 2353 4452 redditum
2397 4393 2722 4449 credebant
2762 4397 3007 4466 propter
3054 4392 3412 4449 celeritatem
3470 4393 3527 4447 in
3580 4408 3700 4464 pu-

2055 4484 2301 4555 gnando
2340 4488 2397 4539 et
2423 4484 2812 4539 stremitatem
2842 4498 3123 4550 morum;
3158 4482 3241 4538 sic
3272 4482 3350 4537 ab
3399 4482 3705 4539 Eustathio

2052 4573 2256 4646 imago
2284 4572 2531 4629 illustris
2573 4572 2827 4643 alicujus
2872 4572 3123 4628 oratoris
3174 4572 3254 4628 ob
3280 4571 3488 4629 oculos
3520 4587 3707 4645 pone-

2051 4664 2229 4721 batur
2254 4662 2627 4720 audientium
2656 4684 2669 4729 ;
2696 4664 2819 4719 imo
2847 4678 2968 4719 una
2994 4662 3283 4719 Eustathii
3304 4662 3505 4734 ﬁgura
3534 4662 3709 4735 quid-

2053 4755 2198 4829 quid
2224 4752 2753 4827 praeclarissimum
2772 4756 2858 4808 est
2882 4768 2953 4808 ac
2974 4757 3188 4826 typum
3216 4752 3547 4808 venustatis
3578 4767 3711 4809 ora-

2053 4847 2218 4903 torius
2265 4844 2640 4919 praeferebat,
2696 4848 2761 4899 ut
2816 4841 3027 4899 artifex
3069 4841 3287 4915 aliquis
3340 4858 3377 4899 a
3431 4840 3709 4915 pluribus

2052 4936 2293 4994 feminis
2323 4934 2491 5009 quod
2514 4950 2771 5008 quaeque
2800 4932 3001 4989 eximii
3050 4931 3363 4999 offerebat,
3403 4931 3706 4988 sumendo

2051 5027 2346 5100 picturam
2394 5023 2649 5082 confecit
2690 5024 2974 5081 omnibus
3020 5023 3289 5080 numeris
3339 5023 3709 5081 absolutam.

2960 5112 3168 5175 ἀτόπως
3238 5112 3669 5186 ἱκτετοπίσμένου
3680 5135 3701 5177 ς

332 5205 617 5278 σνμφύλων
678 5208 845 5278 νόμων
909 5206 1196 5281 ῥητορικῆς
1270 5206 1540 5278 ἐπανάγων
1613 5210 1749 5260 κατά
1812 5208 2022 5284 βραχὺ,
2088 5212 2218 5286 πρὸς
2282 5209 2347 5260 τά
2406 5213 2503 5268 τῆς
2575 5208 2769 5277 τέχνης
2836 5203 3095 5281 τελευτῶνΔ
3146 5208 3415 5276 κατήγαγε
3478 5205 3705 5280 πάτρια.

327 5294 459 5349 ’Λτε
512 5299 603 5347 καὶ
652 5291 791 5348 οὗτοι
836 5302 1099 5357 ποιοῦντες
1158 5302 1213 5348 εῦ
1274 5294 1692 5368 ἐνεκαλύπτοντό,
1750 5304 1985 5373 παρόσον
2040 5302 2107 5353 τὰ
2164 5300 2253 5371 μὲν
2309 5294 2423 5347 κατ’
2478 5294 2665 5356 αὐτοὺς
2720 5292 2775 5345 ἐκ
2814 5294 3153 5369 παραθέσεως
3221 5290 3587 5355 ἐξουδενοῦντο
3646 5296 3713 5355 ὡς

326 5382 477 5458 ὕδωρ
508 5384 619 5445 εἰκῆ
654 5380 1106 5459 διαπορευόμενον,
1152 5387 1219 5438 τά
1249 5381 1301 5438 ό⁴⁹
1344 5386 1637 5440 Εὖσταθίου
1677 5389 2188 5465 ὑπερεθαυμάζοντο,
2240 5388 2310 5448 ὡς
2347 5383 2578 5458 ἀτεχνῶς
2609 5382 2818 5436 ἐοικότα
2862 5388 3091 5459 χρυσίου
3136 5391 3356 5455 ποταμῷ
3403 5383 3575 5458 ῥέοντι
3623 5388 3715 5436 καὶ

322 5475 598 5554 ῥοιζοῦντι
642 5471 793 5528 δ’-
824 5475 886 5528 οἶν
913 5478 1098 5529 εἴποιεν
1142 5507 1211 5517 -
1246 5474 1338 5529 ἀτό
1375 5484 1468 5531 τοῦ
1523 5476 1753 5531 Λιϐάνου
1800 5482 1937 5533 κατά
1965 5484 2024 5533 τό
2071 5478 2438 5551 Σολομὼντειον
2484 5469 2653 5548 ᾇσαα,
2710 5472 2826 5526 ὂσοι
2873 5476 2933 5525 τό
2982 5473 3187 5549 ῥεῖθρον
3232 5480 3331 5525 τῶν
3378 5479 3471 5525 τοῦ
3523 5469 3715 5546 ἀνδρὸς

328 5570 498 5641 λόγων
562 5567 632 5630 ὡς
711 5565 783 5629 εἰς
851 5571 1028 5643 πηγὴν
1093 5564 1379 5673 ἀρχέγονον
1458 5570 1545 5622 τὸν
1621 5566 1809 5643 έκεῑθεν
1890 5569 2256 5645 έπωνυμοῡντα
2342 5571 2431 5620 καὶ
2516 5566 2699 5643 ῥέοντα
2782 5566 3058 5638 σοφιστήν,
3146 5566 3512 5640 ήναφέρουσιν,
3618 5564 3713 5617 οὐκ

406 5715 633 5774 tCant.
661 5729 740 5786 ιν,
780 5714 872 5773 l5.
