  <div class='ocr_page' id='page_1' title='image "/cluster/home/n/w/nwhite01/storage/ocr_20150623/140/nnc1.0046979905/185.png"; bbox 0 0 4480 6430; ppageno 0'>
   <div class='ocr_carea' id='block_1_1' title="bbox 809 409 919 467">
    <p class='ocr_par' dir='ltr' id='par_1_1' title="bbox 809 409 919 467">
     <span class='ocr_line' id='line_1_1' title="bbox 809 409 919 467; baseline -0.036 1"><span class='ocrx_word' id='word_1_1' title='bbox 809 409 919 467; x_wconf 62' lang='grc'>317</span> 
     </span>
    </p>
   </div>
   <div class='ocr_carea' id='block_1_2' title="bbox 1665 397 3293 466">
    <p class='ocr_par' dir='ltr' id='par_1_2' title="bbox 1665 397 3293 466">
     <span class='ocr_line' id='line_1_2' title="bbox 1665 397 3293 466; baseline 0 -2"><span class='ocrx_word' id='word_1_2' title='bbox 1665 404 2035 465; x_wconf 78' lang='lat' dir='ltr'>MICHAELIB</span> <span class='ocrx_word' id='word_1_3' title='bbox 2070 400 2451 463; x_wconf 73' lang='lat' dir='ltr'>ACO&#39;IINATI</span> <span class='ocrx_word' id='word_1_4' title='bbox 2483 397 2928 463; x_wconf 62' lang='lat' dir='ltr'>ATHENARUII</span> <span class='ocrx_word' id='word_1_5' title='bbox 2964 397 3293 466; x_wconf 71' lang='lat' dir='ltr'><strong>ARCHIEP.</strong></span> 
     </span>
    </p>
   </div>
   <div class='ocr_carea' id='block_1_3' title="bbox 4046 405 4153 469">
    <p class='ocr_par' dir='ltr' id='par_1_3' title="bbox 4046 405 4153 469">
     <span class='ocr_line' id='line_1_3' title="bbox 4046 405 4153 469; baseline 0 0"><span class='ocrx_word' id='word_1_6' title='bbox 4046 405 4153 469; x_wconf 66' lang='lat'>348</span> 
     </span>
    </p>
   </div>
   <div class='ocr_carea' id='block_1_4' title="bbox 812 525 4157 610">
    <p class='ocr_par' dir='ltr' id='par_1_4' title="bbox 812 525 4157 610">
     <span class='ocr_line' id='line_1_4' title="bbox 812 525 4157 610; baseline 0.001 -26"><span class='ocrx_word' id='word_1_7' title='bbox 812 531 1038 608; x_wconf 73' lang='grc' dir='ltr'>ἀκριϐῶς</span> <span class='ocrx_word' id='word_1_8' title='bbox 1073 538 1221 606; x_wconf 75' lang='grc' dir='ltr'>οἴμαι</span> <span class='ocrx_word' id='word_1_9' title='bbox 1250 532 1668 608; x_wconf 80' lang='grc' dir='ltr'>φυλοκρινούντες</span> <span class='ocrx_word' id='word_1_10' title='bbox 1713 535 1801 585; x_wconf 80' lang='grc' dir='ltr'>τὸν</span> <span class='ocrx_word' id='word_1_11' title='bbox 1843 527 2015 604; x_wconf 79' lang='grc' dir='ltr'>ἄνδρα</span> <span class='ocrx_word' id='word_1_12' title='bbox 2041 534 2132 583; x_wconf 79' lang='grc' dir='ltr'>καὶ</span> <span class='ocrx_word' id='word_1_13' title='bbox 2170 525 2673 590; x_wconf 62' lang='grc' dir='ltr'>διακωδωνίσοντες.</span> <span class='ocrx_word' id='word_1_14' title='bbox 2728 533 2805 582; x_wconf 87' lang='grc' dir='ltr'>Ού</span> <span class='ocrx_word' id='word_1_15' title='bbox 2833 533 2958 605; x_wconf 79' lang='grc' dir='ltr'>γὰρ,</span> <span class='ocrx_word' id='word_1_16' title='bbox 3007 536 3182 605; x_wconf 82' lang='grc' dir='ltr'>ὥσπερ</span> <span class='ocrx_word' id='word_1_17' title='bbox 3233 534 3285 584; x_wconf 83' lang='grc' dir='ltr'>οἱ</span> <span class='ocrx_word' id='word_1_18' title='bbox 3334 529 3632 596; x_wconf 78' lang='grc' dir='ltr'>Μακεδόνες</span> <span class='ocrx_word' id='word_1_19' title='bbox 3674 537 3723 587; x_wconf 58' lang='grc' dir='ltr'>ἓν</span> <span class='ocrx_word' id='word_1_20' title='bbox 3764 541 3840 605; x_wconf 80' lang='grc' dir='ltr'>τῷ</span> <span class='ocrx_word' id='word_1_21' title='bbox 3867 534 4157 610; x_wconf 77' lang='grc' dir='ltr'>Ἠπειρώτῃ</span> 
     </span>
    </p>
   </div>
   <div class='ocr_carea' id='block_1_5' title="bbox 810 614 4163 698">
    <p class='ocr_par' dir='ltr' id='par_1_5' title="bbox 810 614 4163 698">
     <span class='ocr_line' id='line_1_5' title="bbox 810 614 4163 698; baseline 0.001 -23"><span class='ocrx_word' id='word_1_22' title='bbox 810 620 1001 697; x_wconf 81' lang='grc' dir='ltr'><strong><em>Πύρῥῳ</em></strong></span> <span class='ocrx_word' id='word_1_23' title='bbox 1028 626 1312 695; x_wconf 70' lang='grc' dir='ltr'>μαχομένῳ</span> <span class='ocrx_word' id='word_1_24' title='bbox 1364 621 1570 694; x_wconf 68' lang='grc' dir='ltr'>βλέπειν</span> <span class='ocrx_word' id='word_1_25' title='bbox 1616 622 1775 692; x_wconf 79' lang='grc' dir='ltr'>ᾤοντο</span> <span class='ocrx_word' id='word_1_26' title='bbox 1814 619 1934 691; x_wconf 73' lang='grc' dir='ltr'>ὄψιν</span> <span class='ocrx_word' id='word_1_27' title='bbox 1980 623 2071 671; x_wconf 84' lang='grc' dir='ltr'>καὶ</span> <span class='ocrx_word' id='word_1_28' title='bbox 2112 620 2282 689; x_wconf 84' lang='grc' dir='ltr'>τάχος</span> <span class='ocrx_word' id='word_1_29' title='bbox 2333 614 2675 691; x_wconf 80' lang='grc' dir='ltr'>Ἀλεξάνδρον</span> <span class='ocrx_word' id='word_1_30' title='bbox 2740 623 2830 671; x_wconf 79' lang='grc' dir='ltr'>καὶ</span> <span class='ocrx_word' id='word_1_31' title='bbox 2880 624 3077 692; x_wconf 78' lang='grc' dir='ltr'>κίνημα</span> <span class='ocrx_word' id='word_1_32' title='bbox 3123 626 3212 673; x_wconf 81' lang='grc' dir='ltr'>καὶ</span> <span class='ocrx_word' id='word_1_33' title='bbox 3258 630 3356 683; x_wconf 86' lang='grc' dir='ltr'>τῆς</span> <span class='ocrx_word' id='word_1_34' title='bbox 3411 625 3553 693; x_wconf 85' lang='grc' dir='ltr'>παρὰ</span> <span class='ocrx_word' id='word_1_35' title='bbox 3596 626 3720 685; x_wconf 86' lang='grc' dir='ltr'>τοὺς</span> <span class='ocrx_word' id='word_1_36' title='bbox 3763 626 3964 695; x_wconf 77' lang='grc' dir='ltr'>ἀγῶνας</span> <span class='ocrx_word' id='word_1_37' title='bbox 4006 644 4163 698; x_wconf 84' lang='grc' dir='ltr'>φορας</span> 
     </span>
    </p>
   </div>
   <div class='ocr_carea' id='block_1_6' title="bbox 809 705 4161 783">
    <p class='ocr_par' dir='ltr' id='par_1_6' title="bbox 809 705 4161 783">
     <span class='ocr_line' id='line_1_6' title="bbox 809 705 4161 783; baseline 0.001 -20"><span class='ocrx_word' id='word_1_38' title='bbox 809 709 1003 763; x_wconf 74' lang='grc' dir='ltr'>ἐκείνου</span> <span class='ocrx_word' id='word_1_39' title='bbox 1031 713 1186 773; x_wconf 79' lang='grc' dir='ltr'>σκιὰς</span> <span class='ocrx_word' id='word_1_40' title='bbox 1202 715 1293 763; x_wconf 81' lang='grc' dir='ltr'>καὶ</span> <span class='ocrx_word' id='word_1_41' title='bbox 1320 716 1621 783; x_wconf 75' lang='grc' dir='ltr'>μιμήματα,</span> <span class='ocrx_word' id='word_1_42' title='bbox 1662 713 1798 762; x_wconf 77' lang='grc' dir='ltr'>οὕτω</span> <span class='ocrx_word' id='word_1_43' title='bbox 1826 712 1917 760; x_wconf 83' lang='grc' dir='ltr'>καὶ</span> <span class='ocrx_word' id='word_1_44' title='bbox 1946 710 1997 761; x_wconf 70' lang='grc' dir='ltr'>ἃν</span> <span class='ocrx_word' id='word_1_45' title='bbox 2024 705 2097 779; x_wconf 78' lang='grc' dir='ltr'>τῷ</span> <span class='ocrx_word' id='word_1_46' title='bbox 2126 706 2403 776; x_wconf 84' lang='grc' dir='ltr'>Εύσταθίῳ</span> <span class='ocrx_word' id='word_1_47' title='bbox 2429 705 2839 778; x_wconf 83' lang='grc' dir='ltr'>λογογραφοῦντι</span> <span class='ocrx_word' id='word_1_48' title='bbox 2862 716 2961 760; x_wconf 85' lang='grc' dir='ltr'>τῶν</span> <span class='ocrx_word' id='word_1_49' title='bbox 2986 707 3070 761; x_wconf 66' lang='grc' dir='ltr'>ἐπὶ</span> <span class='ocrx_word' id='word_1_50' title='bbox 3095 709 3267 780; x_wconf 77' lang='grc' dir='ltr'>λόγοις</span> <span class='ocrx_word' id='word_1_51' title='bbox 3296 713 3684 783; x_wconf 76' lang='grc' dir='ltr'>ὀνομασθέντων</span> <span class='ocrx_word' id='word_1_52' title='bbox 3713 716 3819 773; x_wconf 87' lang='grc' dir='ltr'>ενὸς</span> <span class='ocrx_word' id='word_1_53' title='bbox 3857 715 4161 766; x_wconf 79' lang='grc' dir='ltr'>οὑτινοσοῦν</span> 
     </span>
    </p>
   </div>
   <div class='ocr_carea' id='block_1_7' title="bbox 808 792 4160 874">
    <p class='ocr_par' dir='ltr' id='par_1_7' title="bbox 808 792 4160 874">
     <span class='ocr_line' id='line_1_7' title="bbox 808 792 4160 874; baseline 0.001 -25"><span class='ocrx_word' id='word_1_54' title='bbox 808 806 1129 873; x_wconf 73' lang='grc' dir='ltr'>χαρακτῆρα</span> <span class='ocrx_word' id='word_1_55' title='bbox 1151 806 1262 860; x_wconf 82' lang='grc' dir='ltr'>τοῖς</span> <span class='ocrx_word' id='word_1_56' title='bbox 1297 798 1583 872; x_wconf 75' lang='grc' dir='ltr'>ἀκροαταῖς</span> <span class='ocrx_word' id='word_1_57' title='bbox 1610 797 1771 851; x_wconf 68' lang='grc' dir='ltr'>ἐποίει</span> <span class='ocrx_word' id='word_1_58' title='bbox 1800 796 2177 869; x_wconf 72' lang='grc' dir='ltr'>φαντάζεσθαι.</span> <span class='ocrx_word' id='word_1_59' title='bbox 2224 793 2356 846; x_wconf 75' lang='grc' dir='ltr'>ἀλλὰ</span> <span class='ocrx_word' id='word_1_60' title='bbox 2399 800 2526 866; x_wconf 88' lang='grc' dir='ltr'>μίαν</span> <span class='ocrx_word' id='word_1_61' title='bbox 2686 792 2832 847; x_wconf 69' lang='grc' dir='ltr'>ἰδέαν</span> <span class='ocrx_word' id='word_1_62' title='bbox 2856 796 3001 871; x_wconf 78' lang='grc' dir='ltr'>όρᾷν,</span> <span class='ocrx_word' id='word_1_63' title='bbox 3033 796 3272 850; x_wconf 81' lang='grc' dir='ltr'>ἁπάντων</span> <span class='ocrx_word' id='word_1_64' title='bbox 3320 795 3381 852; x_wconf 69' lang='grc' dir='ltr'><strong>δί</strong></span> <span class='ocrx_word' id='word_1_65' title='bbox 3426 818 3722 873; x_wconf 85' lang='grc' dir='ltr'>κρατιστων</span> <span class='ocrx_word' id='word_1_66' title='bbox 3768 800 4160 874; x_wconf 75' lang='grc' dir='ltr'>ἐκμεμαγμίνην</span> 
     </span>
    </p>
   </div>
   <div class='ocr_carea' id='block_1_8' title="bbox 807 881 3225 963">
    <p class='ocr_par' dir='ltr' id='par_1_8' title="bbox 807 881 3225 963">
     <span class='ocr_line' id='line_1_8' title="bbox 807 881 3225 963; baseline 0.002 -25"><span class='ocrx_word' id='word_1_67' title='bbox 807 888 877 939; x_wconf 73' lang='grc' dir='ltr'>τὰ</span> <span class='ocrx_word' id='word_1_68' title='bbox 960 890 1223 963; x_wconf 83' lang='grc' dir='ltr'>κράτιστα</span> <span class='ocrx_word' id='word_1_69' title='bbox 1312 892 1399 941; x_wconf 70' lang='grc' dir='ltr'>καὶ</span> <span class='ocrx_word' id='word_1_70' title='bbox 1490 884 1963 958; x_wconf 72' lang='grc' dir='ltr'>διαπεπονημένην</span> <span class='ocrx_word' id='word_1_71' title='bbox 2037 884 2106 945; x_wconf 75' lang='grc' dir='ltr'>εἰς</span> <span class='ocrx_word' id='word_1_72' title='bbox 2187 882 2238 936; x_wconf 61' lang='grc' dir='ltr'>ἓν</span> <span class='ocrx_word' id='word_1_73' title='bbox 2309 900 2361 936; x_wconf 79' lang='grc' dir='ltr'>τι</span> <span class='ocrx_word' id='word_1_74' title='bbox 2430 882 2584 953; x_wconf 77' lang='grc' dir='ltr'>λόγον</span> <span class='ocrx_word' id='word_1_75' title='bbox 2657 881 2844 944; x_wconf 62' lang='grc' dir='ltr'>καλλος</span> <span class='ocrx_word' id='word_1_76' title='bbox 2929 884 3225 957; x_wconf 76' lang='grc' dir='ltr'>ἀμήχανον-</span> 
     </span>
    </p>
   </div>
   <div class='ocr_carea' id='block_1_9' title="bbox 3315 890 4161 963">
    <p class='ocr_par' dir='ltr' id='par_1_9' title="bbox 3315 890 4161 963">
     <span class='ocr_line' id='line_1_9' title="bbox 3315 890 4161 963; baseline 0.005 -25"><span class='ocrx_word' id='word_1_77' title='bbox 3315 890 3384 949; x_wconf 83' lang='grc' dir='ltr'>ὡς</span> <span class='ocrx_word' id='word_1_78' title='bbox 3465 902 3556 939; x_wconf 80' lang='grc' dir='ltr'>και</span> <span class='ocrx_word' id='word_1_79' title='bbox 3640 907 3724 951; x_wconf 87' lang='grc' dir='ltr'>τις</span> <span class='ocrx_word' id='word_1_80' title='bbox 3805 897 3905 941; x_wconf 89' lang='grc' dir='ltr'>τῶν</span> <span class='ocrx_word' id='word_1_81' title='bbox 3991 897 4161 963; x_wconf 84' lang='grc' dir='ltr'>σοφῶν</span> 
     </span>
    </p>
   </div>
   <div class='ocr_carea' id='block_1_10' title="bbox 808 968 4160 1051">
    <p class='ocr_par' dir='ltr' id='par_1_10' title="bbox 808 968 4160 1051">
     <span class='ocr_line' id='line_1_10' title="bbox 808 968 4160 1051; baseline 0.001 -24"><span class='ocrx_word' id='word_1_82' title='bbox 808 978 955 1047; x_wconf 82' lang='grc' dir='ltr'>χειρὶ</span> <span class='ocrx_word' id='word_1_83' title='bbox 1027 984 1127 1029; x_wconf 88' lang='grc' dir='ltr'>τῶν</span> <span class='ocrx_word' id='word_1_84' title='bbox 1187 978 1306 1029; x_wconf 88' lang='grc' dir='ltr'>καθ’</span> <span class='ocrx_word' id='word_1_85' title='bbox 1369 977 1550 1030; x_wconf 75' lang='grc' dir='ltr'>ἐαυτὸν</span> <span class='ocrx_word' id='word_1_86' title='bbox 1613 976 1844 1049; x_wconf 78' lang='grc' dir='ltr'>ἀρίστων</span> <span class='ocrx_word' id='word_1_87' title='bbox 1905 981 2161 1046; x_wconf 78' lang='grc' dir='ltr'>γυναικῶν</span> <span class='ocrx_word' id='word_1_88' title='bbox 2227 972 2453 1033; x_wconf 75' lang='grc' dir='ltr'>ἑκάστης</span> <span class='ocrx_word' id='word_1_89' title='bbox 2528 968 2701 1042; x_wconf 56' lang='grc' dir='ltr'>μῦλοςι</span> <span class='ocrx_word' id='word_1_90' title='bbox 2775 973 2959 1025; x_wconf 78' lang='grc' dir='ltr'>καθότι</span> <span class='ocrx_word' id='word_1_91' title='bbox 3025 982 3125 1026; x_wconf 85' lang='grc' dir='ltr'>τῶν</span> <span class='ocrx_word' id='word_1_92' title='bbox 3187 974 3378 1028; x_wconf 83' lang='grc' dir='ltr'>λοιπῶν</span> <span class='ocrx_word' id='word_1_93' title='bbox 3444 984 3650 1050; x_wconf 78' lang='grc' dir='ltr'>περιῆν,</span> <span class='ocrx_word' id='word_1_94' title='bbox 3715 976 4160 1051; x_wconf 71' lang='grc' dir='ltr'>ἀπομιμούμενος,</span> 
     </span>
    </p>
   </div>
   <div class='ocr_carea' id='block_1_11' title="bbox 808 1064 1580 1139">
    <p class='ocr_par' dir='ltr' id='par_1_11' title="bbox 808 1064 1580 1139">
     <span class='ocr_line' id='line_1_11' title="bbox 808 1064 1580 1139; baseline 0.006 -24"><span class='ocrx_word' id='word_1_95' title='bbox 808 1064 982 1116; x_wconf 86' lang='grc' dir='ltr'>εἰκόνα</span> <span class='ocrx_word' id='word_1_96' title='bbox 1018 1064 1305 1123; x_wconf 76' lang='grc' dir='ltr'>καλλίστην</span> <span class='ocrx_word' id='word_1_97' title='bbox 1334 1065 1580 1139; x_wconf 71' lang='grc' dir='ltr'>ἔγραψεν.</span> 
     </span>
    </p>
   </div>
   <div class='ocr_carea' id='block_1_12' title="bbox 881 1183 2531 1261">
    <p class='ocr_par' dir='ltr' id='par_1_12' title="bbox 881 1183 2531 1261">
     <span class='ocr_line' id='line_1_12' title="bbox 881 1183 2531 1261; baseline -0.004 -16"><span class='ocrx_word' id='word_1_98' title='bbox 881 1186 1411 1253; x_wconf 79' lang='lat' dir='ltr'>Quemadmodum</span> <span class='ocrx_word' id='word_1_99' title='bbox 1465 1188 1645 1261; x_wconf 78' lang='lat' dir='ltr'>igitur</span> <span class='ocrx_word' id='word_1_100' title='bbox 1695 1189 1746 1244; x_wconf 90' lang='lat' dir='ltr'>is</span> <span class='ocrx_word' id='word_1_101' title='bbox 1774 1187 1879 1261; x_wconf 89' lang='lat' dir='ltr'>qui</span> <span class='ocrx_word' id='word_1_102' title='bbox 1907 1187 2153 1260; x_wconf 65' lang='lat' dir='ltr'><strong>picturae</strong></span> <span class='ocrx_word' id='word_1_103' title='bbox 2185 1183 2453 1259; x_wconf 89' lang='lat' dir='ltr'><strong>pulchri-</strong></span> <span class='ocrx_word' id='word_1_104' title='bbox 2482 1186 2531 1239; x_wconf 80' lang='grc' dir='ltr'><strong>Α</strong></span> 
     </span>
    </p>
   </div>
   <div class='ocr_carea' id='block_1_13' title="bbox 806 1274 2456 1351">
    <p class='ocr_par' dir='ltr' id='par_1_13' title="bbox 806 1274 2456 1351">
     <span class='ocr_line' id='line_1_13' title="bbox 806 1274 2456 1351; baseline -0.002 -21"><span class='ocrx_word' id='word_1_105' title='bbox 806 1274 1079 1333; x_wconf 86' lang='lat' dir='ltr'>tudinem</span> <span class='ocrx_word' id='word_1_106' title='bbox 1104 1276 1164 1332; x_wconf 93' lang='lat' dir='ltr'>iu</span> <span class='ocrx_word' id='word_1_107' title='bbox 1191 1292 1314 1334; x_wconf 90' lang='lat' dir='ltr'>una</span> <span class='ocrx_word' id='word_1_108' title='bbox 1342 1277 1471 1348; x_wconf 88' lang='lat' dir='ltr'><strong>ejus</strong></span> <span class='ocrx_word' id='word_1_109' title='bbox 1500 1281 1667 1350; x_wconf 87' lang='lat' dir='ltr'><strong>parte</strong></span> <span class='ocrx_word' id='word_1_110' title='bbox 1698 1278 1956 1351; x_wconf 84' lang='lat' dir='ltr'>positam</span> <span class='ocrx_word' id='word_1_111' title='bbox 1978 1276 2218 1339; x_wconf 83' lang='lat' dir='ltr'>diceret,</span> <span class='ocrx_word' id='word_1_112' title='bbox 2252 1286 2456 1345; x_wconf 87' lang='lat' dir='ltr'><strong>perpe-</strong></span> 
     </span>
    </p>
   </div>
   <div class='ocr_carea' id='block_1_14' title="bbox 806 1364 2455 1439">
    <p class='ocr_par' dir='ltr' id='par_1_14' title="bbox 806 1364 2455 1439">
     <span class='ocr_line' id='line_1_14' title="bbox 806 1364 2455 1439; baseline -0.001 -19"><span class='ocrx_word' id='word_1_113' title='bbox 806 1374 941 1421; x_wconf 81' lang='lat' dir='ltr'>ram</span> <span class='ocrx_word' id='word_1_114' title='bbox 964 1364 1263 1436; x_wconf 89' lang='lat' dir='ltr'><strong>judicaret</strong></span> <span class='ocrx_word' id='word_1_115' title='bbox 1286 1366 1347 1422; x_wconf 90' lang='lat' dir='ltr'>in</span> <span class='ocrx_word' id='word_1_116' title='bbox 1395 1366 1683 1439; x_wconf 92' lang='lat' dir='ltr'><strong>pingendi</strong></span> <span class='ocrx_word' id='word_1_117' title='bbox 1726 1371 1888 1436; x_wconf 90' lang='lat' dir='ltr'><strong>arte;</strong></span> <span class='ocrx_word' id='word_1_118' title='bbox 1937 1365 2019 1422; x_wconf 88' lang='lat' dir='ltr'>ita</span> <span class='ocrx_word' id='word_1_119' title='bbox 2056 1365 2171 1420; x_wconf 91' lang='lat' dir='ltr'>hoc</span> <span class='ocrx_word' id='word_1_120' title='bbox 2210 1374 2455 1437; x_wconf 76' lang='lat' dir='ltr'><strong>quoque</strong></span> 
     </span>
    </p>
   </div>
   <div class='ocr_carea' id='block_1_15' title="bbox 804 1450 2453 1525">
    <p class='ocr_par' dir='ltr' id='par_1_15' title="bbox 804 1450 2453 1525">
     <span class='ocr_line' id='line_1_15' title="bbox 804 1450 2453 1525; baseline -0.001 -17"><span class='ocrx_word' id='word_1_121' title='bbox 804 1450 941 1509; x_wconf 85' lang='lat' dir='ltr'><strong>loco</strong></span> <span class='ocrx_word' id='word_1_122' title='bbox 963 1453 1068 1525; x_wconf 85' lang='lat' dir='ltr'>qui</span> <span class='ocrx_word' id='word_1_123' title='bbox 1094 1456 1399 1524; x_wconf 89' lang='lat' dir='ltr'><strong>egregium</strong></span> <span class='ocrx_word' id='word_1_124' title='bbox 1428 1456 1728 1511; x_wconf 81' lang='lat' dir='ltr'><strong>oraturem</strong></span> <span class='ocrx_word' id='word_1_125' title='bbox 1759 1457 1940 1511; x_wconf 83' lang='lat' dir='ltr'><strong>unius</strong></span> <span class='ocrx_word' id='word_1_126' title='bbox 1962 1456 2195 1510; x_wconf 87' lang='lat' dir='ltr'><strong>tantum</strong></span> <span class='ocrx_word' id='word_1_127' title='bbox 2226 1452 2453 1507; x_wconf 75' lang='lat' dir='ltr'><strong>Virtutis</strong></span> 
     </span>
    </p>
   </div>
   <div class='ocr_carea' id='block_1_16' title="bbox 807 1540 2453 1616">
    <p class='ocr_par' dir='ltr' id='par_1_16' title="bbox 807 1540 2453 1616">
     <span class='ocr_line' id='line_1_16' title="bbox 807 1540 2453 1616; baseline -0.002 -19"><span class='ocrx_word' id='word_1_128' title='bbox 807 1540 999 1611; x_wconf 87' lang='lat' dir='ltr'><strong>gratia</strong></span> <span class='ocrx_word' id='word_1_129' title='bbox 1052 1554 1191 1597; x_wconf 88' lang='lat' dir='ltr'>eum</span> <span class='ocrx_word' id='word_1_130' title='bbox 1246 1543 1513 1599; x_wconf 84' lang='lat' dir='ltr'><strong>maximo</strong></span> <span class='ocrx_word' id='word_1_131' title='bbox 1564 1543 1767 1616; x_wconf 90' lang='lat' dir='ltr'><strong>aliquo</strong></span> <span class='ocrx_word' id='word_1_132' title='bbox 1828 1547 2094 1599; x_wconf 84' lang='lat' dir='ltr'><strong>veterum</strong></span> <span class='ocrx_word' id='word_1_133' title='bbox 2143 1546 2453 1597; x_wconf 91' lang='lat' dir='ltr'><strong>oratorum</strong></span> 
     </span>
    </p>
   </div>
   <div class='ocr_carea' id='block_1_17' title="bbox 802 1627 2453 1703">
    <p class='ocr_par' dir='ltr' id='par_1_17' title="bbox 802 1627 2453 1703">
     <span class='ocr_line' id='line_1_17' title="bbox 802 1627 2453 1703; baseline -0.001 -19"><span class='ocrx_word' id='word_1_134' title='bbox 802 1635 1122 1701; x_wconf 81' lang='lat' dir='ltr'>comparat</span> <span class='ocrx_word' id='word_1_135' title='bbox 1142 1630 1298 1687; x_wconf 91' lang='lat' dir='ltr'><strong>male</strong></span> <span class='ocrx_word' id='word_1_136' title='bbox 1318 1631 1653 1687; x_wconf 83' lang='lat' dir='ltr'><strong>admodum</strong></span> <span class='ocrx_word' id='word_1_137' title='bbox 1674 1631 1750 1687; x_wconf 90' lang='lat' dir='ltr'>de</span> <span class='ocrx_word' id='word_1_138' title='bbox 1769 1632 1902 1703; x_wconf 90' lang='lat' dir='ltr'><strong>ipso</strong></span> <span class='ocrx_word' id='word_1_139' title='bbox 1922 1632 2051 1686; x_wconf 89' lang='lat' dir='ltr'><strong>viro</strong></span> <span class='ocrx_word' id='word_1_140' title='bbox 2078 1627 2453 1701; x_wconf 86' lang='lat' dir='ltr'><strong>judicaverit,</strong></span> 
     </span>
    </p>
   </div>
   <div class='ocr_carea' id='block_1_18' title="bbox 803 1717 2456 1792">
    <p class='ocr_par' dir='ltr' id='par_1_18' title="bbox 803 1717 2456 1792">
     <span class='ocr_line' id='line_1_18' title="bbox 803 1717 2456 1792; baseline -0.001 -19"><span class='ocrx_word' id='word_1_141' title='bbox 803 1721 870 1773; x_wconf 86' lang='lat' dir='ltr'>ut</span> <span class='ocrx_word' id='word_1_142' title='bbox 888 1732 999 1774; x_wconf 91' lang='lat' dir='ltr'>nec</span> <span class='ocrx_word' id='word_1_143' title='bbox 1028 1718 1216 1774; x_wconf 89' lang='lat' dir='ltr'><strong>solem</strong></span> <span class='ocrx_word' id='word_1_144' title='bbox 1232 1719 1529 1789; x_wconf 90' lang='lat' dir='ltr'><strong>integrum</strong></span> <span class='ocrx_word' id='word_1_145' title='bbox 1548 1718 2014 1792; x_wconf 88' lang='lat' dir='ltr'><strong>contemplando</strong></span> <span class='ocrx_word' id='word_1_146' title='bbox 2033 1719 2175 1774; x_wconf 85' lang='lat' dir='ltr'><strong>satis</strong></span> <span class='ocrx_word' id='word_1_147' title='bbox 2196 1717 2456 1773; x_wconf 81' lang='lat' dir='ltr'><strong>admira-</strong></span> 
     </span>
    </p>
   </div>
   <div class='ocr_carea' id='block_1_19' title="bbox 801 1805 2457 1879">
    <p class='ocr_par' dir='ltr' id='par_1_19' title="bbox 801 1805 2457 1879">
     <span class='ocr_line' id='line_1_19' title="bbox 801 1805 2457 1879; baseline -0.002 -17"><span class='ocrx_word' id='word_1_148' title='bbox 801 1809 965 1862; x_wconf 84' lang='lat' dir='ltr'><strong>retur</strong></span> <span class='ocrx_word' id='word_1_149' title='bbox 997 1807 1103 1879; x_wconf 90' lang='lat' dir='ltr'>qui</span> <span class='ocrx_word' id='word_1_150' title='bbox 1131 1823 1269 1863; x_wconf 90' lang='lat' dir='ltr'>cum</span> <span class='ocrx_word' id='word_1_151' title='bbox 1290 1824 1362 1864; x_wconf 85' lang='lat' dir='ltr'>ex</span> <span class='ocrx_word' id='word_1_152' title='bbox 1397 1822 1519 1864; x_wconf 90' lang='lat' dir='ltr'>uno</span> <span class='ocrx_word' id='word_1_153' title='bbox 1553 1808 1726 1864; x_wconf 89' lang='lat' dir='ltr'><strong>radio</strong></span> <span class='ocrx_word' id='word_1_154' title='bbox 1766 1807 2219 1864; x_wconf 90' lang='lat' dir='ltr'><strong>mensuraverit.</strong></span> <span class='ocrx_word' id='word_1_155' title='bbox 2255 1805 2457 1862; x_wconf 81' lang='lat' dir='ltr'><strong>Melius</strong></span> 
     </span>
    </p>
   </div>
   <div class='ocr_carea' id='block_1_20' title="bbox 803 1892 2457 1968">
    <p class='ocr_par' dir='ltr' id='par_1_20' title="bbox 803 1892 2457 1968">
     <span class='ocr_line' id='line_1_20' title="bbox 803 1892 2457 1968; baseline -0.001 -18"><span class='ocrx_word' id='word_1_156' title='bbox 803 1898 1007 1951; x_wconf 86' lang='lat' dir='ltr'><strong>autem</strong></span> <span class='ocrx_word' id='word_1_157' title='bbox 1050 1894 1267 1968; x_wconf 87' lang='lat' dir='ltr'><strong>aliquis</strong></span> <span class='ocrx_word' id='word_1_158' title='bbox 1332 1894 1637 1953; x_wconf 84' lang='lat' dir='ltr'><strong>auctorem</strong></span> <span class='ocrx_word' id='word_1_159' title='bbox 1686 1902 1957 1953; x_wconf 91' lang='lat' dir='ltr'><strong>nostrum</strong></span> <span class='ocrx_word' id='word_1_160' title='bbox 2012 1895 2307 1967; x_wconf 88' lang='lat' dir='ltr'><strong>judicaret</strong></span> <span class='ocrx_word' id='word_1_161' title='bbox 2351 1892 2457 1967; x_wconf 91' lang='lat' dir='ltr'>qui</span> 
     </span>
    </p>
   </div>
   <div class='ocr_carea' id='block_1_21' title="bbox 800 1981 2454 2058">
    <p class='ocr_par' dir='ltr' id='par_1_21' title="bbox 800 1981 2454 2058">
     <span class='ocr_line' id='line_1_21' title="bbox 800 1981 2454 2058; baseline -0.001 -19"><span class='ocrx_word' id='word_1_162' title='bbox 800 1987 1046 2056; x_wconf 89' lang='lat' dir='ltr'><strong>poetam</strong></span> <span class='ocrx_word' id='word_1_163' title='bbox 1075 1981 1369 2041; x_wconf 89' lang='lat' dir='ltr'><strong>imitando</strong></span> <span class='ocrx_word' id='word_1_164' title='bbox 1393 1985 1497 2058; x_wconf 90' lang='lat' dir='ltr'>qui</span> <span class='ocrx_word' id='word_1_165' title='bbox 1542 1984 1985 2055; x_wconf 79' lang='lat' dir='ltr'><strong>Agamemnoni</strong></span> <span class='ocrx_word' id='word_1_166' title='bbox 2034 1983 2241 2040; x_wconf 90' lang='lat' dir='ltr'><strong>oculos</strong></span> <span class='ocrx_word' id='word_1_167' title='bbox 2269 1982 2454 2049; x_wconf 76' lang='lat' dir='ltr'><strong>lovis,</strong></span> 
     </span>
    </p>
   </div>
   <div class='ocr_carea' id='block_1_22' title="bbox 802 2071 2457 2147">
    <p class='ocr_par' dir='ltr' id='par_1_22' title="bbox 802 2071 2457 2147">
     <span class='ocr_line' id='line_1_22' title="bbox 802 2071 2457 2147; baseline -0.002 -18"><span class='ocrx_word' id='word_1_168' title='bbox 802 2071 997 2129; x_wconf 80' lang='lat' dir='ltr'><strong>Martis</strong></span> <span class='ocrx_word' id='word_1_169' title='bbox 1026 2077 1338 2139; x_wconf 90' lang='lat' dir='ltr'><strong>staturam,</strong></span> <span class='ocrx_word' id='word_1_170' title='bbox 1377 2078 1586 2147; x_wconf 89' lang='lat' dir='ltr'><strong>pectus</strong></span> <span class='ocrx_word' id='word_1_171' title='bbox 1614 2073 1869 2147; x_wconf 87' lang='lat' dir='ltr'><strong>Neptuni</strong></span> <span class='ocrx_word' id='word_1_172' title='bbox 1893 2072 2178 2139; x_wconf 88' lang='lat' dir='ltr'><strong>attribuit,</strong></span> <span class='ocrx_word' id='word_1_173' title='bbox 2211 2072 2336 2145; x_wconf 88' lang='lat' dir='ltr'><strong>qui,</strong></span> <span class='ocrx_word' id='word_1_174' title='bbox 2370 2072 2457 2127; x_wconf 88' lang='lat' dir='ltr'><strong>in-</strong></span> 
     </span>
    </p>
   </div>
   <div class='ocr_carea' id='block_1_23' title="bbox 801 2162 2453 2234">
    <p class='ocr_par' dir='ltr' id='par_1_23' title="bbox 801 2162 2453 2234">
     <span class='ocr_line' id='line_1_23' title="bbox 801 2162 2453 2234; baseline -0.001 -17"><span class='ocrx_word' id='word_1_175' title='bbox 801 2174 1007 2233; x_wconf 90' lang='lat' dir='ltr'><strong>quam,</strong></span> <span class='ocrx_word' id='word_1_176' title='bbox 1024 2177 1163 2218; x_wconf 91' lang='lat' dir='ltr'>eum</span> <span class='ocrx_word' id='word_1_177' title='bbox 1176 2174 1358 2234; x_wconf 91' lang='lat' dir='ltr'><strong>quem</strong></span> <span class='ocrx_word' id='word_1_178' title='bbox 1375 2177 1538 2219; x_wconf 92' lang='lat' dir='ltr'><strong>nunc</strong></span> <span class='ocrx_word' id='word_1_179' title='bbox 1549 2162 1889 2227; x_wconf 85' lang='lat' dir='ltr'><strong>laudamus,</strong></span> <span class='ocrx_word' id='word_1_180' title='bbox 1905 2162 2043 2218; x_wconf 87' lang='lat' dir='ltr'><strong>huic</strong></span> <span class='ocrx_word' id='word_1_181' title='bbox 2056 2164 2453 2233; x_wconf 86' lang='lat' dir='ltr'><strong>compararet,</strong></span> 
     </span>
    </p>
   </div>
   <div class='ocr_carea' id='block_1_24' title="bbox 802 2248 2456 2323">
    <p class='ocr_par' dir='ltr' id='par_1_24' title="bbox 802 2248 2456 2323">
     <span class='ocr_line' id='line_1_24' title="bbox 802 2248 2456 2323; baseline 0 -18"><span class='ocrx_word' id='word_1_182' title='bbox 802 2248 1022 2306; x_wconf 90' lang='lat' dir='ltr'><strong>deinde</strong></span> <span class='ocrx_word' id='word_1_183' title='bbox 1051 2250 1150 2307; x_wconf 83' lang='lat' dir='ltr'><strong>alii</strong></span> <span class='ocrx_word' id='word_1_184' title='bbox 1190 2251 1270 2307; x_wconf 91' lang='lat' dir='ltr'>ob</span> <span class='ocrx_word' id='word_1_185' title='bbox 1296 2251 1479 2308; x_wconf 88' lang='lat' dir='ltr'><strong>aliam</strong></span> <span class='ocrx_word' id='word_1_186' title='bbox 1516 2251 1960 2319; x_wconf 89' lang='lat' dir='ltr'><strong>virtutem,cum</strong></span> <span class='ocrx_word' id='word_1_187' title='bbox 1992 2252 2161 2307; x_wconf 89' lang='lat' dir='ltr'><strong>tertio</strong></span> <span class='ocrx_word' id='word_1_188' title='bbox 2192 2250 2456 2323; x_wconf 86' lang='lat' dir='ltr'><strong>denique</strong></span> 
     </span>
    </p>
   </div>
   <div class='ocr_carea' id='block_1_25' title="bbox 801 2338 2457 2411">
    <p class='ocr_par' dir='ltr' id='par_1_25' title="bbox 801 2338 2457 2411">
     <span class='ocr_line' id='line_1_25' title="bbox 801 2338 2457 2411; baseline 0 -16"><span class='ocrx_word' id='word_1_189' title='bbox 801 2338 884 2395; x_wconf 82' lang='lat' dir='ltr'>ob</span> <span class='ocrx_word' id='word_1_190' title='bbox 904 2338 1137 2396; x_wconf 89' lang='lat' dir='ltr'><strong>tertiam</strong></span> <span class='ocrx_word' id='word_1_191' title='bbox 1166 2339 1468 2403; x_wconf 81' lang='lat' dir='ltr'><strong>virtutem,</strong></span> <span class='ocrx_word' id='word_1_192' title='bbox 1497 2346 1554 2396; x_wconf 92' lang='lat' dir='ltr'>et</span> <span class='ocrx_word' id='word_1_193' title='bbox 1589 2340 1671 2396; x_wconf 91' lang='lat' dir='ltr'>ob</span> <span class='ocrx_word' id='word_1_194' title='bbox 1700 2356 1835 2396; x_wconf 88' lang='lat' dir='ltr'>eam</span> <span class='ocrx_word' id='word_1_195' title='bbox 1881 2355 2007 2396; x_wconf 90' lang='lat' dir='ltr'>rem</span> <span class='ocrx_word' id='word_1_196' title='bbox 2052 2340 2226 2411; x_wconf 89' lang='lat' dir='ltr'><strong>cujus</strong></span> <span class='ocrx_word' id='word_1_197' title='bbox 2270 2354 2457 2395; x_wconf 88' lang='lat' dir='ltr'><strong>causa</strong></span> 
     </span>
    </p>
   </div>
   <div class='ocr_carea' id='block_1_26' title="bbox 801 2426 2458 2501">
    <p class='ocr_par' dir='ltr' id='par_1_26' title="bbox 801 2426 2458 2501">
     <span class='ocr_line' id='line_1_26' title="bbox 801 2426 2458 2501; baseline 0 -18"><span class='ocrx_word' id='word_1_198' title='bbox 801 2426 1102 2500; x_wconf 80' lang='lat' dir='ltr'><strong>perfectus</strong></span> <span class='ocrx_word' id='word_1_199' title='bbox 1127 2442 1259 2484; x_wconf 89' lang='lat' dir='ltr'><strong>esse</strong></span> <span class='ocrx_word' id='word_1_200' title='bbox 1281 2428 1658 2495; x_wconf 80' lang='lat' dir='ltr'><strong>credebatur,</strong></span> <span class='ocrx_word' id='word_1_201' title='bbox 1689 2429 1768 2485; x_wconf 90' lang='lat' dir='ltr'>ad</span> <span class='ocrx_word' id='word_1_202' title='bbox 1798 2428 2078 2484; x_wconf 91' lang='lat' dir='ltr'><strong>ultimum</strong></span> <span class='ocrx_word' id='word_1_203' title='bbox 2111 2443 2249 2501; x_wconf 72' lang='lat' dir='ltr'><strong>quae</strong></span> <span class='ocrx_word' id='word_1_204' title='bbox 2280 2426 2458 2484; x_wconf 85' lang='lat' dir='ltr'><strong>fuerit</strong></span> 
     </span>
    </p>
   </div>
   <div class='ocr_carea' id='block_1_27' title="bbox 2636 1181 4161 1262">
    <p class='ocr_par' dir='ltr' id='par_1_27' title="bbox 2636 1181 4161 1262">
     <span class='ocr_line' id='line_1_27' title="bbox 2636 1181 4161 1262; baseline 0.007 -28"><span class='ocrx_word' id='word_1_205' title='bbox 2636 1181 2725 1244; x_wconf 75' lang='grc' dir='ltr'>Ὠς</span> <span class='ocrx_word' id='word_1_206' title='bbox 2778 1191 2904 1255; x_wconf 86' lang='grc' dir='ltr'>γοῦν</span> <span class='ocrx_word' id='word_1_207' title='bbox 2941 1185 2988 1237; x_wconf 85' lang='grc' dir='ltr'>εἷ</span> <span class='ocrx_word' id='word_1_208' title='bbox 3034 1206 3111 1247; x_wconf 91' lang='grc' dir='ltr'>τις</span> <span class='ocrx_word' id='word_1_209' title='bbox 3152 1185 3252 1240; x_wconf 78' lang='grc' dir='ltr'>ἕκεὶ</span> <span class='ocrx_word' id='word_1_210' title='bbox 3298 1191 3430 1262; x_wconf 84' lang='grc' dir='ltr'>πρὸς</span> <span class='ocrx_word' id='word_1_211' title='bbox 3482 1192 3607 1261; x_wconf 89' lang='grc' dir='ltr'>μίαν</span> <span class='ocrx_word' id='word_1_212' title='bbox 3656 1192 3892 1248; x_wconf 77' lang='grc' dir='ltr'>ἡντινοῦν</span> <span class='ocrx_word' id='word_1_213' title='bbox 3950 1190 4064 1244; x_wconf 82' lang='grc' dir='ltr'>ὅλον</span> <span class='ocrx_word' id='word_1_214' title='bbox 4101 1195 4161 1244; x_wconf 91' lang='grc' dir='ltr'><strong>τό</strong></span> 
     </span>
    </p>
   </div>
   <div class='ocr_carea' id='block_1_28' title="bbox 2565 1269 4158 1351">
    <p class='ocr_par' dir='ltr' id='par_1_28' title="bbox 2565 1269 4158 1351">
     <span class='ocr_line' id='line_1_28' title="bbox 2565 1269 4158 1351; baseline 0.007 -30"><span class='ocrx_word' id='word_1_215' title='bbox 2565 1269 2749 1332; x_wconf 71' lang='grc' dir='ltr'>κὶλλος</span> <span class='ocrx_word' id='word_1_216' title='bbox 2797 1280 2889 1330; x_wconf 82' lang='grc' dir='ltr'>τῆν</span> <span class='ocrx_word' id='word_1_217' title='bbox 2948 1274 3142 1337; x_wconf 78' lang='grc' dir='ltr'>εἰκόνος</span> <span class='ocrx_word' id='word_1_218' title='bbox 3196 1275 3401 1351; x_wconf 82' lang='grc' dir='ltr'>ἀνέφερε</span> <span class='ocrx_word' id='word_1_219' title='bbox 3426 1271 3521 1330; x_wconf 81' lang='grc' dir='ltr'>διὰ</span> <span class='ocrx_word' id='word_1_220' title='bbox 3558 1282 3651 1336; x_wconf 80' lang='grc' dir='ltr'>τὴν</span> <span class='ocrx_word' id='word_1_221' title='bbox 3700 1282 3829 1351; x_wconf 85' lang='grc' dir='ltr'>πρὸς</span> <span class='ocrx_word' id='word_1_222' title='bbox 3872 1282 3921 1331; x_wconf 79' lang='grc' dir='ltr'>ἓν</span> <span class='ocrx_word' id='word_1_223' title='bbox 3962 1299 4013 1332; x_wconf 91' lang='grc' dir='ltr'>τι</span> <span class='ocrx_word' id='word_1_224' title='bbox 4060 1288 4158 1332; x_wconf 90' lang='grc' dir='ltr'>τῶν</span> 
     </span>
    </p>
   </div>
   <div class='ocr_carea' id='block_1_29' title="bbox 2564 1354 4163 1442">
    <p class='ocr_par' dir='ltr' id='par_1_29' title="bbox 2564 1354 4163 1442">
     <span class='ocr_line' id='line_1_29' title="bbox 2564 1354 4163 1442; baseline 0.007 -32"><span class='ocrx_word' id='word_1_225' title='bbox 2564 1354 2763 1423; x_wconf 81' lang='grc' dir='ltr'>ἐκείνης</span> <span class='ocrx_word' id='word_1_226' title='bbox 2819 1363 3086 1433; x_wconf 84' lang='grc' dir='ltr'>ὁμοίωσιν,</span> <span class='ocrx_word' id='word_1_227' title='bbox 3152 1364 3348 1436; x_wconf 84' lang='grc' dir='ltr'>γελοίος</span> <span class='ocrx_word' id='word_1_228' title='bbox 3396 1366 3457 1416; x_wconf 79' lang='grc' dir='ltr'>ἄν</span> <span class='ocrx_word' id='word_1_229' title='bbox 3532 1363 3703 1419; x_wconf 80' lang='grc' dir='ltr'>ἐδόκει</span> <span class='ocrx_word' id='word_1_230' title='bbox 3758 1375 3854 1430; x_wconf 83' lang='grc' dir='ltr'>τῆς</span> <span class='ocrx_word' id='word_1_231' title='bbox 3906 1373 4163 1442; x_wconf 82' lang='grc' dir='ltr'>γραφικὴς</span> 
     </span>
    </p>
   </div>
   <div class='ocr_carea' id='block_1_30' title="bbox 2563 1447 4161 1526">
    <p class='ocr_par' dir='ltr' id='par_1_30' title="bbox 2563 1447 4161 1526">
     <span class='ocr_line' id='line_1_30' title="bbox 2563 1447 4161 1526; baseline 0.008 -28"><span class='ocrx_word' id='word_1_232' title='bbox 2563 1452 2764 1521; x_wconf 80' lang='grc' dir='ltr'>κριτὴς,</span> <span class='ocrx_word' id='word_1_233' title='bbox 2817 1452 2951 1501; x_wconf 79' lang='grc' dir='ltr'>οὕτω</span> <span class='ocrx_word' id='word_1_234' title='bbox 2988 1449 3274 1523; x_wconf 73' lang='grc' dir='ltr'>κάνταῦθα,</span> <span class='ocrx_word' id='word_1_235' title='bbox 3327 1453 3370 1505; x_wconf 82' lang='grc' dir='ltr'>εἰ</span> <span class='ocrx_word' id='word_1_236' title='bbox 3421 1456 3493 1505; x_wconf 78' lang='grc' dir='ltr'>ἑνι</span> <span class='ocrx_word' id='word_1_237' title='bbox 3530 1447 3597 1526; x_wconf 86' lang='grc' dir='ltr'>γε</span> <span class='ocrx_word' id='word_1_238' title='bbox 3645 1464 3717 1526; x_wconf 83' lang='grc' dir='ltr'>τῷ</span> <span class='ocrx_word' id='word_1_239' title='bbox 3771 1464 3872 1508; x_wconf 90' lang='grc' dir='ltr'>τῶν</span> <span class='ocrx_word' id='word_1_240' title='bbox 3928 1458 4161 1511; x_wconf 90' lang='grc' dir='ltr'>παλαιῶν</span> 
     </span>
    </p>
   </div>
   <div class='ocr_carea' id='block_1_31' title="bbox 2563 1538 4160 1619">
    <p class='ocr_par' dir='ltr' id='par_1_31' title="bbox 2563 1538 4160 1619">
     <span class='ocr_line' id='line_1_31' title="bbox 2563 1538 4160 1619; baseline 0.008 -32"><span class='ocrx_word' id='word_1_241' title='bbox 2563 1538 2905 1609; x_wconf 81' lang='grc' dir='ltr'>προσεικάζοι</span> <span class='ocrx_word' id='word_1_242' title='bbox 2928 1540 3048 1592; x_wconf 85' lang='grc' dir='ltr'>καθ’</span> <span class='ocrx_word' id='word_1_243' title='bbox 3077 1542 3126 1592; x_wconf 78' lang='grc' dir='ltr'>ἓν</span> <span class='ocrx_word' id='word_1_244' title='bbox 3164 1561 3215 1592; x_wconf 92' lang='grc' dir='ltr'>τι</span> <span class='ocrx_word' id='word_1_245' title='bbox 3267 1550 3366 1594; x_wconf 88' lang='grc' dir='ltr'>τῶν</span> <span class='ocrx_word' id='word_1_246' title='bbox 3414 1551 3506 1595; x_wconf 87' lang='grc' dir='ltr'>τοῦ</span> <span class='ocrx_word' id='word_1_247' title='bbox 3552 1542 3710 1615; x_wconf 88' lang='grc' dir='ltr'>λόγου</span> <span class='ocrx_word' id='word_1_248' title='bbox 3754 1553 3920 1619; x_wconf 86' lang='grc' dir='ltr'>μερῶν</span> <span class='ocrx_word' id='word_1_249' title='bbox 3966 1550 4054 1598; x_wconf 87' lang='grc' dir='ltr'>τὸν</span> <span class='ocrx_word' id='word_1_250' title='bbox 4102 1546 4160 1609; x_wconf 77' lang='grc' dir='ltr'>ἐς</span> 
     </span>
    </p>
   </div>
   <div class='ocr_carea' id='block_1_32' title="bbox 2565 1625 4162 1711">
    <p class='ocr_par' dir='ltr' id='par_1_32' title="bbox 2565 1625 4162 1711">
     <span class='ocr_line' id='line_1_32' title="bbox 2565 1625 4162 1711; baseline 0.008 -34"><span class='ocrx_word' id='word_1_251' title='bbox 2565 1625 2799 1679; x_wconf 84' lang='grc' dir='ltr'>ἁπάντων</span> <span class='ocrx_word' id='word_1_252' title='bbox 2840 1630 3038 1702; x_wconf 82' lang='grc' dir='ltr'>ἄριστα</span> <span class='ocrx_word' id='word_1_253' title='bbox 3089 1634 3438 1705; x_wconf 69' lang='grc' dir='ltr'>ἡρμοσμένον,</span> <span class='ocrx_word' id='word_1_254' title='bbox 3495 1636 3600 1705; x_wconf 83' lang='grc' dir='ltr'>οὐχ</span> <span class='ocrx_word' id='word_1_255' title='bbox 3640 1634 3796 1706; x_wconf 82' lang='grc' dir='ltr'>ἐώρκε</span> <span class='ocrx_word' id='word_1_256' title='bbox 3837 1640 3924 1687; x_wconf 88' lang='grc' dir='ltr'>τὸν</span> <span class='ocrx_word' id='word_1_257' title='bbox 3972 1633 4162 1711; x_wconf 82' lang='grc' dir='ltr'>ἄνδρα,</span> 
     </span>
    </p>
   </div>
   <div class='ocr_carea' id='block_1_33' title="bbox 2565 1717 4168 1798">
    <p class='ocr_par' dir='ltr' id='par_1_33' title="bbox 2565 1717 4168 1798">
     <span class='ocr_line' id='line_1_33' title="bbox 2565 1717 4168 1798; baseline 0.008 -32"><span class='ocrx_word' id='word_1_258' title='bbox 2565 1722 2633 1777; x_wconf 89' lang='grc' dir='ltr'>ῶς</span> <span class='ocrx_word' id='word_1_259' title='bbox 2681 1717 2825 1788; x_wconf 83' lang='grc' dir='ltr'>θέμις</span> <span class='ocrx_word' id='word_1_260' title='bbox 2854 1719 3002 1791; x_wconf 78' lang='grc' dir='ltr'>όρᾷν,</span> <span class='ocrx_word' id='word_1_261' title='bbox 3056 1721 3170 1772; x_wconf 83' lang='grc' dir='ltr'>οὔτε</span> <span class='ocrx_word' id='word_1_262' title='bbox 3200 1724 3287 1772; x_wconf 86' lang='grc' dir='ltr'>τὸν</span> <span class='ocrx_word' id='word_1_263' title='bbox 3338 1721 3482 1779; x_wconf 77' lang='grc' dir='ltr'>ἥλιον</span> <span class='ocrx_word' id='word_1_264' title='bbox 3529 1722 3643 1774; x_wconf 87' lang='grc' dir='ltr'>ὁλον</span> <span class='ocrx_word' id='word_1_265' title='bbox 3692 1722 3894 1796; x_wconf 74' lang='grc' dir='ltr'>βλὲψας</span> <span class='ocrx_word' id='word_1_266' title='bbox 3941 1725 4168 1798; x_wconf 76' lang='grc' dir='ltr'>ἐθούμα-</span> 
     </span>
    </p>
   </div>
   <div class='ocr_carea' id='block_1_34' title="bbox 2567 1803 4170 1882">
    <p class='ocr_par' dir='ltr' id='par_1_34' title="bbox 2567 1803 4170 1882">
     <span class='ocr_line' id='line_1_34' title="bbox 2567 1803 4170 1882; baseline 0.008 -28"><span class='ocrx_word' id='word_1_267' title='bbox 2567 1823 2651 1855; x_wconf 90' lang='grc' dir='ltr'>σεν</span> <span class='ocrx_word' id='word_1_268' title='bbox 2700 1803 2871 1857; x_wconf 81' lang='grc' dir='ltr'>ἀκτῖνι</span> <span class='ocrx_word' id='word_1_269' title='bbox 2913 1827 3280 1882; x_wconf 86' lang='grc' dir='ltr'>παραμετρων.</span> <span class='ocrx_word' id='word_1_270' title='bbox 3335 1814 3536 1863; x_wconf 83' lang='grc' dir='ltr'>Γένοιτο</span> <span class='ocrx_word' id='word_1_271' title='bbox 3586 1807 3724 1863; x_wconf 82' lang='grc' dir='ltr'>δ’ἆν</span> <span class='ocrx_word' id='word_1_272' title='bbox 3773 1817 4023 1877; x_wconf 64' lang='grc' dir='ltr'>εἰκαστὴς</span> <span class='ocrx_word' id='word_1_273' title='bbox 4076 1822 4170 1867; x_wconf 89' lang='grc' dir='ltr'>τοῦ</span> 
     </span>
    </p>
   </div>
   <div class='ocr_carea' id='block_1_35' title="bbox 2566 1891 4167 1975">
    <p class='ocr_par' dir='ltr' id='par_1_35' title="bbox 2566 1891 4167 1975">
     <span class='ocr_line' id='line_1_35' title="bbox 2566 1891 4167 1975; baseline 0.007 -30"><span class='ocrx_word' id='word_1_274' title='bbox 2566 1891 2753 1967; x_wconf 81' lang='grc' dir='ltr'>ἀνδρὸς</span> <span class='ocrx_word' id='word_1_275' title='bbox 2808 1896 2903 1948; x_wconf 81' lang='grc' dir='ltr'>οὔκ</span> <span class='ocrx_word' id='word_1_276' title='bbox 2955 1895 3181 1963; x_wconf 78' lang='grc' dir='ltr'>ἀνάξιος,</span> <span class='ocrx_word' id='word_1_277' title='bbox 3230 1903 3273 1951; x_wconf 84' lang='grc' dir='ltr'>εὶ</span> <span class='ocrx_word' id='word_1_278' title='bbox 3333 1899 3514 1962; x_wconf 88' lang='grc' dir='ltr'>ζηλοίη</span> <span class='ocrx_word' id='word_1_279' title='bbox 3568 1905 3655 1953; x_wconf 83' lang='grc' dir='ltr'>τόν</span> <span class='ocrx_word' id='word_1_280' title='bbox 3712 1905 3869 1975; x_wconf 85' lang='grc' dir='ltr'>σοφόν</span> <span class='ocrx_word' id='word_1_281' title='bbox 3922 1909 4167 1963; x_wconf 70' lang='grc' dir='ltr'>ποιητήνθ</span> 
     </span>
    </p>
   </div>
   <div class='ocr_carea' id='block_1_36' title="bbox 2566 1984 4168 2066">
    <p class='ocr_par' dir='ltr' id='par_1_36' title="bbox 2566 1984 4168 2066">
     <span class='ocr_line' id='line_1_36' title="bbox 2566 1984 4168 2066; baseline 0.007 -31"><span class='ocrx_word' id='word_1_282' title='bbox 2566 1988 2656 2036; x_wconf 87' lang='grc' dir='ltr'>καὶ</span> <span class='ocrx_word' id='word_1_283' title='bbox 2731 1990 2801 2047; x_wconf 85' lang='grc' dir='ltr'>ὡς</span> <span class='ocrx_word' id='word_1_284' title='bbox 2858 1984 3049 2048; x_wconf 85' lang='grc' dir='ltr'>ἐκεῖνος</span> <span class='ocrx_word' id='word_1_285' title='bbox 3123 1990 3211 2040; x_wconf 88' lang='grc' dir='ltr'>τὸν</span> <span class='ocrx_word' id='word_1_286' title='bbox 3279 1989 3637 2063; x_wconf 82' lang='grc' dir='ltr'>Ἀγαμέμνονα</span> <span class='ocrx_word' id='word_1_287' title='bbox 3708 1992 4023 2065; x_wconf 79' lang='grc' dir='ltr'>ὑπογράφων</span> <span class='ocrx_word' id='word_1_288' title='bbox 4078 1998 4168 2066; x_wconf 86' lang='grc' dir='ltr'>ὄμ-</span> 
     </span>
    </p>
   </div>
   <div class='ocr_carea' id='block_1_37' title="bbox 2565 2076 4171 2155">
    <p class='ocr_par' dir='ltr' id='par_1_37' title="bbox 2565 2076 4171 2155">
     <span class='ocr_line' id='line_1_37' title="bbox 2565 2076 4171 2155; baseline 0.008 -32"><span class='ocrx_word' id='word_1_289' title='bbox 2565 2092 2707 2145; x_wconf 90' lang='grc' dir='ltr'>ματα</span> <span class='ocrx_word' id='word_1_290' title='bbox 2752 2076 2864 2145; x_wconf 64' lang='grc' dir='ltr'>μὲν,</span> <span class='ocrx_word' id='word_1_291' title='bbox 2914 2080 3067 2147; x_wconf 82' lang='grc' dir='ltr'>φησὶ,</span> <span class='ocrx_word' id='word_1_292' title='bbox 3116 2082 3207 2129; x_wconf 85' lang='grc' dir='ltr'>καὶ</span> <span class='ocrx_word' id='word_1_293' title='bbox 3238 2077 3461 2150; x_wconf 77' lang='grc' dir='ltr'>κεφαλὴν</span> <span class='ocrx_word' id='word_1_294' title='bbox 3516 2078 3679 2131; x_wconf 82' lang='grc' dir='ltr'>ἴκελον</span> <span class='ocrx_word' id='word_1_295' title='bbox 3729 2085 3831 2147; x_wconf 84' lang='grc' dir='ltr'>Διὶ,</span> <span class='ocrx_word' id='word_1_296' title='bbox 3904 2080 4056 2155; x_wconf 51' lang='grc' dir='ltr'>έΑρεῑ</span> <span class='ocrx_word' id='word_1_297' title='bbox 4111 2079 4171 2135; x_wconf 69' lang='grc' dir='ltr'><strong>δί</strong></span> 
     </span>
    </p>
   </div>
   <div class='ocr_carea' id='block_1_38' title="bbox 2568 2160 4174 2246">
    <p class='ocr_par' dir='ltr' id='par_1_38' title="bbox 2568 2160 4174 2246">
     <span class='ocr_line' id='line_1_38' title="bbox 2568 2160 4174 2246; baseline 0.009 -35"><span class='ocrx_word' id='word_1_298' title='bbox 2568 2160 2753 2243; x_wconf 79' lang='grc' dir='ltr'>ζώνην,</span> <span class='ocrx_word' id='word_1_299' title='bbox 2796 2167 2983 2239; x_wconf 84' lang='grc' dir='ltr'>στέρνα</span> <span class='ocrx_word' id='word_1_300' title='bbox 3009 2160 3069 2217; x_wconf 65' lang='grc' dir='ltr'>δὲ</span> <span class='ocrx_word' id='word_1_301' title='bbox 3118 2162 3464 2234; x_wconf 79' lang='grc' dir='ltr'>Ποσειδάωνι,</span> <span class='ocrx_word' id='word_1_302' title='bbox 3521 2172 3656 2221; x_wconf 79' lang='grc' dir='ltr'>οὕτω</span> <span class='ocrx_word' id='word_1_303' title='bbox 3694 2173 3784 2221; x_wconf 83' lang='grc' dir='ltr'>καὶ</span> <span class='ocrx_word' id='word_1_304' title='bbox 3854 2166 4005 2232; x_wconf 78' lang='grc' dir='ltr'>οὗτος</span> <span class='ocrx_word' id='word_1_305' title='bbox 4045 2176 4174 2246; x_wconf 86' lang='grc' dir='ltr'>πρὸς</span> 
     </span>
    </p>
   </div>
   <div class='ocr_carea' id='block_1_39' title="bbox 2565 2246 4172 2331">
    <p class='ocr_par' dir='ltr' id='par_1_39' title="bbox 2565 2246 4172 2331">
     <span class='ocr_line' id='line_1_39' title="bbox 2565 2246 4172 2331; baseline 0.007 -30"><span class='ocrx_word' id='word_1_306' title='bbox 2565 2246 2718 2302; x_wconf 88' lang='grc' dir='ltr'>τόνδε</span> <span class='ocrx_word' id='word_1_307' title='bbox 2778 2255 2867 2322; x_wconf 73' lang='grc' dir='ltr'>μὲν</span> <span class='ocrx_word' id='word_1_308' title='bbox 2935 2251 3267 2318; x_wconf 77' lang='grc' dir='ltr'>ἁντεξεταζος</span> <span class='ocrx_word' id='word_1_309' title='bbox 3333 2259 3420 2308; x_wconf 87' lang='grc' dir='ltr'>τόν</span> <span class='ocrx_word' id='word_1_310' title='bbox 3485 2264 3572 2307; x_wconf 84' lang='grc' dir='ltr'>νῦν</span> <span class='ocrx_word' id='word_1_311' title='bbox 3630 2260 3990 2331; x_wconf 73' lang='grc' dir='ltr'>ἐπαινούμενον</span> <span class='ocrx_word' id='word_1_312' title='bbox 4038 2280 4172 2313; x_wconf 86' lang='grc' dir='ltr'>κατα</span> 
     </span>
    </p>
   </div>
   <div class='ocr_carea' id='block_1_40' title="bbox 2564 2336 4170 2424">
    <p class='ocr_par' dir='ltr' id='par_1_40' title="bbox 2564 2336 4170 2424">
     <span class='ocr_line' id='line_1_40' title="bbox 2564 2336 4170 2424; baseline 0.007 -34"><span class='ocrx_word' id='word_1_313' title='bbox 2564 2336 2707 2408; x_wconf 84' lang='grc' dir='ltr'>τόδε,</span> <span class='ocrx_word' id='word_1_314' title='bbox 2754 2342 2885 2414; x_wconf 86' lang='grc' dir='ltr'>πρὸς</span> <span class='ocrx_word' id='word_1_315' title='bbox 2932 2339 3118 2394; x_wconf 71' lang='grc' dir='ltr'>ἐκεῖνον</span> <span class='ocrx_word' id='word_1_316' title='bbox 3153 2339 3212 2395; x_wconf 68' lang='grc' dir='ltr'>δὲ</span> <span class='ocrx_word' id='word_1_317' title='bbox 3253 2344 3367 2396; x_wconf 85' lang='grc' dir='ltr'>κατ’</span> <span class='ocrx_word' id='word_1_318' title='bbox 3413 2344 3557 2415; x_wconf 78' lang='grc' dir='ltr'>ἄλλο,</span> <span class='ocrx_word' id='word_1_319' title='bbox 3609 2350 3698 2398; x_wconf 80' lang='grc' dir='ltr'>καὶ</span> <span class='ocrx_word' id='word_1_320' title='bbox 3746 2346 3865 2400; x_wconf 88' lang='grc' dir='ltr'>καθ’</span> <span class='ocrx_word' id='word_1_321' title='bbox 3919 2351 4089 2424; x_wconf 82' lang='grc' dir='ltr'>ἔτερόν</span> <span class='ocrx_word' id='word_1_322' title='bbox 4117 2369 4170 2402; x_wconf 92' lang='grc' dir='ltr'>τι</span> 
     </span>
    </p>
   </div>
   <div class='ocr_carea' id='block_1_41' title="bbox 2564 2431 4167 2510">
    <p class='ocr_par' dir='ltr' id='par_1_41' title="bbox 2564 2431 4167 2510">
     <span class='ocr_line' id='line_1_41' title="bbox 2564 2431 4167 2510; baseline 0.006 -30"><span class='ocrx_word' id='word_1_323' title='bbox 2564 2432 2691 2502; x_wconf 87' lang='grc' dir='ltr'>πρὸς</span> <span class='ocrx_word' id='word_1_324' title='bbox 2734 2431 2916 2505; x_wconf 76' lang='grc' dir='ltr'>ἕτερον.</span> <span class='ocrx_word' id='word_1_325' title='bbox 2978 2436 3068 2483; x_wconf 87' lang='grc' dir='ltr'>καὶ</span> <span class='ocrx_word' id='word_1_326' title='bbox 3120 2432 3238 2485; x_wconf 86' lang='grc' dir='ltr'>καθ’</span> <span class='ocrx_word' id='word_1_327' title='bbox 3290 2432 3509 2485; x_wconf 72' lang='grc' dir='ltr'>ἕκαστον</span> <span class='ocrx_word' id='word_1_328' title='bbox 3573 2444 3673 2487; x_wconf 79' lang='grc' dir='ltr'>τῶν</span> <span class='ocrx_word' id='word_1_329' title='bbox 3717 2437 3911 2510; x_wconf 71' lang='grc' dir='ltr'>ἄκρων,</span> <span class='ocrx_word' id='word_1_330' title='bbox 3970 2437 4089 2490; x_wconf 81' lang='grc' dir='ltr'>καθ’</span> <span class='ocrx_word' id='word_1_331' title='bbox 4142 2439 4167 2490; x_wconf 88' lang='grc' dir='ltr'><strong>ὃ</strong></span> 
     </span>
    </p>
   </div>
   <div class='ocr_carea' id='block_1_42' title="bbox 803 2514 2572 2597">
    <p class='ocr_par' dir='ltr' id='par_1_42' title="bbox 803 2514 2572 2591">
     <span class='ocr_line' id='line_1_42' title="bbox 803 2514 2572 2591; baseline 0.001 -19"><span class='ocrx_word' id='word_1_332' title='bbox 803 2515 1400 2590; x_wconf 83' lang='lat' dir='ltr'><strong>Eustathiiperfectlo</strong></span> <span class='ocrx_word' id='word_1_333' title='bbox 1419 2518 1702 2588; x_wconf 86' lang='lat' dir='ltr'><strong>oratoria,</strong></span> <span class='ocrx_word' id='word_1_334' title='bbox 1735 2522 2113 2591; x_wconf 91' lang='lat' dir='ltr'><strong>compertum</strong></span> <span class='ocrx_word' id='word_1_335' title='bbox 2144 2514 2452 2574; x_wconf 86' lang='lat' dir='ltr'><strong>habueris.</strong></span> <span class='ocrx_word' id='word_1_336' title='bbox 2488 2531 2528 2585; x_wconf 82' lang='grc' dir='ltr'>Β</span> <span class='ocrx_word' id='word_1_337' title='bbox 2564 2538 2572 2550; x_wconf 89' lang='grc'><strong>·</strong></span> 
     </span>
    </p>
   </div>
   <div class='ocr_carea' id='block_1_43' title="bbox 2397 2514 4166 2597">
    <p class='ocr_par' dir='ltr' id='par_1_43' title="bbox 2397 2518 4166 2597">
     <span class='ocr_line' id='line_1_43' title="bbox 2397 2518 4166 2597; baseline 0.007 -29"><span class='ocrx_word' id='word_1_338' title='bbox 2397 2534 2452 2574; x_wconf 38' lang='grc' dir='ltr'>ηε,</span> <span class='ocrx_word' id='word_1_339' title='bbox 2488 2531 2528 2585; x_wconf 81' lang='grc' dir='ltr'>Β</span> <span class='ocrx_word' id='word_1_340' title='bbox 2564 2526 2665 2570; x_wconf 87' lang='grc' dir='ltr'>τῶν</span> <span class='ocrx_word' id='word_1_341' title='bbox 2714 2518 2904 2571; x_wconf 85' lang='grc' dir='ltr'>λοιπῶν</span> <span class='ocrx_word' id='word_1_342' title='bbox 2952 2522 3111 2595; x_wconf 84' lang='grc' dir='ltr'>οἰκρος</span> <span class='ocrx_word' id='word_1_343' title='bbox 3150 2518 3417 2575; x_wconf 72' lang='grc' dir='ltr'>ἐδέδοκτο*</span> <span class='ocrx_word' id='word_1_344' title='bbox 3464 2529 3553 2577; x_wconf 86' lang='grc' dir='ltr'>καὶ</span> <span class='ocrx_word' id='word_1_345' title='bbox 3600 2525 3729 2597; x_wconf 84' lang='grc' dir='ltr'>τάχ’</span> <span class='ocrx_word' id='word_1_346' title='bbox 3785 2526 3845 2577; x_wconf 80' lang='grc' dir='ltr'>ἄν</span> <span class='ocrx_word' id='word_1_347' title='bbox 3895 2530 4030 2579; x_wconf 73' lang='grc' dir='ltr'>οὕτω</span> <span class='ocrx_word' id='word_1_348' title='bbox 4076 2532 4166 2585; x_wconf 80' lang='grc' dir='ltr'>τὴν</span> 
     </span>
    </p>
   </div>
   <div class='ocr_carea' id='block_1_44' title="bbox 872 2786 2451 2860">
    <p class='ocr_par' dir='ltr' id='par_1_44' title="bbox 872 2786 2451 2860">
     <span class='ocr_line' id='line_1_44' title="bbox 872 2786 2451 2860; baseline 0 -19"><span class='ocrx_word' id='word_1_349' title='bbox 872 2787 900 2841; x_wconf 86' lang='lat' dir='ltr'><strong>J</strong></span> <span class='ocrx_word' id='word_1_350' title='bbox 905 2800 1003 2842; x_wconf 91' lang='lat' dir='ltr'>am</span> <span class='ocrx_word' id='word_1_351' title='bbox 1024 2787 1235 2859; x_wconf 90' lang='lat' dir='ltr'><strong>paucis</strong></span> <span class='ocrx_word' id='word_1_352' title='bbox 1253 2788 1658 2860; x_wconf 86' lang='lat' dir='ltr'><strong>eloquentiam</strong></span> <span class='ocrx_word' id='word_1_353' title='bbox 1676 2788 1806 2857; x_wconf 87' lang='lat' dir='ltr'><strong>ejus</strong></span> <span class='ocrx_word' id='word_1_354' title='bbox 1826 2787 2023 2846; x_wconf 85' lang='lat' dir='ltr'><strong>verbis</strong></span> <span class='ocrx_word' id='word_1_355' title='bbox 2044 2786 2451 2858; x_wconf 90' lang='lat' dir='ltr'><strong>designemus.</strong></span> 
     </span>
    </p>
   </div>
   <div class='ocr_carea' id='block_1_45' title="bbox 803 2869 2455 2951">
    <p class='ocr_par' dir='ltr' id='par_1_45' title="bbox 803 2869 2455 2951">
     <span class='ocr_line' id='line_1_45' title="bbox 803 2869 2455 2951; baseline 0.001 -21"><span class='ocrx_word' id='word_1_356' title='bbox 803 2869 934 2940; x_wconf 78' lang='lat' dir='ltr'><strong>Qua</strong></span> <span class='ocrx_word' id='word_1_357' title='bbox 962 2875 1239 2932; x_wconf 90' lang='lat' dir='ltr'><strong>idearum</strong></span> <span class='ocrx_word' id='word_1_358' title='bbox 1286 2876 1684 2947; x_wconf 82' lang='lat' dir='ltr'><strong>abundantia,</strong></span> <span class='ocrx_word' id='word_1_359' title='bbox 1731 2891 1852 2951; x_wconf 89' lang='lat' dir='ltr'>qua</span> <span class='ocrx_word' id='word_1_360' title='bbox 1888 2877 2134 2935; x_wconf 91' lang='lat' dir='ltr'><strong>creandi</strong></span> <span class='ocrx_word' id='word_1_361' title='bbox 2173 2875 2455 2932; x_wconf 85' lang='lat' dir='ltr'><strong>facultate</strong></span> 
     </span>
    </p>
   </div>
   <div class='ocr_carea' id='block_1_46' title="bbox 800 2962 2455 3040">
    <p class='ocr_par' dir='ltr' id='par_1_46' title="bbox 800 2962 2455 3040">
     <span class='ocr_line' id='line_1_46' title="bbox 800 2962 2455 3040; baseline 0.001 -21"><span class='ocrx_word' id='word_1_362' title='bbox 800 2962 1151 3020; x_wconf 70' lang='lat' dir='ltr'><strong>lmtabatur!</strong></span> <span class='ocrx_word' id='word_1_363' title='bbox 1205 2968 1328 3022; x_wconf 81' lang='lat' dir='ltr'>Vox</span> <span class='ocrx_word' id='word_1_364' title='bbox 1375 2967 1505 3038; x_wconf 87' lang='lat' dir='ltr'><strong>ejus</strong></span> <span class='ocrx_word' id='word_1_365' title='bbox 1547 2984 1736 3040; x_wconf 90' lang='lat' dir='ltr'><strong>quam</strong></span> <span class='ocrx_word' id='word_1_366' title='bbox 1780 2982 2021 3033; x_wconf 90' lang='lat' dir='ltr'><strong>sonora,</strong></span> <span class='ocrx_word' id='word_1_367' title='bbox 2068 2966 2226 3022; x_wconf 89' lang='lat' dir='ltr'><strong>actio</strong></span> <span class='ocrx_word' id='word_1_368' title='bbox 2266 2977 2455 3039; x_wconf 88' lang='lat' dir='ltr'><strong>quam</strong></span> 
     </span>
    </p>
   </div>
   <div class='ocr_carea' id='block_1_47' title="bbox 805 3052 2456 3126">
    <p class='ocr_par' dir='ltr' id='par_1_47' title="bbox 805 3052 2456 3126">
     <span class='ocr_line' id='line_1_47' title="bbox 805 3052 2456 3126; baseline 0.001 -18"><span class='ocrx_word' id='word_1_369' title='bbox 805 3052 1027 3109; x_wconf 83' lang='lat' dir='ltr'><strong>virilis!</strong></span> <span class='ocrx_word' id='word_1_370' title='bbox 1077 3068 1213 3126; x_wconf 81' lang='lat' dir='ltr'><strong>quas</strong></span> <span class='ocrx_word' id='word_1_371' title='bbox 1277 3054 1782 3112; x_wconf 89' lang='lat' dir='ltr'><strong>lineamentorum</strong></span> <span class='ocrx_word' id='word_1_372' title='bbox 1832 3055 2205 3113; x_wconf 83' lang='lat' dir='ltr'><strong>concinnitas</strong></span> <span class='ocrx_word' id='word_1_373' title='bbox 2244 3055 2257 3109; x_wconf 84' lang='lat' dir='ltr'>l</span> <span class='ocrx_word' id='word_1_374' title='bbox 2316 3069 2456 3126; x_wconf 72' lang='lat' dir='ltr'><strong>quas</strong></span> 
     </span>
    </p>
   </div>
   <div class='ocr_carea' id='block_1_48' title="bbox 800 3142 2455 3219">
    <p class='ocr_par' dir='ltr' id='par_1_48' title="bbox 800 3142 2455 3219">
     <span class='ocr_line' id='line_1_48' title="bbox 800 3142 2455 3219; baseline 0.001 -23"><span class='ocrx_word' id='word_1_375' title='bbox 800 3157 1023 3199; x_wconf 90' lang='lat' dir='ltr'><strong>vocum</strong></span> <span class='ocrx_word' id='word_1_376' title='bbox 1054 3143 1115 3199; x_wconf 89' lang='lat' dir='ltr'>in</span> <span class='ocrx_word' id='word_1_377' title='bbox 1160 3142 1295 3200; x_wconf 93' lang='lat' dir='ltr'><strong>loco</strong></span> <span class='ocrx_word' id='word_1_378' title='bbox 1351 3144 1572 3202; x_wconf 92' lang='lat' dir='ltr'><strong>idoneo</strong></span> <span class='ocrx_word' id='word_1_379' title='bbox 1626 3145 2082 3219; x_wconf 87' lang='lat' dir='ltr'><strong>opportunitas!</strong></span> <span class='ocrx_word' id='word_1_380' title='bbox 2143 3159 2281 3217; x_wconf 74' lang='lat' dir='ltr'><strong>quae</strong></span> <span class='ocrx_word' id='word_1_381' title='bbox 2334 3144 2455 3199; x_wconf 91' lang='lat' dir='ltr'><strong>oris</strong></span> 
     </span>
    </p>
   </div>
   <div class='ocr_carea' id='block_1_49' title="bbox 801 3230 2456 3307">
    <p class='ocr_par' dir='ltr' id='par_1_49' title="bbox 801 3230 2456 3307">
     <span class='ocr_line' id='line_1_49' title="bbox 801 3230 2456 3307; baseline 0.001 -21"><span class='ocrx_word' id='word_1_382' title='bbox 801 3230 1177 3288; x_wconf 85' lang='lat' dir='ltr'><strong>rotunditas!</strong></span> <span class='ocrx_word' id='word_1_383' title='bbox 1216 3234 1509 3306; x_wconf 85' lang='lat' dir='ltr'><strong>Equidem</strong></span> <span class='ocrx_word' id='word_1_384' title='bbox 1556 3245 1790 3305; x_wconf 90' lang='lat' dir='ltr'><strong>censeo,</strong></span> <span class='ocrx_word' id='word_1_385' title='bbox 1825 3234 1874 3289; x_wconf 90' lang='lat' dir='ltr'>si</span> <span class='ocrx_word' id='word_1_386' title='bbox 1904 3233 2049 3307; x_wconf 90' lang='lat' dir='ltr'><strong>quid</strong></span> <span class='ocrx_word' id='word_1_387' title='bbox 2092 3234 2153 3289; x_wconf 91' lang='lat' dir='ltr'>in</span> <span class='ocrx_word' id='word_1_388' title='bbox 2184 3232 2456 3301; x_wconf 89' lang='lat' dir='ltr'><strong>scientia,</strong></span> 
     </span>
    </p>
   </div>
   <div class='ocr_carea' id='block_1_50' title="bbox 804 3319 2459 3393">
    <p class='ocr_par' dir='ltr' id='par_1_50' title="bbox 804 3319 2459 3393">
     <span class='ocr_line' id='line_1_50' title="bbox 804 3319 2459 3393; baseline 0.001 -19"><span class='ocrx_word' id='word_1_389' title='bbox 804 3319 852 3374; x_wconf 91' lang='lat' dir='ltr'>si</span> <span class='ocrx_word' id='word_1_390' title='bbox 888 3320 951 3375; x_wconf 90' lang='lat' dir='ltr'>in</span> <span class='ocrx_word' id='word_1_391' title='bbox 989 3319 1333 3393; x_wconf 89' lang='lat' dir='ltr'><strong>eloquentia</strong></span> <span class='ocrx_word' id='word_1_392' title='bbox 1362 3322 1574 3379; x_wconf 85' lang='lat' dir='ltr'><strong>deesse</strong></span> <span class='ocrx_word' id='word_1_393' title='bbox 1622 3323 1912 3392; x_wconf 88' lang='lat' dir='ltr'><strong>videatur,</strong></span> <span class='ocrx_word' id='word_1_394' title='bbox 1966 3321 2304 3379; x_wconf 87' lang='lat' dir='ltr'><strong>auditorem</strong></span> <span class='ocrx_word' id='word_1_395' title='bbox 2354 3325 2459 3377; x_wconf 87' lang='lat' dir='ltr'>aut</span> 
     </span>
    </p>
   </div>
   <div class='ocr_carea' id='block_1_51' title="bbox 802 3408 2457 3484">
    <p class='ocr_par' dir='ltr' id='par_1_51' title="bbox 802 3408 2457 3484">
     <span class='ocr_line' id='line_1_51' title="bbox 802 3408 2457 3484; baseline 0.002 -21"><span class='ocrx_word' id='word_1_396' title='bbox 802 3408 1217 3466; x_wconf 72' lang='lat' dir='ltr'><strong>mmulatorem</strong></span> <span class='ocrx_word' id='word_1_397' title='bbox 1286 3413 1599 3484; x_wconf 69' lang='lat' dir='ltr'><strong>sapientiae</strong></span> <span class='ocrx_word' id='word_1_398' title='bbox 1649 3416 1706 3469; x_wconf 86' lang='lat' dir='ltr'>et</span> <span class='ocrx_word' id='word_1_399' title='bbox 1744 3411 2040 3469; x_wconf 87' lang='lat' dir='ltr'><strong>sermonis</strong></span> <span class='ocrx_word' id='word_1_400' title='bbox 2088 3410 2457 3467; x_wconf 88' lang='lat' dir='ltr'><strong>Eustathiani</strong></span> 
     </span>
    </p>
   </div>
   <div class='ocr_carea' id='block_1_52' title="bbox 802 3495 2457 3572">
    <p class='ocr_par' dir='ltr' id='par_1_52' title="bbox 802 3495 2457 3572">
     <span class='ocr_line' id='line_1_52' title="bbox 802 3495 2457 3572; baseline 0.001 -21"><span class='ocrx_word' id='word_1_401' title='bbox 802 3495 1083 3552; x_wconf 87' lang='lat' dir='ltr'><strong>deﬁcere.</strong></span> <span class='ocrx_word' id='word_1_402' title='bbox 1126 3496 1277 3554; x_wconf 89' lang='lat' dir='ltr'><strong>Satis</strong></span> <span class='ocrx_word' id='word_1_403' title='bbox 1304 3499 1521 3572; x_wconf 90' lang='lat' dir='ltr'><strong>cuique</strong></span> <span class='ocrx_word' id='word_1_404' title='bbox 1543 3499 1651 3556; x_wconf 90' lang='lat' dir='ltr'><strong>erit</strong></span> <span class='ocrx_word' id='word_1_405' title='bbox 1675 3499 1929 3569; x_wconf 87' lang='lat' dir='ltr'><strong>decoris,</strong></span> <span class='ocrx_word' id='word_1_406' title='bbox 1964 3500 2110 3555; x_wconf 91' lang='lat' dir='ltr'><strong>satis</strong></span> <span class='ocrx_word' id='word_1_407' title='bbox 2150 3498 2457 3568; x_wconf 80' lang='lat' dir='ltr'><strong>dignitatis</strong></span> 
     </span>
    </p>
   </div>
   <div class='ocr_carea' id='block_1_53' title="bbox 802 3584 2455 3661">
    <p class='ocr_par' dir='ltr' id='par_1_53' title="bbox 802 3584 2455 3661">
     <span class='ocr_line' id='line_1_53' title="bbox 802 3584 2455 3661; baseline 0.001 -22"><span class='ocrx_word' id='word_1_408' title='bbox 802 3584 908 3641; x_wconf 90' lang='lat' dir='ltr'>ubi</span> <span class='ocrx_word' id='word_1_409' title='bbox 967 3587 1232 3641; x_wconf 90' lang='lat' dir='ltr'><strong>sermoni</strong></span> <span class='ocrx_word' id='word_1_410' title='bbox 1273 3604 1386 3644; x_wconf 90' lang='lat' dir='ltr'>suo</span> <span class='ocrx_word' id='word_1_411' title='bbox 1427 3588 1799 3645; x_wconf 88' lang='lat' dir='ltr'><strong>Eustathiani</strong></span> <span class='ocrx_word' id='word_1_412' title='bbox 1842 3588 2069 3661; x_wconf 91' lang='lat' dir='ltr'><strong>aliquid</strong></span> <span class='ocrx_word' id='word_1_413' title='bbox 2117 3587 2455 3643; x_wconf 90' lang='lat' dir='ltr'><strong>immiscere</strong></span> 
     </span>
    </p>
   </div>
   <div class='ocr_carea' id='block_1_54' title="bbox 801 3675 2455 3749">
    <p class='ocr_par' dir='ltr' id='par_1_54' title="bbox 801 3675 2455 3749">
     <span class='ocr_line' id='line_1_54' title="bbox 801 3675 2455 3749; baseline 0 -20"><span class='ocrx_word' id='word_1_414' title='bbox 801 3679 1103 3746; x_wconf 91' lang='lat' dir='ltr'><strong>poterunt,</strong></span> <span class='ocrx_word' id='word_1_415' title='bbox 1147 3678 1427 3749; x_wconf 87' lang='lat' dir='ltr'><strong>quamvis</strong></span> <span class='ocrx_word' id='word_1_416' title='bbox 1466 3676 1768 3733; x_wconf 86' lang='lat' dir='ltr'><strong>levidense</strong></span> <span class='ocrx_word' id='word_1_417' title='bbox 1808 3677 2002 3733; x_wconf 88' lang='lat' dir='ltr'><strong>fuerit.</strong></span> <span class='ocrx_word' id='word_1_418' title='bbox 2044 3676 2140 3731; x_wconf 89' lang='lat' dir='ltr'><strong>Sic</strong></span> <span class='ocrx_word' id='word_1_419' title='bbox 2182 3675 2455 3732; x_wconf 89' lang='lat' dir='ltr'><strong>omnium</strong></span> 
     </span>
    </p>
   </div>
   <div class='ocr_carea' id='block_1_55' title="bbox 802 3762 2453 3839">
    <p class='ocr_par' dir='ltr' id='par_1_55' title="bbox 802 3762 2453 3839">
     <span class='ocr_line' id='line_1_55' title="bbox 802 3762 2453 3839; baseline 0.001 -21"><span class='ocrx_word' id='word_1_420' title='bbox 802 3762 1003 3819; x_wconf 88' lang='lat' dir='ltr'><strong>studia</strong></span> <span class='ocrx_word' id='word_1_421' title='bbox 1019 3779 1091 3819; x_wconf 85' lang='lat' dir='ltr'>ex</span> <span class='ocrx_word' id='word_1_422' title='bbox 1115 3780 1186 3820; x_wconf 92' lang='lat' dir='ltr'>eo</span> <span class='ocrx_word' id='word_1_423' title='bbox 1200 3770 1489 3838; x_wconf 85' lang='lat' dir='ltr'><strong>tanquam</strong></span> <span class='ocrx_word' id='word_1_424' title='bbox 1504 3766 1860 3839; x_wconf 83' lang='lat' dir='ltr'><strong>eloquentiae</strong></span> <span class='ocrx_word' id='word_1_425' title='bbox 1873 3767 1988 3822; x_wconf 90' lang='lat' dir='ltr'>deo</span> <span class='ocrx_word' id='word_1_426' title='bbox 2006 3763 2453 3837; x_wconf 87' lang='lat' dir='ltr'><strong>dependebant.</strong></span> 
     </span>
    </p>
   </div>
   <div class='ocr_carea' id='block_1_56' title="bbox 2563 2609 4168 2683">
    <p class='ocr_par' dir='ltr' id='par_1_56' title="bbox 2563 2609 4168 2683">
     <span class='ocr_line' id='line_1_56' title="bbox 2563 2609 4168 2683; baseline 0.007 -25"><span class='ocrx_word' id='word_1_427' title='bbox 2563 2612 2914 2680; x_wconf 88' lang='grc' dir='ltr'>παναρμόνιον</span> <span class='ocrx_word' id='word_1_428' title='bbox 2974 2609 3299 2683; x_wconf 75' lang='grc' dir='ltr'>πολυφωνίαν</span> <span class='ocrx_word' id='word_1_429' title='bbox 3372 2612 3666 2665; x_wconf 73' lang='grc' dir='ltr'>Εὗσταθίου</span> <span class='ocrx_word' id='word_1_430' title='bbox 3741 2616 3968 2667; x_wconf 88' lang='grc' dir='ltr'>όποσοῦν</span> <span class='ocrx_word' id='word_1_431' title='bbox 4043 2618 4168 2669; x_wconf 67' lang='grc' dir='ltr'>ὑποο</span> 
     </span>
    </p>
   </div>
   <div class='ocr_carea' id='block_1_57' title="bbox 2562 2696 2881 2770">
    <p class='ocr_par' dir='ltr' id='par_1_57' title="bbox 2562 2696 2881 2770">
     <span class='ocr_line' id='line_1_57' title="bbox 2562 2696 2881 2770; baseline 0.006 -21"><span class='ocrx_word' id='word_1_432' title='bbox 2562 2696 2881 2770; x_wconf 74' lang='grc' dir='ltr'>γράψαιμεν.</span> 
     </span>
    </p>
   </div>
   <div class='ocr_carea' id='block_1_58' title="bbox 2634 2784 4167 2866">
    <p class='ocr_par' dir='ltr' id='par_1_58' title="bbox 2634 2784 4167 2866">
     <span class='ocr_line' id='line_1_58' title="bbox 2634 2784 4167 2866; baseline 0.005 -26"><span class='ocrx_word' id='word_1_433' title='bbox 2634 2786 2763 2859; x_wconf 86' lang='grc' dir='ltr'><strong>Ἐγὼ</strong></span> <span class='ocrx_word' id='word_1_434' title='bbox 2806 2784 2854 2840; x_wconf 84' lang='grc' dir='ltr'>δ’</span> <span class='ocrx_word' id='word_1_435' title='bbox 2890 2791 2975 2840; x_wconf 82' lang='grc' dir='ltr'>ἵνα</span> <span class='ocrx_word' id='word_1_436' title='bbox 3022 2792 3107 2841; x_wconf 86' lang='grc' dir='ltr'>τὸν</span> <span class='ocrx_word' id='word_1_437' title='bbox 3149 2794 3268 2865; x_wconf 88' lang='grc' dir='ltr'>περὶ</span> <span class='ocrx_word' id='word_1_438' title='bbox 3315 2799 3414 2842; x_wconf 93' lang='grc' dir='ltr'>τῶν</span> <span class='ocrx_word' id='word_1_439' title='bbox 3458 2790 3620 2862; x_wconf 84' lang='grc' dir='ltr'>λόγων</span> <span class='ocrx_word' id='word_1_440' title='bbox 3673 2791 3823 2864; x_wconf 89' lang='grc' dir='ltr'>λόγον</span> <span class='ocrx_word' id='word_1_441' title='bbox 3864 2794 4056 2847; x_wconf 83' lang='grc' dir='ltr'>συνέλω</span> <span class='ocrx_word' id='word_1_442' title='bbox 4088 2796 4167 2866; x_wconf 82' lang='grc' dir='ltr'>(οὔ</span> 
     </span>
    </p>
   </div>
   <div class='ocr_carea' id='block_1_59' title="bbox 2561 2876 4167 2955">
    <p class='ocr_par' dir='ltr' id='par_1_59' title="bbox 2561 2876 4167 2955">
     <span class='ocr_line' id='line_1_59' title="bbox 2561 2876 4167 2955; baseline 0.006 -28"><span class='ocrx_word' id='word_1_443' title='bbox 2561 2877 2663 2949; x_wconf 79' lang='grc' dir='ltr'>γὰρ</span> <span class='ocrx_word' id='word_1_444' title='bbox 2743 2876 2947 2948; x_wconf 69' lang='grc' dir='ltr'>ἐφίησιν</span> <span class='ocrx_word' id='word_1_445' title='bbox 2994 2878 3020 2929; x_wconf 88' lang='grc' dir='ltr'><strong><em>ὁ</em></strong></span> <span class='ocrx_word' id='word_1_446' title='bbox 3079 2882 3261 2954; x_wconf 84' lang='grc' dir='ltr'>καιρὸς</span> <span class='ocrx_word' id='word_1_447' title='bbox 3318 2878 3611 2951; x_wconf 76' lang='grc' dir='ltr'>ἐπεξιέναι)⁵</span> <span class='ocrx_word' id='word_1_448' title='bbox 3643 2885 3763 2933; x_wconf 85' lang='grc' dir='ltr'>ὅσον</span> <span class='ocrx_word' id='word_1_449' title='bbox 3794 2885 3901 2955; x_wconf 74' lang='grc' dir='ltr'>μὲν·</span> <span class='ocrx_word' id='word_1_450' title='bbox 3925 2887 3983 2935; x_wconf 85' lang='grc' dir='ltr'>τὸ</span> <span class='ocrx_word' id='word_1_451' title='bbox 4016 2885 4167 2936; x_wconf 82' lang='grc' dir='ltr'>ἐνθυ-</span> 
     </span>
    </p>
   </div>
   <div class='ocr_carea' id='block_1_60' title="bbox 2564 2965 4171 3042">
    <p class='ocr_par' dir='ltr' id='par_1_60' title="bbox 2564 2965 4171 3042">
     <span class='ocr_line' id='line_1_60' title="bbox 2564 2965 4171 3042; baseline 0.004 -26"><span class='ocrx_word' id='word_1_452' title='bbox 2564 2968 2861 3037; x_wconf 84' lang='grc' dir='ltr'>μηματικὸν</span> <span class='ocrx_word' id='word_1_453' title='bbox 2901 2965 3094 3019; x_wconf 85' lang='grc' dir='ltr'>ἐκείνου</span> <span class='ocrx_word' id='word_1_454' title='bbox 3125 2973 3215 3020; x_wconf 85' lang='grc' dir='ltr'>καὶ</span> <span class='ocrx_word' id='word_1_455' title='bbox 3256 2973 3468 3042; x_wconf 88' lang='grc' dir='ltr'>γόνιμον</span> <span class='ocrx_word' id='word_1_456' title='bbox 3499 2968 3511 3023; x_wconf 77' lang='grc'>1</span> <span class='ocrx_word' id='word_1_457' title='bbox 3555 2973 3677 3032; x_wconf 82' lang='grc' dir='ltr'>ὅσος</span> <span class='ocrx_word' id='word_1_458' title='bbox 3707 2967 3767 3023; x_wconf 69' lang='grc' dir='ltr'>δὲ</span> <span class='ocrx_word' id='word_1_459' title='bbox 3805 2975 3830 3023; x_wconf 89' lang='grc' dir='ltr'>ό</span> <span class='ocrx_word' id='word_1_460' title='bbox 3861 2975 4005 3033; x_wconf 87' lang='grc' dir='ltr'>τόνος</span> <span class='ocrx_word' id='word_1_461' title='bbox 4038 2971 4049 3025; x_wconf 81' lang='lat' dir='ltr'>l</span> <span class='ocrx_word' id='word_1_462' title='bbox 4085 2976 4171 3024; x_wconf 81' lang='grc' dir='ltr'>οἶα</span> 
     </span>
    </p>
   </div>
   <div class='ocr_carea' id='block_1_61' title="bbox 2566 3050 4170 3129">
    <p class='ocr_par' dir='ltr' id='par_1_61' title="bbox 2566 3050 4170 3129">
     <span class='ocr_line' id='line_1_61' title="bbox 2566 3050 4170 3129; baseline 0.005 -23"><span class='ocrx_word' id='word_1_463' title='bbox 2566 3050 2625 3106; x_wconf 75' lang='grc' dir='ltr'>δὲ</span> <span class='ocrx_word' id='word_1_464' title='bbox 2672 3058 2703 3112; x_wconf 80' lang='grc' dir='ltr'><em>ὴ</em></span> <span class='ocrx_word' id='word_1_465' title='bbox 2756 3058 2907 3129; x_wconf 81' lang='grc' dir='ltr'>φορὰ,</span> <span class='ocrx_word' id='word_1_466' title='bbox 2961 3059 3042 3107; x_wconf 79' lang='grc' dir='ltr'>ὅτε</span> <span class='ocrx_word' id='word_1_467' title='bbox 3094 3057 3401 3111; x_wconf 68' lang='grc' dir='ltr'>πνεύσειενῐ</span> <span class='ocrx_word' id='word_1_468' title='bbox 3452 3058 3605 3116; x_wconf 80' lang='grc' dir='ltr'>ἡλίκη</span> <span class='ocrx_word' id='word_1_469' title='bbox 3658 3056 3772 3118; x_wconf 72' lang='grc' dir='ltr'>δὲή</span> <span class='ocrx_word' id='word_1_470' title='bbox 3808 3057 4041 3122; x_wconf 75' lang='grc' dir='ltr'>δεινότης</span> <span class='ocrx_word' id='word_1_471' title='bbox 4078 3067 4170 3114; x_wconf 87' lang='grc' dir='ltr'>καὶ</span> 
     </span>
    </p>
   </div>
   <div class='ocr_carea' id='block_1_62' title="bbox 2565 3143 4168 3223">
    <p class='ocr_par' dir='ltr' id='par_1_62' title="bbox 2565 3143 4168 3223">
     <span class='ocr_line' id='line_1_62' title="bbox 2565 3143 4168 3223; baseline 0.006 -30"><span class='ocrx_word' id='word_1_472' title='bbox 2565 3143 2595 3201; x_wconf 76' lang='grc' dir='ltr'><strong><em>ἦ</em></strong></span> <span class='ocrx_word' id='word_1_473' title='bbox 2666 3145 2946 3215; x_wconf 81' lang='grc' dir='ltr'>ἀμήχανος</span> <span class='ocrx_word' id='word_1_474' title='bbox 3001 3150 3112 3220; x_wconf 83' lang='grc' dir='ltr'>ὥρα</span> <span class='ocrx_word' id='word_1_475' title='bbox 3180 3155 3253 3198; x_wconf 92' lang='grc' dir='ltr'>τῶ</span> <span class='ocrx_word' id='word_1_476' title='bbox 3313 3147 3617 3222; x_wconf 72' lang='grc' dir='ltr'>στρογγύλῳ</span> <span class='ocrx_word' id='word_1_477' title='bbox 3681 3154 3772 3202; x_wconf 82' lang='grc' dir='ltr'>καὶ</span> <span class='ocrx_word' id='word_1_478' title='bbox 3836 3150 4024 3223; x_wconf 79' lang='grc' dir='ltr'>κομψῷ</span> <span class='ocrx_word' id='word_1_479' title='bbox 4068 3160 4168 3203; x_wconf 88' lang='grc' dir='ltr'>τῶν</span> 
     </span>
    </p>
   </div>
   <div class='ocr_carea' id='block_1_63' title="bbox 2564 3232 4169 3313">
    <p class='ocr_par' dir='ltr' id='par_1_63' title="bbox 2564 3232 4169 3313">
     <span class='ocr_line' id='line_1_63' title="bbox 2564 3232 4169 3313; baseline 0.006 -30"><span class='ocrx_word' id='word_1_480' title='bbox 2564 3237 2682 3306; x_wconf 81' lang='grc' dir='ltr'>περὶ</span> <span class='ocrx_word' id='word_1_481' title='bbox 2734 3237 2828 3290; x_wconf 81' lang='grc' dir='ltr'>τὴν</span> <span class='ocrx_word' id='word_1_482' title='bbox 2878 3232 3149 3307; x_wconf 76' lang='grc' dir='ltr'>ἑρμηνειαν</span> <span class='ocrx_word' id='word_1_483' title='bbox 3198 3233 3552 3309; x_wconf 81' lang='grc' dir='ltr'>ἐπιμειδιῶσα</span> <span class='ocrx_word' id='word_1_484' title='bbox 3599 3240 3731 3310; x_wconf 81' lang='grc' dir='ltr'>μετὰ</span> <span class='ocrx_word' id='word_1_485' title='bbox 3774 3245 3868 3300; x_wconf 86' lang='grc' dir='ltr'>τῆς</span> <span class='ocrx_word' id='word_1_486' title='bbox 3903 3239 4169 3313; x_wconf 81' lang='grc' dir='ltr'>γλαφυρᾶς</span> 
     </span>
    </p>
   </div>
   <div class='ocr_carea' id='block_1_64' title="bbox 2564 3323 4165 3399">
    <p class='ocr_par' dir='ltr' id='par_1_64' title="bbox 2564 3323 4165 3399">
     <span class='ocr_line' id='line_1_64' title="bbox 2564 3323 4165 3399; baseline 0.004 -26"><span class='ocrx_word' id='word_1_487' title='bbox 2564 3328 2663 3373; x_wconf 87' lang='grc' dir='ltr'>τῶν</span> <span class='ocrx_word' id='word_1_488' title='bbox 2718 3324 2990 3393; x_wconf 83' lang='grc' dir='ltr'>νοημὰτων</span> <span class='ocrx_word' id='word_1_489' title='bbox 3040 3325 3267 3397; x_wconf 83' lang='grc' dir='ltr'>χάριτος</span> <span class='ocrx_word' id='word_1_490' title='bbox 3318 3323 3550 3377; x_wconf 74' lang='grc' dir='ltr'>ΞἘκεῖνο</span> <span class='ocrx_word' id='word_1_491' title='bbox 3603 3330 3757 3399; x_wconf 85' lang='grc' dir='ltr'>φημί·</span> <span class='ocrx_word' id='word_1_492' title='bbox 3816 3330 3903 3397; x_wconf 66' lang='grc' dir='ltr'>ὡς3</span> <span class='ocrx_word' id='word_1_493' title='bbox 3952 3331 3997 3379; x_wconf 80' lang='grc' dir='ltr'>εἰ</span> <span class='ocrx_word' id='word_1_494' title='bbox 4042 3348 4095 3379; x_wconf 87' lang='grc' dir='ltr'>τι</span> <span class='ocrx_word' id='word_1_495' title='bbox 4134 3332 4165 3387; x_wconf 81' lang='grc' dir='ltr'><em>ἣ</em></span> 
     </span>
    </p>
   </div>
   <div class='ocr_carea' id='block_1_65' title="bbox 2563 3408 4169 3488">
    <p class='ocr_par' dir='ltr' id='par_1_65' title="bbox 2563 3408 4169 3488">
     <span class='ocr_line' id='line_1_65' title="bbox 2563 3408 4169 3488; baseline 0.006 -28"><span class='ocrx_word' id='word_1_496' title='bbox 2563 3413 2681 3482; x_wconf 88' lang='grc' dir='ltr'>περὶ</span> <span class='ocrx_word' id='word_1_497' title='bbox 2710 3408 2863 3481; x_wconf 90' lang='grc' dir='ltr'>λόγου</span> <span class='ocrx_word' id='word_1_498' title='bbox 2912 3415 3101 3482; x_wconf 84' lang='grc' dir='ltr'>τέχνην</span> <span class='ocrx_word' id='word_1_499' title='bbox 3139 3418 3371 3471; x_wconf 79' lang='grc' dir='ltr'>ἡντινοῦν</span> <span class='ocrx_word' id='word_1_500' title='bbox 3402 3418 3431 3472; x_wconf 82' lang='grc' dir='ltr'>ἤ</span> <span class='ocrx_word' id='word_1_501' title='bbox 3482 3416 3779 3487; x_wconf 61' lang='grc' dir='ltr'>ἐπιστήμην</span> <span class='ocrx_word' id='word_1_502' title='bbox 3828 3416 4001 3488; x_wconf 79' lang='grc' dir='ltr'>ὄφελός</span> <span class='ocrx_word' id='word_1_503' title='bbox 4054 3415 4169 3469; x_wconf 83' lang='grc' dir='ltr'>ἐστι</span> 
     </span>
    </p>
   </div>
   <div class='ocr_carea' id='block_1_66' title="bbox 2564 3500 4168 3578">
    <p class='ocr_par' dir='ltr' id='par_1_66' title="bbox 2564 3500 4168 3578">
     <span class='ocr_line' id='line_1_66' title="bbox 2564 3500 4168 3578; baseline 0.006 -29"><span class='ocrx_word' id='word_1_504' title='bbox 2564 3506 2651 3549; x_wconf 84' lang='grc' dir='ltr'>νῦν</span> <span class='ocrx_word' id='word_1_505' title='bbox 2699 3507 2768 3568; x_wconf 87' lang='grc' dir='ltr'>τῷ</span> <span class='ocrx_word' id='word_1_506' title='bbox 2816 3500 2934 3553; x_wconf 84' lang='grc' dir='ltr'>καθ’</span> <span class='ocrx_word' id='word_1_507' title='bbox 2986 3502 3122 3573; x_wconf 80' lang='grc' dir='ltr'>ἡμᾶς</span> <span class='ocrx_word' id='word_1_508' title='bbox 3170 3501 3291 3575; x_wconf 78' lang='grc' dir='ltr'>βίῳ,</span> <span class='ocrx_word' id='word_1_509' title='bbox 3340 3512 3441 3565; x_wconf 88' lang='grc' dir='ltr'>τῶς</span> <span class='ocrx_word' id='word_1_510' title='bbox 3494 3505 3788 3557; x_wconf 85' lang='grc' dir='ltr'>Εὐσταθίου</span> <span class='ocrx_word' id='word_1_511' title='bbox 3847 3511 4031 3578; x_wconf 89' lang='grc' dir='ltr'>σοφίας</span> <span class='ocrx_word' id='word_1_512' title='bbox 4077 3511 4168 3560; x_wconf 80' lang='grc' dir='ltr'>καὶ</span> 
     </span>
    </p>
   </div>
   <div class='ocr_carea' id='block_1_67' title="bbox 2562 3590 4164 3663">
    <p class='ocr_par' dir='ltr' id='par_1_67' title="bbox 2562 3590 4164 3663">
     <span class='ocr_line' id='line_1_67' title="bbox 2562 3590 4164 3663; baseline 0.004 -23"><span class='ocrx_word' id='word_1_513' title='bbox 2562 3596 2810 3659; x_wconf 80' lang='grc' dir='ltr'>περιττῆς</span> <span class='ocrx_word' id='word_1_514' title='bbox 2851 3590 3091 3660; x_wconf 85' lang='grc' dir='ltr'>γλώττης</span> <span class='ocrx_word' id='word_1_515' title='bbox 3144 3592 3395 3663; x_wconf 71' lang='grc' dir='ltr'>ὁμιλητὴς</span> <span class='ocrx_word' id='word_1_516' title='bbox 3454 3595 3593 3645; x_wconf 68' lang='grc' dir='ltr'>ἔστιν</span> <span class='ocrx_word' id='word_1_517' title='bbox 3646 3593 3676 3651; x_wconf 73' lang='grc' dir='ltr'><strong><em>ἦ</em></strong></span> <span class='ocrx_word' id='word_1_518' title='bbox 3743 3598 3835 3645; x_wconf 88' lang='grc' dir='ltr'>καὶ</span> <span class='ocrx_word' id='word_1_519' title='bbox 3906 3593 4164 3656; x_wconf 77' lang='grc' dir='ltr'>ζηλωτὴς.</span> 
     </span>
    </p>
   </div>
   <div class='ocr_carea' id='block_1_68' title="bbox 2567 3677 4169 3757">
    <p class='ocr_par' dir='ltr' id='par_1_68' title="bbox 2567 3677 4169 3757">
     <span class='ocr_line' id='line_1_68' title="bbox 2567 3677 4169 3757; baseline 0.004 -28"><span class='ocrx_word' id='word_1_520' title='bbox 2567 3677 2809 3749; x_wconf 80' lang='grc' dir='ltr'>Ἀπὸχρη</span> <span class='ocrx_word' id='word_1_521' title='bbox 2857 3681 2958 3751; x_wconf 83' lang='grc' dir='ltr'>γὰρ</span> <span class='ocrx_word' id='word_1_522' title='bbox 3010 3686 3171 3731; x_wconf 84' lang='grc' dir='ltr'>πᾶσιν</span> <span class='ocrx_word' id='word_1_523' title='bbox 3211 3686 3277 3741; x_wconf 78' lang='grc' dir='ltr'>εἰς</span> <span class='ocrx_word' id='word_1_524' title='bbox 3323 3680 3472 3751; x_wconf 88' lang='grc' dir='ltr'>λόγον</span> <span class='ocrx_word' id='word_1_525' title='bbox 3525 3681 4040 3757; x_wconf 75' lang='grc' dir='ltr'>ἀπολαμπρύσματος</span> <span class='ocrx_word' id='word_1_526' title='bbox 4077 3690 4169 3737; x_wconf 86' lang='grc' dir='ltr'>καὶ</span> 
     </span>
    </p>
   </div>
   <div class='ocr_carea' id='block_1_69' title="bbox 2567 3766 4168 3845">
    <p class='ocr_par' dir='ltr' id='par_1_69' title="bbox 2567 3766 4168 3845">
     <span class='ocr_line' id='line_1_69' title="bbox 2567 3766 4168 3845; baseline 0.005 -28"><span class='ocrx_word' id='word_1_527' title='bbox 2567 3769 2899 3838; x_wconf 85' lang='grc' dir='ltr'>σεμνώματος</span> <span class='ocrx_word' id='word_1_528' title='bbox 2948 3766 3060 3821; x_wconf 80' lang='grc' dir='ltr'>ἀντὶ</span> <span class='ocrx_word' id='word_1_529' title='bbox 3108 3778 3283 3821; x_wconf 87' lang='grc' dir='ltr'>ποσῶν</span> <span class='ocrx_word' id='word_1_530' title='bbox 3334 3767 3507 3837; x_wconf 81' lang='grc' dir='ltr'>ἰδεῶν,</span> <span class='ocrx_word' id='word_1_531' title='bbox 3555 3776 3599 3823; x_wconf 81' lang='grc' dir='ltr'>εὶ</span> <span class='ocrx_word' id='word_1_532' title='bbox 3632 3775 3761 3844; x_wconf 85' lang='grc' dir='ltr'>πρὸς</span> <span class='ocrx_word' id='word_1_533' title='bbox 3810 3773 3859 3824; x_wconf 87' lang='grc' dir='ltr'>ἓν</span> <span class='ocrx_word' id='word_1_534' title='bbox 3889 3778 3949 3845; x_wconf 88' lang='grc' dir='ltr'><em>γέ</em></span> <span class='ocrx_word' id='word_1_535' title='bbox 3984 3793 4037 3825; x_wconf 90' lang='grc' dir='ltr'>τι</span> <span class='ocrx_word' id='word_1_536' title='bbox 4068 3782 4168 3825; x_wconf 90' lang='grc' dir='ltr'>τῶν</span> 
     </span>
    </p>
   </div>
   <div class='ocr_carea' id='block_1_70' title="bbox 802 3849 2571 3934">
    <p class='ocr_par' dir='ltr' id='par_1_70' title="bbox 802 3850 2571 3933">
     <span class='ocr_line' id='line_1_70' title="bbox 802 3850 2571 3933; baseline -0.001 -26"><span class='ocrx_word' id='word_1_537' title='bbox 802 3850 958 3907; x_wconf 90' lang='lat' dir='ltr'><strong>adeo</strong></span> <span class='ocrx_word' id='word_1_538' title='bbox 973 3858 1038 3908; x_wconf 88' lang='lat' dir='ltr'>ut</span> <span class='ocrx_word' id='word_1_539' title='bbox 1050 3853 1344 3926; x_wconf 91' lang='lat' dir='ltr'><strong>quidquid</strong></span> <span class='ocrx_word' id='word_1_540' title='bbox 1366 3854 1721 3927; x_wconf 86' lang='lat' dir='ltr'><strong>profabatur</strong></span> <span class='ocrx_word' id='word_1_541' title='bbox 1732 3856 1895 3911; x_wconf 88' lang='lat' dir='ltr'><strong>vocis</strong></span> <span class='ocrx_word' id='word_1_542' title='bbox 1911 3855 2126 3910; x_wconf 67' lang='lat' dir='ltr'><strong>divinae</strong></span> <span class='ocrx_word' id='word_1_543' title='bbox 2141 3869 2210 3909; x_wconf 89' lang='lat' dir='ltr'>ac</span> <span class='ocrx_word' id='word_1_544' title='bbox 2223 3868 2453 3909; x_wconf 72' lang='lat' dir='ltr'><strong>normae</strong></span> <span class='ocrx_word' id='word_1_545' title='bbox 2483 3879 2527 3933; x_wconf 67' lang='grc' dir='ltr'>ο</span> <span class='ocrx_word' id='word_1_546' title='bbox 2566 3858 2571 3904; x_wconf 78' lang='lat'>1</span> 
     </span>
    </p>
   </div>
   <div class='ocr_carea' id='block_1_71' title="bbox 2400 3849 4169 3934">
    <p class='ocr_par' dir='ltr' id='par_1_71' title="bbox 2403 3849 4169 3934">
     <span class='ocr_line' id='line_1_71' title="bbox 2403 3849 4169 3934; baseline 0.003 -26"><span class='ocrx_word' id='word_1_547' title='bbox 2403 3868 2453 3908; x_wconf 73' lang='lat' dir='ltr'>ae</span> <span class='ocrx_word' id='word_1_548' title='bbox 2483 3879 2527 3933; x_wconf 67' lang='grc' dir='ltr'>ο</span> <span class='ocrx_word' id='word_1_549' title='bbox 2566 3849 2715 3906; x_wconf 81' lang='grc' dir='ltr'>ἰδίων</span> <span class='ocrx_word' id='word_1_550' title='bbox 2760 3852 2951 3907; x_wconf 78' lang='grc' dir='ltr'>ἐκείνου</span> <span class='ocrx_word' id='word_1_551' title='bbox 2982 3861 3073 3909; x_wconf 85' lang='grc' dir='ltr'>καὶ</span> <span class='ocrx_word' id='word_1_552' title='bbox 3133 3855 3385 3932; x_wconf 78' lang='grc' dir='ltr'>ἀμυδρῶς</span> <span class='ocrx_word' id='word_1_553' title='bbox 3427 3867 3552 3931; x_wconf 87' lang='grc' dir='ltr'>γοῦν</span> <span class='ocrx_word' id='word_1_554' title='bbox 3606 3858 3927 3934; x_wconf 75' lang='grc' dir='ltr'>ἀναφέροιτο,</span> <span class='ocrx_word' id='word_1_555' title='bbox 3988 3864 4169 3923; x_wconf 74' lang='grc' dir='ltr'>Οὕτως</span> 
     </span>
    </p>
   </div>
   <div class='ocr_carea' id='block_1_72' title="bbox 797 3939 2455 4017">
    <p class='ocr_par' dir='ltr' id='par_1_72' title="bbox 797 3939 2455 4017">
     <span class='ocr_line' id='line_1_72' title="bbox 797 3939 2455 4017; baseline 0.001 -21"><span class='ocrx_word' id='word_1_556' title='bbox 797 3939 934 3997; x_wconf 93' lang='lat' dir='ltr'><strong>loco</strong></span> <span class='ocrx_word' id='word_1_557' title='bbox 954 3946 1131 4005; x_wconf 89' lang='lat' dir='ltr'><strong>esset,</strong></span> <span class='ocrx_word' id='word_1_558' title='bbox 1157 3958 1266 3998; x_wconf 93' lang='lat' dir='ltr'>nec</span> <span class='ocrx_word' id='word_1_559' title='bbox 1287 3943 1550 3999; x_wconf 88' lang='lat' dir='ltr'><strong>absurde</strong></span> <span class='ocrx_word' id='word_1_560' title='bbox 1571 3944 1645 4000; x_wconf 92' lang='lat' dir='ltr'>de</span> <span class='ocrx_word' id='word_1_561' title='bbox 1665 3945 1766 4001; x_wconf 91' lang='lat' dir='ltr'><strong>illo</strong></span> <span class='ocrx_word' id='word_1_562' title='bbox 1788 3945 2300 4017; x_wconf 88' lang='lat' dir='ltr'><strong>Pythagoreorum</strong></span> <span class='ocrx_word' id='word_1_563' title='bbox 2320 3940 2455 4015; x_wconf 80' lang='lat' dir='ltr'><strong>Idic-</strong></span> 
     </span>
    </p>
   </div>
   <div class='ocr_carea' id='block_1_73' title="bbox 798 4031 1509 4103">
    <p class='ocr_par' dir='ltr' id='par_1_73' title="bbox 798 4031 1509 4103">
     <span class='ocr_line' id='line_1_73' title="bbox 798 4031 1509 4103; baseline 0.008 -18"><span class='ocrx_word' id='word_1_564' title='bbox 798 4034 859 4085; x_wconf 91' lang='lat' dir='ltr'>to</span> <span class='ocrx_word' id='word_1_565' title='bbox 884 4046 897 4085; x_wconf 92' lang='lat'><strong>:</strong></span> <span class='ocrx_word' id='word_1_566' title='bbox 930 4033 1059 4103; x_wconf 88' lang='lat' dir='ltr'><strong>ipse</strong></span> <span class='ocrx_word' id='word_1_567' title='bbox 1084 4031 1509 4103; x_wconf 83' lang='lat' dir='ltr'><strong>dixit,cogites.</strong></span> 
     </span>
    </p>
   </div>
   <div class='ocr_carea' id='block_1_74' title="bbox 2564 3943 4172 4026">
    <p class='ocr_par' dir='ltr' id='par_1_74' title="bbox 2564 3943 4172 4026">
     <span class='ocr_line' id='line_1_74' title="bbox 2564 3943 4172 4026; baseline 0.006 -33"><span class='ocrx_word' id='word_1_568' title='bbox 2564 3943 2700 3994; x_wconf 70' lang='grc' dir='ltr'>ἅπαν</span> <span class='ocrx_word' id='word_1_569' title='bbox 2726 3946 2785 3995; x_wconf 83' lang='grc' dir='ltr'>τὸ</span> <span class='ocrx_word' id='word_1_570' title='bbox 2816 3944 3114 4016; x_wconf 84' lang='grc' dir='ltr'>φιλολογοῦν</span> <span class='ocrx_word' id='word_1_571' title='bbox 3137 3949 3200 4007; x_wconf 79' lang='grc' dir='ltr'>ως</span> <span class='ocrx_word' id='word_1_572' title='bbox 3224 3948 3295 4010; x_wconf 85' lang='grc' dir='ltr'>εἰς</span> <span class='ocrx_word' id='word_1_573' title='bbox 3330 3950 3440 4001; x_wconf 84' lang='grc' dir='ltr'>θεὸν</span> <span class='ocrx_word' id='word_1_574' title='bbox 3470 3968 3586 4001; x_wconf 88' lang='grc' dir='ltr'>τινα</span> <span class='ocrx_word' id='word_1_575' title='bbox 3615 3949 3787 4020; x_wconf 84' lang='grc' dir='ltr'>λόγιον</span> <span class='ocrx_word' id='word_1_576' title='bbox 3814 3948 4172 4026; x_wconf 77' lang='grc' dir='ltr'>ἐπέστραπταί</span> 
     </span>
    </p>
   </div>
   <div class='ocr_carea' id='block_1_75' title="bbox 2568 4035 4172 4111">
    <p class='ocr_par' dir='ltr' id='par_1_75' title="bbox 2568 4035 4172 4111">
     <span class='ocr_line' id='line_1_75' title="bbox 2568 4035 4172 4111; baseline 0.007 -29"><span class='ocrx_word' id='word_1_577' title='bbox 2568 4036 2768 4084; x_wconf 72' lang='grc' dir='ltr'>τουτονί</span> <span class='ocrx_word' id='word_1_578' title='bbox 2832 4039 2922 4085; x_wconf 69' lang='grc' dir='ltr'>καὶ</span> <span class='ocrx_word' id='word_1_579' title='bbox 2971 4036 2997 4086; x_wconf 87' lang='grc' dir='ltr'><strong>ὅ</strong></span> <span class='ocrx_word' id='word_1_580' title='bbox 3045 4056 3096 4087; x_wconf 88' lang='grc' dir='ltr'>τι</span> <span class='ocrx_word' id='word_1_581' title='bbox 3147 4035 3209 4088; x_wconf 83' lang='grc' dir='ltr'>ἂν</span> <span class='ocrx_word' id='word_1_582' title='bbox 3264 4037 3559 4109; x_wconf 81' lang='grc' dir='ltr'>φθέγξοιτο,</span> <span class='ocrx_word' id='word_1_583' title='bbox 3600 4044 3736 4111; x_wconf 83' lang='grc' dir='ltr'>φωνή</span> <span class='ocrx_word' id='word_1_584' title='bbox 3789 4044 3871 4102; x_wconf 87' lang='grc' dir='ltr'>τίς</span> <span class='ocrx_word' id='word_1_585' title='bbox 3898 4039 4010 4093; x_wconf 75' lang='grc' dir='ltr'>ἐστι</span> <span class='ocrx_word' id='word_1_586' title='bbox 4060 4042 4172 4093; x_wconf 91' lang='grc' dir='ltr'>θεία</span> 
     </span>
    </p>
   </div>
   <div class='ocr_carea' id='block_1_76' title="bbox 798 4121 4172 4205">
    <p class='ocr_par' dir='ltr' id='par_1_76' title="bbox 798 4121 4172 4205">
     <span class='ocr_line' id='line_1_76' title="bbox 798 4121 4172 4205; baseline 0.004 -34"><span class='ocrx_word' id='word_1_587' title='bbox 798 4124 889 4171; x_wconf 76' lang='grc' dir='ltr'>καὶ</span> <span class='ocrx_word' id='word_1_588' title='bbox 917 4121 1107 4193; x_wconf 88' lang='grc' dir='ltr'>θεσμός</span> <span class='ocrx_word' id='word_1_589' title='bbox 1138 4128 1418 4193; x_wconf 85' lang='grc' dir='ltr'>τεχνογὶας</span> <span class='ocrx_word' id='word_1_590' title='bbox 1471 4122 1685 4185; x_wconf 82' lang='grc' dir='ltr'>ἀπάσης</span> <span class='ocrx_word' id='word_1_591' title='bbox 1714 4125 2160 4197; x_wconf 82' lang='grc' dir='ltr'>ὑπερανεστηκὼς,</span> <span class='ocrx_word' id='word_1_592' title='bbox 2192 4126 2283 4174; x_wconf 85' lang='grc' dir='ltr'>καὶ</span> <span class='ocrx_word' id='word_1_593' title='bbox 2312 4124 2540 4175; x_wconf 88' lang='grc' dir='ltr'>κανόνων</span> <span class='ocrx_word' id='word_1_594' title='bbox 2588 4127 2755 4175; x_wconf 84' lang='grc' dir='ltr'>κανὼν</span> <span class='ocrx_word' id='word_1_595' title='bbox 2785 4128 2855 4196; x_wconf 84' lang='grc' dir='ltr'>μὴ</span> <span class='ocrx_word' id='word_1_596' title='bbox 2900 4128 3222 4198; x_wconf 81' lang='grc' dir='ltr'>κινούμενος,</span> <span class='ocrx_word' id='word_1_597' title='bbox 3267 4133 3357 4180; x_wconf 85' lang='grc' dir='ltr'>καὶ</span> <span class='ocrx_word' id='word_1_598' title='bbox 3396 4131 3464 4190; x_wconf 83' lang='grc' dir='ltr'>ὡς</span> <span class='ocrx_word' id='word_1_599' title='bbox 3515 4136 3621 4191; x_wconf 86' lang='grc' dir='ltr'>τοῖς</span> <span class='ocrx_word' id='word_1_600' title='bbox 3676 4130 4061 4205; x_wconf 85' lang='grc' dir='ltr'>Πυθαγορικοῖς</span> <span class='ocrx_word' id='word_1_601' title='bbox 4112 4135 4172 4183; x_wconf 86' lang='grc' dir='ltr'>τό</span> 
     </span>
    </p>
   </div>
   <div class='ocr_carea' id='block_1_77' title="bbox 797 4209 1602 4286">
    <p class='ocr_par' dir='ltr' id='par_1_77' title="bbox 797 4209 1602 4286">
     <span class='ocr_line' id='line_1_77' title="bbox 797 4209 1602 4286; baseline 0.004 -25"><span class='ocrx_word' id='word_1_602' title='bbox 797 4209 967 4272; x_wconf 78' lang='grc' dir='ltr'>Αὐτὸς</span> <span class='ocrx_word' id='word_1_603' title='bbox 988 4213 1142 4284; x_wconf 74' lang='grc' dir='ltr'>ἔφατο</span> <span class='ocrx_word' id='word_1_604' title='bbox 1170 4210 1602 4286; x_wconf 78' lang='grc' dir='ltr'>προϐαλλόμενος.</span> 
     </span>
    </p>
   </div>
   <div class='ocr_carea' id='block_1_78' title="bbox 868 4333 2456 4410">
    <p class='ocr_par' dir='ltr' id='par_1_78' title="bbox 868 4333 2456 4410">
     <span class='ocr_line' id='line_1_78' title="bbox 868 4333 2456 4410; baseline 0.001 -20"><span class='ocrx_word' id='word_1_605' title='bbox 868 4333 959 4391; x_wconf 82' lang='lat' dir='ltr'><strong>Nil</strong></span> <span class='ocrx_word' id='word_1_606' title='bbox 1001 4335 1223 4392; x_wconf 89' lang='lat' dir='ltr'><strong>mirum</strong></span> <span class='ocrx_word' id='word_1_607' title='bbox 1253 4337 1434 4408; x_wconf 90' lang='lat' dir='ltr'><strong>igitur</strong></span> <span class='ocrx_word' id='word_1_608' title='bbox 1454 4338 1503 4393; x_wconf 90' lang='lat' dir='ltr'>si</span> <span class='ocrx_word' id='word_1_609' title='bbox 1529 4337 1665 4395; x_wconf 69' lang='lat' dir='ltr'><strong>duae</strong></span> <span class='ocrx_word' id='word_1_610' title='bbox 1696 4342 1866 4394; x_wconf 73' lang='lat' dir='ltr'><strong>terra:</strong></span> <span class='ocrx_word' id='word_1_611' title='bbox 1890 4341 2089 4410; x_wconf 87' lang='lat' dir='ltr'><strong>partes</strong></span> <span class='ocrx_word' id='word_1_612' title='bbox 2116 4336 2300 4393; x_wconf 88' lang='lat' dir='ltr'><strong>talem</strong></span> <span class='ocrx_word' id='word_1_613' title='bbox 2340 4335 2456 4391; x_wconf 87' lang='lat' dir='ltr'><strong>vir-</strong></span> 
     </span>
    </p>
   </div>
   <div class='ocr_carea' id='block_1_79' title="bbox 797 4425 2454 4500">
    <p class='ocr_par' dir='ltr' id='par_1_79' title="bbox 797 4425 2454 4500">
     <span class='ocr_line' id='line_1_79' title="bbox 797 4425 2454 4500; baseline 0.001 -20"><span class='ocrx_word' id='word_1_614' title='bbox 797 4425 937 4481; x_wconf 84' lang='lat' dir='ltr'><strong>tutis</strong></span> <span class='ocrx_word' id='word_1_615' title='bbox 959 4427 1384 4500; x_wconf 61' lang='lat' dir='ltr'><strong>saptentiwque</strong></span> <span class='ocrx_word' id='word_1_616' title='bbox 1420 4444 1620 4485; x_wconf 90' lang='lat' dir='ltr'><strong>arcem</strong></span> <span class='ocrx_word' id='word_1_617' title='bbox 1649 4427 1761 4484; x_wconf 91' lang='lat' dir='ltr'><strong>sibi</strong></span> <span class='ocrx_word' id='word_1_618' title='bbox 1783 4428 2110 4483; x_wconf 87' lang='lat' dir='ltr'><strong>vindicant.</strong></span> <span class='ocrx_word' id='word_1_619' title='bbox 2136 4428 2270 4482; x_wconf 89' lang='lat' dir='ltr'><strong>Jam</strong></span> <span class='ocrx_word' id='word_1_620' title='bbox 2294 4425 2454 4482; x_wconf 90' lang='lat' dir='ltr'><strong>enim</strong></span> 
     </span>
    </p>
   </div>
   <div class='ocr_carea' id='block_1_80' title="bbox 796 4514 2455 4590">
    <p class='ocr_par' dir='ltr' id='par_1_80' title="bbox 796 4514 2455 4590">
     <span class='ocr_line' id='line_1_80' title="bbox 796 4514 2455 4590; baseline 0.001 -20"><span class='ocrx_word' id='word_1_621' title='bbox 796 4514 927 4571; x_wconf 65' lang='lat' dir='ltr'><strong>haec</strong></span> <span class='ocrx_word' id='word_1_622' title='bbox 970 4521 1176 4573; x_wconf 88' lang='lat' dir='ltr'><strong>nostra</strong></span> <span class='ocrx_word' id='word_1_623' title='bbox 1201 4516 1345 4572; x_wconf 90' lang='lat' dir='ltr'><strong>urbs</strong></span> <span class='ocrx_word' id='word_1_624' title='bbox 1383 4534 1419 4573; x_wconf 88' lang='lat' dir='ltr'>a</span> <span class='ocrx_word' id='word_1_625' title='bbox 1445 4516 1718 4590; x_wconf 88' lang='lat' dir='ltr'><strong>pluribus</strong></span> <span class='ocrx_word' id='word_1_626' title='bbox 1743 4517 1857 4573; x_wconf 91' lang='lat' dir='ltr'><strong>diis</strong></span> <span class='ocrx_word' id='word_1_627' title='bbox 1892 4517 2110 4574; x_wconf 87' lang='lat' dir='ltr'><strong>dilecta</strong></span> <span class='ocrx_word' id='word_1_628' title='bbox 2139 4517 2247 4573; x_wconf 85' lang='lat' dir='ltr'><strong>fuit</strong></span> <span class='ocrx_word' id='word_1_629' title='bbox 2275 4540 2291 4585; x_wconf 71' lang='grc' dir='ltr'>ς</span> <span class='ocrx_word' id='word_1_630' title='bbox 2326 4516 2455 4588; x_wconf 91' lang='lat' dir='ltr'>jam</span> 
     </span>
    </p>
   </div>
   <div class='ocr_carea' id='block_1_81' title="bbox 797 4603 2452 4681">
    <p class='ocr_par' dir='ltr' id='par_1_81' title="bbox 797 4603 2452 4681">
     <span class='ocr_line' id='line_1_81' title="bbox 797 4603 2452 4681; baseline 0.002 -21"><span class='ocrx_word' id='word_1_631' title='bbox 797 4606 878 4660; x_wconf 92' lang='lat' dir='ltr'>ob</span> <span class='ocrx_word' id='word_1_632' title='bbox 906 4603 968 4660; x_wconf 91' lang='lat' dir='ltr'>id</span> <span class='ocrx_word' id='word_1_633' title='bbox 994 4610 1299 4661; x_wconf 87' lang='lat' dir='ltr'><strong>certamen</strong></span> <span class='ocrx_word' id='word_1_634' title='bbox 1323 4606 1607 4663; x_wconf 86' lang='lat' dir='ltr'><strong>olivetum</strong></span> <span class='ocrx_word' id='word_1_635' title='bbox 1634 4613 1690 4663; x_wconf 92' lang='lat' dir='ltr'>et</span> <span class='ocrx_word' id='word_1_636' title='bbox 1717 4607 1913 4663; x_wconf 71' lang='lat' dir='ltr'><strong>Pirteei</strong></span> <span class='ocrx_word' id='word_1_637' title='bbox 1941 4607 2452 4681; x_wconf 84' lang='lat' dir='ltr'><strong>amphitheatrum</strong></span> 
     </span>
    </p>
   </div>
   <div class='ocr_carea' id='block_1_82' title="bbox 795 4684 2451 4769">
    <p class='ocr_par' dir='ltr' id='par_1_82' title="bbox 795 4684 2451 4769">
     <span class='ocr_line' id='line_1_82' title="bbox 795 4684 2451 4769; baseline 0 -18"><span class='ocrx_word' id='word_1_638' title='bbox 795 4700 1243 4767; x_wconf 80' lang='lat' dir='ltr'><strong>nuncupantur.</strong></span> <span class='ocrx_word' id='word_1_639' title='bbox 1294 4684 1464 4762; x_wconf 84' lang='lat' dir='ltr'><strong>Quod</strong></span> <span class='ocrx_word' id='word_1_640' title='bbox 1501 4697 1663 4753; x_wconf 90' lang='lat' dir='ltr'><strong>idem</strong></span> <span class='ocrx_word' id='word_1_641' title='bbox 1696 4696 1815 4753; x_wconf 86' lang='lat' dir='ltr'><strong>fere</strong></span> <span class='ocrx_word' id='word_1_642' title='bbox 1858 4697 2021 4769; x_wconf 88' lang='lat' dir='ltr'><strong>apud</strong></span> <span class='ocrx_word' id='word_1_643' title='bbox 2049 4714 2163 4753; x_wconf 92' lang='lat' dir='ltr'>nos</span> <span class='ocrx_word' id='word_1_644' title='bbox 2207 4712 2451 4769; x_wconf 89' lang='lat' dir='ltr'><strong>quoque</strong></span> 
     </span>
    </p>
   </div>
   <div class='ocr_carea' id='block_1_83' title="bbox 796 4783 2453 4857">
    <p class='ocr_par' dir='ltr' id='par_1_83' title="bbox 796 4783 2453 4857">
     <span class='ocr_line' id='line_1_83' title="bbox 796 4783 2453 4857; baseline 0.001 -19"><span class='ocrx_word' id='word_1_645' title='bbox 796 4783 1068 4854; x_wconf 87' lang='lat' dir='ltr'><strong>contigit.</strong></span> <span class='ocrx_word' id='word_1_646' title='bbox 1106 4784 1295 4854; x_wconf 67' lang='lat' dir='ltr'><strong>Lyciae</strong></span> <span class='ocrx_word' id='word_1_647' title='bbox 1325 4791 1508 4857; x_wconf 89' lang='lat' dir='ltr'><strong>caput</strong></span> <span class='ocrx_word' id='word_1_648' title='bbox 1529 4802 1705 4840; x_wconf 90' lang='lat' dir='ltr'><strong>suum</strong></span> <span class='ocrx_word' id='word_1_649' title='bbox 1760 4791 1816 4841; x_wconf 91' lang='lat' dir='ltr'>te</span> <span class='ocrx_word' id='word_1_650' title='bbox 1868 4786 2216 4854; x_wconf 88' lang='lat' dir='ltr'><strong>vindicavit,</strong></span> <span class='ocrx_word' id='word_1_651' title='bbox 2277 4801 2313 4840; x_wconf 90' lang='grc' dir='ltr'>ο</span> <span class='ocrx_word' id='word_1_652' title='bbox 2362 4784 2453 4839; x_wconf 86' lang='lat' dir='ltr'>vir</span> 
     </span>
    </p>
   </div>
   <div class='ocr_carea' id='block_1_84' title="bbox 796 4873 2444 4948">
    <p class='ocr_par' dir='ltr' id='par_1_84' title="bbox 796 4873 2444 4948">
     <span class='ocr_line' id='line_1_84' title="bbox 796 4873 2444 4948; baseline -0.001 -19"><span class='ocrx_word' id='word_1_653' title='bbox 796 4873 1056 4945; x_wconf 86' lang='lat' dir='ltr'><strong>egregie,</strong></span> <span class='ocrx_word' id='word_1_654' title='bbox 1074 4874 1176 4945; x_wconf 90' lang='lat' dir='ltr'>qui</span> <span class='ocrx_word' id='word_1_655' title='bbox 1189 4874 1407 4931; x_wconf 66' lang='lat' dir='ltr'><strong>animus</strong></span> <span class='ocrx_word' id='word_1_656' title='bbox 1422 4874 1683 4929; x_wconf 89' lang='lat' dir='ltr'><strong>candore</strong></span> <span class='ocrx_word' id='word_1_657' title='bbox 1695 4891 1793 4930; x_wconf 92' lang='lat' dir='ltr'>om</span> <span class='ocrx_word' id='word_1_658' title='bbox 1804 4890 1907 4930; x_wconf 91' lang='lat' dir='ltr'>nes</span> <span class='ocrx_word' id='word_1_659' title='bbox 1921 4891 2044 4931; x_wconf 78' lang='lat' dir='ltr'><strong>eoae</strong></span> <span class='ocrx_word' id='word_1_660' title='bbox 2054 4892 2158 4930; x_wconf 91' lang='lat' dir='ltr'>vos</span> <span class='ocrx_word' id='word_1_661' title='bbox 2173 4890 2444 4948; x_wconf 87' lang='lat' dir='ltr'><strong>superas;</strong></span> 
     </span>
    </p>
   </div>
   <div class='ocr_carea' id='block_1_85' title="bbox 797 4952 2449 5036">
    <p class='ocr_par' dir='ltr' id='par_1_85' title="bbox 797 4952 2449 5036">
     <span class='ocr_line' id='line_1_85' title="bbox 797 4952 2449 5036; baseline 0 -17"><span class='ocrx_word' id='word_1_662' title='bbox 797 4952 854 5019; x_wconf 85' lang='lat' dir='ltr'>te</span> <span class='ocrx_word' id='word_1_663' title='bbox 880 4963 1041 5019; x_wconf 90' lang='lat' dir='ltr'><strong>enim</strong></span> <span class='ocrx_word' id='word_1_664' title='bbox 1073 4963 1352 5018; x_wconf 72' lang='lat' dir='ltr'><strong>Ecclesiae</strong></span> <span class='ocrx_word' id='word_1_665' title='bbox 1384 4964 1463 5019; x_wconf 87' lang='lat' dir='ltr'>ad</span> <span class='ocrx_word' id='word_1_666' title='bbox 1500 4963 1709 5019; x_wconf 84' lang='lat' dir='ltr'><strong>Christi</strong></span> <span class='ocrx_word' id='word_1_667' title='bbox 1740 4964 1928 5019; x_wconf 85' lang='lat' dir='ltr'><strong>instar</strong></span> <span class='ocrx_word' id='word_1_668' title='bbox 1954 4965 2278 5020; x_wconf 87' lang='lat' dir='ltr'><strong>antistitem</strong></span> <span class='ocrx_word' id='word_1_669' title='bbox 2302 4980 2449 5036; x_wconf 68' lang='lat' dir='ltr'><strong>prae-</strong></span> 
     </span>
    </p>
   </div>
   <div class='ocr_carea' id='block_1_86' title="bbox 794 5045 2450 5126">
    <p class='ocr_par' dir='ltr' id='par_1_86' title="bbox 794 5045 2450 5126">
     <span class='ocr_line' id='line_1_86' title="bbox 794 5045 2450 5126; baseline 0 -17"><span class='ocrx_word' id='word_1_670' title='bbox 794 5045 995 5109; x_wconf 88' lang='lat' dir='ltr'><strong>lucere</strong></span> <span class='ocrx_word' id='word_1_671' title='bbox 1038 5052 1308 5119; x_wconf 73' lang='lat' dir='ltr'><strong>decebat,</strong></span> <span class='ocrx_word' id='word_1_672' title='bbox 1364 5053 1467 5126; x_wconf 91' lang='lat' dir='ltr'>qui</span> <span class='ocrx_word' id='word_1_673' title='bbox 1510 5054 1638 5123; x_wconf 89' lang='lat' dir='ltr'>jam</span> <span class='ocrx_word' id='word_1_674' title='bbox 1682 5060 1862 5109; x_wconf 86' lang='lat' dir='ltr'><strong>antea</strong></span> <span class='ocrx_word' id='word_1_675' title='bbox 1905 5054 2133 5125; x_wconf 89' lang='lat' dir='ltr'><strong>jnstitia</strong></span> <span class='ocrx_word' id='word_1_676' title='bbox 2179 5060 2242 5109; x_wconf 90' lang='lat' dir='ltr'>ut</span> <span class='ocrx_word' id='word_1_677' title='bbox 2291 5059 2450 5109; x_wconf 91' lang='lat' dir='ltr'><strong>veste</strong></span> 
     </span>
    </p>
   </div>
   <div class='ocr_carea' id='block_1_87' title="bbox 797 5142 2452 5216">
    <p class='ocr_par' dir='ltr' id='par_1_87' title="bbox 797 5142 2452 5216">
     <span class='ocr_line' id='line_1_87' title="bbox 797 5142 2452 5216; baseline 0 -17"><span class='ocrx_word' id='word_1_678' title='bbox 797 5142 1157 5200; x_wconf 83' lang='lat' dir='ltr'><strong>sacerdotali</strong></span> <span class='ocrx_word' id='word_1_679' title='bbox 1182 5143 1432 5199; x_wconf 88' lang='lat' dir='ltr'><strong>indutus</strong></span> <span class='ocrx_word' id='word_1_680' title='bbox 1458 5159 1615 5200; x_wconf 90' lang='lat' dir='ltr'><strong>eras.</strong></span> <span class='ocrx_word' id='word_1_681' title='bbox 1675 5143 1787 5199; x_wconf 86' lang='lat' dir='ltr'><strong>Sed</strong></span> <span class='ocrx_word' id='word_1_682' title='bbox 1818 5149 2145 5216; x_wconf 83' lang='lat' dir='ltr'><strong>antequam</strong></span> <span class='ocrx_word' id='word_1_683' title='bbox 2167 5143 2452 5216; x_wconf 86' lang='lat' dir='ltr'><strong>epithala-</strong></span> 
     </span>
    </p>
   </div>
   <div class='ocr_carea' id='block_1_88' title="bbox 795 5233 2449 5303">
    <p class='ocr_par' dir='ltr' id='par_1_88' title="bbox 795 5233 2449 5303">
     <span class='ocr_line' id='line_1_88' title="bbox 795 5233 2449 5303; baseline -0.001 -12"><span class='ocrx_word' id='word_1_684' title='bbox 795 5234 986 5291; x_wconf 91' lang='lat' dir='ltr'><strong>mium</strong></span> <span class='ocrx_word' id='word_1_685' title='bbox 1010 5233 1379 5291; x_wconf 84' lang='lat' dir='ltr'><strong>sacerdotale</strong></span> <span class='ocrx_word' id='word_1_686' title='bbox 1394 5234 1769 5303; x_wconf 89' lang='lat' dir='ltr'><strong>inchoasses,</strong></span> <span class='ocrx_word' id='word_1_687' title='bbox 1788 5234 2202 5290; x_wconf 88' lang='lat' dir='ltr'><strong>Thessalonice</strong></span> <span class='ocrx_word' id='word_1_688' title='bbox 2215 5234 2449 5302; x_wconf 88' lang='lat' dir='ltr'><strong>dilecta,</strong></span> 
     </span>
    </p>
   </div>
   <div class='ocr_carea' id='block_1_89' title="bbox 794 5323 2453 5395">
    <p class='ocr_par' dir='ltr' id='par_1_89' title="bbox 794 5323 2453 5395">
     <span class='ocr_line' id='line_1_89' title="bbox 794 5323 2453 5395; baseline -0.002 -11"><span class='ocrx_word' id='word_1_689' title='bbox 794 5325 1105 5395; x_wconf 86' lang='lat' dir='ltr'><strong>recognita</strong></span> <span class='ocrx_word' id='word_1_690' title='bbox 1134 5330 1188 5380; x_wconf 89' lang='lat' dir='ltr'>et</span> <span class='ocrx_word' id='word_1_691' title='bbox 1210 5323 1445 5379; x_wconf 69' lang='lat' dir='ltr'><strong>asinulas</strong></span> <span class='ocrx_word' id='word_1_692' title='bbox 1470 5323 1647 5378; x_wconf 90' lang='lat' dir='ltr'><strong>talem</strong></span> <span class='ocrx_word' id='word_1_693' title='bbox 1672 5340 1963 5395; x_wconf 92' lang='lat' dir='ltr'><strong>sponsum</strong></span> <span class='ocrx_word' id='word_1_694' title='bbox 1988 5324 2263 5379; x_wconf 89' lang='lat' dir='ltr'><strong>invidens</strong></span> <span class='ocrx_word' id='word_1_695' title='bbox 2284 5324 2453 5381; x_wconf 87' lang='lat' dir='ltr'><strong>vidu-</strong></span> 
     </span>
    </p>
   </div>
   <div class='ocr_carea' id='block_1_90' title="bbox 2642 4336 4174 4414">
    <p class='ocr_par' dir='ltr' id='par_1_90' title="bbox 2642 4336 4174 4414">
     <span class='ocr_line' id='line_1_90' title="bbox 2642 4336 4174 4414; baseline 0.007 -26"><span class='ocrx_word' id='word_1_696' title='bbox 2642 4336 2754 4389; x_wconf 78' lang='grc' dir='ltr'>Ούκ</span> <span class='ocrx_word' id='word_1_697' title='bbox 2806 4338 2867 4389; x_wconf 78' lang='grc' dir='ltr'>ἄν</span> <span class='ocrx_word' id='word_1_698' title='bbox 2898 4339 2986 4391; x_wconf 77' lang='grc' dir='ltr'>οὖν</span> <span class='ocrx_word' id='word_1_699' title='bbox 3043 4342 3371 4414; x_wconf 81' lang='grc' dir='ltr'>θαυμάζοιμι</span> <span class='ocrx_word' id='word_1_700' title='bbox 3417 4341 3615 4413; x_wconf 82' lang='grc' dir='ltr'>λοιπὸν,</span> <span class='ocrx_word' id='word_1_701' title='bbox 3649 4348 3693 4396; x_wconf 81' lang='grc' dir='ltr'>εὶ</span> <span class='ocrx_word' id='word_1_702' title='bbox 3739 4340 3922 4397; x_wconf 78' lang='grc' dir='ltr'>τοιάδε</span> <span class='ocrx_word' id='word_1_703' title='bbox 3955 4349 4045 4398; x_wconf 80' lang='grc' dir='ltr'>καὶ</span> <span class='ocrx_word' id='word_1_704' title='bbox 4089 4346 4174 4398; x_wconf 78' lang='grc' dir='ltr'>ού-</span> 
     </span>
    </p>
   </div>
   <div class='ocr_carea' id='block_1_91' title="bbox 2566 4430 4172 4509">
    <p class='ocr_par' dir='ltr' id='par_1_91' title="bbox 2566 4430 4172 4509">
     <span class='ocr_line' id='line_1_91' title="bbox 2566 4430 4172 4509; baseline 0.005 -30"><span class='ocrx_word' id='word_1_705' title='bbox 2566 4446 2663 4488; x_wconf 86' lang='grc' dir='ltr'>τως</span> <span class='ocrx_word' id='word_1_706' title='bbox 2726 4430 2914 4502; x_wconf 85' lang='grc' dir='ltr'>άρετῆς</span> <span class='ocrx_word' id='word_1_707' title='bbox 2984 4434 3073 4482; x_wconf 85' lang='grc' dir='ltr'>καὶ</span> <span class='ocrx_word' id='word_1_708' title='bbox 3137 4436 3321 4503; x_wconf 82' lang='grc' dir='ltr'>σοφίας</span> <span class='ocrx_word' id='word_1_709' title='bbox 3374 4430 3653 4507; x_wconf 81' lang='grc' dir='ltr'>ἀκρόπολις</span> <span class='ocrx_word' id='word_1_710' title='bbox 3721 4430 3871 4486; x_wconf 80' lang='grc' dir='ltr'>δυοῖν</span> <span class='ocrx_word' id='word_1_711' title='bbox 3935 4438 4172 4509; x_wconf 77' lang='grc' dir='ltr'>ἠπείροιν</span> 
     </span>
    </p>
   </div>
   <div class='ocr_carea' id='block_1_92' title="bbox 2569 4514 4168 4609">
    <p class='ocr_par' dir='ltr' id='par_1_92' title="bbox 2569 4514 4168 4609">
     <span class='ocr_line' id='line_1_92' title="bbox 2569 4514 4168 4609; baseline 0.005 -41"><span class='ocrx_word' id='word_1_712' title='bbox 2569 4514 2895 4592; x_wconf 74' lang='grc' dir='ltr'>ἀμφηρευτος</span> <span class='ocrx_word' id='word_1_713' title='bbox 2938 4524 3161 4591; x_wconf 77' lang='grc' dir='ltr'>γέγονεν’</span> <span class='ocrx_word' id='word_1_714' title='bbox 3212 4524 3281 4609; x_wconf 48' lang='lat' dir='ltr'>ab;</span> <span class='ocrx_word' id='word_1_715' title='bbox 3328 4527 3419 4573; x_wconf 87' lang='grc' dir='ltr'>καὶ</span> <span class='ocrx_word' id='word_1_716' title='bbox 3476 4524 3506 4580; x_wconf 80' lang='grc' dir='ltr'>ἡ</span> <span class='ocrx_word' id='word_1_717' title='bbox 3561 4522 3681 4574; x_wconf 87' lang='grc' dir='ltr'>καθ’</span> <span class='ocrx_word' id='word_1_718' title='bbox 3728 4525 3863 4596; x_wconf 80' lang='grc' dir='ltr'>ἡμᾶς</span> <span class='ocrx_word' id='word_1_719' title='bbox 3894 4523 4026 4581; x_wconf 77' lang='grc' dir='ltr'>αὓτη</span> <span class='ocrx_word' id='word_1_720' title='bbox 4068 4524 4168 4576; x_wconf 81' lang='grc' dir='ltr'>πό-</span> 
     </span>
    </p>
   </div>
   <div class='ocr_carea' id='block_1_93' title="bbox 2565 4605 4168 4686">
    <p class='ocr_par' dir='ltr' id='par_1_93' title="bbox 2565 4605 4168 4686">
     <span class='ocr_line' id='line_1_93' title="bbox 2565 4605 4168 4686; baseline 0.004 -27"><span class='ocrx_word' id='word_1_721' title='bbox 2565 4605 2643 4669; x_wconf 88' lang='grc' dir='ltr'>λις</span> <span class='ocrx_word' id='word_1_722' title='bbox 2708 4611 2833 4670; x_wconf 82' lang='grc' dir='ltr'>θεοῖς</span> <span class='ocrx_word' id='word_1_723' title='bbox 2891 4629 3002 4661; x_wconf 89' lang='grc' dir='ltr'>τισι</span> <span class='ocrx_word' id='word_1_724' title='bbox 3061 4605 3290 4663; x_wconf 59' lang='grc' dir='ltr'>παιδικά</span> <span class='ocrx_word' id='word_1_725' title='bbox 3355 4631 3478 4664; x_wconf 89' lang='grc' dir='ltr'>ποτε</span> <span class='ocrx_word' id='word_1_726' title='bbox 3533 4616 3774 4684; x_wconf 85' lang='grc' dir='ltr'>γενέσθαι</span> <span class='ocrx_word' id='word_1_727' title='bbox 3823 4615 4168 4686; x_wconf 79' lang='grc' dir='ltr'>μεμύθευται,</span> 
     </span>
    </p>
   </div>
   <div class='ocr_carea' id='block_1_94' title="bbox 2516 4694 4164 4776">
    <p class='ocr_par' dir='ltr' id='par_1_94' title="bbox 2516 4694 4164 4776">
     <span class='ocr_line' id='line_1_94' title="bbox 2516 4694 4164 4776; baseline 0.004 -27"><span class='ocrx_word' id='word_1_728' title='bbox 2516 4694 2653 4751; x_wconf 86' lang='grc' dir='ltr'>’καὶ</span> <span class='ocrx_word' id='word_1_729' title='bbox 2710 4698 2947 4771; x_wconf 79' lang='grc' dir='ltr'>σύμϐολα</span> <span class='ocrx_word' id='word_1_730' title='bbox 2997 4708 3091 4762; x_wconf 80' lang='grc' dir='ltr'>τῆς</span> <span class='ocrx_word' id='word_1_731' title='bbox 3118 4705 3235 4752; x_wconf 86' lang='grc' dir='ltr'>κατ’</span> <span class='ocrx_word' id='word_1_732' title='bbox 3272 4704 3439 4776; x_wconf 74' lang='grc' dir='ltr'>ἔρωτα</span> <span class='ocrx_word' id='word_1_733' title='bbox 3491 4708 3648 4774; x_wconf 80' lang='grc' dir='ltr'>φασὶν</span> <span class='ocrx_word' id='word_1_734' title='bbox 3706 4699 3879 4776; x_wconf 78' lang='grc' dir='ltr'>ἔριδος</span> <span class='ocrx_word' id='word_1_735' title='bbox 3931 4707 4020 4755; x_wconf 85' lang='grc' dir='ltr'>τὸν</span> <span class='ocrx_word' id='word_1_736' title='bbox 4073 4712 4164 4764; x_wconf 84' lang='grc' dir='ltr'>τῆς</span> 
     </span>
    </p>
   </div>
   <div class='ocr_carea' id='block_1_95' title="bbox 2564 4787 4169 4865">
    <p class='ocr_par' dir='ltr' id='par_1_95' title="bbox 2564 4787 4169 4865">
     <span class='ocr_line' id='line_1_95' title="bbox 2564 4787 4169 4865; baseline 0.003 -25"><span class='ocrx_word' id='word_1_737' title='bbox 2564 4787 2733 4850; x_wconf 72' lang='grc' dir='ltr'>ἐλαίας</span> <span class='ocrx_word' id='word_1_738' title='bbox 2792 4789 2972 4841; x_wconf 78' lang='grc' dir='ltr'>θαλλὸν</span> <span class='ocrx_word' id='word_1_739' title='bbox 3024 4795 3113 4842; x_wconf 81' lang='grc' dir='ltr'>καὶ</span> <span class='ocrx_word' id='word_1_740' title='bbox 3167 4798 3259 4842; x_wconf 82' lang='grc' dir='ltr'>τοῦ</span> <span class='ocrx_word' id='word_1_741' title='bbox 3315 4797 3569 4864; x_wconf 85' lang='grc' dir='ltr'>Πειραιῶς</span> <span class='ocrx_word' id='word_1_742' title='bbox 3621 4796 3679 4844; x_wconf 87' lang='grc' dir='ltr'>τὸ</span> <span class='ocrx_word' id='word_1_743' title='bbox 3751 4789 4027 4865; x_wconf 72' lang='grc' dir='ltr'>μηνοειδὲς</span> <span class='ocrx_word' id='word_1_744' title='bbox 4079 4797 4169 4845; x_wconf 83' lang='grc' dir='ltr'>καὶ</span> 
     </span>
    </p>
   </div>
   <div class='ocr_carea' id='block_1_96' title="bbox 2562 4880 4169 4959">
    <p class='ocr_par' dir='ltr' id='par_1_96' title="bbox 2562 4880 4169 4959">
     <span class='ocr_line' id='line_1_96' title="bbox 2562 4880 4169 4959; baseline 0.004 -31"><span class='ocrx_word' id='word_1_745' title='bbox 2562 4882 2776 4950; x_wconf 81' lang='grc' dir='ltr'>νήνεμον</span> <span class='ocrx_word' id='word_1_746' title='bbox 2818 4880 3012 4953; x_wconf 84' lang='grc' dir='ltr'>ῥοθιον·</span> <span class='ocrx_word' id='word_1_747' title='bbox 3058 4882 3160 4931; x_wconf 85' lang='grc' dir='ltr'>Οἷα</span> <span class='ocrx_word' id='word_1_748' title='bbox 3214 4882 3315 4954; x_wconf 78' lang='grc' dir='ltr'>γὰρ</span> <span class='ocrx_word' id='word_1_749' title='bbox 3370 4885 3459 4932; x_wconf 77' lang='grc' dir='ltr'>καὶ</span> <span class='ocrx_word' id='word_1_750' title='bbox 3489 4883 3518 4938; x_wconf 82' lang='grc' dir='ltr'><strong>ἠ</strong></span> <span class='ocrx_word' id='word_1_751' title='bbox 3574 4901 3693 4959; x_wconf 85' lang='grc' dir='ltr'>περι</span> <span class='ocrx_word' id='word_1_752' title='bbox 3745 4890 3899 4934; x_wconf 87' lang='grc' dir='ltr'>τοῦτο</span> <span class='ocrx_word' id='word_1_753' title='bbox 3936 4902 4169 4934; x_wconf 87' lang='grc' dir='ltr'>καινοτο-</span> 
     </span>
    </p>
   </div>
   <div class='ocr_carea' id='block_1_97' title="bbox 2561 4968 4171 5042">
    <p class='ocr_par' dir='ltr' id='par_1_97' title="bbox 2561 4968 4171 5042">
     <span class='ocr_line' id='line_1_97' title="bbox 2561 4968 4171 5042; baseline 0.002 -23"><span class='ocrx_word' id='word_1_754' title='bbox 2561 4972 2679 5040; x_wconf 88' lang='grc' dir='ltr'>μία.</span> <span class='ocrx_word' id='word_1_755' title='bbox 2736 4968 3109 5041; x_wconf 78' lang='grc' dir='ltr'>Ἐμνηστεύετο</span> <span class='ocrx_word' id='word_1_756' title='bbox 3156 4974 3247 5042; x_wconf 77' lang='grc' dir='ltr'>μέν</span> <span class='ocrx_word' id='word_1_757' title='bbox 3304 4989 3409 5037; x_wconf 81' lang='grc' dir='ltr'>σοι,</span> <span class='ocrx_word' id='word_1_758' title='bbox 3465 4968 3503 5021; x_wconf 83' lang='grc' dir='ltr'><strong>ὧ</strong></span> <span class='ocrx_word' id='word_1_759' title='bbox 3556 4970 3678 5023; x_wconf 69' lang='grc' dir='ltr'>καλε</span> <span class='ocrx_word' id='word_1_760' title='bbox 3736 4973 3803 5023; x_wconf 81' lang='grc' dir='ltr'>τὰ</span> <span class='ocrx_word' id='word_1_761' title='bbox 3857 4973 4030 5024; x_wconf 87' lang='grc' dir='ltr'>πάντα</span> <span class='ocrx_word' id='word_1_762' title='bbox 4083 4976 4171 5023; x_wconf 84' lang='grc' dir='ltr'>καὶ</span> 
     </span>
    </p>
   </div>
   <div class='ocr_carea' id='block_1_98' title="bbox 2561 5058 4161 5131">
    <p class='ocr_par' dir='ltr' id='par_1_98' title="bbox 2561 5058 4161 5131">
     <span class='ocr_line' id='line_1_98' title="bbox 2561 5058 4161 5131; baseline 0.003 -22"><span class='ocrx_word' id='word_1_763' title='bbox 2561 5058 2735 5111; x_wconf 84' lang='grc' dir='ltr'>κάλλει</span> <span class='ocrx_word' id='word_1_764' title='bbox 2764 5059 2947 5129; x_wconf 79' lang='grc' dir='ltr'>ψυχῆς</span> <span class='ocrx_word' id='word_1_765' title='bbox 2999 5061 3155 5131; x_wconf 81' lang='grc' dir='ltr'>ὼραίε</span> <span class='ocrx_word' id='word_1_766' title='bbox 3202 5064 3266 5111; x_wconf 81' lang='grc' dir='ltr'>σὺ</span> <span class='ocrx_word' id='word_1_767' title='bbox 3300 5061 3446 5131; x_wconf 85' lang='grc' dir='ltr'>παρά</span> <span class='ocrx_word' id='word_1_768' title='bbox 3500 5062 3697 5122; x_wconf 84' lang='grc' dir='ltr'>πάντας</span> <span class='ocrx_word' id='word_1_769' title='bbox 3737 5064 3859 5123; x_wconf 78' lang='grc' dir='ltr'>τοὺς</span> <span class='ocrx_word' id='word_1_770' title='bbox 3901 5069 3988 5113; x_wconf 85' lang='grc' dir='ltr'>νῦν</span> <span class='ocrx_word' id='word_1_771' title='bbox 4018 5063 4161 5122; x_wconf 79' lang='grc' dir='ltr'>υἱούς</span> 
     </span>
    </p>
   </div>
   <div class='ocr_carea' id='block_1_99' title="bbox 2560 5148 4173 5223">
    <p class='ocr_par' dir='ltr' id='par_1_99' title="bbox 2560 5148 4173 5223">
     <span class='ocr_line' id='line_1_99' title="bbox 2560 5148 4173 5223; baseline 0 -23"><span class='ocrx_word' id='word_1_772' title='bbox 2560 5156 2660 5200; x_wconf 88' lang='grc' dir='ltr'>τῶν</span> <span class='ocrx_word' id='word_1_773' title='bbox 2723 5148 3026 5222; x_wconf 71' lang='grc' dir='ltr'>ἀνθρώπων,</span> <span class='ocrx_word' id='word_1_774' title='bbox 3091 5149 3120 5205; x_wconf 83' lang='grc' dir='ltr'><strong>ἠ</strong></span> <span class='ocrx_word' id='word_1_775' title='bbox 3170 5155 3287 5223; x_wconf 31' lang='grc' dir='ltr'>τῆς.</span> <span class='ocrx_word' id='word_1_776' title='bbox 3318 5152 3519 5209; x_wconf 88' lang='grc' dir='ltr'>Λυκίας</span> <span class='ocrx_word' id='word_1_777' title='bbox 3579 5149 3915 5223; x_wconf 62' lang='grc' dir='ltr'>μητρόπολις</span> <span class='ocrx_word' id='word_1_778' title='bbox 3961 5148 4045 5202; x_wconf 82' lang='grc' dir='ltr'>ὅτε</span> <span class='ocrx_word' id='word_1_779' title='bbox 4081 5154 4173 5201; x_wconf 82' lang='grc' dir='ltr'>καὶ</span> 
     </span>
    </p>
   </div>
   <div class='ocr_carea' id='block_1_100' title="bbox 2562 5236 4178 5312">
    <p class='ocr_par' dir='ltr' id='par_1_100' title="bbox 2562 5236 4178 5312">
     <span class='ocr_line' id='line_1_100' title="bbox 2562 5236 4178 5312; baseline 0.001 -23"><span class='ocrx_word' id='word_1_780' title='bbox 2562 5245 2652 5298; x_wconf 85' lang='grc' dir='ltr'>τῆς</span> <span class='ocrx_word' id='word_1_781' title='bbox 2720 5239 3030 5307; x_wconf 76' lang='grc' dir='ltr'>ίερωσύυης,</span> <span class='ocrx_word' id='word_1_782' title='bbox 3100 5240 3168 5298; x_wconf 81' lang='grc' dir='ltr'>ὡς</span> <span class='ocrx_word' id='word_1_783' title='bbox 3235 5236 3390 5289; x_wconf 79' lang='grc' dir='ltr'>ἄλλου</span> <span class='ocrx_word' id='word_1_784' title='bbox 3431 5236 3590 5290; x_wconf 87' lang='grc' dir='ltr'>καλοῦ</span> <span class='ocrx_word' id='word_1_785' title='bbox 3633 5242 3849 5304; x_wconf 83' lang='grc' dir='ltr'>παντὸς,</span> <span class='ocrx_word' id='word_1_786' title='bbox 3896 5238 4048 5312; x_wconf 80' lang='grc' dir='ltr'>ἐχρῆν</span> <span class='ocrx_word' id='word_1_787' title='bbox 4118 5258 4178 5291; x_wconf 89' lang='grc' dir='ltr'>σε</span> 
     </span>
    </p>
   </div>
   <div class='ocr_carea' id='block_1_101' title="bbox 2564 5326 4179 5402">
    <p class='ocr_par' dir='ltr' id='par_1_101' title="bbox 2564 5326 4179 5402">
     <span class='ocr_line' id='line_1_101' title="bbox 2564 5326 4179 5402; baseline 0.001 -23"><span class='ocrx_word' id='word_1_788' title='bbox 2564 5336 2624 5399; x_wconf 75' lang='grc' dir='ltr'>τῇ</span> <span class='ocrx_word' id='word_1_789' title='bbox 2696 5326 2982 5399; x_wconf 71' lang='grc' dir='ltr'>Ἐκκλησία</span> <span class='ocrx_word' id='word_1_790' title='bbox 3048 5329 3360 5399; x_wconf 85' lang='grc' dir='ltr'>προκεῖσθαι</span> <span class='ocrx_word' id='word_1_791' title='bbox 3442 5330 3572 5400; x_wconf 74' lang='grc' dir='ltr'>μετὰ</span> <span class='ocrx_word' id='word_1_792' title='bbox 3650 5332 3883 5402; x_wconf 79' lang='grc' dir='ltr'>Χριστὸν</span> <span class='ocrx_word' id='word_1_793' title='bbox 3969 5327 4179 5381; x_wconf 70' lang='grc' dir='ltr'>ἐκτυπὶν</span> 
     </span>
    </p>
   </div>
   <div class='ocr_carea' id='block_1_102' title="bbox 794 5405 2563 5510">
    <p class='ocr_par' dir='ltr' id='par_1_102' title="bbox 794 5412 2531 5510">
     <span class='ocr_line' id='line_1_102' title="bbox 794 5412 2531 5510; baseline -0.002 -40"><span class='ocrx_word' id='word_1_794' title='bbox 794 5430 893 5470; x_wconf 88' lang='lat' dir='ltr'>am</span> <span class='ocrx_word' id='word_1_795' title='bbox 918 5412 1224 5469; x_wconf 89' lang='lat' dir='ltr'><strong>simulavit</strong></span> <span class='ocrx_word' id='word_1_796' title='bbox 1243 5420 1303 5468; x_wconf 90' lang='lat' dir='ltr'>ut</span> <span class='ocrx_word' id='word_1_797' title='bbox 1326 5429 1552 5487; x_wconf 89' lang='lat' dir='ltr'><strong>sponso</strong></span> <span class='ocrx_word' id='word_1_798' title='bbox 1574 5414 1879 5485; x_wconf 85' lang='lat' dir='ltr'><strong>potiretur.</strong></span> <span class='ocrx_word' id='word_1_799' title='bbox 1901 5415 2456 5486; x_wconf 86' lang='lat' dir='ltr'><strong>Acreitaquecerta-</strong></span> <span class='ocrx_word' id='word_1_800' title='bbox 2484 5455 2531 5510; x_wconf 67' lang='grc' dir='ltr'><strong>Β</strong></span> 
     </span>
    </p>
   </div>
   <div class='ocr_carea' id='block_1_103' title="bbox 2391 5405 4160 5510">
    <p class='ocr_par' dir='ltr' id='par_1_103' title="bbox 2395 5405 4160 5510">
     <span class='ocr_line' id='line_1_103' title="bbox 2395 5405 4160 5510; baseline -0.001 -42"><span class='ocrx_word' id='word_1_801' title='bbox 2395 5430 2531 5510; x_wconf 75' lang='lat' dir='ltr'>a-D</span> <span class='ocrx_word' id='word_1_802' title='bbox 2566 5414 2883 5490; x_wconf 79' lang='grc' dir='ltr'>ἀρχέτυπον,</span> <span class='ocrx_word' id='word_1_803' title='bbox 2924 5420 3008 5467; x_wconf 85' lang='grc' dir='ltr'>τόν</span> <span class='ocrx_word' id='word_1_804' title='bbox 3056 5420 3145 5468; x_wconf 80' lang='grc' dir='ltr'>καὶ</span> <span class='ocrx_word' id='word_1_805' title='bbox 3198 5419 3298 5489; x_wconf 83' lang='grc' dir='ltr'>πρὸ</span> <span class='ocrx_word' id='word_1_806' title='bbox 3350 5405 3443 5467; x_wconf 78' lang='grc' dir='ltr'>τού</span> <span class='ocrx_word' id='word_1_807' title='bbox 3499 5426 3687 5490; x_wconf 84' lang='grc' dir='ltr'>σεμνοῦ</span> <span class='ocrx_word' id='word_1_808' title='bbox 3745 5414 4016 5491; x_wconf 82' lang='grc' dir='ltr'>ποδὴρους</span> <span class='ocrx_word' id='word_1_809' title='bbox 4066 5422 4160 5475; x_wconf 76' lang='grc' dir='ltr'>τὴν</span> 
     </span>
    </p>
   </div>
   <div class='ocr_carea' id='block_1_104' title="bbox 793 5502 2452 5575">
    <p class='ocr_par' dir='ltr' id='par_1_104' title="bbox 793 5502 2452 5575">
     <span class='ocr_line' id='line_1_104' title="bbox 793 5502 2452 5575; baseline 0 -16"><span class='ocrx_word' id='word_1_810' title='bbox 793 5520 933 5565; x_wconf 87' lang='lat' dir='ltr'>men</span> <span class='ocrx_word' id='word_1_811' title='bbox 952 5503 1103 5559; x_wconf 90' lang='lat' dir='ltr'><strong>inter</strong></span> <span class='ocrx_word' id='word_1_812' title='bbox 1126 5508 1445 5575; x_wconf 87' lang='lat' dir='ltr'><strong>utramque</strong></span> <span class='ocrx_word' id='word_1_813' title='bbox 1472 5502 1791 5558; x_wconf 86' lang='lat' dir='ltr'><strong>Ecclesiam</strong></span> <span class='ocrx_word' id='word_1_814' title='bbox 1817 5503 2053 5569; x_wconf 80' lang='lat' dir='ltr'><strong>exarsit,</strong></span> <span class='ocrx_word' id='word_1_815' title='bbox 2073 5519 2327 5575; x_wconf 91' lang='lat' dir='ltr'><strong>vereque</strong></span> <span class='ocrx_word' id='word_1_816' title='bbox 2345 5504 2452 5559; x_wconf 89' lang='lat' dir='ltr'><strong>ali-</strong></span> 
     </span>
    </p>
   </div>
   <div class='ocr_carea' id='block_1_105' title="bbox 792 5592 2453 5668">
    <p class='ocr_par' dir='ltr' id='par_1_105' title="bbox 792 5592 2453 5668">
     <span class='ocr_line' id='line_1_105' title="bbox 792 5592 2453 5668; baseline 0.001 -19"><span class='ocrx_word' id='word_1_817' title='bbox 792 5594 933 5668; x_wconf 87' lang='lat' dir='ltr'><strong>quis</strong></span> <span class='ocrx_word' id='word_1_818' title='bbox 954 5592 1168 5649; x_wconf 82' lang='lat' dir='ltr'><strong>dixerit</strong></span> <span class='ocrx_word' id='word_1_819' title='bbox 1192 5595 1489 5665; x_wconf 85' lang='lat' dir='ltr'><strong>Europam</strong></span> <span class='ocrx_word' id='word_1_820' title='bbox 1509 5599 1688 5665; x_wconf 89' lang='lat' dir='ltr'><strong>atque</strong></span> <span class='ocrx_word' id='word_1_821' title='bbox 1711 5592 1914 5649; x_wconf 86' lang='lat' dir='ltr'><strong>Asiam</strong></span> <span class='ocrx_word' id='word_1_822' title='bbox 1959 5598 2218 5649; x_wconf 88' lang='lat' dir='ltr'><strong>certasse</strong></span> <span class='ocrx_word' id='word_1_823' title='bbox 2243 5598 2375 5650; x_wconf 88' lang='lat' dir='ltr'><strong>utra</strong></span> <span class='ocrx_word' id='word_1_824' title='bbox 2398 5599 2453 5650; x_wconf 90' lang='lat' dir='ltr'>te</span> 
     </span>
    </p>
   </div>
   <div class='ocr_carea' id='block_1_106' title="bbox 792 5682 2454 5760">
    <p class='ocr_par' dir='ltr' id='par_1_106' title="bbox 792 5682 2454 5760">
     <span class='ocr_line' id='line_1_106' title="bbox 792 5682 2454 5760; baseline 0 -20"><span class='ocrx_word' id='word_1_825' title='bbox 792 5699 1155 5760; x_wconf 86' lang='lat' dir='ltr'><strong>possessura</strong></span> <span class='ocrx_word' id='word_1_826' title='bbox 1180 5683 1351 5740; x_wconf 84' lang='lat' dir='ltr'><strong>foret.</strong></span> <span class='ocrx_word' id='word_1_827' title='bbox 1383 5684 1512 5739; x_wconf 88' lang='lat' dir='ltr'><strong>Una</strong></span> <span class='ocrx_word' id='word_1_828' title='bbox 1544 5683 1704 5739; x_wconf 92' lang='lat' dir='ltr'><strong>enim</strong></span> <span class='ocrx_word' id='word_1_829' title='bbox 1734 5682 1836 5738; x_wconf 90' lang='lat' dir='ltr'><strong>tibi</strong></span> <span class='ocrx_word' id='word_1_830' title='bbox 1879 5682 2080 5740; x_wconf 90' lang='lat' dir='ltr'><strong>studet</strong></span> <span class='ocrx_word' id='word_1_831' title='bbox 2112 5688 2316 5756; x_wconf 89' lang='lat' dir='ltr'><strong>utpote</strong></span> <span class='ocrx_word' id='word_1_832' title='bbox 2346 5686 2454 5757; x_wconf 91' lang='lat' dir='ltr'>qui</span> 
     </span>
    </p>
   </div>
   <div class='ocr_carea' id='block_1_107' title="bbox 2566 5502 4172 5581">
    <p class='ocr_par' dir='ltr' id='par_1_107' title="bbox 2566 5502 4172 5581">
     <span class='ocr_line' id='line_1_107' title="bbox 2566 5502 4172 5581; baseline 0.001 -25"><span class='ocrx_word' id='word_1_833' title='bbox 2566 5506 2792 5558; x_wconf 82' lang='grc' dir='ltr'>καπόλου</span> <span class='ocrx_word' id='word_1_834' title='bbox 2879 5503 3222 5564; x_wconf 78' lang='grc' dir='ltr'>δικαιοσύνην</span> <span class='ocrx_word' id='word_1_835' title='bbox 3308 5502 3645 5579; x_wconf 81' lang='grc' dir='ltr'>ἐνδεδυμένον</span> <span class='ocrx_word' id='word_1_836' title='bbox 3738 5510 4172 5581; x_wconf 82' lang='grc' dir='ltr'>ἱεροθρεπέστατα</span> 
     </span>
    </p>
   </div>
   <div class='ocr_carea' id='block_1_108' title="bbox 2566 5589 4178 5671">
    <p class='ocr_par' dir='ltr' id='par_1_108' title="bbox 2566 5589 4178 5671">
     <span class='ocr_line' id='line_1_108' title="bbox 2566 5589 4178 5671; baseline -0.001 -22"><span class='ocrx_word' id='word_1_837' title='bbox 2566 5600 2729 5671; x_wconf 79' lang='grc' dir='ltr'>Πρινὴ</span> <span class='ocrx_word' id='word_1_838' title='bbox 2790 5592 2850 5647; x_wconf 86' lang='grc' dir='ltr'><em>δέ</em></span> <span class='ocrx_word' id='word_1_839' title='bbox 2912 5589 3040 5648; x_wconf 82' lang='grc' dir='ltr'>ἆσαι</span> <span class='ocrx_word' id='word_1_840' title='bbox 3105 5600 3191 5647; x_wconf 88' lang='grc' dir='ltr'>τόν</span> <span class='ocrx_word' id='word_1_841' title='bbox 3244 5600 3595 5667; x_wconf 84' lang='grc' dir='ltr'>πνευματικὸν</span> <span class='ocrx_word' id='word_1_842' title='bbox 3649 5599 3908 5669; x_wconf 77' lang='grc' dir='ltr'>ὑμέναιον,</span> <span class='ocrx_word' id='word_1_843' title='bbox 3952 5598 3980 5648; x_wconf 73' lang='grc' dir='ltr'>ὗ</span> <span class='ocrx_word' id='word_1_844' title='bbox 4021 5596 4178 5649; x_wconf 83' lang='grc' dir='ltr'>πολυ-</span> 
     </span>
    </p>
   </div>
   <div class='ocr_carea' id='block_1_109' title="bbox 2565 5684 4174 5760">
    <p class='ocr_par' dir='ltr' id='par_1_109' title="bbox 2565 5684 4174 5760">
     <span class='ocr_line' id='line_1_109' title="bbox 2565 5684 4174 5760; baseline 0 -23"><span class='ocrx_word' id='word_1_845' title='bbox 2565 5690 2781 5760; x_wconf 82' lang='grc' dir='ltr'>ἐραστος</span> <span class='ocrx_word' id='word_1_846' title='bbox 2865 5690 2953 5737; x_wconf 84' lang='grc' dir='ltr'>καὶ</span> <span class='ocrx_word' id='word_1_847' title='bbox 3024 5684 3372 5758; x_wconf 75' lang='grc' dir='ltr'>πολυμνήστη</span> <span class='ocrx_word' id='word_1_848' title='bbox 3457 5685 3819 5744; x_wconf 81' lang='grc' dir='ltr'>Θεσσαλονίκη</span> <span class='ocrx_word' id='word_1_849' title='bbox 3890 5686 4174 5758; x_wconf 82' lang='grc' dir='ltr'>αἰσθομένη</span> 
     </span>
    </p>
   </div>
  </div>
