4480 6430
1387 440 1731 506 ⁶ΙΟΝΟΠῘᾹ
1762 444 1834 503 ιη
1863 444 2304 505 ΕΠΒΤΑἸἮῘΠΙ
2339 444 2674 507 THESSAL.

3616 447 3724 511 350

355 581 449 625 τοῦ
505 576 802 645 γενομάνσυ,
840 575 932 624 κὰ
969 574 1039 634 ὡς
1079 570 1268 645 βαρεῖά
1321 576 1405 634 τις
1458 570 1734 633 ἄντίςηλος
1789 567 1957 623 δεινὸν
1986 571 2034 626 Α
2069 571 2124 626 01

1948 591 1957 620 ι
1986 571 2034 626 Α
2069 570 2215 627 olim
2244 571 2358 644 ipsi
2389 585 2652 644 sponsus
2679 588 2834 643 eras,
2867 580 2924 633 et
2955 586 3112 649 agre
3138 583 3388 651 prorsus
3420 578 3650 636 ferebat
3670 579 3717 635 si

355 663 708 733 ἡγησαμένη,
765 660 809 714 εἰ
864 657 1074 713 τοιοῦδε
1147 665 1372 732 νυμφίου
1425 659 1575 734 ἕτερα
1637 665 1965 733 παραχωρή-

358 769 488 815 σειε,
545 753 764 824 χηρεύει
829 769 886 802 τε
939 759 1279 823 παραχρῆμα
1327 751 1502 823 ὥσπερ
1549 745 1814 812 ἐπίτηδες,
1875 753 1965 800 καὶ

357 838 622 910 μεθελκειν
667 845 914 912 πειρᾶται
962 843 1096 910 πρός
1151 838 1360 896 ἑαυτήν.
1436 842 1581 895 Δεινὴ
1643 833 1703 889 δέ
1741 855 1824 898 τις
1859 838 1966 909 ἄρα

357 930 473 1001 ἔρις
499 931 630 984 αὕτη
689 935 808 979 ταῖν
848 925 1182 983 Ἑκκλησίαιν
1230 926 1543 1001 ἄμφοτέραιν
1575 946 1590 960 ο
1658 925 1850 977 ταύτὸν
1905 914 1965 976 δὲ

361 1016 544 1078 εἰπεῖν,
603 1017 761 1070 Ἀσία
810 1021 900 1068 καὶ
964 1015 1191 1085 Εὐρώπη
1249 1014 1550 1090 οἱνίῤῥοιγεν.
1609 1013 1668 1067 Ἦ
1862 1017 1961 1087 γὰρ

359 1107 434 1167 ὃς
485 1102 595 1162 ἤδη
646 1113 946 1177 μνηστῆρος
987 1103 1152 1176 ὴρὶξ
1177 1107 1476 1176 περιείχετο
1522 1122 1638 1171 σου,
1689 1106 1780 1153 καὶ
1819 1098 1966 1154 δεινᾶ

357 1196 594 1264 πάσχειν
625 1198 774 1263 ᾤετο,
833 1196 972 1265 εἴπερ
1023 1192 1346 1264 ἐγγυηθείσοὶ
1385 1199 1492 1257 σοι,
1541 1190 1709 1251 mm
1761 1186 1821 1241 δδ
1875 1193 1964 1240 καὶ

357 1283 726 1354 ὑπερκειμένη,
803 1287 893 1334 καὶ
947 1284 1127 1343 πάσας
1183 1283 1274 1341 τὰς
1339 1279 1426 1351 ἀφ’
1491 1278 1640 1337 ἡλίου
1705 1277 1963 1330 ἀνατολῶν

357 1365 416 1420 εὖ
457 1373 730 1439 γεγονυίας
776 1372 1132 1443 ὑπεραίρουσα
1176 1373 1394 1442 προσέτι
1446 1364 1508 1420 δι
1553 1372 1643 1419 καὶ
1695 1373 1962 1439 πατρικῶν

355 1460 539 1531 μύρων
593 1456 872 1518 ἁπόςουσα
919 1455 1093 1524 ἣδιον,
1147 1456 1259 1510 εἶτα
1314 1457 1813 1530 παρηκωνισθείσα
1862 1473 1962 1506 κει-ι

354 1545 452 1598 λοῦ
505 1555 801 1620 μνηστῆρος
858 1543 1244 1617 διαξυγήοεται
1275 1564 1287 1576 ⁸
1335 1548 1369 1604 η’
1436 1542 1489 1597 δ’
1537 1541 1604 1596 αὖ
1640 1543 1815 1609 πάλιν,
1873 1543 1963 1594 ἅτε

355 1636 490 1707 μετὰ
518 1640 613 1692 τὴν
643 1632 907 1706 βασιλίδα
932 1636 1080 1688 πόλιν
1117 1642 1299 1709 πρώτη
1351 1633 1617 1707 δυσμόθεν
1660 1632 1964 1703 ἀνίσχουσα

357 1721 762 1795 πανευδαίμων,
847 1730 936 1777 καὶ
1022 1721 1334 1797 όσφραδίοις
1412 1728 1754 1798 μαρτυρικοις
1816 1719 1962 1771 sint-

357 1816 591 1864 πνέουσα
642 1813 736 1864 οὐκ
793 1814 1086 1886 ἀνασχετόν
1149 1816 1328 1884 ἠγεῖτο
1376 1811 1874 1887 παρευημερηθῆναι
1947 1813 2037 1859 καὶ
2117 1807 2481 1882 ἀπισφαλῆναι
2534 1810 2741 1866 τοιοῦδε

2073 675 2299 732 sponsa
2340 667 2401 717 ut
2439 661 2648 730 fuerat,
2703 677 2774 720 ac
2812 673 3102 738 praeterea
3141 667 3293 724 calo
3332 669 3602 725 orientali
3651 684 3721 724 ac

2071 749 2322 818 myrrha
2349 751 2672 806 vernacula
2703 754 2977 821 gaudens
3021 756 3190 812 alteri
3234 761 3719 828 postponeretur.

2071 835 2285 901 Altera.
2309 839 2644 894 secundum
2677 842 2887 898 urbem
2928 844 3301 915 imperialem
3337 845 3532 916 prima
3571 845 3723 900 inter

2072 925 2341 981 civitates
2384 927 2717 984 Occidentis
2746 936 2804 986 et
2834 932 3104 1002 pretioso
3141 938 3478 1004 martyrum
3511 948 3720 989 cruore

2071 1013 2411 1069 madefacta
2459 1019 2513 1070 te
2551 1016 2794 1088 privari,-
2842 1019 2943 1075 tali
2982 1024 3270 1092 tantoque
3304 1021 3434 1077 viro
3469 1021 3721 1077 moleste

2069 1100 2318 1157 ferebat.
2365 1104 2557 1167 Quare
2608 1105 2754 1160 nihil
2798 1107 3088 1164 intactum
3137 1119 3247 1164 nec
3296 1109 3553 1165 dicendo
3610 1124 3722 1164 nec

2070 1188 2308 1258 agendo
2344 1189 2580 1262 reliquit
2604 1191 2797 1249 donec
2827 1201 2929 1250 tua
2957 1194 3123 1252 ﬁeret
3161 1211 3405 1269 sponsa.
3431 1196 3721 1269 Equidem

2069 1281 2446 1348 compertum
2491 1280 2688 1336 habeo
2744 1296 3059 1356 nunquam
3102 1285 3227 1340 fore
3266 1289 3331 1340 ut
3359 1285 3589 1341 meliori
3619 1284 3720 1341 ad-

2065 1365 2384 1435 jungatur;
2437 1382 2753 1442 nunquam
2786 1373 2943 1427 enim
2992 1380 3136 1428 aetas
3162 1374 3362 1430 futura
3390 1375 3586 1429 virum
3616 1373 3720 1429 tibi

2072 1455 2325 1510 similem
2359 1455 2522 1512 feret.
2561 1461 2626 1514 Ut
2665 1461 2826 1516 enim
2857 1460 3000 1516 olim
3039 1463 3447 1534 Philopaemen
3477 1459 3736 1518 ultimus

2069 1543 2296 1599 ducum
2327 1548 2666 1602 Graecorum
2698 1550 2953 1620 insignis
2994 1550 3123 1615 fuit,
3148 1552 3231 1606 sic
3262 1557 3320 1607 te
3359 1551 3634 1606 ultimum
3660 1552 3721 1606 in

2069 1631 2296 1687 Christo
2321 1635 2644 1690 antistitem
2667 1641 2904 1709 tempUs
2936 1638 3099 1693 ferax
3130 1651 3331 1694 rerum
3363 1641 3641 1711 edaxque
3662 1639 3722 1693 in

2071 1720 2266 1774 lucem
2298 1722 2502 1778 edidit.

2823 1821 2913 1867 καὶ
2978 1817 3141 1878 οὕτως
3213 1817 3470 1890 ἐρασμίου
3541 1816 3721 1870 καλοῦ.

359 1904 566 1953 Οὔκουν
598 1902 755 1961 ἀνῆκε
775 1902 1003 1973 λέγουσα
1031 1905 1202 1955 πάντα
1241 1908 1331 1955 καὶ
1354 1905 1681 1976 πράττουσα,
1707 1899 1800 1958 ἕως
1828 1905 1898 1966 τῷ
1927 1897 2067 1966 καλῷ
2094 1917 2177 1949 σοι
2197 1906 2418 1971 νυμφίῳ,
2453 1907 2541 1953 καὶ
2562 1904 2652 1972 οἴῳ
2674 1900 2880 1955 οὐδέπω
2905 1909 3172 1978 πρότερον,
3225 1908 3481 1978 ἣρμοστο,
3513 1906 3661 1976 οἶμαι
3705 1946 3717 1957 .

358 1989 552 2062 μᾶλλον
611 1987 671 2044 δε
722 1989 848 2044 οἰδα
896 2002 1094 2064 σαφῶς,
1145 1995 1210 2052 ὡς
1249 1989 1364 2044 οὐδ’
1414 1991 1632 2050 ἐσαῦθις
1679 1986 2077 2060 ἁρμοσθησεται
2135 2007 2280 2057 ποτε,
2339 1992 2420 2041 ὅτι
2475 1989 2605 2061 μηδ’
2656 1994 2683 2043 ό
2735 1992 2973 2063 ἐσόμενος
3024 1998 3237 2067 χρόνος,
3294 1995 3401 2054 οἷός
3441 2013 3493 2046 τε
3551 1997 3724 2046 ἔσεται

359 2087 528 2150 φῦσαι
549 2078 825 2155 ἀνθρώπου
852 2079 1057 2135 τοιόνδε
1083 2091 1294 2156 χρῆμα,
1326 2082 1503 2132 ὁποῖον
1542 2081 1600 2130 σν
1619 2075 1907 2128 τελευταῖον
1931 2082 2028 2125 τῶν
2052 2079 2185 2127 κατὰ
2215 2081 2444 2139 Χριστὸν
2471 2077 2756 2153 ἀρχιερέων
2789 2090 2958 2153 σοφῶν
3013 2086 3077 2141 ὡς
3107 2082 3157 2133 ἐν
3180 2088 3322 2156 γήρᾳ
3355 2088 3443 2134 καὶ
3477 2082 3721 2153 ὀψίγονον

359 2170 528 2220 ἔτεκεν
583 2171 610 2221 ὃ
676 2173 849 2223 πάντα
892 2180 1079 2243 γεννῶν
1128 2175 1217 2223 καὶ
1287 2171 1507 2242 φθείρων
1539 2183 1551 2197 ·
1607 2169 1672 2226 ὡς
1735 2169 1825 2215 καὶ
1884 2171 1983 2213 τῶν
2039 2161 2343 2222 ’Βλληνικῶν
2402 2177 2706 2242 στρατηγῶν
2748 2171 2970 2222 ὕστατον
3020 2175 3193 2245 εἴρηκέ
3239 2191 3319 2232 τις
3355 2176 3444 2224 τὸν
3498 2171 3724 2243 ἀρχαῖον

358 2256 726 2331 Φιλοποίμενα.

432 2348 526 2408 Τίς
579 2350 700 2420 γὰρ,
769 2351 878 2411 οἶος
920 2353 1008 2416 σὺ,
1066 2357 1159 2402 τοῦ
1202 2348 1386 2401 λοιποῦ
1437 2347 1640 2418 ὑψηλὸς
1685 2349 1772 2397 τὸν
1822 2344 1958 2417 βίον,
2000 2339 2045 2392 Β
2155 2344 2200 2408 Ο

2000 2339 2045 2392 Β
2155 2344 2298 2408 Quis
2325 2347 2485 2402 enim
2538 2347 2690 2403 alius
2731 2354 2947 2420 praeter
2988 2355 3042 2406 te
3092 2354 3368 2406 nascetur
3408 2365 3547 2406 cum
3595 2348 3727 2421 pari

358 2439 449 2486 τόν
515 2436 670 2506 λόγου
737 2443 1012 2512 μετέωρος,
1075 2444 1170 2498 τὴν
1229 2440 1510 2514 ἱερωσύνην
1572 2438 1822 2508 αἰθέριος,
1875 2440 1966 2487 καὶ

359 2526 434 2586 ὡς
481 2525 570 2577 ἀπ’
603 2527 763 2579 αὐτοῦ
794 2536 884 2580 τοῦ
918 2531 1103 2603 θρόνου
1158 2537 1395 2603 Χριστοῦ
1447 2530 1758 2600 θεμιστεύων
1813 2527 1962 2578 ἅντι-

358 2633 509 2685 κρυς,
560 2616 688 2668 εἴπω
737 2613 787 2669 δ’
813 2616 894 2684 ἂν,
940 2624 1030 2671 καὶ
1085 2621 1157 2681 ὡς
1199 2618 1279 2671 ἐπ’
1330 2618 1495 2678 αὐτῆς
1541 2626 1635 2679 τῆς
1686 2615 1968 2688 ἀκρωρείας

358 2710 455 2754 τοῦ
505 2710 626 2756 Σινᾶ
687 2708 1040 2779 χρηματίζων
1095 2708 1448 2780 λογιζόμενος,
1510 2709 1649 2768 ὅπως
1709 2704 1833 2777 βίον
1874 2708 1966 2776 μὶν

357 2799 453 2843 τοῦ
496 2797 630 2845 κατὰ
685 2799 742 2848 σε
779 2795 1039 2867 προϐῆναι
1075 2806 1325 2871 περιωτῇ,
1371 2798 1400 2855 ἦ
1453 2796 1528 2849 ἐπ’
1573 2797 1727 2848 αὐτὸν
1783 2793 1966 2846 ἐλάσαι

359 2884 452 2933 τόν
513 2881 727 2958 βατῆρα
789 2893 881 2938 τοῦ
923 2885 1099 2958 λόγου,
1140 2884 1258 2939 οὐδ’
1317 2886 1378 2937 ἂν
1444 2886 1515 2938 ἐνὶ
1557 2895 1658 2938 τῶν
1724 2885 1965 2936 ἁπάντων

363 2968 666 3040 ἐγγένοιτο;
732 2976 878 3028 Εἶσω
928 2972 988 3028 δε
1036 2973 1192 3028 δῦναι
1253 2975 1464 3048 νεφέλης
1523 2984 1619 3026 τῶν
1676 2976 1820 3044 παρὰ
1881 2977 1964 3023 σοὶ

363 3063 658 3131 νοημάτων,
716 3069 804 3115 καὶ
833 3064 1054 3136 λογικῶν
1084 3064 1312 3118 ἀκοῦσαι
1341 3060 1597 3137 μεθόδων,
1645 3060 1770 3115 οὐδε
1813 3069 1966 3113 τοῦτο

363 3156 785 3222 προστυχόντος.
825 3155 905 3205 ὅτι
937 3159 1007 3226 μὴ
1059 3162 1347 3208 Μωσαὶκοῡ
1383 3174 1521 3214 τινος
1571 3149 1631 3210 ἦν
1670 3148 1861 3226 ἀνδρὸς
1885 3173 1896 3184 ⁸
1940 3152 1968 3202 ὁ

367 3234 430 3290 δέ
450 3259 513 3308 γε
541 3245 834 3313 σύμμικτος
871 3249 961 3295 καὶ
1009 3244 1170 3305 πολὺς
1206 3247 1348 3295 κάτω
1399 3263 1501 3296 που
1539 3248 1657 3314 περὶ
1703 3245 1765 3294 τὰ
1803 3243 1971 3314 κράσ-

363 3323 507 3378 πεδα
563 3337 656 3380 τοῦ
715 3335 868 3404 ὅρους
929 3334 1187 3402 εἱστήκει,
1276 3336 1440 3405 μόνης
1515 3339 1610 3391 τῆς
1690 3332 1970 3390 θεσπεσίας

365 3415 542 3486 ἠχοῦς
592 3416 879 3488 ἀγαπητῶς
926 3420 1267 3495 ἀκροώμενος.
1328 3421 1524 3474 Πολλοῦ
1567 3439 1623 3490 γε
1671 3418 1862 3491 μᾶλλον
1909 3415 1969 3470 δε

362 3513 457 3556 τοῦ
497 3511 683 3568 παντὸς
730 3506 836 3562 ἔδει
902 3515 998 3568 τὴν
1049 3516 1146 3568 σὴν
1193 3513 1546 3584 καταθαρσεῑν
1607 3509 1828 3570 ἔντευξιν
1871 3511 1966 3564 θη-

358 3597 477 3666 ρίον
533 3597 826 3666 ότιποτοῦν,
889 3601 956 3660 ὡς
1006 3599 1157 3671 ἐγγὺς
1222 3602 1465 3670 ’γενέσθαι
1517 3603 1587 3671 μή
1648 3601 1779 3670 μετά
1845 3618 1967 3670 ῩΡι’

2076 2447 2314 2489 morum
2331 2435 2639 2507 dignitate,
2656 2437 2882 2494 fulmen
2909 2438 3282 2512 eloquentiae,
3307 2443 3527 2510 orator,
3539 2438 3728 2510 judex

2077 2527 2338 2587 sanctus,
2371 2528 2436 2579 ut
2456 2526 2539 2580 ita
2565 2525 2788 2597 dicam,
2825 2529 3001 2600 quasi
3029 2545 3060 2583 e
3083 2528 3295 2584 Christi
3333 2528 3568 2598 throno,
3607 2531 3668 2583 ut
3696 2542 3727 2582 e

2077 2625 2317 2666 summo
2345 2612 2508 2669 Sinai
2533 2615 2778 2671 oracula
2804 2616 3064 2672 reddens
3084 2619 3111 2674 Ῥ
3132 2618 3273 2683 Quis
3302 2623 3354 2674 te
3385 2617 3521 2672 vitae
3553 2631 3726 2672 sanc-

2075 2699 2258 2766 titate,
2285 2701 2421 2773 quis
2445 2703 2800 2776 eloquentia:
2841 2707 2899 2760 vi
2946 2721 3223 2779 unquam
3254 2707 3522 2779 aequabit
3548 2706 3576 2762 ?
3615 2706 3726 2762 Co-

2076 2788 2433 2856 gitationum
2463 2808 2644 2864 porro
2695 2799 2938 2850 tuarum
3007 2809 3252 2851 cursum
3302 2795 3494 2867 sequi,
3534 2799 3588 2851 te
3625 2794 3730 2850 do-

2077 2883 2309 2934 centem
2365 2881 2572 2937 audire
2611 2883 2821 2954 paucis
2873 2883 3210 2940 admodum
3251 2885 3530 2953 dabatur,
3575 2898 3731 2955 quos

2076 2967 2166 3022 vel
2195 2968 2269 3022 ad
2304 2970 2521 3024 montis
2563 2971 2796 3027 radices
2819 2973 2985 3027 vocis
3005 2972 3220 3028 divinae
3252 2989 3472 3029 sonum
3523 2973 3730 3028 audire

2072 3055 2344 3125 iuvabat.
2385 3059 2516 3123 Quo
2554 3061 2750 3127 magis
2792 3061 2971 3130 igitur
3000 3065 3054 3115 te
3079 3067 3372 3132 praesente
3403 3076 3583 3117 nemo
3609 3075 3732 3116 non

2076 3144 2503 3211 delectabatur,
2534 3148 2580 3202 si
2613 3147 2761 3203 forte
2782 3149 3012 3204 animal
3041 3166 3231 3222 rapax
3249 3150 3733 3223 apparebat,sive

2076 3231 2170 3288 leo
2201 3235 2560 3291 tributorum
2592 3242 2834 3292 exactor
2858 3237 3142 3294 intestina
3173 3243 3380 3294 nostra
3419 3239 3734 3294 devoratu-

2075 3336 2198 3390 rus,
2242 3322 2363 3377 sive
2408 3325 2704 3395 panthera
2733 3325 3056 3395 maculata,
3098 3326 3159 3381 id
3191 3332 3280 3382 est
3321 3327 3585 3399 dynasta
3629 3326 3710 3382 do

2079 3413 2386 3478 mesticus,
2422 3414 2546 3468 sive
2581 3414 2763 3484 lupus
2792 3416 2988 3484 gregis
3019 3417 3301 3472 inimicus
3333 3424 3390 3472 et
3419 3417 3736 3472 insidiator

2076 3503 2452 3573 processerit.
2471 3503 2533 3558 Hi
2557 3520 2768 3559 omnes
2796 3506 2956 3559 enim
2987 3511 3039 3560 te
3062 3512 3354 3578 praesente
3380 3505 3735 3562 abscondito

2077 3591 2490 3646 consistebant
2514 3592 2666 3652 loco.
2701 3609 2775 3647 ne
2807 3594 3005 3648 verbis
3031 3595 3147 3650 tuis
3178 3596 3353 3667 quasi
3385 3595 3736 3651 totidemla-

358 3702 463 3744 κης
491 3690 580 3736 καὶ
630 3682 894 3758 δείματος,
963 3692 1062 3740 ι’ίτε
1108 3709 1189 3751 τις
1235 3689 1569 3761 φορολογικός
1618 3684 1679 3745 ἧν
1724 3688 1846 3740 λέων
1876 3693 1965 3738 καὶ
1997 3692 2038 3746 C
2077 3681 2127 3752 Pj

1997 3692 2038 3746 (ς
2077 3679 2318 3752 pidibus
2358 3687 2763 3751 tangerentur.
2800 3682 2951 3747 Quid
2991 3683 3260 3739 mirum?
3309 3685 3606 3756 siquidem
3661 3699 3735 3738 ne

359 3774 561 3840 ἔγκατα
623 3778 792 3828 πάντα
865 3776 1168 3848 λαφύσσων,
1229 3782 1328 3831 εἴτε
1412 3775 1676 3838 δυνάστης
1745 3774 1965 3838 ἕνδαπὸς

360 3862 576 3934 ποικίλη
617 3871 841 3937 πονηρία
900 3871 1105 3928 στατὸς
1158 3870 1280 3920 ὡσεὶ
1326 3864 1614 3939 πάρδαλις,
1676 3870 1770 3918 εἶτε
1813 3866 1968 3926 λύκος

361 3949 542 4020 ἅρπαξ
613 3961 680 4022 τῷ
755 3959 984 4026 ποιμνίῶ
1065 3955 1332 4028 ἐμπίπτων
1409 3960 1500 4007 καὶ
1575 3955 1964 4026 λυμαινόμενος.

366 4040 641 4110 Πεφόϐητο
670 4046 770 4118 γὰρ
829 4044 969 4095 ἅπαν
1006 4053 1214 4096 τοιοῦτο
1271 4050 1361 4096 καὶ
1417 4049 1728 4118 περιίστατο
1776 4043 1968 4114 φυλατ-

365 4133 601 4200 τόμενον,
641 4138 713 4204 μή
765 4140 871 4193 τοίς
920 4141 1029 4194 σοῖς
1080 4134 1250 4204 λόγοις
1302 4137 1366 4193 ὡς
1416 4133 1579 4193 λίθοις
1637 4132 1966 4204 βεϐλήσεται.

369 4223 557 4271 Καίτοι
587 4241 638 4272 τι
691 4229 846 4273 τοῦτο
883 4225 948 4283 ὦς
1003 4242 1056 4274 τι
1111 4224 1414 4293 θαυμαστόν
1466 4225 1690 4296 εἴρηται,
1749 4223 1830 4273 ἅτε
1881 4227 1971 4273 καὶ

369 4304 683 4378 βασιλεῦσιν
728 4314 912 4374 αὐτοῖς
961 4311 1056 4364 οὐκ
1095 4308 1354 4364 ἁσπουδιὶ
1411 4320 1582 4384 παρῆν
1635 4310 1970 4382 ἐντυγχάνειν

371 4415 476 4460 σοι,
511 4404 595 4449 καὶ
643 4402 710 4460 ὡς
758 4407 869 4462 τοῖς
921 4400 1116 4468 οῦιλοις,
1159 4398 1214 4452 ἐκ
1252 4409 1345 4452 τοῦ
1384 4403 1718 4474 ὑπέρφρονος,
1764 4404 1856 4450 σὺν
1887 4404 1968 4450 ait-

366 4482 458 4536 δοῖ
495 4481 555 4537 δί
592 4487 784 4558 μᾶλλον
833 4493 923 4540 καὶ
971 4489 1257 4562 ὑποστολῇ,
1325 4491 1507 4540 ὁποίαν
1562 4496 1712 4560 σχῖεν
1765 4490 1825 4539 ἄν
1882 4493 1971 4539 καὶ

361 4577 602 4645 μαθηται
642 4581 769 4648 πρὸς
810 4573 1175 4645 διδασκαλοίη
1229 4577 1413 4651 Ἃγιον
1465 4581 1554 4649 μεν
1598 4578 1688 4629 οὖν
1740 4582 1826 4628 καὶ
1874 4596 1970 4647 φο-

360 4661 512 4735 ϐερὸν
544 4662 834 4737 ἀνυμνοῡσι
874 4671 931 4718 τό
973 4671 1135 4740 ὄνομα
1181 4675 1315 4720 Θεοῦ
1369 4670 1416 4719 οἱ
1468 4667 1688 4739 ψαλμοὶ,
1721 4671 1809 4717 καὶ
1841 4669 1969 4718 Θεὸν

358 4753 520 4804 αὐτόν
578 4755 637 4806 οὗ
695 4763 851 4827 μόνον
908 4778 1029 4828 φως,
1099 4755 1226 4809 ἀλλά
1285 4762 1375 4809 καὶ
1438 4765 1541 4830 πυρ
1590 4756 1968 4807 καταναλίσκον

354 4839 560 4912 ᾅδουσι
592 4858 605 4872 ⁶
664 4851 755 4897 καὶ
807 4845 1197 4918 πολυόφθαλμοι
1250 4851 1500 4920 Σεραφεὶμ
1555 4844 1813 4917 βλέπουσι

355 4929 647 4994 διαπαντός
693 4938 880 4988 τούτου
943 4940 1002 4988 τὸ
1091 4941 1370 5008 πρόσωπον
1427 4957 1438 4968 ·
1500 4935 1593 4987 οὐκ
1647 4933 1968 5006 ἀτενίστερον

2076 3785 2246 3838 reges
2277 3771 2525 3842 quidem
2555 3771 2668 3843 ipsi
2697 3777 2749 3827 te
2790 3788 2995 3826 coram
3027 3773 3282 3829 immoto
3305 3774 3471 3828 vultu
3490 3789 3738 3845 aaquave

2076 3865 2278 3915 mente
2296 3860 2562 3930 aspicere
2591 3862 3021 3921 sustinuerunt,
3049 3863 3188 3930 imo,
3211 3868 3273 3917 ut
3296 3862 3548 3925 alumni,
3578 3862 3738 3918 dicto

2078 3949 2390 4004 audientes
2417 3956 2473 4004 et
2496 3951 2807 4006 modestos
2830 3966 2894 4007 se
2926 3950 3234 4021 gerebant.
3279 3951 3493 4006 Psalmi
3514 3965 3737 4006 nomen

2080 4039 2180 4092 Dei
2214 4045 2277 4093 ut
2321 4045 2623 4103 sanctum,
2674 4047 2736 4095 ut
2766 4041 2992 4106 lumen,
3041 4039 3166 4095 imo
3227 4046 3289 4094 ut
3326 4042 3528 4108 ignem
3559 4039 3739 4096 devo-

2077 4134 2309 4183 rantem
2324 4127 2675 4199 praedicant.
2708 4130 3019 4201 Seraphim
3034 4128 3343 4185 multoculi
3362 4130 3590 4185 vultum
3610 4130 3740 4200 ejus

2078 4233 2202 4272 non
2241 4217 2482 4282 directe,
2524 4218 2628 4272 sed
2658 4234 2725 4272 ex
2764 4218 3014 4289 obliquo
3040 4224 3098 4274 et
3135 4219 3328 4274 oculis
3365 4218 3739 4289 semiapertis

2079 4311 2461 4373 contuentur,
2494 4313 2551 4362 et
2589 4323 2804 4378 parum
2867 4308 2994 4364 alas
3044 4324 3188 4364 suas
3241 4307 3564 4380 explicant.
3605 4307 3740 4362 Pari

2079 4394 2266 4451 modo
2297 4395 2385 4450 sol
2406 4396 2501 4450 hic
2532 4397 2786 4451 visibilis
2807 4397 2878 4452 iis
2911 4403 3145 4453 tantum
3177 4404 3407 4454 astrum
3429 4396 3740 4468 jucundis—

2080 4488 2300 4540 simum
2336 4485 2566 4556 eritqui
2600 4486 2787 4540 radiis
2820 4487 2952 4556 ejus
2977 4487 3240 4542 fruentes
3267 4487 3532 4542 contenti
3580 4490 3738 4540 sunt.

2081 4576 2192 4640 Qui
2222 4580 2423 4629 autem
2446 4574 2624 4629 rectis
2653 4574 2799 4629 illud
2849 4575 3040 4630 oculis
3068 4575 3283 4630 intueri
3317 4592 3507 4630 ausus
3546 4575 3740 4642 fuerit,

2079 4664 2242 4719 haud
2275 4663 2522 4734 impune
2553 4668 2608 4717 et
2639 4673 2776 4718 cum
2799 4665 3065 4718 maximo
3091 4664 3251 4718 visus
3278 4664 3638 4718 detrimento
3660 4662 3742 4716 fe-

2080 4754 2239 4809 cerit.
2273 4754 2364 4808 Sic
2397 4753 2500 4808 tibi
2531 4769 2775 4824 quoque
2819 4769 2998 4808 nemo
3028 4754 3140 4808 nisi
3175 4753 3354 4824 plane
3385 4751 3742 4824 imprudens

2079 4850 2135 4900 et
2157 4845 2530 4908 temerarius,
2560 4844 2782 4915 tibiqui
2802 4843 2987 4898 solem
3007 4843 3281 4898 divinum
3297 4841 3742 4908 reddis,inania

2076 4922 2335 5006 loqueus
2364 4940 2468 4988 aut
2493 4934 2829 5006 incongrua
2860 4933 3087 4988 faciens
3122 4932 3740 5005 appropinquaverit:

354 5019 420 5075 di
475 5023 943 5097 κατεμϐλέπουσιν,
993 5029 1110 5079 οὔτε
1175 5025 1289 5078 ὅλον
1332 5030 1420 5076 καὶ
1477 5025 1612 5086 ὅλοις
1669 5024 1965 5076 ἀναπεπτα-
2000 5044 2041 5098 D
2082 5041 2118 5096 q

2000 5044 2041 5098 ι)
2082 5024 2307 5096 quicun
2334 5039 2431 5094 lue
2457 5023 2615 5078 enim
2645 5022 2756 5078 abs
2783 5029 2837 5078 te
2862 5022 3420 5095 reprehendebatur
3438 5021 3598 5076 idem
3619 5021 3742 5093 pati

349 5117 529 5186 μένοις
574 5120 663 5167 καὶ
718 5120 978 5188 ὄμμασιν,
1019 5117 1120 5189 ὑφ’,
1156 5118 1278 5168 ὅσον
1330 5118 1385 5169 αἱ
1438 5121 1705 5188 πτέρυγες,
1767 5117 1956 5174 αἰτινές

347 5208 479 5257 ποτέ
508 5204 641 5257 εἰσιν
672 5207 726 5257 αἱ
763 5210 1017 5281 πτέρυγες
1053 5202 1231 5271 αὗται,
1287 5206 1723 5279 παρεσταλμένοις
1775 5201 1835 5257 δε
1862 5224 1958 5256 πα-

343 5303 572 5368 ρορῶσι,
626 5300 716 5346 καὶ
770 5301 1177 5370 παρανοίγουσι,
1245 5301 1345 5348 Καὶ
1402 5299 1545 5356 ἣλιος
1617 5291 1676 5346 δε
1728 5293 1875 5353 οὗτος
1927 5294 1953 5344 ό

345 5383 630 5446 αἰσθητὸς,
681 5383 754 5445 οἷς
790 5405 880 5457 μεν
924 5383 1138 5459 ἀπόχρη
1180 5391 1346 5458 μόνων
1396 5383 1671 5436 ἀπολαύειν
1712 5381 1952 5448 ἀκτίνων,

344 5470 574 5536 ἣδιστός
633 5476 862 5551 ἀστέρων
917 5482 1005 5529 καὶ
1045 5474 1156 5529 οἷον.
1205 5476 1484 5548 ὀφθαλμοῖς
1536 5475 1677 5527 ἐστιν
1740 5474 1907 5544 ὄψεως
1939 5496 1951 5507 ·

343 5569 391 5616 εἰ
430 5583 508 5626 τις
561 5561 621 5616 δε
682 5562 1046 5641 ἀναιδέστερον
1097 5565 1413 5619 ἀντιϐλέπειν
1446 5565 1577 5637 αὑτῇ
1626 5573 1688 5638 τῇ
1749 5569 1955 5636 πηγαίᾳ

339 5662 443 5704 τῶν
502 5652 721 5705 ἀκτίνων
782 5660 979 5729 σφαίρᾳ
1035 5655 1429 5728 φιλονεικήσειε,
1500 5657 1684 5706 θᾶττον
1742 5653 1802 5704 ἂν
1858 5655 1952 5724 ὐφ-

341 5743 445 5818 {Eu
504 5739 664 5804 δίκην
720 5752 818 5807 τῆς
874 5744 1210 5819 ἀσυμμέτρου
1275 5749 1614 5818 ταῖς-κόραις
1671 5742 1950 5815 ἀντοφθαλ-

2067 5113 2519 5187 putabatquam
2533 5113 2580 5166 si
2601 5116 2760 5167 terra
2775 5119 2912 5167 ante
2932 5112 3114 5181 pedes
3126 5111 3514 5166 dehisceret.'l
3532 5126 3568 5165 u
3581 5110 3743 5165 enim

2067 5201 2130 5260 in
2166 5202 2476 5259 tradendis
2515 5204 2818 5258 Musarum
2847 5202 3078 5256 artibus
3117 5217 3258 5256 vera
3297 5205 3352 5255 et
3391 5200 3667 5255 doctrina
3688 5204 3745 5254 et

2067 5293 2388 5366 disciplina
2415 5291 2706 5359 utcbaris,
2755 5291 2926 5346 aliter
2950 5308 3019 5346 ac
3046 5292 3152 5347 ille
3182 5293 3278 5346 vir
3307 5295 3586 5346 strenuus
3617 5289 3739 5360 qui,
3783 5327 3786 5329 -

2067 5392 2216 5444 teste
2234 5383 2514 5446 Homero,
2535 5383 2829 5438 insontem
2849 5396 3084 5453 quoque
3099 5382 3293 5450 culpa
3307 5379 3718 5435 accusarit.Ra
3732 5410 3744 5419 ο

2065 5475 2225 5530 tione
2240 5474 2532 5536 item,non
2557 5471 2933 5526 vehementia
2948 5471 3124 5540 duce,
3140 5470 3403 5525 sontium
3418 5485 3487 5525 ac
3501 5485 3742 5524 reorum

2065 5565 2304 5620 animos
2347 5562 2590 5633 culpam
2637 5563 3054 5618 conﬁtentium
3105 5567 3162 5617 et
3207 5561 3742 5633 reprehensionem

2063 5654 2198 5708 vitae
2231 5651 2679 5707 admittentium
2712 5651 2788 5706 ad
2832 5651 3251 5722 paenitentiam
3298 5649 3731 5722 compellebas.

2069 5743 2164 5803 Sic
2196 5741 2422 5813 tibi,vir
2443 5740 2709 5798 maxime
2728 5741 3270 5808 venerande,casta
3297 5745 3585 5796 venustas
3599 5738 3743 5794 ade-
