4480 6430
833 443 935 502 351

1701 438 2074 500 MICHAELIS
2109 435 2492 501 ACOMINATI
2527 435 2966 500 ΑἹἮΕΝΑΒῙῙΠ
3002 434 3335 496 ARCHIEP.

4083 438 4188 527 δἐι

832 569 944 634 rat,
976 567 1034 624 et
1054 564 1570 623 incantamentum
1597 563 1998 623 honoriﬁcum
2025 568 2082 622 te
2107 569 2174 622 ut
2201 565 2484 623 sanctita-
2521 567 2601 639 A1

2417 580 2484 623 ε,-
2521 567 2568 622 Α
2592 567 2824 639 μήσεως.
2877 563 3023 619 Κατὰ
3057 564 3227 617 ταυτὰ
3280 564 3372 617 καὶ
3424 565 3524 618 τῶν
3574 562 3897 638 προσιόντων
3947 579 4051 628 σοι,
4115 569 4185 634 τῷ

835 655 909 713 tis
929 653 1456 729 propugnaculum
1475 653 1700 727 ubique
1722 654 2196 732 sequebatur.Tu
2207 654 2486 711 homines

835 744 942 818 qui
971 759 1008 800 a
1027 743 1320 816 principio
1351 743 1554 801 minus
1575 747 1631 800 te
1651 743 1818 815 digni
1845 743 2228 814 videbantur,
2240 743 2488 800 rationis

836 835 895 888 et
922 831 1211 888 orationis
1241 830 1487 899 auxilio,
1522 846 1593 888 ac
1618 846 2063 903 nonnunquam
2084 844 2259 903 aqum
2275 827 2487 902 puriﬁ-

836 921 1075 978 catorim
1091 935 1205 992 ope
1221 919 1302 976 ad
1323 920 1804 993 resipiscendum
1821 918 2278 993 perduxistiJlle
2299 917 2487 974 Clear-

835 1009 1008 1075 chus,
1043 1011 1194 1066 Laco
1223 1009 1487 1081 natione,
1508 1010 1913 1083 Xenophonte
1943 1013 2114 1075 teste,
2133 1008 2483 1078 vultutetro,

834 1112 1020 1155 rauca
1039 1096 1375 1154 admodum
1393 1113 1537 1154 voce
1554 1098 1872 1170 erat,quod
1883 1102 2086 1154 tamen
2097 1110 2489 1169 nequaquam

835 1184 1150 1242 obstaculo
1174 1184 1284 1242 fuit
1312 1187 1461 1259 quin
1481 1185 1770 1242 militibus
1815 1186 1937 1242 suis
1959 1186 2018 1242 in
2047 1199 2256 1258 pugna
2285 1183 2488 1257 splen-

835 1272 1016 1330 didus
1044 1272 1370 1346 hilarisque
1399 1274 1836 1345 antesignanus
1873 1273 2066 1330 fuerit.
2097 1276 2220 1330 Tua
2248 1287 2489 1328 morum

833 1362 1047 1420 lenitas
1071 1363 1346 1433 jucundo
1377 1380 1615 1438 semper
1643 1368 1846 1421 tenore
1867 1362 2319 1420 occurrentibus
2347 1361 2489 1418 arri-

835 1453 930 1519 sit,
949 1452 1133 1525 idque
1165 1457 1292 1509 tum
1318 1469 1585 1526 quoque,
1603 1453 1707 1510 ubi
1733 1454 1898 1525 justa
1921 1453 2008 1509 ira
2024 1453 2086 1509 in
2110 1452 2304 1509 malos
2321 1466 2488 1508 exar-

835 1541 1298 1608 descebas.Quis
1319 1547 1520 1600 autem
1541 1543 1651 1600 abs
1668 1547 1723 1599 te
1739 1544 2130 1614 vituperatus,
2151 1541 2489 1598 dummodo

834 1645 958 1687 non
988 1646 1128 1686 cum
1182 1631 1387 1688 anima
1429 1631 1531 1688 vili
1563 1635 1741 1701 esset,
1773 1647 1898 1688 non
1949 1634 2266 1688 contentus
2293 1629 2486 1697 fuerit,

832 1719 1020 1776 verba
1041 1719 1297 1776 audiens
1323 1721 1735 1777 consolatoria
1758 1720 1954 1791 magis
1986 1736 2173 1793 quam
2192 1720 2488 1792 vitupera-

833 1809 1006 1874 toria,
1036 1824 1209 1865 rosas
1233 1809 1370 1882 plus
1399 1826 1588 1883 quam
1616 1810 1820 1883 spinas
1851 1826 1923 1867 ea
1965 1809 2365 1866 aestimando?
2396 1808 2490 1865 Sic

2594 654 2715 707 καθ’
2756 655 2896 725 ἡμᾶς
2935 648 3307 725 θεοειδεστάτῳ
3345 651 3491 725 ἡλίῳ,
3539 650 3634 704 οὑκ
3671 649 3908 726 ἀνδρεῖος
3954 648 4037 722 ἧν,
4085 649 4190 705 ἁλλ’

2596 743 2752 804 ἄνους
2782 745 2874 795 καὶ
2935 741 3134 814 ἰταμός,
3198 738 3412 813 ἀγνοῶν,
3460 741 3580 793 ὅποι
3633 742 3755 794 ποτε
3811 736 4056 793 κινδύνου
4096 743 4187 806 φέ-

2593 851 2762 908 ρεται,
2793 832 2820 883 6
2849 834 2922 904 μὴ
2975 832 3111 885 πάνυ
3157 850 3211 883 τι
3241 829 3465 893 εὐλαϐῶς
3509 834 3742 903 προσιὼν
3782 834 3879 883 παὶ
3921 828 4187 902 πεφυλαγ-

2595 923 2764 994 μένος,
2841 924 3019 993 μήπου
3080 939 3133 973 τι
3209 917 3410 992 ἐκμελῆ
3465 919 3876 993 παραφέγξαιτο,
3934 918 3964 983 ᾖ
4026 917 4190 982 ἄλλως

2596 1008 3056 1084 ὑπαγροικίσαιτο.
3125 1011 3195 1062 T6
3263 1011 3365 1085 γὰρ
3433 1007 3806 1082 ἐπιτιμηθῆναι
3878 1009 4024 1081 παρὰ
4095 1013 4188 1060 σοῦ

2595 1098 2710 1151 ’ίσον
2768 1093 2799 1156 ἧ
2849 1105 2923 1168 τῷ
2980 1115 3038 1169 γε
3101 1099 3411 1170 μαινομένῳ,
3469 1101 3559 1150 καὶ
3621 1101 3710 1156 τὴν
3757 1100 3858 1169 γὴν
3907 1093 4191 1154 διαστῆναι

2596 1187 2646 1240 οἱ
2715 1187 2899 1244 αὐτόν.
2955 1186 3032 1238 Ού
3083 1187 3185 1262 γὰρ
3237 1186 3643 1259 ψυχαγωγῆσαι
3696 1190 3850 1259 μόνον
3915 1184 4190 1258 ἐμμούσως

2597 1273 2995 1346 ἐπαγωγότατος
3039 1271 3184 1333 ἦσθα
3220 1280 3310 1328 καὶ
3352 1279 3724 1348 χαριέστατος,
3767 1273 3896 1327 ἀλλὰ
3944 1278 4034 1327 καὶ
4081 1274 4190 1325 έπι-

2595 1362 2790 1426 πλῆξαι
2844 1360 3192 1425 παιδευτικῶς
3256 1363 3661 1439 ἐμϐριθέστατος
3704 1379 3722 1397 ⁶
3786 1363 3846 1416 ού
3914 1363 4051 1415 κατὰ
4105 1365 4190 1414 τὸν

2595 1452 2719 1526 παρ’
2756 1451 2963 1526 Ὁμήρῳ
3012 1448 3180 1504 δεινὸν
3225 1449 3417 1525 ἄνδρα,
3467 1451 3518 1513 ὃς
3567 1454 3714 1524 τάχα
3757 1452 3863 1518 κεν,
3909 1455 4060 1523 φησὶ,
4101 1453 4191 1502 καὶ

2597 1538 2826 1594 ἀναίτιον
2856 1541 3116 1612 αἰτιόῳτο.
3149 1543 3220 1593 Τὸ
3275 1543 3375 1614 γὰρ
3421 1540 3614 1613 εὐλόγῳ
3671 1545 3761 1594 καὶ
3808 1543 4002 1614 καιρίῳ
4041 1537 4191 1591 πλέον

2596 1629 2627 1688 ἦ
2661 1636 2733 1699 τῷ
2779 1625 2993 1701 σφοδρῷ
3049 1627 3276 1702 βάλλων,
3310 1627 3610 1702 ἐπέστρεφες
3667 1632 3758 1681 τόν
3811 1630 4074 1693 ὑπαίτιον,
4125 1629 4194 1688 ὡς

2597 1713 2728 1792 μηδ’
2795 1716 2855 1769 ἂν
2935 1717 3090 1770 αὑτὸν
3145 1721 3232 1770 τόν
3297 1716 3668 1790 ἐπιτιμώμενον
3730 1716 4078 1792 ἀπαρνεῖσθαι
4137 1717 4195 1767 τό

2599 1810 2670 1879 μὴ
2703 1805 2763 1858 ού
2805 1802 3026 1868 δικαίως
3084 1805 3406 1860 εὐθύνεσθαι.
3472 1806 3653 1868 Οὕτως
3700 1807 3731 1865 ἧ
3771 1808 3823 1859 τι
3874 1805 4198 1877 ἁγιοπρεπής

832 1913 945 1954 nec
973 1898 1382 1955 mansuetudo
1412 1904 1516 1956 tua
1547 1900 1674 1956 sine
1714 1899 1924 1956 aculeo
1969 1903 2113 1965 erat,
2169 1914 2292 1972 quo
2336 1913 2491 1971 opus
2521 1921 2561 1976 Β
2600 1961 2601 1966 η

2429 1914 2491 1954 us
2521 1921 2561 1976 Β
2600 1896 2764 1968 χάρις
2795 1892 3066 1967 ἐπεμειδία
3132 1914 3237 1964 σοι,
3295 1901 3663 1970 μακαριώτατε
3715 1891 3938 1965 ἀνδρῶν,
3998 1898 4086 1946 καὶ
4141 1896 4198 1945 τὸ

831 1985 1098 2043 habebat
1162 1987 1240 2042 ad
1288 1988 1412 2044 vim
1465 1987 1978 2045 admonitionibus
2024 1987 2327 2054 dandam;
2379 2002 2490 2043 nec

833 2075 1165 2132 acrimonia
1181 2077 1557 2147 jucunditate
1579 2077 1822 2133 carebat
1846 2095 1858 2132 :
1885 2081 2209 2150 utrumque
2231 2076 2390 2132 enim
2412 2075 2496 2132 fe-

832 2163 1118 2220 licissima
1147 2165 1400 2223 mistura
1429 2166 1846 2224 consociatum
1879 2171 2026 2222 erat.
2046 2169 2129 2222 Tu
2159 2165 2287 2238 ipse
2304 2164 2494 2238 probe

833 2252 992 2308 nosti
1011 2252 1158 2308 nihil
1182 2269 1393 2310 eorum
1423 2271 1560 2328 quae
1593 2258 1698 2311 aut
1726 2271 1864 2310 cum
1897 2255 2117 2311 sudore
2147 2254 2489 2325 elaborasti,

836 2343 941 2396 aut
976 2355 1084 2413 per
1120 2340 1336 2398 ludum
1366 2342 1783 2416 composuisti,
1829 2342 2162 2399 litterarum
2194 2341 2494 2398 studiosos

833 2427 1062 2498 fugere,
1104 2429 1404 2502 siquidem
1435 2446 1530 2488 res
1572 2435 1690 2487 tute
1728 2432 1788 2487 in
1838 2431 1968 2487 foro
1998 2435 2056 2487 et
2083 2430 2196 2487 viis
2233 2429 2492 2504 publicis

833 2516 1020 2573 fando
1042 2518 1304 2589 repetitae
1330 2518 1392 2575 in
1421 2519 1813 2592 proverbium
1843 2519 2138 2576 abierunt.

838 2603 899 2664 ἧν
926 2607 1048 2681 όρᾷν
1075 2613 1164 2660 καὶ
1193 2612 1400 2681 τραχύς
1436 2618 1499 2682 τῇ
1558 2617 1694 2682 φωνῇ
1735 2631 1748 2643 ο

837 2693 1082 2767 ἐφαίνετο.

2601 1983 2812 2057 φοϐερόν
2874 1985 3045 2060 ὥσπερ
3098 2003 3151 2037 τι
3199 1986 3330 2037 θεῖον
3381 1984 3661 2055 ἁγιότητος
3709 1988 3990 2058 παρείπετο
4044 1979 4200 2057 δορυ-

2603 2077 2861 2147 φόρημα⁶
2922 2075 2992 2134 ὡς
3051 2076 3174 2134 τοὺς
3243 2073 3646 2146 ἐντευξομένους,
3709 2074 4064 2146 ὑφορωμένους
4128 2074 4198 2143 μὴ

2601 2170 2703 2214 τῶν
2765 2169 2868 2214 σῶν
2927 2166 3167 2238 χαρίτων
3212 2161 3492 2230 ἐκπέσοιεν,
3548 2163 3578 2222 ἦ
3632 2169 3744 2223 ταῖς
3785 2168 3903 2223 σαῖς
3953 2161 4203 2232 ἐπιτιμή-

2606 2269 2723 2303 σεσι
2780 2255 3128 2326 περιπέσοιεν,
3200 2253 3443 2324 συνάγειν
3511 2252 3699 2323 εὐλόγῳ
3757 2247 3864 2304 δέει
3919 2252 4005 2302 τόν
4064 2255 4201 2312 νοῦν,

2601 2343 2692 2392 καὶ
2729 2342 2864 2392 κατὰ
2915 2343 3032 2402 τοὺς
3086 2340 3556 2412 τελεσθησομένους
3602 2344 3754 2413 μόνον
3821 2341 3880 2391 οὑ
3927 2336 4200 2412 περιῤῥανο

2601 2433 2794 2505 τηρίων
2862 2426 3074 2483 δεῖσθαι
3125 2432 3458 2506 καθάρσεων.
3525 2433 3627 2483 Καὶ
3687 2429 3952 2504 Κλέαρχος
4009 2429 4098 2499 μεν
4174 2427 4200 2478 6

2605 2523 2928 2586 Λακωνικὸς,
2992 2522 3061 2582 ὧς
3118 2539 3220 2573 που
3248 2523 3476 2593 Ξενοφῶν
3519 2522 3784 2595 ἱστόρηκε,
3834 2523 3922 2570 καὶ
3979 2518 4199 2588 στυγνὸς

1804 2609 1932 2662 ἀλλὰ
1978 2614 2036 2663 τό
2093 2615 2327 2662 τοιοῦτον
2385 2610 2598 2680 στυγνόν
2650 2607 2698 2660 ἐν
2749 2615 2861 2671 τοῖς
2922 2606 3132 2674 δεινοῖς,
3189 2614 3342 2682 φησὶ,
3402 2606 3624 2682 φαιδρὸν
3681 2615 3790 2670 τοῖς
3850 2611 4200 2680 στρατιώταις

1161 2704 1259 2750 Σοῦ
1315 2695 1374 2751 δε
1424 2703 1515 2750 καὶ
1568 2702 1654 2750 τόν
1711 2697 1789 2751 ἀεὶ
1837 2702 1926 2771 μὲν
1979 2701 2169 2772 χρόνον
2225 2701 2484 2772 ὁρωμένου
2547 2702 2637 2750 καὶ
2693 2700 3063 2770 φθεγγομένου,
3118 2695 3340 2772 φαιδραὶ
3405 2706 3515 2759 τοῖς
3584 2696 3975 2773 προσομιλοῦσι
4030 2712 4200 2768 προσ-

837 2784 1016 2855 εγέλων
1066 2788 1120 2837 αἱ
1168 2788 1422 2860 χάριτες’
1477 2784 1798 2860 διεφαίνοντο
1854 2785 1913 2840 δε
1983 2785 2133 2841 οὐδὲν
2200 2789 2374 2855 ἧττον,
2433 2791 2522 2839 καὶ
2579 2789 2660 2839 ὅτε
2714 2787 2857 2859 ζήλῳ
2923 2785 3114 2859 δικαίῳ
3171 2789 3580 2862 παρεθερμαίνου
3637 2789 3770 2839 κατὰ
3824 2794 3922 2838 τῶν
3978 2785 4198 2858 μοχθη-

835 2877 1055 2946 ροτέρων
1116 2880 1205 2926 καὶ
1269 2872 1520 2948 δεομένων
1572 2882 1901 2952 τραχυτέρας
1963 2885 2058 2937 τῆς
2115 2876 2499 2950 ἐμϐριμὴσεως.
2553 2881 2654 2929 Καί
2717 2879 2815 2928 πού
2887 2896 2963 2937 τις
3017 2875 3465 2950 ἐπιπληττόμενος,
3535 2881 3606 2950 μὴ
3671 2881 3808 2934 πήνυ
3864 2895 3914 2927 τι
3986 2869 4203 2933 συώδης

833 2966 900 3013 ὧν
983 2967 1076 3021 τὴν
1157 2964 1364 3035 ψυχὴν,
1434 2966 1585 3023 ἧττον
1654 2963 1824 3019 ἐδόκει
1885 2963 2171 3018 δάκνεσθαι
2243 2967 2272 3024 ἦ
2330 2962 2576 3031 ἣδεσθαι,
2659 2965 2899 3037 μέμψεων
2957 2965 3221 3018 ἐπακούων
3309 2966 3652 3037 γλυκυθύμων
3709 2965 3858 3017 πλέον
3957 2959 4053 3016 διὰ
4143 2965 4202 3013 τό

836 3054 1045 3124 εὔχαρι,
1105 3053 1136 3110 ἢ
1193 3051 1498 3127 δακεθύμων
1550 3052 1642 3108 διὰ
1691 3059 1749 3108 τό
1804 3055 2050 3127 ἐπίχολον
2093 3072 2105 3085 ο
2162 3060 2250 3107 καὶ
2309 3052 2490 3129 ⁴όόδοις
2549 3060 2786 3130 χαρίτων
2842 3059 3057 3108 πνέουσι
3103 3057 3414 3126 πάττεσθαι,
3475 3055 3504 3113 ἢ
3558 3060 3783 3130 κέντροις
3833 3053 4204 3125 ἐπιστρέφουσι

838 3139 1143 3212 βάλλεσθαι.
1173 3144 1349 3205 Οὑτως
1379 3147 1494 3196 οῦτε
1541 3148 1599 3197 τό
1631 3147 1818 3219 χάριέν
1863 3163 1957 3196 σου
1989 3145 2232 3219 ἄκεντρον
2273 3142 2332 3202 ἧν
2365 3143 2643 3216 (ἀνειμένον
2687 3146 2787 3220 γὰρ
2834 3143 2893 3196 ἆν
2927 3141 3007 3211 ἧν,
3058 3149 3146 3197 καὶ
3190 3148 3318 3219 πρὸς
3360 3147 3631 3198 νουθεσίαν
3683 3143 4044 3218 ἀμϐλύτερον),
4088 3144 4206 3193 οῦτε

3309 2966 3470 3037 γλυκυ
3478 2969 3652 3038 θύμων
3709 2965 3858 3017 πλέον

837 3233 896 3281 τό
960 3232 1367 3305 παροξυνόμενον
1425 3235 1594 3306 ἄχαρι
1649 3241 1722 3304 τῷ
1777 3253 1952 3286 παντιο
2007 3233 2278 3307 Ἑκάτερον
2346 3229 2405 3286 δε
2487 3229 2559 3285 δι’
2619 3233 2862 3307 ἐκατέρου
2936 3241 3268 3308 περιχωροῦν
3340 3236 3533 3307 ἄριστα
3613 3236 3924 3309 κεκραμένον
4003 3230 4206 3301 ἐγκατε-

836 3323 1072 3392 μέμικτο.
1116 3322 1318 3374 Ούκοῦν
1346 3327 1462 3375 τίνα
1491 3332 1590 3374 τῶν
1632 3330 1756 3390 σῶν,
1791 3324 1883 3377 εἶθ’
1921 3325 2020 3375 ὅσα
2050 3319 2406 3383 σπουδάζοντί
2438 3341 2522 3374 σοι
2559 3327 2868 3389 πεπόνηται,
2905 3326 3004 3376 εἴτε
3037 3323 3358 3394 σχολάζοντι
3413 3328 3701 3376 πέπαικται
3746 3325 4060 3396 χαριέντως,
4112 3319 4207 3371 οὑκ

837 3407 934 3460 ἀνὰ
955 3414 1122 3482 στόμα
1149 3419 1255 3473 τοῖς
1281 3412 1570 3484 φιλολόγοις
1596 3417 1847 3487 φερόμενα
1877 3410 2215 3486 περιάδονται
2241 3430 2254 3481 ;
2288 3418 2384 3464 ’Ὧν
2407 3411 2499 3464 οὑκ
2532 3411 2681 3483 ὀλίγα
2701 3413 2830 3464 κάπὶ
2852 3418 2964 3473 ταῖς
2996 3411 3210 3485 ἀγοραῖς
3238 3417 3328 3465 καί
3353 3409 3588 3486 τριόδοις
3617 3411 3845 3466 ἀκούσαι
3902 3431 3982 3473 τις
4025 3411 4095 3470 ὡς
4140 3410 4208 3460 τὰ

840 3498 1176 3572 παροιμιώδη
1201 3501 1625 3576 περιλαλούμενα.

911 3589 1078 3644 Tanti
1124 3594 1181 3646 et
1210 3594 1333 3647 tam
1381 3590 1530 3647 boni
1559 3591 1671 3647 viri
1715 3594 1972 3647 mortem
1993 3590 2191 3647 luctus
2219 3590 2495 3645 omnium
2529 3591 2567 3644 C

841 3675 1057 3733 civium
1093 3683 1300 3735 secuta
1349 3684 1455 3746 est,
1492 3679 1828 3752 praesertim
1860 3680 1989 3750 ejus
2039 3678 2204 3734 urbis
2240 3695 2397 3751 quae,
2429 3680 2495 3734 ut

838 3781 992 3822 uxor
1011 3768 1224 3823 marito
1243 3768 1663 3840 privata,luctu
1679 3784 1971 3840 oppressa
1992 3769 2160 3824 humi
2175 3767 2360 3832 sedet,
2375 3767 2499 3824 imo

838 3871 1018 3911 omne
1049 3858 1320 3913 solamen
1349 3873 1637 3914 recusans
1665 3859 1724 3913 in
1747 3857 2012 3914 defuncti
2042 3857 2340 3913 tumulum
2359 3873 2499 3929 pro-

834 3945 995 4015 jecta
1018 3946 1170 4002 adeo
1204 3948 1446 4003 maerori
1477 3947 1748 4019 indulget
1772 3952 1836 4003 ut
1863 3947 2148 4019 lacrymte
2187 3946 2376 4020 ipsius
2405 3961 2500 4015 ge-

837 4049 950 4090 nas
995 4040 1324 4107 permeent,
1379 4041 1444 4092 ut
1505 4052 1643 4093 cum
1692 4037 1946 4092 Jeremia
2004 4037 2218 4108 loquar
2252 4038 2294 4092 ².
2362 4035 2498 4090 Jam

840 4123 1000 4179 enim
1044 4141 1270 4180 corona
1291 4125 1370 4181 ab
1403 4126 1533 4197 ejus
1566 4127 1759 4198 capite
1790 4125 2043 4198 delapsa
2069 4129 2214 4194 erat,
2263 4129 2319 4181 et
2346 4140 2499 4180 uxor

837 4212 1143 4270 iubumari
1182 4230 1368 4287 quam
1401 4216 1658 4286 conjuge
1689 4215 1911 4287 privari
1943 4214 2247 4281 malebat;
2282 4215 2404 4269 imo
2446 4214 2499 4269 si

833 4303 1097 4369 daretur,
1134 4320 1196 4359 se
1232 4304 1430 4377 ipsam
1470 4304 1685 4359 marito
1738 4304 2076 4358 sacriﬁcare
2102 4306 2316 4375 parata
2348 4308 2492 4368 erat,

833 4398 899 4449 ut
919 4393 1084 4465 apud
1106 4394 1562 4467 Xenophontem
1590 4393 1856 4450 Panthea
1884 4409 2037 4449 uxor
2068 4393 2267 4449 mariti
2288 4408 2498 4449 aman-

832 4482 1088 4539 tissima.

2676 3590 2902 3652 Εἰκότως
2950 3587 3038 3642 οὖν
3078 3589 3159 3642 ἐπὶ
3209 3592 3443 3662 τοσούτῳ
3479 3595 3570 3643 καὶ
3617 3591 3780 3650 οὕτως
3811 3588 3991 3661 ἀγαθῷ
4049 3581 4206 3657 ἀνδρὶ

2603 3683 2693 3731 καὶ
2789 3679 3083 3752 κοινωφελεῖ
3163 3681 3547 3738 τετελευτηκότι
3622 3683 3790 3732 κοινόν
3870 3682 3958 3730 καὶ
4027 3676 4206 3733 πένθος

2607 3770 2843 3822 ἁπάντων
2889 3771 3166 3822 καθίκετο⁶
3222 3769 3454 3841 μάλιστα
3519 3766 3578 3822 δὲ
3634 3777 3729 3831 τῆς
3799 3765 3936 3820 ἴδιον
4009 3765 4206 3837 ἀγαθόν

2603 3857 2874 3930 λαχούσης
2930 3859 3115 3911 ἐκεῖνον
3172 3859 3383 3925 πόλεως,
3455 3861 3484 3920 ἦ
3554 3864 3644 3911 καὶ
3713 3867 3821 3927 νῦν,
3881 3860 4055 3930 ὥσπερ
4124 3875 4206 3916 τις

2604 3953 2810 4020 γενναία
2887 3954 3016 4021 γυνὴ
3077 3951 3388 4021 παρθενικόν
3465 3949 3631 4010 αὑτῆς
3690 3945 3861 4021 ἄνδρα
3916 3947 4201 4014 πενθοῦσα,

2603 4039 2831 4095 κάθηται
2891 4043 3089 4110 χαμαὶ,
3143 4038 3331 4111 μᾶλλον
3389 4035 3446 4091 δὲ
3491 4044 3610 4114 περὶ
3667 4042 3755 4090 τόν
3807 4033 4206 4110 πολυδάκρυτον

2602 4129 2762 4200 τάφον
2810 4125 3154 4200 κυλινδομένη
3209 4128 3617 4202 κατολοφύρεται
3679 4125 4054 4201 ἁραράκλητα·
4115 4129 4206 4175 καὶ

3047 4217 3225 4284 αὑτῆς,
3324 4221 3458 4269 εἴποι
3553 4217 3613 4269 ἂν
3695 4216 3940 4290 Ἱερεμίας
4020 4232 4208 4266 κατοι-

2603 4310 2812 4379 κτείρων
2872 4305 3030 4366 αὑτῆν
3100 4309 3163 4367 ὡς
3216 4311 3310 4366 τὴν
3375 4307 3536 4359 πάλαι
3591 4311 3736 4373 Σιὼν,
3798 4305 3881 4358 ἐπὶ
3950 4307 4206 4375 σιαγόνων

2603 4394 2786 4457 αὐτῆς.
2834 4394 3024 4450 Ἐτεσε
3071 4398 3168 4469 γὰρ
3224 4397 3250 4448 6
3303 4400 3550 4469 στέφανος
3601 4405 3696 4458 τῆς
3733 4393 3958 4468 κεφαλῆς
4017 4392 4202 4457 αὐτῆς,

2603 4218 2669 4268 τὰ
2743 4213 2953 4288 δάκρυα
3047 4217 3225 4284 αὑτῆς,
3324 4221 3458 4269 εἴποι
3553 4217 3613 4269 ἂν

2601 4487 2693 4536 καὶ
2753 4488 2848 4543 τὴν
2919 4485 3080 4543 αὑτὴν
3143 4482 3401 4538 ὑποδῦναι
3460 4494 3560 4558 γῆν
3619 4489 3718 4561 πρὸ
3775 4492 3865 4538 τοῦ
3930 4490 4203 4557 περιεῖναι,

833 4578 1148 4646 μονουμένης
1187 4572 1400 4639 ἐκείνου,
1425 4575 1640 4626 τίθεται.
1674 4572 1734 4625 Εἰ
1763 4569 1813 4625 δ’
1844 4571 1980 4639 ἐξῆν,
2014 4571 2108 4624 κᾶν
2141 4571 2418 4645 ἐπέσφαξεν
2451 4572 2637 4633 ἑαυτὴν
2661 4581 2734 4645 τῷ
2758 4571 2931 4648 ἀνδρὶ,
2962 4577 3030 4636 ὡς
3069 4576 3098 4634 ἠ
3132 4578 3274 4648 παρά
3311 4583 3384 4647 τῷ
3413 4576 3695 4649 Ξενοφῶντι
3724 4573 3859 4633 καλὴ
3894 4578 3984 4626 καὶ
4024 4571 4206 4646 φίλαν-

835 4659 957 4736 δρος
990 4665 1235 4719 Πάνθεια.

905 4755 1038 4809 Haec
1072 4751 1194 4809 fere
1215 4755 1414 4808 autem
1431 4751 1646 4822 lugens
1662 4766 2034 4824 gemensque
2055 4750 2287 4808 dixerit:
2309 4772 2336 4800 «
2357 4751 2497 4816 Quis

834 4841 961 4897 sine
984 4843 1210 4912 gemitu
1242 4841 1567 4915 profundo,
1586 4842 1722 4915 quis
1745 4843 1874 4898 sine
1898 4841 2182 4914 lacrymis
2213 4843 2492 4898 nuntium

833 4931 1084 4989 allatum
1107 4931 1404 4989 audiverit
1420 4932 1545 4989 ?Me
1571 4931 1890 4988 miseram!
1917 4931 2073 4988 Obiit
2094 4935 2301 5004 pastor
2330 4947 2492 5002 egre-

833 5023 967 5094 gius
993 5023 1098 5095 qui
1131 5023 1318 5078 vitam
1358 5037 1467 5095 pro
1512 5037 1609 5078 me
1633 5021 1827 5089 dedit;
1857 5021 2113 5078 decessit
2137 5021 2223 5077 vir
2253 5022 2494 5094 sapiens

833 5112 939 5184 qui
970 5110 1334 5167 multimoda
1358 5110 1570 5167 virtute
1592 5109 1852 5176 valebat,
1869 5110 2114 5166 antistes
2144 5125 2335 5180 meus,
2363 5126 2492 5168 ma-

834 5216 989 5272 gnus
1037 5200 1402 5268 Eustathius,
1431 5215 1657 5256 nomen
1698 5199 2140 5269 venerandum,
2185 5199 2496 5256 celeberri—

832 5291 1038 5348 mum!
1075 5293 1159 5346 Me
1207 5291 1498 5346 miseram
1554 5305 1691 5363 quis
1749 5305 2048 5362 sponsum
2096 5289 2352 5362 perdidi,
2398 5289 2495 5346 cui

831 5380 1148 5454 quondam
1201 5379 1447 5437 feliciter
1490 5383 1683 5452 nupta
1725 5378 1829 5450 fui,
1885 5383 1940 5435 et
1988 5378 2092 5451 qui
2141 5378 2288 5435 mihi
2331 5395 2494 5436 nunc

833 5475 1027 5527 morte
1057 5475 1296 5543 ereptus
1329 5473 1418 5526 est
1443 5487 1456 5537 ;
1485 5468 1589 5542 qui
1619 5483 1834 5542 nuper,
1880 5472 1946 5524 ut
1985 5484 2124 5524 cum
2155 5467 2378 5525 Davide
2409 5468 2492 5525 lo-

833 5577 990 5635 quar
1011 5561 1054 5627 ³,
1105 5559 1398 5617 vestiebat
1438 5574 1536 5616 me
1568 5561 1815 5616 coccino
1844 5558 1906 5615 in
1931 5557 2158 5616 deliciis
2188 5562 2245 5618 et
2268 5558 2496 5634 praebe~

905 5743 927 5778 ³
955 5743 1173 5799 Jerem.
1199 5756 1278 5810 ix,
1315 5743 1401 5800 18.
1519 5741 1542 5778 ³
1573 5738 1730 5800 Psal.
1761 5755 1917 5811 mv,
1948 5742 2037 5802 lO.

2682 4753 2804 4826 Ἀγε
2831 4757 2935 4828 μὴν
2968 4753 3273 4830 ἐξάρχουσα
3322 4763 3415 4808 τοῦ
3466 4757 3654 4829 θρήνου
3705 4759 3839 4809 εἴποι
3870 4756 3931 4807 ἄν
3974 4793 3986 4806 .
4047 4776 4068 4804 ε
4113 4758 4204 4815 Τίς

2605 4843 2807 4896 ἀκούων
2866 4843 2959 4896 ούκ
3005 4843 3064 4894 ἂν
3113 4843 3437 4908 ἐπιστενάξοι
3486 4843 3655 4921 βαρὺ,
3717 4849 3807 4897 καί
3852 4844 4204 4918 πολύκρουνον

2606 4929 2910 4986 έπισπένδοι
2965 4929 3227 5008 δάκρυονς
3282 4933 3512 4987 Τάλαινα
3577 4934 3674 5006 ἐγώ
3707 4951 3720 4965 ’
3781 4937 3989 5006 οἴχεταί
4037 4953 4127 5006 μοι
4177 4933 4204 4984 ὁ

2603 5022 2760 5085 καλός
2819 5027 3044 5096 ποιμὴν,
3115 5025 3141 5076 6
3208 5028 3302 5084 τὴν
3373 5024 3560 5098 ψυχήν
3632 5026 3758 5099 ὑπερ
3827 5023 3951 5097 ἐμοῦ
4016 5025 4203 5086 τιθείς.

2601 5115 2827 5184 Οἶχεταί
2855 5132 2945 5186 μοι
2976 5115 3000 5165 6
3053 5117 3232 5186 σοφός,
3265 5115 3290 5167 ὁ
3348 5114 3509 5177 πολὺς
3557 5119 3807 5168 παντοίαν
3838 5113 4046 5188 ἀρετὴν,
4087 5112 4208 5186 ἐμός

2602 5200 2918 5278 ἀρχιερεὺς,
2986 5204 3012 5255 6
3080 5207 3244 5276 μέγας
3298 5204 3607 5273 Εὑστάθιος,
3665 5204 3850 5278 οἶμοιε
3902 5206 3961 5256 τό
4021 5207 4209 5276 σεμνόν

2599 5296 2686 5344 καὶ
2732 5292 3088 5365 πολυύμνητον
3152 5299 3333 5368 ὄνομα.
3390 5294 3553 5368 Ὠμοι
3593 5302 3654 5368 τῇ
3708 5291 3993 5365 δυστήνῳῑ
4049 5301 4210 5367 φροῦ-

2603 5377 2692 5443 δος
2721 5383 2746 5434 6
2794 5382 2946 5443 καλός
2988 5387 3202 5456 νυμφίος
3262 5383 3407 5456 ἐμοῦ,
3548 5383 3712 5437 πάλαι
3752 5387 3842 5457 μὲν
3884 5385 3984 5436 ὑπὸ
4029 5402 4211 5456 νυμφα

2601 5479 2758 5544 γωγῷ
2806 5481 2878 5544 τῷ
2944 5476 3199 5546 πνεύματι
3245 5473 3484 5547 εὐτυχῶς
3532 5477 3826 5548 ἧρμοσμαι,
3859 5480 3948 5526 νῦν
3998 5469 4057 5526 δὲ
4106 5475 4208 5526 θα·-

2601 5564 2738 5636 νάτῳ
2813 5559 3123 5637 διέζευγμαι
3187 5560 3604 5638 δυστυχέστατα
3657 5583 3673 5602 ο
3731 5565 3785 5628 ὃς
3838 5567 4061 5637 ἔναγχος
4116 5565 4212 5636 μεν
