4480 6430
360 391 465 455 3ἒί3

360 521 643 592 (χρησάτω
706 521 810 595 γάρ
866 538 958 593 μοι
986 522 1079 573 καὶ
1126 514 1295 573 Δαυίδ
1336 517 1393 573 ἔκ
1446 527 1548 572 τῶν
1600 519 1786 575 ἑαυτοῦ
1835 522 1963 596 θρήο
1991 523 2039 578 Α

358 609 484 679 νων)
534 606 843 664 ἓνεδίδυσκί
886 629 952 683 με
1001 613 1237 663 κόκκινον
1294 614 1385 662 καὶ
1444 618 1684 685 χρυσοῦν
1741 615 1961 683 κόσμον,

358 700 477 758 τούς
514 697 898 771 πολυτιμήτους
955 701 1179 760 ἂκείνους
1248 702 1338 751 καὶ
1412 697 1681 774 λαμπρούς
1754 697 1959 771 λόγους·

360 792 450 836 νῦν
525 782 586 838 δε
654 794 950 848 σιωπῶντος
1021 785 1482 859 ἀποκεκόσμημαι,
1573 791 1662 840 καὶ
1753 791 1965 861 ὄρφνινα

357 872 758 946 περιϐέϐλημαι,
828 879 918 928 καὶ
982 876 1069 928 οἷα
1150 874 1538 948 καταμελαίνειν
1620 872 1759 929 οἶδεν
1832 878 1961 950 ύπὶρ

357 968 534 1014 πᾶσαν
561 961 791 1022 ἀσϐόλην
820 965 851 1023 ἡ
879 960 1176 1036 λιγνυώδης
1212 969 1303 1018 καὶ
1327 967 1572 1040 καπνηρὰ
1606 973 1702 1027 τῆς
1741 970 1962 1040 χηρείας

356 1051 591 1122 κάμινος.
674 1055 761 1111 Μή
846 1051 1275 1124 εύαγγελισάσθω
1338 1071 1420 1115 τις
1495 1060 1558 1125 τῇ
1627 1051 1955 1127 πρεσϐυτάτῃ

354 1136 526 1210 Ῥώμη
594 1143 681 1193 τὸν
738 1140 1032 1194 Εύσταθίου
1096 1145 1274 1215 μόρον,
1333 1137 1467 1214 μηδ’
1522 1139 1813 1213 ἁγγειλάτω
1850 1149 1961 1203 ταῖς

356 1225 445 1280 ὑπ’
496 1227 659 1289 αύτήν
709 1228 992 1292 Ἰταλικαῖς
1052 1228 1256 1300 πόλεσι,
1301 1234 1501 1303 μήποτε
1558 1228 1857 1303 ἐφησθωσιν
1911 1233 1961 1285 οἱ

357 1315 606 1381 ἀλαζόνες
668 1324 759 1372 καὶ
832 1321 1172 1395 ὑπερήφανοι,
1217 1324 1307 1373 καὶ
1345 1322 1440 1383 τὰς
1485 1318 1568 1373 ἐπὶ
1617 1316 1961 1394 δογματικοῖς

356 1405 697 1480 προϐλήμασι
784 1405 1117 1471 διαλεκτικὰς
1214 1408 1505 1484 προσϐολὰς
1596 1411 1957 1486 θαρσήσωσιν,

356 1493 418 1556 ἃς
456 1500 659 1567 τῳτίως
707 1495 1182 1573 ἁντιπεριίσταντο,
1213 1501 1272 1550 τὸ
1326 1506 1420 1560 τῆς
1478 1496 1672 1551 ἐκείνου
1728 1499 1960 1572 γλώττης

355 1584 573 1657 ἄμαχον
638 1586 975 1660 ὑφορώμενοι.
1061 1591 1331 1639 Πίπτωκεν
1400 1585 1552 1661 ἁνήρ,
1627 1588 1688 1640 οὗ
1757 1594 1860 1651 πᾶς
1933 1590 1960 1643 ό

354 1676 552 1745 κόσμος
590 1672 687 1726 ούκ
724 1669 787 1733 ἧν
842 1670 1008 1738 ἄξιος
1048 1677 1304 1746 πέπτωκε,
1347 1673 1466 1747 φιῦί
1500 1676 1526 1727 ό
1569 1676 1843 1750 ύπανίχων
1872 1697 1956 1751 με,

352 1761 384 1813 ὁ
415 1764 577 1835 φέρων
626 1761 784 1834 ὑψοῦ.
827 1767 925 1817 Καὶ
974 1772 1081 1825 πῶς
1136 1763 1231 1817 οὐκ
1282 1760 1389 1823 ἤδη
1439 1772 1702 1839 πεσούμαι
1754 1762 1961 1821 δειλαία

352 1855 446 1903 καί
506 1848 663 1919 αὐτή,
726 1852 1155 1915 ύποσπασθέντος
1221 1861 1313 1906 τοῦ
1388 1850 1795 1929 ὑπερείδοντος;
1870 1862 1958 1919 Τίς
1996 1872 2041 1928 Β

352 1937 450 1990 ούκ
508 1936 774 1994 ἐπικλύσει
834 1957 897 2014 με
958 1940 1207 2014 φλοῖσϐος
1279 1941 1551 2017 ὑϐριστὴς,
1636 1948 1722 1997 τόν
1795 1949 1958 2018 μέγαν

352 2025 778 2102 ἀποϐεϐλημένην
854 2029 1145 2105 προϐλῆτα,
1227 2035 1348 2105 περὶ
1421 2032 1474 2084 ὃν
1548 2033 1682 2095 ἄπας
1755 2032 1959 2090 κλύδων

356 2120 747 2192 προσαράσσων
812 2118 887 2182 εἰς
952 2119 1112 2195 ἀφρόν
1178 2116 1446 2190 διελύετο;
1489 2121 1560 2175 Ὦ.
1595 2123 1699 2177 οἷον
1737 2123 1962 2198 λειμῶνα

352 2213 593 2282 χαρίτων
660 2211 879 2271 θάνατος
947 2208 1361 2285 ἕπιστρατεύσας
1430 2208 1663 2285 ἕδῄωσεν
1737 2214 1797 2266 ού
1870 2220 1961 2268 καὶ

353 2296 614 2359 Σικελικὸς
668 2297 911 2371 πόλεμος,
960 2301 1149 2375 καίπερ
1227 2295 1543 2373 διαφθείρων
1623 2296 1794 2356 πάντα
1849 2305 1962 2357 θεῖά

351 2402 409 2439 τε
473 2391 564 2439 καὶ
630 2385 929 2461 ἀνθρωπίνα
1012 2389 1324 2463 πράγματα,
1383 2392 1447 2450 ὡς
1530 2387 1806 2462 ἀψαύστου
1870 2398 1961 2446 καὶ

357 2476 500 2550 ἱεροῦ
538 2496 675 2540 τινος
734 2476 924 2539 ἄλσους
972 2476 1248 2551 ὶφείσατοῙ
1302 2476 1371 2531 Ὢ.
1410 2479 1516 2533 οἷον
1561 2483 1724 2555 μύρον
1780 2488 1961 2557 σοφίας

354 2563 430 2627 εἰς
493 2562 665 2638 ἄρδην
726 2565 1081 2641 κατίῤῥιυσεν,
1140 2567 1298 2643 οὗπερ
1363 2577 1436 2640 τῷ
1503 2580 1809 2646 μαρτυρικῷ
1858 2592 1959 2646 μου

352 2656 524 2725 τούτῳ
590 2658 1056 2730 προσεπιπνίοντος
1101 2652 1325 2716 ἣδιστον
1382 2657 1455 2720 εἰς
1509 2655 1681 2732 ὀδμήν
1744 2666 1844 2724 πᾶς
1880 2681 1961 2725 τις

353 2742 630 2815 φιλόκαλος
687 2744 857 2798 ῖθεενί
900 2744 1034 2817 Ἐγὼ
1086 2741 1145 2799 δί
1196 2748 1332 2799 κατὰ
1360 2751 1455 2806 τήν
1494 2745 1542 2799 ἄν
1581 2750 1791 2822 ἆσμασι
1826 2754 1963 2823 νύμ-

355 2852 458 2905 φην
500 2831 548 2884 ἓν
599 2835 781 2905 μύροις
829 2832 1201 2908 ἐστηριζόμην,
1240 2839 1329 2888 καὶ
1366 2838 1551 2911 μύροις
1605 2834 1831 2911 διπλοῖς,
1890 2848 1963 2911 τῷ

351 2938 410 2975 τε
468 2920 555 2994 ἀφ’
622 2923 857 2995 αἱμάτων
922 2932 1255 2997 μαρτυρικῶν
1321 2930 1407 2978 καὶ
1471 2934 1543 2997 τῷ
1615 2926 1668 2990 ἕξ
1732 2925 1964 3001 ἱδρώτων

356 3008 749 3085 ἀρχιερατικῶν
817 3008 1167 3085 ἁπατμίζοντι
1199 3033 1215 3047 ο
1290 3017 1381 3067 καὶ
1454 3023 1546 3075 τῆς
1612 3013 1700 3068 ἀπ’
1776 3014 1965 3090 ἀμφοῖν

357 3095 587 3160 εὐωδίας
636 3105 893 3174 Χριστοῦ,
924 3103 1063 3154 κατὰ
1112 3100 1337 3171 Παῦλον,
1386 3104 1515 3175 χθὶς
1569 3106 1637 3166 εἰς
1665 3108 1756 3177 μὶν
1800 3106 1963 3179 ὀσμὴν

357 3188 732 3283 ῶσφραινόμην
761 3188 949 3283 Δζωῆς,
988 3197 1078 3243 νῦν
1144 3186 1205 3244 δί
1249 3191 1464 3266 ῥιγίστη
1541 3195 1761 3248 θανάτου
1822 3192 1961 3270 ὀδμῇ
2004 3227 2046 3283 C

359 3276 435 3342 εἰς
485 3281 703 3333 θάνατον
752 3278 1129 3355 ἀποπνίγομαι.
1182 3284 1306 3335 Οἶον
1356 3287 1527 3356 στόμα
1553 3287 1750 3360 χάρισι
1781 3284 1963 3361 βρύον,

356 3373 453 3422 καὶ
514 3368 810 3444 παρρησίας
865 3369 1079 3443 εὐλόγου
1137 3371 1367 3443 πελεκυς,
1426 3374 1633 3428 ύστατα
1685 3380 1907 3449 μέμυκεν
1949 3378 1962 3433 l

359 3459 468 3511 Οἷα
528 3462 692 3532 χάρις
746 3459 963 3532 χειλέων
1026 3464 1310 3534 μυρίπνους
1356 3465 1583 3535 κέχυται
1628 3468 1765 3518 κατὰ
1816 3466 1962 3539 γῆςι

359 3550 468 3600 Οἰα
517 3546 728 3620 γλῶττα
782 3554 1074 3623 πυρίπνους
1126 3549 1464 3610 ἁπέσϐηκινῑ
1531 3552 1710 3614 Ἦλίκη
1776 3552 1962 3615 διέπτη

358 3638 548 3711 φωνήῐ
616 3636 685 3690 Ὢ
751 3646 946 3712 σχῆμα
1007 3643 1099 3692 καὶ
1160 3645 1461 3715 πρόσωπον,
1525 3642 1965 3717 αύτοσεμνότητος

359 3726 596 3800 ἄγαλμα,
666 3726 934 3790 εὐλαϐείας
1026 3727 1347 3803 ἀκρόπολιςὶ
1425 3731 1493 3784 Ὣ.
1565 3737 1795 3806 ὄμματα,
1870 3741 1965 3796 τῆς

362 3814 511 3871 ἔνδον
568 3818 835 3891 σταθηρᾶς
872 3817 1100 3889 γαλήνης
1153 3819 1386 3891 ἄγγελοι,
1427 3820 1468 3873 ὦ
1509 3818 1693 3885 αἰδοῦς
1756 3823 1964 3897 λύχνοι,

360 3905 404 3956 ὡ
460 3907 791 3979 σοφροσύνης
850 3904 1093 3978 θάλαμοι,
1153 3914 1254 3960 πού
1327 3927 1452 3962 ποτε
1525 3912 1780 3982 οἷχεσθε;
1822 3897 1968 3986 Δεῦρ’

364 3994 460 4065 ἱθι,
496 3993 776 4066 φιλοσοφία
801 3999 986 4067 σεμνή.
1028 3994 1169 4070 Δεῡρ’
1210 3998 1307 4065 ἴθι,
1362 3994 1615 4070 χλιδῶσα
1662 3997 1738 4053 δι’
1780 4001 1970 4054 ἐκεῖνον

359 4085 643 4159 ῥητορική.
720 4087 1055 4161 Παρομάρτει
1121 4090 1211 4138 καὶ
1281 4090 1368 4156 σύ,
1435 4094 1774 4163 γραμματικὴ
1842 4094 1973 4164 μετὰ

360 4180 557 4247 χοροῦ,
619 4174 743 4237 ὅσος
780 4173 1071 4246 ἕγκύκλιος.
1136 4175 1285 4230 Καλῶ
1345 4179 1448 4251 γὰρ
1502 4181 1637 4252 ύμᾶς
1667 4181 1731 4241 ὡς
1785 4183 1970 4253 σοφὰς,

360 4266 503 4316 κατὰ
548 4266 636 4315 τόν
686 4269 978 4339 προφήτην,
1012 4269 1103 4318 καὶ
1135 4267 1424 4341 θρηνούσας
1472 4269 1501 4328 ἡ
1556 4270 1968 4344 συνθρηνούσας,

361 4355 431 4413 ὡς
487 4356 933 4429 συγχηρευούσας
997 4351 1113 4428 ἐμοὶ
1164 4362 1388 4429 νυμφίου
1463 4368 1637 4412 κοινοῦ
1672 4381 1684 4394 ·
1761 4363 1841 4413 ὅτι
1897 4365 1969 4434 μή

363 4439 517 4495 δυοῖν
566 4439 814 4516 ἀδελφαὶν
872 4442 1191 4518 ἐπιστήμαιν
1242 4449 1379 4499 κατὰ
1435 4452 1521 4501 τὸν
1575 4452 1705 4503 θεῖον
1764 4450 1972 4521 Ἰακὼϐ,

362 4530 473 4584 ἀλλ’
539 4530 755 4585 ἀπασῶν
815 4532 1135 4597 ἁπαξαπλῶς
1197 4532 1258 4594 ἦν
1325 4534 1452 4613 ἀνήρ
1503 4539 1528 4591 ὁ
1606 4537 1733 4614 ἀνὴρ
1765 4554 1779 4571 ⁶
1856 4537 1972 4593 οὐδ’

362 4622 541 4682 ἔθνους
592 4621 703 4685 ἑνός
762 4620 1063 4697 φυλάρχους
1121 4620 1353 4696 δώδεκα,
1393 4634 1493 4679 τῶν
1557 4624 1607 4680 δ’
1669 4631 1973 4702 ἓκασταχοῡ

359 4718 459 4771 τῆς
535 4710 829 4784 Ῥωμαῖκῆς
896 4710 1069 4788 ἀρχῆς
1147 4711 1346 4787 σχεδόν
1401 4716 1616 4770 ἁπασῶν
1687 4716 1974 4778 ἐκκλησιῶν

363 4803 628 4874 ἡγεμόνας
681 4798 759 4855 δι’
819 4803 975 4856 αὐτὸν
1034 4800 1377 4863 ἐτεκνώσατο.
1448 4806 1608 4862 *Ωστε
1672 4815 1762 4863 καὶ
1799 4812 1978 4875 πάσας

362 4888 652 4953 ἐκκλησίας
699 4892 769 4954 ὡς
817 4889 1065 4966 ὀρφανίας
1126 4899 1382 4970 προγόνου
1435 4905 1610 4951 κοινού
1653 4901 1789 4952 κατὰ
1826 4899 1975 4973 λόγον

364 4979 679 5053 συγκαλέσω
735 4989 827 5035 τοῦ
879 4984 1070 5055 θρήνου
1132 4987 1594 5060 συναπάρχεσθαι,
1633 4993 1723 5042 καὶ
1761 4995 1861 5066 πρό
1921 5009 1978 5063 γε

362 5078 553 5123 πασῶν
616 5074 711 5129 τήν
767 5069 1136 5146 πρεσϐυτάτην
1186 5074 1403 5128 ἁπασῶν
1460 5082 1682 5153 μητέρα,
1713 5083 1807 5138 τήν
1863 5084 1977 5133 νέαν

361 5165 517 5229 Σιὼν,
555 5161 626 5223 ὡς
690 5169 783 5214 τοῦ
838 5162 1143 5233 καλλίστου,
1176 5166 1229 5217 ὃν
1292 5166 1495 5237 ἠγάπα,
1529 5172 1779 5232 πεσόντος
1843 5173 1981 5223 κατὰ

361 5254 463 5309 τήν
523 5255 854 5325 προφητικην
912 5249 1147 5313 ἀπειλήν.
1228 5255 1380 5307 Ούτω
1435 5258 1537 5330 γὰρ
1600 5264 1979 5336 τραγικώτερον

362 5344 767 5415 περιστήσομαι
828 5341 1017 5396 κύκλον
1075 5344 1146 5406 εἰς
1193 5343 1469 5407 ξυναυλίαν
1538 5349 1749 5410 πένθους
1804 5357 1979 5403 κοινοῦ

360 5435 457 5485 καὶ
534 5436 784 5505 συμφορᾷ
860 5440 1005 5507 κοινῇ
1074 5438 1376 5509 πρέποντος.
1442 5435 1512 5490 Ἥ
1586 5458 1687 5493 που
1752 5442 1843 5493 καὶ
1916 5442 1982 5502 ὡς

360 5521 640 5595 Αἴγυπτος
676 5519 762 5576 ἐπὶ
798 5520 931 5578 πολύ
974 5527 1063 5580 τὸν
1110 5524 1301 5583 Ἰακὼϐ
1344 5533 1455 5593 τοῖς
1482 5531 1602 5603 περὶ
1638 5531 1726 5585 τὸν
1787 5529 1981 5604 Ἰωσὴφ

437 5702 463 5783 f
500 5702 724 5767 Jerem.
754 5717 830 5778 ix,
866 5708 959 5767 l7.

1393 379 1715 454 HONODIA
1752 389 1825 454 IN
1872 381 2309 456 Evsrusmu
2354 393 2684 457 THESSAL.

3617 394 3726 461 354

2071 520 2177 581 bat
2196 526 2556 581 ornamenta
2581 537 2767 580 aurea
2784 521 2967 581 cultui
2981 537 3141 588 meo,
3160 521 3223 579 id
3242 526 3334 582 est
3351 524 3725 583 orationibus

2070 610 2593 684 splendidissimis.
2622 614 2790 669 Nunc
2818 615 3023 669 autem
3052 611 3157 668 ubi
3185 611 3333 680 silet,
3368 618 3724 671 ornamcnto

2071 703 2272 769 exuta,
2334 699 2520 772 nigris
2584 699 2798 757 induta
2832 699 3101 757 vestibus
3150 699 3365 757 incedo
3386 705 3444 758 et
3471 702 3725 774 caligine

2071 786 2373 844 viduitatis
2398 788 2566 844 omni
2603 787 2915 860 nigredine
2945 787 3168 846 atriori.
3197 788 3365 845 Absit
3389 793 3453 845 ut
3468 790 3605 862 quis
3627 804 3725 846 ve-

2068 877 2175 933 teri
2228 880 2428 934 Romss
2484 882 2588 935 aut
2645 877 2872 935 caeteris
2931 878 3109 936 Italiae
3156 878 3409 935 urbibus
3438 879 3727 936 Eustathii

2067 971 2325 1024 mortem
2352 970 2420 1024 ut
2455 966 2665 1024 laetum
2696 966 2906 1025 aﬂ‘erat
2930 968 3232 1038 nuntium,
3274 983 3349 1024 ne
3389 968 3633 1041 superbi
3670 972 3729 1025 et

2066 1053 2255 1111 invidi
2283 1055 2359 1112 de
2386 1054 2735 1113 calamitate
2778 1060 2984 1113 nostra
3013 1055 3318 1128 gaudeant
3346 1061 3404 1113 et
3444 1072 3605 1113 novo
3636 1072 3727 1113 ar-

2067 1141 2212 1200 dore
2240 1142 2382 1200 ﬁdei
2428 1144 2731 1217 quosdam
2768 1143 3198 1215 aggrediantur
3227 1142 3530 1211 articulos,
3561 1144 3727 1217 quod

2066 1230 2383 1305 hucusque
2412 1232 2608 1289 facere
2632 1232 2765 1290 ausi
2792 1248 2917 1289 non
2947 1237 3107 1303 sunt,
3126 1232 3417 1289 Eustathii
3446 1232 3729 1305 eloquen-

2069 1321 2212 1377 tiam
2237 1320 2537 1377 victricem
2566 1322 2860 1379 timentes.
2911 1321 3005 1378 Sic
3054 1321 3145 1377 vir
3173 1337 3206 1377 e
3258 1320 3407 1377 vivis
3456 1322 3724 1391 secessit,

2068 1427 2192 1481 quo
2216 1415 2374 1469 totus
2413 1428 2538 1470 non
2560 1413 2779 1485 dignus
2804 1418 2933 1469 erat
2952 1411 3239 1469 mundus.
3274 1412 3472 1468 Eheu!
3511 1412 3730 1469 occidit

2067 1500 2416 1574 praesidium
2446 1517 2673 1559 meum.
2703 1504 2769 1559 Et
2794 1501 3106 1575 quomodo
3136 1505 3375 1572 egomet
3398 1500 3581 1558 rebus
3627 1501 3729 1557 de-

2068 1592 2321 1663 speratis
2352 1591 2486 1664 ipsa
2520 1607 2644 1649 non
2675 1590 2895 1648 cadam
2914 1591 2941 1645 ?
2975 1590 3091 1647 Diri
3118 1590 3372 1663 posthac
3392 1589 3609 1646 ﬂuctus
3629 1605 3728 1646 me

2067 1680 2529 1752 propugnaculo
2572 1680 2871 1753 privatam
2902 1679 3229 1749 vexabunt,
3250 1679 3357 1752 qui
3388 1682 3564 1736 antea
3603 1694 3729 1736 sco-

2066 1766 2226 1840 pulis
2242 1768 2395 1826 allisi
2414 1770 2477 1825 in
2493 1784 2744 1842 spumas
2767 1768 3071 1825 abierant!
3097 1766 3268 1834 Quod
3288 1772 3527 1841 pratum
3545 1783 3731 1824 amus-

2068 1872 2213 1914 num
2268 1872 2433 1914 mors
2485 1858 2757 1928 vastavit,
2789 1856 2957 1929 quod
2982 1854 3208 1912 bellum
3238 1854 3524 1923 Siculum,
3560 1854 3731 1928 quod

2068 1945 2274 2003 omnia
2298 1946 2502 2003 divina
2544 1950 2600 2003 et
2626 1946 2899 2003 humana
2932 1944 3188 2003 aediﬁcia
3231 1944 3547 2015 destruxit,
3604 1950 3731 2001 tan-

2068 2050 2257 2108 quam
2293 2034 2497 2092 lucum
2528 2034 2643 2091 diis
2692 2050 2933 2092 sacrum
2970 2034 3261 2091 intactum
3302 2033 3560 2106 reliquit.
3594 2034 3729 2090 Jam

2066 2126 2397 2198 pretiosum
2420 2124 2727 2197 sepientiaa
2742 2122 3092 2181 balsamum
3108 2122 3426 2197 profusum
3442 2126 3548 2194 est,
3564 2120 3729 2196 quod

2069 2214 2272 2272 odoris
2304 2214 2601 2272 suavitate
2631 2228 2845 2271 omnes
2871 2214 2975 2286 qui
3002 2228 3099 2269 res
3123 2216 3481 2285 praestantes
3524 2216 3734 2268 amant

2070 2302 2295 2375 allexit;
2350 2307 2409 2360 et
2459 2319 2533 2359 ex
2561 2307 2818 2375 utroque
2876 2317 2989 2372 ego
3018 2302 3145 2358 heri
3198 2300 3533 2357 secundum
3564 2298 3734 2355 Pauli

2068 2390 2252 2449 verba
2282 2392 2496 2449 Christi
2522 2391 2764 2448 dulcem
2797 2390 3049 2447 odorem
3082 2389 3221 2447 vita:
3263 2388 3536 2459 gustavi;
3570 2403 3733 2444 nunc

2070 2485 2271 2538 autem
2318 2481 2529 2537 mortis
2586 2478 2861 2537 horribili
2903 2478 3089 2535 odore
3144 2477 3429 2534 suﬂocor.
3471 2476 3622 2532 Cum
3661 2491 3734 2533 eo

2070 2570 2194 2627 vita
2216 2570 2501 2627 defuncto
2523 2585 2593 2626 os
2617 2570 2971 2640 gratiosum,
3000 2568 3469 2624 instrumentum
3494 2582 3735 2639 magna:

2070 2658 2379 2729 libertatis,
2409 2658 2617 2732 periit!
2674 2657 2859 2715 Labia
2891 2655 3232 2714 balsamica
3260 2655 3734 2725 obmutuerunt;

2071 2748 2281 2819 lingua
2308 2748 2619 2820 ignivoma
2664 2747 2950 2805 exstincta
2991 2751 3103 2804 est.
3135 2748 3178 2803 Ο
3205 2745 3439 2803 vultum
3460 2743 3735 2816 archety-

2073 2852 2222 2910 pum
2252 2852 2489 2893 summe
2522 2834 2961 2905 venerandum,
2992 2849 3317 2906 arcemque
3357 2832 3694 2906 prudentia:
3720 2831 3733 2887 Ξ

2075 2928 2119 2984 0
2145 2926 2351 2984 oculos
2376 2930 2699 2999 perpetuos
2727 2940 2884 2981 vera;
2912 2922 3128 2980 laetitia:
3155 2921 3408 2993 indices,
3431 2923 3535 2995 qui
3566 2937 3736 2978 vere-

2074 3014 2383 3083 cundiam,
2405 3013 2510 3086 qui
2531 3014 2866 3069 castitatem
2884 3010 3414 3082 demonstrabatis,
3438 3010 3587 3083 quid
3609 3025 3740 3067 evao

2076 3104 2232 3161 sistis
2252 3104 2281 3159 ?
2310 3103 2553 3170 Adesto,
2587 3101 2987 3174 Philosophia,
3027 3101 3256 3165 adesto,
3290 3100 3621 3164 Rhetorica,
3657 3094 3737 3155 ab

2076 3192 2381 3251 Eustathio
2397 3197 2707 3265 tantopere
2730 3191 3034 3264 promota!
3059 3188 3366 3247 Adesdum
3386 3194 3449 3245 tu
3470 3204 3737 3262 quoque,

2077 3282 2501 3352 Grammatica,
2530 3298 2669 3338 cum
2705 3279 3059 3337 satellitibus
3103 3279 3240 3336 tuis.
3276 3277 3741 3335 Lamentatrices

2074 3390 2184 3431 vos
2212 3378 2412 3431 statuo
2435 3372 2758 3444 sapientes,
2780 3368 3117 3427 secundum
3146 3368 3334 3426 verba
3361 3368 3674 3442 prophetae
3695 3370 3739 3435 ‘,

2076 3467 2159 3533 ut,
2200 3461 2401 3519 viduas
2441 3477 2582 3517 cum
2636 3460 2761 3516 sitis
2792 3464 2849 3515 et
2884 3460 3055 3532 ipsas,
3087 3473 3384 3528 magnum
3442 3472 3741 3529 sponsum

2076 3568 2317 3609 mecum
2342 3549 2664 3623 plangatis.
2698 3551 2827 3606 Non
2857 3548 3017 3604 enim
3046 3550 3283 3603 tantum
3321 3544 3399 3602 ad
3426 3545 3614 3601 instar
3652 3548 3744 3603 Ja-

2078 3641 2215 3699 cobi
2244 3639 2622 3713 patriarchae,
2657 3638 2936 3694 scientias
2977 3636 3250 3706 geminas
3299 3650 3517 3691 uxores
3566 3633 3744 3691 duce-

2079 3731 2203 3798 bat,
2228 3729 2333 3785 sed
2362 3728 2639 3785 omnium
2664 3743 2785 3784 una
2808 3725 3062 3782 maritus
3095 3730 3251 3793 erat;
3285 3739 3395 3780 nec
3430 3723 3611 3779 unius
3636 3739 3743 3795 po-

2079 3819 2207 3893 puli
2235 3818 2418 3874 duces
2439 3832 2694 3874 numero
2715 3816 2947 3882 decem,
2980 3815 3085 3870 sed
3108 3813 3385 3869 omnium
3410 3811 3745 3884 provincia-

2079 3926 2216 3967 rum
2249 3911 2658 3965 Romanarum
2688 3904 2874 3962 duces
2904 3904 3258 3977 procreavit.
3293 3904 3456 3958 Hanc
3488 3901 3568 3958 ob
3608 3917 3747 3959 cau-

2081 4015 2213 4056 sam
2228 4013 2437 4055 omnes
2449 3996 2558 4053 civi
2569 4000 2715 4052 tates
2737 4010 2851 4051 avo
2864 3992 3174 4050 communi
3187 3991 3432 4048 orbatas
3451 3990 3513 4047 in
3532 3990 3746 4063 spiritu

2080 4102 2350 4146 convoco
2393 4091 2459 4144 ut
2506 4084 2817 4159 planctum
2868 4098 3111 4139 mecum
3159 4081 3397 4149 ineant;
3459 4079 3565 4136 sed
3604 4085 3744 4138 ante

2080 4192 2293 4235 omnes
2312 4175 2587 4232 omnium
2610 4173 3090 4239 avitam,novam
3114 4171 3374 4236 Sionem,
3399 4170 3573 4241 cujus
3594 4185 3747 4242 pras-

2083 4265 2488 4324 stantissimus
2549 4262 2712 4318 ﬁlius
2767 4261 3130 4332 (secundum
3177 4258 3491 4332 prophetae
3538 4257 3742 4328 verba)

2081 4371 2266 4429 quem
2296 4355 2470 4410 unice
2523 4350 2830 4421 diligebat,
2857 4349 3132 4406 decessit.
3181 4351 3266 4404 lta
3315 4347 3478 4403 enim
3525 4347 3748 4419 majori

2080 4444 2415 4516 lugentium
2443 4446 2684 4498 caterva
2715 4440 2969 4513 stipatus
2996 4455 3120 4510 ero,
3142 4442 3207 4494 ul
3229 4437 3291 4494 in
3320 4436 3630 4494 communi
3653 4453 3748 4494 ca-

2082 4534 2348 4593 lamitate
2378 4531 2677 4589 convenit.
2710 4527 3236 4595 Quemadmodum
3279 4526 3442 4583 enim
3481 4525 3751 4599 Aﬂgyptii

2085 4641 2224 4684 cum
2251 4622 2511 4695 losepho
2555 4620 2810 4693 ejusque
2841 4617 3073 4674 familia
3102 4616 3398 4674 Jacobum
3429 4615 3537 4672 diu
3580 4615 3750 4687 luge-

2083 4716 2250 4786 bant,
2278 4714 2361 4770 ita
2386 4710 2557 4768 multi
2585 4709 2767 4766 exteri
2797 4724 2937 4765 cum
2976 4706 3235 4764 Romaeis
3268 4705 3459 4763 salem
3508 4709 3750 4778 aposto-

2083 4807 2265 4864 licum
2296 4808 2491 4872 terrae,
2516 4800 2704 4858 solem
2745 4798 3011 4855 universi
3040 4795 3454 4867 evangelicum
3485 4796 3591 4869 qui
3610 4796 3751 4853 hinc

2084 4896 2226 4954 inde
2250 4892 2488 4951 virtutis
2511 4906 2582 4947 ac
2616 4887 2924 4962 sapientia:
2946 4886 3332 4961 splendorem
3356 4885 3631 4954 etfundit,
3653 4885 3754 4944 de-

2088 4985 2310 5043 siderio
2340 4998 2451 5038 suo
2504 4982 2974 5054 prosequuntur.
3026 4976 3128 5032 Hic
3171 4975 3333 5032 enim
3374 4975 3468 5031 sol
3510 4990 3633 5039 non
3673 4974 3755 5033 ad

2086 5092 2185 5135 me
2207 5073 2425 5140 solum,
2446 5069 2554 5128 sed
2577 5084 2683 5142 per
2704 5066 3049 5124 universam
3063 5064 3289 5121 almam
3306 5069 3526 5121 terram
3548 5064 3755 5121 radios

2090 5182 2236 5223 suos
2264 5161 2482 5220 emisit.
2515 5162 2683 5216 Nunc
2706 5161 2933 5227 autem,
2959 5154 3069 5211 ubi
3094 5153 3437 5210 communis
3478 5153 3754 5209 omnium

2087 5258 2318 5330 pharus
2377 5249 2670 5309 exstincta
2710 5246 2890 5319 jacet,
2946 5243 3140 5315 caligo
3192 5258 3319 5300 non
3367 5242 3592 5311 brevis,
3645 5242 3755 5299 sed

2088 5348 2396 5415 diuturna,
2423 5342 2548 5399 imo
2569 5341 2794 5396 aeterna
2820 5333 3096 5392 tellurem
3117 5336 3398 5405 occupat,
3418 5338 3753 5406 postquam

2091 5434 2436 5511 sepulcrum
2484 5422 2651 5487 sidus
2718 5439 3048 5485 coruscans
3100 5421 3433 5511 devoravit.
3483 5425 3593 5480 Per
3640 5422 3755 5480 has

2090 5525 2395 5598 tenebras,
2442 5512 2808 5585 animalibus
2844 5511 3172 5589 rapacibus
3216 5527 3288 5573 ac
3314 5510 3550 5572 furibus
3590 5511 3755 5585 justo
