4480 6430
301 396 399 469 357

1338 390 1658 469 nomenut
1705 394 1777 461 IN
1815 390 2258 477 wsrirawu
2294 392 2623 473 rssssn.

3550 405 3657 475 368

305 525 455 595 σοφὸς
495 519 550 582 ἐξ
586 518 855 591 ἀλλοτρίας
900 524 1059 593 νήσου
1080 521 1224 595 παρὰ
1265 526 1327 591 τῇ
1372 524 1583 577 ποιησει
1631 519 1898 575 καθεύδων
1930 524 1975 577 Α
2008 539 2074 581 η(

1889 543 1898 571 ν
1930 524 1975 577 Α
2008 539 2132 581 non
2163 540 2270 596 per
2293 539 2598 590 somnum,
2617 524 2721 589 sed
2750 539 2958 591 veram
2983 526 3203 596 vidisti,
3229 530 3403 601 cujus
3431 530 3658 601 gradus

305 610 369 671 εἰς
425 614 519 667 τὴν
584 606 922 679 ἐνεγκαμένην
1001 616 1159 666 νῆσον
1224 612 1498 679 κομίζεται
1530 649 1542 661 .
1596 613 1741 662 Κατά
1796 614 1897 684 γὰρ

304 702 382 750 τὸν
450 699 722 749 θεσπέσιον
807 695 995 749 ’ἰακὼὲ
1060 699 1129 756 ὡς
1202 701 1535 759 κατέπαυσας
1603 696 1899 750 ἐπιτάσσων

306 793 401 847 τοῖς
429 788 566 837 κατά
601 792 805 857 πνεῦμα
848 788 982 845 υἱοῖς
1039 805 1134 838 σου
1162 831 1177 855 ,
1217 784 1403 860 ἐξάρας
1446 785 1529 839 ἐπὶ
1576 792 1670 845 τὴν
1726 788 1900 846 κλίνην

309 878 418 935 τούς
460 869 627 933 πόδας
679 871 932 935 ἔξελιπες·
968 876 1050 926 ὅτε
1107 880 1195 926 καὶ
1246 876 1405 947 ῦπαρ,
1460 875 1555 926 ούκ
1612 881 1755 950 ὄναρ,
1786 877 1900 927 κατ’

310 963 455 1015 αὑτὸν
509 962 710 1036 ἑώρας,
752 962 806 1012 ὃν
857 964 1013 1024 αὐτὸς
1069 963 1251 1015 ἑαυτὸν
1309 959 1739 1036 διεϐαθμίδωσας
1797 965 1903 1017 κλί-

309 1072 444 1124 μακα
496 1065 512 1080 ⁸
563 1052 634 1111 ὡς
707 1048 947 1125 κρηπῖδα
1018 1056 1108 1124 μεν
1184 1050 1468 1124 βαλόμενος
1540 1053 1902 1111 πολιτευτικην

310 1141 733 1213 μετριοπάθειαν,
785 1147 847 1211 τῇ
906 1137 965 1192 δε
1012 1143 1385 1214 μετριοπαθείᾳ
1440 1146 1534 1199 την
1581 1144 1903 1214 καθαρτικὴν

309 1224 846 1299 ἐποικοδομησάμενος
901 1227 1153 1281 ἀπάθειαν
1177 1273 1191 1298 ,
1224 1228 1308 1281 ἰπὶ
1336 1226 1394 1282 δε
1447 1238 1508 1302 τῇ
1544 1228 1769 1302 ἀπαθείᾳ
1808 1238 1902 1288 την

308 1318 472 1390 νοεράν
508 1314 797 1388 ἐνέργειαν,
828 1316 915 1367 ἐπὶ
973 1313 1033 1368 δε
1079 1324 1140 1388 τῇ
1206 1323 1356 1391 νοερᾲ
1403 1316 1626 1389 ἐνεργείᾳ
1679 1323 1771 1375 τὴν
1820 1316 1903 1370 ἐπὶ

310 1410 430 1455 πᾶσι
503 1402 708 1475 βάθραν
781 1409 875 1465 τὴς
952 1405 1223 1466 θεῶσεως·
1261 1404 1337 1476 ἐφ’
1400 1408 1460 1463 ῆν
1534 1410 1621 1457 καὶ
1693 1405 1899 1476 ἄγγελοι

308 1494 500 1552 πάντως
543 1489 805 1543 ἀνέϐαινον
857 1497 946 1544 καὶ
1004 1491 1305 1545 κατέϐαινον
1335 1537 1348 1560 ,
1408 1489 1770 1555 όδοποιούντές
1817 1513 1903 1545 σοι

308 1584 389 1637 τὴν
438 1576 627 1631 ἄνοδον
683 1585 772 1631 καὶ
834 1585 1218 1654 προπέμποντες
1272 1580 1479 1633 ἀνιόντα
1530 1581 1584 1633 ἐκ
1638 1586 1729 1654 μεν
1785 1602 1903 1634 συν-

309 1667 642 1738 αγελαστικοῦ
695 1674 784 1721 καὶ
853 1666 1149 1722 σπουδαίου
1213 1667 1406 1744 ἀνδρὸς
1449 1671 1517 1731 εἰς
1561 1673 1777 1745 θεωρίαν
1824 1690 1902 1723 κε-

310 1759 655 1831 καθαρμένον,
717 1757 772 1809 ἐκ
830 1754 889 1811 δὲ
955 1760 1216 1833 θεωρητοῡ
1268 1764 1394 1834 πρὸς
1460 1765 1666 1833 νοερόν,
1720 1761 1777 1812 ἐκ
1845 1758 1904 1813 δὲ

310 1855 470 1920 νοεροὺ
536 1851 662 1921 πρὸς
724 1851 853 1899 Θεόν
896 1890 909 1902 .

312 1934 581 2010 ἐστηρικτο
648 1938 738 2007 μεν
777 1934 825 1987 ἐν
874 1945 934 2007 τῇ
968 1945 1060 2008 γῆ,
1099 1943 1193 1995 τὴν
1243 1934 1302 1989 δε
1349 1938 1571 2010 κεφαλὴν
1611 1935 1752 2010 εἶχεν
1792 1936 1907 2010 ἀφι-

312 2027 583 2095 κνουμένην
622 2024 694 2085 εἰς
737 2024 973 2098 οὐρανόν,
1026 2024 1099 2097 ἐφ’
1141 2022 1201 2087 ἧς
1266 2031 1355 2078 καὶ
1394 2028 1419 2078 ὁ
1462 2030 1651 2099 Κύριος
1689 2026 1906 2083 ἐπεστή-

312 2130 467 2184 ρικτο,
492 2112 566 2173 εἰς
604 2112 657 2164 ὃν
716 2112 931 2176 ἀνῆλθες
983 2113 1038 2176 ἐξ
1075 2117 1221 2186 ἡμῶν
1260 2124 1358 2167 τῶν
1397 2121 1575 2188 χαμαὶ
1614 2115 1906 2188 ἐρχομένων

314 2196 397 2252 διὰ
432 2210 529 2262 τῆς
568 2200 847 2274 ἀναγωγῆς
898 2206 1092 2265 ταύτης
1149 2204 1435 2276 κλίμακος,
1480 2210 1609 2265 Θεὸς
1670 2204 1909 2275 ἀγγέλοις

314 2298 551 2342 κατιοῦσι
588 2297 677 2343 καὶ
719 2299 1024 2344 συνανιοῦσι
1082 2289 1542 2367 δορυφορούμενος.
1588 2293 1801 2365 Ἐχοιμ’
1846 2295 1907 2345 ἄν

312 2376 483 2447 λέγειν,
511 2384 601 2431 καὶ
657 2382 721 2441 ὡς
786 2378 1141 2443 ἀποστολικώς
1207 2386 1293 2434 τὸν
1360 2379 1555 2455 δρόμον
1612 2382 1899 2443 τετελεκας.

316 2464 505 2537 Ἀμέλει
534 2488 616 2520 τοι
654 2473 744 2520 καὶ
788 2471 853 2529 ὡς
890 2468 939 2521 ἐν
984 2470 1209 2542 φυλακῇ,
1243 2479 1316 2541 τῷ
1363 2469 1465 2543 βίῳ
1508 2468 1666 2541 τῷδε,
1699 2477 1788 2523 καὶ
1844 2476 1909 2521 σὺ

316 2558 440 2607 κατά
503 2561 591 2608 τὸν
666 2566 947 2633 κορυφαῖον
1018 2565 1207 2632 Πέτρον
1274 2563 1623 2634 τηρούμενος,
1694 2556 1910 2612 ἐδέδεσο

315 2639 461 2696 δυσὶν
538 2645 825 2711 ἀλύσεσιν,
875 2647 1018 2720 ύπνῳ
1092 2653 1181 2700 καὶ
1257 2645 1439 2720 δεσμῷ
1515 2657 1719 2720 φυσικῷ
1754 2670 1765 2681 -
1803 2648 1908 2699 ἀλλ’

314 2730 491 2792 ἐπέστη
573 2754 659 2787 σοι
730 2736 946 2807 ἄγγελος
1023 2743 1238 2809 Κυρίου.
1314 2739 1380 2797 ὡς
1454 2736 1625 2808 ἐκείνῳ
1699 2742 1914 2810 κειμένῳ

311 2826 506 2889 νυκτὸς,
550 2828 641 2876 καὶ
677 2834 1017 2900 παραχρῆμα
1076 2825 1313 2889 ἓξεπεσον
1380 2825 1480 2878 ἀπὸ
1540 2834 1635 2878 σοῦ
1692 2828 1744 2877 αἱ
1795 2825 1915 2877 ἀλύ-

315 2927 411 2970 σεις
448 2909 625 2978 αὗται,
667 2919 757 2965 καὶ
794 2922 891 2975 τῆς
943 2914 1177 2986 φυλακῆς
1216 2914 1381 2978 ἑξηεις
1431 2911 1633 2985 ἄδετος,
1668 2921 1758 2967 καὶ
1798 2915 1919 2972 ἠκόο

311 2994 507 3061 λούθεις
570 3003 738 3071 τούτῳ
812 3001 1227 3073 ψυχαγωγοῦντί
1305 3023 1380 3057 σε.
1422 3005 1582 3075 Τάχα
1654 3023 1753 3054 που
1829 3019 1919 3065 καὶ

315 3087 478 3161 ὅραμα
544 3091 659 3143 κατ’
712 3089 899 3144 ἐκεῖνον
951 3089 1149 3154 ἐδόκεις
1217 3092 1423 3165 ﬁliva
1481 3092 1814 3165 ἀμφιγνοῶν,
1876 3093 1920 3144 εἰ

314 3176 488 3241 ἀληθές
537 3179 651 3233 ἔστι
712 3185 770 3234 τό
835 3180 911 3234 δι’
964 3183 1125 3235 αὑτοῦ
1180 3188 1443 3256 γινόμενον
1479 3205 1491 3216 ·

314 3262 477 3342 δηρᾶς
535 3270 705 3332 πύλης
751 3271 1059 3344 αύτομάτως
1121 3271 1464 3345 ἀνοιχθείσης
1526 3291 1631 3341 σοι,
1683 3281 1779 3333 τῆς
1840 3290 1916 3344 φε-

2010 614 2425 685 pertransiisti,
2460 629 2497 669 a
2525 614 2939 671 moderatione
2986 615 3048 672 in
3103 618 3284 674 rebus
3330 619 3658 677 mundanis

2013 707 2076 758 ut
2099 702 2493 759 fundamento
2524 718 2792 773 exorsus,
2840 705 3107 761 animam
3148 721 3185 762 a
3226 708 3659 779 cupiditatibus

2008 790 2291 859 liberans,
2323 791 2629 862 spirituale
2670 792 2985 849 instituens
3041 810 3315 864 regnum,
3347 814 3659 855 summum

2010 885 2212 935 autem
2256 878 2515 950 gradum
2563 880 2865 937 divinitati
2894 882 3258 951 attribuens;
3288 885 3539 956 scalam,
3567 888 3659 943 in-

2009 982 2218 1040 quam.
2238 982 2344 1042 per
2388 983 2576 1040 quam
2596 968 2793 1038 angeli
2813 970 3225 1029 ascendebant
3260 978 3317 1029 et
3335 974 3661 1032 descende-

2010 1056 2180 1122 bant,
2212 1056 2371 1112 viam
2426 1056 2525 1111 tibi
2576 1063 2997 1125 monstrantes,
3023 1065 3081 1115 et
3131 1062 3525 1128 Eustathium,
3556 1065 3661 1136 qui

2011 1160 2118 1216 per
2142 1144 2555 1216 episcopatum
2587 1145 2667 1201 ad
2691 1146 3258 1218 contemplationem
3289 1158 3664 1223 praeparatus

2012 1238 2159 1301 erat,
2190 1248 2227 1288 a
2282 1232 2789 1305 contemplatione
2831 1250 2868 1291 a
2898 1236 2996 1291 Dei
3043 1236 3231 1308 ipsius
3286 1239 3659 1296 intuitionem

2012 1320 2527 1392 perducentes.Sic
2551 1336 2795 1393 quoque
2820 1322 2983 1379 scala
3002 1328 3138 1379 ante
3166 1324 3374 1381 oculos
3404 1332 3538 1383 tuos
3558 1343 3664 1400 po-

2012 1409 2126 1466 sita
2172 1409 2390 1465 coelum
2450 1409 2799 1480 attingebat,
2840 1416 2896 1467 et
2942 1412 3004 1467 in
3053 1413 3228 1483 cujus
3286 1416 3454 1486 apice
3507 1419 3664 1473 Deus

2013 1496 2348 1564 residebat;
2397 1512 2504 1566 per
2559 1512 2767 1569 quam,
2817 1498 2993 1554 nobis
3044 1500 3215 1556 humi
3269 1502 3504 1572 relictis,
3557 1520 3665 1577 per

2012 1584 2243 1640 medios
2274 1584 2541 1654 angelos,
2577 1585 2727 1640 deus
2764 1585 2958 1642 factus
2986 1588 3220 1660 ipse,ad
3244 1591 3431 1647 Deum
3461 1607 3666 1649 ascen-

2012 1671 2169 1729 disti.
2193 1676 2250 1727 et
2300 1677 2365 1726 ut
2411 1671 2720 1744 apostolus
2770 1673 2880 1729 iter
2918 1679 3088 1730 tuum
3139 1677 3466 1734 confecisse
3517 1679 3667 1736 mihi

2012 1760 2253 1816 videris.
2285 1762 2435 1815 Nam
2484 1760 2696 1832 procul
2722 1762 2931 1829 dubio,
2959 1763 3111 1819 sicut
3152 1768 3355 1821 Petrus
3382 1768 3665 1840 princeps

959 1847 1110 1900 Οῡτω
1165 1854 1256 1900 καὶ
1310 1851 1339 1907 ἠ
1402 1852 1538 1901 κατά
1597 1852 1654 1901 σὲ
1714 1849 1905 1921 κλίμαξ
1935 1865 1979 1919 Β
2013 1848 2524 1921 apostolorum,tu
2543 1865 2728 1921 quoq:

1898 1849 1905 1909 ζ
1935 1865 1979 1919 Β
2013 1848 2524 1921 apostolorum,tu
2543 1865 2787 1921 quoque
2816 1851 2878 1905 in
2898 1867 3134 1907 carcere
3163 1853 3406 1910 duabus
3436 1856 3667 1913 vinctus

2015 1938 2259 2005 catenis,
2292 1953 2507 1993 somno
2537 1953 2607 1993 ac
2645 1954 2895 2010 corpore
2924 1940 3243 2009 tenebaris,
3284 1943 3392 1998 sed
3417 1944 3669 2014 angelus

2015 2026 2252 2082 Domini
2282 2031 2347 2080 ut
2372 2025 2536 2080 illum
2564 2027 2877 2099 quondam
2900 2032 3102 2096 noctu,
3136 2045 3297 2086 nunc
3324 2035 3377 2087 te
3421 2033 3585 2102 adiit,
3612 2039 3671 2089 et

2017 2114 2331 2171 confestim
2367 2119 2592 2169 catena:
2640 2115 2983 2171 ceciderunt
3027 2116 3101 2171 de
3146 2118 3401 2190 pedibus
3451 2121 3674 2187 tuis,et

2016 2203 2269 2260 vinculis
2290 2208 2604 2274 exemptus
2625 2219 2763 2258 eum
2786 2204 2890 2275 qui
2912 2205 3179 2261 animam
3210 2212 3380 2262 tuam
3402 2208 3673 2267 traduce-

2017 2292 2139 2357 bat,
2183 2292 2532 2363 sequebare.
2582 2294 2664 2347 'l‘u
2720 2308 2960 2364 quoque
3009 2293 3279 2360 fortasse,
3330 2301 3394 2352 ut
3445 2300 3671 2369 Petrus,

2018 2381 2312 2436 visionem
2342 2379 2546 2436 videre
2575 2380 2682 2435 tibi
2712 2380 3104 2451 videbaris,et
3132 2387 3335 2439 utrum
3356 2385 3435 2440 ab
3455 2387 3672 2456 angelo

2018 2469 2175 2525 facta
2212 2484 2352 2523 vera
2382 2473 2579 2524 essent
2633 2467 2977 2535 dubitabas,
3009 2469 3202 2525 donec
3259 2477 3432 2543 porta
3483 2474 3675 2532 ferrea

2020 2562 2231 2629 sponte
2260 2557 2588 2629 aperiretur
2615 2562 2673 2612 et
2695 2557 2756 2611 in
2788 2557 3000 2613 urbem
3029 2559 3264 2630 egregie
3294 2560 3675 2619 obmunitam

2020 2662 2297 2716 egressus
2319 2645 2572 2707 videres,
2608 2645 2927 2701 Dominum
2973 2662 3113 2702 vere
3165 2649 3449 2720 angelum
3494 2668 3676 2709 suum

2022 2734 2256 2790 misisse
2312 2734 2417 2805 qui
2446 2739 2504 2789 te
2545 2742 2576 2789 e
2606 2736 2812 2789 mortis
2869 2734 3153 2791 manibus
3198 2738 3471 2809 eriperet.
3520 2742 3676 2807 Quin

2026 2823 2347 2880 Dominum
2362 2821 2570 2900 ipsum
2596 2822 2795 2877 media
2818 2829 2990 2879 nocte
3015 2825 3501 2897 expergefactum
3524 2846 3678 2886 zona

2024 2911 2357 2967 honestatis
2377 2916 2430 2966 te
2456 2910 2718 2966 cinctum
2734 2912 3049 2983 reperiisse
3078 2913 3678 2981 crediderim.Quam-

2025 3001 2113 3054 vis
2145 2998 2306 3052 enim
2336 3012 2557 3069 corpus
2591 3003 2760 3052 tuum
2790 2998 3098 3065 dormiret,
3132 3016 3302 3056 mens
3345 3006 3548 3059 tamen
3576 3009 3683 3061 tua

2028 3086 2302 3159 vigilans,
2345 3092 2407 3141 ut
2427 3086 2683 3156 \irgines
2712 3087 3058 3158 prudentes,
3087 3087 3439 3160 lampadem
3468 3092 3679 3149 ardent

1539 3185 1634 3243 ἓως
1688 3192 1783 3244 τῆς
1841 3202 1919 3234 σι-
1950 3216 1989 3268 C
2029 3183 2147 3234 tem
2179 3177 2457 3232 ornabat.
2485 3177 2680 3241 Quare
2717 3176 2798 3268 ad
2826 3176 3071 3233 obviam
3122 3180 3357 3251 Sponso
3410 3182 3681 3240 eundum

2027 3268 2181 3329 hora
2203 3265 2394 3321 noctis
2424 3265 2842 3336 intempestiva
2865 3271 3109 3336 paratus
3131 3283 3284 3325 eras.

309 3361 499 3430 ρούσης
542 3362 615 3422 είς
652 3366 747 3419 τὴν
820 3366 943 3424 τοὺς
1020 3362 1281 3434 θεμελίους
1354 3365 1587 3434 ἔχουσαν
1661 3361 1809 3413 πόλιν
1883 3357 2111 3426 ἐξῆλθες,
2152 3359 2311 3415 ὅντως
2347 3358 2439 3405 καὶ
2516 3362 2709 3425 σαφῶς.
2748 3356 2919 3425 ῆνῶς,
2962 3356 3042 3407 ὅτι
3078 3353 3286 3418 ἀληθῶς
3360 3356 3685 3421 ἕξαπέστειλε

314 3448 497 3519 Κύριος
551 3452 639 3500 τὸν
701 3448 920 3521 ἄγγελον
985 3450 1183 3521 αὐτοῦ,
1226 3456 1317 3503 καὶ
1372 3449 1583 3513 ἓξείλετό
1638 3470 1695 3503 σε
1747 3448 1803 3501 ἐκ
1860 3456 1953 3501 τοῦ
2011 3450 2253 3518 σώματος
2314 3450 2407 3495 τοῦ
2476 3444 2696 3494 θανάτου
2754 3445 2934 3495 τούτου
2964 3481 2978 3493 .
3041 3443 3245 3497 Μᾶλλον
3312 3442 3372 3499 δὲ
3410 3447 3436 3499 ὁ
3494 3452 3685 3522 Κύριος

310 3534 459 3597 αὐτὸς
524 3541 697 3609 μέσης
752 3541 932 3599 νυκτός
987 3538 1167 3605 ἐλθὼν,
1210 3538 1534 3614 ἐγρηγορότα
1600 3560 1657 3593 σε
1718 3541 1819 3591 ὑπὸ
1874 3538 2053 3609 λύχνῳ
2120 3530 2434 3607 διακρίσεως
2477 3534 2734 3603 καιομένῳ
2765 3576 2782 3602 ,
2841 3536 2932 3584 καὶ
3000 3536 3310 3607 συφροσύνῃ
3368 3540 3462 3593 τὴν
3520 3536 3686 3611 ὀσφύν

308 3626 719 3698 περιεζωσμένον
757 3627 901 3701 εὗρεν
932 3670 947 3684 .
988 3628 1048 3681 Εἰ
1085 3631 1187 3703 γὰρ
1246 3634 1336 3681 καὶ
1366 3638 1596 3700 φυσικῶς
1627 3624 1903 3687 ἐκάθευδες
1932 3668 1945 3692 ,
1989 3622 2099 3676 ἀλλ’
2134 3624 2159 3681 ἱ)
2201 3616 2404 3696 καρδία
2448 3640 2542 3673 σου
2573 3620 2739 3683 illa);
2784 3621 3038 3695 ἡγρύπνει
3067 3663 3081 3689 ,
3124 3626 3259 3675 κατά
3284 3625 3373 3684 τάς
3407 3629 3689 3699 φρονίμους

308 3715 595 3787 παρθένους
622 3714 881 3768 ἄσϐεστον
919 3721 1011 3775 τὴν
1040 3713 1300 3789 λαμπάδα
1328 3722 1654 3791 κοσμήσασα
1673 3759 1688 3775 .
1719 3719 1899 3787 Τούτῳ
1935 3717 2105 3765 τοίνυν
2134 3715 2225 3763 καὶ
2253 3718 2326 3780 τῷ
2365 3708 2504 3779 καλῷ
2530 3713 2737 3781 νυμφίῳ
2764 3707 2894 3785 ἀωρὶ
2920 3718 3014 3772 τῆς
3041 3713 3226 3773 νυκτὸς
3247 3710 3441 3765 ἐλθόντι
3472 3714 3690 3789 ἑτοίμως

307 3800 624 3862 ἀπήντηκεν.

377 3890 582 3955 Ὀντως
607 3902 700 3946 τοῦ
728 3894 890 3947 πάλαι
945 3902 1158 3968 χρυσοῦ
1196 3899 1372 3966 γένους
1400 3900 1581 3967 κόμμα
1620 3898 1686 3947 σὺ
1715 3893 1912 3946 λοιπόν·

312 3985 399 4032 καὶ
465 3985 617 4055 παρά
676 3990 831 4036 τοῦτο
887 3987 1023 4036 κατά
1095 3986 1162 4035 τὰ
1232 3985 1429 4057 πάτρια
1480 3982 1673 4036 ἐκείνου
1745 3980 1919 4055 βιοὺς,

315 4070 447 4123 οὕτω
523 4078 617 4126 καὶ
690 4074 943 4135 τέθνηκας
1017 4074 1233 4146 μαλακῷ
1311 4070 1641 4146 δεδμημένος
1738 4072 1919 4145 ὒπνῳ·

313 4160 504 4231 μᾶλλον
551 4159 613 4216 δέ
669 4163 927 4226 συζεύξας
981 4159 1246 4236 ξυνωρίδα
1297 4159 1502 4235 ἀδελφὼ
1559 4159 1922 4235 διδυμεύοντε,

314 4248 470 4301 ὕπνον
522 4256 617 4305 καὶ
696 4253 910 4304 θάνατον
937 4295 953 4321 ,
1006 4252 1408 4327 ξυνωρικεύσω,
1467 4257 1556 4305 καὶ
1634 4250 1927 4313 ἐπετάσθης

313 4337 431 4390 εύθύ
479 4347 578 4393 τοῦ
634 4347 819 4414 χώρου
859 4350 958 4394 τῶν
1006 4341 1251 4411 ζώντων,
1293 4346 1383 4393 καὶ
1425 4348 1525 4392 τῶν
1565 4340 1785 4416 ούρανοῦ
1832 4360 1928 4392 πυ-

310 4425 405 4478 λῶν
446 4427 799 4502 ἀνοιγομένων
851 4450 935 4484 σοι
981 4434 1186 4504 χαίρων
1246 4427 1491 4502 εἰσέδυς,
1534 4432 1671 4482 κατά
1738 4429 1926 4487 στολὴν

309 4513 700 4594 ἀρχιερατικῆς
764 4516 921 4582 δόξης
983 4520 1335 4593 ἠμφιεσμένος
1352 4564 1367 4591 ,
1420 4524 1509 4571 καὶ
1546 4526 1652 4579 τοῖς
1700 4516 1927 4591 ἀμφιποο

306 4610 571 4677 νουμένοις
647 4611 708 4660 τὸ
776 4606 944 4661 ἐκεῖσε
1032 4610 1411 4684 θυσιαστήριον
1503 4609 1923 4683 προστιθέμενος.

306 4692 467 4749 Ἔνθα
532 4706 640 4749 τῶν
698 4701 789 4770 μεν
857 4701 974 4772 περὶ
1030 4700 1119 4750 τόν
1187 4698 1388 4772 Ἀαρὼν
1454 4700 1537 4749 καὶ
1597 4695 1838 4769 Σαμουὴλ
1900 4697 1926 4748 ὁ

308 4785 492 4849 θίασος
546 4788 938 4840 ύπανίστανταί
989 4807 1073 4840 σοι
1123 4807 1213 4840 και
1244 4783 1528 4862 προεδρίας
1578 4793 1929 4861 παραχωροῦ-

308 4892 409 4940 σιν,
444 4871 762 4949 αἰδούμενοι
813 4876 873 4928 ού
920 4880 1074 4949 μόνον
1123 4878 1189 4938 ὡς
1236 4878 1484 4951 ἱεραρχίᾳ
1526 4878 1809 4949 σεμνοτέρᾳ
1861 4882 1923 4947 τῇ

304 4967 436 5017 κατὰ
502 4968 748 5041 Χριστὸν
801 4964 1188 5040 έπιπρέποντα,
1233 4964 1363 5018 ἀλλά
1408 4971 1497 5018 καὶ
1563 4968 1633 5026 ὡς
1690 4963 1928 5039 λαμπρο-

304 5058 473 5127 τέροις
515 5064 626 5107 τῶν
674 5053 800 5129 παρ’
858 5055 1067 5117 ἐκείνοις
1118 5063 1339 5130 χρυσῶν
1399 5056 1628 5131 ῥοίσκων
1683 5058 1773 5106 καὶ
1831 5073 1929 5105 κω-

306 5140 482 5196 δώνων
541 5143 897 5217 κυκλούμενον
920 5190 935 5214 ,
976 5146 1050 5207 οἷς
1088 5143 1427 5219 εύαγγελικῶς
1482 5144 1593 5217 οἶμα
1640 5148 1729 5195 καὶ
1780 5143 1931 5217 ῥητο-

302 5241 463 5306 ρικῶς
502 5235 943 5309 ὑπερήστραπτές
994 5254 1048 5287 τε
1101 5240 1192 5287 καὶ
1250 5232 1623 5310 ύπερεϐρόντας
1678 5234 1745 5284 τὰ
1796 5234 1933 5283 κατὰ

304 5326 388 5375 τὸν
480 5324 756 5395 ύπόζοφον
841 5328 996 5397 νόμον
1069 5330 1160 5377 καὶ
1251 5324 1575 5397 ἰσχνόφωνον
1671 5319 1928 5394 σύμϐολα.

304 5418 413 5465 Τῶν
466 5410 519 5465 δ’
571 5412 626 5465 ἐν
683 5421 746 5487 τῇ
797 5414 989 5490 χάριτι
1024 5414 1180 5468 πάλιν
1236 5415 1407 5488 ἄκρων
1437 5417 1527 5465 καὶ
1578 5416 1760 5485 σοφίας
1820 5429 1934 5463 στε-

307 5504 447 5575 φάνῳ
539 5508 646 5561 τὴν
753 5504 1017 5579 ἱερατικὴν
1133 5502 1621 5577 ἐπικεκοσμηκότων
1719 5496 1933 5575 κίδαριν

306 5594 439 5645 ἔνθεν
496 5596 594 5666 μεν
666 5592 952 5667 Κλήμεντες
1020 5599 1110 5647 καὶ
1185 5596 1447 5646 Διονύσιοι
1519 5598 1934 5666 προσυπαντῶσι

307 5689 394 5736 καὶ
447 5685 919 5759 περιπτύσσονταί
976 5704 1034 5739 σε
1061 5729 1076 5754 ,
1142 5688 1421 5758 χαίροντες
1494 5690 1569 5753 τῷ
1622 5683 1784 5755 ὁμοίῳ
1844 5684 1935 5732 καὶ

1133 5502 1621 5577 ἐπικεκοσμηκότων

2100 3887 2311 3945 Etatis
2336 3903 2535 3943 aureae
2558 3890 2621 3942 tu
2642 3901 2849 3943 revera
2871 3893 3178 3961 superstes
3196 3904 3329 3945 esse
3359 3890 3689 3964 videris,et,

2030 3984 2098 4035 ut
2117 3984 2245 4035 tum
2296 3976 2500 4044 ﬁebat,
2533 3976 2695 4032 dulci
2744 3992 2960 4033 somno
3010 3976 3271 4035 irretitus
3299 3985 3575 4039 mortuus
3600 3999 3691 4051 es,

2032 4067 2156 4123 imo
2176 4070 2320 4139 post
2341 4064 2573 4121 obitum
2599 4064 2661 4120 in
2688 4064 2833 4134 biga
2863 4065 3064 4121 somni
3096 4081 3166 4121 ac
3195 4068 3404 4124 mortis
3431 4076 3641 4128 vectus
3659 4087 3693 4129 e

2032 4154 2364 4210 viventium
2389 4158 2549 4209 terra
2569 4151 2878 4219 ferebaris,
2902 4157 2959 4208 et
2987 4168 3095 4225 per
3120 4158 3326 4226 portas
3364 4157 3496 4214 cceli
3525 4174 3696 4232 aper-

2035 4250 2127 4302 tas
2150 4244 2340 4311 laetus,
2372 4242 2575 4319 gloriae
2597 4242 3125 4315 archiepiscopalis
3147 4250 3308 4301 veste
3332 4246 3579 4304 indutus
3603 4250 3695 4307 in-

2035 4348 2302 4404 gressus,
2332 4332 2403 4387 iis
2434 4330 2657 4405 quibus
2713 4347 2888 4388 sacra
2942 4346 3230 4404 peragere
3253 4333 3693 4397 demandatum

2036 4428 2182 4492 erat,
2213 4419 2652 4478 accensebaris.
2677 4419 2763 4475 Ibi
2784 4435 2990 4476 coram
3012 4420 3278 4493 te,inque
3308 4426 3479 4480 tuum
3508 4426 3696 4484 hono-

2034 4527 2165 4568 rem
2219 4513 2465 4581 surgent
2515 4508 2619 4582 qui
2668 4508 2826 4565 circa
2862 4509 3163 4565 Aaronem
3223 4526 3295 4567 ac
3352 4513 3696 4574 Samuelem

2037 4616 2211 4657 sacra
2235 4600 2479 4661 faciunt,
2494 4612 2619 4654 non
2656 4602 2892 4653 tantum
2926 4598 3072 4670 quia
3108 4598 3261 4655 inter
3284 4601 3559 4660 Ecclesiae
3589 4621 3698 4662 an-

2036 4690 2245 4746 tistites
2282 4688 2504 4744 mirum
2523 4687 2585 4743 in
2616 4686 2870 4743 modum
2901 4687 3160 4758 excellis,
3187 4688 3296 4745 sed
3324 4691 3471 4763 quia
3496 4694 3701 4753 tunica

2036 4783 2142 4835 tua
2166 4777 2440 4851 pluribus
2460 4791 2650 4849 quam
2673 4774 2913 4832 illorum
2936 4777 3141 4833 tunica
3165 4778 3340 4834 malis
3371 4782 3607 4853 punicis
3627 4800 3700 4842 ac

2035 4866 2453 4926 tintinnabulis
2482 4866 2682 4922 aureis
2706 4865 3076 4922 interstincta
3095 4871 3243 4936 erat;
3262 4884 3450 4941 quam
3471 4871 3551 4929 ob
3570 4889 3700 4931 rem

2036 4964 2104 5016 ut
2133 4956 2440 5027 Evangelii
2466 4954 2825 5029 praedicator
2854 4960 2912 5012 et
2937 4962 3000 5012 ut
3028 4962 3229 5013 orator
3257 4957 3405 5030 legis
3425 4960 3701 5021 obscura

2039 5046 2320 5121 symbola
2345 5045 2712 5117 fulgurando
2729 5044 3081 5119 superabas.
3106 5045 3194 5102 Ibi
3210 5050 3273 5103 tu
3297 5049 3459 5107 viros
3479 5052 3704 5125 ingenii

2039 5154 2111 5196 ac
2150 5136 2337 5194 animi
2366 5135 2611 5192 dotibus
2639 5135 3080 5208 ornatissimos,
3112 5135 3444 5195 Clementes
3473 5156 3545 5198 ac
3568 5143 3701 5200 Dio—

2039 5228 2248 5302 nysios
2270 5226 2484 5284 obvios
2504 5225 2760 5282 habebis
2788 5230 2845 5283 et
2863 5225 2940 5282 de
2964 5231 3020 5282 te
3051 5230 3117 5283 ut
3136 5225 3317 5283 fratre
3342 5230 3702 5302 gaudentes,

2040 5318 2146 5393 qui
2170 5317 2250 5375 ad
2273 5317 2546 5389 ipsorum
2568 5314 2932 5388 exemplum,
2948 5314 3403 5389 philosophiam
3434 5321 3705 5379 Graecam

2043 5406 2391 5466 Christianae
2421 5402 2845 5478 philosophiae,
2865 5420 3105 5461 servam
3133 5404 3481 5479 diligentem
3513 5410 3707 5467 domi-

2041 5513 2138 5554 nae
2164 5500 2388 5552 sancta
2419 5492 2748 5565 subjecisti.
2775 5494 2851 5549 Te
2890 5493 3088 5550 Basilii
3117 5499 3175 5550 et
3204 5495 3471 5567 Gregorii
3492 5501 3705 5569 gratis-

2044 5587 2267 5643 simum
2295 5584 2599 5640 advenam
2620 5581 3009 5653 excipiunt,et
3033 5581 3287 5654 dignum
3309 5585 3415 5657 qui
3437 5587 3707 5645 cohasres

2044 5676 2127 5733 sis
2150 5673 2427 5747 judicant
2460 5687 2603 5729 cum
2625 5670 2698 5727 iis
2731 5670 2839 5744 qui
2880 5670 3035 5730 sicut
3075 5676 3143 5730 tu
3189 5674 3562 5734 orationibus
3590 5679 3710 5737 exi-
