4480 6430
855 397 960 460 359
1719 399 2096 464 MICHAELIS
2131 397 2518 466 ACOMINATI
2555 399 2987 466 ATHENARUM
3021 397 3348 464 ARCHIEP.
4109 395 4215 460 360

851 524 988 581 miis
1025 525 1084 582 et
1109 524 1245 598 plus
1287 540 1475 598 quam
1500 529 1796 600 argenteis
1822 529 1918 587 vel
1955 529 2153 588 aureis
2182 530 2504 589 Ecclesiam
2531 533 2581 588 Α
2613 551 2620 584 :

2448 547 2504 589 m
2531 533 2581 588 Α
2613 533 2749 585 κατὰ
2813 532 2982 584 ταυτὰ
3022 533 3203 603 σφίσιν
3263 525 3595 583 ὑποκλίναντι
3650 528 3744 585 τὴν
3793 523 4017 584 Ἕλληνα
4071 525 4217 598 φιλο-

853 614 1422 672 condecoraveruut.
1456 616 1689 674 Phineas
1727 636 1971 693 quoque
2029 619 2346 691 collegium
2377 621 2504 678 sine

851 703 991 759 odio
1035 708 1091 760 et
1146 704 1373 761 invidia
1401 710 1456 762 te
1509 706 1589 763 ad
1645 706 1915 779 ipsorum
1969 714 2170 782 partes
2213 709 2507 782 trahunt;

850 791 1040 864 probe
1070 793 1230 848 enim
1261 793 1454 850 sciunt
1484 800 1537 851 te
1568 795 1647 852 ad
1678 797 2044 869 impietatem
2074 798 2275 871 lapsos
2304 798 2502 856 verbis

848 881 1275 954 reprobatoriis
1306 883 1506 940 acrius
1535 901 1721 958 quam
1745 885 1948 956 gladio
1975 887 2338 944 vulnerasse.
2357 888 2503 945 Tau-

850 969 991 1025 dem
1022 970 1307 1037 Christus,
1338 971 1594 1029 verbum
1632 974 1854 1043 vivum,
1888 976 2182 1047 sapientia
2227 977 2502 1034 omnium

850 1058 1123 1126 creatrix,
1157 1064 1213 1116 te
1243 1076 1279 1117 a
1308 1059 1529 1118 dextris
1551 1078 1770 1135 propre
1787 1063 2071 1121 thronum
2098 1065 2504 1137 sistit,majus-

850 1163 968 1222 que
995 1148 1300 1222 sapientiae
1320 1151 1608 1224 poculum
1635 1152 1911 1226 offerens,
1940 1170 2163 1212 novam
2189 1155 2294 1212 tibi
2315 1157 2505 1229 potio-

849 1253 988 1294 nem
1020 1238 1319 1311 propinat,
1343 1256 1532 1312 quam
1581 1257 1720 1298 cum
1763 1243 2111 1300 hominibus
2141 1245 2416 1318 perfectis
2442 1244 2504 1300 iu

848 1339 1036 1396 regno
1061 1331 1311 1399 paterno
1341 1335 1583 1399 gustare
1617 1330 1694 1387 ab
1725 1332 1892 1387 omni
1943 1338 2213 1406 tempore
2243 1333 2506 1390 destina-

852 1419 977 1472 tum
1008 1421 1133 1472 erat
1161 1432 1174 1471 :
1209 1436 1240 1470 ‹
1266 1418 1576 1475 Neminem
1607 1419 1768 1475 enim
1794 1420 2006 1492 diligit,
2033 1422 2316 1479 Salomon
2341 1423 2502 1489 dicit,

847 1503 963 1560 nisi
988 1521 1127 1560 eum
1156 1505 1262 1577 qui
1291 1521 1430 1562 cum
1472 1508 1768 1581 sapientia
1804 1509 2098 1566 habitata.
2135 1534 2163 1562 ››
2189 1514 2272 1568 Tu
2303 1518 2505 1568 autem

848 1592 954 1664 qui
976 1593 1197 1664 jugiter
1226 1609 1365 1649 cum
1404 1594 1507 1652 illa
1550 1611 1783 1668 manes,
1813 1597 1999 1653 solius
2047 1599 2354 1672 sapientiae
2382 1599 2506 1655 ille-

850 1680 1043 1737 cebris
1086 1681 1471 1752 detinebaris,
1493 1684 1618 1741 imo
1649 1701 1788 1742 cum
1827 1702 1899 1744 ea
1929 1690 2102 1761 quasi
2130 1705 2270 1744 cum
2321 1705 2506 1746 uxore

848 1769 1204 1840 conjunctus
1231 1770 1283 1826 ei
1311 1771 1582 1840 vivebas,
1612 1773 1664 1830 ei
1684 1780 1958 1831 mortuus
1989 1791 2073 1847 es,
2104 1781 2160 1833 et
2185 1792 2347 1833 nunc
2376 1776 2507 1850 qui-

2615 625 2799 694 σοφίαν
2850 627 2914 693 τῇ
2963 625 3308 694 Χριστιανικῇ
3352 618 3597 690 θεοσοφίᾳ
3633 620 3724 668 καὶ
3765 623 3921 687 σεμνῇ
3966 610 4213 687 δεσποίνῃ

2614 706 2911 763 σπουδαίαν
2995 709 3306 781 θεράπαιναν
3363 723 3378 738 ο
3438 706 3572 758 ἔνθεν
3659 700 3717 756 δὲ
3782 702 4042 755 Βασίλειοι
4130 706 4221 754 καὶ

2613 802 2893 872 Γρηγόριοι
2948 793 3242 859 δεξιοῦνταί
3274 813 3352 862 σε,
3397 798 3487 846 καὶ
3533 802 3632 845 τῶν
3683 793 3809 864 παρ’
3865 791 4044 853 αύτοῐς
4083 809 4219 863 συγ-

2610 887 2943 960 κληρονομεῖν
2999 883 3208 948 ἀξιοῦσι
3265 888 3432 958 μόνων
3467 925 3481 950 ,
3519 884 3590 943 οἷς
3657 884 3770 933 κατ’
3836 879 4060 943 ἐκείνους
4122 897 4218 932 πε-

2611 978 2858 1051 ριέθηκας
2915 978 3111 1046 κόσμον
3177 980 3239 1045 τῇ
3311 970 3596 1043 Ἐκκλησία
3660 968 3981 1043 πολύτιμον,
4038 968 4220 1040 λόγους

2610 1064 2875 1138 λαμπρούς
2956 1067 3046 1115 καὶ
3123 1057 3384 1134 δόγμασιν
3479 1058 3834 1131 εύαγγελικοῖς
3923 1060 4220 1131 γεγανωμέ-

2610 1171 2730 1214 νους
2805 1154 3150 1224 θαυμασίως,
3210 1155 3300 1202 καὶ
3374 1150 3442 1212 ὡς
3498 1152 3540 1201 εἶ
3605 1167 3682 1209 τις
3746 1145 3952 1220 ἀργύρῳ
4017 1148 4220 1221 χρυσός

2613 1241 2897 1314 ἐπιχέοιτο.
2930 1239 2998 1293 Ἦ
3039 1258 3139 1292 που
3178 1242 3268 1292 καὶ
3315 1243 3420 1298 τοῖς
3475 1240 3594 1310 περὶ
3646 1239 3734 1288 τόν
3787 1234 4021 1296 ζηλωτὴν
4060 1234 4222 1294 φινεες

2613 1330 2707 1384 οὐκ
2754 1328 2926 1390 ἄζηλα
2962 1331 3028 1382 τὰ
3073 1328 3208 1380 κατὰ
3257 1328 3315 1380 σε
3363 1330 3454 1379 καὶ
3498 1324 3658 1386 άλλως
3704 1321 3976 1399 ἀδήριτα;
4021 1322 4223 1377 Ἀνθίλ-

2614 1437 2771 1471 κουσι
2818 1415 2878 1471 δε
2936 1435 2994 1470 σε
3031 1421 3120 1469 καὶ
3171 1411 3317 1468 οὗτοι
3350 1418 3480 1488 πρὸς
3520 1412 3732 1474 ἑαυτούς
3797 1417 3888 1466 καὶ
3941 1413 4226 1474 καθίζουσι

2613 1503 2876 1582 πάρεδρον
2909 1548 2922 1575 ,
2985 1501 3214 1571 εἰδότες,
3281 1505 3346 1565 ὡς
3406 1503 3609 1564 πλείους
3672 1498 3823 1563 αύτός
3885 1505 4014 1578 ἤπερ
4081 1501 4226 1554 οὗτοι

2608 1601 2966 1670 παρανομίαις
3040 1593 3270 1666 ἐκφύλοις
3347 1594 3819 1666 συμφθειρομένους
3896 1583 3970 1643 δι’
4037 1589 4225 1663 ἀμφοῖν

2615 1689 2870 1750 ὦθησας,
2932 1689 3021 1736 καὶ
3081 1688 3366 1756 τομώτερον
3424 1683 3773 1756 σειρομάστου
3841 1679 4030 1740 παντὸς
4085 1676 4224 1752 ἕλίγ·

2615 1796 2740 1849 χοις
2771 1771 3052 1835 διήλασας.
3086 1771 3201 1825 Ἐπὶ
3250 1777 3384 1824 πᾶσι
3416 1774 3648 1844 Χριστός
3677 1807 3690 1836 ,
3734 1771 3758 1822 ό
3793 1772 3955 1840 Λόγος
3983 1807 3997 1834 ,
4040 1769 4065 1821 ό
4098 1769 4222 1834 ζῶν,

847 1857 988 1914 dem
1010 1857 1088 1914 ab
1115 1858 1400 1915 omnibus
1429 1861 1698 1933 corporis
1726 1863 1984 1919 miseriis
2012 1863 2506 1936 liberatus,fontis
2534 1881 2578 1936 Β

2458 1866 2506 1922 is
2534 1881 2578 1936 Β
2615 1867 2644 1924 ἡ
2705 1864 3010 1935 αὐτοσοφία,
3051 1863 3080 1920 ἡ
3141 1862 3343 1913 πάντων
3382 1864 3608 1931 γενέτις,
3652 1863 3740 1911 καὶ
3791 1860 3996 1911 πάντων
4044 1864 4224 1929 τεχνῖο

848 1946 981 2018 ejus
1012 1947 1218 2003 aeterni
1232 1947 1464 2018 justam
1496 1955 1728 2021 partem
1760 1967 1821 2007 es
1849 1958 2178 2010 assecutus.

2615 1973 2714 2024 τις,
2763 1951 2820 2006 ἐκ
2864 1948 3046 2014 δεξιῶν
3093 1953 3183 2002 καὶ
3223 1949 3291 2011 ὡς
3335 1945 3604 2020 ὶγγυτάτω
3653 1955 3753 1999 τῶν
3809 1945 3993 2008 ἑαυτῆς
4035 1947 4225 2019 θρόνων

847 2041 1220 2111 παρεστήσατο
1285 2055 1341 2089 σε
1403 2042 1492 2090 καὶ
1575 2040 1791 2111 μείζονα
1867 2046 2051 2114 σοφίας
2128 2044 2312 2101 ἵστησί
2379 2062 2463 2096 σοι
2534 2051 2808 2117 κρατῆρα,
2874 2045 2964 2093 καὶ
3047 2045 3137 2091 τοῦ
3221 2045 3402 2090 καινού
3483 2041 3720 2110 προπίνει
3807 2052 3891 2089 σοι
3972 2041 4224 2109 πόματος,

848 2127 970 2197 ὅπερ
1011 2128 1144 2197 μετα
1184 2133 1281 2178 τῶν
1324 2124 1479 2189 ἀξίων
1519 2126 1568 2179 ἐν
1626 2136 1688 2200 τῇ
1750 2139 1977 2203 πατρικῇ
2045 2130 2292 2204 βασιλείᾳ
2349 2138 2510 2186 πίνειν
2578 2128 2823 2203 ἀψευδῶς
2867 2127 3178 2201 ἐπήγγελτο.
3224 2127 3385 2188 Αὐτός
3427 2144 3483 2179 σε
3534 2129 3632 2202 γὰρ
3682 2119 3835 2179 ούδὶν
3894 2120 4074 2197 ἀγαπᾷ
4101 2167 4114 2193 ,
4157 2119 4226 2187 ὣς

849 2230 981 2284 φησι
1029 2213 1300 2286 Σολομῶν,
1345 2215 1388 2268 εἰ
1444 2220 1515 2288 μὴ
1571 2220 1659 2269 τόν
1729 2224 1888 2290 σοφίᾳ
1945 2228 2327 2276 συνοικοῦντα.
2392 2227 2491 2275 Καὶ
2549 2226 2613 2275 σύ
2678 2217 2776 2287 δε,
2838 2226 3102 2294 παροικῶν
3170 2218 3244 2269 ἔτι
3307 2211 3498 2291 δεῦρο,
3533 2219 3691 2288 μόνου
3750 2214 3971 2278 κάλλους
4038 2220 4230 2288 σοφίας

850 2301 1047 2369 ἑάλως,
1091 2308 1180 2355 καὶ
1220 2307 1350 2377 μόνῃ
1395 2309 1554 2377 σοφία
1595 2312 1995 2382 προσετετηκεις
2044 2310 2193 2372 εὐθὺς
2244 2309 2297 2362 ἐκ
2353 2308 2582 2382 παιδός,
2636 2315 2727 2363 καὶ
2770 2305 3218 2368 συνδιαϐεϐίωκας
3269 2308 3429 2379 ταύτῃ
3473 2308 3563 2358 καὶ
3621 2300 3961 2376 ἔπανεψυξας,
4004 2308 4091 2357 καὶ
4138 2312 4228 2357 νύν

849 2395 942 2450 τὴν
974 2387 1148 2444 ἀίδιον
1187 2395 1386 2454 ταύτης
1415 2399 1592 2465 πηγὴν
1620 2435 1636 2462 ,
1679 2396 1996 2456 κατάλληλον
2027 2397 2173 2461 λῆξιν
2196 2441 2212 2467 ,
2252 2397 2617 2476 κεκληρωσαι,
2660 2407 2760 2452 τῶν
2806 2397 3028 2450 ἐνταῦθα
3065 2401 3186 2470 περὶ
3222 2397 3280 2448 τό
3325 2403 3478 2468 σῶμα
3500 2398 3590 2447 καὶ
3619 2390 3666 2446 ἓν
3707 2399 3912 2467 σώματι
3957 2387 4229 2447 δυσκόλων

846 2482 1168 2556 ὑπεραρθείς.

919 2569 1092 2634 Quod
1124 2570 1174 2625 si
1209 2585 1321 2627 nos
1352 2575 1660 2629 terrestres
1687 2573 1915 2632 incolas
1959 2577 2225 2650 respicis,
2251 2594 2287 2635 ο
2323 2577 2507 2635 chara

847 2658 1054 2716 anima
1081 2665 1145 2716 ut
1176 2675 1319 2716 sane
1349 2660 1532 2733 facis;
1569 2678 1688 2719 vox
1713 2665 1873 2721 enim
1908 2668 2164 2738 mystica
2188 2684 2300 2725 nos
2332 2668 2508 2725 docet

844 2746 961 2804 hoc
990 2748 1310 2821 praemium
1335 2749 1739 2808 honoriﬁcum
1783 2770 1921 2810 esse
1963 2755 2256 2826 justiu,.ut
2285 2763 2368 2826 tu,
2401 2761 2508 2814 aut

845 2836 1066 2909 pignus
1093 2837 1396 2894 bonorum
1448 2840 1911 2912 promissorum,
1945 2827 2335 2916 quaa'iocuius
2381 2862 2505 2902 non

843 2925 1179 2993 vidit,auris
1200 2941 1324 2983 non
1346 2927 1576 2984 audivit
1604 2930 1661 2984 ef
1686 2947 1821 3003 quae
1851 2932 1910 2987 in
1932 2949 2035 2989 cor
2054 2933 2319 2991 hominis
2349 2951 2503 2991 nun-

843 3030 1032 3087 quam
1055 3014 1678 3080 descenderunt”,noli
1695 3020 1877 3076 hocce
1895 3020 2302 3095 lacrymarum
2327 3025 2503 3081 sacri-
2535 3009 2574 3064 (ἶ

844 3103 1048 3158 ﬁcium
1087 3105 1414 3176 aspernari,
1446 3107 1610 3178 quod
1655 3107 1760 3163 tibi
1787 3111 2072 3181 quamvis
2103 3129 2283 3184 super
2304 3113 2504 3185 sepul-

844 3208 1015 3248 crum
1059 3197 1229 3248 tuum
1280 3209 1402 3250 non
1456 3195 1715 3252 effusum
1756 3198 1943 3255 oﬂ‘ero
1968 3200 2159 3273 (quod
2190 3204 2506 3276 complecti

843 3282 1273 3340 consolationis
1326 3300 1468 3355 ergo
1525 3302 1647 3342 non
1691 3288 1837 3343 mihi
1891 3289 2163 3359 datum);
2222 3293 2504 3365 quamvis

842 3372 967 3428 ista:
1020 3371 1301 3444 lacrymae
1351 3373 1523 3429 melle
1580 3375 1835 3433 laudum
1883 3384 2123 3436 tuarum
2182 3397 2304 3437 non
2360 3383 2504 3438 satis

844 3462 1099 3519 condita:
1133 3463 1356 3519 sint.Tu
1388 3464 1794 3538 mihiquoque
1826 3469 2122 3538 guttulam
2154 3472 2358 3541 gratim
2391 3478 2503 3528 tum

841 3552 1217 3620 committas;
1254 3551 1553 3622 ejusmodi
1586 3555 1746 3610 cnim
1779 3555 1979 3613 officia
2010 3560 2499 3629 prtestare,dum-

840 3640 1025 3696 modo
1052 3639 1389 3708 velis,nunc
1415 3642 1678 3698 maxime
1700 3646 1893 3714 magis
1910 3662 2096 3717 quam
2118 3654 2295 3704 antea
2312 3649 2498 3705 vales.

840 3733 968 3786 Non
995 3735 1202 3801 postea
1231 3729 1420 3786 oculis
1459 3747 1571 3786 nos
1601 3733 1966 3797 videbimus,
1993 3752 2114 3792 non
2146 3753 2251 3810 per
2279 3737 2502 3794 litteras

840 3818 1407 3886 confabulabimur;
1439 3819 1811 3877 immensum
1846 3826 2006 3880 enim
2038 3827 2304 3897 spatium
2351 3827 2503 3884 inter

839 3914 1060 3966 terram
1091 3914 1148 3964 et
1174 3908 1392 3965 ccelum
1423 3910 1813 3981 sidereum,id
1835 3920 1923 3970 est
1947 3915 2098 3970 inter
2118 3933 2229 3972 nos
2250 3916 2500 3974 interce-

838 3999 954 4067 dit;
988 4003 1253 4054 attamen
1285 4015 1407 4054 non
1440 4000 1836 4073 desperamus
1867 4003 1992 4060 fore
2025 4014 2088 4060 ut
2134 4011 2332 4062 tecum
2381 4023 2502 4065 una

837 4088 1174 4144 simus.lsta
1191 4088 1439 4160 quidem
1462 4089 1848 4163 intercapedo
1875 4092 2051 4148 nobis
2083 4111 2327 4168 quoque
2345 4101 2500 4152 trau-

839 4175 1112 4244 silienda,
1135 4178 1414 4249 quamvis
1444 4183 1580 4250 post
1605 4184 1871 4252 tempus,
1903 4183 2027 4238 erit.
2065 4184 2179 4240 Sed
2206 4185 2327 4241 alia
2351 4185 2499 4242 mihi

836 4283 999 4323 nunc
1023 4266 1411 4339 intercapedo
1441 4267 1501 4322 in
1542 4275 1809 4325 mentem
1843 4271 2002 4327 venit
2032 4272 2222 4330 multo
2249 4274 2498 4330 horribi-

834 4355 964 4424 lior,
996 4370 1108 4411 nec
1140 4355 1339 4411 minor
1369 4372 1557 4429 quam
1589 4358 1873 4415 distantia
1898 4360 2050 4417 inter
2080 4363 2279 4418 sinum
2312 4363 2495 4422 Abra-
2529 4366 2571 4420 D

1822 4359 1873 4415 ia
1898 4360 2050 4417 inter
2080 4363 2279 4418 sinum
2312 4363 2495 4422 Abra-
2529 4366 2571 4420 D
2606 4365 2821 4426 ἐσαύθις
2889 4365 3201 4417 συνέσεσθαί
3261 4368 3344 4414 σοί
3414 4381 3538 4414 ποτε
3578 4382 3591 4396 ·

834 4445 1004 4519 hami
1029 4450 1086 4501 et
1111 4443 1328 4500 inferni
1359 4447 1678 4518 gurgitem,
1708 4452 1765 4503 et
1794 4448 1898 4505 ubi
1926 4449 2066 4506 hinc
2111 4451 2251 4508 inde
2300 4458 2496 4510 trans-

833 4537 918 4593 ire
969 4551 1091 4592 non
1135 4535 1331 4592 datur.
1355 4539 1439 4592 Tu
1468 4537 1715 4609 quidem
1768 4539 1830 4595 in
1868 4539 2186 4598 beatorum
2240 4559 2495 4604 numero

835 4626 1110 4694 versaris,
1142 4625 1318 4682 nobis
1345 4631 1548 4683 autem
1592 4629 1854 4685 maxime
1887 4631 2279 4689 metuendum
2308 4639 2495 4693 estne
2541 4687 2546 4692 .

832 4722 899 4774 ut
932 4715 1132 4774 divitis
1163 4716 1320 4771 illius
1349 4716 1409 4772 in
1442 4719 1724 4788 geheuna
1750 4720 2022 4777 ardentis
2049 4723 2194 4779 socii
2223 4725 2302 4781 ad
2328 4743 2493 4783 eam-

831 4806 973 4863 dem
1005 4822 1250 4879 poenam
1274 4806 1750 4864 condemnemur
1772 4813 1828 4866 et
1850 4810 1910 4866 in
1944 4817 2233 4870 aeternum
2265 4830 2301 4871 a
2335 4820 2385 4871 te
2408 4833 2496 4872 se-

831 4912 1144 4971 paremur;
1177 4912 1312 4969 quae
1330 4897 1577 4969 quidem
1597 4900 1891 4971 separatio
1910 4917 2048 4957 cum
2080 4918 2347 4975 praesens
2368 4909 2493 4962 tum

830 4988 1032 5045 futura
1093 4986 1366 5043 animum
1422 5004 1626 5044 meum
1667 4991 2022 5060 gravissime
2083 4996 2266 5066 angit.
2331 4997 2494 5053 Faxit

829 5081 984 5136 Deus
1015 5095 1124 5152 pro
1163 5078 1574 5135 misericordia
1601 5085 1656 5136 et
1686 5081 1768 5137 tui
1800 5083 1994 5153 gratia
2040 5089 2102 5140 ut
2149 5088 2411 5158 Moysem
2438 5091 2493 5144 et

828 5169 1156 5243 prophetas
1175 5167 1499 5225 audiamus
1527 5168 1858 5244 Christique
1885 5171 2121 5230 Domini
2153 5175 2491 5233 testimonio

828 5258 1147 5316 credamus
1172 5258 1278 5331 qui
1308 5275 1344 5314 a
1369 5258 1624 5315 mortuis
1653 5262 1995 5328 resurrexit,
2029 5269 2085 5320 et
2109 5269 2172 5321 ut
2193 5265 2490 5322 sinceram

825 5347 1124 5405 faciamus
1143 5348 1561 5422 paenitentiam
1591 5364 1873 5422 agamus,
1898 5367 1972 5408 ne
2000 5357 2055 5409 et
2083 5353 2197 5426 ipsi
2222 5355 2283 5410 in
2305 5355 2490 5412 istum

823 5436 1027 5494 locum
1047 5439 1358 5496 tormentis
1377 5437 1750 5496 horrendum
1775 5440 2304 5512 detrudamur,sed
2325 5444 2491 5517 digni

823 5528 1165 5589 habeamur
1193 5528 1301 5602 qui
1329 5533 1529 5588 tecum
1555 5530 1673 5589 Deo
1705 5532 2104 5607 omnipotenti
2149 5551 2322 5596 sacra
2351 5552 2489 5610 per-

895 5738 917 5779 ⁸
951 5739 1090 5814 Sep.
1124 5755 1226 5814 vn,
1258 5741 1349 5801 28.
1428 5739 1449 5781 ο
1489 5743 1666 5804 ICor.
1707 5757 1770 5818 ιι,
1799 5743 1849 5803 9.

2688 2575 2826 2629 Ἀλλ’
2871 2579 2916 2628 εἴ
2957 2595 3008 2627 τι
3060 2582 3159 2627 τῶν
3199 2571 3420 2626 ἐνταῦθα
3472 2578 3561 2626 καὶ
3606 2567 3692 2625 νῦν
3756 2569 3921 2625 κλύων
3980 2570 4232 2647 ίπέστρα-

2614 2664 2735 2738 ψαι,
2778 2663 2816 2718 ὧ
2877 2669 3009 2738 σοφὴ
3051 2668 3140 2716 καὶ
3181 2663 3295 2736 φίλη
3335 2661 3514 2735 ψυχὴ,
3567 2661 3740 2736 ὥσπερ
3809 2662 3913 2738 ἄρα
3951 2668 4040 2715 καὶ
4107 2661 4229 2716 ἐπί-

2618 2754 2853 2830 στραψαι
2925 2750 3092 2812 δήπου
3169 2754 3344 2824 (γέρας
3421 2755 3563 2824 γὰρ,
3640 2753 3708 2813 ὡς
3777 2747 3825 2803 ἓν
3911 2750 4231 2826 ἀπορρήτοις

2614 2846 2937 2917 μανθάνομεν
2968 2886 2982 2914 ,
3043 2849 3196 2894 τοῦτο
3252 2849 3358 2903 τοῖς
3417 2842 3552 2892 κατὰ
3587 2844 3682 2908 σε,
3716 2839 3801 2893 εἴτ’
3848 2835 3935 2892 οὖν
3989 2839 4228 2915 ἀρραϐὼν

2615 2941 2715 2984 τῶν
2745 2931 2793 2984 ἰν
2834 2931 3158 3004 ἐπαγγελίαις
3211 2929 3416 3001 ἀγαθῶν
3441 2971 3454 2998 ,
3489 2938 3586 2980 τῶν
3627 2928 3736 2982 οὗθ’
3792 2931 3985 3002 ὁρατῶν
4039 2928 4230 3002 ὀφθαλ-

2613 3030 2769 3095 μοῖς,
2823 3021 2930 3074 οὕτ⁹
2980 3019 3249 3073 ἀκουστῶν
3289 3019 3417 3071 ὧσὶν
3447 3062 3461 3089 ,
3505 3018 3611 3070 οὔτ’
3672 3018 3964 3092 ἀνθρωπίνῃ
4028 3015 4231 3094 καρδίᾳ

2613 3110 2999 3180 καταληπτῶν),
3044 3106 3228 3181 δέχοιο
3294 3105 3451 3166 τήνδε
3483 3108 3550 3159 ὧν
3599 3104 3805 3160 σπένδω
3858 3127 3941 3160 σοι
3982 3105 4229 3183 δακρύων

2614 3206 2770 3273 χοὴν,
2832 3200 2925 3252 οὐκ
3001 3198 3083 3251 ἐπὶ
3135 3207 3205 3268 τῷ
3267 3196 3535 3269 πολυόλϐῳ
3592 3202 3681 3250 καὶ
3747 3196 4085 3270 πολυκλαύτῳ
4152 3208 4230 3271 σῷ

2612 3295 2906 3362 κεχυμένην
2971 3286 3152 3362 τύμϐῳ
3194 3289 3294 3357 (ὅτι
3363 3283 3503 3359 μηδὲ
3557 3287 3980 3360 περιπτύξασθαι
4045 3294 4230 3340 τοῦτον

2615 3383 2780 3432 ἔνεστί
2817 3399 2929 3453 μοι,
2983 3384 3072 3431 καὶ
3111 3397 3227 3429 τινα
3275 3375 3606 3451 παραψυχὴν
3665 3373 3851 3429 ἐκεῖθεν
3885 3376 4231 3446 ἀρύσασθαι),

2615 3473 2730 3521 οὔτε
2781 3467 2950 3540 πολλῷ
3024 3471 3112 3519 καὶ
3173 3468 3294 3518 ὅσον
3345 3464 3510 3539 ἐχρῆν
3569 3465 3836 3538 ἐγκωμίων
3880 3475 3982 3518 σῶν
4050 3485 4234 3542 κεκρα-

2614 3563 2774 3631 μένων
2829 3557 2998 3631 μέλιτι
3053 3573 3065 3586 ⁶
3113 3560 3202 3608 καὶ
3243 3575 3330 3610 μοι
3371 3563 3468 3606 τῶν
3512 3563 3615 3606 σῶν
3663 3559 3899 3628 χαρίτων
3954 3553 4234 3618 ἐνσάλαξον

2612 3649 2824 3700 ὁσονούν
2879 3646 3132 3719 ψέκασμα
3179 3662 3192 3675 ⁸
3236 3643 3345 3706 ἐξόν
3399 3647 3500 3718 γάρ
3545 3663 3628 3696 σοι
3669 3642 3963 3716 βουλομένῳ
4011 3649 4236 3717 χαρίζε-

2615 3739 2773 3806 σθαι¹,
2823 3741 2913 3789 καὶ
2978 3737 3142 3809 μείζω
3206 3730 3293 3785 νῦν
3334 3734 3362 3793 ἦ
3405 3739 3653 3809 πρότερον
3698 3772 3709 3784 .

2611 3827 2846 3899 ὀψόμεθα
2910 3828 3119 3899 θάτερον
3163 3832 3255 3876 τού
3301 3823 3502 3891 λοιπου,
3537 3826 3653 3875 οὔτε
3693 3832 3815 3894 γοῦν
3843 3867 3856 3890 ,
3891 3821 4232 3876 ἀντεπιστέλ-

2609 3915 2779 3978 λοντες
2855 3914 3123 3983 ἀλλήλοις,
3198 3918 3292 3972 τὴν
3369 3909 3644 3986 ἀπόδημον
3721 3913 3924 3985 ὁμιλίαν
4013 3919 4231 3986 σοφισό-

2610 4008 2743 4080 μεθα
2770 4027 2782 4040 ·
2812 4007 3007 4078 χάσμα
3049 4007 3146 4078 γὰρ
3189 4007 3325 4076 μέγα
3351 4046 3364 4072 ,
3393 4008 3482 4055 καὶ
3521 4005 3640 4055 ὅσον
3700 4007 4018 4075 μεταίχμιον
4067 4009 4227 4074 γαίης

2609 4117 2662 4151 τε
2726 4101 2816 4148 καὶ
2900 4096 3119 4171 ούρανού
3201 4092 3565 4168 ἀστερόεντος,
3638 4091 3942 4170 ἐστήρικται
4025 4094 4222 4166 μεταξύ

2609 4189 2754 4259 ἡμῶν
2784 4205 2837 4239 τε
2876 4191 2965 4236 καί
3017 4192 3132 4238 σού.
3177 4189 3278 4236 Καὶ
3338 4185 3438 4235 εἴθε
3476 4188 3629 4256 μόνον
3671 4179 3731 4240 ἦν
3775 4191 3946 4250 τοῦτο,
3987 4188 4076 4235 καὶ
4123 4183 4222 4235 οὐκ

3756 3734 3828 3785 Ou’
3878 3737 3979 3807 γὰρ
4048 3734 4233 3807 ἅτερος

2607 4275 2667 4328 ἂν
2726 4282 2958 4349 κρεῖττον
2999 4278 3026 4332 ἦ
3073 4273 3183 4325 κατ’
3251 4269 3442 4324 ἐλπίδα
3506 4275 3757 4348 ἡμετέραν
3823 4269 3994 4326 ἐδόκει
4033 4276 4091 4324 τό
4129 4278 4220 4326 καὶ

3639 4364 3858 4438 περατόν
3925 4365 4025 4437 γάρ
4081 4361 4222 4416 ἐστιν

2605 4457 2751 4526 ἡμῶν
2812 4452 3105 4524 ἀναγκαίως
3144 4459 3297 4503 τοῦτο
3336 4453 3394 4503 τό
3451 4452 3646 4523 χάσμα
3671 4495 3683 4519 ,
3723 4456 3812 4502 xui.
3852 4450 3972 4503 ὅσον
4013 4447 4223 4503 οὐδέπω

2605 4549 2694 4595 καὶ
2736 4543 2883 4596 αὐτοὶ
2941 4546 3066 4616 πρὸς
3105 4543 3170 4593 τὰ
3209 4540 3392 4593 αὐτόθι
3439 4560 3537 4593 που
3595 4542 3796 4601 πάντως
3854 4536 4054 4592 ἐνθένδε
4106 4536 4225 4592 δια-

2607 4632 2904 4707 βησόμεθα.
2933 4639 3039 4686 Νυν
3081 4627 3139 4684 δὲ
3181 4627 3420 4706 δεύτερον
3461 4629 3540 4683 ἐπ’
3581 4631 3717 4702 αὐτῷ
3770 4633 3965 4703 χάσμα
4021 4632 4222 4682 πυνθά-

2603 4744 2758 4797 νομαι
2846 4721 2975 4775 πολὺ
3067 4720 3455 4796 φοϐερώτερον,
3535 4722 3719 4773 καθότι
3795 4725 3885 4771 καὶ
3965 4717 4226 4792 ἀποτομία

2607 4809 2933 4872 διαστάσεως
3009 4808 3272 4885 ἀπέῤῥωγε
3346 4807 3539 4861 πλείονι
3573 4852 3587 4877 ,
3665 4812 3753 4860 καὶ
3830 4809 3927 4866 ὅση
4005 4827 4086 4869 τις
4160 4809 4224 4860 οἶν

2603 4907 2802 4974 γένοιτο
2843 4904 2870 4960 ἡ
2923 4899 3022 4952 ἀπό
3077 4899 3382 4971 κευθμῶνων
3429 4894 3563 4968 ᾅδου
3630 4895 3673 4958 ἐς
3713 4896 3932 4958 κόλπους
3984 4896 4225 4972 Ἀϐραὰμ

2605 4991 2829 5065 ἀγομένη
2902 4987 3180 5062 διάμετρος
3222 5009 3234 5022 ·
3277 4991 3346 5050 ὡς
3413 4983 3528 5040 οὐδ’
3589 4986 3806 5059 ἑτέρωσε
3872 4993 3964 5038 τού
4036 4985 4224 5039 λοιποῦ

2605 5079 2893 5135 διαϐαίνειν
2953 5079 3137 5142 ἐξεῖναι
3196 5086 3299 5139 τοῖς
3354 5076 3477 5153 παρ’
3529 5077 3762 5152 ἑκάτερα.
3807 5073 4040 5129 Δεδιέναι
4096 5084 4225 5148 γοῦν

2601 5171 2768 5243 ἄξιον,
2809 5175 2905 5244 μὴ,
2942 5177 3036 5223 σού
3094 5187 3152 5241 γε
3209 5167 3572 5240 κατειληφότος
3632 5162 3738 5225 ἠδη
3791 5185 3885 5224 την
3939 5174 4037 5218 τῶν
4087 5168 4227 5218 κατὰ

2605 5266 2662 5315 σὲ
2700 5266 2970 5336 μακαρίων
3026 5265 3247 5333 χώραν,
3287 5259 3439 5330 ἡμεῖς
3487 5259 3554 5318 ὡς
3614 5253 3828 5329 ἀδελφοὶ
3875 5263 3967 5308 τοῦ
4025 5253 4073 5308 ἐν
4113 5251 4221 5330 ᾅδῃ

2603 5350 3023 5425 βασανιζομένου
3068 5349 3323 5402 πλουσίου
3365 5347 3437 5408 εἰς
3481 5350 3567 5398 τόν
3624 5345 3779 5398 αὐτόν
3837 5345 4012 5418 ἐκείνῳ
4065 5349 4224 5398 τόπον

2604 5439 3032 5514 ἁπαχθησόμεθα
3062 5482 3074 5506 ,
3131 5443 3220 5491 καὶ
3264 5440 3379 5490 τότε
3430 5432 3496 5494 δὴ
3543 5439 3657 5489 τότε
3695 5435 3902 5508 μεγάλῳ
3947 5440 4103 5498 ὄντως
4132 5441 4225 5489 καὶ

2601 5527 2828 5594 ούδόλως
2887 5538 3095 5608 περατῷ
3150 5525 3553 5599 διαστησάμεθα
3603 5526 3890 5600 χάσματι.
3943 5525 4094 5578 Ούτω
4134 5530 4227 5582 καὶ
