4480 6430
229 393 330 446 361

1416 379 1737 435 MONODIA
1774 381 1843 435 IN
1886 382 2206 436 FRATREM
2250 382 2455 438 SUUM.

3535 388 3638 441 362

231 510 342 573 ἤδη
411 514 631 586 παρόντι
676 514 771 569 τῆς
827 501 1160 564 διαστάσεως
1223 503 1612 576 ὑπεράχθομαι,
1676 509 1766 556 καὶ
1826 507 1884 556 τὸ
1921 512 2000 563 At

1873 508 1884 556 ὃ
1921 512 1964 563 Α
1993 519 2249 574 agamus
2279 510 2335 560 et
2365 506 2425 560 in
2453 507 2901 562 sanctissimum
2924 509 3047 564 veri
3073 508 3443 564 tabernaculi
3466 526 3500 565 a
3524 510 3642 565 Deo

230 601 416 674 μέλλον
491 606 582 652 τοῦ
664 616 780 670 χωρ
791 601 946 667 ισμοῦ

233 693 388 755 Θεὸς,
474 687 754 758 ἱλεούμενος
828 685 972 757 παρὰ
1048 689 1164 749 σοῦ,
1238 679 1441 732 ἀκούειν
1507 684 1596 752 μὲν
1664 687 1886 742 Μωσέως

1029 591 1176 645 πλέον
1242 590 1560 664 πεφόϐημαι·
1636 598 1756 650 Δοίη
1827 590 1886 646 δὲ
1993 593 2146 665 ipso,
2177 609 2298 648 non
2327 594 2404 649 ab
2434 595 2784 651 hominibus

1880 614 1886 644 ε
1993 593 2146 665 ipso,
2177 609 2298 648 non
2327 594 2404 649 ab
2434 595 2784 651 hominibus
2815 598 3093 652 exstructi
3123 598 3490 652 introeamus
3534 614 3649 670 pu-

1993 682 2323 754 riticaitque
2351 683 2641 739 sacrificio
2672 685 2971 756 supplices
3003 690 3380 741 assistamus.

232 783 327 830 καὶ
406 785 502 829 τῶν
572 781 869 849 προφητῶν,
930 771 1204 823 πείθεσθαι
1274 766 1332 821 δὲ
1400 767 1863 844 διαμαρτυρομένῳ
1922 772 2046 841 ἡμῖν
2103 777 2192 822 καὶ
2250 781 2319 840 τῷ
2389 772 2442 823 ἐκ
2503 782 2692 846 νεκρῶν
2761 773 3041 826 ἀναστάντι
3107 773 3336 847 δεσπότῃ
3415 785 3648 848 Χριστῷ,

233 872 328 919 καὶ
407 870 637 937 γνησίως
714 867 992 935 μετανοεῖν·
1075 861 1158 910 ἵνα.
1233 863 1304 929 μὴ
1377 865 1466 910 καὶ
1540 859 1685 911 αὐτοὶ
1767 864 1834 920 εἰς
1911 864 2030 920 τοὺς
2103 865 2293 922 τόπους
2369 860 2581 921 ἐκείνους
2664 872 2754 922 τῆς
2823 861 3056 935 βασάνου
3134 862 3457 932 ἀπῖλθοιμίν.
3547 864 3652 916 ἀλλ’

235 955 579 1026 ἀξιωθείημεν
652 956 745 1004 σὺν
827 954 910 1003 σοὶ
993 950 1151 1000 θύσαι
1227 955 1298 1017 τῷ
1381 955 1497 1017 Θεῷ
1579 950 1765 1000 θυσίαν
1846 949 2101 1013 αἰνέσεως,
2173 952 2240 1011 εἰς
2304 956 2359 1002 τό
2427 949 2691 1025 ἐνδότερον
2754 953 2901 1023 ἅγιον
2966 961 3054 1013 τῆς
3130 953 3373 1013 ἀληθινῆς
3438 963 3654 1022 σκηνῆς,

232 1048 300 1104 ἢν
364 1043 520 1115 ἓπῃξι
584 1043 776 1116 Κύριος
837 1043 926 1090 καὶ
957 1039 1051 1091 οὐκ
1116 1038 1404 1110 ἄνθρωπος,
1471 1036 1738 1105 εἰσιόντες,
1806 1044 1894 1089 καὶ
1956 1047 2028 1108 τῷ
2093 1045 2198 1094 ἐκεῖ
2259 1050 2426 1110 νοητῴ
2496 1045 2724 1115 θυτηριῳ
2789 1045 3150 1116 καθαρώτερον
3215 1040 3646 1116 προσεδρεύοντες

233 1141 329 1185 καὶ
348 1134 707 1206 λατρώοντις.

681 1344 1894 1535 MICHAELIS
2009 1347 3238 1540 ACOMINATI

1605 1667 2376 1778 CHONIAT/E

595 1915 1392 2017 SANCTISSIMI
1485 1917 2312 2015 ATHENARUM
2397 1920 3349 2021 METROPOLITE

1838 2150 2084 2192 MONODIA

689 2265 757 2318 IN
801 2263 1077 2317 FUNERE
1121 2262 1428 2330 FRATRIS,
1468 2260 1885 2316 JUDICIORUM
1923 2261 2178 2317 EPHORI
2220 2264 2844 2331 IMPERATOBIOQUE
2886 2267 3233 2323 CUBICULO

1146 2357 1555 2428 PBA‘JPOSITI,
1626 2360 1684 2414 C.
1741 2359 2010 2416 NlCET/E
2069 2361 2466 2433 CHONIATIE,
2511 2364 2784 2420 ΗΑΒΙΤΑ·

251 2493 336 2546 Ex
378 2488 518 2545 edit.
555 2485 812 2544 Morellii.
848 2485 1032 2542 Paris.
1065 2485 1220 2549 1580,
1253 2486 1335 2550 8ο,
1362 2487 1703 2540 —-Gr&ecum
1731 2489 1957 2540 textum
1980 2489 2121 2556 post
2144 2486 2446 2558 impressa
2475 2489 2682 2545 Latina
2703 2489 3042 2546 invenimus
3069 2491 3129 2546 in
3158 2491 3481 2546 cod.Paris.
3520 2494 3676 2558 1234,

325 2576 532 2634 εξεοωὶ
559 2575 775 2632 decimi
809 2574 1029 2648 quarti,
1061 2573 1456 2646 bombycino,
1491 2574 1596 2629 sed
1625 2573 1859 2629 lacunis
1890 2574 2105 2629 misere
2135 2574 2380 2641 fcedato,
2413 2594 2567 2649 quas
2589 2579 2882 2635 Morellius
2909 2580 3199 2653 interpres
3232 2579 3611 2652 conjiciendo

1167 2662 1446 2736 explevit.
1489 2665 1692 2719 Exstat
1720 2661 1918 2735 qualis
1949 2663 2148 2736 qualis
2177 2665 2236 2720 in
2265 2665 2384 2722 ﬁne
2411 2667 2594 2738 hujus
2629 2669 2797 2740 tomi)

330 2921 377 2975 Ο
428 2916 848 2973 calamitosum
913 2914 1236 2970 nuntium!
1288 2930 1324 2970 ο
1381 2914 1706 2969 adversum
1766 2912 1920 2968 infe-
1952 2913 1991 2966 Β
2035 2914 2156 2970 sive
2186 2915 2491 2988 lapideam
2519 2919 2956 2994 illam,quae(ut
2985 2922 3045 2976 in
3076 2920 3296 2976 fabulis
3349 2922 3454 2988 est)
3487 2924 3688 2975 mutas

258 3013 544 3080 stumque
590 3005 938 3061 rumorem!
993 3003 1092 3076 qui
1156 3002 1334 3058 simul
1387 3019 1458 3059 ac
1498 3003 1828 3074 improviso
1868 3006 1926 3057 et

257 3100 572 3169 insperato
636 3094 958 3151 hominum
1029 3109 1306 3148 sermone
1371 3108 1539 3148 meas
1596 3092 1675 3148 ad
1747 3106 1925 3161 aures

259 3187 486 3244 allatus
508 3189 622 3250 est;
658 3184 770 3240 illm
803 3199 948 3240 mox
977 3186 1142 3239 tanto
1174 3188 1396 3238 terrore
1419 3182 1731 3238 concitatas
1764 3185 1923 3246 sunt,

260 3282 326 3331 ut
375 3274 524 3332 mihi
570 3271 758 3346 (quod
789 3271 1181 3328 delirantibus
1212 3275 1269 3326 et
1297 3274 1497 3326 mente
1547 3269 1737 3342 captis
1789 3285 1928 3325 usu-

260 3364 470 3420 venire
505 3363 673 3432 solet)
714 3362 929 3418 tinnire
956 3366 1135 3434 atque
1175 3360 1648 3428 circumsonare,
1689 3364 1928 3432 pectus-

263 3468 389 3528 que
429 3451 585 3508 adeo
627 3451 829 3524 ipsum
861 3465 1118 3506 maerore
1151 3448 1606 3516 contabescens,
1640 3464 1929 3504 mucrone

265 3541 388 3616 peti
409 3540 805 3614 transﬁgique
833 3539 1156 3596 videretur.
1192 3539 1357 3595 Unde
1405 3543 1680 3596 cruentas
1725 3539 1930 3608 hasce,

267 3632 508 3706 opinor,
522 3646 677 3703 quas
694 3629 1014 3685 effundunt
1029 3628 1183 3685 oculi
1199 3627 1504 3700 lacrymas
1525 3632 1933 3700 conceperant

269 3721 535 3777 cruentis
608 3719 720 3774 illis
781 3720 964 3790 guttis
1010 3717 1366 3791 persimiles,
1429 3733 1586 3790 quas
1626 3716 1931 3787 tragcediis

270 3809 645 3884 perappositi
695 3809 934 3865 scenica
986 3807 1168 3877 vulgo
1229 3812 1511 3863 venustas
1557 3805 1820 3876 efﬁngit:
1872 3810 1934 3862 ut

271 3901 497 3957 mirum
529 3899 623 3969 sit,
646 3900 792 3971 quin
819 3902 877 3954 et
905 3899 1035 3972 ipse
1057 3897 1447 3954 attonitorum
1483 3896 1722 3952 illorum
1769 3896 1932 3953 fana-

272 3991 654 4062 ticorumque
677 4005 834 4044 unus
859 3987 1080 4060 aliquis
1102 3986 1418 4056 evaserim,
1441 3987 1730 4059 omnique
1754 4002 1935 4042 sensu

275 4081 551 4155 privatus
592 4080 652 4135 in
710 4077 1057 4135 columnam
1103 4076 1371 4149 aliquam
1414 4076 1786 4146 diriguerim.
1845 4074 1936 4131 Ad

277 4171 644 4228 hodiernum
676 4174 880 4225 tamen
905 4183 1094 4240 usque
1112 4165 1350 4242 diemin
1383 4167 1655 4222 vivorum
1682 4181 1936 4222 numero

277 4276 626 4333 supersum,
659 4274 782 4314 non
825 4257 1074 4327 ignarus
1104 4260 1367 4329 quantas
1405 4255 1466 4311 in
1509 4255 1779 4311 miserias
1824 4255 1933 4312 sim

275 4351 624 4424 prolapsus,
646 4364 908 4422 quarum
929 4346 1268 4417 cognitione
1291 4351 1347 4402 et
1373 4345 1759 4414 conscientia,
1790 4361 1938 4418 que-

278 4441 447 4496 rulas
477 4440 590 4495 has
617 4453 790 4494 voces
817 4441 874 4494 et
895 4435 1193 4509 singultus
1223 4435 1566 4507 reciprocos
1592 4435 1786 4491 elicio.

349 4528 885 4585 Verumenimvero
923 4519 1053 4583 ﬁeri
1081 4529 1297 4598 potest,
1320 4529 1385 4580 ut
1410 4525 1526 4580 hac
1568 4529 1694 4581 arte
1725 4540 1940 4597 pcenas

278 4636 314 4676 a
359 4632 456 4675 me
506 4617 724 4674 vindex
780 4619 1014 4673 Numen
1059 4615 1279 4687 exigat,
1323 4630 1400 4671 ne
1443 4613 1590 4670 forte
1632 4619 1830 4670 mente
1880 4613 1942 4669 in

280 4710 640 4765 universum
673 4711 908 4780 captus,
949 4710 1006 4763 et
1051 4704 1333 4760 sensibus
1373 4704 1642 4766 orbatus,
1676 4709 1943 4760 extremo

281 4801 402 4856 hoc
489 4797 784 4871 supplicio
853 4795 1027 4851 siccis
1070 4794 1280 4861 oculis,
1336 4793 1602 4865 citraque
1671 4793 1942 4849 dolorem

281 4891 684 4960 constringar,
719 4887 827 4945 sed
856 4889 1090 4958 integra
1119 4890 1317 4943 mente
1344 4885 1652 4960 praeditus,
1685 4887 1946 4957 quaeque

282 4981 528 5037 dolores
587 4978 1016 5052 persentiscere
1061 4975 1278 5049 possit,
1333 4974 1528 5030 acrius
1572 4973 1713 5029 inde
1772 4973 1947 5030 vivus

278 5070 626 5141 vidensque
655 5068 941 5123 lanciner.
976 5065 1276 5140 quidquid
1303 5080 1446 5120 sane
1469 5063 1726 5120 tristium
1768 5079 1950 5119 sensu

282 5162 579 5234 privatur,
612 5157 673 5214 id
704 5156 953 5214 demum
999 5154 1225 5211 doloris
1256 5170 1470 5228 expers
1503 5169 1633 5209 esse
1662 5152 1947 5209 dicimus.

279 5256 350 5306 At
404 5265 518 5322 ego
567 5247 802 5304 etiamsi
853 5239 914 5302 in
948 5248 1212 5302 statuam
1244 5244 1515 5318 aliquam
1563 5246 1950 5314 transmuter,

354 5379 368 5412 ι
415 5375 561 5431 Gen.
598 5390 716 5439 xxx,

346 5504 425 5577 (t)
466 5498 712 5558 Attudit
749 5499 830 5557 ad
847 5499 1004 5556 illud
1033 5499 1336 5568 Matt/Lv,
1373 5503 1473 5555 13:
1521 5498 1629 5554 Vos
1684 5498 1818 5554 estis
1859 5496 1955 5554 sat

281 5601 482 5666 terra,
517 5596 629 5650 etc.

644 5715 875 5778 Punor,
915 5716 1016 5772 Gn.
1060 5714 1196 5779 CXI.

2035 3003 2279 3061 distillat
2313 3006 2652 3079 lacrymas:
2680 3010 2805 3065 sive
2836 3009 3023 3073 illam,
3059 3009 3234 3080 cujus
3277 3010 3337 3064 in
3383 3008 3692 3080 Scriptura

2035 3095 2261 3150 mentio
2291 3094 2375 3162 ﬁt,
2408 3112 2667 3169 quaeque
2697 3098 2876 3166 vulgo
2907 3104 3105 3154 statua
3135 3098 3275 3153 salis
3306 3097 3686 3169 appellatur'

2036 3184 2274 3250 (eodem
2321 3191 2475 3242 certe
2523 3203 2764 3243 mecum
2795 3189 3228 3260 communique
3267 3187 3532 3252 nomine,
3584 3185 3692 3258 qui

2036 3274 2184 3330 nihil
2251 3275 2417 3332 aliud
2464 3293 2593 3333 esse
2660 3277 2809 3332 mihi
2858 3277 3087 3347 videor,
3133 3294 3320 3350 quam
3370 3277 3458 3333 sal
3509 3274 3696 3332 insul-

2039 3380 2174 3419 sum
2201 3365 2299 3433 (l),
2331 3363 2678 3438 idcircoque
2708 3365 2869 3422 foras
2896 3368 3256 3438 projectum,
3280 3370 3347 3422 ut
3383 3366 3461 3422 ab
3491 3365 3692 3421 homi-

2038 3452 2217 3508 nibus
2244 3455 2667 3524 conculcetur),
2703 3460 2908 3512 tamen
2933 3471 3008 3511 ne
3039 3456 3123 3510 sic
3160 3455 3406 3529 quidem
3440 3454 3697 3511 vindicis

2038 3541 2357 3598 Adrasteese
2381 3545 2657 3600 Nemesin
2675 3544 2897 3616 effugi;
2923 3545 3150 3618 quippe
3176 3544 3697 3617 quidiuturniores

2017 3647 2252 3703 poenas
2297 3632 2484 3697 luam,
2518 3634 2665 3689 dum
2696 3650 2935 3706 semper
2978 3635 3140 3691 idem
3171 3634 3432 3700 futurus,
3483 3632 3696 3688 infesto

2039 3718 2290 3774 numine
2349 3720 2579 3775 cunctis
2631 3719 2974 3776 illudendus
3032 3735 3306 3792 exponor
3354 3721 3451 3789 ('2).
3511 3718 3698 3774 Altior

2040 3809 2221 3865 etiam
2266 3809 2454 3868 multo
2495 3809 2587 3865 vel
2632 3811 2803 3881 jecur
2847 3810 2926 3866 ad
2979 3811 3182 3882 ipsum
3223 3809 3396 3865 dolor
3421 3812 3696 3881 penetrat

2040 3898 2187 3954 dum
2277 3900 2556 3956 cominus
2637 3900 3033 3972 contemplor,
3107 3899 3305 3972 qualis
3393 3897 3697 3953 malorum

2042 3987 2337 4061 colophon
2384 3989 2630 4046 misellae.
2682 3989 2901 4045 animae
2932 3989 3193 4057 insultet,
3235 3988 3433 4061 qualis
3484 4002 3676 4043 aerum

2043 4093 2257 4133 narum
2287 4079 2526 4135 coronis
2561 4079 2830 4151 pristinis
2861 4079 3036 4134 malis
3081 4081 3403 4143 accrescat,
3437 4075 3700 4149 denique

2044 4183 2232 4240 quam
2263 4169 2601 4240 perniciosa
2619 4168 2800 4224 rebus
2818 4168 2992 4234 meis,
3017 4166 3509 4239 infortunataque
3539 4181 3704 4220 sum-

2048 4273 2149 4312 ma
2169 4261 2512 4314 accesserit:
2529 4273 2662 4331 quae
2684 4258 2852 4327 mihi,
2873 4273 3104 4330 quaeso,
3120 4271 3302 4329 pmna
3314 4255 3442 4327 jam
3461 4254 3704 4326 gravior

2046 4346 2298 4417 irrogari
2323 4349 2562 4420 potest?

2122 4436 2226 4491 Hei
2276 4437 2460 4492 mihi!
2515 4437 2865 4494 charissime
2927 4436 3128 4507 frater,
3162 4434 3260 4490 hei
3290 4434 3475 4490 mihi!
3518 4447 3706 4502 quam

2049 4525 2260 4598 procul
2286 4543 2322 4583 a
2351 4526 2527 4583 nobis
2565 4526 2812 4582 dissitus
2844 4527 2943 4582 es!
2982 4541 3105 4582 non
3131 4528 3362 4597 quanto
3394 4527 3549 4579 certe
3579 4522 3711 4579 heri

2049 4616 2348 4672 nudiusve
2420 4617 2624 4673 tertius
2680 4616 2894 4688 spatio,
2978 4616 3267 4672 nimirum
3343 4614 3547 4686 aliquo
3612 4611 3712 4668 illo

2054 4705 2383 4777 chasmate,
2408 4705 2576 4779 quod
2607 4705 2894 4761 Graeciam
2926 4709 2982 4759 et
3005 4704 3348 4775 Bithyniam
3380 4701 3712 4772 interjacet,

2055 4795 2162 4850 sed
2207 4795 2398 4852 multo
2442 4796 2700 4852 vastiore
2726 4800 2783 4850 et
2807 4794 3163 4850 remotiore:
3206 4796 3440 4865 quanto
3492 4791 3717 4847 scilicet

2058 4886 2244 4941 Orcus
2292 4901 2328 4942 a
2359 4885 2689 4941 viventium
2737 4884 2981 4954 regione
3012 4883 3395 4954 disjungitur.
3443 4883 3565 4937 Heu
3617 4896 3717 4936 me

2059 4974 2350 5031 miserum
2380 4974 2392 5030 !
2425 4974 2592 5047 quod
2621 4974 2762 5030 hinc
2788 4973 2867 5029 ad
2888 4972 3298 5029 remotissima
3331 4971 3433 5026 illa
3470 4970 3605 5026 loca
3633 4969 3717 5025 sis

2061 5063 2386 5133 admissus,
2418 5081 2492 5121 ex
2528 5065 2752 5137 quibus
2781 5063 2950 5120 nulla
2996 5062 3226 5118 reditus
3279 5061 3357 5118 ad
3411 5076 3524 5116 nos
3581 5075 3721 5131 spes

2066 5152 2330 5223 effulget.
2373 5154 2550 5210 Omni
2575 5154 2755 5224 igitur
2784 5153 3187 5209 videndorum
3208 5151 3286 5207 de
3324 5155 3539 5206 cmtero
3570 5149 3721 5204 libe-

2061 5259 2270 5299 rorum
2313 5249 2576 5314 tuorum,
2618 5243 2713 5300 vel
2753 5243 2831 5299 ab
2870 5243 3023 5316 ipsis
3073 5241 3264 5298 videri
3327 5256 3456 5316 spe,
3512 5238 3720 5311 impri-

2133 5500 2212 5572 (2)
2253 5498 2350 5557 Ad
2377 5498 2536 5570 Tityi
2556 5497 2837 5569 fabulam
2861 5494 3111 5554 alludit.

3420 5705 3485 5757 12
