  <div class='ocr_page' id='page_1' title='image "/cluster/home/n/w/nwhite01/storage/ocr_20150623/140/nnc1.0046979905/193.png"; bbox 0 0 4480 6430; ppageno 0'>
   <div class='ocr_carea' id='block_1_1' title="bbox 841 403 945 459">
    <p class='ocr_par' dir='ltr' id='par_1_1' title="bbox 841 403 945 459">
     <span class='ocr_line' id='line_1_1' title="bbox 841 403 945 459; baseline 0 -1"><span class='ocrx_word' id='word_1_1' title='bbox 841 403 945 459; x_wconf 79' lang='lat'><strong><em>363</em></strong></span> 
     </span>
    </p>
   </div>
   <div class='ocr_carea' id='block_1_2' title="bbox 1702 385 3338 450">
    <p class='ocr_par' dir='ltr' id='par_1_2' title="bbox 1702 385 3338 450">
     <span class='ocr_line' id='line_1_2' title="bbox 1702 385 3338 450; baseline -0.001 0"><span class='ocrx_word' id='word_1_2' title='bbox 1702 390 2077 450; x_wconf 84' lang='lat' dir='ltr'><strong>MICHAELIS</strong></span> <span class='ocrx_word' id='word_1_3' title='bbox 2114 385 2503 445; x_wconf 75' lang='lat' dir='ltr'><strong>ACOMINATI</strong></span> <span class='ocrx_word' id='word_1_4' title='bbox 2541 386 2977 446; x_wconf 77' lang='lat' dir='ltr'><strong>ATHENABUM</strong></span> <span class='ocrx_word' id='word_1_5' title='bbox 3015 389 3338 448; x_wconf 83' lang='lat' dir='ltr'><strong>ARCHIEP.</strong></span> 
     </span>
    </p>
   </div>
   <div class='ocr_carea' id='block_1_3' title="bbox 4140 411 4244 465">
    <p class='ocr_par' dir='ltr' id='par_1_3' title="bbox 4140 411 4244 465">
     <span class='ocr_line' id='line_1_3' title="bbox 4140 411 4244 465; baseline 0 0"><span class='ocrx_word' id='word_1_6' title='bbox 4140 411 4244 465; x_wconf 71' lang='grc'>364</span> 
     </span>
    </p>
   </div>
   <div class='ocr_carea' id='block_1_4' title="bbox 840 512 4243 601">
    <p class='ocr_par' dir='ltr' id='par_1_4' title="bbox 840 512 4243 601">
     <span class='ocr_line' id='line_1_4' title="bbox 840 512 4243 601; baseline 0.002 -17"><span class='ocrx_word' id='word_1_7' title='bbox 840 528 1083 601; x_wconf 90' lang='lat' dir='ltr'><strong>misque</strong></span> <span class='ocrx_word' id='word_1_8' title='bbox 1131 522 1284 581; x_wconf 90' lang='lat' dir='ltr'><strong>adeo</strong></span> <span class='ocrx_word' id='word_1_9' title='bbox 1323 520 1543 579; x_wconf 83' lang='lat' dir='ltr'><strong>sororis</strong></span> <span class='ocrx_word' id='word_1_10' title='bbox 1586 517 1954 575; x_wconf 79' lang='lat' dir='ltr'><strong>charissima</strong></span> <span class='ocrx_word' id='word_1_11' title='bbox 1996 515 2356 571; x_wconf 89' lang='lat' dir='ltr'><strong>interclusus</strong></span> <span class='ocrx_word' id='word_1_12' title='bbox 2403 529 2486 570; x_wconf 84' lang='lat' dir='ltr'><strong>es.</strong></span> <span class='ocrx_word' id='word_1_13' title='bbox 2523 516 2570 569; x_wconf 80' lang='grc' dir='ltr'><strong>Α</strong></span> <span class='ocrx_word' id='word_1_14' title='bbox 2601 512 2717 569; x_wconf 88' lang='lat' dir='ltr'><strong>bus</strong></span> <span class='ocrx_word' id='word_1_15' title='bbox 2750 515 2974 573; x_wconf 85' lang='lat' dir='ltr'><strong>coierit.</strong></span> <span class='ocrx_word' id='word_1_16' title='bbox 3003 518 3176 583; x_wconf 83' lang='lat' dir='ltr'><strong>Quod</strong></span> <span class='ocrx_word' id='word_1_17' title='bbox 3203 519 3255 575; x_wconf 88' lang='lat' dir='ltr'><strong>si</strong></span> <span class='ocrx_word' id='word_1_18' title='bbox 3280 521 3417 593; x_wconf 88' lang='lat' dir='ltr'><strong>quis</strong></span> <span class='ocrx_word' id='word_1_19' title='bbox 3437 523 3672 599; x_wconf 85' lang='lat' dir='ltr'><strong>utrique</strong></span> <span class='ocrx_word' id='word_1_20' title='bbox 3701 526 3762 584; x_wconf 92' lang='lat' dir='ltr'><strong>in</strong></span> <span class='ocrx_word' id='word_1_21' title='bbox 3796 543 4120 589; x_wconf 86' lang='lat' dir='ltr'><strong>commune</strong></span> <span class='ocrx_word' id='word_1_22' title='bbox 4146 549 4243 590; x_wconf 87' lang='lat' dir='ltr'><strong>ca-</strong></span> 
     </span>
    </p>
   </div>
   <div class='ocr_carea' id='block_1_5' title="bbox 841 603 2492 686">
    <p class='ocr_par' dir='ltr' id='par_1_5' title="bbox 841 603 2492 686">
     <span class='ocr_line' id='line_1_5' title="bbox 841 603 2492 686; baseline -0.011 -11"><span class='ocrx_word' id='word_1_23' title='bbox 841 619 984 686; x_wconf 89' lang='lat' dir='ltr'><strong>Quis</strong></span> <span class='ocrx_word' id='word_1_24' title='bbox 1031 618 1148 673; x_wconf 92' lang='lat' dir='ltr'><strong>hoc</strong></span> <span class='ocrx_word' id='word_1_25' title='bbox 1189 613 1337 670; x_wconf 90' lang='lat' dir='ltr'><strong>mihi</strong></span> <span class='ocrx_word' id='word_1_26' title='bbox 1362 610 1603 677; x_wconf 78' lang='lat' dir='ltr'><strong>tribuat,</strong></span> <span class='ocrx_word' id='word_1_27' title='bbox 1633 612 1699 664; x_wconf 92' lang='lat' dir='ltr'><strong>ut</strong></span> <span class='ocrx_word' id='word_1_28' title='bbox 1735 611 1927 663; x_wconf 91' lang='lat' dir='ltr'><strong>morte</strong></span> <span class='ocrx_word' id='word_1_29' title='bbox 1970 620 2108 661; x_wconf 91' lang='lat' dir='ltr'><strong>mea</strong></span> <span class='ocrx_word' id='word_1_30' title='bbox 2158 604 2341 660; x_wconf 88' lang='lat' dir='ltr'><strong>vitam</strong></span> <span class='ocrx_word' id='word_1_31' title='bbox 2386 603 2492 658; x_wconf 89' lang='lat' dir='ltr'><strong>tibi</strong></span> 
     </span>
    </p>
   </div>
   <div class='ocr_carea' id='block_1_6' title="bbox 837 693 2490 774">
    <p class='ocr_par' dir='ltr' id='par_1_6' title="bbox 837 693 2490 774">
     <span class='ocr_line' id='line_1_6' title="bbox 837 693 2490 774; baseline -0.011 -9"><span class='ocrx_word' id='word_1_32' title='bbox 837 708 1232 774; x_wconf 88' lang='lat' dir='ltr'><strong>redimam,ut</strong></span> <span class='ocrx_word' id='word_1_33' title='bbox 1250 701 1468 757; x_wconf 85' lang='lat' dir='ltr'><strong>scilicet</strong></span> <span class='ocrx_word' id='word_1_34' title='bbox 1487 698 1635 755; x_wconf 90' lang='lat' dir='ltr'><strong>illud</strong></span> <span class='ocrx_word' id='word_1_35' title='bbox 1654 697 1854 769; x_wconf 88' lang='lat' dir='ltr'><strong>ipsum</strong></span> <span class='ocrx_word' id='word_1_36' title='bbox 1877 698 2158 768; x_wconf 86' lang='lat' dir='ltr'><strong>prastem</strong></span> <span class='ocrx_word' id='word_1_37' title='bbox 2174 693 2340 765; x_wconf 92' lang='lat' dir='ltr'><strong>quod</strong></span> <span class='ocrx_word' id='word_1_38' title='bbox 2364 698 2490 748; x_wconf 90' lang='lat' dir='ltr'><strong>tan-</strong></span> 
     </span>
    </p>
   </div>
   <div class='ocr_carea' id='block_1_7' title="bbox 840 782 2489 870">
    <p class='ocr_par' dir='ltr' id='par_1_7' title="bbox 840 782 2489 870">
     <span class='ocr_line' id='line_1_7' title="bbox 840 782 2489 870; baseline -0.01 -16"><span class='ocrx_word' id='word_1_39' title='bbox 840 812 1021 870; x_wconf 91' lang='lat' dir='ltr'><strong>opere</strong></span> <span class='ocrx_word' id='word_1_40' title='bbox 1058 793 1300 850; x_wconf 86' lang='lat' dir='ltr'><strong>divinus</strong></span> <span class='ocrx_word' id='word_1_41' title='bbox 1345 790 1440 845; x_wconf 91' lang='lat' dir='ltr'><strong>ille</strong></span> <span class='ocrx_word' id='word_1_42' title='bbox 1481 786 1736 843; x_wconf 85' lang='lat' dir='ltr'><strong>Davides</strong></span> <span class='ocrx_word' id='word_1_43' title='bbox 1782 783 2141 856; x_wconf 86' lang='lat' dir='ltr'><strong>expectabat</strong></span> <span class='ocrx_word' id='word_1_44' title='bbox 2159 785 2268 853; x_wconf 88' lang='lat'><strong>(3),</strong></span> <span class='ocrx_word' id='word_1_45' title='bbox 2306 782 2489 854; x_wconf 93' lang='lat' dir='ltr'><strong>idque</strong></span> 
     </span>
    </p>
   </div>
   <div class='ocr_carea' id='block_1_8' title="bbox 838 873 2484 950">
    <p class='ocr_par' dir='ltr' id='par_1_8' title="bbox 838 873 2484 950">
     <span class='ocr_line' id='line_1_8' title="bbox 838 873 2484 950; baseline -0.012 -6"><span class='ocrx_word' id='word_1_46' title='bbox 838 887 903 944; x_wconf 93' lang='lat' dir='ltr'><strong>in</strong></span> <span class='ocrx_word' id='word_1_47' title='bbox 967 883 1267 941; x_wconf 83' lang='lat' dir='ltr'><strong>Absalone</strong></span> <span class='ocrx_word' id='word_1_48' title='bbox 1304 879 1448 946; x_wconf 94' lang='lat' dir='ltr'><strong>ﬁlio,</strong></span> <span class='ocrx_word' id='word_1_49' title='bbox 1495 877 1600 950; x_wconf 87' lang='lat' dir='ltr'><strong>qui</strong></span> <span class='ocrx_word' id='word_1_50' title='bbox 1656 876 1718 931; x_wconf 92' lang='lat' dir='ltr'><strong>in</strong></span> <span class='ocrx_word' id='word_1_51' title='bbox 1765 889 1906 930; x_wconf 92' lang='lat' dir='ltr'><strong>eum</strong></span> <span class='ocrx_word' id='word_1_52' title='bbox 1957 873 2255 929; x_wconf 87' lang='lat' dir='ltr'><strong>violentus</strong></span> <span class='ocrx_word' id='word_1_53' title='bbox 2282 875 2484 931; x_wconf 87' lang='lat' dir='ltr'><strong>insur-</strong></span> 
     </span>
    </p>
   </div>
   <div class='ocr_carea' id='block_1_9' title="bbox 836 965 2052 1044">
    <p class='ocr_par' dir='ltr' id='par_1_9' title="bbox 836 965 2052 1044">
     <span class='ocr_line' id='line_1_9' title="bbox 836 965 2052 1044; baseline -0.008 -10"><span class='ocrx_word' id='word_1_54' title='bbox 836 979 1091 1041; x_wconf 81' lang='lat' dir='ltr'><strong>rexerat,</strong></span> <span class='ocrx_word' id='word_1_55' title='bbox 1120 973 1369 1044; x_wconf 89' lang='lat' dir='ltr'><strong>ejusque</strong></span> <span class='ocrx_word' id='word_1_56' title='bbox 1390 969 1522 1025; x_wconf 87' lang='lat' dir='ltr'><strong>vita</strong></span> <span class='ocrx_word' id='word_1_57' title='bbox 1547 965 1863 1025; x_wconf 86' lang='lat' dir='ltr'><strong>insidiatus</strong></span> <span class='ocrx_word' id='word_1_58' title='bbox 1889 971 2052 1026; x_wconf 77' lang='lat' dir='ltr'><strong>erat?</strong></span> 
     </span>
    </p>
   </div>
   <div class='ocr_carea' id='block_1_10' title="bbox 910 1058 2485 1133">
    <p class='ocr_par' dir='ltr' id='par_1_10' title="bbox 910 1058 2485 1133">
     <span class='ocr_line' id='line_1_10' title="bbox 910 1058 2485 1133; baseline -0.007 -10"><span class='ocrx_word' id='word_1_59' title='bbox 910 1064 1084 1132; x_wconf 86' lang='lat' dir='ltr'><strong>Quod</strong></span> <span class='ocrx_word' id='word_1_60' title='bbox 1140 1064 1189 1119; x_wconf 88' lang='lat' dir='ltr'><strong>si</strong></span> <span class='ocrx_word' id='word_1_61' title='bbox 1243 1060 1338 1117; x_wconf 87' lang='lat' dir='ltr'><strong>ille</strong></span> <span class='ocrx_word' id='word_1_62' title='bbox 1395 1059 1701 1132; x_wconf 84' lang='lat' dir='ltr'><strong>propriam</strong></span> <span class='ocrx_word' id='word_1_63' title='bbox 1757 1061 1945 1116; x_wconf 81' lang='lat' dir='ltr'><strong>vitam</strong></span> <span class='ocrx_word' id='word_1_64' title='bbox 1971 1058 2332 1133; x_wconf 83' lang='lat' dir='ltr'><strong>profundere</strong></span> <span class='ocrx_word' id='word_1_65' title='bbox 2363 1073 2485 1113; x_wconf 91' lang='lat' dir='ltr'><strong>non</strong></span> 
     </span>
    </p>
   </div>
   <div class='ocr_carea' id='block_1_11' title="bbox 837 1147 2487 1221">
    <p class='ocr_par' dir='ltr' id='par_1_11' title="bbox 837 1147 2487 1221">
     <span class='ocr_line' id='line_1_11' title="bbox 837 1147 2487 1221; baseline -0.009 -6"><span class='ocrx_word' id='word_1_66' title='bbox 837 1149 1461 1221; x_wconf 89' lang='lat' dir='ltr'><strong>detrectaverit,modo</strong></span> <span class='ocrx_word' id='word_1_67' title='bbox 1490 1149 1682 1205; x_wconf 89' lang='lat' dir='ltr'><strong>ﬁlium</strong></span> <span class='ocrx_word' id='word_1_68' title='bbox 1710 1150 1982 1205; x_wconf 90' lang='lat' dir='ltr'><strong>moribus</strong></span> <span class='ocrx_word' id='word_1_69' title='bbox 2008 1155 2130 1205; x_wconf 91' lang='lat' dir='ltr'><strong>tam</strong></span> <span class='ocrx_word' id='word_1_70' title='bbox 2162 1147 2487 1220; x_wconf 82' lang='lat' dir='ltr'><strong>deploratis</strong></span> 
     </span>
    </p>
   </div>
   <div class='ocr_carea' id='block_1_12' title="bbox 836 1237 2487 1311">
    <p class='ocr_par' dir='ltr' id='par_1_12' title="bbox 836 1237 2487 1311">
     <span class='ocr_line' id='line_1_12' title="bbox 836 1237 2487 1311; baseline -0.008 -8"><span class='ocrx_word' id='word_1_71' title='bbox 836 1247 1126 1303; x_wconf 86' lang='lat' dir='ltr'><strong>infamem</strong></span> <span class='ocrx_word' id='word_1_72' title='bbox 1153 1258 1190 1298; x_wconf 93' lang='lat' dir='ltr'><strong>a</strong></span> <span class='ocrx_word' id='word_1_73' title='bbox 1218 1243 1409 1296; x_wconf 88' lang='lat' dir='ltr'><strong>morte</strong></span> <span class='ocrx_word' id='word_1_74' title='bbox 1439 1243 1755 1307; x_wconf 88' lang='lat' dir='ltr'><strong>assereret,</strong></span> <span class='ocrx_word' id='word_1_75' title='bbox 1787 1239 1891 1311; x_wconf 90' lang='lat' dir='ltr'><strong>qui</strong></span> <span class='ocrx_word' id='word_1_76' title='bbox 1921 1255 2044 1295; x_wconf 91' lang='lat' dir='ltr'><strong>non</strong></span> <span class='ocrx_word' id='word_1_77' title='bbox 2073 1243 2131 1294; x_wconf 89' lang='lat' dir='ltr'><strong>et</strong></span> <span class='ocrx_word' id='word_1_78' title='bbox 2170 1239 2298 1310; x_wconf 93' lang='lat' dir='ltr'><strong>ipse</strong></span> <span class='ocrx_word' id='word_1_79' title='bbox 2338 1237 2487 1293; x_wconf 90' lang='lat' dir='ltr'><strong>votis</strong></span> 
     </span>
    </p>
   </div>
   <div class='ocr_carea' id='block_1_13' title="bbox 837 1326 2489 1392">
    <p class='ocr_par' dir='ltr' id='par_1_13' title="bbox 837 1326 2489 1392">
     <span class='ocr_line' id='line_1_13' title="bbox 837 1326 2489 1392; baseline -0.008 0"><span class='ocrx_word' id='word_1_80' title='bbox 837 1333 1124 1392; x_wconf 92' lang='lat' dir='ltr'><strong>omnibus</strong></span> <span class='ocrx_word' id='word_1_81' title='bbox 1153 1329 1398 1386; x_wconf 90' lang='lat' dir='ltr'><strong>nomine</strong></span> <span class='ocrx_word' id='word_1_82' title='bbox 1418 1330 1520 1382; x_wconf 92' lang='lat' dir='ltr'><strong>tuo</strong></span> <span class='ocrx_word' id='word_1_83' title='bbox 1545 1326 1760 1382; x_wconf 91' lang='lat' dir='ltr'><strong>lubens</strong></span> <span class='ocrx_word' id='word_1_84' title='bbox 1785 1327 1973 1383; x_wconf 90' lang='lat' dir='ltr'><strong>vitam</strong></span> <span class='ocrx_word' id='word_1_85' title='bbox 1998 1331 2191 1384; x_wconf 89' lang='lat' dir='ltr'><strong>morte</strong></span> <span class='ocrx_word' id='word_1_86' title='bbox 2218 1342 2489 1382; x_wconf 90' lang='lat' dir='ltr'><strong>commu-</strong></span> 
     </span>
    </p>
   </div>
   <div class='ocr_carea' id='block_1_14' title="bbox 835 1416 2489 1495">
    <p class='ocr_par' dir='ltr' id='par_1_14' title="bbox 835 1416 2489 1495">
     <span class='ocr_line' id='line_1_14' title="bbox 835 1416 2489 1495; baseline -0.006 -15"><span class='ocrx_word' id='word_1_87' title='bbox 835 1428 962 1480; x_wconf 89' lang='lat' dir='ltr'><strong>tare</strong></span> <span class='ocrx_word' id='word_1_88' title='bbox 1010 1419 1384 1495; x_wconf 90' lang='lat' dir='ltr'><strong>percupiam,</strong></span> <span class='ocrx_word' id='word_1_89' title='bbox 1434 1431 1573 1472; x_wconf 90' lang='lat' dir='ltr'><strong>cum</strong></span> <span class='ocrx_word' id='word_1_90' title='bbox 1618 1420 1949 1488; x_wconf 80' lang='lat' dir='ltr'><strong>praesertim</strong></span> <span class='ocrx_word' id='word_1_91' title='bbox 1991 1416 2141 1473; x_wconf 90' lang='lat' dir='ltr'><strong>mihi</strong></span> <span class='ocrx_word' id='word_1_92' title='bbox 2178 1416 2258 1470; x_wconf 88' lang='lat' dir='ltr'><strong>sis</strong></span> <span class='ocrx_word' id='word_1_93' title='bbox 2288 1416 2489 1484; x_wconf 86' lang='lat' dir='ltr'><strong>frater,</strong></span> 
     </span>
    </p>
   </div>
   <div class='ocr_carea' id='block_1_15' title="bbox 834 1505 2487 1582">
    <p class='ocr_par' dir='ltr' id='par_1_15' title="bbox 834 1505 2487 1582">
     <span class='ocr_line' id='line_1_15' title="bbox 834 1505 2487 1582; baseline -0.006 -12"><span class='ocrx_word' id='word_1_94' title='bbox 834 1512 1232 1582; x_wconf 90' lang='lat' dir='ltr'><strong>omniumque</strong></span> <span class='ocrx_word' id='word_1_95' title='bbox 1296 1505 1451 1562; x_wconf 90' lang='lat' dir='ltr'><strong>adeo</strong></span> <span class='ocrx_word' id='word_1_96' title='bbox 1507 1505 1759 1561; x_wconf 81' lang='lat' dir='ltr'><strong>fratrum</strong></span> <span class='ocrx_word' id='word_1_97' title='bbox 1826 1505 2006 1576; x_wconf 91' lang='lat' dir='ltr'><strong>longe</strong></span> <span class='ocrx_word' id='word_1_98' title='bbox 2068 1506 2487 1567; x_wconf 89' lang='lat' dir='ltr'><strong>charissimus&#39;,</strong></span> 
     </span>
    </p>
   </div>
   <div class='ocr_carea' id='block_1_16' title="bbox 834 1593 2489 1675">
    <p class='ocr_par' dir='ltr' id='par_1_16' title="bbox 834 1593 2489 1675">
     <span class='ocr_line' id='line_1_16' title="bbox 834 1593 2489 1675; baseline -0.005 -17"><span class='ocrx_word' id='word_1_99' title='bbox 834 1599 1117 1675; x_wconf 89' lang='lat' dir='ltr'><strong>quamvis</strong></span> <span class='ocrx_word' id='word_1_100' title='bbox 1139 1598 1188 1653; x_wconf 94' lang='lat' dir='ltr'><strong>si</strong></span> <span class='ocrx_word' id='word_1_101' title='bbox 1214 1594 1544 1666; x_wconf 89' lang='lat' dir='ltr'><strong>disciplina</strong></span> <span class='ocrx_word' id='word_1_102' title='bbox 1574 1594 1648 1648; x_wconf 91' lang='lat' dir='ltr'><strong>sit</strong></span> <span class='ocrx_word' id='word_1_103' title='bbox 1676 1593 1959 1650; x_wconf 90' lang='lat' dir='ltr'><strong>habenda</strong></span> <span class='ocrx_word' id='word_1_104' title='bbox 1987 1595 2159 1662; x_wconf 83' lang='lat' dir='ltr'><strong>ratio,</strong></span> <span class='ocrx_word' id='word_1_105' title='bbox 2192 1611 2227 1650; x_wconf 93' lang='lat' dir='ltr'><strong>a</strong></span> <span class='ocrx_word' id='word_1_106' title='bbox 2255 1611 2350 1650; x_wconf 90' lang='lat' dir='ltr'><strong>me</strong></span> <span class='ocrx_word' id='word_1_107' title='bbox 2383 1611 2489 1667; x_wconf 89' lang='lat' dir='ltr'><strong>per</strong></span> 
     </span>
    </p>
   </div>
   <div class='ocr_carea' id='block_1_17' title="bbox 831 1681 2486 1757">
    <p class='ocr_par' dir='ltr' id='par_1_17' title="bbox 831 1681 2486 1757">
     <span class='ocr_line' id='line_1_17' title="bbox 831 1681 2486 1757; baseline -0.005 -9"><span class='ocrx_word' id='word_1_108' title='bbox 831 1691 1075 1748; x_wconf 88' lang='lat' dir='ltr'><strong>alterius</strong></span> <span class='ocrx_word' id='word_1_109' title='bbox 1133 1684 1454 1756; x_wconf 88' lang='lat' dir='ltr'><strong>cujusdam</strong></span> <span class='ocrx_word' id='word_1_110' title='bbox 1516 1681 1863 1754; x_wconf 87' lang='lat' dir='ltr'><strong>multiplicis</strong></span> <span class='ocrx_word' id='word_1_111' title='bbox 1915 1683 2160 1739; x_wconf 81' lang='lat' dir='ltr'><strong>habitus</strong></span> <span class='ocrx_word' id='word_1_112' title='bbox 2193 1688 2486 1757; x_wconf 84' lang='lat' dir='ltr'><strong>tempera-</strong></span> 
     </span>
    </p>
   </div>
   <div class='ocr_carea' id='block_1_18' title="bbox 829 1771 2483 1848">
    <p class='ocr_par' dir='ltr' id='par_1_18' title="bbox 829 1771 2483 1848">
     <span class='ocr_line' id='line_1_18' title="bbox 829 1771 2483 1848; baseline -0.005 -10"><span class='ocrx_word' id='word_1_113' title='bbox 829 1784 1105 1839; x_wconf 89' lang='lat' dir='ltr'><strong>mentum</strong></span> <span class='ocrx_word' id='word_1_114' title='bbox 1138 1773 1488 1848; x_wconf 89' lang='lat' dir='ltr'><strong>progenitus</strong></span> <span class='ocrx_word' id='word_1_115' title='bbox 1519 1771 1814 1828; x_wconf 86' lang='lat' dir='ltr'><strong>videaris?</strong></span> <span class='ocrx_word' id='word_1_116' title='bbox 1833 1772 2030 1828; x_wconf 85' lang='lat' dir='ltr'><strong>Ambo</strong></span> <span class='ocrx_word' id='word_1_117' title='bbox 2055 1773 2302 1844; x_wconf 89' lang='lat' dir='ltr'><strong>quidem</strong></span> <span class='ocrx_word' id='word_1_118' title='bbox 2327 1780 2483 1830; x_wconf 89' lang='lat' dir='ltr'><strong>certe</strong></span> 
     </span>
    </p>
   </div>
   <div class='ocr_carea' id='block_1_19' title="bbox 829 1861 2482 1936">
    <p class='ocr_par' dir='ltr' id='par_1_19' title="bbox 829 1861 2482 1936">
     <span class='ocr_line' id='line_1_19' title="bbox 829 1861 2482 1936; baseline -0.005 -9"><span class='ocrx_word' id='word_1_119' title='bbox 829 1888 904 1928; x_wconf 88' lang='lat' dir='ltr'><strong>ex</strong></span> <span class='ocrx_word' id='word_1_120' title='bbox 958 1867 1236 1936; x_wconf 88' lang='lat' dir='ltr'><strong>ejusdem</strong></span> <span class='ocrx_word' id='word_1_121' title='bbox 1283 1863 1470 1936; x_wconf 90' lang='lat' dir='ltr'><strong>patris</strong></span> <span class='ocrx_word' id='word_1_122' title='bbox 1529 1861 1778 1930; x_wconf 90' lang='lat' dir='ltr'><strong>semine,</strong></span> <span class='ocrx_word' id='word_1_123' title='bbox 1824 1862 2218 1936; x_wconf 88' lang='lat' dir='ltr'><strong>ejusdemque</strong></span> <span class='ocrx_word' id='word_1_124' title='bbox 2273 1864 2482 1919; x_wconf 89' lang='lat' dir='ltr'><strong>matris</strong></span> 
     </span>
    </p>
   </div>
   <div class='ocr_carea' id='block_1_20' title="bbox 827 1951 2483 2030">
    <p class='ocr_par' dir='ltr' id='par_1_20' title="bbox 827 1951 2483 2030">
     <span class='ocr_line' id='line_1_20' title="bbox 827 1951 2483 2030; baseline -0.005 -14"><span class='ocrx_word' id='word_1_125' title='bbox 827 1958 1122 2030; x_wconf 79' lang='lat' dir='ltr'><strong>sanguine</strong></span> <span class='ocrx_word' id='word_1_126' title='bbox 1145 1958 1343 2012; x_wconf 90' lang='lat' dir='ltr'><strong>ortum</strong></span> <span class='ocrx_word' id='word_1_127' title='bbox 1354 1951 1677 2009; x_wconf 91' lang='lat' dir='ltr'><strong>habuimus</strong></span> <span class='ocrx_word' id='word_1_128' title='bbox 1693 1967 1706 2006; x_wconf 94' lang='lat'><strong>:</strong></span> <span class='ocrx_word' id='word_1_129' title='bbox 1725 1955 1994 2024; x_wconf 90' lang='lat' dir='ltr'><strong>natuque</strong></span> <span class='ocrx_word' id='word_1_130' title='bbox 2011 1951 2164 2008; x_wconf 89' lang='lat' dir='ltr'><strong>adeo</strong></span> <span class='ocrx_word' id='word_1_131' title='bbox 2176 1953 2483 2009; x_wconf 89' lang='lat' dir='ltr'><strong>maximus</strong></span> 
     </span>
    </p>
   </div>
   <div class='ocr_carea' id='block_1_21' title="bbox 826 2041 2480 2124">
    <p class='ocr_par' dir='ltr' id='par_1_21' title="bbox 826 2041 2480 2124">
     <span class='ocr_line' id='line_1_21' title="bbox 826 2041 2480 2124; baseline -0.005 -16"><span class='ocrx_word' id='word_1_132' title='bbox 826 2067 940 2124; x_wconf 92' lang='lat' dir='ltr'><strong>ego</strong></span> <span class='ocrx_word' id='word_1_133' title='bbox 969 2044 1292 2105; x_wconf 89' lang='lat' dir='ltr'><strong>nativitatis</strong></span> <span class='ocrx_word' id='word_1_134' title='bbox 1323 2042 1528 2098; x_wconf 91' lang='lat' dir='ltr'><strong>limine</strong></span> <span class='ocrx_word' id='word_1_135' title='bbox 1559 2041 1778 2113; x_wconf 92' lang='lat' dir='ltr'><strong>pedem</strong></span> <span class='ocrx_word' id='word_1_136' title='bbox 1808 2041 1972 2113; x_wconf 90' lang='lat' dir='ltr'><strong>prior</strong></span> <span class='ocrx_word' id='word_1_137' title='bbox 2002 2042 2202 2111; x_wconf 83' lang='lat' dir='ltr'><strong>extuli,</strong></span> <span class='ocrx_word' id='word_1_138' title='bbox 2238 2045 2342 2116; x_wconf 91' lang='lat' dir='ltr'><strong>qui</strong></span> <span class='ocrx_word' id='word_1_139' title='bbox 2375 2044 2480 2100; x_wconf 91' lang='lat' dir='ltr'><strong>uti-</strong></span> 
     </span>
    </p>
   </div>
   <div class='ocr_carea' id='block_1_22' title="bbox 823 2129 2481 2207">
    <p class='ocr_par' dir='ltr' id='par_1_22' title="bbox 823 2129 2481 2207">
     <span class='ocr_line' id='line_1_22' title="bbox 823 2129 2481 2207; baseline -0.005 -9"><span class='ocrx_word' id='word_1_140' title='bbox 823 2156 974 2198; x_wconf 91' lang='lat' dir='ltr'><strong>nam</strong></span> <span class='ocrx_word' id='word_1_141' title='bbox 996 2135 1192 2194; x_wconf 91' lang='lat' dir='ltr'><strong>limini</strong></span> <span class='ocrx_word' id='word_1_142' title='bbox 1209 2147 1454 2207; x_wconf 91' lang='lat' dir='ltr'><strong>quoque</strong></span> <span class='ocrx_word' id='word_1_143' title='bbox 1469 2130 1677 2188; x_wconf 88' lang='lat' dir='ltr'><strong>mortis</strong></span> <span class='ocrx_word' id='word_1_144' title='bbox 1699 2129 1863 2203; x_wconf 89' lang='lat' dir='ltr'><strong>prior</strong></span> <span class='ocrx_word' id='word_1_145' title='bbox 1874 2131 2228 2200; x_wconf 89' lang='lat' dir='ltr'><strong>intulissem,</strong></span> <span class='ocrx_word' id='word_1_146' title='bbox 2274 2134 2481 2207; x_wconf 89' lang='lat' dir='ltr'><strong>sicque</strong></span> 
     </span>
    </p>
   </div>
   <div class='ocr_carea' id='block_1_23' title="bbox 825 2219 2480 2295">
    <p class='ocr_par' dir='ltr' id='par_1_23' title="bbox 825 2219 2480 2295">
     <span class='ocr_line' id='line_1_23' title="bbox 825 2219 2480 2295; baseline -0.005 -7"><span class='ocrx_word' id='word_1_147' title='bbox 825 2232 1036 2288; x_wconf 88' lang='lat' dir='ltr'><strong>fratres</strong></span> <span class='ocrx_word' id='word_1_148' title='bbox 1080 2225 1230 2282; x_wconf 90' lang='lat' dir='ltr'><strong>alios</strong></span> <span class='ocrx_word' id='word_1_149' title='bbox 1259 2226 1553 2295; x_wconf 90' lang='lat' dir='ltr'><strong>tanquam</strong></span> <span class='ocrx_word' id='word_1_150' title='bbox 1583 2236 1656 2277; x_wconf 81' lang='lat' dir='ltr'><strong>ex</strong></span> <span class='ocrx_word' id='word_1_151' title='bbox 1684 2219 1888 2277; x_wconf 90' lang='lat' dir='ltr'><strong>multis</strong></span> <span class='ocrx_word' id='word_1_152' title='bbox 1917 2237 2077 2278; x_wconf 90' lang='lat' dir='ltr'><strong>unus</strong></span> <span class='ocrx_word' id='word_1_153' title='bbox 2117 2222 2480 2281; x_wconf 89' lang='lat' dir='ltr'><strong>subsecutus</strong></span> 
     </span>
    </p>
   </div>
   <div class='ocr_carea' id='block_1_24' title="bbox 823 2315 1113 2378">
    <p class='ocr_par' dir='ltr' id='par_1_24' title="bbox 823 2315 1113 2378">
     <span class='ocr_line' id='line_1_24' title="bbox 823 2315 1113 2378; baseline -0.024 0"><span class='ocrx_word' id='word_1_154' title='bbox 823 2321 1076 2378; x_wconf 88' lang='lat' dir='ltr'><strong>fuissem</strong></span> <span class='ocrx_word' id='word_1_155' title='bbox 1101 2315 1113 2371; x_wconf 86' lang='lat' dir='ltr'><strong>l</strong></span> 
     </span>
    </p>
   </div>
   <div class='ocr_carea' id='block_1_25' title="bbox 898 2400 2481 2475">
    <p class='ocr_par' dir='ltr' id='par_1_25' title="bbox 898 2400 2481 2475">
     <span class='ocr_line' id='line_1_25' title="bbox 898 2400 2481 2475; baseline -0.001 -11"><span class='ocrx_word' id='word_1_156' title='bbox 898 2411 1190 2469; x_wconf 77' lang='lat' dir='ltr'><strong>Caeterum</strong></span> <span class='ocrx_word' id='word_1_157' title='bbox 1215 2419 1356 2460; x_wconf 93' lang='lat' dir='ltr'><strong>cum</strong></span> <span class='ocrx_word' id='word_1_158' title='bbox 1385 2405 1576 2475; x_wconf 90' lang='lat' dir='ltr'><strong>pater,</strong></span> <span class='ocrx_word' id='word_1_159' title='bbox 1603 2400 1896 2457; x_wconf 89' lang='lat' dir='ltr'><strong>librorum</strong></span> <span class='ocrx_word' id='word_1_160' title='bbox 1919 2403 2091 2473; x_wconf 85' lang='lat' dir='ltr'><strong>juxta</strong></span> <span class='ocrx_word' id='word_1_161' title='bbox 2120 2403 2481 2463; x_wconf 86' lang='lat' dir='ltr'><strong>liberorum-</strong></span> 
     </span>
    </p>
   </div>
   <div class='ocr_carea' id='block_1_26' title="bbox 825 2492 2482 2574">
    <p class='ocr_par' dir='ltr' id='par_1_26' title="bbox 825 2492 2482 2574">
     <span class='ocr_line' id='line_1_26' title="bbox 825 2492 2482 2574; baseline -0.002 -18"><span class='ocrx_word' id='word_1_162' title='bbox 825 2516 944 2574; x_wconf 90' lang='lat' dir='ltr'><strong>que</strong></span> <span class='ocrx_word' id='word_1_163' title='bbox 988 2493 1466 2563; x_wconf 89' lang='lat' dir='ltr'><strong>amantissimus,</strong></span> <span class='ocrx_word' id='word_1_164' title='bbox 1507 2508 1581 2548; x_wconf 87' lang='lat' dir='ltr'><strong>ex</strong></span> <span class='ocrx_word' id='word_1_165' title='bbox 1625 2492 1765 2548; x_wconf 82' lang='lat' dir='ltr'><strong>Asia</strong></span> <span class='ocrx_word' id='word_1_166' title='bbox 1818 2494 2166 2565; x_wconf 86' lang='lat' dir='ltr'><strong>Byzantium</strong></span> <span class='ocrx_word' id='word_1_167' title='bbox 2209 2495 2482 2554; x_wconf 85' lang='lat' dir='ltr'><strong>discendi</strong></span> 
     </span>
    </p>
   </div>
   <div class='ocr_carea' id='block_1_27' title="bbox 826 2583 2482 2661">
    <p class='ocr_par' dir='ltr' id='par_1_27' title="bbox 826 2583 2482 2661">
     <span class='ocr_line' id='line_1_27' title="bbox 826 2583 2482 2661; baseline -0.002 -15"><span class='ocrx_word' id='word_1_168' title='bbox 826 2588 1018 2661; x_wconf 90' lang='lat' dir='ltr'><strong>gratia</strong></span> <span class='ocrx_word' id='word_1_169' title='bbox 1046 2583 1404 2643; x_wconf 84' lang='lat' dir='ltr'><strong>adduxisset</strong></span> <span class='ocrx_word' id='word_1_170' title='bbox 1442 2597 1566 2654; x_wconf 92' lang='lat' dir='ltr'><strong>quo</strong></span> <span class='ocrx_word' id='word_1_171' title='bbox 1596 2585 1864 2656; x_wconf 90' lang='lat' dir='ltr'><strong>tempore</strong></span> <span class='ocrx_word' id='word_1_172' title='bbox 1906 2583 2240 2655; x_wconf 85' lang='lat' dir='ltr'><strong>pubertatis</strong></span> <span class='ocrx_word' id='word_1_173' title='bbox 2287 2601 2482 2643; x_wconf 89' lang='lat' dir='ltr'><strong>annos</strong></span> 
     </span>
    </p>
   </div>
   <div class='ocr_carea' id='block_1_28' title="bbox 828 2671 2482 2747">
    <p class='ocr_par' dir='ltr' id='par_1_28' title="bbox 828 2671 2482 2747">
     <span class='ocr_line' id='line_1_28' title="bbox 828 2671 2482 2747; baseline -0.002 -11"><span class='ocrx_word' id='word_1_174' title='bbox 828 2675 1204 2747; x_wconf 89' lang='lat' dir='ltr'><strong>attingebam</strong></span> <span class='ocrx_word' id='word_1_175' title='bbox 1257 2671 1560 2741; x_wconf 83' lang='lat' dir='ltr'><strong>magistris</strong></span> <span class='ocrx_word' id='word_1_176' title='bbox 1609 2672 1829 2728; x_wconf 89' lang='lat' dir='ltr'><strong>artium</strong></span> <span class='ocrx_word' id='word_1_177' title='bbox 1875 2672 2235 2745; x_wconf 89' lang='lat' dir='ltr'><strong>liberalium,</strong></span> <span class='ocrx_word' id='word_1_178' title='bbox 2299 2685 2354 2732; x_wconf 91' lang='lat' dir='ltr'><strong>et</strong></span> <span class='ocrx_word' id='word_1_179' title='bbox 2400 2678 2482 2732; x_wconf 81' lang='lat' dir='ltr'><strong>vi-</strong></span> 
     </span>
    </p>
   </div>
   <div class='ocr_carea' id='block_1_29' title="bbox 822 2760 2484 2836">
    <p class='ocr_par' dir='ltr' id='par_1_29' title="bbox 822 2760 2484 2836">
     <span class='ocr_line' id='line_1_29' title="bbox 822 2760 2484 2836; baseline -0.002 -12"><span class='ocrx_word' id='word_1_180' title='bbox 822 2760 1504 2836; x_wconf 86' lang='lat' dir='ltr'><strong>vendipraceptoribus</strong></span> <span class='ocrx_word' id='word_1_181' title='bbox 1555 2761 1703 2832; x_wconf 92' lang='lat' dir='ltr'><strong>(jam</strong></span> <span class='ocrx_word' id='word_1_182' title='bbox 1756 2762 1916 2818; x_wconf 92' lang='lat' dir='ltr'><strong>enim</strong></span> <span class='ocrx_word' id='word_1_183' title='bbox 1960 2765 2345 2832; x_wconf 89' lang='lat' dir='ltr'><strong>grmmatices</strong></span> <span class='ocrx_word' id='word_1_184' title='bbox 2375 2767 2484 2822; x_wconf 90' lang='lat' dir='ltr'><strong>uti-</strong></span> 
     </span>
    </p>
   </div>
   <div class='ocr_carea' id='block_1_30' title="bbox 825 2851 2484 2929">
    <p class='ocr_par' dir='ltr' id='par_1_30' title="bbox 825 2851 2484 2929">
     <span class='ocr_line' id='line_1_30' title="bbox 825 2851 2484 2929; baseline -0.002 -15"><span class='ocrx_word' id='word_1_185' title='bbox 825 2858 1022 2929; x_wconf 91' lang='lat' dir='ltr'><strong>lisque</strong></span> <span class='ocrx_word' id='word_1_186' title='bbox 1046 2868 1331 2909; x_wconf 86' lang='lat' dir='ltr'><strong>versuum</strong></span> <span class='ocrx_word' id='word_1_187' title='bbox 1363 2851 1927 2922; x_wconf 88' lang='lat' dir='ltr'><strong>componendorum</strong></span> <span class='ocrx_word' id='word_1_188' title='bbox 1966 2853 2239 2909; x_wconf 90' lang='lat' dir='ltr'><strong>methodi</strong></span> <span class='ocrx_word' id='word_1_189' title='bbox 2269 2854 2484 2912; x_wconf 86' lang='lat' dir='ltr'><strong>funda-</strong></span> 
     </span>
    </p>
   </div>
   <div class='ocr_carea' id='block_1_31' title="bbox 825 2940 2485 3015">
    <p class='ocr_par' dir='ltr' id='par_1_31' title="bbox 825 2940 2485 3015">
     <span class='ocr_line' id='line_1_31' title="bbox 825 2940 2485 3015; baseline -0.001 -11"><span class='ocrx_word' id='word_1_190' title='bbox 825 2949 1034 3004; x_wconf 90' lang='lat' dir='ltr'><strong>menta</strong></span> <span class='ocrx_word' id='word_1_191' title='bbox 1073 2941 1364 3015; x_wconf 86' lang='lat' dir='ltr'><strong>jeceram)</strong></span> <span class='ocrx_word' id='word_1_192' title='bbox 1409 2941 1471 2995; x_wconf 92' lang='lat' dir='ltr'><strong>in</strong></span> <span class='ocrx_word' id='word_1_193' title='bbox 1527 2940 1911 3014; x_wconf 90' lang='lat' dir='ltr'><strong>disciplinam</strong></span> <span class='ocrx_word' id='word_1_194' title='bbox 1958 2944 2221 2999; x_wconf 87' lang='lat' dir='ltr'><strong>tradidit.</strong></span> <span class='ocrx_word' id='word_1_195' title='bbox 2271 2947 2485 3004; x_wconf 88' lang='lat' dir='ltr'><strong>Postea</strong></span> 
     </span>
    </p>
   </div>
   <div class='ocr_carea' id='block_1_32' title="bbox 829 3028 2481 3106">
    <p class='ocr_par' dir='ltr' id='par_1_32' title="bbox 829 3028 2481 3106">
     <span class='ocr_line' id='line_1_32' title="bbox 829 3028 2481 3106; baseline -0.001 -12"><span class='ocrx_word' id='word_1_196' title='bbox 829 3051 971 3095; x_wconf 93' lang='lat' dir='ltr'><strong>cum</strong></span> <span class='ocrx_word' id='word_1_197' title='bbox 1018 3033 1103 3090; x_wconf 87' lang='lat' dir='ltr'><strong>ibi</strong></span> <span class='ocrx_word' id='word_1_198' title='bbox 1148 3029 1350 3103; x_wconf 88' lang='lat' dir='ltr'><strong>agenti</strong></span> <span class='ocrx_word' id='word_1_199' title='bbox 1400 3028 1659 3086; x_wconf 91' lang='lat' dir='ltr'><strong>multum</strong></span> <span class='ocrx_word' id='word_1_200' title='bbox 1706 3032 1993 3103; x_wconf 90' lang='lat' dir='ltr'><strong>temporis</strong></span> <span class='ocrx_word' id='word_1_201' title='bbox 2036 3032 2481 3106; x_wconf 85' lang='lat' dir='ltr'><strong>interﬂuxisset,</strong></span> 
     </span>
    </p>
   </div>
   <div class='ocr_carea' id='block_1_33' title="bbox 826 3118 2486 3197">
    <p class='ocr_par' dir='ltr' id='par_1_33' title="bbox 826 3118 2486 3197">
     <span class='ocr_line' id='line_1_33' title="bbox 826 3118 2486 3197; baseline -0.001 -14"><span class='ocrx_word' id='word_1_202' title='bbox 826 3126 999 3184; x_wconf 90' lang='lat' dir='ltr'><strong>illum</strong></span> <span class='ocrx_word' id='word_1_203' title='bbox 1032 3136 1278 3196; x_wconf 90' lang='lat' dir='ltr'><strong>quoque</strong></span> <span class='ocrx_word' id='word_1_204' title='bbox 1303 3118 1451 3176; x_wconf 90' lang='lat' dir='ltr'><strong>mihi</strong></span> <span class='ocrx_word' id='word_1_205' title='bbox 1485 3134 1677 3175; x_wconf 88' lang='lat' dir='ltr'><strong>annos</strong></span> <span class='ocrx_word' id='word_1_206' title='bbox 1711 3120 1791 3176; x_wconf 92' lang='lat' dir='ltr'><strong>ad</strong></span> <span class='ocrx_word' id='word_1_207' title='bbox 1823 3135 2044 3177; x_wconf 92' lang='lat' dir='ltr'><strong>novem</strong></span> <span class='ocrx_word' id='word_1_208' title='bbox 2071 3127 2281 3180; x_wconf 89' lang='lat' dir='ltr'><strong>natum</strong></span> <span class='ocrx_word' id='word_1_209' title='bbox 2317 3130 2486 3197; x_wconf 83' lang='lat' dir='ltr'><strong>pater</strong></span> 
     </span>
    </p>
   </div>
   <div class='ocr_carea' id='block_1_34' title="bbox 827 3209 2483 3282">
    <p class='ocr_par' dir='ltr' id='par_1_34' title="bbox 827 3209 2483 3282">
     <span class='ocr_line' id='line_1_34' title="bbox 827 3209 2483 3282; baseline 0.001 -14"><span class='ocrx_word' id='word_1_210' title='bbox 827 3215 894 3273; x_wconf 91' lang='lat' dir='ltr'><strong>in</strong></span> <span class='ocrx_word' id='word_1_211' title='bbox 935 3227 1124 3269; x_wconf 90' lang='lat' dir='ltr'><strong>manu</strong></span> <span class='ocrx_word' id='word_1_212' title='bbox 1174 3210 1362 3278; x_wconf 90' lang='lat' dir='ltr'><strong>dedit,</strong></span> <span class='ocrx_word' id='word_1_213' title='bbox 1406 3209 1740 3265; x_wconf 87' lang='lat' dir='ltr'><strong>obtestatus</strong></span> <span class='ocrx_word' id='word_1_214' title='bbox 1800 3214 1863 3266; x_wconf 94' lang='lat' dir='ltr'><strong>ut</strong></span> <span class='ocrx_word' id='word_1_215' title='bbox 1903 3211 2180 3268; x_wconf 90' lang='lat' dir='ltr'><strong>omnium</strong></span> <span class='ocrx_word' id='word_1_216' title='bbox 2225 3216 2483 3282; x_wconf 89' lang='lat' dir='ltr'><strong>muneri,</strong></span> 
     </span>
    </p>
   </div>
   <div class='ocr_carea' id='block_1_35' title="bbox 829 3297 2484 3378">
    <p class='ocr_par' dir='ltr' id='par_1_35' title="bbox 829 3297 2484 3378">
     <span class='ocr_line' id='line_1_35' title="bbox 829 3297 2484 3378; baseline 0.001 -19"><span class='ocrx_word' id='word_1_217' title='bbox 829 3302 1038 3378; x_wconf 87' lang='lat' dir='ltr'><strong>patris,</strong></span> <span class='ocrx_word' id='word_1_218' title='bbox 1060 3301 1335 3372; x_wconf 91' lang='lat' dir='ltr'><strong>inquam,</strong></span> <span class='ocrx_word' id='word_1_219' title='bbox 1365 3297 1614 3366; x_wconf 89' lang='lat' dir='ltr'><strong>alumni,</strong></span> <span class='ocrx_word' id='word_1_220' title='bbox 1644 3297 1965 3368; x_wconf 87' lang='lat' dir='ltr'><strong>padagogi</strong></span> <span class='ocrx_word' id='word_1_221' title='bbox 1998 3303 2055 3355; x_wconf 92' lang='lat' dir='ltr'><strong>et</strong></span> <span class='ocrx_word' id='word_1_222' title='bbox 2078 3305 2484 3375; x_wconf 89' lang='lat' dir='ltr'><strong>praceptoris,</strong></span> 
     </span>
    </p>
   </div>
   <div class='ocr_carea' id='block_1_36' title="bbox 829 3387 2487 3458">
    <p class='ocr_par' dir='ltr' id='par_1_36' title="bbox 829 3387 2487 3458">
     <span class='ocr_line' id='line_1_36' title="bbox 829 3387 2487 3458; baseline 0.001 -9"><span class='ocrx_word' id='word_1_223' title='bbox 829 3393 896 3449; x_wconf 91' lang='lat' dir='ltr'><strong>in</strong></span> <span class='ocrx_word' id='word_1_224' title='bbox 919 3388 1291 3448; x_wconf 90' lang='lat' dir='ltr'><strong>instituendo</strong></span> <span class='ocrx_word' id='word_1_225' title='bbox 1312 3387 1490 3444; x_wconf 85' lang='lat' dir='ltr'><strong>fratre</strong></span> <span class='ocrx_word' id='word_1_226' title='bbox 1509 3387 1768 3443; x_wconf 89' lang='lat' dir='ltr'><strong>vicarius</strong></span> <span class='ocrx_word' id='word_1_227' title='bbox 1784 3389 2187 3446; x_wconf 89' lang='lat' dir='ltr'><strong>succederem.</strong></span> <span class='ocrx_word' id='word_1_228' title='bbox 2219 3394 2487 3458; x_wconf 87' lang='lat' dir='ltr'><strong>Quorum</strong></span> 
     </span>
    </p>
   </div>
   <div class='ocr_carea' id='block_1_37' title="bbox 833 3476 2486 3550">
    <p class='ocr_par' dir='ltr' id='par_1_37' title="bbox 833 3476 2486 3550">
     <span class='ocr_line' id='line_1_37' title="bbox 833 3476 2486 3550; baseline 0.001 -11"><span class='ocrx_word' id='word_1_229' title='bbox 833 3497 985 3539; x_wconf 89' lang='lat' dir='ltr'><strong>sane</strong></span> <span class='ocrx_word' id='word_1_230' title='bbox 1043 3479 1318 3536; x_wconf 91' lang='lat' dir='ltr'><strong>omnium</strong></span> <span class='ocrx_word' id='word_1_231' title='bbox 1377 3476 1665 3548; x_wconf 80' lang='lat' dir='ltr'><strong>ofﬁcium,</strong></span> <span class='ocrx_word' id='word_1_232' title='bbox 1733 3477 2043 3549; x_wconf 90' lang='lat' dir='ltr'><strong>pietatem,</strong></span> <span class='ocrx_word' id='word_1_233' title='bbox 2116 3481 2486 3550; x_wconf 79' lang='lat' dir='ltr'><strong>diligentiam</strong></span> 
     </span>
    </p>
   </div>
   <div class='ocr_carea' id='block_1_38' title="bbox 830 3566 2491 3644">
    <p class='ocr_par' dir='ltr' id='par_1_38' title="bbox 830 3566 2491 3644">
     <span class='ocr_line' id='line_1_38' title="bbox 830 3566 2491 3644; baseline 0.002 -17"><span class='ocrx_word' id='word_1_234' title='bbox 830 3570 1118 3644; x_wconf 86' lang='lat' dir='ltr'><strong>prastiti:</strong></span> <span class='ocrx_word' id='word_1_235' title='bbox 1155 3572 1337 3639; x_wconf 89' lang='lat' dir='ltr'><strong>atque</strong></span> <span class='ocrx_word' id='word_1_236' title='bbox 1370 3566 1518 3622; x_wconf 91' lang='lat' dir='ltr'><strong>dum</strong></span> <span class='ocrx_word' id='word_1_237' title='bbox 1563 3581 1778 3622; x_wconf 90' lang='lat' dir='ltr'><strong>omnes</strong></span> <span class='ocrx_word' id='word_1_238' title='bbox 1818 3568 1879 3622; x_wconf 91' lang='lat' dir='ltr'><strong>in</strong></span> <span class='ocrx_word' id='word_1_239' title='bbox 1932 3584 2142 3625; x_wconf 88' lang='lat' dir='ltr'><strong>eorum</strong></span> <span class='ocrx_word' id='word_1_240' title='bbox 2175 3572 2397 3641; x_wconf 91' lang='lat' dir='ltr'><strong>vultus,</strong></span> <span class='ocrx_word' id='word_1_241' title='bbox 2434 3579 2491 3630; x_wconf 86' lang='lat' dir='ltr'><strong>et</strong></span> 
     </span>
    </p>
   </div>
   <div class='ocr_carea' id='block_1_39' title="bbox 831 3656 2487 3734">
    <p class='ocr_par' dir='ltr' id='par_1_39' title="bbox 831 3656 2487 3734">
     <span class='ocr_line' id='line_1_39' title="bbox 831 3656 2487 3734; baseline 0.001 -17"><span class='ocrx_word' id='word_1_242' title='bbox 831 3661 954 3718; x_wconf 89' lang='lat' dir='ltr'><strong>oris</strong></span> <span class='ocrx_word' id='word_1_243' title='bbox 978 3658 1246 3722; x_wconf 86' lang='lat' dir='ltr'><strong>habitus,</strong></span> <span class='ocrx_word' id='word_1_244' title='bbox 1283 3672 1380 3712; x_wconf 91' lang='lat' dir='ltr'><strong>me</strong></span> <span class='ocrx_word' id='word_1_245' title='bbox 1395 3670 1724 3728; x_wconf 91' lang='lat' dir='ltr'><strong>compono,</strong></span> <span class='ocrx_word' id='word_1_246' title='bbox 1760 3661 1817 3711; x_wconf 91' lang='lat' dir='ltr'><strong>et</strong></span> <span class='ocrx_word' id='word_1_247' title='bbox 1848 3656 2023 3728; x_wconf 90' lang='lat' dir='ltr'><strong>plura</strong></span> <span class='ocrx_word' id='word_1_248' title='bbox 2058 3660 2238 3715; x_wconf 89' lang='lat' dir='ltr'><strong>etiam</strong></span> <span class='ocrx_word' id='word_1_249' title='bbox 2265 3667 2487 3734; x_wconf 89' lang='lat' dir='ltr'><strong>prasto</strong></span> 
     </span>
    </p>
   </div>
   <div class='ocr_carea' id='block_1_40' title="bbox 829 3744 2486 3821">
    <p class='ocr_par' dir='ltr' id='par_1_40' title="bbox 829 3744 2486 3821">
     <span class='ocr_line' id='line_1_40' title="bbox 829 3744 2486 3821; baseline 0.002 -16"><span class='ocrx_word' id='word_1_250' title='bbox 829 3764 1019 3821; x_wconf 90' lang='lat' dir='ltr'><strong>quam</strong></span> <span class='ocrx_word' id='word_1_251' title='bbox 1053 3764 1090 3804; x_wconf 90' lang='lat' dir='ltr'><strong>a</strong></span> <span class='ocrx_word' id='word_1_252' title='bbox 1121 3746 1301 3802; x_wconf 88' lang='lat' dir='ltr'><strong>fratre</strong></span> <span class='ocrx_word' id='word_1_253' title='bbox 1352 3745 1657 3816; x_wconf 86' lang='lat' dir='ltr'><strong>expectari</strong></span> <span class='ocrx_word' id='word_1_254' title='bbox 1685 3744 1936 3812; x_wconf 86' lang='lat' dir='ltr'><strong>soleant,</strong></span> <span class='ocrx_word' id='word_1_255' title='bbox 1965 3745 2204 3805; x_wconf 90' lang='lat' dir='ltr'><strong>illorum</strong></span> <span class='ocrx_word' id='word_1_256' title='bbox 2239 3750 2486 3809; x_wconf 89' lang='lat' dir='ltr'><strong>tandem</strong></span> 
     </span>
    </p>
   </div>
   <div class='ocr_carea' id='block_1_41' title="bbox 829 3835 2488 3907">
    <p class='ocr_par' dir='ltr' id='par_1_41' title="bbox 829 3835 2488 3907">
     <span class='ocr_line' id='line_1_41' title="bbox 829 3835 2488 3907; baseline 0.002 -12"><span class='ocrx_word' id='word_1_257' title='bbox 829 3836 1281 3895; x_wconf 87' lang='lat' dir='ltr'><strong>accessionibus</strong></span> <span class='ocrx_word' id='word_1_258' title='bbox 1302 3835 1380 3891; x_wconf 91' lang='lat' dir='ltr'><strong>ad</strong></span> <span class='ocrx_word' id='word_1_259' title='bbox 1403 3851 1714 3890; x_wconf 89' lang='lat' dir='ltr'><strong>summum</strong></span> <span class='ocrx_word' id='word_1_260' title='bbox 1736 3836 1970 3907; x_wconf 89' lang='lat' dir='ltr'><strong>pietatis</strong></span> <span class='ocrx_word' id='word_1_261' title='bbox 1991 3837 2266 3896; x_wconf 86' lang='lat' dir='ltr'><strong>fraterna</strong></span> <span class='ocrx_word' id='word_1_262' title='bbox 2283 3842 2488 3898; x_wconf 83' lang='lat' dir='ltr'><strong>ofﬁcii-</strong></span> 
     </span>
    </p>
   </div>
   <div class='ocr_carea' id='block_1_42' title="bbox 825 3924 2482 4003">
    <p class='ocr_par' dir='ltr' id='par_1_42' title="bbox 825 3924 2482 4003">
     <span class='ocr_line' id='line_1_42' title="bbox 825 3924 2482 4003; baseline 0.003 -19"><span class='ocrx_word' id='word_1_263' title='bbox 825 3944 947 4003; x_wconf 92' lang='lat' dir='ltr'><strong>que</strong></span> <span class='ocrx_word' id='word_1_264' title='bbox 999 3925 1256 3998; x_wconf 90' lang='lat' dir='ltr'><strong>gradum</strong></span> <span class='ocrx_word' id='word_1_265' title='bbox 1291 3924 1635 3991; x_wconf 91' lang='lat' dir='ltr'><strong>conscendi,</strong></span> <span class='ocrx_word' id='word_1_266' title='bbox 1672 3940 1782 3980; x_wconf 91' lang='lat' dir='ltr'><strong>nec</strong></span> <span class='ocrx_word' id='word_1_267' title='bbox 1825 3927 2167 3984; x_wconf 90' lang='lat' dir='ltr'><strong>remissiore</strong></span> <span class='ocrx_word' id='word_1_268' title='bbox 2219 3932 2482 3989; x_wconf 87' lang='lat' dir='ltr'><strong>vicissim</strong></span> 
     </span>
    </p>
   </div>
   <div class='ocr_carea' id='block_1_43' title="bbox 825 4013 2482 4078">
    <p class='ocr_par' dir='ltr' id='par_1_43' title="bbox 825 4013 2482 4078">
     <span class='ocr_line' id='line_1_43' title="bbox 825 4013 2482 4078; baseline 0.002 -4"><span class='ocrx_word' id='word_1_269' title='bbox 825 4017 1027 4075; x_wconf 89' lang='lat' dir='ltr'><strong>studio</strong></span> <span class='ocrx_word' id='word_1_270' title='bbox 1060 4016 1139 4073; x_wconf 91' lang='lat' dir='ltr'><strong>ad</strong></span> <span class='ocrx_word' id='word_1_271' title='bbox 1165 4013 1446 4071; x_wconf 90' lang='lat' dir='ltr'><strong>eamdem</strong></span> <span class='ocrx_word' id='word_1_272' title='bbox 1479 4013 1576 4069; x_wconf 94' lang='lat' dir='ltr'><strong>ille</strong></span> <span class='ocrx_word' id='word_1_273' title='bbox 1610 4014 1885 4071; x_wconf 87' lang='lat' dir='ltr'><strong>fraterna</strong></span> <span class='ocrx_word' id='word_1_274' title='bbox 1918 4016 2350 4076; x_wconf 87' lang='lat' dir='ltr'><strong>benevolentia</strong></span> <span class='ocrx_word' id='word_1_275' title='bbox 2386 4039 2482 4078; x_wconf 85' lang='lat' dir='ltr'><strong>ex-</strong></span> 
     </span>
    </p>
   </div>
   <div class='ocr_carea' id='block_1_44' title="bbox 821 4103 2480 4180">
    <p class='ocr_par' dir='ltr' id='par_1_44' title="bbox 821 4103 2480 4180">
     <span class='ocr_line' id='line_1_44' title="bbox 821 4103 2480 4180; baseline 0.002 -16"><span class='ocrx_word' id='word_1_276' title='bbox 821 4107 1162 4164; x_wconf 91' lang='lat' dir='ltr'><strong>cellentiam</strong></span> <span class='ocrx_word' id='word_1_277' title='bbox 1186 4104 1392 4162; x_wconf 90' lang='lat' dir='ltr'><strong>animo</strong></span> <span class='ocrx_word' id='word_1_278' title='bbox 1411 4103 1851 4172; x_wconf 88' lang='lat' dir='ltr'><strong>connitebatur,</strong></span> <span class='ocrx_word' id='word_1_279' title='bbox 1884 4105 2212 4180; x_wconf 90' lang='lat' dir='ltr'><strong>laboreque</strong></span> <span class='ocrx_word' id='word_1_280' title='bbox 2235 4119 2480 4168; x_wconf 78' lang='lat' dir='ltr'><strong>conten-</strong></span> 
     </span>
    </p>
   </div>
   <div class='ocr_carea' id='block_1_45' title="bbox 818 4194 2478 4272">
    <p class='ocr_par' dir='ltr' id='par_1_45' title="bbox 818 4194 2478 4272">
     <span class='ocr_line' id='line_1_45' title="bbox 818 4194 2478 4272; baseline 0.003 -18"><span class='ocrx_word' id='word_1_281' title='bbox 818 4197 1025 4262; x_wconf 90' lang='lat' dir='ltr'><strong>debat,</strong></span> <span class='ocrx_word' id='word_1_282' title='bbox 1087 4198 1494 4268; x_wconf 85' lang='lat' dir='ltr'><strong>praterquam</strong></span> <span class='ocrx_word' id='word_1_283' title='bbox 1558 4194 1725 4266; x_wconf 92' lang='lat' dir='ltr'><strong>quod</strong></span> <span class='ocrx_word' id='word_1_284' title='bbox 1783 4194 1879 4250; x_wconf 93' lang='lat' dir='ltr'><strong>ille</strong></span> <span class='ocrx_word' id='word_1_285' title='bbox 1943 4196 2038 4252; x_wconf 92' lang='lat' dir='ltr'><strong>vel</strong></span> <span class='ocrx_word' id='word_1_286' title='bbox 2083 4196 2258 4269; x_wconf 89' lang='lat' dir='ltr'><strong>longe</strong></span> <span class='ocrx_word' id='word_1_287' title='bbox 2303 4202 2478 4272; x_wconf 89' lang='lat' dir='ltr'><strong>plura</strong></span> 
     </span>
    </p>
   </div>
   <div class='ocr_carea' id='block_1_46' title="bbox 813 4281 2475 4362">
    <p class='ocr_par' dir='ltr' id='par_1_46' title="bbox 813 4281 2475 4362">
     <span class='ocr_line' id='line_1_46' title="bbox 813 4281 2475 4362; baseline 0.003 -20"><span class='ocrx_word' id='word_1_288' title='bbox 813 4284 1166 4359; x_wconf 89' lang='lat' dir='ltr'><strong>perceperit,</strong></span> <span class='ocrx_word' id='word_1_289' title='bbox 1221 4298 1409 4354; x_wconf 92' lang='lat' dir='ltr'><strong>quam</strong></span> <span class='ocrx_word' id='word_1_290' title='bbox 1461 4281 1775 4339; x_wconf 89' lang='lat' dir='ltr'><strong>contulerit</strong></span> <span class='ocrx_word' id='word_1_291' title='bbox 1822 4283 2134 4352; x_wconf 87' lang='lat' dir='ltr'><strong>beneﬁcia,</strong></span> <span class='ocrx_word' id='word_1_292' title='bbox 2189 4290 2475 4362; x_wconf 90' lang='lat' dir='ltr'><strong>tantisper</strong></span> 
     </span>
    </p>
   </div>
   <div class='ocr_carea' id='block_1_47' title="bbox 813 4371 2469 4449">
    <p class='ocr_par' dir='ltr' id='par_1_47' title="bbox 813 4371 2469 4449">
     <span class='ocr_line' id='line_1_47' title="bbox 813 4371 2469 4449; baseline 0.002 -18"><span class='ocrx_word' id='word_1_293' title='bbox 813 4375 964 4430; x_wconf 93' lang='lat' dir='ltr'><strong>dum</strong></span> <span class='ocrx_word' id='word_1_294' title='bbox 995 4372 1158 4446; x_wconf 90' lang='lat' dir='ltr'><strong>apud</strong></span> <span class='ocrx_word' id='word_1_295' title='bbox 1182 4387 1294 4427; x_wconf 90' lang='lat' dir='ltr'><strong>nos</strong></span> <span class='ocrx_word' id='word_1_296' title='bbox 1321 4371 1594 4427; x_wconf 91' lang='lat' dir='ltr'><strong>moribus</strong></span> <span class='ocrx_word' id='word_1_297' title='bbox 1609 4371 1783 4442; x_wconf 86' lang='lat' dir='ltr'><strong>juxta</strong></span> <span class='ocrx_word' id='word_1_298' title='bbox 1803 4373 2274 4449; x_wconf 88' lang='lat' dir='ltr'><strong>liberalibusque</strong></span> <span class='ocrx_word' id='word_1_299' title='bbox 2298 4379 2469 4435; x_wconf 89' lang='lat' dir='ltr'><strong>disci-</strong></span> 
     </span>
    </p>
   </div>
   <div class='ocr_carea' id='block_1_48' title="bbox 808 4462 1888 4538">
    <p class='ocr_par' dir='ltr' id='par_1_48' title="bbox 808 4462 1888 4538">
     <span class='ocr_line' id='line_1_48' title="bbox 808 4462 1888 4538; baseline -0.001 -18"><span class='ocrx_word' id='word_1_300' title='bbox 808 4465 990 4538; x_wconf 90' lang='lat' dir='ltr'><strong>plinis</strong></span> <span class='ocrx_word' id='word_1_301' title='bbox 1023 4462 1447 4519; x_wconf 85' lang='lat' dir='ltr'><strong>informandus</strong></span> <span class='ocrx_word' id='word_1_302' title='bbox 1474 4467 1888 4519; x_wconf 88' lang='lat' dir='ltr'><strong>conversatur.</strong></span> 
     </span>
    </p>
   </div>
   <div class='ocr_carea' id='block_1_49' title="bbox 880 4552 2462 4632">
    <p class='ocr_par' dir='ltr' id='par_1_49' title="bbox 880 4552 2462 4632">
     <span class='ocr_line' id='line_1_49' title="bbox 880 4552 2462 4632; baseline 0.004 -23"><span class='ocrx_word' id='word_1_303' title='bbox 880 4555 1028 4610; x_wconf 89' lang='lat' dir='ltr'><strong>Cum</strong></span> <span class='ocrx_word' id='word_1_304' title='bbox 1074 4552 1342 4624; x_wconf 91' lang='lat' dir='ltr'><strong>primum</strong></span> <span class='ocrx_word' id='word_1_305' title='bbox 1396 4567 1540 4606; x_wconf 90' lang='lat' dir='ltr'><strong>vero</strong></span> <span class='ocrx_word' id='word_1_306' title='bbox 1570 4552 1816 4608; x_wconf 86' lang='lat' dir='ltr'><strong>Athena</strong></span> <span class='ocrx_word' id='word_1_307' title='bbox 1851 4569 1948 4608; x_wconf 92' lang='lat' dir='ltr'><strong>me</strong></span> <span class='ocrx_word' id='word_1_308' title='bbox 1987 4570 2137 4611; x_wconf 85' lang='lat' dir='ltr'><strong>mea</strong></span> <span class='ocrx_word' id='word_1_309' title='bbox 2170 4555 2462 4632; x_wconf 90' lang='lat' dir='ltr'><strong>illumque</strong></span> 
     </span>
    </p>
   </div>
   <div class='ocr_carea' id='block_1_50' title="bbox 801 4642 2461 4715">
    <p class='ocr_par' dir='ltr' id='par_1_50' title="bbox 801 4642 2461 4715">
     <span class='ocr_line' id='line_1_50' title="bbox 801 4642 2461 4715; baseline 0.003 -14"><span class='ocrx_word' id='word_1_310' title='bbox 801 4659 928 4701; x_wconf 92' lang='lat' dir='ltr'><strong>non</strong></span> <span class='ocrx_word' id='word_1_311' title='bbox 978 4644 1132 4700; x_wconf 91' lang='lat' dir='ltr'><strong>inter</strong></span> <span class='ocrx_word' id='word_1_312' title='bbox 1195 4643 1498 4715; x_wconf 81' lang='lat' dir='ltr'><strong>pedarios,</strong></span> <span class='ocrx_word' id='word_1_313' title='bbox 1553 4642 1659 4697; x_wconf 91' lang='lat' dir='ltr'><strong>sed</strong></span> <span class='ocrx_word' id='word_1_314' title='bbox 1734 4643 2037 4714; x_wconf 81' lang='lat' dir='ltr'><strong>primaria</strong></span> <span class='ocrx_word' id='word_1_315' title='bbox 2094 4649 2461 4706; x_wconf 81' lang='lat' dir='ltr'><strong>auctoritatis</strong></span> 
     </span>
    </p>
   </div>
   <div class='ocr_carea' id='block_1_51' title="bbox 805 4732 2463 4805">
    <p class='ocr_par' dir='ltr' id='par_1_51' title="bbox 805 4732 2463 4805">
     <span class='ocr_line' id='line_1_51' title="bbox 805 4732 2463 4805; baseline 0.004 -15"><span class='ocrx_word' id='word_1_316' title='bbox 805 4750 981 4800; x_wconf 67' lang='lat' dir='ltr'><strong>Viros,</strong></span> <span class='ocrx_word' id='word_1_317' title='bbox 1011 4732 1390 4805; x_wconf 89' lang='lat' dir='ltr'><strong>imperatoris</strong></span> <span class='ocrx_word' id='word_1_318' title='bbox 1429 4732 1660 4803; x_wconf 83' lang='lat' dir='ltr'><strong>excepit</strong></span> <span class='ocrx_word' id='word_1_319' title='bbox 1695 4732 1854 4800; x_wconf 90' lang='lat' dir='ltr'><strong>aula,</strong></span> <span class='ocrx_word' id='word_1_320' title='bbox 1893 4733 2019 4789; x_wconf 91' lang='lat' dir='ltr'><strong>sine</strong></span> <span class='ocrx_word' id='word_1_321' title='bbox 2052 4734 2174 4790; x_wconf 89' lang='lat' dir='ltr'><strong>ulla</strong></span> <span class='ocrx_word' id='word_1_322' title='bbox 2200 4751 2373 4793; x_wconf 91' lang='lat' dir='ltr'><strong>mora</strong></span> <span class='ocrx_word' id='word_1_323' title='bbox 2407 4745 2463 4796; x_wconf 89' lang='lat' dir='ltr'><strong>et</strong></span> 
     </span>
    </p>
   </div>
   <div class='ocr_carea' id='block_1_52' title="bbox 794 4821 2460 4896">
    <p class='ocr_par' dir='ltr' id='par_1_52' title="bbox 794 4821 2460 4896">
     <span class='ocr_line' id='line_1_52' title="bbox 794 4821 2460 4896; baseline 0.002 -16"><span class='ocrx_word' id='word_1_324' title='bbox 794 4823 1110 4880; x_wconf 84' lang='lat' dir='ltr'><strong>confestim</strong></span> <span class='ocrx_word' id='word_1_325' title='bbox 1155 4821 1522 4893; x_wconf 89' lang='lat' dir='ltr'><strong>accipiendis</strong></span> <span class='ocrx_word' id='word_1_326' title='bbox 1570 4821 2096 4896; x_wconf 84' lang='lat' dir='ltr'><strong>rependendisque</strong></span> <span class='ocrx_word' id='word_1_327' title='bbox 2150 4824 2460 4884; x_wconf 85' lang='lat' dir='ltr'><strong>beneﬁciis</strong></span> 
     </span>
    </p>
   </div>
   <div class='ocr_carea' id='block_1_53' title="bbox 789 4911 2462 4987">
    <p class='ocr_par' dir='ltr' id='par_1_53' title="bbox 789 4911 2462 4987">
     <span class='ocr_line' id='line_1_53' title="bbox 789 4911 2462 4987; baseline 0.004 -18"><span class='ocrx_word' id='word_1_328' title='bbox 789 4913 945 4970; x_wconf 90' lang='lat' dir='ltr'><strong>inter</strong></span> <span class='ocrx_word' id='word_1_329' title='bbox 1003 4929 1116 4969; x_wconf 92' lang='lat' dir='ltr'><strong>nos</strong></span> <span class='ocrx_word' id='word_1_330' title='bbox 1162 4916 1387 4968; x_wconf 86' lang='lat' dir='ltr'><strong>certare</strong></span> <span class='ocrx_word' id='word_1_331' title='bbox 1421 4911 1729 4968; x_wconf 88' lang='lat' dir='ltr'><strong>desiimus.</strong></span> <span class='ocrx_word' id='word_1_332' title='bbox 1763 4912 1946 4968; x_wconf 84' lang='lat' dir='ltr'><strong>Nobis</strong></span> <span class='ocrx_word' id='word_1_333' title='bbox 1978 4913 2139 4969; x_wconf 91' lang='lat' dir='ltr'><strong>enim</strong></span> <span class='ocrx_word' id='word_1_334' title='bbox 2168 4920 2224 4971; x_wconf 93' lang='lat' dir='ltr'><strong>et</strong></span> <span class='ocrx_word' id='word_1_335' title='bbox 2256 4933 2369 4987; x_wconf 88' lang='lat' dir='ltr'><strong>ego</strong></span> <span class='ocrx_word' id='word_1_336' title='bbox 2404 4923 2462 4976; x_wconf 92' lang='lat' dir='ltr'><strong>et</strong></span> 
     </span>
    </p>
   </div>
   <div class='ocr_carea' id='block_1_54' title="bbox 788 5003 2456 5065">
    <p class='ocr_par' dir='ltr' id='par_1_54' title="bbox 788 5003 2456 5065">
     <span class='ocr_line' id='line_1_54' title="bbox 788 5003 2456 5065; baseline 0.004 -8"><span class='ocrx_word' id='word_1_337' title='bbox 788 5003 1039 5059; x_wconf 89' lang='lat' dir='ltr'><strong>Athena</strong></span> <span class='ocrx_word' id='word_1_338' title='bbox 1090 5003 1422 5059; x_wconf 89' lang='lat' dir='ltr'><strong>multorum</strong></span> <span class='ocrx_word' id='word_1_339' title='bbox 1457 5018 1566 5057; x_wconf 92' lang='lat' dir='ltr'><strong>nec</strong></span> <span class='ocrx_word' id='word_1_340' title='bbox 1611 5003 2195 5060; x_wconf 91' lang='lat' dir='ltr'><strong>contemnendorum</strong></span> <span class='ocrx_word' id='word_1_341' title='bbox 2229 5006 2456 5065; x_wconf 87' lang='lat' dir='ltr'><strong>beneﬁ-</strong></span> 
     </span>
    </p>
   </div>
   <div class='ocr_carea' id='block_1_55' title="bbox 784 5093 2455 5165">
    <p class='ocr_par' dir='ltr' id='par_1_55' title="bbox 784 5093 2455 5165">
     <span class='ocr_line' id='line_1_55' title="bbox 784 5093 2455 5165; baseline 0.004 -17"><span class='ocrx_word' id='word_1_342' title='bbox 784 5093 1017 5149; x_wconf 91' lang='lat' dir='ltr'><strong>ciorum</strong></span> <span class='ocrx_word' id='word_1_343' title='bbox 1053 5093 1132 5149; x_wconf 91' lang='lat' dir='ltr'><strong>ab</strong></span> <span class='ocrx_word' id='word_1_344' title='bbox 1168 5093 1267 5149; x_wconf 86' lang='lat' dir='ltr'><strong>illo</strong></span> <span class='ocrx_word' id='word_1_345' title='bbox 1303 5108 1723 5164; x_wconf 83' lang='lat' dir='ltr'><strong>sapenumero</strong></span> <span class='ocrx_word' id='word_1_346' title='bbox 1765 5098 2186 5165; x_wconf 90' lang='lat' dir='ltr'><strong>perceptorum</strong></span> <span class='ocrx_word' id='word_1_347' title='bbox 2231 5101 2455 5155; x_wconf 90' lang='lat' dir='ltr'><strong>conscii</strong></span> 
     </span>
    </p>
   </div>
   <div class='ocr_carea' id='block_1_56' title="bbox 781 5182 2446 5281">
    <p class='ocr_par' dir='ltr' id='par_1_56' title="bbox 781 5182 2446 5281">
     <span class='ocr_line' id='line_1_56' title="bbox 781 5182 2446 5281; baseline 0.005 -45"><span class='ocrx_word' id='word_1_348' title='bbox 781 5198 1030 5239; x_wconf 90' lang='lat' dir='ltr'><strong>sumus:</strong></span> <span class='ocrx_word' id='word_1_349' title='bbox 1057 5199 1196 5240; x_wconf 93' lang='lat' dir='ltr'><strong>cum</strong></span> <span class='ocrx_word' id='word_1_350' title='bbox 1228 5189 1432 5240; x_wconf 90' lang='lat' dir='ltr'><strong>tamen</strong></span> <span class='ocrx_word' id='word_1_351' title='bbox 1463 5198 1500 5238; x_wconf 90' lang='lat' dir='ltr'><strong>a</strong></span> <span class='ocrx_word' id='word_1_352' title='bbox 1524 5182 1701 5238; x_wconf 92' lang='lat' dir='ltr'><strong>nobis</strong></span> <span class='ocrx_word' id='word_1_353' title='bbox 1735 5182 1834 5240; x_wconf 89' lang='lat' dir='ltr'><strong>ille</strong></span> <span class='ocrx_word' id='word_1_354' title='bbox 1867 5183 1961 5240; x_wconf 87' lang='lat' dir='ltr'><strong>vel</strong></span> <span class='ocrx_word' id='word_1_355' title='bbox 1985 5184 2152 5241; x_wconf 91' lang='lat' dir='ltr'><strong>nulla</strong></span> <span class='ocrx_word' id='word_1_356' title='bbox 2175 5191 2446 5281; x_wconf 59' lang='lat' dir='ltr'><strong>omnino,</strong></span> 
     </span>
    </p>
   </div>
   <div class='ocr_carea' id='block_1_57' title="bbox 776 5272 2151 5346">
    <p class='ocr_par' dir='ltr' id='par_1_57' title="bbox 776 5272 2151 5346">
     <span class='ocr_line' id='line_1_57' title="bbox 776 5272 2151 5346; baseline 0.003 -18"><span class='ocrx_word' id='word_1_357' title='bbox 776 5273 874 5329; x_wconf 93' lang='lat' dir='ltr'><strong>vel</strong></span> <span class='ocrx_word' id='word_1_358' title='bbox 899 5273 1238 5329; x_wconf 91' lang='lat' dir='ltr'><strong>admodum</strong></span> <span class='ocrx_word' id='word_1_359' title='bbox 1273 5289 1472 5346; x_wconf 90' lang='lat' dir='ltr'><strong>pauca</strong></span> <span class='ocrx_word' id='word_1_360' title='bbox 1499 5272 1760 5329; x_wconf 90' lang='lat' dir='ltr'><strong>vicissim</strong></span> <span class='ocrx_word' id='word_1_361' title='bbox 1794 5276 2151 5346; x_wconf 89' lang='lat' dir='ltr'><strong>perceperit.</strong></span> 
     </span>
    </p>
   </div>
   <div class='ocr_carea' id='block_1_58' title="bbox 799 5362 2449 5429">
    <p class='ocr_par' dir='ltr' id='par_1_58' title="bbox 799 5362 2449 5429">
     <span class='ocr_line' id='line_1_58' title="bbox 799 5362 2449 5429; baseline 0.005 -13"><span class='ocrx_word' id='word_1_362' title='bbox 799 5381 814 5399; x_wconf 87' lang='lat'><strong><em>-</em></strong></span> <span class='ocrx_word' id='word_1_363' title='bbox 845 5363 1383 5419; x_wconf 85' lang='lat' dir='ltr'><strong>Verumenimvero</strong></span> <span class='ocrx_word' id='word_1_364' title='bbox 1438 5367 1674 5418; x_wconf 88' lang='lat' dir='ltr'><strong>tantum</strong></span> <span class='ocrx_word' id='word_1_365' title='bbox 1731 5362 1920 5429; x_wconf 91' lang='lat' dir='ltr'><strong>abest,</strong></span> <span class='ocrx_word' id='word_1_366' title='bbox 1959 5370 2023 5420; x_wconf 91' lang='lat' dir='ltr'><strong>ut</strong></span> <span class='ocrx_word' id='word_1_367' title='bbox 2059 5365 2141 5421; x_wconf 90' lang='lat' dir='ltr'><strong>sic</strong></span> <span class='ocrx_word' id='word_1_368' title='bbox 2194 5367 2296 5424; x_wconf 89' lang='lat' dir='ltr'><strong>illa</strong></span> <span class='ocrx_word' id='word_1_369' title='bbox 2325 5368 2449 5425; x_wconf 87' lang='lat' dir='ltr'><strong>fra-</strong></span> 
     </span>
    </p>
   </div>
   <div class='ocr_carea' id='block_1_59' title="bbox 770 5452 2442 5525">
    <p class='ocr_par' dir='ltr' id='par_1_59' title="bbox 770 5452 2442 5525">
     <span class='ocr_line' id='line_1_59' title="bbox 770 5452 2442 5525; baseline 0.004 -16"><span class='ocrx_word' id='word_1_370' title='bbox 770 5453 923 5510; x_wconf 91' lang='lat' dir='ltr'><strong>terni</strong></span> <span class='ocrx_word' id='word_1_371' title='bbox 960 5454 1186 5509; x_wconf 88' lang='lat' dir='ltr'><strong>amoris</strong></span> <span class='ocrx_word' id='word_1_372' title='bbox 1240 5453 1431 5523; x_wconf 89' lang='lat' dir='ltr'><strong>gratia</strong></span> <span class='ocrx_word' id='word_1_373' title='bbox 1466 5452 1771 5525; x_wconf 86' lang='lat' dir='ltr'><strong>disjuncta</strong></span> <span class='ocrx_word' id='word_1_374' title='bbox 1828 5454 2024 5525; x_wconf 86' lang='lat' dir='ltr'><strong>fuerit,</strong></span> <span class='ocrx_word' id='word_1_375' title='bbox 2068 5472 2207 5512; x_wconf 91' lang='lat' dir='ltr'><strong>cum</strong></span> <span class='ocrx_word' id='word_1_376' title='bbox 2262 5461 2442 5516; x_wconf 85' lang='lat' dir='ltr'><strong>etiam</strong></span> 
     </span>
    </p>
   </div>
   <div class='ocr_carea' id='block_1_60' title="bbox 767 5544 2440 5618">
    <p class='ocr_par' dir='ltr' id='par_1_60' title="bbox 767 5544 2440 5618">
     <span class='ocr_line' id='line_1_60' title="bbox 767 5544 2440 5618; baseline 0.004 -18"><span class='ocrx_word' id='word_1_377' title='bbox 767 5544 1130 5600; x_wconf 89' lang='lat' dir='ltr'><strong>arctioribus</strong></span> <span class='ocrx_word' id='word_1_378' title='bbox 1168 5545 1448 5618; x_wconf 89' lang='lat' dir='ltr'><strong>utrinque</strong></span> <span class='ocrx_word' id='word_1_379' title='bbox 1481 5544 1678 5614; x_wconf 90' lang='lat' dir='ltr'><strong>nodis,</strong></span> <span class='ocrx_word' id='word_1_380' title='bbox 1715 5545 2040 5618; x_wconf 90' lang='lat' dir='ltr'><strong>minusque</strong></span> <span class='ocrx_word' id='word_1_381' title='bbox 2073 5547 2440 5608; x_wconf 85' lang='lat' dir='ltr'><strong>dissolubili-</strong></span> 
     </span>
    </p>
   </div>
   <div class='ocr_carea' id='block_1_61' title="bbox 2513 1839 2553 1892">
    <p class='ocr_par' dir='ltr' id='par_1_61' title="bbox 2513 1839 2553 1892">
     <span class='ocr_line' id='line_1_61' title="bbox 2513 1839 2553 1892; baseline 0 0"><span class='ocrx_word' id='word_1_382' title='bbox 2513 1839 2553 1892; x_wconf 91' lang='grc' dir='ltr'><strong>Β</strong></span> 
     </span>
    </p>
   </div>
   <div class='ocr_carea' id='block_1_62' title="bbox 2515 3169 2556 3226">
    <p class='ocr_par' dir='ltr' id='par_1_62' title="bbox 2515 3169 2556 3226">
     <span class='ocr_line' id='line_1_62' title="bbox 2515 3169 2556 3226; baseline 0 0"><span class='ocrx_word' id='word_1_383' title='bbox 2515 3169 2556 3226; x_wconf 92' lang='lat' dir='ltr'>C</span> 
     </span>
    </p>
   </div>
   <div class='ocr_carea' id='block_1_63' title="bbox 2601 602 4244 694">
    <p class='ocr_par' dir='ltr' id='par_1_63' title="bbox 2601 602 4244 694">
     <span class='ocr_line' id='line_1_63' title="bbox 2601 602 4244 694; baseline 0.013 -37"><span class='ocrx_word' id='word_1_384' title='bbox 2601 620 2704 658; x_wconf 91' lang='lat' dir='ltr'><strong>sus</strong></span> <span class='ocrx_word' id='word_1_385' title='bbox 2753 604 3022 662; x_wconf 90' lang='lat' dir='ltr'><strong>infestior</strong></span> <span class='ocrx_word' id='word_1_386' title='bbox 3063 602 3439 668; x_wconf 88' lang='lat' dir='ltr'><strong>interveniset</strong></span> <span class='ocrx_word' id='word_1_387' title='bbox 3490 617 3575 683; x_wconf 91' lang='lat' dir='ltr'><strong>(ut</strong></span> <span class='ocrx_word' id='word_1_388' title='bbox 3617 619 3910 674; x_wconf 87' lang='lat' dir='ltr'><strong>naturalis</strong></span> <span class='ocrx_word' id='word_1_389' title='bbox 3942 620 4043 678; x_wconf 90' lang='lat' dir='ltr'><strong>illa</strong></span> <span class='ocrx_word' id='word_1_390' title='bbox 4085 638 4244 694; x_wconf 83' lang='lat' dir='ltr'><strong>sym-</strong></span> 
     </span>
    </p>
   </div>
   <div class='ocr_carea' id='block_1_64' title="bbox 2599 693 4244 776">
    <p class='ocr_par' dir='ltr' id='par_1_64' title="bbox 2599 693 4244 776">
     <span class='ocr_line' id='line_1_64' title="bbox 2599 693 4244 776; baseline 0.014 -30"><span class='ocrx_word' id='word_1_391' title='bbox 2599 693 2804 764; x_wconf 80' lang='lat' dir='ltr'><strong>pathia</strong></span> <span class='ocrx_word' id='word_1_392' title='bbox 2830 695 3066 751; x_wconf 87' lang='lat' dir='ltr'><strong>animos</strong></span> <span class='ocrx_word' id='word_1_393' title='bbox 3094 697 3411 756; x_wconf 91' lang='lat' dir='ltr'><strong>hominum</strong></span> <span class='ocrx_word' id='word_1_394' title='bbox 3444 701 3590 758; x_wconf 82' lang='lat' dir='ltr'><strong>latis</strong></span> <span class='ocrx_word' id='word_1_395' title='bbox 3617 705 3972 776; x_wconf 82' lang='lat' dir='ltr'><strong>exhilarare,</strong></span> <span class='ocrx_word' id='word_1_396' title='bbox 4009 693 4244 768; x_wconf 84' lang='lat' dir='ltr'><strong>contra-</strong></span> 
     </span>
    </p>
   </div>
   <div class='ocr_carea' id='block_1_65' title="bbox 2596 783 4243 871">
    <p class='ocr_par' dir='ltr' id='par_1_65' title="bbox 2596 783 4243 871">
     <span class='ocr_line' id='line_1_65' title="bbox 2596 783 4243 871; baseline 0.013 -35"><span class='ocrx_word' id='word_1_397' title='bbox 2596 798 2713 854; x_wconf 89' lang='lat' dir='ltr'><strong>que</strong></span> <span class='ocrx_word' id='word_1_398' title='bbox 2746 783 3010 839; x_wconf 88' lang='lat' dir='ltr'><strong>tristibus</strong></span> <span class='ocrx_word' id='word_1_399' title='bbox 3031 787 3372 845; x_wconf 82' lang='lat' dir='ltr'><strong>exulcerare</strong></span> <span class='ocrx_word' id='word_1_400' title='bbox 3404 791 3593 864; x_wconf 88' lang='lat' dir='ltr'><strong>solet),</strong></span> <span class='ocrx_word' id='word_1_401' title='bbox 3623 793 3797 852; x_wconf 84' lang='lat' dir='ltr'><strong>facile</strong></span> <span class='ocrx_word' id='word_1_402' title='bbox 3820 798 4020 870; x_wconf 89' lang='lat' dir='ltr'><strong>quivis</strong></span> <span class='ocrx_word' id='word_1_403' title='bbox 4056 816 4162 871; x_wconf 89' lang='lat' dir='ltr'><strong>per</strong></span> <span class='ocrx_word' id='word_1_404' title='bbox 4183 817 4243 857; x_wconf 94' lang='lat' dir='ltr'><strong>se</strong></span> 
     </span>
    </p>
   </div>
   <div class='ocr_carea' id='block_1_66' title="bbox 2594 872 4244 956">
    <p class='ocr_par' dir='ltr' id='par_1_66' title="bbox 2594 872 4244 956">
     <span class='ocr_line' id='line_1_66' title="bbox 2594 872 4244 956; baseline 0.013 -31"><span class='ocrx_word' id='word_1_405' title='bbox 2594 872 2893 942; x_wconf 87' lang='lat' dir='ltr'><strong>conjiciat,</strong></span> <span class='ocrx_word' id='word_1_406' title='bbox 2929 881 3161 946; x_wconf 87' lang='lat' dir='ltr'><strong>quanto</strong></span> <span class='ocrx_word' id='word_1_407' title='bbox 3199 877 3376 934; x_wconf 90' lang='lat' dir='ltr'><strong>nobis</strong></span> <span class='ocrx_word' id='word_1_408' title='bbox 3409 879 3548 937; x_wconf 91' lang='lat' dir='ltr'><strong>inde</strong></span> <span class='ocrx_word' id='word_1_409' title='bbox 3583 898 3654 938; x_wconf 93' lang='lat' dir='ltr'><strong>eo</strong></span> <span class='ocrx_word' id='word_1_410' title='bbox 3685 886 4064 956; x_wconf 91' lang='lat' dir='ltr'><strong>potissimum</strong></span> <span class='ocrx_word' id='word_1_411' title='bbox 4097 894 4244 946; x_wconf 91' lang='lat' dir='ltr'><strong>tem-</strong></span> 
     </span>
    </p>
   </div>
   <div class='ocr_carea' id='block_1_67' title="bbox 2594 963 4244 1040">
    <p class='ocr_par' dir='ltr' id='par_1_67' title="bbox 2594 963 4244 1040">
     <span class='ocr_line' id='line_1_67' title="bbox 2594 963 4244 1040; baseline 0.013 -27"><span class='ocrx_word' id='word_1_412' title='bbox 2594 973 2759 1031; x_wconf 90' lang='lat' dir='ltr'><strong>pore,</strong></span> <span class='ocrx_word' id='word_1_413' title='bbox 2804 976 2927 1034; x_wconf 91' lang='lat' dir='ltr'><strong>quo</strong></span> <span class='ocrx_word' id='word_1_414' title='bbox 2980 963 3133 1021; x_wconf 91' lang='lat' dir='ltr'><strong>inter</strong></span> <span class='ocrx_word' id='word_1_415' title='bbox 3181 973 3500 1025; x_wconf 83' lang='lat' dir='ltr'><strong>extraneos</strong></span> <span class='ocrx_word' id='word_1_416' title='bbox 3533 974 3854 1040; x_wconf 90' lang='lat' dir='ltr'><strong>constituti,</strong></span> <span class='ocrx_word' id='word_1_417' title='bbox 3909 978 4244 1035; x_wconf 89' lang='lat' dir='ltr'><strong>amicorum</strong></span> 
     </span>
    </p>
   </div>
   <div class='ocr_carea' id='block_1_68' title="bbox 2593 1055 4244 1126">
    <p class='ocr_par' dir='ltr' id='par_1_68' title="bbox 2593 1055 4244 1126">
     <span class='ocr_line' id='line_1_68' title="bbox 2593 1055 4244 1126; baseline 0.013 -22"><span class='ocrx_word' id='word_1_418' title='bbox 2593 1055 3069 1126; x_wconf 85' lang='lat' dir='ltr'><strong>caterorumque</strong></span> <span class='ocrx_word' id='word_1_419' title='bbox 3133 1056 3520 1115; x_wconf 85' lang='lat' dir='ltr'><strong>familiarium</strong></span> <span class='ocrx_word' id='word_1_420' title='bbox 3572 1064 4012 1122; x_wconf 86' lang='lat' dir='ltr'><strong>necessitudine</strong></span> <span class='ocrx_word' id='word_1_421' title='bbox 4069 1067 4244 1124; x_wconf 91' lang='lat' dir='ltr'><strong>inter-</strong></span> 
     </span>
    </p>
   </div>
   <div class='ocr_carea' id='block_1_69' title="bbox 2595 1139 4244 1228">
    <p class='ocr_par' dir='ltr' id='par_1_69' title="bbox 2595 1139 4244 1228">
     <span class='ocr_line' id='line_1_69' title="bbox 2595 1139 4244 1228; baseline 0.013 -35"><span class='ocrx_word' id='word_1_422' title='bbox 2595 1139 3013 1211; x_wconf 91' lang='lat' dir='ltr'><strong>cludebamur,</strong></span> <span class='ocrx_word' id='word_1_423' title='bbox 3051 1143 3368 1219; x_wconf 90' lang='lat' dir='ltr'><strong>alienaque</strong></span> <span class='ocrx_word' id='word_1_424' title='bbox 3406 1165 3521 1222; x_wconf 89' lang='lat' dir='ltr'><strong>ope</strong></span> <span class='ocrx_word' id='word_1_425' title='bbox 3571 1151 3835 1210; x_wconf 87' lang='lat' dir='ltr'><strong>destituti</strong></span> <span class='ocrx_word' id='word_1_426' title='bbox 3871 1169 4087 1228; x_wconf 91' lang='lat' dir='ltr'><strong>operas</strong></span> <span class='ocrx_word' id='word_1_427' title='bbox 4132 1157 4244 1214; x_wconf 91' lang='lat' dir='ltr'><strong>soli</strong></span> 
     </span>
    </p>
   </div>
   <div class='ocr_carea' id='block_1_70' title="bbox 2597 1232 4245 1318">
    <p class='ocr_par' dir='ltr' id='par_1_70' title="bbox 2597 1232 4245 1318">
     <span class='ocr_line' id='line_1_70' title="bbox 2597 1232 4245 1318; baseline 0.013 -36"><span class='ocrx_word' id='word_1_428' title='bbox 2597 1235 2838 1285; x_wconf 88' lang='lat' dir='ltr'><strong>mutuas</strong></span> <span class='ocrx_word' id='word_1_429' title='bbox 2870 1232 3022 1287; x_wconf 85' lang='lat' dir='ltr'><strong>inter</strong></span> <span class='ocrx_word' id='word_1_430' title='bbox 3053 1249 3165 1289; x_wconf 91' lang='lat' dir='ltr'><strong>nos</strong></span> <span class='ocrx_word' id='word_1_431' title='bbox 3201 1237 3680 1307; x_wconf 89' lang='lat' dir='ltr'><strong>conferebamus,</strong></span> <span class='ocrx_word' id='word_1_432' title='bbox 3714 1248 3893 1316; x_wconf 91' lang='lat' dir='ltr'><strong>atque</strong></span> <span class='ocrx_word' id='word_1_433' title='bbox 3938 1246 4090 1302; x_wconf 90' lang='lat' dir='ltr'><strong>inter</strong></span> <span class='ocrx_word' id='word_1_434' title='bbox 4114 1249 4245 1318; x_wconf 88' lang='lat' dir='ltr'><strong>ipsa</strong></span> 
     </span>
    </p>
   </div>
   <div class='ocr_carea' id='block_1_71' title="bbox 2597 1319 4245 1396">
    <p class='ocr_par' dir='ltr' id='par_1_71' title="bbox 2597 1319 4245 1396">
     <span class='ocr_line' id='line_1_71' title="bbox 2597 1319 4245 1396; baseline 0.013 -25"><span class='ocrx_word' id='word_1_435' title='bbox 2597 1319 2927 1389; x_wconf 83' lang='lat' dir='ltr'><strong>peregrina</strong></span> <span class='ocrx_word' id='word_1_436' title='bbox 2981 1322 3244 1392; x_wconf 90' lang='lat' dir='ltr'><strong>regionis</strong></span> <span class='ocrx_word' id='word_1_437' title='bbox 3295 1325 3706 1396; x_wconf 84' lang='lat' dir='ltr'><strong>incommoda,</strong></span> <span class='ocrx_word' id='word_1_438' title='bbox 3763 1338 3976 1390; x_wconf 90' lang='lat' dir='ltr'><strong>mutuo</strong></span> <span class='ocrx_word' id='word_1_439' title='bbox 4032 1335 4245 1391; x_wconf 90' lang='lat' dir='ltr'><strong>solatio</strong></span> 
     </span>
    </p>
   </div>
   <div class='ocr_carea' id='block_1_72' title="bbox 2597 1406 4251 1490">
    <p class='ocr_par' dir='ltr' id='par_1_72' title="bbox 2597 1406 4251 1490">
     <span class='ocr_line' id='line_1_72' title="bbox 2597 1406 4251 1490; baseline 0.011 -28"><span class='ocrx_word' id='word_1_440' title='bbox 2597 1406 3000 1483; x_wconf 86' lang='lat' dir='ltr'><strong>dolorumque</strong></span> <span class='ocrx_word' id='word_1_441' title='bbox 3060 1412 3328 1470; x_wconf 88' lang='lat' dir='ltr'><strong>fomento</strong></span> <span class='ocrx_word' id='word_1_442' title='bbox 3374 1415 3751 1490; x_wconf 80' lang='lat' dir='ltr'><strong>levabamus,</strong></span> <span class='ocrx_word' id='word_1_443' title='bbox 3795 1428 3960 1479; x_wconf 88' lang='lat' dir='ltr'><strong>tanto</strong></span> <span class='ocrx_word' id='word_1_444' title='bbox 4030 1425 4251 1482; x_wconf 90' lang='lat' dir='ltr'><strong>scilicet</strong></span> 
     </span>
    </p>
   </div>
   <div class='ocr_carea' id='block_1_73' title="bbox 2599 1501 4249 1587">
    <p class='ocr_par' dir='ltr' id='par_1_73' title="bbox 2599 1501 4249 1587">
     <span class='ocr_line' id='line_1_73' title="bbox 2599 1501 4249 1587; baseline 0.013 -36"><span class='ocrx_word' id='word_1_445' title='bbox 2599 1512 2804 1554; x_wconf 89' lang='lat' dir='ltr'><strong>amore</strong></span> <span class='ocrx_word' id='word_1_446' title='bbox 2856 1501 3062 1570; x_wconf 89' lang='lat' dir='ltr'><strong>patria</strong></span> <span class='ocrx_word' id='word_1_447' title='bbox 3111 1502 3532 1578; x_wconf 87' lang='lat' dir='ltr'><strong>desiderioque</strong></span> <span class='ocrx_word' id='word_1_448' title='bbox 3579 1510 3957 1580; x_wconf 90' lang='lat' dir='ltr'><strong>tenebamur,</strong></span> <span class='ocrx_word' id='word_1_449' title='bbox 4010 1514 4070 1569; x_wconf 91' lang='lat' dir='ltr'><strong>in</strong></span> <span class='ocrx_word' id='word_1_450' title='bbox 4125 1531 4249 1587; x_wconf 86' lang='lat' dir='ltr'><strong>qua</strong></span> 
     </span>
    </p>
   </div>
   <div class='ocr_carea' id='block_1_74' title="bbox 2595 1588 4250 1676">
    <p class='ocr_par' dir='ltr' id='par_1_74' title="bbox 2595 1588 4250 1676">
     <span class='ocr_line' id='line_1_74' title="bbox 2595 1588 4250 1676; baseline 0.013 -36"><span class='ocrx_word' id='word_1_451' title='bbox 2595 1602 2718 1642; x_wconf 91' lang='lat' dir='ltr'><strong>non</strong></span> <span class='ocrx_word' id='word_1_452' title='bbox 2742 1588 2868 1643; x_wconf 90' lang='lat' dir='ltr'><strong>sine</strong></span> <span class='ocrx_word' id='word_1_453' title='bbox 2900 1591 3067 1646; x_wconf 88' lang='lat' dir='ltr'><strong>varia</strong></span> <span class='ocrx_word' id='word_1_454' title='bbox 3088 1591 3367 1650; x_wconf 90' lang='lat' dir='ltr'><strong>laborum</strong></span> <span class='ocrx_word' id='word_1_455' title='bbox 3388 1595 3998 1676; x_wconf 82' lang='lat' dir='ltr'><strong>lucubrationumque</strong></span> <span class='ocrx_word' id='word_1_456' title='bbox 4022 1604 4250 1659; x_wconf 87' lang='lat' dir='ltr'><strong>vicissi-</strong></span> 
     </span>
    </p>
   </div>
   <div class='ocr_carea' id='block_1_75' title="bbox 2596 1676 4247 1765">
    <p class='ocr_par' dir='ltr' id='par_1_75' title="bbox 2596 1676 4247 1765">
     <span class='ocr_line' id='line_1_75' title="bbox 2596 1676 4247 1765; baseline 0.013 -35"><span class='ocrx_word' id='word_1_457' title='bbox 2596 1676 2816 1741; x_wconf 89' lang='lat' dir='ltr'><strong>tudine,</strong></span> <span class='ocrx_word' id='word_1_458' title='bbox 2851 1680 3069 1735; x_wconf 87' lang='lat' dir='ltr'><strong>artium</strong></span> <span class='ocrx_word' id='word_1_459' title='bbox 3098 1681 3433 1742; x_wconf 88' lang='lat' dir='ltr'><strong>liberalium</strong></span> <span class='ocrx_word' id='word_1_460' title='bbox 3456 1689 3858 1758; x_wconf 87' lang='lat' dir='ltr'><strong>cognitionem</strong></span> <span class='ocrx_word' id='word_1_461' title='bbox 3881 1709 4247 1765; x_wconf 84' lang='lat' dir='ltr'><strong>concepera-</strong></span> 
     </span>
    </p>
   </div>
   <div class='ocr_carea' id='block_1_76' title="bbox 2595 1774 4247 1852">
    <p class='ocr_par' dir='ltr' id='par_1_76' title="bbox 2595 1774 4247 1852">
     <span class='ocr_line' id='line_1_76' title="bbox 2595 1774 4247 1852; baseline 0.011 -31"><span class='ocrx_word' id='word_1_462' title='bbox 2595 1783 2753 1833; x_wconf 92' lang='lat' dir='ltr'><strong>mus,</strong></span> <span class='ocrx_word' id='word_1_463' title='bbox 2812 1785 3073 1840; x_wconf 88' lang='lat' dir='ltr'><strong>quarum</strong></span> <span class='ocrx_word' id='word_1_464' title='bbox 3122 1774 3368 1842; x_wconf 88' lang='lat' dir='ltr'><strong>argutiis</strong></span> <span class='ocrx_word' id='word_1_465' title='bbox 3416 1780 3474 1832; x_wconf 77' lang='lat' dir='ltr'><strong>ct</strong></span> <span class='ocrx_word' id='word_1_466' title='bbox 3536 1779 3918 1836; x_wconf 90' lang='lat' dir='ltr'><strong>acuminibus</strong></span> <span class='ocrx_word' id='word_1_467' title='bbox 4002 1783 4247 1852; x_wconf 91' lang='lat' dir='ltr'><strong>ingenia</strong></span> 
     </span>
    </p>
   </div>
   <div class='ocr_carea' id='block_1_77' title="bbox 2591 1859 4244 1931">
    <p class='ocr_par' dir='ltr' id='par_1_77' title="bbox 2591 1859 4244 1931">
     <span class='ocr_line' id='line_1_77' title="bbox 2591 1859 4244 1931; baseline 0.011 -21"><span class='ocrx_word' id='word_1_468' title='bbox 2591 1861 2795 1912; x_wconf 89' lang='lat' dir='ltr'><strong>nostra</strong></span> <span class='ocrx_word' id='word_1_469' title='bbox 2811 1859 3171 1917; x_wconf 88' lang='lat' dir='ltr'><strong>meditantes</strong></span> <span class='ocrx_word' id='word_1_470' title='bbox 3193 1877 3674 1931; x_wconf 87' lang='lat' dir='ltr'><strong>exercueramus,</strong></span> <span class='ocrx_word' id='word_1_471' title='bbox 3695 1885 3830 1926; x_wconf 91' lang='lat' dir='ltr'><strong>cum</strong></span> <span class='ocrx_word' id='word_1_472' title='bbox 3854 1870 4140 1927; x_wconf 91' lang='lat' dir='ltr'><strong>nimirum</strong></span> <span class='ocrx_word' id='word_1_473' title='bbox 4167 1873 4244 1927; x_wconf 88' lang='lat' dir='ltr'><strong>ad</strong></span> 
     </span>
    </p>
   </div>
   <div class='ocr_carea' id='block_1_78' title="bbox 2591 1949 4247 2028">
    <p class='ocr_par' dir='ltr' id='par_1_78' title="bbox 2591 1949 4247 2028">
     <span class='ocr_line' id='line_1_78' title="bbox 2591 1949 4247 2028; baseline 0.01 -26"><span class='ocrx_word' id='word_1_474' title='bbox 2591 1961 2695 2002; x_wconf 87' lang='lat' dir='ltr'><strong>eos</strong></span> <span class='ocrx_word' id='word_1_475' title='bbox 2727 1961 2824 2003; x_wconf 93' lang='lat' dir='ltr'><strong>me</strong></span> <span class='ocrx_word' id='word_1_476' title='bbox 2863 1949 3218 2019; x_wconf 90' lang='lat' dir='ltr'><strong>conferrem,</strong></span> <span class='ocrx_word' id='word_1_477' title='bbox 3262 1953 3367 2024; x_wconf 91' lang='lat' dir='ltr'><strong>qui</strong></span> <span class='ocrx_word' id='word_1_478' title='bbox 3417 1955 3721 2026; x_wconf 89' lang='lat' dir='ltr'><strong>majorum</strong></span> <span class='ocrx_word' id='word_1_479' title='bbox 3770 1961 4036 2028; x_wconf 89' lang='lat' dir='ltr'><strong>gentium</strong></span> <span class='ocrx_word' id='word_1_480' title='bbox 4068 1961 4247 2017; x_wconf 78' lang='lat' dir='ltr'><strong>disci-</strong></span> 
     </span>
    </p>
   </div>
   <div class='ocr_carea' id='block_1_79' title="bbox 2590 2035 4242 2115">
    <p class='ocr_par' dir='ltr' id='par_1_79' title="bbox 2590 2035 4242 2115">
     <span class='ocr_line' id='line_1_79' title="bbox 2590 2035 4242 2115; baseline 0.012 -27"><span class='ocrx_word' id='word_1_481' title='bbox 2590 2035 2785 2106; x_wconf 92' lang='lat' dir='ltr'><strong>plinas</strong></span> <span class='ocrx_word' id='word_1_482' title='bbox 2808 2043 2860 2092; x_wconf 91' lang='lat' dir='ltr'><strong>et</strong></span> <span class='ocrx_word' id='word_1_483' title='bbox 2889 2039 3258 2096; x_wconf 87' lang='lat' dir='ltr'><strong>mathemata</strong></span> <span class='ocrx_word' id='word_1_484' title='bbox 3276 2046 3738 2113; x_wconf 83' lang='lat' dir='ltr'><strong>pertractabant,</strong></span> <span class='ocrx_word' id='word_1_485' title='bbox 3763 2047 3858 2103; x_wconf 90' lang='lat' dir='ltr'><strong>ille</strong></span> <span class='ocrx_word' id='word_1_486' title='bbox 3888 2065 4031 2105; x_wconf 86' lang='lat' dir='ltr'><strong>vero</strong></span> <span class='ocrx_word' id='word_1_487' title='bbox 4059 2067 4095 2107; x_wconf 89' lang='lat' dir='ltr'><strong>a</strong></span> <span class='ocrx_word' id='word_1_488' title='bbox 4121 2067 4242 2115; x_wconf 90' lang='lat' dir='ltr'><strong>me,</strong></span> 
     </span>
    </p>
   </div>
   <div class='ocr_carea' id='block_1_80' title="bbox 2589 2129 4244 2214">
    <p class='ocr_par' dir='ltr' id='par_1_80' title="bbox 2589 2129 4244 2214">
     <span class='ocr_line' id='line_1_80' title="bbox 2589 2129 4244 2214; baseline 0.011 -34"><span class='ocrx_word' id='word_1_489' title='bbox 2589 2132 2886 2199; x_wconf 87' lang='lat' dir='ltr'><strong>quantum</strong></span> <span class='ocrx_word' id='word_1_490' title='bbox 2919 2129 3132 2185; x_wconf 90' lang='lat' dir='ltr'><strong>tenella</strong></span> <span class='ocrx_word' id='word_1_491' title='bbox 3182 2133 3349 2202; x_wconf 89' lang='lat' dir='ltr'><strong>pueri</strong></span> <span class='ocrx_word' id='word_1_492' title='bbox 3396 2132 3624 2192; x_wconf 87' lang='lat' dir='ltr'><strong>ferebat</strong></span> <span class='ocrx_word' id='word_1_493' title='bbox 3663 2141 3830 2205; x_wconf 86' lang='lat' dir='ltr'><strong>atas,</strong></span> <span class='ocrx_word' id='word_1_494' title='bbox 3884 2155 4120 2214; x_wconf 89' lang='lat' dir='ltr'><strong>semper</strong></span> <span class='ocrx_word' id='word_1_495' title='bbox 4164 2141 4244 2198; x_wconf 91' lang='lat' dir='ltr'><strong>ab</strong></span> 
     </span>
    </p>
   </div>
   <div class='ocr_carea' id='block_1_81' title="bbox 2588 2215 4245 2302">
    <p class='ocr_par' dir='ltr' id='par_1_81' title="bbox 2588 2215 4245 2302">
     <span class='ocr_line' id='line_1_81' title="bbox 2588 2215 4245 2302; baseline 0.011 -33"><span class='ocrx_word' id='word_1_496' title='bbox 2588 2215 2738 2288; x_wconf 90' lang='lat' dir='ltr'><strong>ipsis</strong></span> <span class='ocrx_word' id='word_1_497' title='bbox 2767 2217 3147 2274; x_wconf 90' lang='lat' dir='ltr'><strong>incunabulis</strong></span> <span class='ocrx_word' id='word_1_498' title='bbox 3201 2221 3281 2276; x_wconf 90' lang='lat' dir='ltr'><strong>ad</strong></span> <span class='ocrx_word' id='word_1_499' title='bbox 3339 2223 3588 2281; x_wconf 88' lang='lat' dir='ltr'><strong>meliora</strong></span> <span class='ocrx_word' id='word_1_500' title='bbox 3635 2242 3896 2299; x_wconf 87' lang='lat' dir='ltr'><strong>quaque</strong></span> <span class='ocrx_word' id='word_1_501' title='bbox 3958 2234 4014 2286; x_wconf 92' lang='lat' dir='ltr'><strong>et</strong></span> <span class='ocrx_word' id='word_1_502' title='bbox 4053 2231 4245 2302; x_wconf 90' lang='lat' dir='ltr'><strong>perfe-</strong></span> 
     </span>
    </p>
   </div>
   <div class='ocr_carea' id='block_1_82' title="bbox 2591 2306 4244 2391">
    <p class='ocr_par' dir='ltr' id='par_1_82' title="bbox 2591 2306 4244 2391">
     <span class='ocr_line' id='line_1_82' title="bbox 2591 2306 4244 2391; baseline 0.01 -30"><span class='ocrx_word' id='word_1_503' title='bbox 2591 2306 2776 2362; x_wconf 88' lang='lat' dir='ltr'><strong>ctiora</strong></span> <span class='ocrx_word' id='word_1_504' title='bbox 2850 2309 3228 2379; x_wconf 89' lang='lat' dir='ltr'><strong>capessenda</strong></span> <span class='ocrx_word' id='word_1_505' title='bbox 3279 2311 3605 2380; x_wconf 87' lang='lat' dir='ltr'><strong>institutus,</strong></span> <span class='ocrx_word' id='word_1_506' title='bbox 3663 2317 3724 2372; x_wconf 91' lang='lat' dir='ltr'><strong>in</strong></span> <span class='ocrx_word' id='word_1_507' title='bbox 3777 2317 3893 2373; x_wconf 89' lang='lat' dir='ltr'><strong>illis</strong></span> <span class='ocrx_word' id='word_1_508' title='bbox 3949 2320 4244 2391; x_wconf 90' lang='lat' dir='ltr'><strong>paulatim</strong></span> 
     </span>
    </p>
   </div>
   <div class='ocr_carea' id='block_1_83' title="bbox 2589 2398 4248 2475">
    <p class='ocr_par' dir='ltr' id='par_1_83' title="bbox 2589 2398 4248 2475">
     <span class='ocr_line' id='line_1_83' title="bbox 2589 2398 4248 2475; baseline 0.01 -25"><span class='ocrx_word' id='word_1_509' title='bbox 2589 2401 2982 2464; x_wconf 84' lang='lat' dir='ltr'><strong>exerceretur,</strong></span> <span class='ocrx_word' id='word_1_510' title='bbox 3035 2398 3241 2471; x_wconf 90' lang='lat' dir='ltr'><strong>sicque</strong></span> <span class='ocrx_word' id='word_1_511' title='bbox 3283 2402 3622 2475; x_wconf 88' lang='lat' dir='ltr'><strong>proﬁceret,</strong></span> <span class='ocrx_word' id='word_1_512' title='bbox 3681 2411 3746 2462; x_wconf 89' lang='lat' dir='ltr'><strong>ut</strong></span> <span class='ocrx_word' id='word_1_513' title='bbox 3793 2408 4040 2464; x_wconf 92' lang='lat' dir='ltr'><strong>tandem</strong></span> <span class='ocrx_word' id='word_1_514' title='bbox 4082 2411 4248 2467; x_wconf 86' lang='lat' dir='ltr'><strong>velut</strong></span> 
     </span>
    </p>
   </div>
   <div class='ocr_carea' id='block_1_84' title="bbox 2589 2486 4246 2573">
    <p class='ocr_par' dir='ltr' id='par_1_84' title="bbox 2589 2486 4246 2573">
     <span class='ocr_line' id='line_1_84' title="bbox 2589 2486 4246 2573; baseline 0.009 -32"><span class='ocrx_word' id='word_1_515' title='bbox 2589 2486 2781 2542; x_wconf 88' lang='lat' dir='ltr'><strong>enatis</strong></span> <span class='ocrx_word' id='word_1_516' title='bbox 2811 2491 2870 2542; x_wconf 87' lang='lat' dir='ltr'><strong>et</strong></span> <span class='ocrx_word' id='word_1_517' title='bbox 2896 2486 3374 2545; x_wconf 88' lang='lat' dir='ltr'><strong>coalescentibus</strong></span> <span class='ocrx_word' id='word_1_518' title='bbox 3406 2493 3621 2564; x_wconf 84' lang='lat' dir='ltr'><strong>pennis</strong></span> <span class='ocrx_word' id='word_1_519' title='bbox 3672 2511 3779 2568; x_wconf 92' lang='lat' dir='ltr'><strong>per</strong></span> <span class='ocrx_word' id='word_1_520' title='bbox 3807 2496 3974 2554; x_wconf 91' lang='lat' dir='ltr'><strong>illum</strong></span> <span class='ocrx_word' id='word_1_521' title='bbox 4015 2498 4246 2573; x_wconf 89' lang='lat' dir='ltr'><strong>dicipli-</strong></span> 
     </span>
    </p>
   </div>
   <div class='ocr_carea' id='block_1_85' title="bbox 2591 2577 4243 2659">
    <p class='ocr_par' dir='ltr' id='par_1_85' title="bbox 2591 2577 4243 2659">
     <span class='ocr_line' id='line_1_85' title="bbox 2591 2577 4243 2659; baseline 0.01 -30"><span class='ocrx_word' id='word_1_522' title='bbox 2591 2591 2809 2631; x_wconf 89' lang='lat' dir='ltr'><strong>narum</strong></span> <span class='ocrx_word' id='word_1_523' title='bbox 2849 2577 3079 2644; x_wconf 87' lang='lat' dir='ltr'><strong>orbem,</strong></span> <span class='ocrx_word' id='word_1_524' title='bbox 3117 2582 3174 2633; x_wconf 92' lang='lat' dir='ltr'><strong>et</strong></span> <span class='ocrx_word' id='word_1_525' title='bbox 3198 2579 3256 2634; x_wconf 89' lang='lat' dir='ltr'><strong>in</strong></span> <span class='ocrx_word' id='word_1_526' title='bbox 3280 2580 3490 2652; x_wconf 88' lang='lat' dir='ltr'><strong>primis</strong></span> <span class='ocrx_word' id='word_1_527' title='bbox 3516 2584 3921 2656; x_wconf 89' lang='lat' dir='ltr'><strong>sophistarum</strong></span> <span class='ocrx_word' id='word_1_528' title='bbox 3951 2592 4243 2659; x_wconf 84' lang='lat' dir='ltr'><strong>argutias,</strong></span> 
     </span>
    </p>
   </div>
   <div class='ocr_carea' id='block_1_86' title="bbox 2590 2665 4248 2750">
    <p class='ocr_par' dir='ltr' id='par_1_86' title="bbox 2590 2665 4248 2750">
     <span class='ocr_line' id='line_1_86' title="bbox 2590 2665 4248 2750; baseline 0.009 -28"><span class='ocrx_word' id='word_1_529' title='bbox 2590 2665 2826 2722; x_wconf 88' lang='lat' dir='ltr'><strong>alarum</strong></span> <span class='ocrx_word' id='word_1_530' title='bbox 2883 2665 3121 2722; x_wconf 88' lang='lat' dir='ltr'><strong>levitate</strong></span> <span class='ocrx_word' id='word_1_531' title='bbox 3172 2669 3514 2742; x_wconf 75' lang='lat' dir='ltr'><strong>subvectus,</strong></span> <span class='ocrx_word' id='word_1_532' title='bbox 3571 2675 3700 2744; x_wconf 90' lang='lat' dir='ltr'><strong>jam</strong></span> <span class='ocrx_word' id='word_1_533' title='bbox 3731 2675 4017 2750; x_wconf 88' lang='lat' dir='ltr'><strong>deinceps</strong></span> <span class='ocrx_word' id='word_1_534' title='bbox 4049 2679 4126 2734; x_wconf 91' lang='lat' dir='ltr'><strong>ad</strong></span> <span class='ocrx_word' id='word_1_535' title='bbox 4177 2697 4248 2737; x_wconf 87' lang='lat' dir='ltr'><strong>ea</strong></span> 
     </span>
    </p>
   </div>
   <div class='ocr_carea' id='block_1_87' title="bbox 2591 2756 4246 2838">
    <p class='ocr_par' dir='ltr' id='par_1_87' title="bbox 2591 2756 4246 2838">
     <span class='ocr_line' id='line_1_87' title="bbox 2591 2756 4246 2838; baseline 0.011 -30"><span class='ocrx_word' id='word_1_536' title='bbox 2591 2772 2835 2828; x_wconf 91' lang='lat' dir='ltr'><strong>quoque</strong></span> <span class='ocrx_word' id='word_1_537' title='bbox 2853 2756 3249 2824; x_wconf 88' lang='lat' dir='ltr'><strong>theoremata,</strong></span> <span class='ocrx_word' id='word_1_538' title='bbox 3268 2775 3404 2831; x_wconf 87' lang='lat' dir='ltr'><strong>qua</strong></span> <span class='ocrx_word' id='word_1_539' title='bbox 3428 2762 3792 2821; x_wconf 88' lang='lat' dir='ltr'><strong>subiimioris</strong></span> <span class='ocrx_word' id='word_1_540' title='bbox 3807 2770 3863 2822; x_wconf 92' lang='lat' dir='ltr'><strong>et</strong></span> <span class='ocrx_word' id='word_1_541' title='bbox 3880 2770 4246 2838; x_wconf 87' lang='lat' dir='ltr'><strong>augustioris</strong></span> 
     </span>
    </p>
   </div>
   <div class='ocr_carea' id='block_1_88' title="bbox 2593 2845 4019 2928">
    <p class='ocr_par' dir='ltr' id='par_1_88' title="bbox 2593 2845 4019 2928">
     <span class='ocr_line' id='line_1_88' title="bbox 2593 2845 4019 2928; baseline 0.009 -27"><span class='ocrx_word' id='word_1_542' title='bbox 2593 2845 3114 2917; x_wconf 89' lang='lat' dir='ltr'><strong>contemplationis</strong></span> <span class='ocrx_word' id='word_1_543' title='bbox 3136 2848 3421 2921; x_wconf 85' lang='lat' dir='ltr'><strong>indigent,</strong></span> <span class='ocrx_word' id='word_1_544' title='bbox 3451 2853 3766 2911; x_wconf 82' lang='lat' dir='ltr'><strong>subvolare</strong></span> <span class='ocrx_word' id='word_1_545' title='bbox 3793 2863 4019 2928; x_wconf 89' lang='lat' dir='ltr'><strong>posset.</strong></span> 
     </span>
    </p>
   </div>
   <div class='ocr_carea' id='block_1_89' title="bbox 2665 2934 4244 3020">
    <p class='ocr_par' dir='ltr' id='par_1_89' title="bbox 2665 2934 4244 3020">
     <span class='ocr_line' id='line_1_89' title="bbox 2665 2934 4244 3020; baseline 0.012 -32"><span class='ocrx_word' id='word_1_546' title='bbox 2665 2934 3193 2993; x_wconf 89' lang='lat' dir='ltr'><strong>Verumenimvero</strong></span> <span class='ocrx_word' id='word_1_547' title='bbox 3223 2955 3362 2996; x_wconf 90' lang='lat' dir='ltr'><strong>cum</strong></span> <span class='ocrx_word' id='word_1_548' title='bbox 3381 2941 3512 3012; x_wconf 93' lang='lat' dir='ltr'><strong>jam</strong></span> <span class='ocrx_word' id='word_1_549' title='bbox 3553 2949 3794 3016; x_wconf 89' lang='lat' dir='ltr'><strong>sumpta</strong></span> <span class='ocrx_word' id='word_1_550' title='bbox 3823 2946 3976 3002; x_wconf 88' lang='lat' dir='ltr'><strong>virili</strong></span> <span class='ocrx_word' id='word_1_551' title='bbox 4001 2953 4140 3020; x_wconf 90' lang='lat' dir='ltr'><strong>toga</strong></span> <span class='ocrx_word' id='word_1_552' title='bbox 4166 2950 4244 3006; x_wconf 89' lang='lat' dir='ltr'><strong>ad</strong></span> 
     </span>
    </p>
   </div>
   <div class='ocr_carea' id='block_1_90' title="bbox 2592 3025 4246 3106">
    <p class='ocr_par' dir='ltr' id='par_1_90' title="bbox 2592 3025 4246 3106">
     <span class='ocr_line' id='line_1_90' title="bbox 2592 3025 4246 3106; baseline 0.01 -25"><span class='ocrx_word' id='word_1_553' title='bbox 2592 3026 2652 3082; x_wconf 91' lang='lat' dir='ltr'><strong>id</strong></span> <span class='ocrx_word' id='word_1_554' title='bbox 2710 3025 2900 3081; x_wconf 88' lang='lat' dir='ltr'><strong>atatis</strong></span> <span class='ocrx_word' id='word_1_555' title='bbox 2948 3026 3332 3096; x_wconf 86' lang='lat' dir='ltr'><strong>adolevisset,</strong></span> <span class='ocrx_word' id='word_1_556' title='bbox 3408 3047 3531 3104; x_wconf 92' lang='lat' dir='ltr'><strong>quo</strong></span> <span class='ocrx_word' id='word_1_557' title='bbox 3596 3033 3844 3106; x_wconf 90' lang='lat' dir='ltr'><strong>quidem</strong></span> <span class='ocrx_word' id='word_1_558' title='bbox 3918 3037 3993 3094; x_wconf 90' lang='lat' dir='ltr'><strong>de</strong></span> <span class='ocrx_word' id='word_1_559' title='bbox 4042 3040 4246 3097; x_wconf 85' lang='lat' dir='ltr'><strong>multis</strong></span> 
     </span>
    </p>
   </div>
   <div class='ocr_carea' id='block_1_91' title="bbox 2593 3115 4244 3201">
    <p class='ocr_par' dir='ltr' id='par_1_91' title="bbox 2593 3115 4244 3201">
     <span class='ocr_line' id='line_1_91' title="bbox 2593 3115 4244 3201; baseline 0.009 -29"><span class='ocrx_word' id='word_1_560' title='bbox 2593 3115 2777 3186; x_wconf 89' lang='lat' dir='ltr'><strong>hujus</strong></span> <span class='ocrx_word' id='word_1_561' title='bbox 2813 3116 2946 3170; x_wconf 81' lang='lat' dir='ltr'><strong>vita</strong></span> <span class='ocrx_word' id='word_1_562' title='bbox 2993 3117 3216 3173; x_wconf 91' lang='lat' dir='ltr'><strong>semitis</strong></span> <span class='ocrx_word' id='word_1_563' title='bbox 3263 3135 3387 3176; x_wconf 91' lang='lat' dir='ltr'><strong>una</strong></span> <span class='ocrx_word' id='word_1_564' title='bbox 3428 3122 3678 3179; x_wconf 90' lang='lat' dir='ltr'><strong>omnino</strong></span> <span class='ocrx_word' id='word_1_565' title='bbox 3733 3125 4040 3196; x_wconf 87' lang='lat' dir='ltr'><strong>seligenda</strong></span> <span class='ocrx_word' id='word_1_566' title='bbox 4091 3135 4244 3201; x_wconf 89' lang='lat' dir='ltr'><strong>erat,</strong></span> 
     </span>
    </p>
   </div>
   <div class='ocr_carea' id='block_1_92' title="bbox 2592 3202 4244 3290">
    <p class='ocr_par' dir='ltr' id='par_1_92' title="bbox 2592 3202 4244 3290">
     <span class='ocr_line' id='line_1_92' title="bbox 2592 3202 4244 3290; baseline 0.01 -32"><span class='ocrx_word' id='word_1_567' title='bbox 2592 3221 2782 3277; x_wconf 90' lang='lat' dir='ltr'><strong>quam</strong></span> <span class='ocrx_word' id='word_1_568' title='bbox 2808 3202 3121 3271; x_wconf 87' lang='lat' dir='ltr'><strong>insisteret,</strong></span> <span class='ocrx_word' id='word_1_569' title='bbox 3152 3212 3256 3264; x_wconf 87' lang='lat' dir='ltr'><strong>aut</strong></span> <span class='ocrx_word' id='word_1_570' title='bbox 3283 3207 3709 3279; x_wconf 87' lang='lat' dir='ltr'><strong>ingrederetur,</strong></span> <span class='ocrx_word' id='word_1_571' title='bbox 3745 3219 3886 3270; x_wconf 89' lang='lat' dir='ltr'><strong>tunc</strong></span> <span class='ocrx_word' id='word_1_572' title='bbox 3933 3219 4244 3290; x_wconf 89' lang='lat' dir='ltr'><strong>temporis,</strong></span> 
     </span>
    </p>
   </div>
   <div class='ocr_carea' id='block_1_93' title="bbox 2594 3294 4250 3376">
    <p class='ocr_par' dir='ltr' id='par_1_93' title="bbox 2594 3294 4250 3376">
     <span class='ocr_line' id='line_1_93' title="bbox 2594 3294 4250 3376; baseline 0.01 -29"><span class='ocrx_word' id='word_1_573' title='bbox 2594 3294 2796 3362; x_wconf 89' lang='lat' dir='ltr'><strong>(eheu,</strong></span> <span class='ocrx_word' id='word_1_574' title='bbox 2830 3294 2934 3366; x_wconf 90' lang='lat' dir='ltr'><strong>qui</strong></span> <span class='ocrx_word' id='word_1_575' title='bbox 2966 3295 3136 3351; x_wconf 90' lang='lat' dir='ltr'><strong>siccis</strong></span> <span class='ocrx_word' id='word_1_576' title='bbox 3161 3297 3350 3353; x_wconf 91' lang='lat' dir='ltr'><strong>oculis</strong></span> <span class='ocrx_word' id='word_1_577' title='bbox 3379 3298 3710 3357; x_wconf 91' lang='lat' dir='ltr'><strong>obductam</strong></span> <span class='ocrx_word' id='word_1_578' title='bbox 3747 3304 4089 3376; x_wconf 88' lang='lat' dir='ltr'><strong>reipublica</strong></span> <span class='ocrx_word' id='word_1_579' title='bbox 4132 3313 4250 3364; x_wconf 90' lang='lat' dir='ltr'><strong>sta-</strong></span> 
     </span>
    </p>
   </div>
   <div class='ocr_carea' id='block_1_94' title="bbox 2596 3385 4251 3464">
    <p class='ocr_par' dir='ltr' id='par_1_94' title="bbox 2596 3385 4251 3464">
     <span class='ocr_line' id='line_1_94' title="bbox 2596 3385 4251 3464; baseline 0.01 -27"><span class='ocrx_word' id='word_1_580' title='bbox 2596 3388 2713 3451; x_wconf 89' lang='lat' dir='ltr'><strong>tus,</strong></span> <span class='ocrx_word' id='word_1_581' title='bbox 2745 3388 2885 3439; x_wconf 91' lang='lat' dir='ltr'><strong>tunc</strong></span> <span class='ocrx_word' id='word_1_582' title='bbox 2923 3385 3194 3442; x_wconf 90' lang='lat' dir='ltr'><strong>inaudita</strong></span> <span class='ocrx_word' id='word_1_583' title='bbox 3223 3388 3488 3444; x_wconf 90' lang='lat' dir='ltr'><strong>novitate</strong></span> <span class='ocrx_word' id='word_1_584' title='bbox 3516 3389 3836 3464; x_wconf 89' lang='lat' dir='ltr'><strong>immutati,</strong></span> <span class='ocrx_word' id='word_1_585' title='bbox 3867 3399 3924 3449; x_wconf 92' lang='lat' dir='ltr'><strong>et</strong></span> <span class='ocrx_word' id='word_1_586' title='bbox 3961 3396 4139 3452; x_wconf 91' lang='lat' dir='ltr'><strong>accisi</strong></span> <span class='ocrx_word' id='word_1_587' title='bbox 4173 3397 4251 3454; x_wconf 91' lang='lat' dir='ltr'><strong>ci-</strong></span> 
     </span>
    </p>
   </div>
   <div class='ocr_carea' id='block_1_95' title="bbox 2597 3473 4254 3557">
    <p class='ocr_par' dir='ltr' id='par_1_95' title="bbox 2597 3473 4254 3557">
     <span class='ocr_line' id='line_1_95' title="bbox 2597 3473 4254 3557; baseline 0.01 -30"><span class='ocrx_word' id='word_1_588' title='bbox 2597 3473 2878 3529; x_wconf 89' lang='lat' dir='ltr'><strong>catricem</strong></span> <span class='ocrx_word' id='word_1_589' title='bbox 2933 3474 3212 3532; x_wconf 87' lang='lat' dir='ltr'><strong>refricare</strong></span> <span class='ocrx_word' id='word_1_590' title='bbox 3269 3479 3540 3549; x_wconf 89' lang='lat' dir='ltr'><strong>potero!)</strong></span> <span class='ocrx_word' id='word_1_591' title='bbox 3595 3484 3738 3537; x_wconf 89' lang='lat' dir='ltr'><strong>tunc</strong></span> <span class='ocrx_word' id='word_1_592' title='bbox 3795 3486 4103 3557; x_wconf 89' lang='lat' dir='ltr'><strong>temporis,</strong></span> <span class='ocrx_word' id='word_1_593' title='bbox 4165 3487 4254 3543; x_wconf 86' lang='lat' dir='ltr'><strong>in-</strong></span> 
     </span>
    </p>
   </div>
   <div class='ocr_carea' id='block_1_96' title="bbox 2596 3563 4254 3646">
    <p class='ocr_par' dir='ltr' id='par_1_96' title="bbox 2596 3563 4254 3646">
     <span class='ocr_line' id='line_1_96' title="bbox 2596 3563 4254 3646; baseline 0.01 -29"><span class='ocrx_word' id='word_1_594' title='bbox 2596 3578 2805 3634; x_wconf 86' lang='lat' dir='ltr'><strong>quam,</strong></span> <span class='ocrx_word' id='word_1_595' title='bbox 2850 3563 3050 3635; x_wconf 88' lang='lat' dir='ltr'><strong>prima</strong></span> <span class='ocrx_word' id='word_1_596' title='bbox 3098 3565 3327 3622; x_wconf 87' lang='lat' dir='ltr'><strong>dissidii</strong></span> <span class='ocrx_word' id='word_1_597' title='bbox 3383 3569 3619 3625; x_wconf 90' lang='lat' dir='ltr'><strong>occasio</strong></span> <span class='ocrx_word' id='word_1_598' title='bbox 3667 3572 3883 3628; x_wconf 86' lang='lat' dir='ltr'><strong>exoriri</strong></span> <span class='ocrx_word' id='word_1_599' title='bbox 3940 3589 4091 3630; x_wconf 88' lang='lat' dir='ltr'><strong>ausa</strong></span> <span class='ocrx_word' id='word_1_600' title='bbox 4142 3579 4254 3646; x_wconf 87' lang='lat' dir='ltr'><strong>est,</strong></span> 
     </span>
    </p>
   </div>
   <div class='ocr_carea' id='block_1_97' title="bbox 2596 3652 4257 3735">
    <p class='ocr_par' dir='ltr' id='par_1_97' title="bbox 2596 3652 4257 3735">
     <span class='ocr_line' id='line_1_97' title="bbox 2596 3652 4257 3735; baseline 0.009 -29"><span class='ocrx_word' id='word_1_601' title='bbox 2596 3666 2731 3723; x_wconf 75' lang='lat' dir='ltr'><strong>quas</strong></span> <span class='ocrx_word' id='word_1_602' title='bbox 2760 3652 3010 3709; x_wconf 89' lang='lat' dir='ltr'><strong>fratrum</strong></span> <span class='ocrx_word' id='word_1_603' title='bbox 3040 3670 3230 3710; x_wconf 92' lang='lat' dir='ltr'><strong>unum</strong></span> <span class='ocrx_word' id='word_1_604' title='bbox 3258 3655 3544 3730; x_wconf 90' lang='lat' dir='ltr'><strong>idemque</strong></span> <span class='ocrx_word' id='word_1_605' title='bbox 3594 3660 3974 3718; x_wconf 89' lang='lat' dir='ltr'><strong>sentientium</strong></span> <span class='ocrx_word' id='word_1_606' title='bbox 4005 3664 4257 3735; x_wconf 89' lang='lat' dir='ltr'><strong>conjun-</strong></span> 
     </span>
    </p>
   </div>
   <div class='ocr_carea' id='block_1_98' title="bbox 2597 3742 4255 3824">
    <p class='ocr_par' dir='ltr' id='par_1_98' title="bbox 2597 3742 4255 3824">
     <span class='ocr_line' id='line_1_98' title="bbox 2597 3742 4255 3824; baseline 0.01 -28"><span class='ocrx_word' id='word_1_607' title='bbox 2597 3743 2854 3798; x_wconf 88' lang='lat' dir='ltr'><strong>ctionem</strong></span> <span class='ocrx_word' id='word_1_608' title='bbox 2929 3742 3170 3801; x_wconf 89' lang='lat' dir='ltr'><strong>diversa</strong></span> <span class='ocrx_word' id='word_1_609' title='bbox 3229 3746 3362 3802; x_wconf 88' lang='lat' dir='ltr'><strong>vita</strong></span> <span class='ocrx_word' id='word_1_610' title='bbox 3443 3748 3784 3805; x_wconf 91' lang='lat' dir='ltr'><strong>conditione</strong></span> <span class='ocrx_word' id='word_1_611' title='bbox 3858 3750 4255 3824; x_wconf 88' lang='lat' dir='ltr'><strong>disjungeret.</strong></span> 
     </span>
    </p>
   </div>
   <div class='ocr_carea' id='block_1_99' title="bbox 2595 3833 4256 3914">
    <p class='ocr_par' dir='ltr' id='par_1_99' title="bbox 2595 3833 4256 3914">
     <span class='ocr_line' id='line_1_99' title="bbox 2595 3833 4256 3914; baseline 0.008 -27"><span class='ocrx_word' id='word_1_612' title='bbox 2595 3837 2786 3906; x_wconf 88' lang='lat' dir='ltr'><strong>Atque</strong></span> <span class='ocrx_word' id='word_1_613' title='bbox 2807 3833 2955 3889; x_wconf 90' lang='lat' dir='ltr'><strong>mihi</strong></span> <span class='ocrx_word' id='word_1_614' title='bbox 2981 3833 3230 3906; x_wconf 91' lang='lat' dir='ltr'><strong>quidem</strong></span> <span class='ocrx_word' id='word_1_615' title='bbox 3257 3840 3463 3909; x_wconf 82' lang='lat' dir='ltr'><strong>(quem</strong></span> <span class='ocrx_word' id='word_1_616' title='bbox 3496 3842 3772 3911; x_wconf 91' lang='lat' dir='ltr'><strong>parentes</strong></span> <span class='ocrx_word' id='word_1_617' title='bbox 3805 3857 3841 3896; x_wconf 93' lang='lat' dir='ltr'><strong>a</strong></span> <span class='ocrx_word' id='word_1_618' title='bbox 3871 3857 4080 3914; x_wconf 90' lang='lat' dir='ltr'><strong>puero,</strong></span> <span class='ocrx_word' id='word_1_619' title='bbox 4122 3851 4256 3901; x_wconf 87' lang='lat' dir='ltr'><strong>tan-</strong></span> 
     </span>
    </p>
   </div>
   <div class='ocr_carea' id='block_1_100' title="bbox 2593 3925 4254 4001">
    <p class='ocr_par' dir='ltr' id='par_1_100' title="bbox 2593 3925 4254 4001">
     <span class='ocr_line' id='line_1_100' title="bbox 2593 3925 4254 4001; baseline 0.008 -21"><span class='ocrx_word' id='word_1_620' title='bbox 2593 3940 2779 3997; x_wconf 87' lang='lat' dir='ltr'><strong>quam</strong></span> <span class='ocrx_word' id='word_1_621' title='bbox 2829 3925 3055 3982; x_wconf 89' lang='lat' dir='ltr'><strong>sobolis</strong></span> <span class='ocrx_word' id='word_1_622' title='bbox 3087 3943 3212 3983; x_wconf 90' lang='lat' dir='ltr'><strong>sua</strong></span> <span class='ocrx_word' id='word_1_623' title='bbox 3261 3929 3575 4001; x_wconf 89' lang='lat' dir='ltr'><strong>primitias,</strong></span> <span class='ocrx_word' id='word_1_624' title='bbox 3627 3932 3782 3987; x_wconf 89' lang='lat' dir='ltr'><strong>sacri</strong></span> <span class='ocrx_word' id='word_1_625' title='bbox 3834 3933 4038 3989; x_wconf 89' lang='lat' dir='ltr'><strong>altaris</strong></span> <span class='ocrx_word' id='word_1_626' title='bbox 4081 3936 4254 3994; x_wconf 84' lang='lat' dir='ltr'><strong>mini-</strong></span> 
     </span>
    </p>
   </div>
   <div class='ocr_carea' id='block_1_101' title="bbox 2592 4016 4248 4098">
    <p class='ocr_par' dir='ltr' id='par_1_101' title="bbox 2592 4016 4248 4098">
     <span class='ocr_line' id='line_1_101' title="bbox 2592 4016 4248 4098; baseline 0.008 -28"><span class='ocrx_word' id='word_1_627' title='bbox 2592 4017 2768 4073; x_wconf 89' lang='lat' dir='ltr'><strong>sterio</strong></span> <span class='ocrx_word' id='word_1_628' title='bbox 2799 4016 3332 4088; x_wconf 88' lang='lat' dir='ltr'><strong>inauguraverant)</strong></span> <span class='ocrx_word' id='word_1_629' title='bbox 3365 4019 3489 4075; x_wconf 89' lang='lat' dir='ltr'><strong>vita</strong></span> <span class='ocrx_word' id='word_1_630' title='bbox 3539 4021 3773 4093; x_wconf 88' lang='lat' dir='ltr'><strong>privata</strong></span> <span class='ocrx_word' id='word_1_631' title='bbox 3803 4021 3895 4079; x_wconf 91' lang='lat' dir='ltr'><strong>vel</strong></span> <span class='ocrx_word' id='word_1_632' title='bbox 3947 4024 4248 4098; x_wconf 87' lang='lat' dir='ltr'><strong>imprimis</strong></span> 
     </span>
    </p>
   </div>
   <div class='ocr_carea' id='block_1_102' title="bbox 2591 4107 4245 4186">
    <p class='ocr_par' dir='ltr' id='par_1_102' title="bbox 2591 4107 4245 4186">
     <span class='ocr_line' id='line_1_102' title="bbox 2591 4107 4245 4186; baseline 0.008 -24"><span class='ocrx_word' id='word_1_633' title='bbox 2591 4107 2916 4163; x_wconf 88' lang='lat' dir='ltr'><strong>arridebat.</strong></span> <span class='ocrx_word' id='word_1_634' title='bbox 2949 4108 3154 4180; x_wconf 89' lang='lat' dir='ltr'><strong>itaque</strong></span> <span class='ocrx_word' id='word_1_635' title='bbox 3193 4123 3376 4165; x_wconf 89' lang='lat' dir='ltr'><strong>unam</strong></span> <span class='ocrx_word' id='word_1_636' title='bbox 3408 4111 3550 4183; x_wconf 91' lang='lat' dir='ltr'><strong>petii</strong></span> <span class='ocrx_word' id='word_1_637' title='bbox 3583 4128 3617 4167; x_wconf 92' lang='lat' dir='ltr'><strong>a</strong></span> <span class='ocrx_word' id='word_1_638' title='bbox 3641 4111 3914 4186; x_wconf 93' lang='lat' dir='ltr'><strong>Domino,</strong></span> <span class='ocrx_word' id='word_1_639' title='bbox 3933 4119 3998 4171; x_wconf 90' lang='lat' dir='ltr'><strong>ut</strong></span> <span class='ocrx_word' id='word_1_640' title='bbox 4033 4122 4245 4175; x_wconf 88' lang='lat' dir='ltr'><strong>sancto</strong></span> 
     </span>
    </p>
   </div>
   <div class='ocr_carea' id='block_1_103' title="bbox 2587 4198 4238 4276">
    <p class='ocr_par' dir='ltr' id='par_1_103' title="bbox 2587 4198 4238 4276">
     <span class='ocr_line' id='line_1_103' title="bbox 2587 4198 4238 4276; baseline 0.008 -25"><span class='ocrx_word' id='word_1_641' title='bbox 2587 4199 2718 4268; x_wconf 89' lang='lat' dir='ltr'><strong>ejus</strong></span> <span class='ocrx_word' id='word_1_642' title='bbox 2760 4198 2985 4270; x_wconf 92' lang='lat' dir='ltr'><strong>templo</strong></span> <span class='ocrx_word' id='word_1_643' title='bbox 3036 4199 3393 4270; x_wconf 85' lang='lat' dir='ltr'><strong>praﬁcerer,</strong></span> <span class='ocrx_word' id='word_1_644' title='bbox 3447 4216 3557 4257; x_wconf 90' lang='lat' dir='ltr'><strong>nec</strong></span> <span class='ocrx_word' id='word_1_645' title='bbox 3609 4202 3688 4258; x_wconf 93' lang='lat' dir='ltr'><strong>ad</strong></span> <span class='ocrx_word' id='word_1_646' title='bbox 3717 4204 3947 4261; x_wconf 91' lang='lat' dir='ltr'><strong>tantula</strong></span> <span class='ocrx_word' id='word_1_647' title='bbox 3974 4207 4238 4276; x_wconf 90' lang='lat' dir='ltr'><strong>negotia,</strong></span> 
     </span>
    </p>
   </div>
   <div class='ocr_carea' id='block_1_104' title="bbox 2585 4287 4240 4361">
    <p class='ocr_par' dir='ltr' id='par_1_104' title="bbox 2585 4287 4240 4361">
     <span class='ocr_line' id='line_1_104' title="bbox 2585 4287 4240 4361; baseline 0.008 -19"><span class='ocrx_word' id='word_1_648' title='bbox 2585 4287 2890 4358; x_wconf 91' lang='lat' dir='ltr'><strong>quantulis</strong></span> <span class='ocrx_word' id='word_1_649' title='bbox 2927 4289 3246 4344; x_wconf 90' lang='lat' dir='ltr'><strong>hominum</strong></span> <span class='ocrx_word' id='word_1_650' title='bbox 3278 4289 3494 4360; x_wconf 89' lang='lat' dir='ltr'><strong>vulgus</strong></span> <span class='ocrx_word' id='word_1_651' title='bbox 3527 4289 3701 4348; x_wconf 89' lang='lat' dir='ltr'><strong>obrui</strong></span> <span class='ocrx_word' id='word_1_652' title='bbox 3750 4293 3919 4361; x_wconf 89' lang='lat' dir='ltr'><strong>solet,</strong></span> <span class='ocrx_word' id='word_1_653' title='bbox 3959 4297 4240 4355; x_wconf 88' lang='lat' dir='ltr'><strong>animum</strong></span> 
     </span>
    </p>
   </div>
   <div class='ocr_carea' id='block_1_105' title="bbox 2583 4376 4236 4463">
    <p class='ocr_par' dir='ltr' id='par_1_105' title="bbox 2583 4376 4236 4463">
     <span class='ocr_line' id='line_1_105' title="bbox 2583 4376 4236 4463; baseline 0.007 -31"><span class='ocrx_word' id='word_1_654' title='bbox 2583 4376 2965 4450; x_wconf 87' lang='lat' dir='ltr'><strong>applicarem,</strong></span> <span class='ocrx_word' id='word_1_655' title='bbox 2999 4378 3106 4435; x_wconf 90' lang='lat' dir='ltr'><strong>sed</strong></span> <span class='ocrx_word' id='word_1_656' title='bbox 3136 4381 3336 4451; x_wconf 89' lang='lat' dir='ltr'><strong>potius</strong></span> <span class='ocrx_word' id='word_1_657' title='bbox 3367 4378 3566 4436; x_wconf 90' lang='lat' dir='ltr'><strong>bonas</strong></span> <span class='ocrx_word' id='word_1_658' title='bbox 3591 4383 3772 4463; x_wconf 90' lang='lat' dir='ltr'><strong>horas</strong></span> <span class='ocrx_word' id='word_1_659' title='bbox 3803 4385 3923 4440; x_wconf 88' lang='lat' dir='ltr'><strong>otio</strong></span> <span class='ocrx_word' id='word_1_660' title='bbox 3953 4385 4236 4458; x_wconf 89' lang='lat' dir='ltr'><strong>literario,</strong></span> 
     </span>
    </p>
   </div>
   <div class='ocr_carea' id='block_1_106' title="bbox 2498 4468 4238 4550">
    <p class='ocr_par' dir='ltr' id='par_1_106' title="bbox 2498 4468 4238 4550">
     <span class='ocr_line' id='line_1_106' title="bbox 2498 4468 4238 4550; baseline 0.008 -29"><span class='ocrx_word' id='word_1_661' title='bbox 2498 4497 2538 4550; x_wconf 73' lang='grc' dir='ltr'>ο</span> <span class='ocrx_word' id='word_1_662' title='bbox 2581 4468 3042 4543; x_wconf 87' lang='lat' dir='ltr'><strong>evolvendisque</strong></span> <span class='ocrx_word' id='word_1_663' title='bbox 3071 4474 3342 4526; x_wconf 89' lang='lat' dir='ltr'><strong>veterum</strong></span> <span class='ocrx_word' id='word_1_664' title='bbox 3380 4473 3615 4545; x_wconf 85' lang='lat' dir='ltr'><strong>scriptis</strong></span> <span class='ocrx_word' id='word_1_665' title='bbox 3645 4490 4091 4532; x_wconf 89' lang='lat' dir='ltr'><strong>consumerem.</strong></span> <span class='ocrx_word' id='word_1_666' title='bbox 4133 4478 4238 4536; x_wconf 89' lang='lat' dir='ltr'><strong>Ille</strong></span> 
     </span>
    </p>
   </div>
   <div class='ocr_carea' id='block_1_107' title="bbox 2581 4562 4237 4633">
    <p class='ocr_par' dir='ltr' id='par_1_107' title="bbox 2581 4562 4237 4633">
     <span class='ocr_line' id='line_1_107' title="bbox 2581 4562 4237 4633; baseline 0.007 -19"><span class='ocrx_word' id='word_1_667' title='bbox 2581 4575 2719 4615; x_wconf 89' lang='lat' dir='ltr'><strong>vero</strong></span> <span class='ocrx_word' id='word_1_668' title='bbox 2742 4564 3070 4633; x_wconf 91' lang='lat' dir='ltr'><strong>antequam</strong></span> <span class='ocrx_word' id='word_1_669' title='bbox 3097 4567 3326 4617; x_wconf 88' lang='lat' dir='ltr'><strong>certum</strong></span> <span class='ocrx_word' id='word_1_670' title='bbox 3353 4562 3540 4619; x_wconf 88' lang='lat' dir='ltr'><strong>ullum</strong></span> <span class='ocrx_word' id='word_1_671' title='bbox 3569 4564 3962 4632; x_wconf 85' lang='lat' dir='ltr'><strong>scholastica,</strong></span> <span class='ocrx_word' id='word_1_672' title='bbox 3995 4568 4237 4626; x_wconf 88' lang='lat' dir='ltr'><strong>nudave</strong></span> 
     </span>
    </p>
   </div>
   <div class='ocr_carea' id='block_1_108' title="bbox 2575 4653 4238 4730">
    <p class='ocr_par' dir='ltr' id='par_1_108' title="bbox 2575 4653 4238 4730">
     <span class='ocr_line' id='line_1_108' title="bbox 2575 4653 4238 4730; baseline 0.007 -25"><span class='ocrx_word' id='word_1_673' title='bbox 2575 4665 2784 4706; x_wconf 89' lang='lat' dir='ltr'><strong>eorum</strong></span> <span class='ocrx_word' id='word_1_674' title='bbox 2815 4667 2952 4723; x_wconf 84' lang='lat' dir='ltr'><strong>qua</strong></span> <span class='ocrx_word' id='word_1_675' title='bbox 2980 4657 3116 4706; x_wconf 88' lang='lat' dir='ltr'><strong>sunt</strong></span> <span class='ocrx_word' id='word_1_676' title='bbox 3147 4653 3504 4724; x_wconf 90' lang='lat' dir='ltr'><strong>cognitionis</strong></span> <span class='ocrx_word' id='word_1_677' title='bbox 3534 4659 3590 4710; x_wconf 91' lang='lat' dir='ltr'><strong>et</strong></span> <span class='ocrx_word' id='word_1_678' title='bbox 3630 4654 3892 4711; x_wconf 84' lang='lat' dir='ltr'><strong>scientia</strong></span> <span class='ocrx_word' id='word_1_679' title='bbox 3925 4658 4238 4730; x_wconf 89' lang='lat' dir='ltr'><strong>specimen</strong></span> 
     </span>
    </p>
   </div>
   <div class='ocr_carea' id='block_1_109' title="bbox 2573 4739 4235 4804">
    <p class='ocr_par' dir='ltr' id='par_1_109' title="bbox 2573 4739 4235 4804">
     <span class='ocr_line' id='line_1_109' title="bbox 2573 4739 4235 4804; baseline 0.006 -10"><span class='ocrx_word' id='word_1_680' title='bbox 2573 4739 2858 4803; x_wconf 86' lang='lat' dir='ltr'><strong>dedisset,</strong></span> <span class='ocrx_word' id='word_1_681' title='bbox 2903 4745 3092 4796; x_wconf 89' lang='lat' dir='ltr'><strong>totum</strong></span> <span class='ocrx_word' id='word_1_682' title='bbox 3143 4757 3204 4796; x_wconf 92' lang='lat' dir='ltr'><strong>se</strong></span> <span class='ocrx_word' id='word_1_683' title='bbox 3255 4743 3311 4796; x_wconf 87' lang='lat' dir='ltr'><strong>in</strong></span> <span class='ocrx_word' id='word_1_684' title='bbox 3366 4759 3436 4799; x_wconf 89' lang='lat' dir='ltr'><strong>eo</strong></span> <span class='ocrx_word' id='word_1_685' title='bbox 3467 4743 3604 4799; x_wconf 87' lang='lat' dir='ltr'><strong>vita</strong></span> <span class='ocrx_word' id='word_1_686' title='bbox 3636 4749 3793 4800; x_wconf 89' lang='lat' dir='ltr'><strong>statu</strong></span> <span class='ocrx_word' id='word_1_687' title='bbox 3853 4751 3910 4802; x_wconf 92' lang='lat' dir='ltr'><strong>et</strong></span> <span class='ocrx_word' id='word_1_688' title='bbox 3961 4746 4235 4804; x_wconf 91' lang='lat' dir='ltr'><strong>instituto</strong></span> 
     </span>
    </p>
   </div>
   <div class='ocr_carea' id='block_1_110' title="bbox 2572 4830 4235 4913">
    <p class='ocr_par' dir='ltr' id='par_1_110' title="bbox 2572 4830 4235 4913">
     <span class='ocr_line' id='line_1_110' title="bbox 2572 4830 4235 4913; baseline 0.006 -28"><span class='ocrx_word' id='word_1_689' title='bbox 2572 4830 2722 4887; x_wconf 88' lang='lat' dir='ltr'><strong>ultro</strong></span> <span class='ocrx_word' id='word_1_690' title='bbox 2754 4831 3086 4899; x_wconf 89' lang='lat' dir='ltr'><strong>collocavit,</strong></span> <span class='ocrx_word' id='word_1_691' title='bbox 3135 4832 3301 4906; x_wconf 94' lang='lat' dir='ltr'><strong>quod</strong></span> <span class='ocrx_word' id='word_1_692' title='bbox 3332 4833 3409 4890; x_wconf 92' lang='lat' dir='ltr'><strong>ad</strong></span> <span class='ocrx_word' id='word_1_693' title='bbox 3439 4834 3744 4891; x_wconf 88' lang='lat' dir='ltr'><strong>humanas</strong></span> <span class='ocrx_word' id='word_1_694' title='bbox 3796 4835 4063 4893; x_wconf 91' lang='lat' dir='ltr'><strong>actiones</strong></span> <span class='ocrx_word' id='word_1_695' title='bbox 4094 4855 4235 4913; x_wconf 83' lang='lat' dir='ltr'><strong>pro-</strong></span> 
     </span>
    </p>
   </div>
   <div class='ocr_carea' id='block_1_111' title="bbox 2569 4917 4234 4999">
    <p class='ocr_par' dir='ltr' id='par_1_111' title="bbox 2569 4917 4234 4999">
     <span class='ocr_line' id='line_1_111' title="bbox 2569 4917 4234 4999; baseline 0.007 -24"><span class='ocrx_word' id='word_1_696' title='bbox 2569 4920 2834 4993; x_wconf 90' lang='lat' dir='ltr'><strong>pensius,</strong></span> <span class='ocrx_word' id='word_1_697' title='bbox 2875 4921 3219 4994; x_wconf 76' lang='lat' dir='ltr'><strong>reipublicae</strong></span> <span class='ocrx_word' id='word_1_698' title='bbox 3260 4917 3606 4993; x_wconf 85' lang='lat' dir='ltr'><strong>studiosius,</strong></span> <span class='ocrx_word' id='word_1_699' title='bbox 3649 4923 3910 4999; x_wconf 84' lang='lat' dir='ltr'><strong>denique</strong></span> <span class='ocrx_word' id='word_1_700' title='bbox 3954 4925 4234 4999; x_wconf 76' lang='lat' dir='ltr'><strong>pluribus</strong></span> 
     </span>
    </p>
   </div>
   <div class='ocr_carea' id='block_1_112' title="bbox 2568 5012 4234 5089">
    <p class='ocr_par' dir='ltr' id='par_1_112' title="bbox 2568 5012 4234 5089">
     <span class='ocr_line' id='line_1_112' title="bbox 2568 5012 4234 5089; baseline 0.005 -23"><span class='ocrx_word' id='word_1_701' title='bbox 2568 5012 2906 5082; x_wconf 86' lang='lat' dir='ltr'><strong>expositum</strong></span> <span class='ocrx_word' id='word_1_702' title='bbox 2948 5012 3104 5067; x_wconf 89' lang='lat' dir='ltr'><strong>curis</strong></span> <span class='ocrx_word' id='word_1_703' title='bbox 3147 5020 3254 5080; x_wconf 85' lang='lat' dir='ltr'><strong>est,</strong></span> <span class='ocrx_word' id='word_1_704' title='bbox 3301 5029 3486 5086; x_wconf 89' lang='lat' dir='ltr'><strong>quam</strong></span> <span class='ocrx_word' id='word_1_705' title='bbox 3529 5014 3580 5069; x_wconf 93' lang='lat' dir='ltr'><strong>ei</strong></span> <span class='ocrx_word' id='word_1_706' title='bbox 3615 5015 3718 5088; x_wconf 89' lang='lat' dir='ltr'><strong>qui</strong></span> <span class='ocrx_word' id='word_1_707' title='bbox 3773 5015 3927 5072; x_wconf 92' lang='lat' dir='ltr'><strong>serio</strong></span> <span class='ocrx_word' id='word_1_708' title='bbox 3966 5018 4234 5089; x_wconf 89' lang='lat' dir='ltr'><strong>philoso-</strong></span> 
     </span>
    </p>
   </div>
   <div class='ocr_carea' id='block_1_113' title="bbox 2567 5102 4232 5180">
    <p class='ocr_par' dir='ltr' id='par_1_113' title="bbox 2567 5102 4232 5180">
     <span class='ocr_line' id='line_1_113' title="bbox 2567 5102 4232 5180; baseline 0.006 -24"><span class='ocrx_word' id='word_1_709' title='bbox 2567 5102 2740 5173; x_wconf 89' lang='lat' dir='ltr'><strong>phari</strong></span> <span class='ocrx_word' id='word_1_710' title='bbox 2795 5102 2947 5172; x_wconf 88' lang='lat' dir='ltr'><strong>velit,</strong></span> <span class='ocrx_word' id='word_1_711' title='bbox 3000 5103 3296 5174; x_wconf 87' lang='lat' dir='ltr'><strong>expediat.</strong></span> <span class='ocrx_word' id='word_1_712' title='bbox 3361 5106 3431 5161; x_wconf 89' lang='lat' dir='ltr'><strong>Ut</strong></span> <span class='ocrx_word' id='word_1_713' title='bbox 3475 5109 3676 5160; x_wconf 90' lang='lat' dir='ltr'><strong>autem</strong></span> <span class='ocrx_word' id='word_1_714' title='bbox 3721 5106 3886 5179; x_wconf 92' lang='lat' dir='ltr'><strong>quod</strong></span> <span class='ocrx_word' id='word_1_715' title='bbox 3934 5106 4062 5180; x_wconf 78' lang='lat' dir='ltr'><strong>ipse</strong></span> <span class='ocrx_word' id='word_1_716' title='bbox 4115 5110 4232 5167; x_wconf 89' lang='lat' dir='ltr'><strong>sibi</strong></span> 
     </span>
    </p>
   </div>
   <div class='ocr_carea' id='block_1_114' title="bbox 2565 5192 4234 5270">
    <p class='ocr_par' dir='ltr' id='par_1_114' title="bbox 2565 5192 4234 5270">
     <span class='ocr_line' id='line_1_114' title="bbox 2565 5192 4234 5270; baseline 0.005 -24"><span class='ocrx_word' id='word_1_717' title='bbox 2565 5192 2924 5264; x_wconf 87' lang='lat' dir='ltr'><strong>subjecerat,</strong></span> <span class='ocrx_word' id='word_1_718' title='bbox 2971 5198 3149 5265; x_wconf 89' lang='lat' dir='ltr'><strong>atque</strong></span> <span class='ocrx_word' id='word_1_719' title='bbox 3183 5194 3349 5266; x_wconf 91' lang='lat' dir='ltr'><strong>apud</strong></span> <span class='ocrx_word' id='word_1_720' title='bbox 3380 5194 3654 5250; x_wconf 89' lang='lat' dir='ltr'><strong>animum</strong></span> <span class='ocrx_word' id='word_1_721' title='bbox 3686 5213 3860 5251; x_wconf 90' lang='lat' dir='ltr'><strong>suum</strong></span> <span class='ocrx_word' id='word_1_722' title='bbox 3897 5214 4234 5270; x_wconf 88' lang='lat' dir='ltr'><strong>proposue-</strong></span> 
     </span>
    </p>
   </div>
   <div class='ocr_carea' id='block_1_115' title="bbox 2561 5282 4230 5358">
    <p class='ocr_par' dir='ltr' id='par_1_115' title="bbox 2561 5282 4230 5358">
     <span class='ocr_line' id='line_1_115' title="bbox 2561 5282 4230 5358; baseline 0.005 -22"><span class='ocrx_word' id='word_1_723' title='bbox 2561 5287 2671 5348; x_wconf 91' lang='lat' dir='ltr'><strong>rat,</strong></span> <span class='ocrx_word' id='word_1_724' title='bbox 2719 5283 2780 5338; x_wconf 92' lang='lat' dir='ltr'><strong>in</strong></span> <span class='ocrx_word' id='word_1_725' title='bbox 2824 5282 3173 5338; x_wconf 88' lang='lat' dir='ltr'><strong>melioribus</strong></span> <span class='ocrx_word' id='word_1_726' title='bbox 3225 5285 3529 5355; x_wconf 90' lang='lat' dir='ltr'><strong>auspiciis,</strong></span> <span class='ocrx_word' id='word_1_727' title='bbox 3577 5285 3896 5358; x_wconf 88' lang='lat' dir='ltr'><strong>magisque</strong></span> <span class='ocrx_word' id='word_1_728' title='bbox 3937 5303 3967 5342; x_wconf 94' lang='lat' dir='ltr'><strong>e</strong></span> <span class='ocrx_word' id='word_1_729' title='bbox 4010 5305 4071 5342; x_wconf 94' lang='lat' dir='ltr'><strong>re</strong></span> <span class='ocrx_word' id='word_1_730' title='bbox 4113 5306 4230 5347; x_wconf 92' lang='lat' dir='ltr'><strong>sua</strong></span> 
     </span>
    </p>
   </div>
   <div class='ocr_carea' id='block_1_116' title="bbox 2562 5374 4228 5447">
    <p class='ocr_par' dir='ltr' id='par_1_116' title="bbox 2562 5374 4228 5447">
     <span class='ocr_line' id='line_1_116' title="bbox 2562 5374 4228 5447; baseline 0.006 -20"><span class='ocrx_word' id='word_1_731' title='bbox 2562 5374 2930 5441; x_wconf 89' lang='lat' dir='ltr'><strong>succederet,</strong></span> <span class='ocrx_word' id='word_1_732' title='bbox 3001 5374 3344 5429; x_wconf 90' lang='lat' dir='ltr'><strong>cautionem</strong></span> <span class='ocrx_word' id='word_1_733' title='bbox 3400 5391 3644 5447; x_wconf 91' lang='lat' dir='ltr'><strong>quoque</strong></span> <span class='ocrx_word' id='word_1_734' title='bbox 3722 5381 3778 5431; x_wconf 94' lang='lat' dir='ltr'><strong>et</strong></span> <span class='ocrx_word' id='word_1_735' title='bbox 3846 5377 4228 5446; x_wconf 78' lang='lat' dir='ltr'><strong>diligentiam</strong></span> 
     </span>
    </p>
   </div>
   <div class='ocr_carea' id='block_1_117' title="bbox 2558 5463 4223 5539">
    <p class='ocr_par' dir='ltr' id='par_1_117' title="bbox 2558 5463 4223 5539">
     <span class='ocr_line' id='line_1_117' title="bbox 2558 5463 4223 5539; baseline 0.003 -19"><span class='ocrx_word' id='word_1_736' title='bbox 2558 5463 2854 5520; x_wconf 87' lang='lat' dir='ltr'><strong>adhibuit.</strong></span> <span class='ocrx_word' id='word_1_737' title='bbox 2911 5468 3119 5536; x_wconf 85' lang='lat' dir='ltr'><strong>Itaque</strong></span> <span class='ocrx_word' id='word_1_738' title='bbox 3157 5464 3503 5521; x_wconf 87' lang='lat' dir='ltr'><strong>facultatem</strong></span> <span class='ocrx_word' id='word_1_739' title='bbox 3554 5471 3610 5522; x_wconf 92' lang='lat' dir='ltr'><strong>et</strong></span> <span class='ocrx_word' id='word_1_740' title='bbox 3663 5468 3903 5539; x_wconf 88' lang='lat' dir='ltr'><strong>copiam</strong></span> <span class='ocrx_word' id='word_1_741' title='bbox 3957 5468 4223 5537; x_wconf 91' lang='lat' dir='ltr'><strong>dicendi,</strong></span> 
     </span>
    </p>
   </div>
   <div class='ocr_carea' id='block_1_118' title="bbox 2548 5553 4228 5629">
    <p class='ocr_par' dir='ltr' id='par_1_118' title="bbox 2548 5553 4228 5629">
     <span class='ocr_line' id='line_1_118' title="bbox 2548 5553 4228 5629; baseline 0.006 -22"><span class='ocrx_word' id='word_1_742' title='bbox 2548 5553 2821 5626; x_wconf 88' lang='lat' dir='ltr'><strong>jurisque</strong></span> <span class='ocrx_word' id='word_1_743' title='bbox 2855 5553 3042 5609; x_wconf 79' lang='lat' dir='ltr'><strong>civilis</strong></span> <span class='ocrx_word' id='word_1_744' title='bbox 3073 5554 3386 5610; x_wconf 89' lang='lat' dir='ltr'><strong>scientiam</strong></span> <span class='ocrx_word' id='word_1_745' title='bbox 3427 5561 3658 5627; x_wconf 88' lang='lat' dir='ltr'><strong>quanta</strong></span> <span class='ocrx_word' id='word_1_746' title='bbox 3685 5557 3877 5628; x_wconf 90' lang='lat' dir='ltr'><strong>potuit</strong></span> <span class='ocrx_word' id='word_1_747' title='bbox 3909 5559 4131 5629; x_wconf 86' lang='lat' dir='ltr'><strong>agendi</strong></span> <span class='ocrx_word' id='word_1_748' title='bbox 4164 5566 4228 5618; x_wconf 83' lang='lat' dir='ltr'><strong>et</strong></span> 
     </span>
    </p>
   </div>
   <div class='ocr_carea' id='block_1_119' title="bbox 833 5715 3833 5797">
    <p class='ocr_par' dir='ltr' id='par_1_119' title="bbox 833 5715 3833 5797">
     <span class='ocr_line' id='line_1_119' title="bbox 833 5715 3833 5797; baseline 0.003 -24"><span class='ocrx_word' id='word_1_749' title='bbox 833 5717 909 5787; x_wconf 91' lang='lat'><strong>(3)</strong></span> <span class='ocrx_word' id='word_1_750' title='bbox 951 5715 1094 5784; x_wconf 78' lang='lat' dir='ltr'><strong>Quis</strong></span> <span class='ocrx_word' id='word_1_751' title='bbox 1123 5715 1276 5772; x_wconf 77' lang='lat' dir='ltr'><strong>mihi</strong></span> <span class='ocrx_word' id='word_1_752' title='bbox 1303 5716 1531 5773; x_wconf 75' lang='lat' dir='ltr'><strong>tribuat</strong></span> <span class='ocrx_word' id='word_1_753' title='bbox 1566 5721 1632 5772; x_wconf 81' lang='lat' dir='ltr'><strong>ut</strong></span> <span class='ocrx_word' id='word_1_754' title='bbox 1658 5731 1764 5788; x_wconf 84' lang='lat' dir='ltr'><strong>ego</strong></span> <span class='ocrx_word' id='word_1_755' title='bbox 1795 5721 2024 5775; x_wconf 75' lang='lat' dir='ltr'><strong>moriar</strong></span> <span class='ocrx_word' id='word_1_756' title='bbox 2048 5726 2259 5790; x_wconf 80' lang='lat' dir='ltr'><strong>prole,</strong></span> <span class='ocrx_word' id='word_1_757' title='bbox 2293 5722 2562 5781; x_wconf 83' lang='lat' dir='ltr'><strong>Absalon</strong></span> <span class='ocrx_word' id='word_1_758' title='bbox 2577 5723 2674 5794; x_wconf 72' lang='lat' dir='ltr'><strong>ﬁli</strong></span> <span class='ocrx_word' id='word_1_759' title='bbox 2707 5726 2933 5795; x_wconf 77' lang='lat' dir='ltr'><strong>mz&#39;,&#39;ﬁli</strong></span> <span class='ocrx_word' id='word_1_760' title='bbox 2970 5727 3054 5781; x_wconf 82' lang='lat' dir='ltr'><strong>mi</strong></span> <span class='ocrx_word' id='word_1_761' title='bbox 3082 5725 3348 5783; x_wconf 81' lang='lat' dir='ltr'><strong>Absalon</strong></span> <span class='ocrx_word' id='word_1_762' title='bbox 3368 5729 3393 5779; x_wconf 73' lang='lat'><strong>.9</strong></span> <span class='ocrx_word' id='word_1_763' title='bbox 3425 5727 3468 5782; x_wconf 88' lang='grc'><strong>11</strong></span> <span class='ocrx_word' id='word_1_764' title='bbox 3499 5727 3642 5797; x_wconf 80' lang='lat' dir='ltr'><strong>Reg.</strong></span> <span class='ocrx_word' id='word_1_765' title='bbox 3684 5737 3833 5782; x_wconf 79' lang='lat' dir='ltr'><strong>xvni.</strong></span> 
     </span>
    </p>
   </div>
  </div>
