4480 6430
283 417 390 474 365

1469 407 1790 465 MONODIA
1826 409 1896 464 ΙΝ
1935 408 2256 468 FRATREM
2297 410 2506 469 SUUM.

3584 422 3689 477 366

282 537 590 607 cogitandi
637 535 1194 607 solertia,tanquam
1240 531 1626 605 perapposita
1664 547 1933 603 percom-
1965 536 2009 588 Α
2049 534 2215 607 (quia
2252 550 2347 590 res
2373 535 2718 593 domesticas
2739 537 2893 595 bene
2910 539 3304 612 disponenda
3336 543 3689 615 sunt,isque

281 629 589 699 modaque
619 626 696 683 ad
721 625 1161 699 rempublicam
1192 623 1630 694 capessendam
1662 622 1935 678 subsidia

280 724 340 773 et
389 719 787 773 instrumenta
839 715 951 770 sibi
1011 714 1407 784 comparavit.
1469 712 1774 782 Siquidem
1839 726 1934 766 me

281 814 648 879 praeceptore
691 806 944 878 politicis
991 803 1321 876 disciplinis
1357 802 1415 856 in
1467 801 1931 872 sapientissimo-

277 913 416 951 rum
463 896 1074 966 doctissimorumque
1113 893 1377 947 virorum
1408 906 1630 946 corona
1661 891 1931 946 animum

277 985 538 1040 excoluit
601 991 781 1056 atque
845 981 1232 1042 informavit;
1290 995 1401 1035 nec
1423 981 1504 1035 ita
1549 979 1736 1035 multo
1796 985 1931 1051 post

273 1090 448 1144 vaga
475 1074 870 1147 volubilisque
891 1073 1147 1128 fortuna:
1179 1070 1308 1126 tells
1339 1072 1649 1141 expositus
1676 1076 1781 1126 est.

351 1167 484 1220 Haec
514 1165 801 1221 nimirum
832 1164 940 1220 fuit
982 1163 1112 1219 dira
1141 1163 1242 1218 illa
1270 1162 1590 1217 Andronici
1630 1160 1924 1232 tyrannis,

272 1271 413 1326 quas
441 1254 605 1310 velut
633 1254 857 1309 hedera
877 1253 1189 1324 multiplici
1219 1252 1589 1322 erraticoque
1612 1251 1788 1322 lapsu
1811 1267 1928 1305 ser-

273 1358 429 1414 pens
459 1344 566 1412 (sic
610 1344 771 1398 enim
814 1341 1152 1415 tyrannidis
1198 1341 1318 1396 vim
1362 1340 1686 1412 depingere
1735 1339 1928 1408 liceat)

273 1432 584 1488 claviculis
629 1433 775 1498 suis,
806 1432 987 1504 quasi
1017 1430 1300 1486 manibus
1347 1430 1799 1485 herbescentem
1826 1428 1932 1483 im-

271 1522 422 1593 perii
482 1523 672 1577 nostri
729 1521 1092 1576 viriditatem
1154 1519 1490 1592 complexa,
1541 1520 1822 1590 repressit
1878 1521 1935 1573 et

272 1610 614 1666 suffocavit.
665 1609 853 1665 Simul
901 1625 970 1665 ac
1018 1611 1178 1665 enim
1219 1614 1380 1663 certa
1410 1624 1548 1663 cum
1590 1607 1931 1679 reipublicae

266 1701 534 1773 pernicie
567 1701 625 1756 in
658 1701 820 1756 aedes
852 1704 1142 1770 augustas
1172 1699 1429 1771 irrepsit,
1475 1715 1599 1770 quo
1645 1699 1928 1753 nimirum

267 1797 542 1863 tempore
572 1791 754 1846 frater
789 1805 985 1858 meus,
1006 1806 1077 1845 ex
1109 1789 1317 1845 scribis
1352 1794 1408 1844 et
1450 1789 1927 1844 amanuensibus

2046 623 2194 678 adeo
2226 639 2287 679 se
2318 625 2559 696 privatis
2604 627 2664 682 in
2691 627 2923 683 aedibus
2966 635 3257 702 tanquam
3309 647 3494 702 parva
3535 649 3690 704 qua-

2043 711 2186 767 dam
2216 713 2526 784 republica
2555 730 2827 772 exercere
2849 717 3044 789 debet,
3078 719 3178 790 qui
3207 719 3285 775 ad
3309 736 3510 777 rerum
3551 737 3687 778 ma-

2036 801 2238 871 jorum
2261 804 2870 878 communiorumque
2901 807 3314 876 gubernacula
3333 810 3683 882 contendit),

2041 889 2116 944 de
2140 889 2368 947 familia
2391 907 2499 947 sua
2525 894 2941 951 constituenda
2970 896 3235 968 primum
3265 898 3549 967 cogitavit
3576 915 3689 954 nu-

2041 979 2176 1050 ptiis
2222 997 2358 1035 cum
2404 982 2727 1051 singularis
2775 986 3032 1056 exempli
3087 987 3310 1043 femina
3348 989 3684 1055 contractis,

2039 1084 2294 1141 quisque
2340 1071 2441 1126 Dei
2477 1073 2610 1143 Opt.
2643 1075 2792 1130 Max.
2838 1073 3001 1130 dono
3042 1075 3346 1146 obtigisse,
3378 1077 3535 1146 frugi
3584 1078 3690 1134 do-

2038 1159 2423 1215 mesticarum
2477 1177 2760 1217 curarum
2819 1179 3070 1220 consors
3113 1165 3313 1221 futura
3364 1165 3690 1239 videretur,

2038 1252 2216 1319 atque
2247 1264 2318 1304 eo
2360 1251 2695 1321 praesertim
2726 1252 2970 1308 nomine
3000 1253 3060 1308 in
3106 1269 3295 1309 manu
3326 1254 3434 1310 viri
3474 1270 3692 1310 conve-

2038 1337 2219 1402 nisse,
2263 1343 2326 1394 ut
2370 1340 2566 1394 carnis
2597 1341 2878 1413 utrinque
2922 1341 3374 1415 liberorumque
3413 1359 3687 1400 commu-

2045 1426 2145 1480 nio
2195 1426 2403 1492 coiret,
2440 1443 2575 1499 qum
2619 1428 2785 1484 nullo
2834 1432 3123 1502 temporis
3171 1447 3440 1504 unquam
3493 1437 3686 1490 tractu

2042 1514 2480 1583 dissolveretur,
2503 1523 2561 1572 et
2606 1517 2666 1571 id
2707 1534 2780 1572 ex
2817 1518 3169 1590 hujusmodi
3219 1521 3498 1578 convictu
3535 1539 3691 1594 prse-

2043 1609 2244 1674 staret,
2287 1621 2362 1660 ne
2407 1605 2516 1660 viri
2549 1605 2827 1661 medullm
2855 1607 3046 1663 ullum
3067 1609 3207 1664 inde
3233 1611 3692 1668 incommodum

2043 1698 2144 1747 aut
2160 1693 2581 1750 detrimentum
2595 1700 2895 1766 caperent,
2911 1698 3430 1768 quemadmodum
3445 1700 3695 1772 pulchre

2041 1783 2336 1854 Sapientis
2394 1781 2703 1854 ἀποφθέγμα
2752 1784 2965 1841 suadet
2993 1787 3095 1856 (4).
3149 1788 3323 1852 Quod
3371 1788 3569 1845 fratris
3608 1791 3695 1846 in-

265 1881 653 1953 imperatoris
677 1893 835 1935 unus
860 1884 1005 1944 erat,
1060 1885 1185 1935 tum
1231 1879 1480 1934 demum
1529 1878 1742 1934 lethale
1764 1879 1926 1933 virus
1959 1881 1997 1935 Β
2038 1873 2306 1927 stitutum
2328 1888 2466 1928 cum
2489 1873 2786 1946 plerisque
2811 1875 3190 1945 innotuisset,
3241 1878 3342 1949 qui
3388 1893 3694 1937 recensere

264 1970 498 2034 afﬂare,
551 1971 904 2042 maioreque
961 1969 1277 2025 hominum
1316 1969 1476 2034 odio,
1523 1982 1710 2040 quam
1777 1972 1926 2023 tetra

262 2061 388 2118 ulla
413 2061 779 2116 immanisve
817 2059 1020 2115 bellua
1063 2059 1337 2115 laborare
1389 2059 1584 2131 coepit.
1620 2061 1685 2114 Et
1714 2074 1925 2131 quem-

264 2149 607 2206 admodum
677 2149 860 2205 torvis
929 2149 1402 2221 truculentisque
1477 2149 1670 2204 leaena
1735 2164 1927 2221 nuper

265 2241 446 2296 enixa
492 2242 800 2296 venaticos
863 2255 1041 2296 canes
1098 2240 1285 2295 oculis
1344 2240 1577 2295 obtueri
1622 2239 1790 2305 solet,
1846 2241 1927 2295 ita

265 2331 565 2403 tyrannis,
609 2331 864 2402 siquem
912 2330 1465 2401 interimperatoris
1502 2329 1725 2386 aulicos
1753 2334 1807 2385 et
1833 2329 1924 2386 fa-

263 2422 534 2478 miliares
549 2421 743 2477 ﬁdum
773 2427 828 2476 et
848 2421 1208 2477 industrium
1231 2421 1678 2494 deprehendere
1710 2422 1923 2494 potuit,

263 2530 406 2569 eum
440 2512 640 2570 statim
675 2516 1022 2585 suspectum
1059 2511 1304 2577 habere,
1337 2513 1624 2583 omnique
1655 2513 1730 2567 ad
1758 2512 1926 2568 illum

263 2602 482 2676 procul
537 2600 985 2658 extrudendum
1048 2602 1271 2657 conniti
1337 2601 1542 2657 animo
1609 2607 1664 2658 et
1719 2601 1927 2658 labore

261 2691 628 2749 contendere
689 2690 886 2763 coepit.
948 2689 1096 2746 Illud
1153 2707 1296 2747 vero
1367 2692 1572 2763 utique
1638 2692 1923 2764 prazstitit,

259 2797 454 2854 quam
501 2780 917 2853 plurimosque
945 2779 1139 2853 potuit
1163 2795 1287 2836 uno
1317 2785 1373 2836 et
1402 2779 1615 2836 eodem
1651 2781 1926 2853 supplicii

260 2887 483 2944 genere
514 2870 809 2927 multavit.

334 2963 478 3028 Quae
509 2976 644 3016 cum
681 2976 950 3034 praesens
978 2959 1073 3016 ille
1104 2965 1529 3033 tyrannorum,
1574 2965 1677 3017 aut
1708 2962 1794 3031 (ut
1823 2976 1922 3031 ge-

257 3051 560 3108 neraliore
584 3049 770 3106 verbo
791 3053 950 3116 utar)
969 3049 1387 3124 improborum
1414 3066 1558 3106 osor
1572 3050 1917 3121 intueretur,

257 3157 295 3198 a
321 3145 584 3212 tyranno
616 3141 928 3196 communi
956 3140 1278 3196 hominum
1313 3139 1565 3208 gurgite,
1595 3140 1921 3196 etimmani
1952 3180 1994 3236 Ο

258 3230 540 3286 belluone
600 3229 903 3293 secedere.
953 3245 1141 3302 quam
1189 3228 1427 3284 libidini
1467 3229 1921 3300 crudelitatique

257 3319 415 3376 illius
437 3320 723 3376 inservire
753 3319 1001 3387 maluit;
1034 3318 1182 3375 illud
1208 3318 1456 3391 quidem
1478 3317 1771 3388 audaciae,
1806 3320 1920 3376 hoc

254 3424 401 3466 vero
454 3409 749 3482 impietati
780 3409 1107 3465 ascribens.
1166 3410 1369 3481 Itaque
1419 3409 1628 3481 procul
1671 3409 1748 3465 ab
1777 3412 1920 3467 Jove

259 3505 349 3568 (ut
377 3501 569 3569 aiunt)
591 3503 646 3555 et
673 3498 923 3556 fulmine
970 3499 1252 3556 recedere
1278 3500 1558 3556 decrevit.

331 3589 476 3645 Inde
498 3605 641 3660 ergo
667 3589 766 3646 ubi
789 3590 1110 3663 imperium
1151 3591 1212 3646 in
1241 3590 1623 3662 tyrannidem
1654 3606 1914 3658 versum,

258 3697 372 3736 nec
412 3679 678 3752 amplius
724 3680 829 3735 ulli
869 3685 1075 3753 patere
1124 3680 1288 3736 videt
1334 3681 1458 3753 (qui
1503 3681 1713 3737 saltem
1761 3697 1918 3738 veras

253 3770 563 3840 religionis
595 3771 908 3827 studiosus
950 3771 1066 3841 sit),
1099 3770 1422 3827 obfirmato
1457 3771 1662 3828 animo
1706 3777 1919 3830 contra

254 3861 486 3926 nititur,
528 3859 606 3916 ad
652 3859 1040 3934 studiumque
1089 3861 1241 3932 juris
1274 3860 1460 3916 civilis
1489 3862 1914 3932 transfugiens,

253 3950 580 4023 imperium
636 3949 956 4023 tyrannide
985 3950 1392 4008 deformatum
1435 3951 1638 4023 legum
1668 3954 1914 4022 museis,

252 4040 708 4112 Themidosque
759 4041 1036 4097 sacrariis
1079 4045 1453 4098 commutat:
1503 4059 1763 4116 quaeque
1809 4043 1918 4099 fre-

253 4129 467 4204 quenti
505 4133 561 4185 et
614 4127 862 4186 assidua
903 4130 1156 4188 lectione
1191 4147 1263 4186 ex
1293 4131 1587 4188 librorum
1628 4132 1914 4189 chartulis

257 4234 584 4292 excerpere
633 4223 852 4291 potest,
918 4237 989 4277 ea
1040 4221 1102 4276 in
1152 4221 1409 4293 pectoris
1457 4223 1546 4276 sui
1595 4222 1917 4295 pugillares

253 4309 812 4382 transcribit,atque
843 4309 994 4367 adeo
1020 4309 1268 4367 tandem
1296 4312 1430 4366 viva
1455 4311 1657 4381 legum
1688 4312 1914 4379 tabula,

255 4401 622 4474 spiransque
654 4400 1127 4456 commentarius
1156 4399 1377 4456 evadit.
1422 4401 1645 4457 Deinde
1678 4401 1917 4460 sublata

255 4488 606 4562 tyrannide,
656 4489 1032 4562 imperioque
1071 4490 1359 4553 redivivo,
1407 4491 1502 4546 ille
1553 4507 1799 4564 quoque
1837 4492 1912 4548 ad

253 4590 352 4634 res
380 4579 729 4651 augustales
773 4578 1115 4649 obeundas,
1140 4579 1304 4636 velut
1326 4579 1692 4653 postliminio
1714 4597 1914 4638 rever—

252 4668 419 4725 titur.
455 4669 617 4739 Opus
656 4683 801 4724 sane
840 4672 1007 4726 tanto
1039 4669 1608 4740 commendabilius,
1643 4675 1707 4727 ut
1749 4671 1917 4744 quod

254 4758 542 4828 legitimis
584 4758 931 4831 reipublicae
968 4760 1261 4831 gradibus
1294 4761 1656 4830 succederet,
1689 4767 1919 4834 quanto

253 4848 551 4905 remotius
583 4848 867 4905 hesterna
910 4849 1232 4921 tyrannide
1264 4851 1597 4923 secessisse,
1616 4851 1706 4907 vel
1737 4852 1919 4908 etiam

254 4947 331 4994 ex
363 4938 659 4995 diametro
682 4954 1053 5011 repugnasse
1074 4939 1418 4997 videbatur.

330 5028 497 5084 Idem
526 5034 822 5101 praeterea
867 5029 983 5085 alio
1025 5031 1385 5102 magistratu
1434 5037 1757 5089 exornatus
1808 5037 1917 5090 est.

254 5118 520 5176 Tametsi
561 5133 704 5174 vero
729 5119 792 5174 in
836 5120 1151 5176 Thraciam
1180 5130 1304 5176 non
1336 5122 1536 5177 statim
1566 5123 1791 5178 missus
1825 5125 1919 5191 sit,

255 5211 324 5264 ut
373 5206 460 5262 ibi
490 5207 733 5263 arcibus
758 5206 1121 5276 reﬁciendis,
1157 5209 1618 5284 civitatibusque
1654 5229 1924 5269 commu—

252 5296 500 5353 niendis
533 5302 836 5369 praeesset,
870 5303 1051 5372 atque
1083 5299 1237 5356 adeo
1265 5300 1611 5357 militarium
1641 5302 1924 5359 ordinum

253 5385 528 5444 delectus
559 5385 827 5451 haberet,
887 5388 949 5444 id
981 5391 1249 5446 muneris
1298 5394 1507 5448 tamen
1557 5394 1738 5464 paulo
1788 5399 1926 5468 post

256 5479 583 5533 etsecutus
626 5481 734 5533 est.
770 5480 1060 5535 Caeterum
1088 5496 1211 5553 quo
1251 5484 1526 5554 tempore
1577 5483 1652 5539 de
1692 5485 1926 5541 ratione

2037 1963 2283 2033 possim,
2317 1967 2464 2034 quot
2493 1963 2760 2034 primarii
2792 1963 3200 2020 adolescentes
3229 1966 3514 2024 afﬁnitate
3563 1984 3696 2025 sese

2034 2051 2352 2107 nobiscum
2366 2052 2668 2108 devincire
2687 2053 3084 2111 studuerunt?
3097 2057 3224 2111 Non
3250 2059 3335 2113 tot
3347 2057 3545 2114 hercle
3559 2075 3696 2132 pro-

2035 2142 2087 2197 ci
2101 2142 2424 2198 temulento
2440 2143 2681 2214 agmine
2706 2144 3181 2201 comessabundi
3211 2146 3290 2202 ad
3305 2148 3691 2221 Penelopem,

2034 2236 2182 2306 quot
2219 2232 2295 2288 ad
2345 2231 2514 2287 illum
2557 2233 2927 2289 matrimonii
2975 2236 3370 2293 contrahendi
3410 2236 3696 2310 interpre-

2035 2328 2145 2390 tes,
2178 2325 2235 2377 et
2271 2323 2447 2395 quasi
2468 2327 2809 2395 proxenetae
2840 2324 3264 2382 conﬂuebant:
3297 2343 3560 2398 quorum
3597 2327 3694 2385 alii

2033 2411 2315 2478 ﬁliarum,
2342 2412 2730 2468 aliisororum
2751 2414 2994 2487 nuptias
3022 2415 3448 2472 moliebantur.
3472 2418 3694 2487 Magni-

2035 2502 2150 2557 ﬁca
2181 2506 2238 2557 et
2267 2502 2527 2571 gloriosa
2571 2504 2967 2559 ostentatione
2995 2504 3092 2560 alii
3123 2505 3271 2560 alios
3292 2521 3577 2578 superare
3599 2523 3695 2564 co-

2035 2597 2268 2660 nantes,
2302 2597 2482 2664 atque
2512 2592 2691 2648 etiam
2722 2593 3132 2649 venditatione
3178 2593 3447 2666 quadam
3478 2612 3689 2654 eorum

2034 2681 2256 2753 quibus
2280 2683 2697 2754 unusquisque
2730 2681 2809 2737 ad
2853 2683 3097 2755 nuptias
3122 2682 3255 2739 illas
3277 2688 3362 2740 tot
3389 2685 3693 2744 nobilium

2035 2787 2359 2844 procorum
2424 2771 2582 2828 votis
2639 2775 2696 2827 et
2760 2773 3307 2829 concertationibus
3375 2776 3692 2849 expetitas,

2034 2862 2299 2917 maxime
2328 2861 2491 2928 eniti,
2545 2866 2602 2916 et
2628 2877 2847 2917 nervos
2877 2862 3067 2917 artatis
3100 2862 3533 2936 industriaeque
3566 2883 3691 2922 sure

2033 2952 2412 3022 contendere,
2430 2966 2639 3007 earum
2659 2951 2920 3024 denique
2951 2952 3148 3024 potiri,
3175 2969 3551 3026 composque
3563 2955 3693 3013 ﬁeri

2031 3046 2260 3115 posset.
2333 3041 2539 3113 Itaque
2609 3041 2708 3097 alii
2756 3041 2850 3096 vel
2911 3042 3166 3111 generis,
3224 3043 3320 3098 vel
3363 3044 3693 3113 formae,vel

2031 3132 2213 3187 etiam
2247 3130 2561 3202 utriusque
2601 3130 2948 3202 praestantia
2987 3131 3326 3202 gloriando,
3359 3131 3458 3188 alii
3483 3139 3694 3192 contra

2033 3221 2466 3277 sententiarum
2489 3220 2799 3290 gravitate,
2825 3221 3270 3292 verborumque
3290 3222 3687 3294 ponderibus,

2030 3317 2321 3383 tanquam
2372 3310 2434 3364 in
2490 3309 2803 3382 procinctu
2848 3325 2910 3365 se
2969 3311 3140 3366 tutati
3191 3315 3372 3367 sunt:
3432 3315 3498 3368 ut
3539 3313 3690 3370 mihi

2030 3403 2211 3459 frater
2231 3401 2519 3457 dubitans
2541 3405 2598 3455 et
2619 3400 2907 3456 haesitans
2925 3415 3048 3456 non
3065 3417 3320 3472 parvum
3341 3401 3519 3458 ofﬁcii
3533 3419 3690 3460 onus

2029 3491 2404 3565 imposuerit,
2435 3489 2583 3546 dum
2608 3490 2840 3562 judicio
2870 3505 3009 3546 meo
3040 3505 3388 3547 socerorum
3417 3492 3686 3549 delectus

2029 3581 2362 3645 committit,
2395 3594 2579 3652 seque
2602 3579 2700 3635 vel
2725 3579 3024 3652 imprimis
3065 3579 3489 3652 amplexurum
3523 3581 3685 3638 afﬁr-

2028 3673 2154 3724 mat
2198 3667 2497 3740 quidquid
2530 3683 2710 3740 super
2730 3683 2803 3724 ea
2827 3684 2892 3724 re
2946 3667 3096 3725 mihi
3143 3669 3450 3737 arrideret,
3493 3671 3683 3728 facto-

2027 3775 2143 3832 que
2174 3774 2330 3830 opus
2360 3773 2491 3813 esse
2514 3759 2830 3814 videretur.

2098 3851 2142 3906 Ο
2174 3849 2448 3905 animum
2478 3863 2617 3904 vere
2647 3848 3004 3918 fraternum,
3031 3850 3136 3921 qui
3158 3850 3306 3906 mihi
3330 3852 3540 3909 omnia
3570 3869 3684 3910 sua

2026 3938 2483 3994 commendaret
2511 3942 2568 3993 et
2596 3937 3003 4005 concrederet,
3038 3941 3334 4012 cujusque
3374 3941 3622 3999 consilia
3646 3958 3684 4000 a

2025 4044 2142 4098 me,
2211 4044 2334 4084 non
2383 4044 2555 4083 secus
2620 4034 2800 4101 atque
2847 4028 2927 4084 ab
2983 4028 3189 4102 aliquo
3237 4031 3508 4103 numine,
3558 4033 3683 4089 vim

2027 4134 2204 4174 suam
2251 4123 2307 4174 et
2353 4116 2633 4173 effectum
2672 4119 3002 4190 caperent!
3046 4121 3173 4184 Quo
3232 4119 3473 4177 hercule
3519 4121 3682 4178 facto

2027 4208 2466 4265 evidentissima
2513 4209 2723 4281 patuit,
2787 4208 3101 4280 quomodo
3153 4226 3327 4266 meus
3375 4210 3491 4279 ille,
3556 4212 3682 4270 imo

2025 4297 2670 4356 bonarumlitterarum
2692 4298 2978 4354 alumnus
3003 4299 3082 4354 ad
3103 4299 3382 4356 virtutem
3426 4300 3680 4358 affectus

2028 4394 2221 4447 esset:
2254 4405 2376 4461 qua
2402 4388 2651 4462 quidem
2691 4389 2837 4445 nihil
2863 4405 2934 4444 ex
2965 4389 3253 4445 omnibus
3281 4406 3416 4462 quae
3457 4397 3594 4448 sunt
3618 4393 3684 4448 in

2027 4495 2228 4536 rerum
2249 4484 2465 4534 natura
2494 4479 2819 4551 antiquius,
2855 4483 2958 4534 aut
2982 4477 3398 4535 observatione
3437 4479 3684 4550 dignius

2030 4570 2454 4626 arbitraretur:
2498 4580 2622 4624 non
2672 4584 2842 4641 opes,
2883 4585 3007 4624 non
3054 4568 3265 4625 formae
3305 4570 3684 4643 dignitatem,

2029 4677 2153 4718 non
2192 4659 2425 4732 generis
2471 4658 2821 4726 claritatem,
2870 4674 2992 4714 non
3018 4659 3196 4714 famae
3238 4659 3684 4717 celebritatem:

2031 4751 2267 4808 tametsi
2301 4766 2372 4805 ea
2401 4754 2574 4805 aetate
2601 4753 2776 4817 esset,
2811 4765 2948 4820 quae
2978 4748 3150 4805 facile
3175 4750 3529 4820 hujusmodi
3571 4751 3690 4807 for-

2029 4846 2184 4897 tunaa
2261 4837 2536 4894 ludibriis
2601 4841 2658 4893 et
2717 4836 3013 4894 illecebris
3077 4838 3288 4894 irretiri
3366 4839 3538 4907 solet,
3633 4844 3692 4898 et

2030 4944 2396 5001 coacescere,
2435 4928 2583 4984 dum
2609 4928 2688 4983 ad
2705 4928 2899 4984 avitas
2915 4931 2972 4983 et
2987 4927 3216 5000 patrias
3235 4944 3330 4985 res
3351 4929 3690 5001 augendas,

2031 5019 2476 5077 nobilitandum
2499 5033 2689 5088 genus
2719 5033 3063 5090 corpusque
3085 5017 3480 5076 reﬁciendum
3505 5025 3565 5077 et
3588 5036 3694 5076 cu-

2033 5110 2296 5166 randum
2330 5108 2744 5180 indulgentius
2776 5122 2965 5181 quam
2996 5123 3107 5181 par
3156 5109 3230 5164 sit
3275 5111 3333 5165 et
3364 5109 3691 5167 ferventius

2034 5199 2349 5256 incumbit.

2110 5289 2404 5347 Omnibus
2435 5288 2597 5344 enim
2626 5288 2848 5361 procis,
2881 5288 3077 5361 iisque
3103 5290 3438 5362 praesertim
3470 5291 3578 5365 qui
3597 5291 3696 5349 vel

2038 5394 2346 5435 summam
2405 5378 2612 5434 dotem
2665 5377 2932 5434 dicerent
2991 5383 3050 5434 et
3104 5379 3540 5450 promitterent,
3573 5396 3700 5438 non

2041 5471 2171 5526 sine
2201 5469 2389 5525 animi
2435 5468 2788 5524 excellentia
2813 5473 2869 5524 et
2916 5469 3264 5540 praestantia
3312 5471 3694 5544 posthabitis,

257 5568 394 5624 vim;
468 5566 805 5625 intituenda
861 5570 1111 5628 comma
1157 5571 1481 5629 nobiscum
1535 5574 1686 5630 inire
1751 5577 1932 5649 capit
2039 5560 2361 5616 illustrium
2388 5558 2915 5615 Belissariotarum
2945 5558 3230 5631 probitati
3260 5564 3317 5616 et
3343 5560 3703 5631 ingenuitati

338 5694 418 5764 (4)
479 5696 648 5752 Prov.
702 5710 812 5752 xu:
857 5696 1084 5755 Mulier
1135 5700 1394 5772 diligens
1451 5716 1676 5760 corona
1715 5710 1798 5760 est
1857 5704 1988 5762 viro
2035 5720 2164 5776 suo,
2213 5706 2324 5761 etc.
2380 5703 2449 5760 Et
2504 5702 2678 5760 Eccli.
2729 5719 2907 5760 xxvr:
2943 5705 3157 5762 Gratia
3183 5705 3454 5762 mulieris
3478 5705 3705 5763 sedula:

271 5792 533 5851 delectat
555 5795 752 5852 virum
782 5811 977 5870 suum,
1021 5800 1132 5856 etc.
