4480 6430
782 412 885 465 367

1685 395 2054 452 MlCHAELIS
2095 393 2476 451 ACOMINATI
2514 397 2941 452 ATHENARUM
2979 398 3296 452 ARCHIEP.

4085 404 4190 458 368

779 533 951 590 facile
967 531 1341 602 cessit,quos
1365 527 1524 582 idem
1543 520 2024 586 contubernium,
2054 519 2432 574 earumdem-
2458 522 2504 574 A
2544 519 2732 575 multa
2761 519 3042 576 muniﬁce
3085 526 3142 576 et
3185 521 3350 591 large
3405 521 3617 578 dantes
3647 523 4090 593 promerebant,
4133 533 4192 583 et

779 639 898 695 que
926 622 1042 678 sub
1070 619 1284 676 iisdem
1307 613 1608 684 magistris
1637 611 1854 668 artium
1879 608 2054 681 quasi
2081 607 2431 664 communio

779 716 838 767 et
865 711 1118 766 societas
1138 707 1216 764 ad
1230 702 1728 763 necessitudinem
1747 705 2015 755 nostram
2040 697 2428 768 adjunxerat;

780 800 1021 855 illorum
1065 798 1225 854 enim
1264 808 1555 859 sororem,
1598 806 1730 860 quae
1776 788 1834 843 in
1875 786 2118 859 optimae
2167 785 2431 858 parentis

779 889 968 944 oculis
1005 888 1161 942 intra
1195 881 1443 940 thalami
1476 879 1728 952 parietes
1755 881 1913 931 caste
1959 880 2013 930 et
2038 874 2252 946 pudice
2283 873 2428 928 edu-

783 982 917 1034 cata
963 976 1174 1042 fuerat,
1205 971 1375 1027 duxit
1405 969 1582 1024 frater
1613 966 1705 1020 ille
1733 981 1922 1030 meus,
1970 979 2150 1034 quem
2185 961 2428 1018 Belissa-

779 1066 945 1121 riotis
979 1063 1350 1120 simillimum
1375 1073 1496 1114 non
1525 1063 1648 1112 tam
1665 1052 2045 1110 necessitudo
2075 1058 2130 1107 et
2151 1051 2428 1118 afﬁnitas,

778 1169 968 1226 quam
1012 1166 1253 1208 morum
1317 1145 1729 1205 convenientia
1760 1143 2055 1198 effecerat.
2113 1145 2316 1212 Itaque
2370 1144 2434 1194 ut

786 1242 994 1299 fratres
1043 1239 1261 1297 animis
1303 1253 1425 1293 non
1468 1250 1640 1290 secus
1685 1238 1866 1304 atque
1912 1229 2267 1302 corporibus
2311 1244 2434 1284 una

779 1331 917 1387 unis
939 1331 1001 1385 in
1032 1329 1264 1384 aedibus
1290 1323 1664 1387 habitabant,
1691 1321 1902 1376 eadem
1925 1336 1993 1374 ex
2038 1335 2247 1374 mensa
2266 1318 2434 1372 cibos

780 1421 842 1476 in
863 1421 989 1475 dies
1016 1416 1432 1490 capessebant,
1466 1412 1676 1468 iisdem
1708 1410 2062 1479 gaudentes,
2102 1407 2311 1462 iisdem
2348 1407 2432 1461 vi-

781 1510 989 1565 cissim
1003 1505 1561 1571 commovebantur,
1594 1516 1717 1555 una
1730 1499 1944 1565 forum,
1961 1496 2274 1568 templum.
2293 1511 2433 1551 con-

782 1599 985 1653 ciones
1032 1594 1332 1667 publicas,
1376 1589 1668 1663 palatium
1718 1586 2002 1643 adibant:
2050 1585 2188 1640 inde
2228 1599 2434 1638 rursus

784 1703 908 1744 non
941 1684 1178 1754 singuli,
1209 1681 1314 1737 sed
1352 1695 1462 1753 pro
1513 1693 1680 1733 more
1728 1676 1854 1731 bini
1894 1675 2145 1730 domum
2183 1677 2433 1728 reverte-

781 1779 1024 1847 bantur,
1063 1773 1380 1830 miriﬁcum
1420 1785 1481 1825 se
1514 1767 1659 1824 alter
1688 1766 1854 1821 alteri
1894 1765 2173 1820 comitem
2206 1763 2432 1836 praebe-

2542 609 2705 664 velut
2727 610 3208 682 sumptuosiores
3227 611 3478 682 quidam
3516 613 3915 681 margaritarii
3937 615 4191 672 uniones

2540 696 2920 766 smaragdos,
2934 696 3353 770 lychnitasque
3366 713 3591 768 magno
3602 700 3792 772 pretio
3805 709 4192 774 comparatos

2540 784 2678 839 inde
2742 785 2998 840 domum
3060 785 3474 857 asportabant,
3534 788 3720 844 satius
3781 805 3910 846 esse
3949 791 4080 859 rati,
4141 792 4192 848 si

2541 873 2902 942 dignitatum
2933 875 3362 946 prmrogativas
3391 875 3583 948 pretio
3610 876 3723 933 sibi
3745 884 4188 951 compararent,

2539 978 2727 1034 quam
2755 962 2803 1017 si
2834 962 2912 1018 ab
2953 963 3066 1018 illis
3109 963 3263 1019 ultro
3303 970 3679 1021 ornarentur.
3734 968 3998 1030 Quorum
4035 975 4192 1026 certe

2542 1051 2909 1120 singularem
2932 1053 3338 1126 eximiamque
3365 1054 3640 1111 virtutem
3661 1055 4054 1128 imperatores
4086 1075 4190 1115 ex-

2539 1141 2711 1212 perti,
2751 1140 2918 1213 quod
2957 1141 3242 1197 nimirum
3289 1141 3438 1197 lucri
3501 1143 3872 1217 privatasque
3926 1147 4192 1204 utilitatis

2542 1233 2889 1302 contemptu
2932 1229 3274 1296 Aristidem,
3342 1233 3741 1303 temperantia
3779 1234 4193 1307 Hippolytum,

2546 1318 3061 1390 Bellerophontem
3101 1322 3157 1374 et
3183 1320 3538 1392 Josephum,
3577 1322 3727 1390 juris
3769 1323 4031 1396 denique
4075 1325 4193 1381 ob-

2545 1408 2843 1464 servantia
2893 1409 3169 1474 Minoem,
3234 1408 3472 1478 judices
3538 1411 3786 1467 minime
3837 1415 4193 1482 nummarii,

2542 1497 2718 1568 longe
2749 1501 3194 1569 praeverterent,
3231 1497 3413 1552 rebus
3459 1498 3616 1568 illos,
3657 1500 3774 1556 suis
3813 1501 3980 1557 domi
4012 1502 4196 1558 foris-

2542 1601 2661 1657 que
2685 1584 3104 1657 prasfecerunt,
3161 1586 3512 1642 mrariorum
3558 1586 3692 1654 illis,
3745 1589 4195 1648 thesaurorum-

2541 1690 2659 1747 que
2685 1679 2742 1730 et
2781 1673 3198 1730 cubiculorum
3229 1691 3477 1731 suorum
3504 1677 3724 1747 januas
3760 1678 4195 1750 patefecerunt,

2544 1764 2902 1822 charissima
2943 1780 3200 1837 quaeque
3231 1781 3355 1821 non
3385 1782 3557 1822 secus
3588 1773 3768 1840 atque
3807 1768 4198 1827 familiarissi-

780 1866 906 1935 bat,
956 1870 1018 1920 ut
1069 1865 1198 1934 jam
1257 1859 1670 1916 aemulandum
1740 1855 2115 1924 cognationis
2185 1869 2319 1925 par,
2378 1855 2505 1914 etB
2546 1857 2660 1912 mis
2713 1855 3232 1924 concrediderunt;
3280 1855 3414 1911 illos
3473 1856 3732 1930 denique
3787 1859 3848 1914 in
3893 1865 4102 1932 aperta
4137 1865 4197 1918 et

782 1955 1309 2012 auctoramentum
1338 1945 1759 2004 beatissimum
1793 1944 1851 2000 in
1871 1959 1972 1999 ore
2003 1942 2276 1998 omnium
2308 1956 2433 1996 ver-

781 2048 1030 2112 saretur,
1084 2047 1265 2112 atque
1305 2037 1457 2094 adeo
1523 2036 1785 2091 maxime
1831 2033 2152 2105 perspicua
2213 2036 2434 2102 tempe-

779 2133 988 2192 rantiae
1005 2128 1373 2201 exemplaria
1393 2127 1689 2183 audirent.
1714 2123 1994 2190 Quandiu
2011 2127 2165 2177 certe
2195 2121 2433 2176 caelibes

778 2226 1049 2294 egerunt,
1066 2219 1265 2276 nobile
1280 2233 1389 2289 par
1401 2217 1650 2272 fratrum
1666 2216 1892 2285 passim
1910 2212 2228 2267 hominum
2246 2211 2432 2266 incre-

775 2314 1061 2370 brescens
1075 2310 1470 2382 pervagatum
1485 2309 1591 2373 est,
1606 2308 2008 2376 posteaquam
2023 2317 2164 2356 vero
2180 2301 2434 2356 honora-

774 2402 883 2458 bili
945 2397 1228 2457 connibio
1284 2396 1347 2450 in
1403 2394 1689 2450 omnibus
1744 2396 1801 2447 et
1863 2397 1992 2446 toro
2042 2389 2432 2446 immaculato

771 2490 966 2563 jugati
998 2492 1158 2555 sunt,
1205 2490 1334 2542 tum
1376 2500 1520 2540 vero
1542 2482 1655 2538 illis
1697 2481 1894 2537 affinis
1943 2479 2104 2535 idem
2149 2480 2250 2551 qui
2283 2478 2432 2534 mihi

773 2581 956 2637 frater
987 2579 1114 2634 fuit.
1150 2576 1217 2631 Hi
1255 2575 1354 2631 alii
1394 2574 1649 2630 aliorum
1693 2570 1970 2626 medullis
2002 2574 2059 2625 et
2101 2569 2430 2625 visceribus

774 2671 913 2729 imis
973 2668 1134 2724 velut
1193 2664 1612 2737 colliquefacti,
1674 2679 1868 2734 usque
1933 2661 2086 2716 adeo
2143 2662 2430 2715 inhaerere

775 2762 1107 2833 cceperunt,
1136 2760 1202 2812 ut
1221 2756 1418 2813 statim
1440 2754 1571 2810 illos
1603 2753 1661 2808 in
1692 2769 1875 2807 unam
1895 2767 2162 2807 massam
2190 2766 2427 2806 concre-

773 2855 867 2908 tos
900 2849 1113 2905 coiisse
1134 2846 1331 2919 quivis
1355 2845 1758 2900 aestimaturus
1803 2846 1982 2908 esset,
2013 2857 2150 2912 quas
2181 2840 2426 2913 quidem

773 2939 943 2996 nullo
992 2936 1279 3008 temporis
1324 2939 1510 2990 tractu
1544 2932 1742 2988 dirimi
1775 2938 1878 2986 aut
1909 2931 2249 2987 intersecari
2289 2947 2426 3002 pos-

775 3034 883 3097 set,
925 3044 998 3084 ea
1033 3026 1422 3100 potissimum
1475 3023 1549 3079 de
1580 3038 1786 3089 causa,
1818 3021 1984 3092 quod
2032 3020 2426 3076 Belissariotm

774 3118 1024 3192 quidem
1055 3132 1166 3187 pro
1198 3115 1321 3170 suis
1369 3112 1760 3183 dignitatibus
1804 3112 1864 3166 in
1909 3110 2056 3166 urbe
2085 3110 2428 3181 reipublicae

778 3206 1117 3264 commodis
1169 3202 1567 3268 consulerent,
1603 3201 1784 3256 frater
1835 3205 2037 3254 autem
2088 3215 2259 3253 meus
2305 3214 2426 3253 non

773 3297 835 3353 in
865 3296 1014 3352 urbe
1047 3299 1303 3351 tantum.
1351 3292 1456 3346 sed
1493 3290 1672 3345 etiam
1695 3289 1753 3344 in
1791 3287 2130 3360 provincias
2157 3292 2212 3342 et
2234 3289 2429 3343 muni-

775 3386 953 3457 cipia,
986 3390 1050 3440 ut
1071 3385 1198 3454 jam
1238 3381 1377 3449 dixi,
1402 3380 1479 3436 ab
1511 3379 1640 3434 aliis
1660 3378 1910 3449 aliisque
1969 3377 2432 3450 imperatoribus

776 3475 1022 3540 missus,
1055 3488 1254 3528 rerum
1287 3486 1542 3525 summae
1573 3467 1822 3539 praefuit.

847 3568 1108 3635 Tempus
1139 3561 1387 3634 quidem
1435 3563 1589 3614 certe
1638 3558 1955 3613 mutationi
1993 3574 2432 3631 usquequaque

779 3659 996 3726 patens
1031 3658 1090 3708 et
1118 3651 1485 3722 expositum,
1513 3647 1978 3720 imperatoribus
2006 3649 2183 3703 etiam
2215 3665 2430 3719 super-

783 3742 1022 3797 stitibus
1094 3739 1347 3811 imperia
1422 3737 1663 3805 ademit,
1729 3751 1764 3790 a
1838 3736 2434 3808 Sceptuchorumque

779 3831 1065 3888 manibus
1082 3829 1335 3900 abrepta
1356 3833 1594 3898 sceptra
1614 3825 1690 3881 ad
1713 3825 1882 3894 alios,
1897 3825 1975 3881 ab
2000 3826 2214 3898 hisque
2233 3826 2432 3882 denuo

781 3922 862 3977 ad
897 3920 1049 3976 alios
1079 3918 1410 3975 transtulit:
1448 3916 1612 3972 fratri
1654 3920 1855 3972 autem
1906 3932 2042 3972 meo
2083 3917 2346 3973 honores
2379 3924 2435 3974 et

776 4010 1169 4079 magistratus
1199 4008 1484 4063 continua
1503 4006 1937 4077 imperatorum
1961 4006 2260 4062 successio
2291 4007 2433 4062 inte-

778 4115 919 4170 gros
957 4097 1364 4169 illibatosque,
1405 4111 1516 4152 nec
1557 4095 1732 4150 ullius
1777 4096 2430 4152 successioneinterru-

775 4194 911 4260 ptos
952 4187 1354 4252 conservavit,
1405 4186 1530 4242 imo
1568 4201 1711 4240 vero
1761 4186 1861 4256 qui
1902 4185 2431 4258 subsequebantur

774 4277 1250 4351 praecedentibus
1311 4291 1453 4346 erga
1506 4275 1674 4330 illum
1737 4275 2150 4332 benevolentia
2207 4278 2430 4333 anteire

774 4367 952 4440 quasi
993 4367 1447 4429 contendentes,
1501 4365 1579 4420 ad
1634 4365 1919 4437 pristinos
1966 4365 2121 4420 illius
2168 4366 2428 4421 honores

773 4457 1005 4530 aliquid
1036 4457 1282 4528 insuper
1313 4455 1700 4526 adjiciebant,
1732 4456 1841 4510 viri
1884 4456 2168 4511 nimirum
2210 4457 2424 4512 virtute

771 4547 1290 4620 obstupescentes,
1318 4551 1677 4617 tantumque
1706 4561 1781 4600 ex
1809 4545 2062 4618 imperio
2092 4563 2202 4601 suo
2228 4547 2423 4602 immi-

769 4637 876 4693 nui
921 4637 1352 4704 existimantes,
1412 4640 1710 4707 quantum
1753 4634 1827 4690 de
1878 4636 2211 4693 honoribus
2267 4636 2424 4692 illius

764 4726 1247 4782 imminueretur.

838 4819 1042 4889 Neque
1064 4832 1206 4872 vero
1246 4815 1524 4884 vulgares
1548 4821 1779 4872 tantum
1807 4822 1864 4872 et
1903 4817 2116 4889 plebeii
2147 4818 2422 4875 homines

763 4905 1011 4979 (quibus
1061 4906 1141 4962 ad
1171 4906 1432 4962 honores
1473 4907 1572 4962 vix
1604 4907 1759 4962 ullus
1792 4912 1952 4978 patet
2011 4907 2231 4979 aditus,
2263 4927 2420 4982 quo-

757 5012 974 5053 rumve
1048 4997 1366 5054 conatibus
1428 4999 1670 5054 fortuna
1727 5000 1960 5056 tenuior
2003 5005 2058 5056 et
2105 5000 2421 5059 obscurior

755 5087 998 5146 obstare
1049 5089 1220 5160 solet)
1271 5090 1501 5161 palatia
1551 5089 2039 5162 frequentabant,
2098 5095 2418 5164 quantovis

753 5178 945 5250 pretio
988 5179 1282 5235 honorem
1325 5179 1404 5234 ab
1441 5179 1908 5251 imperatoribus
1953 5181 2220 5237 delatum
2267 5184 2417 5238 testi-

749 5268 1026 5331 mabant,
1083 5268 1452 5342 publicaque
1499 5286 1623 5342 qua
1656 5276 1935 5343 poterant
1982 5277 2105 5328 arte
2137 5288 2411 5339 munera,

745 5356 909 5414 lucto
940 5357 1164 5414 addicti
1193 5359 1611 5427 venabantur;
1641 5359 1746 5415 sed
1779 5361 1836 5416 hi
1868 5361 2048 5418 etiam
2079 5362 2154 5418 de
2183 5363 2410 5435 quibus

745 5447 893 5502 mihi
926 5463 1124 5503 sermo
1157 5453 1264 5514 est,
1291 5464 1412 5504 una
1437 5465 1576 5504 cum
1595 5451 1826 5506 virtutis
1848 5457 1900 5506 et
1923 5451 2161 5508 honesti
2196 5469 2406 5509 aman-

746 5536 903 5592 tibus
952 5536 1053 5593 illo
1103 5554 1165 5594 se
1222 5537 1630 5609 conferebant,
1674 5539 1948 5613 beneque
2004 5541 2078 5596 de
2123 5547 2405 5613 Augustis

2543 1944 2866 2017 propatula
2898 1943 3066 1998 urbis
3097 1943 3614 2002 administratione
3639 1962 3895 2017 magnos
3920 1949 4195 2019 logothe-

2545 2040 2658 2099 tas,
2682 2033 2943 2106 ephoros
2967 2037 3022 2087 et
3042 2033 3403 2105 polyarchas
3433 2034 3923 2106 designaverunt.
3948 2037 4194 2095 Illorum

2543 2125 2703 2180 enim
2733 2123 2968 2187 virtute,
3003 2122 3182 2178 veluti
3211 2123 3480 2195 quodam
3504 2141 3711 2196 regno,
3741 2127 4049 2185 civitatum
4085 2144 4196 2199 gu-

2542 2212 2872 2268 bernacula
2902 2212 2982 2267 ita
3018 2218 3479 2278 exornaverunt,
3510 2219 3574 2269 ut
3611 2230 3682 2269 ea
3711 2216 3911 2287 potius
3943 2217 4020 2272 ab
4051 2217 4188 2290 illis,

2542 2318 2730 2375 quam
2761 2301 2843 2356 illi
2876 2301 2952 2357 ab
2997 2301 3132 2356 ullis
3183 2317 3384 2357 rerum
3425 2302 3806 2374 publicarum
3833 2305 4192 2376 honoribus,

2541 2393 2804 2466 praemiis
2846 2396 2949 2448 aut
2976 2391 3317 2462 splendore,
3343 2397 3748 2462 Augustorum
3783 2397 4197 2455 muniﬁcentia

2541 2482 2772 2538 collatis
2800 2481 3260 2536 illustrarentur.
3294 2485 3418 2536 lmo
3459 2498 3617 2547 vero,
3643 2489 3708 2539 ut
3728 2483 3929 2541 dicam
3950 2486 4005 2541 id
4026 2488 4196 2558 quod

2539 2588 2634 2627 res
2676 2575 2781 2641 est,
2830 2571 2909 2626 ab
2941 2571 3224 2640 Augustis
3249 2571 3308 2625 in
3341 2570 3807 2628 clarissimorum
3852 2579 4194 2648 temporum

2543 2677 2794 2716 suorum
2834 2665 3217 2727 ornamenta,
3286 2660 3755 2734 reipublicmque
3783 2664 4200 2734 gubernacula.

2541 2768 2612 2806 ex
2637 2751 2837 2822 legum
2862 2749 3210 2821 praescripto
3236 2749 3614 2807 moderanda
3637 2754 3812 2824 quasi
3834 2769 4195 2812 communes

2537 2841 2789 2913 quidam
2813 2840 3160 2907 harmostae,
3183 2856 3499 2896 morumve
3521 2842 3811 2912 magistri,
3839 2845 4193 2906 creatisunt:

2539 2928 2883 2999 cujnsmodi
2923 2929 3238 3000 quondam
3269 2929 3656 2997 magistratus
3690 2948 3831 2987 suos
3876 2933 4040 2990 nullo
4069 2952 4196 2992 non

2538 3020 2840 3075 honorum
2867 3017 3059 3087 gradu
3082 3033 3220 3072 cum
3243 3018 3509 3074 maxima
3531 3019 3622 3074 sui
3661 3022 3924 3077 nominis
3949 3023 4197 3080 celebri-

2539 3116 2656 3164 tate
2700 3107 3044 3180 perfunctos
3088 3107 3500 3163 vetustissima
3544 3107 3645 3164 illa
3692 3112 3881 3167 Roma
3917 3118 4191 3186 noverat,

2540 3196 2919 3270 quivicissim
2953 3195 3117 3251 urbis
3147 3194 3318 3267 illius,
3366 3213 3502 3268 quae
3534 3202 3885 3255 caaterarum
3916 3202 4197 3259 omnium

2541 3286 2714 3342 facile
2764 3287 3042 3358 princeps
3093 3290 3234 3340 tunc
3284 3286 3574 3358 temporis
3625 3288 3881 3348 ﬂoreret.
3933 3292 4200 3364 imperii-

2542 3395 2658 3450 que
2717 3381 2809 3432 sui
2858 3377 3009 3431 fines
3050 3377 3226 3446 longe
3271 3377 3508 3449 lateque
3553 3380 3958 3450 protenderet,
4014 3397 4199 3438 orna-

2544 3471 2744 3523 menta
2792 3467 2850 3521 in
2897 3482 3219 3522 commune
3276 3467 3456 3522 totius
3519 3467 3682 3523 orbis
3745 3477 4200 3542 ornamentum,

2541 3572 3053 3628 communemque
3087 3556 3372 3612 humanm
3422 3557 3721 3614 societatis
3765 3559 4074 3617 utilitatem
4101 3577 4203 3617 ce-

2541 3649 2681 3703 dere
2712 3647 3160 3702 arbitrarentur.

2617 3741 2683 3794 Ut
2731 3753 2858 3792 rem
2911 3736 3121 3809 paucis
3166 3736 3508 3810 expediam,
3549 3737 3717 3795 salva
3762 3740 4010 3811 quidem
4061 3748 4209 3800 sunt

2541 3827 2952 3900 prosperitatis
2971 3826 3255 3882 humana:
3269 3828 3747 3899 propugnacula,
3763 3829 3984 3886 Pharos
3996 3836 4206 3889 autem

2541 3924 2598 3973 et
2632 3922 2862 3990 portus,
2908 3933 3170 3990 quorum
3213 3917 3317 3973 illa
3369 3923 3505 3973 sunt
3542 3917 3924 3976 adminiculis
3958 3937 4207 3979 conser-

2540 4014 2701 4076 vata,
2739 4007 3125 4078 naufragium
3154 4007 3330 4063 nobis
3351 4006 3596 4064 abstulit
3630 4013 3728 4080 (ὅ).

2613 4099 2723 4164 Qui
2753 4103 2955 4154 tamen
2999 4098 3113 4153 hoc
3163 4096 3290 4153 fieri
3327 4101 3542 4170 potest,
3585 4103 3647 4153 ut
3686 4103 3992 4157 tantorum
4035 4103 4200 4158 viro-

2538 4205 2675 4243 rum
2706 4189 2950 4243 virtutes
2986 4193 3106 4242 tam
3135 4187 3454 4250 succincte,
3488 4187 3810 4260 verbisque
3845 4194 3968 4246 tam
3988 4191 4200 4263 paucis

2539 4280 2620 4334 ita
2667 4277 3064 4351 percurram?
3109 4283 3174 4331 ut
3229 4276 3488 4348 plurima
3527 4277 3759 4333 silentio
3809 4282 4201 4350 praeteream?

2537 4370 2754 4442 partim
2783 4367 3029 4440 quidem
3070 4366 3356 4422 confusus
3390 4383 3464 4422 ex
3494 4383 3585 4432 eo,
3627 4367 3792 4440 quod
3819 4368 4038 4425 affectu
4078 4371 4200 4428 sim

2537 4460 2872 4515 vehementi
2897 4463 2954 4512 et
2978 4458 3274 4513 concitato
3305 4458 3496 4526 magis
3523 4474 3709 4530 quam
3735 4457 3913 4514 bonis
3945 4459 4059 4514 illis
4091 4460 4201 4518 ad-

2537 4551 2719 4607 ducto
2748 4555 2805 4605 et
2834 4565 3142 4622 persuaso,
3177 4548 3398 4620 quibus
3439 4549 3574 4604 etin
3625 4549 3738 4604 vita
3773 4549 4006 4621 prmditi
4045 4556 4102 4607 et
4131 4552 4198 4608 in

2536 4646 2728 4696 morte
2760 4655 2883 4695 non
2933 4639 3059 4694 sine
3107 4654 3333 4707 magno
3368 4638 3573 4695 saeculi
3613 4639 3800 4695 nostri
3831 4639 4198 4697 detrimento

2535 4730 2750 4803 privati
2777 4730 3014 4785 fuerunt
3044 4746 3056 4784 :
3087 4729 3304 4800 partim
3338 4745 3476 4784 vero
3521 4729 3750 4785 cautius
3791 4731 4195 4803 prospiciens,

2533 4838 2605 4878 ne
2634 4823 2770 4894 quis
2804 4821 2961 4876 hanc
2991 4821 3331 4875 orationem
3355 4819 3656 4889 suggillet,
3681 4825 3744 4874 ut
3773 4835 3911 4892 quae
3936 4819 4194 4877 instituti

2532 4913 2869 4983 argumenti
2900 4911 3108 4973 oblita,
3135 4911 3428 4982 majorem
3461 4909 3740 4982 Thylaco,
3776 4914 3840 4966 ut
3869 4909 3928 4965 in
3950 4926 4194 4983 prover-

2530 5003 2631 5060 bio
2659 5009 2764 5073 est,
2805 5002 3212 5058 accessionem
3237 4999 3456 5056 fecerit.

2602 5091 3110 5164 Quandoquidem
3133 5105 3292 5145 nova
3325 5090 3487 5156 Sion,
3523 5106 3645 5145 non
3677 5106 3853 5146 secus
3880 5094 4063 5164 atque
4095 5107 4192 5147 ve-

2528 5189 2624 5241 tus
2648 5183 2768 5251 illa,
2794 5199 2829 5238 a
2861 5182 2983 5237 suis
3016 5184 3179 5236 tanto
3225 5179 3287 5235 in
3312 5195 3512 5236 rerum
3555 5179 3900 5236 discrimine
3921 5179 4186 5248 deserta,

2524 5274 2584 5329 in
2636 5272 2901 5329 hostium
2952 5286 3172 5326 manus
3203 5267 3431 5332 incidit,
3465 5273 3522 5325 et
3551 5268 3818 5325 funditus
3839 5285 4048 5326 eversa
4072 5275 4186 5326 est.

2523 5362 2828 5435 Quidquid
2850 5362 3027 5418 etiam
3053 5361 3112 5414 in
3131 5375 3203 5416 ea
3224 5358 3625 5431 supplementi
3653 5357 3766 5425 ,vel
3785 5357 4184 5427 latebrarum,

2519 5454 2614 5509 vel
2642 5453 2790 5509 levis
2821 5455 3111 5508 armatum
3134 5447 3448 5518 beneﬁcio,
3485 5463 3706 5503 manus
3751 5445 3997 5503 hostiles
4032 5445 4185 5502 sub-

2517 5544 2858 5615 terfugerat,
2892 5541 3154 5598 Niczeam
3181 5539 3467 5611 Bithyniae
3511 5537 3892 5611 metropolim
3918 5537 4186 5594 commi-

817 5718 894 5788 (ὅ)
917 5717 1140 5776 Alludit
1164 5718 1245 5776 ad
1265 5718 1414 5777 illud
1441 5720 1596 5795 Scip.
1629 5722 1856 5780 Nasica:
1891 5723 2058 5798 apud
2081 5724 2144 5780 Β.
2168 5730 2324 5798 Aug.
2356 5725 2433 5784 de
2464 5724 2634 5784 Civit.
2660 5724 2760 5781 Dei
2781 5723 2884 5780 lib.
2913 5740 2929 5778 ι
2961 5741 2974 5780 :
3007 5724 3186 5781 Stant
3216 5721 3457 5786 mania,
3488 5726 3673 5776 ruunt
3705 5733 3919 5776 mores.
