4480 6430
270 399 376 452 369

1451 399 1768 455 MONODlA
1808 400 1876 455 IN
1915 399 2242 458 FRATREM
2285 403 2495 460 SUUM.

3576 400 3682 452 370

269 519 484 589 gravit,
539 518 740 588 ibique
769 516 925 572 adeo
947 533 1108 574 nunc
1173 521 1470 589 exsulant,
1512 523 1615 594 qui
1641 523 1920 578 hesterno
1949 533 1998 586 Α
2038 541 2174 596 qua
2206 526 2458 582 civitatis
2489 527 2686 582 unitas
2737 526 3028 582 dissoluta
3079 522 3358 581 concidit!
3419 525 3685 593 quantus

267 606 366 662 die
397 607 738 664 concivium
798 624 1044 663 suorum
1100 608 1313 664 latitia
1358 611 1771 681 congratulati,
1819 612 1921 666 ho-

267 696 501 766 dierno,
525 700 679 771 proh
703 701 909 758 dolor!
936 698 1326 754 marentibus
1350 701 1804 768 congemiscunt
1825 719 1835 755 :
1860 705 1923 755 ut

269 787 378 858 qui
407 787 599 844 beata
619 795 798 846 antea
819 789 1041 845 civitati
1063 792 1420 842 ornamento
1438 787 1707 854 fuerunt,
1742 789 1923 844 iidem

268 875 453 932 hodie
475 877 690 934 infelici
721 878 1003 936 solatium
1029 877 1301 933 afferant.
1337 877 1408 931 lis
1429 879 1589 933 enim
1623 879 1768 949 ipsis
1789 895 1924 950 qua

270 964 576 1037 dicebant,
608 983 867 1042 quaque
898 967 1152 1038 sapienti
1182 971 1236 1022 et
1267 983 1491 1036 magno
1523 968 1726 1023 animo
1757 968 1927 1023 disci-

269 1054 454 1126 plina
476 1059 678 1113 attenti
696 1057 1101 1130 patiebantur,
1121 1071 1241 1111 non
1261 1072 1476 1128 parum
1497 1057 1926 1112 consolationis

270 1144 991 1218 aﬂ'erebant,ignavitque
1005 1146 1262 1217 pectoris
1286 1150 1340 1200 et
1357 1145 1678 1200 hebetioris
1702 1146 1925 1215 ingenii

269 1232 624 1290 hominibus
649 1250 774 1291 non
795 1251 1017 1308 parvos
1043 1233 1122 1290 ad
1143 1233 1551 1289 fortitudinem
1609 1250 1925 1306 capessen-

268 1321 416 1377 dam
447 1322 687 1379 aculeos
708 1323 1078 1394 adjiciebant
1105 1365 1120 1379 .

343 1413 547 1483 Itaque
585 1412 1111 1484 quemadmodum
1161 1411 1423 1467 Ezechiel
1472 1417 1522 1467 et
1579 1412 1783 1467 Daniel
1826 1428 1929 1467 eos

267 1500 376 1572 qui
402 1500 568 1572 apud
586 1501 956 1573 Babylonem
973 1503 1178 1557 animo
1198 1501 1930 1569 deticiebant,exclaman-

265 1593 360 1644 tes
382 1607 396 1644 :
418 1591 818 1646 Exeruernnt
835 1606 966 1646 ossa
988 1597 1216 1654 nostra,
1235 1606 1362 1659 spes
1393 1597 1598 1646 nostra
1612 1591 1932 1662 desperata

299 1678 495 1734 cilicet
523 1681 770 1736 evanuit
806 1684 822 1735 l
853 1697 869 1734 :
895 1678 1347 1752 perapposisitis
1370 1678 1682 1750 colloquiis
1701 1694 1928 1734 recrea-

271 1767 424 1824 bant
456 1810 470 1835 ,
501 1768 779 1840 quandiu
807 1767 960 1823 vivis
993 1766 1107 1823 illis
1133 1767 1282 1833 frui,
1304 1767 1580 1839 quandiu
1614 1767 1934 1823 condolen-

273 1861 364 1912 tes
394 1860 454 1912 et
493 1861 878 1913 consolantes
931 1856 1186 1929 experiri
1237 1856 1420 1922 licuit,
1469 1857 1694 1912 leviora
1722 1855 1934 1929 procul

274 1944 467 2002 dubio
492 1945 748 2002 fortuna
790 1945 905 2002 tela
930 1945 1288 2014 sentiebant,
1315 1961 1425 2001 nec
1455 1946 1704 2002 omnino
1751 1963 1786 2001 a
1835 1961 1938 2018 pa-

275 2037 391 2091 tria
423 2051 486 2091 se
507 2053 618 2092 sua
640 2036 913 2092 exsulare
945 2035 1414 2104 arbitrabantur,
1445 2041 1508 2090 ut
1538 2035 1640 2106 qui
1661 2035 1936 2108 pulcher-

274 2127 435 2182 rima
461 2127 715 2183 civitatis
747 2143 869 2182 sua
887 2126 1161 2194 donaria,
1191 2126 1511 2197 capitaque
1539 2126 1688 2181 adeo
1709 2125 1934 2198 quibus

274 2215 628 2286 reipublica
661 2215 1017 2284 gubernatio
1047 2214 1337 2280 innititur,
1373 2214 1553 2269 etiam
1577 2218 1703 2269 tum
1735 2219 1937 2269 osten-

277 2309 498 2361 tarent.
535 2307 666 2361 Non
696 2305 858 2361 enim
879 2320 951 2360 ex
981 2304 1304 2370 manibus,
1339 2303 1671 2376 quamlibet
1702 2303 1803 2358 illa
1834 2304 1938 2358 ho-

276 2394 517 2450 minum
554 2394 844 2450 manibus
870 2394 1098 2450 aﬂ‘abre
1147 2397 1390 2463 structa,
1437 2397 1540 2449 aut
1566 2394 1730 2448 tectis
1753 2392 1938 2447 subli-

277 2485 509 2548 mibus,
545 2488 648 2540 aut
672 2484 1025 2556 porticibus,
1059 2483 1306 2540 autforo
1328 2488 1618 2539 exornata
1644 2483 1777 2548 sint,
1799 2499 1942 2538 vera

277 2575 536 2630 civitatis
559 2574 754 2630 forma
783 2572 1082 2647 dependet
1105 2578 1203 2638 (6);
1237 2573 1345 2628 sed
1373 2573 1775 2629 exhominum
1803 2589 1941 2644 pro-

277 2665 488 2729 bitate,
560 2663 896 2732 honestate,
959 2663 1283 2732 religione:
1345 2662 1568 2734 quibus
1599 2662 1943 2734 quicunque

280 2754 575 2827 praditus
598 2759 704 2820 est,
734 2754 915 2810 etiam
947 2753 996 2808 si
1019 2752 1132 2808 sub
1172 2769 1398 2824 quercu
1449 2756 1774 2824 pernoctet,
1824 2766 1943 2806 me-

280 2843 449 2900 lioris
475 2843 570 2899 ille
601 2848 832 2899 natura
861 2842 1082 2914 hospes
1107 2841 1378 2911 efﬁcitur,
1420 2841 1658 2911 dignior
1684 2841 1942 2906 interim,

280 2949 469 3006 quem
497 2933 716 2988 civium
748 2948 1001 2988 suorum
1032 2932 1306 3002 catalogo
1332 2931 1618 3003 qualibet
1654 2931 1800 2985 urbs
1850 2947 1944 2985 ac-

284 3027 553 3089 censeat,
578 3037 652 3077 ne
667 3021 866 3078 dicam
897 3020 1196 3077 mundum
1229 3020 1452 3093 ipsum,
1485 3027 1944 3092 quantusquan-

287 3116 385 3168 tus
419 3115 532 3176 est,
568 3111 731 3167 hisce
763 3111 1036 3167 moribus
1066 3110 1264 3166 incola
1303 3126 1550 3182 prorsus
1602 3109 1943 3178 indignum.

357 3203 502 3267 Qua
523 3200 1320 3273 quidemjomnia,tanquam
1337 3199 1451 3272 pia
1468 3199 1720 3255 civitatis
1735 3198 1950 3254 funda-

283 3294 514 3356 menta,
543 3294 869 3362 prasentes
893 3289 973 3344 illi
1003 3289 1094 3345 vel
1116 3289 1244 3345 solo
1259 3293 1408 3344 nutu
1424 3287 1860 3360 adimplebant,
1885 3291 1951 3344 ut

281 3396 550 3454 quorum
583 3379 802 3436 animis
831 3378 1176 3450 reipublica
1215 3378 1368 3434 bene
1400 3379 1732 3433 constituta
1756 3377 1950 3431 forma

282 3469 468 3526 altius
486 3470 785 3541 impressa
805 3472 978 3540 esset,
1007 3484 1077 3524 ac
1101 3467 1148 3522 si
1171 3467 1619 3538 ejusdemleges
1642 3467 1947 3531 animata,

279 3557 724 3632 quoddamque
762 3557 925 3613 velut
980 3557 1315 3629 superstitis
1373 3555 1951 3627 Contantinopoleos

282 3647 817 3721 propugnaculum
848 3649 1476 3718 essent.Posteaquam
1502 3661 1640 3700 vero
1664 3661 1775 3716 par
1804 3643 1949 3700 illud

285 3738 542 3794 fratrum
571 3736 976 3792 sanctimonia:
990 3736 1154 3792 fama
1180 3735 1527 3803 celebrium,
1552 3735 1632 3790 ad
1650 3734 1952 3790 calestem

286 3828 456 3883 illam
487 3829 766 3900 rempub.
809 3827 1020 3899 paucis
1053 3832 1190 3882 ante
1234 3825 1450 3881 diebus
1503 3830 1819 3882 evocatum
1844 3829 1950 3894 est,

288 3933 402 3973 nec
427 3917 508 3972 ita
538 3917 728 3973 multo
755 3921 892 3990 post
935 3917 1115 3972 frater
1143 3915 1239 3972 ille
1291 3932 1487 3986 meus,
1537 3915 1645 3988 qui
1692 3915 1954 3970 duorum

284 4006 438 4077 jugo
464 4008 668 4062 tertius
689 4005 1387 4078 accesserat,eodemque
1408 4020 1531 4077 quo
1556 4004 1955 4060 illisenatorio

289 4111 543 4152 munere
574 4095 960 4166 fungebatur,
987 4111 1109 4152 una
1138 4110 1382 4167 quoque
1413 4111 1553 4150 cum
1589 4093 1702 4149 illis
1725 4109 1956 4150 assum-

293 4191 461 4260 ptus,
491 4187 815 4257 aternique
843 4189 1083 4240 senatus
1105 4184 1245 4240 albo
1267 4184 1607 4255 adscriptus
1655 4188 1764 4250 est;
1816 4189 1958 4238 tunc

296 4290 437 4330 vero
494 4274 682 4330 nostri
738 4273 820 4329 illi
891 4273 1476 4346 Megalopolitani(7),
1536 4273 1641 4345 qui
1699 4273 1955 4328 Nicaeam

291 4364 864 4434 commigraverant,
893 4362 1025 4418 illos
1080 4379 1115 4419 a
1163 4379 1225 4418 se
1273 4362 1568 4417 abductos
1618 4367 1955 4427 senserunt,

2034 613 2335 670 bonorum
2369 615 2644 670 cumulus
2667 617 2938 671 inversus
2960 615 3068 670 est!
3093 612 3336 685 qualem
3366 609 3682 682 probitatis

2033 703 2487 776 honestatisque
2515 705 2804 774 triplicem
2823 703 3258 772 funiculum(8),
3289 715 3410 754 non
3436 697 3684 754 calami-

2034 798 2224 848 tatum
2254 793 2697 864 quidem,juxta
2718 796 2959 866 sapiens
2989 792 3138 848 illud
3161 791 3469 862 ἀποφθεγμα
3488 788 3684 842 disru-

2035 883 2116 953 pit
2149 888 2553 952 επιττασις,8ι]ῑ
2583 883 3098 938 circumstantium
3131 877 3684 936 casuumviolentia

2033 971 2294 1036 divulsit,
2328 978 2387 1028 at
2416 972 2544 1028 sola
2572 988 2734 1026 mors
2764 988 3010 1027 auream
3042 971 3302 1025 virorum
3330 967 3568 1023 illorum
3585 981 3685 1020 ca-

2036 1066 2235 1116 tenam
2261 1061 2616 1125 dissolvens,
2651 1061 3072 1132 sigillatimque
3103 1059 3428 1129 dissipans,
3472 1055 3551 1110 ad
3594 1054 3684 1109 ni-

2035 1150 2222 1205 hilum
2253 1150 2501 1206 tandem
2532 1151 2778 1220 redegit:
2826 1165 3085 1220 cumque
3118 1147 3270 1202 adeo
3299 1143 3687 1200 clementissi-

2036 1256 2172 1294 mus
2196 1239 2292 1294 ille
2322 1240 2432 1307 vir,
2466 1243 2852 1311 optimusque
2876 1237 3116 1293 Michael
3145 1237 3377 1308 primus
3408 1233 3528 1288 fato
3549 1247 3686 1287 con—

2037 1327 2331 1395 cessisset,
2366 1344 2438 1382 ex
2478 1327 2634 1382 facili
2691 1327 2790 1382 illa
2821 1331 2877 1382 et
2927 1325 3180 1397 simplici
3211 1323 3418 1379 anima
3449 1325 3684 1376 tantum

2038 1417 2347 1488 superfuit,
2363 1422 2659 1487 quantum
2683 1414 3179 1486 Megalopolitana
3192 1412 3432 1468 colonia
3463 1425 3604 1464 suos
3625 1409 3688 1464 in

2040 1521 2183 1560 usus
2212 1506 2494 1576 reposuit:
2529 1506 2776 1560 unicum
2806 1504 3042 1560 interim
3074 1502 3353 1558 dolorum
3382 1499 3688 1567 solatium,

2039 1593 2403 1664 locupletem
2434 1594 2601 1649 illum
2634 1591 3340 1662 scilicetmultiscumque
3389 1591 3688 1643 Joannem

2043 1682 2152 1738 sibi
2186 1697 2556 1754 proponens;
2589 1682 3057 1753 illum,inquam,
3081 1679 3187 1751 qui
3208 1677 3457 1734 consilio
3479 1681 3693 1747 etpru-

2043 1769 2244 1826 dentia
2295 1771 2555 1843 reliquos
2608 1769 2957 1826 antecellere
3011 1769 3192 1836 cives,
3223 1764 3692 1837 reipublicaque

2045 1859 2198 1916 adeo
2216 1861 2438 1932 optime
2454 1861 2790 1915 constituta
2813 1859 3014 1914 vivum
3028 1855 3335 1927 exemplar
3361 1853 3694 1909 dicebatur.

2118 1952 2332 2005 Verum
2353 1953 2751 2021 posteaquam
2772 1949 2982 2020 paucis
3010 1945 3326 2016 interjectis
3347 1943 3560 1998 diebus
3580 1941 3696 1996 hoc

2045 2055 2286 2112 quoque
2320 2038 2560 2094 fratrem
2585 2038 2904 2093 subsecuto
2934 2043 3142 2092 nostra
3197 2033 3438 2090 colonia
3486 2031 3698 2087 orbata

2047 2135 2157 2192 est,
2191 2133 2369 2201 atque
2378 2130 2543 2199 justa
2564 2127 2757 2182 funeri
2787 2128 2918 2197 ejus
2941 2124 3242 2198 persolvit,
3268 2123 3499 2178 Nicetas
3519 2120 3700 2175 frater

2046 2233 2218 2274 meus
2252 2222 2580 2290 supererat,
2611 2232 2793 2289 quem
2832 2215 2932 2271 illa
2972 2213 3346 2287 pradicaret,
3403 2216 3697 2282 tanquam

2049 2325 2209 2374 eum,
2230 2325 2352 2380 quo
2383 2309 2444 2363 in
2474 2323 2595 2362 uno
2626 2321 2838 2362 omnes
2861 2305 3046 2361 animi
3072 2303 3333 2358 duorum
3359 2299 3702 2374 praceden-

2050 2401 2198 2455 tium
2219 2399 2387 2454 dotes
2418 2397 2841 2465 elucescerent,
2871 2396 3045 2466 cujus
3094 2395 3274 2450 etiam
3331 2406 3518 2446 causa
3576 2404 3700 2444 non

2049 2505 2304 2560 parvam
2335 2489 2540 2544 animo
2561 2486 3074 2559 exspectationem
3104 2485 3484 2554 conceperat.
3511 2482 3701 2546 Quem

2052 2578 2231 2634 simul
2262 2582 2444 2649 atque
2467 2576 2783 2645 naufragio
2813 2581 3187 2647 postremum
3221 2571 3444 2640 amisit,
3489 2571 3707 2624 immo-

2052 2668 2202 2723 dicis
2224 2667 2402 2723 hodie
2434 2665 2743 2722 doloribus
2778 2665 3078 2731 fatiscens,
3110 2668 3402 2734 tanquam
3429 2659 3708 2714 fluctibus

2055 2756 2373 2818 adobruta,
2403 2755 2482 2810 ad
2512 2755 2824 2826 imumque
2857 2753 3138 2808 demersa
3167 2751 3470 2820 est.Hujus
3502 2747 3711 2803 audita.

2056 2852 2266 2914 morte,
2297 2845 2412 2900 dici
2441 2861 2565 2900 non
2595 2848 2790 2916 potest
2818 2846 3078 2914 quantos
3105 2841 3163 2896 in
3192 2840 3387 2895 luctus
3437 2837 3711 2893 inciderit

2057 2937 2215 3006 Asia,
2243 2951 2551 3008 quamque
2582 2933 2847 3006 querulis
2877 2932 3152 2988 lamentis
3201 2928 3521 3002 queritanti
3561 2943 3710 2981 ma-

2062 3026 2205 3082 stior
2235 3028 2473 3097 Europa
2489 3023 2888 3096 responderit,
2918 3021 3098 3076 simul
3115 3026 3295 3092 atque
3316 3019 3388 3074 de
3408 3032 3702 3073 commun

1979 3142 2019 3198 C
2060 3116 2335 3172 omnium
2364 3114 2592 3170 damno
2624 3114 2837 3168 certior
2867 3112 3026 3167 facta
3056 3115 3163 3167 est.
3197 3107 3368 3174 Quod
3400 3107 3447 3162 si
3476 3107 3713 3178 utrique

2059 3203 2388 3260 continenti
2408 3199 2930 3258 velutuniversale
2960 3199 3151 3255 fatum
3191 3202 3423 3253 tantam
3477 3194 3714 3250 cladem

2061 3294 2402 3364 intulit(sive
2434 3293 2796 3365 probitatem
2828 3295 3083 3361 utraque
3115 3293 3281 3342 tuam
3305 3291 3441 3342 ante
3472 3288 3718 3357 experta

2061 3384 2274 3451 fuerat,
2297 3383 2422 3438 sive
2449 3398 2650 3438 rerum
2673 3387 2780 3436 ate
2811 3378 3095 3452 praclare
3119 3382 3423 3445 gestarum
3445 3374 3611 3429 fama
3638 3372 3719 3428 ad

2061 3473 2414 3530 earumdem
2441 3487 2616 3528 aures
2642 3470 3036 3542 pervenerat),
3063 3470 3126 3522 ut
3147 3472 3269 3522 tam
3288 3480 3442 3535 agre
3462 3467 3718 3519 mortem

2063 3570 2254 3630 tuam,
2286 3579 2323 3618 o
2375 3560 2734 3617 charissima
2777 3558 2921 3614 mihi
2946 3555 3450 3626 sanctissimeque
3489 3552 3717 3619 anima,

2065 3654 2323 3719 tulerint,
2357 3667 2539 3723 quem
2570 3667 2706 3719 nos,
2737 3663 2966 3721 quaso,
3000 3645 3318 3716 gemitibus
3350 3648 3404 3699 et
3457 3641 3718 3714 querelis

2066 3743 2317 3800 modum
2347 3743 2656 3814 imponere
2683 3736 3008 3794 debemus?
3038 3736 3139 3808 qui
3161 3735 3208 3790 si
3232 3733 3720 3804 cujusmodicun-

2065 3851 2183 3907 que
2232 3833 2496 3894 habitus.
2530 3837 2632 3887 aut
2681 3827 3076 3899 cognationis,
3112 3831 3173 3881 ut
3200 3826 3330 3896 jam
3362 3824 3507 3889 dixi,
3565 3823 3718 3879 ratio

2065 3924 2364 3980 habeatur
2393 3922 2650 3994 (generis
2700 3920 2862 3976 enim
2912 3917 3081 3988 origo
3130 3915 3346 3971 eadem
3404 3913 3581 3970 nobis
3612 3918 3722 3982 est)

2067 4013 2399 4070 innumeris
2426 4011 2786 4068 aﬂlictamur
2808 4008 3179 4071 modis?nos,
3200 4005 3472 4078 inquam,
3493 4002 3719 4076 quibus

2069 4109 2180 4160 ate
2210 4102 2548 4159 ofﬁciorum
2572 4099 2943 4156 inﬁnitorum
2977 4095 3255 4151 cumulus
3288 4096 3561 4162 accessit,
3585 4094 3722 4166 qui-

2067 4195 2184 4250 bus
2200 4199 2314 4250 tua
2332 4193 2557 4248 virtutis
2572 4189 2884 4261 ergonulla
2899 4205 3020 4246 non
3033 4187 3513 4259 honorisspecics
3528 4201 3725 4242 accre-

2069 4285 2172 4354 vit,
2201 4284 2305 4356 qui
2331 4298 2453 4339 non
2480 4284 2761 4353 exiguam
2787 4300 2858 4339 ex
2882 4285 3060 4340 rebus
3089 4289 3199 4340 ate
3230 4279 3517 4355 praeclare
3540 4276 3722 4347 gestis

2066 4377 2309 4433 laudern
2340 4380 2546 4431 nostro
2575 4376 2749 4447 quasi
2777 4375 2910 4445 jure
2941 4375 3116 4430 nobis
3149 4372 3562 4432 vendicamus,
3583 4382 3723 4421 cum

294 4460 441 4511 tunc
468 4471 588 4510 uno
610 4454 885 4510 omnium
907 4469 1208 4509 consensu
1239 4452 1436 4508 nudos
1459 4468 1540 4520 se,
1567 4452 1956 4524 pristinaque
1991 4461 2033 4513 ι)

1991 4461 2033 4513 Ι)
2067 4483 2228 4523 nunc
2259 4466 2504 4521 tandem
2537 4467 2663 4520 sine
2693 4465 2816 4520 ulla
2849 4481 3020 4520 mora
3051 4469 3107 4520 et
3136 4461 3453 4519 confestim
3497 4474 3609 4514 nos
3641 4455 3725 4511 tui

294 4545 505 4615 gloria
517 4545 892 4600 ornamentis
912 4542 1202 4617 spoliatos
1223 4547 1620 4613 agnoverunt:
1643 4547 1781 4598 tunc
1795 4542 1957 4597 deni-

292 4651 415 4708 que
447 4652 508 4690 se
539 4635 687 4690 nihil
712 4633 877 4690 aliud
898 4649 1086 4706 quam
1112 4633 1368 4689 miseros
1416 4631 1654 4689 exsules
1685 4636 1742 4687 et
1766 4636 1957 4687 extor-

293 4741 414 4791 res,
445 4729 626 4797 atque
654 4724 904 4780 omnino
927 4724 1163 4780 civitate
1186 4722 1391 4795 pulsos
1421 4723 1681 4792 ingenue
1697 4721 1957 4794 professi

295 4819 458 4869 sunt.
494 4812 904 4879 Quamobrem
936 4813 998 4868 in
1023 4811 1219 4868 luctus
1268 4813 1448 4867 etiam
1480 4827 1651 4883 aque
1705 4811 1955 4866 acerbos

293 4904 654 4970 inciderunt,
680 4912 860 4976 atque
880 4903 928 4958 si
958 4904 1091 4975 ipso
1124 4903 1183 4958 in
1214 4903 1499 4974 temporis
1541 4902 1792 4957 articulo
1821 4902 1958 4957 civi-

295 5001 388 5050 tas
421 4993 519 5049 illa
550 4994 860 5066 repentino
884 4993 1151 5049 hostium
1183 4993 1428 5048 incursu
1445 4993 1598 5048 victa
1629 5008 1959 5064 eversaque

295 5084 942 5140 corruisset.Eninvero
959 5099 1098 5138 cum
1119 5082 1602 5154 prastississimis
1619 5083 1960 5154 quibusque

294 5175 483 5232 rebus
514 5174 771 5247 spoliata
795 5178 1122 5243 esset,cum
1152 5189 1263 5228 sua
1292 5172 1392 5228 illa
1413 5172 1707 5228 ditissima
1749 5174 1961 5231 aeraria

295 5266 566 5323 hostium
578 5265 898 5338 direptioni
915 5265 1187 5337 exposita
1211 5264 1961 5337 vidisset,quantum,proh

297 5355 492 5426 dolor,
519 5355 865 5413 Christiana
886 5354 1123 5428 reipub,
1154 5353 1468 5411 vinculum
1495 5353 1825 5410 dissectum
1852 5357 1957 5412 est!

378 5503 390 5536 ¹
427 5501 631 5557 Ezech.
662 5517 881 5568 xxxvn,
917 5506 970 5558 ll

376 5631 456 5701 (6)
510 5628 740 5688 Alludit
786 5629 867 5687 ad
899 5630 1498 5688 Lacedaemoniorum
1525 5630 1806 5704 rempub.
1832 5647 1964 5704 qua

301 5722 470 5792 viris,
495 5735 618 5782 non
645 5721 956 5783 manibus
982 5721 1354 5784 inniteretur.

2067 4556 2386 4631 splendore
2401 4555 2662 4611 nominis
2676 4555 2946 4627 privatos
2965 4553 3556 4622 videamusigentem
3575 4547 3726 4602 alias

2068 4645 2460 4719 multiplicem
2513 4649 2568 4700 et
2617 4644 3025 4717 proletariam,
3074 4658 3333 4716 quaque
3366 4655 3473 4712 per
3511 4652 3726 4694 omnes

2068 4737 2219 4792 Asia
2247 4741 2426 4809 atque
2460 4739 2704 4808 Europa
2734 4736 3008 4806 regiones
3039 4735 3218 4806 longe
3239 4733 3472 4804 lateque
3507 4727 3730 4784 diffun-

2069 4828 2246 4892 ditur,
2281 4832 2338 4882 et
2367 4825 2450 4881 tui
2476 4826 2738 4881 nominis
2764 4825 3035 4897 auspicio
3066 4822 3432 4890 nobilitatur)
3460 4836 3614 4893 quos
3647 4825 3728 4874 ta-

2070 4934 2208 4972 men
2233 4918 2346 4972 hoc
2365 4921 2633 4988 tempore
2655 4902 2938 4988 separari,
2965 4920 3067 4970 aut
3093 4914 3256 4970 domi
3279 4927 3578 4987 quemque
3602 4925 3727 4964 sua

2071 5024 2346 5064 seorsum
2377 5006 2580 5076 lugere
2608 5006 2852 5061 minime
2882 5004 3154 5073 decebat,
3191 5003 3296 5059 sed
3318 5004 3377 5058 in
3407 4999 3596 5057 unum
3617 5015 3727 5071 po-

2072 5101 2186 5154 tius
2211 5098 2414 5153 locum
2444 5103 2750 5163 coeuntes,
2802 5101 2982 5168 atque
3031 5094 3335 5149 tumulum
3398 5097 3568 5146 tuum
3622 5089 3730 5143 cir-

2072 5195 2464 5255 cumstantes,
2490 5204 2582 5242 me
2606 5187 2826 5243 misero
2849 5187 3044 5242 luctus
3063 5183 3414 5256 coryphao,
3433 5179 3731 5253 lugubris-

2073 5300 2192 5358 que
2222 5281 2434 5337 naenia
2457 5282 2849 5351 pracentore,
2883 5276 3235 5332 tristissimis
3261 5271 3652 5329 concentibus
3676 5274 3735 5325 et

2073 5372 2356 5431 lamentis
2386 5369 2658 5425 dolorem
2683 5367 2882 5423 testari
2913 5365 3330 5434 conveniebat,
3355 5363 3452 5418 illo
3475 5376 3597 5417 non
3620 5359 3732 5415 mi-

2146 5518 2225 5592 (7)
2261 5513 2956 5586 Constantinopolitanos
2989 5510 3280 5579 intelligit.

2151 5647 2227 5716 (8)
2260 5645 2526 5701 Nicetam
2557 5647 2614 5699 et
2647 5640 3053 5698 Belissariotas
3085 5638 3241 5694 duos
3261 5636 3552 5708 intelligit.
