4480 6430
741 416 840 469 3⁸71

1627 413 1999 470 MICHAELIS
2044 413 2418 470 ACOMINA‘I‘I
2453 414 2889 470 ATHENARUI
2927 413 3251 469 ARCHIEP.

4053 409 4156 462 θη

738 535 970 606 horam,
1012 550 1136 607 quo
1181 534 1422 606 Josephi
1467 536 1775 604 exercitus,
1806 553 1946 593 cum
1974 536 2195 594 Iacobo
2230 537 2390 608 justs
2419 540 2465 598 Α
2504 539 2785 606 evadant,
2815 538 2946 595 hac
2975 541 3177 594 autem
3224 540 3432 593 contra
3460 539 3620 591 certo
3650 537 3770 590 Ictu
3807 531 4034 589 inflicta
4060 528 4158 601 .sit

739 623 1122 697 persolveret,
1153 628 1497 682 commotus
1541 626 1723 681 fuisse
1762 624 1964 682 fertur.
1995 625 2146 682 Nam
2177 627 2225 682 si
2275 627 2391 682 hoc

738 719 916 785 pacto
947 714 1142 770 luctus
1189 718 1426 770 nostros
1456 714 2106 790 instituissemusﬂnihil
2146 717 2394 774 omnino

737 802 970 870 fuisset,
999 803 1168 875 quod
1192 802 1372 859 nobis
1394 803 1509 860 hac
1533 804 1595 860 in
1619 819 1683 862 re
1710 804 1970 861 defuisse
1998 806 2210 861 merito
2235 806 2396 878 quis~

739 908 927 965 quam
958 892 1222 963 objicere
1251 893 1567 965 potuisset.

809 983 883 1039 At
911 998 1055 1039 vero
1085 999 1225 1038 cum
1266 998 1430 1039 nunc
1467 982 1566 1040 alii
1609 983 1688 1040 ab
1719 983 1851 1040 aliis
1883 983 2135 1055 sejuncti
2183 984 2391 1050 simus,

739 1087 850 1129 con
852 1071 963 1142 jux
977 1071 1223 1144 quidem
1238 1072 1424 1142 digna
1439 1088 1578 1145 qua
1597 1077 1794 1130 tecum
1812 1073 1994 1144 vulgo
2011 1073 2395 1130 decantatam

741 1159 995 1216 cornicis
1022 1160 1210 1216 vitam
1239 1161 1614 1232 transigeret,
1649 1161 1854 1234 aliquo
1891 1161 1954 1216 in
1983 1162 2229 1232 angulo,
2274 1177 2394 1217 me-

740 1249 965 1322 diaque
995 1249 1168 1306 humi
1197 1251 1726 1322 procumbentium
1763 1251 2024 1307 ﬁliorum
2069 1252 2308 1319 scilicet,
2341 1255 2396 1307 et

739 1337 1042 1410 puberum
1055 1343 1112 1395 et
1123 1338 1534 1410 impuberum,
1549 1355 1793 1408 corona,
1809 1339 1987 1412 pullis
2001 1340 2214 1396 induta
2223 1340 2398 1396 vesti-

738 1427 857 1484 bus
905 1427 1149 1496 sedens,
1193 1433 1252 1484 et
1300 1429 1563 1502 seipsam
1601 1429 1842 1494 marito,
1873 1434 1929 1486 et
1961 1429 2116 1485 ﬁlios
2148 1433 2398 1502 parente

740 1515 1008 1586 orbatos,
1040 1516 1267 1588 ejulatu
1305 1518 1631 1575 miserabili
1655 1519 2035 1575 lamentatur.
2068 1521 2148 1574 Ex
2193 1519 2398 1574 liberis

739 1610 944 1663 autem
973 1610 1140 1663 atate
1170 1608 1649 1679 provectioribus
1679 1607 1828 1663 alter
1857 1607 2007 1675 aliis,
2037 1608 2242 1663 nescio
2267 1608 2397 1680 qui.

738 1694 856 1750 bus
887 1710 1092 1751 errans
1122 1695 1185 1750 in
1238 1695 1387 1752 locis
1416 1697 1633 1753 tacitus
1679 1696 1847 1767 apud
1893 1711 1955 1751 se
1983 1695 2148 1765 luget
2175 1712 2396 1768 queru-

739 1785 987 1858 lamque
1018 1785 1392 1842 monauliam
1417 1786 1821 1858 prosequitur.
1855 1787 2177 1859 Propinqui
2225 1787 2393 1842 deni-

737 1889 857 1947 que
870 1873 969 1930 alii
989 1875 1545 1947 consanguineique
1565 1879 1862 1947 quotquot
1880 1875 2082 1931 Asiam
2103 1875 2390 1942 incolunt,

734 1962 1010 2033 lugubris
1034 1964 1218 2035 hujus
1247 1964 1556 2035 tragcedia
1588 1969 1780 2033 actus,
1805 1965 1884 2022 ad
1905 1981 2009 2022 eos
2028 1965 2133 2038 qui
2161 1966 2221 2021 in
2244 1967 2393 2022 Gra-

735 2052 832 2109 cia
860 2053 1157 2122 habitant,
1190 2054 1673 2111 transmiserunt.

806 2146 930 2216 Ego
941 2159 1122 2217 porro
1132 2143 1312 2214 longe
1337 2144 1787 2202 infelicissimus
1803 2148 1859 2203 et
1879 2144 2257 2203 miserrimus
2273 2145 2390 2203 ira.

732 2238 819 2291 ter
829 2235 1109 2292 hesterno
1132 2234 1382 2307 quidem
1404 2234 1872 2309 die,nudiusque
1889 2236 2095 2293 tertius
2119 2237 2390 2310 amplam

733 2323 978 2382 aliunde
1004 2323 1204 2381 luctus
1235 2325 1552 2382 materiam
1569 2330 1804 2393 nactus,
1833 2343 1973 2383 cum
2004 2342 2074 2383 ex
2112 2326 2388 2399 publicis,

730 2418 862 2472 tum
890 2414 1142 2488 privatis
1173 2415 1324 2472 meis
1347 2416 1542 2489 ipsius
1567 2416 1975 2473 incommodis
1991 2421 2070 2488 (9)
2095 2435 2108 2474 :
2142 2433 2213 2473 eo
2243 2433 2392 2490 pra-

732 2505 940 2562 sertim
966 2504 1234 2571 nomine,
1267 2504 1437 2578 quod
1461 2504 1992 2578 opulentissimum
2010 2506 2185 2577 juxta
2213 2511 2270 2562 et
2300 2523 2392 2562 ce-

727 2593 1116 2651 leberrimum
1147 2594 1438 2667 templum
1464 2594 1821 2652 Atheniense
1869 2595 2058 2667 (illud,
2114 2598 2390 2668 inquam,

729 2688 937 2742 sancte
957 2684 1223 2755 domine,
1233 2685 1746 2755 ’augustissimum
1767 2685 2082 2757 templum,
2107 2686 2275 2758 quod
2290 2686 2395 2742 Dei

730 2773 1004 2832 Genitrici
1045 2777 1462 2830 consecratum
1493 2779 1604 2842 est,
1637 2774 1860 2847 talique
1889 2774 2144 2846 praside
2166 2775 2227 2830 in
2258 2789 2394 2847 per-

728 2869 980 2938 petuum
1041 2864 1195 2935 eget)
1238 2863 1388 2919 mihi
1435 2865 1857 2930 commissum,
1902 2865 2196 2937 cujusque
2240 2865 2395 2921 adeo

730 2952 1028 3027 spirituali
1046 2952 1219 3010 altari
1238 2964 1590 3026 praessem,
1611 2953 1719 3010 ubi
1739 2969 1928 3026 quam
1942 2955 2207 3011 maxime
2229 2961 2394 3028 pote-

728 3059 862 3102 ram
884 3058 1057 3100 sacro
1074 3041 1407 3099 ministerio
1430 3041 1777 3098 exhibendo
1807 3043 2094 3100 assiduus
2123 3044 2394 3115 invigila-

2503 627 2811 699 animique
2832 641 3104 682 recessus
3133 625 3375 681 intimos
3405 627 3697 696 penetret:
3730 620 3818 677 vel
3848 619 3978 675 ﬂeri
4019 617 4152 689 qui-

2502 717 2642 774 dem
2673 720 2888 789 potest,
2934 720 2998 771 ut
3035 715 3433 772 tentationum
3480 715 3684 770 fumus
3740 708 4156 780 indignatione

2502 805 2771 862 Numinis
2801 804 3152 870 ascenderit,
3183 804 3288 876 qui
3314 802 3584 860 futurum
3606 798 3956 857 incendium
4003 811 4151 869 pra-

2503 895 2819 962 nuntiaret,
2853 899 2911 950 et
2930 894 3172 950 crebras
3197 909 3270 949 ex
3316 892 3507 948 oculis
3549 890 3854 962 lacrymss
3892 887 4148 944 eliceret.

2502 987 2640 1056 post
2666 999 2850 1056 quem
2879 982 3270 1039 aﬂlictionum
3299 980 3456 1051 ignis
3479 979 3911 1043 exardsseeret.
3953 978 4152 1042 Longe

2502 1089 2646 1129 vero
2675 1072 2989 1129 calidiores
3019 1077 3077 1127 et
3101 1070 3506 1127 diuturniores
3534 1084 3685 1136 esse,
3707 1083 3864 1141 quas
3888 1065 4017 1137 jam
4045 1062 4151 1120 luo

2503 1177 2735 1235 plenas,
2765 1162 2892 1218 dies
2911 1161 3241 1217 hodiernus
3263 1159 3541 1225 ostendit,
3573 1173 3697 1230 quo
3739 1154 3988 1228 quidem
4025 1166 4151 1208 car-

2503 1251 2696 1309 bones
2727 1255 3096 1321 exarserunt,
3137 1250 3240 1322 qui
3290 1249 3437 1305 mihi
3492 1262 3812 1320 nunquam
3863 1240 4152 1312 restingui

2505 1347 2669 1399 auta
2712 1340 2908 1397 cordis
2952 1341 3070 1395 mei
3119 1338 3418 1409 sanguine
3470 1335 3859 1410 depascenda
3889 1329 4154 1388 cohiberi

2505 1446 2691 1504 posse
2717 1429 3016 1486 videntur.
3040 1431 3119 1484 Ex
3148 1444 3272 1501 quo
3302 1427 3520 1492 evenit,
3546 1425 3736 1482 utilia
3749 1438 3845 1480 me
3866 1422 4152 1492 laeryma

2504 1519 2892 1590 destituerint,
2924 1519 3046 1574 sive
3094 1517 3262 1590 quod
3312 1516 3578 1589 pristinis
3629 1513 3780 1572 meis
3837 1509 4010 1567 malis
4057 1523 4154 1564 ex«

2503 1610 2724 1667 hausta
2751 1609 2824 1664 sit
2848 1623 3008 1680 aqua
3037 1607 3158 1673 illa,
3176 1622 3314 1680 qua
3333 1621 3471 1662 meo
3499 1605 3576 1661 de
3591 1604 3783 1675 capite
3804 1597 4151 1666 distillabat,

2505 1700 2629 1754 sive
2658 1696 2826 1770 quod
2844 1699 3074 1766 majore
3092 1709 3266 1750 nunc
3289 1695 3404 1751 sim
3420 1697 3585 1750 metu
3608 1689 3947 1764 perculsus,
3970 1691 4153 1757 atque

2505 1789 2658 1846 adeo
2685 1803 2788 1844 cor
2815 1784 3194 1841 meummille
3215 1788 3394 1840 antea
3411 1782 3612 1839 modis
3631 1779 4001 1842 aﬂlictatum,
4026 1780 4152 1831 tan~

2504 1879 2643 1935 dem
2665 1878 2819 1934 sicut
2836 1876 3041 1931 fenum
3072 1875 3364 1939 aruit,nec
3394 1874 3454 1929 in
3485 1875 3795 1944 posterum
3823 1872 4027 1924 tantus
4047 1867 4154 1920 aut

2500 1968 2910 2039 lacrymarum
2933 1965 3116 2031 rivus,
3145 1969 3247 2021 aut
3271 1961 3620 2032 lugubrium
3649 1971 3996 2016 sermonum
4016 1953 4152 2010 fons

2502 2073 2575 2114 ex
2621 2057 2721 2112 illo
2771 2054 3059 2115 scaturire
3112 2053 3320 2125 possit,
3364 2055 3664 2125 quantum
3689 2041 4155 2122 perturbationis

2499 2147 2692 2220 ipsius
2737 2144 3091 2215 magnitudo
3119 2143 3387 2216 requirit,
3441 2147 3507 2196 ut
3555 2154 3678 2214 quo
3707 2137 3930 2194 doloris
3973 2133 4148 2202 illius,

2501 2253 2686 2311 quem
2718 2235 2923 2291 animo
2945 2233 3195 2305 concepi
3221 2230 3628 2301 meo,tandem
3650 2228 3838 2301 ejecto
3863 2223 4154 2298 pondere,

2502 2327 2688 2384 levior
2717 2329 2774 2381 et
2793 2322 3125 2396 expeditior
3148 2321 3428 2379 evadam.
3449 2322 3644 2386 Quare
3657 2318 3789 2389 jam
3809 2313 3958 2372 mihi
3979 2313 4156 2371 siccis

2501 2417 2710 2483 oculis,
2745 2413 3044 2486 mutisque
3073 2411 3434 2482 singultibus
3463 2406 3872 2474 intolerabilis,
3899 2404 3996 2460 hic
4016 2402 4158 2461 alio-

2501 2507 2606 2581 qui
2637 2505 2919 2562 dolorum
2948 2503 3102 2560 fetus
3150 2501 3497 2559 necessario
3545 2497 3892 2556 tolerandus
3923 2498 4032 2563 est,
4064 2493 4160 2549 cui

2502 2597 2685 2654 etiam
2709 2593 3092 2651 breviuscuio
3113 2590 3476 2649 miserabilis
3505 2589 3689 2661 hujus
3719 2586 3876 2653 vita,
3919 2585 3969 2640 si
3994 2583 4162 2657 quod

2505 2701 2821 2759 superesse
2850 2685 3108 2753 videtur,
3132 2696 3388 2740 excurso
3412 2681 3630 2753 spatio,
3660 2675 4045 2740 oommoriar,
4078 2677 4163 2729 at-

2503 2792 2620 2850 que
2664 2777 2868 2831 nescio
2897 2790 3086 2847 quam
3137 2773 3667 2829 subterraneorum
3712 2766 4158 2830 barathrorum,

2503 2866 3006 2937 marinorumque
3039 2864 3283 2919 sinuum
3328 2862 3390 2917 in
3431 2864 3669 2934 partem
3707 2856 4033 2931 projectus,
4073 2853 4162 2924 ja-

2504 2955 2657 3013 cebo
2683 2971 2695 3010 :
2760 2959 2941 3026 atque
2994 2953 3078 3010 ita
3106 2952 3295 3018 fratri,
3325 2951 3527 3008 senior
3547 2949 3791 3021 juniori,
3820 2943 4162 3017 decrepitus

2502 3045 2781 3120 perfecta
2836 3044 3026 3102 atatis
3074 3042 3400 3116 crudaque
3451 3038 3773 3098 senectutis
3811 3037 3963 3106 viro,
4017 3049 4162 3091 con-

726 3134 897 3206 bam,
926 3147 1026 3190 me
1039 3136 1354 3207 prasente,
1384 3131 1540 3205 proh
1559 3131 1752 3188 dolori
1773 3136 1955 3205 atque
1978 3133 2074 3189 his
2101 3133 2296 3190 oculis
2312 3135 2396 3190 vi-
2425 3151 2466 3207 ο
2501 3137 2740 3208 jungar.

730 3225 909 3283 dente
939 3241 977 3282 a
1003 3222 1283 3293 nefangis
1309 3222 1620 3294 sacrilegis
1650 3222 1982 3297 expilatum
2005 3229 2062 3281 et
2088 3230 2395 3282 vastatum

732 3319 843 3373 est.
874 3317 996 3385 Ego
1023 3316 1225 3370 antem
1256 3311 1361 3384 qui
1389 3315 1526 3370 ante
1547 3314 1667 3368 tres
1697 3327 2000 3371 annorum
2025 3313 2292 3372 decadas
2315 3314 2400 3371 ibi

733 3405 899 3463 velut
927 3403 1143 3460 insitus
1184 3403 1442 3473 fueram,
1486 3417 1558 3457 ex
1588 3400 1730 3458 aula
1770 3403 2007 3459 Domini
2039 3405 2304 3474 avulsus,
2335 3400 2402 3461 ut

737 3496 934 3552 siccus
979 3491 1234 3566 quidam
1262 3495 1320 3547 et
1349 3506 1604 3563 prorsus
1632 3491 1858 3548 inutilis
1910 3498 2183 3561 truncus,
2232 3495 2404 3552 vehe-

736 3583 1033 3642 mentiore
1082 3579 1361 3654 procella
1408 3580 1576 3651 ﬂatu,
1627 3596 1790 3637 nunc
1847 3582 1909 3637 in
1957 3582 2159 3640 littora
2218 3584 2403 3640 variis

736 3672 1021 3730 ﬂuctibus
1042 3670 1363 3737 adobruta,
1395 3670 1489 3726 vel
1515 3671 1908 3742 confragosos
1937 3672 2172 3745 aliquos
2189 3689 2404 3746 scopu-

737 3763 832 3819 los
861 3762 1106 3833 ejectus,
1139 3773 1305 3814 nunc
1329 3759 1390 3814 in
1415 3758 1769 3830 depressam
1793 3760 2130 3817 convallem
2150 3766 2404 3818 astuan-

742 3853 818 3909 tis
865 3850 1052 3908 maris
1097 3847 1506 3906 exundatione
1557 3853 1874 3921 protrusus
1915 3850 2158 3907 fuizhis
2185 3852 2406 3909 scilicet

741 3941 910 4001 exsul
957 3941 1019 3997 in
1070 3938 1235 4010 locis,
1276 3939 1404 3994 sine
1435 3937 1616 4009 clero,
1665 3938 1791 3995 sine
1816 3939 1940 3996 ulla
1968 3940 2201 3998 dierum
2231 3940 2404 3998 festo-

740 4034 877 4091 rum
898 4029 1259 4097 celebritate,
1284 4028 1412 4084 sine
1434 4028 1690 4099 civitate,
1718 4027 1979 4102 denique
2003 4031 2404 4089 mediastinus

741 4125 991 4180 deserta
1041 4118 1222 4176 ulula
1260 4118 1321 4174 in
1373 4133 1628 4186 morem,
1659 4117 1937 4189 lugubre,
1997 4121 2200 4177 nescio
2229 4121 2400 4194 quid,

743 4212 912 4287 apud
927 4227 1024 4268 me
1046 4210 1262 4266 tacitus
1287 4208 1363 4265 de
1387 4208 1636 4281 publica
1657 4213 1712 4266 et
1740 4209 1974 4282 privata
1988 4213 2249 4284 pernicie
2261 4229 2402 4285 que-

740 4305 905 4362 ritor.
939 4306 1108 4359 Nunc
1140 4304 1362 4367 autem,
1397 4300 1445 4355 si
1483 4299 1683 4356 luctus
1727 4299 2083 4371 hujusmodi
2111 4302 2187 4358 de
2220 4303 2402 4359 rebus

739 4393 991 4453 ulterius
1038 4390 1185 4447 mihi
1222 4388 1674 4462 protrahendus
1733 4405 1858 4446 non
1887 4391 1978 4462 sit,
2032 4391 2159 4448 sola
2190 4393 2400 4450 saltem

739 4482 1037 4542 memoria
1060 4495 1379 4552 nunquam
1407 4478 1659 4536 excidet.

811 4579 885 4631 At
936 4587 1081 4630 vero
1135 4569 1231 4626 ille
1290 4569 1630 4625 charissimi
1675 4570 1888 4643 capitis
1933 4569 2154 4640 obitus,
2186 4574 2291 4645 qui
2316 4578 2402 4631 tot

737 4665 890 4723 meis
904 4662 1081 4720 malis
1094 4661 1285 4716 instar
1299 4659 1553 4715 decima
1571 4661 1983 4732 Egypticrum
2007 4661 2396 4734 plaga,nimi-

737 4772 874 4813 rum
921 4749 1468 4826 primogenitorum
1500 4748 1949 4822 internecionis,
1984 4753 2399 4822 accessit,om-

736 4861 878 4903 nem
901 4843 979 4900 ad
1003 4856 1065 4897 se
1078 4840 1412 4915 planctum,
1438 4854 1618 4895 omne
1641 4838 2002 4910 lamentum,
2023 4842 2255 4898 nanias
2271 4859 2400 4900 om-

732 4952 863 4998 nes,
893 4948 1110 4992 omnes
1138 4930 1400 5002 denique
1426 4929 1728 5000 lacrymas
1774 4931 2035 4987 attraxit.
2071 4933 2203 4987 Hac
2235 4933 2398 4989 enim

730 5027 826 5083 ille
843 5024 948 5099 qui
968 5040 1092 5080 sua
1110 5019 1512 5092 indignationi
1529 5019 1717 5076 vitam
1733 5025 2055 5093 praparat,
2075 5023 2250 5094 quasi
2271 5040 2396 5081 ma.

730 5116 946 5173 nifesta
965 5114 1253 5189 quadam
1277 5113 1717 5166 tormentorum
1735 5111 2056 5181 gymnasia
2081 5113 2230 5169 mihi
2251 5129 2398 5185 pra-

725 5207 992 5264 tendisse
1021 5203 1279 5268 videtur,
1310 5201 1426 5258 hoc
1455 5203 1658 5257 autem
1693 5205 1998 5258 certamen
2028 5201 2278 5275 insuper
2300 5221 2396 5262 ac-

725 5297 1092 5361 cumulasse,
1124 5293 1465 5351 maximum
1492 5290 1743 5364 quidem
1772 5291 1920 5349 illud
1951 5298 2009 5350 et
2057 5309 2389 5364 summum,

721 5405 834 5447 nec
854 5387 1103 5445 omnino
1130 5383 1380 5458 periculi
1399 5397 1635 5453 expers.
1666 5383 1743 5438 Ex
1769 5397 1892 5455 quo
1921 5382 2008 5448 ﬁt,
2032 5387 2098 5440 ut
2126 5384 2392 5457 pristina

718 5480 834 5536 illa
864 5478 1062 5551 plaga
1093 5475 1276 5545 leves,
1331 5471 1783 5548 tuberculisque
1829 5489 2137 5532 summam
2189 5480 2389 5534 cutem

717 5567 1127 5627 delibantihus
1149 5565 1397 5630 similes,
1423 5566 1604 5635 atque
1623 5562 1777 5619 adeo
1797 5562 1969 5620 facile
1997 5564 2388 5623 medicabiles

786 5661 866 5732 (9)
941 5659 1042 5716 ilic
1110 5656 1349 5712 videtur
1415 5653 1674 5711 alterum
1728 5653 1962 5727 periodi
2036 5656 2383 5716 membrum

713 5751 948 5824 deesse,
983 5748 1268 5823 quamvis
1297 5746 1358 5802 in
1388 5744 1721 5819 exemplari
1743 5744 1909 5805 nulla
1935 5745 2159 5807 lacuna
2189 5747 2283 5806 sit.

2581 3227 2625 3282 Ο
2664 3224 2870 3282 divina
2908 3223 3304 3296 providentia,
3347 3237 3537 3295 quam
3574 3219 3798 3277 nullius
3843 3215 4163 3276 hominum

2507 3314 2805 3372 industria
2820 3314 2955 3386 conj
2964 3320 3240 3370 ecturave
3258 3311 3380 3368 ulla
3397 3310 3637 3384 assequi
3652 3312 3868 3382 potest,
3887 3322 4022 3380 quss
4037 3320 4166 3361 mo-

2511 3403 2604 3460 dis
2620 3402 3125 3460 inenarrabilibus
3142 3418 3237 3459 res
3253 3400 3492 3457 divinas
3505 3405 3562 3458 et
3575 3400 3878 3456 humanas
3889 3394 4165 3456 modere-

2511 3493 2612 3561 ris,
2646 3508 2783 3566 qua
2824 3508 3018 3564 mens,
3051 3507 3282 3565 quaso,
3315 3490 3481 3547 fatali
3507 3487 3878 3561 judiciorum
3926 3490 4170 3541 tuorum

2515 3583 2744 3657 abysso
2777 3599 2840 3638 se
2862 3582 3103 3639 credere
3129 3581 3191 3637 in
3215 3595 3409 3654 eaque
3433 3582 3645 3636 natare
3671 3573 3924 3634 audeat!
3955 3585 4169 3646 quam-

2513 3672 2660 3728 libet
2700 3671 2801 3728 iila
2830 3670 3234 3743 philosophia
3272 3667 3693 3726 addictissima
3722 3663 3940 3734 studio,
3971 3661 4169 3719 nodos

2513 3762 2863 3834 dissolvere,
2888 3761 3317 3834 implicataque
3338 3759 3637 3833 explicare
3657 3755 3894 3830 possit?
3924 3752 4175 3809 Differor

2515 3853 2797 3926 equidem
2821 3852 3045 3916 dolore,
3072 3851 3178 3924 qui
3204 3867 3301 3907 me
3317 3849 3401 3907 ita
3422 3847 3787 3912 exstimulat,
3805 3849 3872 3901 ut
3890 3843 4007 3899 tale
4026 3841 4175 3914 quid

2513 3942 2739 4017 profari
2766 3957 2970 4013 cogar,
3003 3958 3074 3999 ex
3133 3957 3258 4014 quo
3304 3939 3638 4014 periculum
3670 3941 3780 4007 est,
3819 3949 3896 3990 ns
3937 3931 4176 3989 temeri-

2513 4034 2649 4091 tatis
2693 4033 2839 4089 mihi
2877 4037 3022 4090 nota
3064 4034 3357 4090 inuratur.
3419 4029 3532 4097 Qui
3566 4027 3651 4101 ﬁt,
3685 4031 3751 4083 ut
3795 4039 3986 4082 canus
4034 4037 4168 4093 ego,

2513 4123 2738 4180 telluris
2776 4123 2982 4179 inutile
3012 4123 3256 4196 pondus
3284 4120 3424 4194 (i0),
3453 4118 3560 4192 qui
3594 4116 3765 4189 gravi
3813 4114 3983 4171 senio
4030 4127 4169 4185 pre-

2512 4229 2664 4283 mor,
2699 4213 2969 4286 nihilque
2991 4229 3148 4283 sum,
3179 4211 3349 4286 quod
3375 4209 3561 4279 aiunt,
3601 4222 3789 4281 quam
3836 4204 4076 4272 vulnus,
4108 4202 4170 4258 in

2511 4302 2678 4376 quod
2695 4304 2903 4359 omnia
2913 4308 3143 4360 natura
3157 4301 3278 4358 fata
3290 4299 3726 4363 confluxerunt,
3748 4294 3968 4351 diutius
3981 4291 4168 4365 capti-

2509 4410 2621 4449 vus
2643 4393 2758 4450 hoc
2787 4393 2848 4448 in
2873 4398 3110 4449 terreno
3131 4406 3367 4449 carcere
3398 4387 3689 4460 supersim
3704 4387 3733 4442 ?
3754 4382 4165 4458 spectaculum

2431 4483 2476 4537 D
2511 4487 2667 4540 certe
2693 4499 2804 4540 nec
2836 4484 2978 4540 satis
3007 4498 3208 4539 rerum
3243 4477 3616 4538 universitati
3642 4474 4025 4543 conveniens,
4055 4487 4167 4528 nec

2505 4573 2634 4646 jam
2683 4573 2800 4630 tale
2833 4573 3000 4648 quod
3034 4572 3236 4645 jubari
3277 4569 3420 4629 solis
3457 4565 3882 4641 exponendum
3927 4564 4020 4620 sit.
4069 4561 4166 4618 Ille

2506 4681 2649 4723 vero
2686 4665 2792 4737 qui
2831 4663 3107 4720 nondum
3136 4661 3356 4736 pedem
3379 4658 3574 4717 limini
3602 4654 3921 4713 senectutis
3958 4653 4168 4710 intule-

2508 4759 2619 4822 rat,
2652 4755 2831 4824 lcnge
2877 4753 3115 4823 dignior
3154 4752 3260 4826 qui
3301 4751 3425 4808 vita
3452 4745 3827 4806 diuturniora
3855 4745 4164 4814 frueretur,

2509 4862 2580 4902 eo
2602 4844 2937 4919 prasertim
2959 4843 3226 4912 nomine,
3249 4841 3416 4916 quod
3437 4841 3641 4898 uxoris
3670 4845 3728 4897 et
3748 4836 4012 4896 filiorum
4042 4851 4167 4892 non

2508 4951 2843 5010 paucorum
2903 4939 3189 5002 servator,
3244 4930 3580 5005 majoribus
3631 4932 3754 4991 suis
3794 4945 3906 4987 sua
3950 4928 4167 4984 virtute

2507 5025 2890 5097 precluxerat,
2914 5029 3096 5097 atque
3117 5023 3271 5080 adeo
3291 5021 3481 5079 multa
3498 5023 3559 5079 in
3579 5036 3963 5080 communem
3983 5016 4166 5074 totius

2506 5115 2670 5171 orbis
2695 5114 3007 5171 utilitatem
3037 5112 3391 5182 contulerat,
3422 5116 3717 5187 tanquam
3745 5111 3949 5183 gloria
3968 5107 4166 5181 splen-

2505 5205 2790 5278 dorisque
2821 5205 2939 5262 mei
2971 5219 3213 5274 corona,
3245 5205 3301 5260 et
3325 5203 3430 5276 qui
3461 5204 3539 5260 ad
3569 5203 3726 5260 hanc
3754 5216 3955 5260 meam
3980 5198 4165 5255 vitam

2505 5295 2926 5353 concinnitatis
2954 5293 3183 5368 aliquid
3203 5292 3264 5350 in
3293 5292 3422 5350 dies
3442 5291 3680 5351 aﬂerret
3707 5310 3720 5349 :
3752 5291 3868 5363 ille,
3886 5292 4160 5364 inquam,

2501 5385 2826 5443 immatura
2843 5389 3058 5452 morte,
3084 5383 3250 5457 quod
3273 5394 3370 5440 me
3390 5381 3469 5440 ad
3496 5382 3797 5440 insaniam
3817 5395 4007 5456 prope
4038 5377 4163 5437 adi-

2501 5476 2604 5548 git,
2627 5491 2752 5532 non
2774 5476 2900 5532 sine
2921 5474 3232 5532 communi
3247 5477 3633 5538 externorum
3653 5473 4164 5550 propinquorum-

2498 5583 2617 5639 que
2652 5567 2891 5639 jactura
2928 5569 3262 5639 prareptus
3313 5568 3421 5621 est.
3454 5563 3558 5621 illo
3590 5563 3753 5621 enim
3805 5578 3930 5620 non
3973 5564 4160 5617 exter-

2565 5657 2685 5730 (10)
2728 5655 2950 5714 Alludit
2999 5655 3077 5713 ad
3132 5653 3279 5711 illud
3322 5653 3608 5712 Homeri:
3678 5653 3932 5707 Ἐτώσιον
3989 5651 4163 5724 ἄχθος

2495 5748 2689 5823 ἀρούρῃ
2702 5770 2742 5810 ς.
