4480 6430
306 425 412 480 373

1484 424 1803 482 MONODIA
1840 426 1908 480 IN
1952 421 2273 479 FRATREM
2313 422 2518 480 SUUM.

3611 421 3720 478 374

308 562 529 602 norum
559 553 796 606 tantum
827 550 1077 623 bonum,
1101 553 1268 625 quod
1299 553 1373 608 de
1389 553 1552 624 justo
1575 553 1699 608 viro
1730 549 1958 623 sapien-
1991 549 2038 604 Δ
2071 547 2196 602 sine
2227 547 2495 603 caedibus
2518 546 2870 613 innumeris,
2895 546 3194 619 totiusque
3211 546 3466 603 civitatis
3487 545 3720 602 excidio

307 639 396 690 tes
426 636 720 702 dictitant,
750 639 854 695 sed
888 647 1163 697 nostrum
1187 657 1433 714 quoque
1454 642 1786 713 repositum
1814 643 1959 694 erat.

386 724 492 779 Ubi
515 729 784 793 gentium
802 745 983 797 nunc,
1007 747 1236 803 quaso,
1256 731 1503 801 degunt,
1518 731 1687 802 etqui
1701 729 1962 799 genuina

309 815 622 882 sanguinis
658 819 1020 886 cognatione
1042 819 1193 886 freti,
1233 827 1288 876 et
1309 821 1415 892 qui
1437 820 1717 876 eamdem
1738 816 1963 873 conﬁn-

311 907 519 972 gentes
559 903 638 960 ad
668 905 838 964 illum
868 909 1260 978 accedebant,”
1306 909 1529 982 illoque
1561 908 1807 980 auspice
1828 923 1963 978 quae

309 991 391 1047 ab
412 993 881 1064 imperatoribus
904 999 1216 1070 petierant,
1240 1015 1312 1055 ea
1349 999 1599 1054 celerius
1621 999 1807 1067 gratis
1827 1011 1965 1052 con-

311 1083 516 1148 secuti,
537 1084 784 1143 tandem
797 1087 1014 1144 hilares
1027 1089 1280 1146 domum
1295 1105 1469 1146 suam
1492 1087 1960 1152 revertebantur,

309 1175 369 1226 et
415 1173 637 1240 gratias
679 1176 869 1232 multo
911 1177 1216 1234 uberiores
1260 1179 1692 1235 beneﬁciorum
1733 1175 1961 1248 auspici

309 1275 499 1332 quam
512 1262 823 1320 collatorib
831 1282 901 1321 us
912 1267 1210 1336 agebant?
1229 1267 1468 1324 Illorum
1484 1273 1641 1323 certe
1654 1267 1857 1339 plures
1871 1264 1964 1320 vel

310 1349 492 1406 etiam
512 1351 657 1406 nulli
687 1353 807 1408 huc
838 1364 1110 1428 unquam
1140 1358 1201 1412 in
1232 1357 1500 1412 medium
1522 1359 1958 1429 processerunt.

384 1440 504 1494 Huc
533 1440 797 1498 ehodum
823 1459 1036 1500 omnes
1065 1447 1418 1508 concurrite,
1460 1446 1797 1517 eodemque
1841 1458 1963 1498 me-

308 1542 452 1586 cum
471 1529 636 1586 luctu
664 1533 898 1602 praediti
925 1541 1147 1591 nostra;
1179 1537 1373 1606 gentis
1412 1536 1688 1593 encomia
1721 1534 1964 1606 plancti-

307 1614 425 1670 bus
440 1617 590 1672 meis
611 1618 1032 1688 intermiscete,
1058 1628 1122 1679 ut
1137 1625 1282 1694 justi
1311 1625 1493 1695 hujus
1524 1623 1634 1678 viri
1655 1621 1960 1678 memoriae

307 1705 518 1761 merita
542 1704 798 1764 laudum
825 1712 1127 1780 praeconia
1145 1713 1502 1782 tribuamus,
1528 1728 1638 1768 nec
1661 1710 1804 1766 solis
1825 1726 1961 1766 eam

303 1791 592 1865 lacrymis
622 1795 1000 1856 decoremus.
1034 1804 1248 1858 Neuter
1290 1803 1450 1858 enim
1491 1801 1712 1858 modus
1742 1799 1822 1856 ab
1851 1800 1959 1855 ho-

303 1889 480 1938 nesto
510 1900 618 1940 seu
646 1885 867 1944 decoro
915 1890 1146 1946 alienus
1189 1898 1298 1948 est.
1335 1891 1640 1964 Siquidem
1678 1891 1824 1962 justi
1853 1890 1962 1946 viri

304 1989 471 2028 mors
489 1973 794 2049 lacrymas
843 1986 1152 2051 provocat,
1197 1981 1494 2054 efﬁcitque
1533 1986 1598 2038 ut
1617 1980 1776 2037 illius
1805 1979 1962 2036 desi-

301 2061 471 2120 derio
506 2064 888 2127 laboremus:
917 2074 1274 2128 memoriam
1303 2077 1504 2130 autem
1531 2071 1814 2128 laudibus
1839 2087 1960 2128 non

303 2154 576 2212 excolere
612 2173 734 2215 non
765 2168 1018 2232 possunt
1061 2162 1122 2223 ii,
1163 2165 1268 2234 qui
1307 2163 1387 2219 ab
1424 2163 1526 2219 illo
1565 2178 1701 2235 qua:
1729 2162 1963 2218 imiten-

303 2247 425 2308 tur,
450 2244 683 2303 virtutis
707 2251 985 2324 exempla
1009 2257 1237 2325 petunt.

383 2332 492 2389 Ubi
515 2351 660 2394 vero
677 2353 842 2396 nunc
860 2341 1006 2397 mihi
1027 2342 1195 2412 virgo
1231 2341 1332 2398 illa
1356 2341 1525 2399 vultu
1550 2346 1671 2399 tam
1711 2341 1961 2410 liberali,

307 2424 407 2480 cui
434 2423 735 2485 barbarus
764 2429 974 2498 hostis,
1006 2448 1144 2489 cum
1175 2433 1439 2506 primum
1467 2439 1673 2491 nostra
1719 2432 1968 2503 Megalo-

309 2513 468 2585 polis
486 2522 664 2588 capta
679 2524 786 2589 est,
801 2525 1062 2594 utraptaa
1074 2524 1204 2594 jam
1217 2530 1493 2596 stuprum
1520 2524 1792 2580 illaturus
1820 2529 1964 2591 erat,

312 2604 432 2662 nisi
461 2623 596 2666 acer
623 2609 721 2666 hic
754 2610 1086 2670 honestatis
1116 2620 1173 2670 et
1203 2615 1504 2686 pudicitiae
1534 2619 1770 2671 amator
1795 2618 1859 2670 ut
1887 2615 1970 2669 vi-

312 2693 421 2764 dit,
469 2701 533 2752 ut
573 2699 850 2757 misertus
879 2703 1010 2773 ejus
1043 2703 1164 2762 estl
1205 2703 1310 2777 qui
1357 2706 1484 2760 sine
1521 2704 1648 2760 ulla
1690 2719 1862 2760 mora
1908 2703 1970 2758 in

310 2783 550 2843 hostem
571 2787 822 2861 irruens,
841 2792 1076 2849 tametsi
1093 2793 1372 2850 Pbineem
1389 2793 1450 2849 in
1462 2793 1564 2849 illa
1589 2791 1973 2849 defendenda

309 2873 533 2932 imitari
575 2892 698 2933 non
729 2881 1006 2952 potuerit,
1047 2883 1380 2955 quamlibet
1430 2882 1646 2938 eodem
1693 2898 1816 2954 quo
1873 2881 1973 2937 illo

312 2962 480 3032 olim,
521 2972 717 3023 noster
755 2969 852 3025 hic
897 2987 1144 3044 quoque
1191 2973 1319 3029 zelo
1357 2972 1660 3042 ﬂagraret,
1710 2971 1974 3045 puellam

312 3054 529 3114 saltem
549 3057 662 3116 sibi
678 3059 1024 3125 vindicavit,
1052 3079 1304 3120 uxorem
1333 3063 1664 3136 legitimam
1689 3077 1823 3119 esse
1852 3062 1972 3118 cla-

310 3146 560 3219 mitans,
579 3165 762 3222 seque
779 3151 904 3210 ﬁda
925 3153 1184 3225 conjuge
1199 3153 1444 3226 privari,
1465 3159 1647 3226 atque
1663 3153 1799 3210 ideo
1818 3169 1979 3210 acer-

311 3234 408 3291 bis
415 3217 584 3295 simis
597 3217 868 3299 aﬂhictari
881 3217 1079 3299 modiis
1089 3217 1418 3316 queritans.
1431 3217 1768 3301 Ambarum
1781 3244 1983 3315 itaque
2012 3217 2053 3272 Ο

312 3327 629 3385 tenacitate
674 3346 971 3391 manuum
1017 3335 1389 3406 prehensam
1439 3334 1783 3407 pancratice
1843 3349 1983 3388 cum

312 3414 488 3472 hoste
508 3417 881 3490 colluctatus,
910 3422 1083 3494 cujus
1103 3424 1372 3481 animum
1398 3441 1605 3481 amore
1625 3424 1861 3480 ebrium
1893 3423 1980 3478 fu-

312 3521 417 3566 τοι·
446 3507 740 3577 eﬂ'erarat,
768 3510 848 3568 ad
869 3527 934 3568 se
961 3513 1226 3581 retraxit,
1259 3530 1370 3570 nec
1400 3514 1565 3588 prius
1613 3512 1982 3586 conquievit,

315 3612 504 3669 quam
531 3615 569 3657 a
583 3599 826 3658 violenti
843 3602 1035 3660 hostis
1062 3604 1353 3662 manibus
1372 3605 1667 3678 virginem
1686 3608 1978 3676 ereptam,

313 3686 611 3758 virginem
642 3692 798 3762 patri
827 3693 1183 3750 restitueret.
1216 3694 1445 3751 Praesto
1467 3695 1540 3750 sit
1567 3710 1711 3750 vero
1732 3709 1894 3750 nunc
1922 3697 1979 3748 et

315 3777 441 3848 illa,
464 3785 530 3835 ut
547 3777 852 3849 lamentis,
877 3784 1226 3858 gemituque
1243 3789 1299 3841 et
1315 3785 1578 3842 femineo
1597 3783 1832 3841 ululatu
1850 3799 1974 3838 sua:

313 3866 607 3927 libertatis
623 3871 926 3930 vindicem
942 3873 1302 3941 conclamat,
1318 3874 1506 3944 illum,
1517 3875 1832 3947 inquam,a
1851 3887 1974 3946 quo

313 3964 575 4029 servata,
605 3976 718 4019 nec
753 3979 929 4019 secus
967 3980 1005 4022 a
1029 3969 1239 4037 stupro
1264 3964 1518 4022 liberata
1565 3968 1674 4036 est,
1701 3969 1882 4037 atque
1925 3963 1974 4018 si

311 4048 619 4119 pudicitiae
659 4053 788 4124 ejus
832 4055 1267 4112 conservando
1297 4055 1743 4128 integritatique
1768 4059 1971 4111 custo-

310 4137 553 4196 dienda
578 4141 705 4213 jam
733 4142 878 4202 olim
907 4145 1229 4216 prafectua
1257 4145 1486 4204 fuisset.

383 4230 430 4285 Ο
448 4231 812 4301 praclarum
835 4233 1076 4292 facinus
1099 4235 1112 4289 l
1135 4236 1356 4309 cuique
1376 4251 1451 4292 ex
1472 4235 1684 4308 priscis
1705 4234 1819 4292 illis
1839 4234 1971 4291 nul-

311 4317 445 4377 lum
475 4321 858 4393 respondeat.
902 4326 1105 4382 Fertur
1130 4325 1408 4384 Hercules
1431 4327 1750 4382 Hesionam
1780 4340 1972 4398 quon-

313 4407 464 4469 dam
493 4409 863 4484 liberavisse,
891 4430 1034 4473 cum
1051 4414 1268 4474 bellum
1295 4416 1549 4473 marinas
1566 4416 1807 4488 objecta
1830 4415 1971 4472 fuis-

2071 642 2446 710 peregerunt.
2492 639 2692 702 Quare
2731 652 2852 692 non
2879 641 3018 694 sunt
3055 637 3138 692 illi
3175 652 3314 692 cum
3358 636 3473 692 hoc
3511 639 3720 692 nostro

2070 725 2434 790 conferendi,
2477 727 2580 796 qui
2607 726 2870 798 puellam
2894 727 3190 796 integram
3221 730 3278 781 et
3312 725 3564 780 illaasam
3595 723 3724 781 sola

2071 822 2306 870 certans
2327 817 2596 872 oratione
2614 816 2740 871 sine
2761 816 2925 872 crede
2943 821 3246 888 receptam
3267 815 3525 871 reduxit.
3551 813 3723 886 Equi-

2071 903 2208 960 dem
2233 904 2588 976 prasclarum
2605 904 2773 960 illum
2793 905 3033 962 fratrem
3051 921 3256 961 meum
3276 905 3337 960 in
3393 902 3724 960 Abrahami

2071 992 2263 1048 ﬁlium
2303 998 2545 1066 propter
2571 994 2757 1050 ﬁdem
2787 995 3142 1066 adoptatum
3169 994 3349 1049 fuisse
3374 996 3533 1050 certo
3558 991 3680 1046 scio
3704 1008 3718 1043 :

2069 1083 2216 1153 quin
2247 1087 2304 1138 et
2340 1083 2455 1138 hoc
2485 1083 2773 1140 audacter
2803 1100 2874 1140 ac
2914 1083 3098 1140 libere
3137 1084 3336 1139 dicere
3382 1097 3506 1138 non
3552 1095 3718 1136 vere-

2069 1170 2199 1235 bor,
2267 1172 2543 1243 patribus
2603 1172 2717 1228 illis
2775 1173 3191 1228 Abrahamicis
3237 1177 3514 1228 nostrum
3562 1170 3721 1224 hunc

2068 1262 2259 1315 multo
2308 1261 2784 1332 priestantiorem
2841 1262 3063 1318 fuisse:
3135 1262 3514 1318 Abrahamus
3557 1259 3719 1314 enim

2071 1349 2334 1420 primum
2365 1351 2529 1422 apud
2571 1352 2964 1420 Pharaonem,
2997 1351 3213 1407 deinde
3240 1351 3403 1424 apud
3425 1347 3720 1405 Abimele-

2069 1437 2252 1494 chum
2283 1441 2491 1496 Saram
2539 1457 2713 1497 suam
2751 1457 2881 1497 esse
2912 1457 3200 1508 sororem,
3241 1456 3367 1497 non
3396 1440 3720 1510 conjugem

2070 1527 2375 1598 professus
2405 1535 2513 1596 est,
2555 1537 2618 1586 ut
2647 1535 2705 1586 et
2753 1531 3084 1588 Rebeccam
3125 1535 3383 1588 lsaacus.
3424 1529 3508 1584 Illi
3538 1527 3718 1583 nimi-

2070 1631 2204 1670 rum
2253 1618 2544 1675 terrefacti
2599 1621 2888 1691 conjuges
2934 1623 3087 1677 'suas
3116 1621 3312 1676 dicere
3332 1619 3715 1688 verebantur,

2071 1721 2146 1760 ne
2196 1712 2439 1779 propter
2494 1708 2627 1764 illas
2678 1711 3028 1766 interirent:
3084 1711 3181 1767 hic
3229 1726 3371 1766 vero
3419 1708 3719 1778 virginem

2071 1797 2332 1852 necdum
2360 1797 2471 1852 sibi
2494 1798 2554 1854 in
2580 1801 3036 1856 matrimonium
3058 1799 3618 1868 collocatam,suam
3636 1803 3720 1854 ta-

2071 1901 2211 1941 men
2256 1903 2503 1944 uxorem
2551 1889 2926 1953 nominabat,
2977 1889 3056 1946 ad
3106 1907 3169 1946 se
3211 1889 3575 1955 retrahebat,
3609 1887 3723 1943 sibi

2071 1976 2456 2034 vindicabat:
2491 1979 2626 2035 vitai
2665 1995 2776 2054 pro
2795 1980 2897 2038 illa
2927 1981 3251 2039 discrimen
3290 1981 3514 2048 subire,
3555 1979 3605 2036 si
3628 1993 3724 2034 res

2070 2055 2319 2141 itaferat,
2370 2070 2850 2144 haudquaquam
2886 2073 3246 2132 detrectans.

2145 2159 2319 2224 Quod
2349 2161 2398 2216 si
2430 2163 2769 2220 Susannam
2816 2163 3022 2220 Daniel
3059 2180 3096 2222 a
3132 2164 3532 2222 violentorum
3563 2181 3727 2222 ama-

2074 2252 2272 2306 torum
2302 2255 2359 2306 et
2400 2251 2745 2326 iniquorum
2787 2253 3064 2325 judicum
3109 2254 3307 2312 furore
3358 2255 3632 2326 asseruit,
3669 2259 3730 2311 at

2076 2355 2186 2412 pro
2240 2339 2527 2398 tribunali
2574 2343 2738 2416 prius
2794 2343 3048 2416 sederat,
3105 2345 3351 2402 libidine
3400 2350 3731 2402 excascatos

2072 2430 2307 2502 judices
2353 2448 2632 2488 seorsum
2653 2433 3010 2499 abduxerat,
3043 2441 3368 2510 utrumque
3399 2437 3731 2507 interroga-

2077 2527 2246 2578 verat
2265 2522 2706 2593 sigillatim,suo
2726 2525 3120 2599 ipsorumque
3146 2526 3374 2598 judicio
3405 2527 3730 2594 convictos,

2078 2616 2137 2667 et
2179 2612 2411 2684 capitis,
2442 2613 2787 2684 damnatos,
2827 2615 3132 2688 lapidibus
3163 2618 3456 2690 cooperiri
3475 2617 3738 2689 jusserat

2081 2705 2259 2773 atque
2279 2701 2394 2757 hoc
2416 2706 2592 2774 pacto
2611 2703 2900 2776 pudicam
2923 2704 3000 2760 ab
3021 2705 3232 2778 iniqua
3257 2707 3554 2764 sententia
3587 2706 3736 2762 libe-

2081 2805 2336 2856 raverat.
2370 2801 2600 2857 Delicite
2633 2819 2776 2860 vero
2823 2821 2992 2876 meae,
3041 2807 3128 2862 vir
3164 2806 3260 2863 hic
3288 2805 3597 2872 nimirum,
3628 2803 3737 2878 qui

2084 2895 2300 2947 natura
2317 2891 2398 2947 sic
2413 2900 2800 2966 comparatus
2823 2900 2968 2962 erat,
2993 2901 3057 2952 ut
3078 2912 3258 2952 nemo
3281 2901 3559 2953 nostrum
3580 2910 3658 2951 vo
3669 2894 3742 2950 tis

2087 2980 2374 3036 omnibus
2407 2981 2615 3038 similis
2635 2983 2718 3039 illi
2737 2985 2994 3040 evadere
3041 3001 3164 3042 non
3196 2990 3454 3059 expetat,
3500 3001 3625 3042 non
3651 2985 3745 3056 ju-

2089 3068 2322 3138 dicans,
2373 3075 2438 3126 ut
2476 3071 2700 3142 Daniel,
2732 3073 2839 3129 sed
2885 3074 3122 3130 hostem
3171 3075 3446 3132 adulterii
3496 3073 3746 3131 crimine

2091 3175 2406 3217 accersens
2440 3182 2452 3220 :
2497 3177 2622 3219 non
2644 3169 3050 3237 constupratae
3089 3164 3335 3223 fratrem
3391 3166 3649 3237 ﬁngens,
3682 3167 3752 3220 ut

2093 3249 2510 3319 Abrahamus;
2552 3267 2675 3309 non
2705 3253 2765 3309 id
2810 3256 3115 3321 mentitus,
3141 3255 3310 3328 quod
3338 3255 3400 3311 in
3430 3255 3751 3327 reprehen-

2095 3341 2328 3397 sionem
2378 3343 2680 3399 incurrere
2742 3345 2955 3400 merito
3005 3349 3228 3418 posset,
3277 3350 3341 3402 ut
3385 3348 3552 3402 Isaac
3594 3345 3745 3415 (11):

2097 3431 2204 3487 sed
2234 3432 2482 3503 virginis
2514 3434 2847 3491 etiamnum
2900 3434 3025 3490 viro
3074 3435 3276 3490 crudae
3315 3435 3511 3491 virum
3560 3433 3750 3507 (quod

2093 3522 2423 3594 sapientius
2449 3524 2622 3594 juxta
2643 3540 2714 3580 ac
2736 3523 2958 3580 virilius
2980 3523 3110 3595 fuit)
3132 3540 3194 3580 se
3219 3522 3750 3595 dictitans,violen-

2091 3615 2217 3667 tum
2248 3611 2421 3668 illum
2451 3617 2756 3687 raptorem
2788 3611 2991 3670 fefellit
3019 3618 3074 3670 et
3105 3614 3342 3687 repulit.

2162 3702 2304 3758 Hinc
2319 3703 2710 3775 perspicuum
2725 3707 2895 3760 estea
2906 3720 3043 3776 quae
3057 3719 3221 3760 nunc
3233 3720 3517 3762 recenseo
3530 3703 3746 3778 priscis

2086 3791 2198 3848 illis
2216 3792 2394 3862 longe
2415 3794 2835 3866 praestantiora
2855 3809 2986 3850 esse
3007 3811 3020 3860 ;
3043 3794 3269 3868 quippe
3290 3811 3427 3867 quas
3445 3794 3748 3851 Christum

2083 3881 2414 3951 redoleant,
2464 3887 2644 3958 atque
2686 3884 2770 3940 ita
2811 3882 2990 3953 legali
3041 3882 3143 3940 illa
3180 3883 3412 3955 justitia
3438 3883 3617 3956 longe
3649 3899 3746 3940 ex-

2084 3971 2429 4030 cellentiora
2488 3973 2624 4030 sint.
2677 3973 3212 4039 Quemadmodum
3259 3975 3422 4032 enim
3476 3974 3746 4047 seipsum

2084 4063 2351 4120 Christus
2412 4062 2685 4120 Ecclesiae
2744 4065 2991 4120 nomine
3052 4064 3322 4135 tradidit,
3368 4081 3508 4122 cum
3540 4069 3743 4122 tamen

2084 4152 2283 4209 adhuc
2331 4153 2597 4210 Ecclesia
2655 4169 2962 4226 nusquam
3001 4159 3178 4222 esset,
3231 4154 3460 4211 nedum
3509 4155 3741 4213 Christo

2080 4243 2455 4316 desponsata
2533 4243 2758 4311 (adhuc
2830 4243 2990 4300 enim
3059 4249 3406 4317 peccatores
3473 4260 3740 4316 eramus,

2082 4349 2222 4390 cum
2265 4349 2375 4407 pro
2427 4333 2603 4389 nobis
2663 4337 2938 4390 mortuus
2992 4337 3084 4390 est
3140 4334 3429 4403 Christus,
3487 4337 3549 4391 ut
3584 4338 3741 4408 Apo—

2083 4423 2269 4480 stolus
2307 4424 2387 4481 ait
2417 4426 2496 4495 ²);
2524 4423 2658 4497 ipsa
2686 4439 2930 4497 quoque
2959 4423 3308 4494 ignominiae
3331 4424 3444 4481 sibi
3468 4424 3735 4495 conscia,

311 4503 408 4554 ⁸οι
443 4515 459 4590 ξ
507 4500 716 4559 itidem
746 4506 805 4560 el
841 4502 1094 4560 Perseus
1123 4504 1599 4562 Andromedam.
1649 4510 1722 4563 At
1769 4505 1966 4562 illia-1"
1995 4489 2044 4544 D
2079 4532 2268 4590 quam
2314 4489 2618 4588 impietate
2660 4489 2912 4586 pristina
2939 4489 3051 4570 sibi
3089 4518 3502 4572 contraxerat:
3547 4489 3740 4586 Nigra

312 4589 484 4655 mali,
529 4590 808 4665 ferroque
837 4593 1090 4651 accincti
1117 4593 1358 4653 belluas
1396 4596 1664 4668 aggressi
1717 4600 1874 4668 sunt,
1911 4598 1969 4652 et

311 4679 579 4750 virgines
591 4679 838 4739 tandem
847 4682 1217 4743 matrimonii
1230 4683 1342 4741 sibi
1356 4700 1517 4744 nexu
1526 4686 1665 4758 conj
1673 4690 1971 4744 unxerunt

310 4769 418 4828 Hic
482 4775 689 4830 autem
727 4772 974 4832 inermis
1016 4779 1318 4834 armatam
1397 4775 1662 4835 belluam
1725 4777 1964 4850 invasit,

313 4875 577 4935 eamque
612 4867 696 4919 tot
741 4863 1267 4923 mendaciunculis
1297 4868 1577 4940 aspersit,
1623 4872 1707 4926 tot
1739 4869 1969 4926 astutiis

311 4951 728 5026 circumvenit,
740 4953 1068 5028 viralioqui
1082 4971 1288 5025 verax,
1300 4958 1671 5032 minimeque
1684 4958 1968 5017 mendax.

312 5046 381 5099 ut
400 5045 697 5103 intactam
713 5044 983 5118 puellam
1009 5047 1166 5120 patri
1200 5046 1449 5107 tandem
1467 5048 1600 5120 ejus
1627 5049 1968 5107 restituerit.

384 5136 680 5196 Caeterum
739 5136 981 5194 Simeon
1022 5141 1083 5194 et
1143 5139 1279 5196 Levi
1329 5154 1597 5196 sororem
1626 5140 1971 5212 raptoribus

306 5229 716 5290 extorserunt,
756 5231 816 5283 et
872 5227 1005 5298 jam
1057 5227 1347 5286 violatam
1395 5233 1454 5287 et
1490 5235 1971 5303 constupratam,

305 5315 498 5390 idque
525 5317 869 5376 certaminis
920 5318 1044 5390 vix,
1079 5333 1153 5377 ac
1203 5335 1283 5378 ne
1301 5320 1400 5378 vix
1427 5321 1676 5394 quidem
1707 5322 1835 5380 sine
1851 5338 1974 5380 cre-

309 5407 424 5465 bra
451 5405 517 5462 in
564 5406 890 5480 ancipitem
938 5423 1161 5482 gyrum
1230 5409 1826 5482 circumcursatione,
1864 5428 1974 5470 nec

383 5592 408 5627 ²
448 5589 670 5664 Ephes.
696 5603 757 5649 v.
784 5593 894 5661 25;
928 5589 976 5649 ll
1009 5593 1145 5650 Cor.
1164 5609 1221 5662 v,
1248 5595 1344 5664 15,
1369 5595 1392 5630 ³
1415 5595 1583 5653 Cant.
1606 5612 1643 5669 ι,
1669 5599 1725 5669 4,

2080 4622 2232 4673 sum,
2263 4604 2458 4678 inquit
2496 4602 2736 4672 alicubi,
2781 4603 2940 4673 filias
2971 4605 3307 4661 Jerusalem
3350 4606 3410 4672 3;
3443 4605 3526 4662 ita
3555 4603 3739 4661 etiam

2082 4697 2261 4753 frater
2290 4711 2464 4751 meus
2497 4709 2606 4767 pro
2651 4691 2769 4764 illa,
2821 4709 3008 4764 quam
3053 4693 3330 4751 nondum
3372 4693 3435 4750 in
3483 4709 3738 4750 uxorem

2080 4785 2353 4854 duxerat,
2385 4798 2496 4839 nec
2523 4781 2721 4838 adhuc
2746 4781 2995 4837 omnino
3021 4780 3312 4837 ducturus
3340 4786 3486 4852 erat,
3517 4798 3738 4854 parum

2080 4866 2272 4924 abfuit
2296 4865 2446 4938 quin
2474 4863 2659 4920 vitam
2694 4862 3105 4936 profunderet,
3142 4863 3290 4918 dum
3328 4864 3503 4920 certis
3537 4879 3600 4920 se
3638 4879 3741 4936 pe-

2077 4956 2281 5014 riculis
2332 4953 2554 5026 objicit,
2589 4958 2646 5009 et
2701 4954 2806 5026 qui
2839 4953 3034 5008 virum
3094 4953 3506 5021 simulaverat,
3547 4952 3739 5027 patris

2079 5062 2290 5103 revera
2310 5060 2560 5101 munere
2585 5041 2936 5118 perfunctus
2961 5047 3069 5110 est,
3103 5048 3283 5116 atque
3315 5045 3505 5118 patris
3524 5044 3584 5100 in
3615 5060 3740 5118 quo

2081 5136 2372 5195 naturalis
2402 5151 2543 5208 erga
2573 5134 2797 5191 liberos
2829 5150 3022 5205 amor,
3071 5135 3551 5209 eorumdemque
3583 5135 3744 5192 salu-

2083 5230 2155 5285 tis
2178 5226 2624 5303 propugnatio,
2678 5225 2869 5282 multo
2912 5226 3109 5296 magis
3151 5242 3338 5299 quam
3394 5227 3457 5282 in
3505 5242 3577 5283 eo
3634 5226 3744 5300 qui

2081 5318 2347 5394 puellam
2391 5319 2698 5389 genuerat,
2746 5315 3127 5373 elucesceret.
3174 5316 3273 5372 llle
3323 5317 3623 5390 siquidem
3664 5317 3744 5373 vi-

2084 5410 2351 5468 ctoribus
2373 5407 2566 5476 cessit,
2590 5405 2855 5480 fugaque
2873 5407 3127 5464 salutem
3145 5407 3422 5481 quaesivit
3445 5425 3459 5465 :
3483 5407 3580 5465 hic
3606 5424 3746 5465 vero

385 5718 502 5790 (11)
532 5721 598 5776 In
619 5718 826 5776 codice
857 5721 1060 5779 Graeco
1092 5716 1224 5780 δαδ.
1263 5736 1376 5795 pro
1403 5721 1559 5777 ’σαὰκ
1584 5724 1744 5782 male
1775 5723 2154 5799 suppositum

688 5718 826 5776 dice
857 5721 1060 5779 Graeco
1092 5716 1224 5780 δαδ.
1263 5736 1376 5795 pro
1403 5721 1559 5777 ’σαὰκ
1584 5724 1744 5782 male
1775 5723 2164 5799 suppositum
2201 5720 2457 5779 videtur.
