4480 6430
716 435 820 486 375

1607 423 1981 484 MICHAELIS
2021 426 2406 484 ACOMINATI
2445 422 2874 484 ATHENARUM
2911 427 3232 482 ARCHIEP.

4020 420 4122 473 376

715 552 1105 624 puellae,cum
1137 551 1216 606 ad
1242 555 1451 623 stupra
1477 551 1820 623 durumque
1843 551 2148 606 servitium
2175 550 2368 606 abdu-
2396 555 2441 606 Α
2474 551 2728 624 111ει,ᾳυεε
2741 551 2944 607 animo
2957 545 3744 618 circumfundebatur,quasi
3760 556 3970 599 serena
3983 555 4125 612 qua-

717 646 963 708 ceretur,
1008 640 1228 694 vindex
1259 639 1469 707 adfuit,
1503 655 1759 710 eamque
1793 641 2058 707 tandem,
2101 646 2367 694 extrema

717 729 984 800 pericula
1013 730 1179 800 prius
1210 733 1511 799 expertus,
1543 728 1837 782 liberavit.

789 820 833 875 Ο
865 818 1303 890 sapientissime
1321 817 1520 883 frater,
1544 822 1608 871 tu
1633 817 1838 888 procul
1878 816 2068 871 dubio
2099 817 2158 870 in
2190 817 2368 872 ccelo-

714 923 852 963 rum
909 906 1073 975 regia
1131 906 1434 961 institutus
1491 921 1577 973 es,
1610 905 1836 960 idcirco
1903 906 2082 959 etiam
2161 904 2369 973 lingua

717 998 820 1048 tua
850 992 1111 1048 subitam
1133 993 1380 1063 virginis
1409 1009 1544 1065 quae
1573 993 1987 1048 abducebatur
2008 992 2366 1060 libertatem,

715 1081 898 1136 veluti
925 1083 1194 1138 calamus
1220 1083 1432 1137 scribae
1449 1083 1729 1138 velociter
1758 1084 1777 1116 ⁴
1808 1082 2181 1153 conscripsit.
2218 1081 2372 1146 Quin

717 1170 898 1226 etiam
919 1170 1081 1226 labia
1100 1175 1498 1242 tuatanquam
1541 1171 1845 1226 funiculus
1887 1171 2204 1226 coecineus
2235 1185 2374 1225 eon-

719 1261 872 1314 torto
898 1258 1188 1330 brevique
1236 1275 1536 1328 sermone,
1581 1264 1658 1326 et,
1708 1259 1812 1331 qui
1857 1263 1996 1313 tuus
2034 1262 2160 1313 erat
2187 1257 2370 1322 zelus,

719 1346 1142 1402 exardescente
1164 1347 1412 1403 barbari
1458 1363 1676 1403 manus
1727 1347 2234 1414 constrinxerunt,
2267 1346 2376 1400 im-

719 1439 1048 1506 petumque
1071 1435 1396 1491 violentum
1418 1440 1835 1506 represserunt
1862 1452 1873 1488 :
1902 1451 2012 1490 nec
2041 1449 2161 1489 non
2185 1434 2375 1488 oratio

718 1523 821 1579 illa
850 1528 955 1579 tua
984 1526 1356 1596 tempestiva,
1387 1541 1524 1596 quae
1557 1541 1678 1580 non
1724 1525 2143 1596 intempestive
2177 1523 2374 1577 virum

722 1612 988 1678 mentita,
1013 1612 1119 1667 sed
1139 1613 1198 1667 in
1227 1617 1496 1684 tempore
1536 1617 1880 1669 commenta
1900 1612 2127 1682 injusto
2149 1610 2376 1682 raptori

718 1701 948 1772 justam
997 1701 1196 1757 dicam
1246 1701 1515 1773 impegit.
1569 1703 1612 1757 Ο
1644 1702 1750 1773 qui
1779 1700 1907 1755 ﬁeri
1937 1701 2151 1772 potuit,
2202 1703 2266 1755 ut
2314 1703 2376 1753 tu

721 1790 1113 1845 mendacium
1149 1790 1245 1845 cui
1279 1805 1598 1862 nunquam
1629 1805 1987 1846 assueveras
2016 1793 2211 1854 antea,
2236 1803 2376 1860 pro-

723 1877 967 1934 tuleris?
1011 1879 1384 1935 Mendacium
1423 1879 1583 1934 enim
1614 1894 1737 1934 non
1782 1895 1957 1934 secus
1990 1883 2170 1950 atque
2213 1892 2378 1932 mor-

722 1973 843 2023 tem
881 1985 1120 2041 semper
1167 1986 1230 2025 es
1268 1969 1620 2024 detestatus.
1660 1969 2048 2040 Perspicuum
2085 1973 2174 2023 est
2213 1965 2381 2022 haud

724 2057 924 2128 dubie,
968 2060 1136 2130 quod
1160 2057 1683 2130 quemadmodum
1720 2058 1926 2126 vitam,
1958 2058 2007 2112 si
2039 2073 2133 2111 res
2161 2057 2243 2111 ita
2271 2056 2379 2110 fer-

723 2151 946 2217 ret,pro
988 2147 1179 2202 salute
1210 2147 1604 2219 periclitantis
1636 2146 1850 2219 puellae
1880 2144 2246 2218 profundere
2278 2159 2382 2215 pa-

721 2240 890 2290 ratus
924 2252 1077 2300 eras,
1106 2237 1187 2293 ita
1216 2237 1395 2292 etiam
1419 2237 1652 2292 mentiri
1683 2252 1806 2292 non
1829 2236 2187 2299 detrectasti,
2216 2249 2382 2289 meu-

723 2323 966 2396 daxque
999 2325 1147 2394 fieri,
1175 2327 1264 2380 vir
1294 2326 1519 2398 alioqui
1551 2327 1674 2381 veri
1707 2326 2168 2381 amantissimus
2202 2329 2257 2378 et
2279 2323 2382 2394 qui

723 2413 1051 2469 mendacio
1079 2414 1240 2469 labia
1256 2431 1572 2486 nunquam
1588 2431 1698 2470 con
1709 2414 2006 2486 spurcasti
2019 2455 2032 2468 .
2059 2413 2228 2467 Enim
2242 2427 2382 2467 vero

724 2501 785 2557 id
803 2519 1047 2574 quoque
1069 2504 1281 2558 Christi
1309 2504 1642 2559 imitatione
1673 2503 1970 2575 perfecisti
1991 2502 2117 2574 :qui
2139 2517 2249 2573 pro
2279 2516 2358 2555 no

724 2590 818 2646 bis
851 2597 1162 2662 peccatum
1187 2597 1242 2647 et
1273 2593 1615 2648 maledictio
1657 2594 1850 2648 factus
1871 2599 1959 2648 est
1984 2608 2176 2664 usque
2206 2591 2378 2660 adeo,

725 2682 1013 2736 omnibus
1054 2683 1258 2737 omnia
1293 2682 1422 2738 ﬁeri
1464 2681 1781 2737 studebat:
1826 2688 2017 2737 tutore
2041 2679 2382 2736 carentibus

725 2774 902 2836 tutor,
938 2771 1131 2826 viduis
1162 2777 1516 2842 procurator
1546 2781 1601 2826 et
1629 2772 1900 2837 maritus,
1938 2770 2226 2842 orphanis
2271 2785 2384 2841 pa-

723 2863 831 2926 ter,
864 2860 1234 2932 pauperibus
1279 2861 1474 2925 frater,
1510 2861 1720 2916 amicis
1746 2860 2080 2914 fidissimus
2125 2859 2381 2923 amicus,

727 2949 997 3017 cognatis
1039 2950 1137 3019 jus
1177 2949 1552 3018 cognationis
1594 2949 1946 3014 observans,
1995 2952 2059 3004 ut
2098 2948 2202 3019 qui
2255 2962 2385 3002 ma-

725 3037 908 3098 xime,
962 3038 1129 3093 fratri
1161 3038 1422 3110 denique
1485 3054 1670 3110 supra
1737 3037 1990 3093 modum
2039 3053 2285 3093 omnem
2332 3039 2388 3091 et

728 3142 918 3199 quam
949 3127 1075 3182 fieri
1107 3132 1357 3199 poterat,
1394 3127 1590 3183 fratris
1621 3127 2101 3184 amantissimus.

804 3218 999 3281 Quare
1041 3216 1289 3271 minime
1333 3217 1601 3288 profecto
1663 3215 2080 3283 conveniebat,
2127 3217 2192 3269 ut
2235 3212 2392 3268 illius

733 3308 924 3361 morte
953 3306 1048 3360 vel
1092 3305 1313 3375 conjux
1357 3305 1561 3372 vidua,
1614 3305 1709 3360 vel
1739 3305 1997 3377 orphani
2026 3303 2198 3359 liberi
2229 3306 2396 3358 tanta

733 3394 1258 3466 intempestivitate
1307 3393 1520 3450 fierent
1576 3394 1863 3464 (insanire
1907 3394 2054 3450 mihi
2101 3391 2394 3465 quoniam

733 3501 943 3540 rursus
964 3483 1154 3555 libet),
1188 3483 1281 3538 vel
1326 3484 1504 3539 etiam
1530 3483 1711 3540 frater
1736 3499 1850 3553 ego
1881 3483 2058 3549 illius,
2089 3499 2227 3554 quas
2251 3481 2398 3537 mihi

735 3575 797 3630 in
821 3578 1128 3646 posterum
1151 3573 1278 3629 sola
1301 3577 1629 3644 supererat,
1655 3573 2066 3629 consolatione
2107 3572 2397 3644 privarer,

743 3665 1046 3735 vitamque
1085 3663 1455 3719 acerbiorem
1501 3664 1822 3734 experirer,
1849 3679 2042 3735 eoque
2075 3678 2234 3716 nunc
2268 3676 2400 3730 gra-

738 3754 986 3818 viorem,
1046 3769 1168 3824 quo
1205 3753 1488 3808 leviorem
1527 3752 1622 3807 ille
1684 3757 1861 3808 antea
1910 3755 2400 3822 vegetioremque

739 3843 1056 3900 reddebat.
1088 3843 1366 3907 Quamvis
1398 3844 1560 3898 enim
1612 3858 1733 3898 una
1785 3859 2024 3898 mecum
2071 3857 2193 3897 non
2224 3845 2398 3906 esset,

741 3933 976 4006 quoties
1004 3937 1205 3987 tamen
1249 3931 1344 3986 ille
1385 3931 1580 3986 valere
1631 3938 1810 4004 atque
1844 3932 2043 3986 vivere
2083 3929 2403 3986 nuntiaba-

744 4027 858 4087 tur,
910 4037 1005 4076 me
1033 4036 1154 4075 non
1189 4021 1356 4076 aliter
1406 4019 1740 4086 recreabat,
1777 4023 1955 4091 atque
2004 4020 2052 4074 si
2092 4018 2237 4074 mihi
2259 4018 2402 4073 vita-

742 4111 863 4168 lem
889 4111 1248 4183 quampiam
1285 4126 1499 4165 auram
1534 4108 1874 4165 afﬂavisset.
1909 4112 1976 4164 Et
2005 4109 2402 4181 quemadmo-

747 4204 895 4258 dum
948 4201 1191 4255 divinus
1222 4200 1314 4255 ille
1363 4200 1617 4255 Davides
1669 4216 1842 4254 suam
1903 4199 2092 4270 ipsius
2138 4199 2405 4254 animam

748 4291 1071 4350 acerbitate
1141 4294 1307 4345 tanta
1369 4293 1658 4360 tantoque
1717 4287 1986 4343 cruciatu
2055 4286 2406 4343 circumval-

746 4383 930 4439 latam
993 4397 1121 4436 esse
1177 4379 1376 4435 aiebat
1426 4385 1487 4434 ut
1545 4379 2020 4434 consolationem
2078 4381 2406 4450 respueret,

749 4490 887 4545 quae
927 4487 1063 4527 cum
1103 4470 1368 4541 primum
1402 4469 1462 4524 in
1520 4469 1620 4523 Dei
1664 4469 2034 4524 mentionem
2079 4467 2407 4534 incidisset,

751 4560 1065 4618 confestim
1118 4558 1586 4613 exbilararetur:
1629 4558 1709 4612 ita
1741 4562 1796 4612 et
1843 4557 1970 4628 ipse
1999 4571 2132 4625 ego,
2176 4555 2411 4628 quoties

749 4650 1142 4727 praesentium
1168 4648 1466 4703 malorum
1487 4648 1775 4718 gravitate
1800 4647 2136 4719 premebar,
2163 4645 2412 4701 sicunde

752 4744 832 4799 ad
886 4758 982 4797 me
1031 4739 1311 4795 nuntium
1367 4737 1611 4809 aliquod
1664 4737 1988 4806 advolaret,
2045 4752 2168 4808 quo
2214 4735 2411 4790 fratris

753 4829 1458 4892 memoriarefricaretur,
1479 4827 1645 4883 illum
1673 4827 1958 4882 nimirum
1984 4826 2408 4896 adhucvivere,

752 4926 1030 4994 beneque
1063 4937 1186 4975 rem
1235 4934 1436 4987 gerere
1479 4917 1846 4988 significans,
1891 4933 2034 4972 mox
2078 4916 2414 4971 mirabilem

753 5013 1092 5089 quamdam
1142 5011 1347 5064 animo
1419 5007 1895 5063 consolationem
1968 5005 2410 5077 coneipiebam.

756 5103 981 5172 Quodsi
1009 5098 1258 5174 quando
1283 5097 1428 5153 mihi
1452 5097 1674 5153 litteras
1693 5097 2056 5152 charissimo
2081 5095 2413 5149 charissimi

752 5195 952 5252 fratris
979 5188 1358 5262 autographo
1393 5187 1784 5257 subsignatas
1812 5186 2076 5258 recipere
2109 5184 2414 5254 continge-

753 5290 863 5351 ret,
915 5288 1053 5339 tunc
1105 5286 1245 5336 tunc
1278 5284 1334 5335 et
1377 5277 1891 5348 jucundissimum
1935 5275 2102 5331 illum
2163 5290 2413 5345 conspe-

754 5371 1195 5441 ctum,etdulce
1211 5368 1582 5441 colloquium
1598 5367 1656 5422 in
1674 5365 2029 5442 memoriam
2047 5363 2413 5420 revocabam

757 5472 1068 5536 totumque
1101 5461 1256 5516 adeo
1281 5459 1608 5515 fraternum
1639 5461 1822 5530 caput
1851 5455 2142 5528 accipere,
2168 5458 2224 5510 et
2244 5453 2412 5510 deos-

754 5556 940 5614 culari
965 5551 1392 5617 mihividebar,
1429 5553 1569 5604 tunc
1596 5549 1776 5604 etiam
1795 5545 2188 5602 afﬂictionum
2220 5543 2415 5600 nubes

825 5705 844 5738 ⁵
888 5699 1045 5756 Psal.
1089 5714 1239 5753 xnv.
1285 5702 1335 5754 ‘2.
1381 5697 1399 5730 ⁵
1444 5693 1596 5751 Psal.
1635 5710 1781 5750 cxvr.
1827 5696 1877 5748 3.

2475 641 2617 696 dam
2642 644 2991 712 tempestate
3011 639 3209 694 subito
3227 642 3451 702 exorta,
3472 634 3901 692 discutiebatur
3919 637 3974 687 et
3991 651 4125 694 eva-

2477 730 2760 784 neseebat
2777 746 2788 782 :
2806 734 3164 798 gratumque
3180 742 3319 782 mox
3335 725 3760 781 laetitiaelumen
3775 724 4124 795 aﬂ‘ulgebat.

2479 822 2642 874 Nunc
2674 835 2811 872 vero
2849 823 3035 871 morte
3071 817 3224 871 illius
3254 814 3460 871 audita
3510 815 3744 870 dolores
3777 815 4010 884 inferni
4038 828 4129 869 me

2479 909 3205 976 circumvallant‘mpacab
3218 903 3620 959 anxietudinis
3632 903 3825 973 caligo
3840 903 4128 975 cooperit.

2480 997 2700 1052 umbra
2726 995 2932 1050 mortis
2963 994 3230 1049 adoritur
3257 1012 3268 1048 :
3292 991 3795 1064 quandoquidem
3830 1007 4002 1046 meus
4033 990 4128 1045 ille

2482 1077 2688 1141 clavus
2733 1084 2910 1139 undis
2964 1082 3286 1154 absorptus
3324 1086 3431 1137 est.
3463 1083 3507 1136 Ο
3557 1079 3752 1152 qualis
3806 1095 3918 1150 ego
3947 1093 4133 1134 sacrm

2478 1181 2777 1250 jacturam
2806 1175 3085 1232 anchora
3129 1173 3268 1228 feci!
3298 1173 3471 1243 cujus
3492 1171 3739 1244 quidem
3764 1168 4134 1226 adminiculo

2484 1273 2661 1323 antea
2690 1264 3138 1322 Atheniensium
3181 1261 3455 1317 Ecclesiae
3498 1260 3886 1330 gubernator,
3917 1259 4136 1314 ﬂuctus

2483 1373 2696 1412 omnes
2728 1353 3135 1426 superabam:
3183 1365 3346 1406 nunc
3387 1355 3591 1405 autem
3633 1365 3771 1404 cum
3822 1346 4138 1419 multiplici

2485 1446 2596 1503 reci
2606 1444 2979 1518 procantium
2993 1441 3283 1496 ﬂuctuum
3299 1455 3477 1494 cursu
3494 1437 3811 1508 naufragio
3823 1436 4136 1509 proximus

2478 1537 2690 1607 jacter,
2740 1533 2903 1588 illam
2962 1531 3107 1586 mihi
3161 1528 3404 1586 abstulit
3453 1533 3510 1583 et
3559 1527 3744 1582 vitam
3807 1523 4129 1581 contraxit.

2484 1631 2662 1684 Totus
2710 1615 2871 1678 e'nim
2921 1621 2999 1675 ab
3044 1619 3144 1674 illa
3192 1617 3545 1689 dependens
3593 1616 3798 1684 vitam,
3857 1630 3992 1686 quas
4044 1611 4140 1670 vel

2485 1713 2807 1790 proverbio
2838 1711 3021 1766 fertur
3058 1706 3307 1780 ἀβιωτος,
3341 1705 3422 1762 ad
3467 1705 3584 1760 hoc
3616 1719 3806 1777 usque
3849 1701 4139 1775 temporis

2407 1827 2448 1880 Β
2489 1805 2580 1875 egi
2603 1802 2902 1874 mortique
2923 1813 3020 1854 me
3033 1795 3399 1868 jampridem
3421 1794 3656 1850 vocanti
3673 1808 3885 1866 parere
3899 1795 4142 1847 cuncta-

2489 1902 2584 1952 tus
2609 1911 2766 1950 sum.
2789 1893 2925 1946 Jam
2970 1904 3111 1944 vero
3153 1902 3292 1943 cum
3341 1885 3606 1941 anchora
3649 1883 3748 1938 illa
3793 1897 3927 1938 mea
3966 1895 4144 1936 cassa

2492 1986 2587 2050 sit,
2618 1981 2766 2055 quid
2799 1979 2943 2036 mihi
2971 1994 3109 2034 cum
3138 1977 3253 2032 hac
3275 1974 3439 2030 vita?
3469 1973 3648 2046 quive
3679 1971 3862 2027 ditius
3890 1970 4147 2026 descen-

2493 2091 2627 2128 sum
2661 2072 2734 2128 ad
2782 2069 3004 2125 inferos
3029 2065 3195 2123 omni
3221 2064 3504 2120 dolorum
3551 2077 3767 2132 genere
3793 2060 4143 2116 redundan-

2493 2168 2579 2218 tes
2610 2157 3148 2230 comperendinare
3181 2150 3433 2225 potero?
3473 2149 3773 2223 siquidem
3807 2148 4148 2204 miserrima

2493 2253 2622 2308 haec
2643 2251 2764 2306 vita
2804 2249 3022 2304 idcirco
3062 2244 3208 2300 mihi
3271 2245 3598 2314 prorogata
3639 2239 3897 2309 videtur,
3922 2243 3987 2292 ut
4016 2237 4147 2292 diu-

2492 2341 2790 2396 turniores
2810 2338 2968 2392 luam
2989 2349 3220 2407 poenas,
3242 2331 3570 2402 omniaque
3601 2329 4148 2384 cruciamentorum

2494 2446 2714 2502 genera
2746 2426 3042 2499 perferam
3070 2441 3082 2478 :
3111 2428 3290 2495 atque
3304 2437 3376 2477 ex
3402 2419 3502 2475 illo
3520 2418 3702 2474 calice
3731 2433 3891 2490 srepe
3915 2415 4146 2482 bibam,

2493 2536 2675 2592 quem
2729 2516 3018 2572 Dominus
3067 2527 3232 2568 mero
3278 2511 3417 2566 vino
3467 2508 3713 2582 plenum
3760 2509 3821 2562 in
3867 2504 4151 2561 manibus

2493 2610 2695 2675 habet,
2759 2623 2831 2663 ex
2887 2620 3011 2677 quo
3068 2603 3247 2659 etiam
3296 2604 3644 2673 peccatores
3694 2612 3908 2653 omnes
3945 2593 4151 2650 bibere

2495 2699 2724 2763 solent;
2758 2711 2896 2751 cum
2921 2709 3062 2748 vero
3084 2691 3162 2748 ad
3195 2692 3401 2747 faecem
3443 2702 3634 2760 usque
3681 2685 3994 2747 ebiberim,
4022 2683 4154 2753 jam

2495 2784 2889 2845 commodum
2920 2783 3059 2838 hinc
3090 2779 3352 2836 abeundi
3382 2784 3622 2850 tempus
3660 2775 3874 2832 adesse
3903 2772 4154 2839 videtur,

2497 2893 2637 2933 cum
2667 2873 2996 2947 praesertim
3031 2885 3243 2942 pcenas
3292 2883 3504 2924 omnes
3535 2864 3901 2938 pertulerim,
3952 2877 4088 2934 quae
4121 2875 4157 2914 a

2496 2965 2736 3022 mortali
2766 2978 3016 3035 corpore
3049 2959 3305 3032 expendi
3330 2961 3601 3029 possunt.

2578 3059 2692 3111 Nec
2721 3061 2919 3110 tamen
2950 3053 3090 3108 hinc
3118 3049 3322 3106 libenti
3353 3048 3610 3118 laetoque
3650 3044 3855 3101 animo
3885 3040 4156 3103 discedo,

2504 3146 2683 3220 quasi
2711 3144 2893 3200 vitam
2915 3157 3054 3197 cum
3075 3141 3238 3196 bono
3269 3137 3473 3210 aliquo
3494 3137 3996 3192 commutaturus.
4032 3132 4163 3186 Ter-

2506 3218 2593 3293 ret
2637 3235 2798 3291 enim
2831 3248 2927 3288 me
2972 3230 3151 3286 timor
3185 3227 3431 3284 aliunde
3477 3239 3833 3298 prorepens,
3883 3235 3958 3277 ne
3981 3218 4163 3275 simul

2506 3332 2686 3398 atque
2734 3323 2873 3378 hinc
2922 3320 3187 3385 abivero,
3227 3313 3605 3388 gravioribus
3656 3309 3967 3369 tormentis
4011 3308 4163 3380 obji-

2506 3417 2648 3480 ciar,
2712 3413 2817 3486 qui
2878 3411 3066 3466 vitam
3129 3406 3311 3462 variis
3369 3402 3724 3460 criminibus
3787 3399 4160 3457 obtriverim.

2506 3508 2692 3561 Grave
2725 3502 2971 3575 quidem
3001 3499 3114 3555 hoc
3167 3500 3276 3564 est,
3323 3494 3468 3550 illud
3491 3508 3630 3549 vero
3667 3491 3930 3562 gravius,
3956 3488 4006 3544 si
4031 3503 4168 3561 pro.

2509 3595 2604 3650 cul
2635 3611 2672 3651 a
2702 3594 2879 3648 fratre
2913 3591 3219 3661 sejungar,
3265 3586 3534 3642 maximo
3557 3583 3674 3640 alio
3712 3580 4167 3637 molestissimo-

2509 3701 2625 3757 que
2648 3685 2980 3748 chasmate,
3008 3695 3130 3751 quo
3188 3674 3545 3732 intermedio
3595 3688 3803 3728 eorum
3854 3670 3959 3742 qui
3999 3667 4167 3741 apud

2511 3774 2732 3830 inferos
2786 3773 3160 3843 torquentur,
3202 3767 3371 3822 locus
3424 3780 3461 3821 a
3514 3763 3672 3820 felici
3715 3761 4032 3816 beatorum
4083 3758 4166 3812 vi.

2509 3881 2715 3921 rorum
2745 3863 2943 3934 quiete
2991 3858 3344 3929 longissime
3400 3853 3806 3925 disjungitur:
3851 3850 3930 3906 ad
3974 3865 4166 3922 quam

2510 3955 2775 4028 profecto
2807 3951 3225 4008 transductum
3270 3946 3410 4002 hinc
3439 3944 3626 3999 fuisse
3669 3942 3912 3998 fratrem
3960 3954 4168 3994 meum

2511 4045 2682 4100 facile
2710 4042 2911 4098 credo.
2949 4040 3118 4095 Illum
3146 4037 3305 4093 enim
3348 4035 3526 4108 plane
3557 4032 3705 4088 mihi
3736 4034 3972 4087 constat
3999 4028 4169 4085 omni

2511 4151 2624 4207 ope
2683 4138 2861 4204 atque
2911 4145 3098 4201 opera
3155 4127 3296 4183 eniti
3355 4125 3617 4195 solitum,
3675 4127 3740 4178 ut
3791 4120 3870 4176 ad
3926 4119 4167 4174 illorum

2513 4225 2840 4294 archetypa
2870 4219 3147 4290 exempla
3178 4218 3312 4273 vitae
3341 4231 3466 4270 suae
3513 4213 3786 4284 regulam
3827 4210 4171 4267 efformaret

2514 4321 2572 4370 et
2614 4312 2930 4372 excoleret,
2987 4307 3394 4378 eumdemque
3457 4304 3605 4360 dum
3662 4304 3723 4359 in
3766 4301 3915 4356 vivis
3970 4298 4172 4354 adhuc

2443 4447 2485 4500 Β
2517 4413 2694 4473 esset,
2735 4401 2940 4475 quoad
2989 4399 3118 4471 ejus
3183 4396 3341 4500 ﬁeri“
3384 4398 3639 4467 poterat,
3695 4390 3981 4500 omnibus
4024 4387 4176 4500 voti's

2520 4503 2827 4573 exoptare,
2854 4498 2919 4550 ut
2945 4507 3064 4548 una
3091 4505 3226 4546 cum
3265 4485 3377 4542 illis
3417 4486 3874 4541 conversaretur
3895 4482 3951 4534 et
3980 4475 4176 4533 exsul-

2520 4566 2690 4653 taret,
2732 4603 2871 4644 cum
2915 4580 3248 4656 praesertim
3280 4579 3628 4633 sanctorum
3677 4585 4001 4642 corporum
4048 4566 4180 4623 reli-

2520 4682 2697 4754 quias
2729 4683 2786 4734 et
2817 4674 3113 4743 imagines
3144 4669 3412 4740 undique
3436 4663 3814 4735 conquireret
3842 4665 3900 4715 et
3926 4673 4178 4730 compa-

2521 4753 2698 4831 raret,
2745 4763 3142 4835 extruetisque
3171 4757 3402 4830 templis
3439 4753 3756 4826 impositas
3783 4755 3839 4806 et
3868 4763 4179 4804 consecra-

2523 4868 2636 4926 tas,
2692 4856 2949 4914 summis
3004 4849 3337 4908 honoribus
3389 4846 3876 4918 prosequeretur.
3946 4838 4177 4894 Etenim

2522 4955 2870 5008 sanctorum
2914 4941 3212 5005 omnium,
3245 4937 3349 5010 qui
3399 4933 3673 4992 circulari
3717 4931 3952 4987 dierum
3998 4929 4178 4984 totius

2523 5043 2665 5100 anni
2697 5040 2836 5096 albo
2863 5033 3128 5105 inscripti
3171 5033 3328 5095 sunt,
3353 5025 3554 5083 nullus
3589 5027 3677 5080 est
3722 5036 3907 5094 quem
3938 5019 4031 5074 ille
4063 5019 4181 5091 pri-

2522 5136 2710 5192 vatim
2751 5130 2846 5186 die
2908 5117 3476 5182 commemorationi
3524 5117 3655 5188 ejus
3705 5114 3925 5181 dicata,
3967 5110 4182 5166 festivo

2524 5222 2900 5294 solemnique
2929 5217 3067 5283 ritu,
3099 5219 3156 5270 et
3208 5207 3620 5284 spiritualibus
3672 5204 3883 5262 hostiis
3928 5201 4180 5266 faciens,

2525 5322 2578 5373 et
2600 5292 2845 5387 hymnis
2872 5306 3268 5376 omniumque
3291 5301 3593 5357 fructuum
3622 5295 3898 5369 primitiis
3921 5292 4184 5348 cohone-

2525 5381 2710 5475 stans,
2741 5416 2863 5458 non
2897 5397 3294 5454 veneraretur.
3331 5393 3447 5446 Nec
3499 5388 3660 5444 enim
3692 5383 3856 5441 cultu
3904 5381 4004 5437 illo
4036 5396 4181 5436 con-

2526 5471 2746 5556 tentus,
2801 5505 2987 5564 quem
3064 5501 3204 5542 cum
3265 5479 3496 5537 caeteris
3547 5476 3777 5534 civibus
3826 5475 3888 5530 in
3937 5471 4185 5544 publico

2525 5560 3178 5646 conventu-tribuebat,
3223 5571 3484 5630 Ecclesia
3534 5582 3779 5642 quoque
3827 5562 4077 5638 privatis
4122 5560 4186 5617 in
