  <div class='ocr_page' id='page_1' title='image "/cluster/home/n/w/nwhite01/storage/ocr_20150623/140/nnc1.0046979905/200.png"; bbox 0 0 4480 6430; ppageno 0'>
   <div class='ocr_carea' id='block_1_1' title="bbox 325 401 3696 461">
    <p class='ocr_par' dir='ltr' id='par_1_1' title="bbox 325 401 3696 461">
     <span class='ocr_line' id='line_1_1' title="bbox 325 401 3696 461; baseline -0.001 -2"><span class='ocrx_word' id='word_1_1' title='bbox 325 407 432 459; x_wconf 86' lang='lat'><strong>377</strong></span> <span class='ocrx_word' id='word_1_2' title='bbox 1183 402 1278 458; x_wconf 76' lang='lat' dir='ltr'><strong>AD</strong></span> <span class='ocrx_word' id='word_1_3' title='bbox 1315 401 1622 460; x_wconf 73' lang='lat' dir='ltr'><strong>ALEXIUH</strong></span> <span class='ocrx_word' id='word_1_4' title='bbox 1663 401 2052 460; x_wconf 67' lang='lat' dir='ltr'><strong>COINENUH</strong></span> <span class='ocrx_word' id='word_1_5' title='bbox 2089 403 2230 461; x_wconf 81' lang='lat' dir='ltr'><strong>PRO</strong></span> <span class='ocrx_word' id='word_1_6' title='bbox 2265 401 2838 461; x_wconf 78' lang='lat' dir='ltr'><strong>ATHENIENSIBUS.</strong></span> <span class='ocrx_word' id='word_1_7' title='bbox 3591 403 3696 458; x_wconf 90' lang='lat'><strong>378</strong></span> 
     </span>
    </p>
   </div>
   <div class='ocr_carea' id='block_1_2' title="bbox 335 523 3696 596">
    <p class='ocr_par' dir='ltr' id='par_1_2' title="bbox 335 523 3696 596">
     <span class='ocr_line' id='line_1_2' title="bbox 335 523 3696 596; baseline -0.001 -13"><span class='ocrx_word' id='word_1_8' title='bbox 335 527 574 583; x_wconf 84' lang='lat' dir='ltr'><strong>adibus</strong></span> <span class='ocrx_word' id='word_1_9' title='bbox 601 528 958 582; x_wconf 85' lang='lat' dir='ltr'><strong>consecrata</strong></span> <span class='ocrx_word' id='word_1_10' title='bbox 995 538 1270 580; x_wconf 91' lang='lat' dir='ltr'><strong>annuum</strong></span> <span class='ocrx_word' id='word_1_11' title='bbox 1293 524 1345 580; x_wconf 89' lang='lat' dir='ltr'><strong>ei</strong></span> <span class='ocrx_word' id='word_1_12' title='bbox 1376 529 1585 581; x_wconf 88' lang='lat' dir='ltr'><strong>sancto</strong></span> <span class='ocrx_word' id='word_1_13' title='bbox 1612 523 1832 580; x_wconf 88' lang='lat' dir='ltr'><strong>festum</strong></span> <span class='ocrx_word' id='word_1_14' title='bbox 1861 525 1950 581; x_wconf 91' lang='lat' dir='ltr'><strong>di-</strong></span> <span class='ocrx_word' id='word_1_15' title='bbox 1979 531 2026 582; x_wconf 79' lang='grc' dir='ltr'>Α</span> <span class='ocrx_word' id='word_1_16' title='bbox 2053 526 2338 584; x_wconf 81' lang='lat' dir='ltr'><strong>audacter</strong></span> <span class='ocrx_word' id='word_1_17' title='bbox 2384 533 2441 584; x_wconf 87' lang='lat' dir='ltr'><strong>et</strong></span> <span class='ocrx_word' id='word_1_18' title='bbox 2471 527 2652 583; x_wconf 87' lang='lat' dir='ltr'><strong>libere</strong></span> <span class='ocrx_word' id='word_1_19' title='bbox 2694 543 2834 583; x_wconf 90' lang='lat' dir='ltr'><strong>cum</strong></span> <span class='ocrx_word' id='word_1_20' title='bbox 2874 527 3004 582; x_wconf 84' lang='lat' dir='ltr'><strong>aliis</strong></span> <span class='ocrx_word' id='word_1_21' title='bbox 3037 526 3111 582; x_wconf 92' lang='lat' dir='ltr'><strong>de</strong></span> <span class='ocrx_word' id='word_1_22' title='bbox 3141 526 3358 591; x_wconf 82' lang='lat' dir='ltr'><strong>causis,</strong></span> <span class='ocrx_word' id='word_1_23' title='bbox 3392 528 3520 580; x_wconf 91' lang='lat' dir='ltr'><strong>tum</strong></span> <span class='ocrx_word' id='word_1_24' title='bbox 3551 523 3696 596; x_wconf 86' lang='lat' dir='ltr'><strong>quia</strong></span> 
     </span>
    </p>
   </div>
   <div class='ocr_carea' id='block_1_3' title="bbox 335 611 3698 687">
    <p class='ocr_par' dir='ltr' id='par_1_3' title="bbox 335 611 3698 687">
     <span class='ocr_line' id='line_1_3' title="bbox 335 611 3698 687; baseline -0.002 -16"><span class='ocrx_word' id='word_1_25' title='bbox 335 615 533 684; x_wconf 84' lang='lat' dir='ltr'><strong>cabat,</strong></span> <span class='ocrx_word' id='word_1_26' title='bbox 561 630 747 687; x_wconf 89' lang='lat' dir='ltr'><strong>quem</strong></span> <span class='ocrx_word' id='word_1_27' title='bbox 779 612 980 669; x_wconf 79' lang='lat' dir='ltr'><strong>ubivis</strong></span> <span class='ocrx_word' id='word_1_28' title='bbox 1011 612 1280 682; x_wconf 86' lang='lat' dir='ltr'><strong>gentium</strong></span> <span class='ocrx_word' id='word_1_29' title='bbox 1321 613 1435 668; x_wconf 93' lang='lat' dir='ltr'><strong>coli</strong></span> <span class='ocrx_word' id='word_1_30' title='bbox 1473 613 1700 670; x_wconf 81' lang='lat' dir='ltr'><strong>videret</strong></span> <span class='ocrx_word' id='word_1_31' title='bbox 1728 631 1741 668; x_wconf 90' lang='lat'><strong>:</strong></span> <span class='ocrx_word' id='word_1_32' title='bbox 1770 613 1853 670; x_wconf 87' lang='lat' dir='ltr'><strong>ita</strong></span> <span class='ocrx_word' id='word_1_33' title='bbox 1883 619 1948 670; x_wconf 91' lang='lat' dir='ltr'><strong>ut</strong></span> <span class='ocrx_word' id='word_1_34' title='bbox 2053 615 2250 670; x_wconf 76' lang='lat' dir='ltr'><strong>fratris</strong></span> <span class='ocrx_word' id='word_1_35' title='bbox 2281 615 2736 671; x_wconf 88' lang='lat' dir='ltr'><strong>amantissimus</strong></span> <span class='ocrx_word' id='word_1_36' title='bbox 2765 620 2871 680; x_wconf 89' lang='lat' dir='ltr'><strong>est,</strong></span> <span class='ocrx_word' id='word_1_37' title='bbox 2895 613 3258 670; x_wconf 87' lang='lat' dir='ltr'><strong>intercedere</strong></span> <span class='ocrx_word' id='word_1_38' title='bbox 3283 615 3440 668; x_wconf 80' lang='lat' dir='ltr'><strong>certo</strong></span> <span class='ocrx_word' id='word_1_39' title='bbox 3467 611 3613 676; x_wconf 92' lang='lat' dir='ltr'><strong>scio,</strong></span> <span class='ocrx_word' id='word_1_40' title='bbox 3632 616 3698 666; x_wconf 93' lang='lat' dir='ltr'><strong>ut</strong></span> 
     </span>
    </p>
   </div>
   <div class='ocr_carea' id='block_1_4' title="bbox 337 699 3698 775">
    <p class='ocr_par' dir='ltr' id='par_1_4' title="bbox 337 699 3698 775">
     <span class='ocr_line' id='line_1_4' title="bbox 337 699 3698 775; baseline -0.002 -15"><span class='ocrx_word' id='word_1_41' title='bbox 337 719 409 760; x_wconf 63' lang='lat' dir='ltr'><strong>ex</strong></span> <span class='ocrx_word' id='word_1_42' title='bbox 453 705 584 774; x_wconf 88' lang='lat' dir='ltr'><strong>ejus</strong></span> <span class='ocrx_word' id='word_1_43' title='bbox 625 703 879 760; x_wconf 88' lang='lat' dir='ltr'><strong>tentorio</strong></span> <span class='ocrx_word' id='word_1_44' title='bbox 917 701 1044 757; x_wconf 83' lang='lat' dir='ltr'><strong>sine</strong></span> <span class='ocrx_word' id='word_1_45' title='bbox 1071 701 1516 758; x_wconf 78' lang='lat' dir='ltr'><strong>intermissione</strong></span> <span class='ocrx_word' id='word_1_46' title='bbox 1545 717 1660 758; x_wconf 94' lang='lat' dir='ltr'><strong>vox</strong></span> <span class='ocrx_word' id='word_1_47' title='bbox 1689 702 1942 758; x_wconf 85' lang='lat' dir='ltr'><strong>exsulta-</strong></span> <span class='ocrx_word' id='word_1_48' title='bbox 2052 701 2148 758; x_wconf 89' lang='lat' dir='ltr'><strong>ille</strong></span> <span class='ocrx_word' id='word_1_49' title='bbox 2185 703 2290 775; x_wconf 87' lang='lat' dir='ltr'><strong>qui</strong></span> <span class='ocrx_word' id='word_1_50' title='bbox 2333 718 2454 758; x_wconf 92' lang='lat' dir='ltr'><strong>non</strong></span> <span class='ocrx_word' id='word_1_51' title='bbox 2505 703 2672 759; x_wconf 86' lang='lat' dir='ltr'><strong>aliter</strong></span> <span class='ocrx_word' id='word_1_52' title='bbox 2710 708 2889 775; x_wconf 93' lang='lat' dir='ltr'><strong>atque</strong></span> <span class='ocrx_word' id='word_1_53' title='bbox 2922 703 3183 758; x_wconf 84' lang='lat' dir='ltr'><strong>fusorius</strong></span> <span class='ocrx_word' id='word_1_54' title='bbox 3220 701 3396 770; x_wconf 90' lang='lat' dir='ltr'><strong>ignis,</strong></span> <span class='ocrx_word' id='word_1_55' title='bbox 3435 699 3698 755; x_wconf 88' lang='lat' dir='ltr'><strong>herbave</strong></span> 
     </span>
    </p>
   </div>
   <div class='ocr_carea' id='block_1_5' title="bbox 338 789 3696 864">
    <p class='ocr_par' dir='ltr' id='par_1_5' title="bbox 338 789 3696 864">
     <span class='ocr_line' id='line_1_5' title="bbox 338 789 3696 864; baseline -0.001 -16"><span class='ocrx_word' id='word_1_56' title='bbox 338 792 516 848; x_wconf 90' lang='lat' dir='ltr'><strong>tionis</strong></span> <span class='ocrx_word' id='word_1_57' title='bbox 546 797 604 848; x_wconf 91' lang='lat' dir='ltr'><strong>et</strong></span> <span class='ocrx_word' id='word_1_58' title='bbox 643 791 873 857; x_wconf 86' lang='lat' dir='ltr'><strong>salutis,</strong></span> <span class='ocrx_word' id='word_1_59' title='bbox 906 789 1171 862; x_wconf 85' lang='lat' dir='ltr'><strong>justique</strong></span> <span class='ocrx_word' id='word_1_60' title='bbox 1218 790 1375 846; x_wconf 91' lang='lat' dir='ltr'><strong>illius</strong></span> <span class='ocrx_word' id='word_1_61' title='bbox 1432 791 1542 846; x_wconf 87' lang='lat' dir='ltr'><strong>viri</strong></span> <span class='ocrx_word' id='word_1_62' title='bbox 1591 791 1942 847; x_wconf 86' lang='lat' dir='ltr'><strong>Psalterium</strong></span> <span class='ocrx_word' id='word_1_63' title='bbox 2050 792 2425 848; x_wconf 91' lang='lat' dir='ltr'><strong>balneatoria</strong></span> <span class='ocrx_word' id='word_1_64' title='bbox 2455 793 2732 848; x_wconf 87' lang='lat' dir='ltr'><strong>sordidos</strong></span> <span class='ocrx_word' id='word_1_65' title='bbox 2762 799 3073 864; x_wconf 83' lang='lat' dir='ltr'><strong>expurgat,</strong></span> <span class='ocrx_word' id='word_1_66' title='bbox 3105 807 3216 847; x_wconf 91' lang='lat' dir='ltr'><strong>nos</strong></span> <span class='ocrx_word' id='word_1_67' title='bbox 3243 803 3486 863; x_wconf 89' lang='lat' dir='ltr'><strong>quoque</strong></span> <span class='ocrx_word' id='word_1_68' title='bbox 3509 792 3696 844; x_wconf 90' lang='lat' dir='ltr'><strong>tenta-</strong></span> 
     </span>
    </p>
   </div>
   <div class='ocr_carea' id='block_1_6' title="bbox 337 879 3700 953">
    <p class='ocr_par' dir='ltr' id='par_1_6' title="bbox 337 879 3700 953">
     <span class='ocr_line' id='line_1_6' title="bbox 337 879 3700 953; baseline -0.001 -17"><span class='ocrx_word' id='word_1_69' title='bbox 337 881 742 936; x_wconf 81' lang='lat' dir='ltr'><strong>exaudiretur.</strong></span> <span class='ocrx_word' id='word_1_70' title='bbox 2051 882 2314 937; x_wconf 85' lang='lat' dir='ltr'><strong>tionibus</strong></span> <span class='ocrx_word' id='word_1_71' title='bbox 2343 881 2566 953; x_wconf 88' lang='lat' dir='ltr'><strong>quibus</strong></span> <span class='ocrx_word' id='word_1_72' title='bbox 2593 881 2690 937; x_wconf 92' lang='lat' dir='ltr'><strong>hic</strong></span> <span class='ocrx_word' id='word_1_73' title='bbox 2715 882 3052 949; x_wconf 88' lang='lat' dir='ltr'><strong>objicimur,</strong></span> <span class='ocrx_word' id='word_1_74' title='bbox 3084 881 3245 935; x_wconf 91' lang='lat' dir='ltr'><strong>velut</strong></span> <span class='ocrx_word' id='word_1_75' title='bbox 3274 879 3410 948; x_wconf 92' lang='lat' dir='ltr'><strong>igne</strong></span> <span class='ocrx_word' id='word_1_76' title='bbox 3451 881 3507 932; x_wconf 89' lang='lat' dir='ltr'><strong>et</strong></span> <span class='ocrx_word' id='word_1_77' title='bbox 3537 893 3700 948; x_wconf 86' lang='lat' dir='ltr'><strong>aqua</strong></span> 
     </span>
    </p>
   </div>
   <div class='ocr_carea' id='block_1_7' title="bbox 412 967 3696 1043">
    <p class='ocr_par' dir='ltr' id='par_1_7' title="bbox 412 967 3696 1043">
     <span class='ocr_line' id='line_1_7' title="bbox 412 967 3696 1043; baseline -0.002 -19"><span class='ocrx_word' id='word_1_78' title='bbox 412 970 507 1024; x_wconf 87' lang='lat' dir='ltr'><strong>His</strong></span> <span class='ocrx_word' id='word_1_79' title='bbox 533 970 735 1043; x_wconf 85' lang='lat' dir='ltr'><strong>itaque</strong></span> <span class='ocrx_word' id='word_1_80' title='bbox 752 969 827 1024; x_wconf 88' lang='lat' dir='ltr'><strong>de</strong></span> <span class='ocrx_word' id='word_1_81' title='bbox 849 969 1048 1024; x_wconf 89' lang='lat' dir='ltr'><strong>causis</strong></span> <span class='ocrx_word' id='word_1_82' title='bbox 1066 968 1232 1024; x_wconf 90' lang='lat' dir='ltr'><strong>illum</strong></span> <span class='ocrx_word' id='word_1_83' title='bbox 1253 969 1332 1024; x_wconf 92' lang='lat' dir='ltr'><strong>ad</strong></span> <span class='ocrx_word' id='word_1_84' title='bbox 1353 969 1580 1024; x_wconf 89' lang='lat' dir='ltr'><strong>amicos</strong></span> <span class='ocrx_word' id='word_1_85' title='bbox 1596 969 1941 1041; x_wconf 85' lang='lat' dir='ltr'><strong>pervenisse</strong></span> <span class='ocrx_word' id='word_1_86' title='bbox 2050 969 2265 1041; x_wconf 80' lang='lat' dir='ltr'><strong>expiet,</strong></span> <span class='ocrx_word' id='word_1_87' title='bbox 2289 970 2492 1041; x_wconf 90' lang='lat' dir='ltr'><strong>sicque</strong></span> <span class='ocrx_word' id='word_1_88' title='bbox 2520 969 2761 1025; x_wconf 88' lang='lat' dir='ltr'><strong>tandem</strong></span> <span class='ocrx_word' id='word_1_89' title='bbox 2793 986 2970 1024; x_wconf 92' lang='lat' dir='ltr'><strong>suum</strong></span> <span class='ocrx_word' id='word_1_90' title='bbox 3001 969 3059 1024; x_wconf 91' lang='lat' dir='ltr'><strong>in</strong></span> <span class='ocrx_word' id='word_1_91' title='bbox 3098 967 3473 1037; x_wconf 85' lang='lat' dir='ltr'><strong>refrigerium</strong></span> <span class='ocrx_word' id='word_1_92' title='bbox 3504 970 3696 1021; x_wconf 85' lang='lat' dir='ltr'><strong>trans-</strong></span> 
     </span>
    </p>
   </div>
   <div class='ocr_carea' id='block_1_8' title="bbox 337 1054 3699 1130">
    <p class='ocr_par' dir='ltr' id='par_1_8' title="bbox 337 1054 3699 1130">
     <span class='ocr_line' id='line_1_8' title="bbox 337 1054 3699 1130; baseline -0.001 -17"><span class='ocrx_word' id='word_1_93' title='bbox 337 1063 393 1114; x_wconf 90' lang='lat' dir='ltr'><strong>et</strong></span> <span class='ocrx_word' id='word_1_94' title='bbox 431 1059 491 1113; x_wconf 91' lang='lat' dir='ltr'><strong>in</strong></span> <span class='ocrx_word' id='word_1_95' title='bbox 533 1057 748 1114; x_wconf 88' lang='lat' dir='ltr'><strong>eadem</strong></span> <span class='ocrx_word' id='word_1_96' title='bbox 786 1057 888 1113; x_wconf 91' lang='lat' dir='ltr'><strong>illa</strong></span> <span class='ocrx_word' id='word_1_97' title='bbox 920 1057 1290 1129; x_wconf 89' lang='lat' dir='ltr'><strong>sempiterna</strong></span> <span class='ocrx_word' id='word_1_98' title='bbox 1321 1057 1594 1123; x_wconf 89' lang='lat' dir='ltr'><strong>tentoria,</strong></span> <span class='ocrx_word' id='word_1_99' title='bbox 1617 1058 1677 1113; x_wconf 92' lang='lat' dir='ltr'><strong>in</strong></span> <span class='ocrx_word' id='word_1_100' title='bbox 1720 1057 1941 1129; x_wconf 91' lang='lat' dir='ltr'><strong>quibus</strong></span> <span class='ocrx_word' id='word_1_101' title='bbox 2051 1059 2250 1126; x_wconf 88' lang='lat' dir='ltr'><strong>ducat,</strong></span> <span class='ocrx_word' id='word_1_102' title='bbox 2274 1064 2331 1114; x_wconf 86' lang='lat' dir='ltr'><strong>et</strong></span> <span class='ocrx_word' id='word_1_103' title='bbox 2351 1059 2689 1129; x_wconf 88' lang='lat' dir='ltr'><strong>justiﬁcatis</strong></span> <span class='ocrx_word' id='word_1_104' title='bbox 2711 1075 2816 1130; x_wconf 92' lang='lat' dir='ltr'><strong>per</strong></span> <span class='ocrx_word' id='word_1_105' title='bbox 2834 1059 3017 1114; x_wconf 89' lang='lat' dir='ltr'><strong>ﬁdem</strong></span> <span class='ocrx_word' id='word_1_106' title='bbox 3050 1057 3360 1119; x_wconf 87' lang='lat' dir='ltr'><strong>concedat.</strong></span> <span class='ocrx_word' id='word_1_107' title='bbox 3391 1061 3457 1111; x_wconf 92' lang='lat' dir='ltr'><strong>ut</strong></span> <span class='ocrx_word' id='word_1_108' title='bbox 3485 1054 3699 1110; x_wconf 91' lang='lat' dir='ltr'><strong>eodem</strong></span> 
     </span>
    </p>
   </div>
   <div class='ocr_carea' id='block_1_9' title="bbox 335 1143 3697 1220">
    <p class='ocr_par' dir='ltr' id='par_1_9' title="bbox 335 1143 3697 1220">
     <span class='ocr_line' id='line_1_9' title="bbox 335 1143 3697 1220; baseline -0.001 -18"><span class='ocrx_word' id='word_1_109' title='bbox 335 1145 419 1202; x_wconf 89' lang='lat' dir='ltr'><strong>illi</strong></span> <span class='ocrx_word' id='word_1_110' title='bbox 448 1146 788 1220; x_wconf 90' lang='lat' dir='ltr'><strong>quiescunt,</strong></span> <span class='ocrx_word' id='word_1_111' title='bbox 825 1147 1127 1203; x_wconf 88' lang='lat' dir='ltr'><strong>invectum</strong></span> <span class='ocrx_word' id='word_1_112' title='bbox 1167 1147 1370 1217; x_wconf 88' lang='lat' dir='ltr'><strong>fuisse,</strong></span> <span class='ocrx_word' id='word_1_113' title='bbox 1407 1153 1632 1203; x_wconf 87' lang='lat' dir='ltr'><strong>aterna</strong></span> <span class='ocrx_word' id='word_1_114' title='bbox 1660 1163 1798 1203; x_wconf 90' lang='lat' dir='ltr'><strong>cum</strong></span> <span class='ocrx_word' id='word_1_115' title='bbox 1828 1147 1941 1204; x_wconf 82' lang='lat' dir='ltr'><strong>illis</strong></span> <span class='ocrx_word' id='word_1_116' title='bbox 2049 1147 2111 1204; x_wconf 93' lang='lat' dir='ltr'><strong>in</strong></span> <span class='ocrx_word' id='word_1_117' title='bbox 2132 1148 2284 1214; x_wconf 85' lang='lat' dir='ltr'><strong>loco,</strong></span> <span class='ocrx_word' id='word_1_118' title='bbox 2310 1153 2489 1220; x_wconf 90' lang='lat' dir='ltr'><strong>atque</strong></span> <span class='ocrx_word' id='word_1_119' title='bbox 2513 1147 2856 1203; x_wconf 87' lang='lat' dir='ltr'><strong>admirandi</strong></span> <span class='ocrx_word' id='word_1_120' title='bbox 2885 1147 3040 1203; x_wconf 90' lang='lat' dir='ltr'><strong>illius</strong></span> <span class='ocrx_word' id='word_1_121' title='bbox 3070 1146 3302 1202; x_wconf 89' lang='lat' dir='ltr'><strong>tentorii</strong></span> <span class='ocrx_word' id='word_1_122' title='bbox 3332 1144 3534 1200; x_wconf 89' lang='lat' dir='ltr'><strong>aterni</strong></span> <span class='ocrx_word' id='word_1_123' title='bbox 3565 1143 3697 1199; x_wconf 91' lang='lat' dir='ltr'><strong>loco</strong></span> 
     </span>
    </p>
   </div>
   <div class='ocr_carea' id='block_1_10' title="bbox 334 1234 2696 1308">
    <p class='ocr_par' dir='ltr' id='par_1_10' title="bbox 334 1234 2696 1308">
     <span class='ocr_line' id='line_1_10' title="bbox 334 1234 2696 1308; baseline -0.001 -18"><span class='ocrx_word' id='word_1_124' title='bbox 334 1234 707 1290; x_wconf 86' lang='lat' dir='ltr'><strong>beatitudine</strong></span> <span class='ocrx_word' id='word_1_125' title='bbox 733 1235 868 1302; x_wconf 83' lang='lat' dir='ltr'><strong>frui,</strong></span> <span class='ocrx_word' id='word_1_126' title='bbox 902 1234 1160 1307; x_wconf 90' lang='lat' dir='ltr'><strong>denique</strong></span> <span class='ocrx_word' id='word_1_127' title='bbox 1189 1235 1319 1306; x_wconf 84' lang='lat' dir='ltr'><strong>jam</strong></span> <span class='ocrx_word' id='word_1_128' title='bbox 1350 1251 1458 1308; x_wconf 91' lang='lat' dir='ltr'><strong>pro</strong></span> <span class='ocrx_word' id='word_1_129' title='bbox 1488 1235 1664 1292; x_wconf 83' lang='lat' dir='ltr'><strong>nobis</strong></span> <span class='ocrx_word' id='word_1_130' title='bbox 1694 1251 1938 1308; x_wconf 90' lang='lat' dir='ltr'><strong>quoque</strong></span> <span class='ocrx_word' id='word_1_131' title='bbox 2049 1236 2230 1292; x_wconf 85' lang='lat' dir='ltr'><strong>simul</strong></span> <span class='ocrx_word' id='word_1_132' title='bbox 2269 1235 2696 1291; x_wconf 89' lang='lat' dir='ltr'><strong>inhabitemus.</strong></span> 
     </span>
    </p>
   </div>
   <div class='ocr_carea' id='block_1_11' title="bbox 1367 1594 2662 1712">
    <p class='ocr_par' dir='ltr' id='par_1_11' title="bbox 1367 1594 2662 1712">
     <span class='ocr_line' id='line_1_11' title="bbox 1367 1594 2662 1712; baseline 0.002 -4"><span class='ocrx_word' id='word_1_133' title='bbox 1367 1594 2662 1712; x_wconf 84' lang='grc' dir='ltr'><strong>ΥΠΟΜΝΗΣΤΙΚΟΝ</strong></span> 
     </span>
    </p>
   </div>
   <div class='ocr_carea' id='block_1_12' title="bbox 1725 1835 2313 1882">
    <p class='ocr_par' dir='ltr' id='par_1_12' title="bbox 1725 1835 2313 1882">
     <span class='ocr_line' id='line_1_12' title="bbox 1725 1835 2313 1882; baseline 0 -1"><span class='ocrx_word' id='word_1_134' title='bbox 1725 1835 1825 1881; x_wconf 82' lang='grc' dir='ltr'><strong>ΕΙΣ</strong></span> <span class='ocrx_word' id='word_1_135' title='bbox 1863 1836 1996 1881; x_wconf 70' lang='grc' dir='ltr'><strong>ΤΟΝ</strong></span> <span class='ocrx_word' id='word_1_136' title='bbox 2040 1835 2313 1882; x_wconf 75' lang='grc' dir='ltr'><strong>ΒΑΣΙΛΕΑ</strong></span> 
     </span>
    </p>
   </div>
   <div class='ocr_carea' id='block_1_13' title="bbox 657 2009 2426 2136">
    <p class='ocr_par' dir='ltr' id='par_1_13' title="bbox 657 2009 2398 2136">
     <span class='ocr_line' id='line_1_13' title="bbox 657 2009 2398 2136; baseline 0.002 -5"><span class='ocrx_word' id='word_1_137' title='bbox 657 2017 1244 2135; x_wconf 83' lang='grc' dir='ltr'><strong>ΚΥΡΙΟΝ</strong></span> <span class='ocrx_word' id='word_1_138' title='bbox 1325 2009 2023 2136; x_wconf 85' lang='grc' dir='ltr'><strong>ΑΛΕΞΙΟΝ</strong></span> <span class='ocrx_word' id='word_1_139' title='bbox 2104 2023 2398 2135; x_wconf 87' lang='grc' dir='ltr'><strong>ΤΟΝ</strong></span> 
     </span>
    </p>
   </div>
   <div class='ocr_carea' id='block_1_14' title="bbox 1610 2009 3379 2136">
    <p class='ocr_par' dir='ltr' id='par_1_14' title="bbox 1610 2009 3379 2136">
     <span class='ocr_line' id='line_1_14' title="bbox 1610 2009 3379 2136; baseline -0.002 -4"><span class='ocrx_word' id='word_1_140' title='bbox 1610 2009 2023 2136; x_wconf 70' lang='grc' dir='ltr'><strong>ΖΞΙΟΝ</strong></span> <span class='ocrx_word' id='word_1_141' title='bbox 2104 2023 2398 2135; x_wconf 87' lang='lat' dir='ltr'><strong>TON</strong></span> <span class='ocrx_word' id='word_1_142' title='bbox 2482 2022 3379 2136; x_wconf 85' lang='lat' dir='ltr'>KOMNHNON.</span> 
     </span>
    </p>
   </div>
   <div class='ocr_carea' id='block_1_15' title="bbox 1439 2462 2548 2570">
    <p class='ocr_par' dir='ltr' id='par_1_15' title="bbox 1439 2462 2548 2570">
     <span class='ocr_line' id='line_1_15' title="bbox 1439 2462 2548 2570; baseline 0.002 -2"><span class='ocrx_word' id='word_1_143' title='bbox 1439 2462 2548 2570; x_wconf 84' lang='lat' dir='ltr'><strong>YPOMNESTICON</strong></span> 
     </span>
    </p>
   </div>
   <div class='ocr_carea' id='block_1_16' title="bbox 1708 2695 2336 2752">
    <p class='ocr_par' dir='ltr' id='par_1_16' title="bbox 1708 2695 2336 2752">
     <span class='ocr_line' id='line_1_16' title="bbox 1708 2695 2336 2752; baseline 0.003 -2"><span class='ocrx_word' id='word_1_144' title='bbox 1708 2697 1801 2750; x_wconf 82' lang='lat' dir='ltr'><strong>AD</strong></span> <span class='ocrx_word' id='word_1_145' title='bbox 1841 2695 2336 2752; x_wconf 77' lang='lat' dir='ltr'><strong>IMPERATOREM</strong></span> 
     </span>
    </p>
   </div>
   <div class='ocr_carea' id='block_1_17' title="bbox 451 2890 3605 3034">
    <p class='ocr_par' dir='ltr' id='par_1_17' title="bbox 451 2890 3605 3034">
     <span class='ocr_line' id='line_1_17' title="bbox 451 2890 3605 3034; baseline 0.001 -8"><span class='ocrx_word' id='word_1_146' title='bbox 451 2890 1366 3032; x_wconf 88' lang='lat' dir='ltr'>DOMINUM</span> <span class='ocrx_word' id='word_1_147' title='bbox 1473 2894 2369 3033; x_wconf 87' lang='lat' dir='ltr'><strong>ALEXIUM</strong></span> <span class='ocrx_word' id='word_1_148' title='bbox 2472 2894 2993 3034; x_wconf 86' lang='lat' dir='ltr'>COMN</span> <span class='ocrx_word' id='word_1_149' title='bbox 3006 2896 3256 3030; x_wconf 90' lang='lat' dir='ltr'><strong>EN</strong></span> <span class='ocrx_word' id='word_1_150' title='bbox 3277 2895 3605 3032; x_wconf 92' lang='lat' dir='ltr'><strong>UM.</strong></span> 
     </span>
    </p>
   </div>
   <div class='ocr_carea' id='block_1_18' title="bbox 402 3368 2171 3448">
    <p class='ocr_par' dir='ltr' id='par_1_18' title="bbox 402 3368 2171 3441">
     <span class='ocr_line' id='line_1_18' title="bbox 402 3368 2171 3441; baseline 0.006 -21"><span class='ocrx_word' id='word_1_151' title='bbox 402 3368 701 3441; x_wconf 78' lang='grc' dir='ltr'>Τολμῶντες</span> <span class='ocrx_word' id='word_1_152' title='bbox 748 3373 796 3423; x_wconf 87' lang='grc' dir='ltr'>οἱ</span> <span class='ocrx_word' id='word_1_153' title='bbox 841 3371 1042 3436; x_wconf 77' lang='grc' dir='ltr'>ἀνάξιοι</span> <span class='ocrx_word' id='word_1_154' title='bbox 1099 3377 1189 3426; x_wconf 83' lang='grc' dir='ltr'>καὶ</span> <span class='ocrx_word' id='word_1_155' title='bbox 1243 3374 1566 3438; x_wconf 86' lang='grc' dir='ltr'>πανευτελεῖς</span> <span class='ocrx_word' id='word_1_156' title='bbox 1623 3371 1804 3428; x_wconf 79' lang='grc' dir='ltr'>δοῦλοι</span> <span class='ocrx_word' id='word_1_157' title='bbox 1841 3375 2010 3438; x_wconf 85' lang='grc' dir='ltr'><strong>τῆςΒ</strong></span> <span class='ocrx_word' id='word_1_158' title='bbox 2119 3377 2171 3432; x_wconf 88' lang='lat' dir='ltr'><strong>In</strong></span> 
     </span>
    </p>
   </div>
   <div class='ocr_carea' id='block_1_19' title="bbox 1942 3368 3711 3448">
    <p class='ocr_par' dir='ltr' id='par_1_19' title="bbox 1966 3373 3711 3448">
     <span class='ocr_line' id='line_1_19' title="bbox 1966 3373 3711 3448; baseline 0.001 -19"><span class='ocrx_word' id='word_1_159' title='bbox 1966 3375 2010 3429; x_wconf 93' lang='grc' dir='ltr'>Β</span> <span class='ocrx_word' id='word_1_160' title='bbox 2119 3373 2352 3447; x_wconf 89' lang='lat' dir='ltr'><strong>lndigni</strong></span> <span class='ocrx_word' id='word_1_161' title='bbox 2391 3391 2501 3432; x_wconf 87' lang='lat' dir='ltr'><strong>nos</strong></span> <span class='ocrx_word' id='word_1_162' title='bbox 2540 3378 2721 3448; x_wconf 85' lang='lat' dir='ltr'><strong>atque</strong></span> <span class='ocrx_word' id='word_1_163' title='bbox 2760 3374 3018 3431; x_wconf 88' lang='lat' dir='ltr'><strong>humiles</strong></span> <span class='ocrx_word' id='word_1_164' title='bbox 3050 3375 3371 3448; x_wconf 86' lang='lat' dir='ltr'><strong>Majestatis</strong></span> <span class='ocrx_word' id='word_1_165' title='bbox 3416 3379 3524 3431; x_wconf 84' lang='lat' dir='ltr'><strong>tua</strong></span> <span class='ocrx_word' id='word_1_166' title='bbox 3556 3373 3711 3431; x_wconf 88' lang='lat' dir='ltr'><strong>servi</strong></span> 
     </span>
    </p>
   </div>
   <div class='ocr_carea' id='block_1_20' title="bbox 328 3460 2097 3537">
    <p class='ocr_par' dir='ltr' id='par_1_20' title="bbox 328 3460 2097 3537">
     <span class='ocr_line' id='line_1_20' title="bbox 328 3460 2097 3537; baseline 0.005 -29"><span class='ocrx_word' id='word_1_167' title='bbox 328 3465 587 3531; x_wconf 78' lang='grc' dir='ltr'>κραταιᾶς</span> <span class='ocrx_word' id='word_1_168' title='bbox 639 3465 727 3513; x_wconf 79' lang='grc' dir='ltr'><strong>καὶ</strong></span> <span class='ocrx_word' id='word_1_169' title='bbox 771 3460 925 3532; x_wconf 74' lang='grc' dir='ltr'>ἁγίας</span> <span class='ocrx_word' id='word_1_170' title='bbox 970 3460 1240 3535; x_wconf 79' lang='grc' dir='ltr'>βασιλείας</span> <span class='ocrx_word' id='word_1_171' title='bbox 1282 3483 1375 3517; x_wconf 91' lang='grc' dir='ltr'><strong>σου</strong></span> <span class='ocrx_word' id='word_1_172' title='bbox 1427 3461 1668 3537; x_wconf 78' lang='grc' dir='ltr'>δεόμετα,</span> <span class='ocrx_word' id='word_1_173' title='bbox 1703 3462 1936 3518; x_wconf 76' lang='grc' dir='ltr'><strong>δέσποτα</strong></span> <span class='ocrx_word' id='word_1_174' title='bbox 2044 3465 2097 3521; x_wconf 65' lang='grc' dir='ltr'><strong>Ῐις</strong></span> 
     </span>
    </p>
   </div>
   <div class='ocr_carea' id='block_1_21' title="bbox 1292 3460 3061 3537">
    <p class='ocr_par' dir='ltr' id='par_1_21' title="bbox 1292 3461 3061 3537">
     <span class='ocr_line' id='line_1_21' title="bbox 1292 3461 3061 3537; baseline 0.002 -21"><span class='ocrx_word' id='word_1_175' title='bbox 1292 3483 1375 3517; x_wconf 75' lang='grc' dir='ltr'><strong>του</strong></span> <span class='ocrx_word' id='word_1_176' title='bbox 1427 3461 1668 3537; x_wconf 77' lang='grc' dir='ltr'>δεόμετα,</span> <span class='ocrx_word' id='word_1_177' title='bbox 1703 3462 1936 3518; x_wconf 76' lang='grc' dir='ltr'><strong>δέσποτα</strong></span> <span class='ocrx_word' id='word_1_178' title='bbox 2044 3465 2232 3521; x_wconf 86' lang='lat' dir='ltr'><strong>hocce</strong></span> <span class='ocrx_word' id='word_1_179' title='bbox 2275 3464 2385 3522; x_wconf 88' lang='lat' dir='ltr'><strong>abs</strong></span> <span class='ocrx_word' id='word_1_180' title='bbox 2425 3469 2478 3520; x_wconf 92' lang='lat' dir='ltr'><strong>te</strong></span> <span class='ocrx_word' id='word_1_181' title='bbox 2510 3470 2709 3536; x_wconf 86' lang='lat' dir='ltr'><strong>petere</strong></span> <span class='ocrx_word' id='word_1_182' title='bbox 2740 3465 3061 3520; x_wconf 88' lang='lat' dir='ltr'><strong>audemus.</strong></span> 
     </span>
    </p>
   </div>
   <div class='ocr_carea' id='block_1_22' title="bbox 330 3548 648 3619">
    <p class='ocr_par' dir='ltr' id='par_1_22' title="bbox 330 3548 648 3619">
     <span class='ocr_line' id='line_1_22' title="bbox 330 3548 648 3619; baseline 0.016 -21"><span class='ocrx_word' id='word_1_183' title='bbox 330 3548 478 3619; x_wconf 73' lang='grc' dir='ltr'>ἡμῶν</span> <span class='ocrx_word' id='word_1_184' title='bbox 512 3548 648 3619; x_wconf 68' lang='grc' dir='ltr'>ἅγιε.</span> 
     </span>
    </p>
   </div>
   <div class='ocr_carea' id='block_1_23' title="bbox 400 3638 2169 3717">
    <p class='ocr_par' dir='ltr' id='par_1_23' title="bbox 400 3638 2169 3714">
     <span class='ocr_line' id='line_1_23' title="bbox 400 3638 2169 3714; baseline 0.007 -26"><span class='ocrx_word' id='word_1_185' title='bbox 400 3640 471 3688; x_wconf 79' lang='grc' dir='ltr'><strong>Τὸ</strong></span> <span class='ocrx_word' id='word_1_186' title='bbox 501 3638 618 3689; x_wconf 77' lang='grc' dir='ltr'>καθ’</span> <span class='ocrx_word' id='word_1_187' title='bbox 649 3640 785 3710; x_wconf 74' lang='grc' dir='ltr'>ἡμᾶς</span> <span class='ocrx_word' id='word_1_188' title='bbox 815 3642 954 3713; x_wconf 86' lang='grc' dir='ltr'>ὅριον</span> <span class='ocrx_word' id='word_1_189' title='bbox 974 3650 1072 3694; x_wconf 81' lang='grc' dir='ltr'>τῶν</span> <span class='ocrx_word' id='word_1_190' title='bbox 1107 3643 1355 3714; x_wconf 75' lang='grc' dir='ltr'>Ἀθηνῶν,</span> <span class='ocrx_word' id='word_1_191' title='bbox 1389 3643 1551 3696; x_wconf 81' lang='grc' dir='ltr'>πάλαι</span> <span class='ocrx_word' id='word_1_192' title='bbox 1589 3651 1680 3697; x_wconf 81' lang='grc' dir='ltr'>τοῦ</span> <span class='ocrx_word' id='word_1_193' title='bbox 1703 3644 1934 3707; x_wconf 70' lang='grc' dir='ltr'>πλήθους</span> <span class='ocrx_word' id='word_1_194' title='bbox 2113 3648 2169 3713; x_wconf 65' lang='lat' dir='ltr'><strong>A1</strong></span> 
     </span>
    </p>
   </div>
   <div class='ocr_carea' id='block_1_24' title="bbox 1940 3638 3709 3717">
    <p class='ocr_par' dir='ltr' id='par_1_24' title="bbox 2113 3641 3709 3717">
     <span class='ocr_line' id='line_1_24' title="bbox 2113 3641 3709 3717; baseline -0.001 -16"><span class='ocrx_word' id='word_1_195' title='bbox 2113 3648 2267 3716; x_wconf 85' lang='lat' dir='ltr'><strong>Ager</strong></span> <span class='ocrx_word' id='word_1_196' title='bbox 2287 3645 2664 3701; x_wconf 80' lang='lat' dir='ltr'><strong>Atheniensis</strong></span> <span class='ocrx_word' id='word_1_197' title='bbox 2690 3660 2874 3717; x_wconf 90' lang='lat' dir='ltr'><strong>quem</strong></span> <span class='ocrx_word' id='word_1_198' title='bbox 2904 3643 3276 3712; x_wconf 84' lang='lat' dir='ltr'><strong>habitamus,</strong></span> <span class='ocrx_word' id='word_1_199' title='bbox 3306 3643 3444 3699; x_wconf 91' lang='lat' dir='ltr'><strong>inde</strong></span> <span class='ocrx_word' id='word_1_200' title='bbox 3469 3659 3505 3698; x_wconf 94' lang='lat' dir='ltr'><strong>a</strong></span> <span class='ocrx_word' id='word_1_201' title='bbox 3525 3641 3709 3712; x_wconf 90' lang='lat' dir='ltr'><strong>longo</strong></span> 
     </span>
    </p>
   </div>
   <div class='ocr_carea' id='block_1_25' title="bbox 328 3725 2097 3810">
    <p class='ocr_par' dir='ltr' id='par_1_25' title="bbox 328 3725 2097 3810">
     <span class='ocr_line' id='line_1_25' title="bbox 328 3725 2097 3810; baseline 0.009 -34"><span class='ocrx_word' id='word_1_202' title='bbox 328 3732 429 3776; x_wconf 82' lang='grc' dir='ltr'>τῶν</span> <span class='ocrx_word' id='word_1_203' title='bbox 478 3725 695 3779; x_wconf 78' lang='grc' dir='ltr'><strong>ἐποίκων</strong></span> <span class='ocrx_word' id='word_1_204' title='bbox 745 3729 906 3782; x_wconf 71' lang='grc' dir='ltr'>αὑτοῦ</span> <span class='ocrx_word' id='word_1_205' title='bbox 955 3728 1048 3783; x_wconf 75' lang='grc' dir='ltr'><strong>διὰ</strong></span> <span class='ocrx_word' id='word_1_206' title='bbox 1109 3734 1201 3795; x_wconf 78' lang='grc' dir='ltr'><strong>τὰς</strong></span> <span class='ocrx_word' id='word_1_207' title='bbox 1243 3731 1654 3794; x_wconf 82' lang='grc' dir='ltr'>ἀλλεπα).λήλους</span> <span class='ocrx_word' id='word_1_208' title='bbox 1692 3733 1935 3810; x_wconf 74' lang='grc' dir='ltr'>ἕπηρείας</span> <span class='ocrx_word' id='word_1_209' title='bbox 2043 3742 2097 3796; x_wconf 87' lang='lat' dir='ltr'><strong>te</strong></span> 
     </span>
    </p>
   </div>
   <div class='ocr_carea' id='block_1_26' title="bbox 1946 3725 3715 3810">
    <p class='ocr_par' dir='ltr' id='par_1_26' title="bbox 2043 3732 3715 3810">
     <span class='ocr_line' id='line_1_26' title="bbox 2043 3732 3715 3810; baseline -0.005 -16"><span class='ocrx_word' id='word_1_210' title='bbox 2043 3742 2312 3810; x_wconf 90' lang='lat' dir='ltr'><strong>tempore</strong></span> <span class='ocrx_word' id='word_1_211' title='bbox 2343 3733 2576 3791; x_wconf 87' lang='lat' dir='ltr'><strong>civibus</strong></span> <span class='ocrx_word' id='word_1_212' title='bbox 2618 3735 2724 3807; x_wconf 92' lang='lat' dir='ltr'><strong>qui</strong></span> <span class='ocrx_word' id='word_1_213' title='bbox 2768 3734 2912 3790; x_wconf 91' lang='lat' dir='ltr'><strong>olim</strong></span> <span class='ocrx_word' id='word_1_214' title='bbox 2942 3733 3186 3807; x_wconf 85' lang='lat' dir='ltr'><strong>plurimi</strong></span> <span class='ocrx_word' id='word_1_215' title='bbox 3218 3733 3403 3802; x_wconf 83' lang='lat' dir='ltr'><strong>fuere,</strong></span> <span class='ocrx_word' id='word_1_216' title='bbox 3445 3732 3715 3805; x_wconf 90' lang='lat' dir='ltr'><strong>privatus</strong></span> 
     </span>
    </p>
   </div>
   <div class='ocr_carea' id='block_1_27' title="bbox 328 3813 2097 3899">
    <p class='ocr_par' dir='ltr' id='par_1_27' title="bbox 328 3813 2097 3899">
     <span class='ocr_line' id='line_1_27' title="bbox 328 3813 2097 3899; baseline 0.007 -33"><span class='ocrx_word' id='word_1_217' title='bbox 328 3813 686 3888; x_wconf 76' lang='grc' dir='ltr'>ἓκκενούμενον</span> <span class='ocrx_word' id='word_1_218' title='bbox 715 3820 812 3889; x_wconf 69' lang='grc' dir='ltr'>ἀεὶ,</span> <span class='ocrx_word' id='word_1_219' title='bbox 845 3827 932 3871; x_wconf 79' lang='grc' dir='ltr'>νῦν</span> <span class='ocrx_word' id='word_1_220' title='bbox 963 3817 1252 3874; x_wconf 75' lang='grc' dir='ltr'><strong>κινδυνεύει</strong></span> <span class='ocrx_word' id='word_1_221' title='bbox 1277 3827 1367 3875; x_wconf 81' lang='grc' dir='ltr'>καὶ</span> <span class='ocrx_word' id='word_1_222' title='bbox 1385 3823 1455 3886; x_wconf 83' lang='grc' dir='ltr'><strong>εἰς</strong></span> <span class='ocrx_word' id='word_1_223' title='bbox 1486 3823 1648 3882; x_wconf 72' lang='grc' dir='ltr'>αὐτὴν</span> <span class='ocrx_word' id='word_1_224' title='bbox 1677 3833 1933 3899; x_wconf 85' lang='grc' dir='ltr'>περιστῆ-</span> <span class='ocrx_word' id='word_1_225' title='bbox 2037 3813 2097 3884; x_wconf 77' lang='lat' dir='ltr'><strong>ja</strong></span> 
     </span>
    </p>
   </div>
   <div class='ocr_carea' id='block_1_28' title="bbox 1943 3813 3712 3899">
    <p class='ocr_par' dir='ltr' id='par_1_28' title="bbox 2037 3813 3712 3894">
     <span class='ocr_line' id='line_1_28' title="bbox 2037 3813 3712 3894; baseline -0.003 -11"><span class='ocrx_word' id='word_1_226' title='bbox 2037 3813 2195 3884; x_wconf 76' lang='lat' dir='ltr'><strong>jacet</strong></span> <span class='ocrx_word' id='word_1_227' title='bbox 2223 3829 2281 3881; x_wconf 94' lang='lat' dir='ltr'><strong>et</strong></span> <span class='ocrx_word' id='word_1_228' title='bbox 2309 3825 2508 3882; x_wconf 91' lang='lat' dir='ltr'><strong>omnis</strong></span> <span class='ocrx_word' id='word_1_229' title='bbox 2542 3823 2778 3894; x_wconf 88' lang='lat' dir='ltr'><strong>generis</strong></span> <span class='ocrx_word' id='word_1_230' title='bbox 2796 3824 2971 3880; x_wconf 88' lang='lat' dir='ltr'><strong>malis</strong></span> <span class='ocrx_word' id='word_1_231' title='bbox 2996 3828 3266 3884; x_wconf 83' lang='lat' dir='ltr'><strong>vexatur.</strong></span> <span class='ocrx_word' id='word_1_232' title='bbox 3289 3823 3413 3878; x_wconf 92' lang='lat' dir='ltr'><strong>imo</strong></span> <span class='ocrx_word' id='word_1_233' title='bbox 3440 3822 3500 3877; x_wconf 92' lang='lat' dir='ltr'><strong>in</strong></span> <span class='ocrx_word' id='word_1_234' title='bbox 3531 3837 3601 3877; x_wconf 89' lang='lat' dir='ltr'><strong>eo</strong></span> <span class='ocrx_word' id='word_1_235' title='bbox 3625 3826 3712 3878; x_wconf 90' lang='lat' dir='ltr'><strong>est</strong></span> 
     </span>
    </p>
   </div>
   <div class='ocr_carea' id='block_1_29' title="bbox 328 3909 2097 3986">
    <p class='ocr_par' dir='ltr' id='par_1_29' title="bbox 328 3909 2097 3984">
     <span class='ocr_line' id='line_1_29' title="bbox 328 3909 2097 3984; baseline 0.008 -28"><span class='ocrx_word' id='word_1_236' title='bbox 328 3925 414 3956; x_wconf 85' lang='grc' dir='ltr'><strong>ναι</strong></span> <span class='ocrx_word' id='word_1_237' title='bbox 443 3911 538 3964; x_wconf 77' lang='grc' dir='ltr'>τήν</span> <span class='ocrx_word' id='word_1_238' title='bbox 567 3913 1048 3982; x_wconf 77' lang='grc' dir='ltr'>παροιμιαζομένην</span> <span class='ocrx_word' id='word_1_239' title='bbox 1071 3909 1288 3984; x_wconf 73' lang='grc' dir='ltr'>ἕρημίαν</span> <span class='ocrx_word' id='word_1_240' title='bbox 1310 3914 1582 3972; x_wconf 77' lang='grc' dir='ltr'>Σκυθικήν.</span> <span class='ocrx_word' id='word_1_241' title='bbox 1601 3917 1671 3966; x_wconf 87' lang='grc' dir='ltr'><strong>Τὸ</strong></span> <span class='ocrx_word' id='word_1_242' title='bbox 1695 3911 1754 3966; x_wconf 71' lang='grc' dir='ltr'>δε</span> <span class='ocrx_word' id='word_1_243' title='bbox 1771 3917 1935 3967; x_wconf 80' lang='grc' dir='ltr'>αἴτιον</span> <span class='ocrx_word' id='word_1_244' title='bbox 2043 3919 2097 3971; x_wconf 82' lang='lat' dir='ltr'><strong>ul</strong></span> 
     </span>
    </p>
   </div>
   <div class='ocr_carea' id='block_1_30' title="bbox 1946 3909 3715 3986">
    <p class='ocr_par' dir='ltr' id='par_1_30' title="bbox 2043 3911 3715 3986">
     <span class='ocr_line' id='line_1_30' title="bbox 2043 3911 3715 3986; baseline -0.002 -15"><span class='ocrx_word' id='word_1_245' title='bbox 2043 3919 2110 3971; x_wconf 93' lang='lat' dir='ltr'><strong>ut</strong></span> <span class='ocrx_word' id='word_1_246' title='bbox 2144 3915 2382 3972; x_wconf 90' lang='lat' dir='ltr'><strong>deserto</strong></span> <span class='ocrx_word' id='word_1_247' title='bbox 2419 3914 2698 3986; x_wconf 69' lang='lat' dir='ltr'><strong>bcythico</strong></span> <span class='ocrx_word' id='word_1_248' title='bbox 2746 3914 3093 3986; x_wconf 90' lang='lat' dir='ltr'><strong>comparari</strong></span> <span class='ocrx_word' id='word_1_249' title='bbox 3143 3912 3352 3986; x_wconf 88' lang='lat' dir='ltr'><strong>possit.</strong></span> <span class='ocrx_word' id='word_1_250' title='bbox 3397 3912 3590 3982; x_wconf 87' lang='lat' dir='ltr'><strong>Hujus</strong></span> <span class='ocrx_word' id='word_1_251' title='bbox 3628 3911 3715 3968; x_wconf 90' lang='lat' dir='ltr'><strong>rei</strong></span> 
     </span>
    </p>
   </div>
   <div class='ocr_carea' id='block_1_31' title="bbox 329 3996 2098 4077">
    <p class='ocr_par' dir='ltr' id='par_1_31' title="bbox 329 3996 2098 4076">
     <span class='ocr_line' id='line_1_31' title="bbox 329 3996 2098 4076; baseline 0.008 -30"><span class='ocrx_word' id='word_1_252' title='bbox 329 3999 409 4047; x_wconf 78' lang='grc' dir='ltr'>ὅτι</span> <span class='ocrx_word' id='word_1_253' title='bbox 449 3996 666 4060; x_wconf 83' lang='grc' dir='ltr'>πολλαῖς</span> <span class='ocrx_word' id='word_1_254' title='bbox 706 3997 973 4074; x_wconf 74' lang='grc' dir='ltr'>ἕπηρείαις</span> <span class='ocrx_word' id='word_1_255' title='bbox 1013 3999 1366 4076; x_wconf 72' lang='grc' dir='ltr'><strong>βαρυνόμεθα,</strong></span> <span class='ocrx_word' id='word_1_256' title='bbox 1407 4002 1596 4076; x_wconf 57' lang='grc' dir='ltr'>μῶλον</span> <span class='ocrx_word' id='word_1_257' title='bbox 1637 3999 1697 4056; x_wconf 74' lang='grc' dir='ltr'>δε</span> <span class='ocrx_word' id='word_1_258' title='bbox 1733 4003 1938 4057; x_wconf 88' lang='grc' dir='ltr'>πλείοσι</span> <span class='ocrx_word' id='word_1_259' title='bbox 2044 4021 2098 4061; x_wconf 80' lang='grc' dir='ltr'><strong>οε</strong></span> 
     </span>
    </p>
   </div>
   <div class='ocr_carea' id='block_1_32' title="bbox 1944 3996 3713 4077">
    <p class='ocr_par' dir='ltr' id='par_1_32' title="bbox 2044 3999 3713 4077">
     <span class='ocr_line' id='line_1_32' title="bbox 2044 3999 3713 4077; baseline -0.003 -17"><span class='ocrx_word' id='word_1_260' title='bbox 2044 4021 2232 4062; x_wconf 89' lang='lat' dir='ltr'><strong>causa</strong></span> <span class='ocrx_word' id='word_1_261' title='bbox 2261 4009 2353 4061; x_wconf 91' lang='lat' dir='ltr'><strong>est</strong></span> <span class='ocrx_word' id='word_1_262' title='bbox 2380 4003 2546 4077; x_wconf 94' lang='lat' dir='ltr'><strong>quod</strong></span> <span class='ocrx_word' id='word_1_263' title='bbox 2575 4000 2969 4074; x_wconf 89' lang='lat' dir='ltr'><strong>vectigalibus</strong></span> <span class='ocrx_word' id='word_1_264' title='bbox 2997 4001 3381 4073; x_wconf 88' lang='lat' dir='ltr'><strong>gravioribus</strong></span> <span class='ocrx_word' id='word_1_265' title='bbox 3409 4016 3599 4073; x_wconf 90' lang='lat' dir='ltr'><strong>quam</strong></span> <span class='ocrx_word' id='word_1_266' title='bbox 3625 3999 3713 4056; x_wconf 91' lang='lat' dir='ltr'><strong>vi-</strong></span> 
     </span>
    </p>
   </div>
   <div class='ocr_carea' id='block_1_33' title="bbox 327 4084 2096 4167">
    <p class='ocr_par' dir='ltr' id='par_1_33' title="bbox 327 4084 2096 4165">
     <span class='ocr_line' id='line_1_33' title="bbox 327 4084 2096 4165; baseline 0.006 -28"><span class='ocrx_word' id='word_1_267' title='bbox 327 4090 418 4138; x_wconf 85' lang='grc' dir='ltr'><strong>καὶ</strong></span> <span class='ocrx_word' id='word_1_268' title='bbox 456 4084 792 4164; x_wconf 78' lang='grc' dir='ltr'>βαρυτέραις,</span> <span class='ocrx_word' id='word_1_269' title='bbox 821 4093 951 4163; x_wconf 72' lang='grc' dir='ltr'>ἤπερ</span> <span class='ocrx_word' id='word_1_270' title='bbox 984 4093 1033 4143; x_wconf 82' lang='grc' dir='ltr'>οἱ</span> <span class='ocrx_word' id='word_1_271' title='bbox 1052 4100 1392 4162; x_wconf 82' lang='grc' dir='ltr'>γειτονοῡντες</span> <span class='ocrx_word' id='word_1_272' title='bbox 1421 4094 1546 4165; x_wconf 80' lang='grc' dir='ltr'>ἡμῖν</span> <span class='ocrx_word' id='word_1_273' title='bbox 1570 4092 1744 4147; x_wconf 80' lang='grc' dir='ltr'>λοιποὶ</span> <span class='ocrx_word' id='word_1_274' title='bbox 1772 4114 1938 4147; x_wconf 83' lang='grc' dir='ltr'>κατω-</span> <span class='ocrx_word' id='word_1_275' title='bbox 2047 4096 2096 4151; x_wconf 86' lang='lat' dir='ltr'><strong>ci</strong></span> 
     </span>
    </p>
   </div>
   <div class='ocr_carea' id='block_1_34' title="bbox 1949 4084 3718 4167">
    <p class='ocr_par' dir='ltr' id='par_1_34' title="bbox 2047 4091 3718 4167">
     <span class='ocr_line' id='line_1_34' title="bbox 2047 4091 3718 4167; baseline -0.003 -16"><span class='ocrx_word' id='word_1_276' title='bbox 2047 4096 2196 4151; x_wconf 87' lang='lat' dir='ltr'><strong>cina</strong></span> <span class='ocrx_word' id='word_1_277' title='bbox 2224 4098 2430 4165; x_wconf 90' lang='lat' dir='ltr'><strong>gentes</strong></span> <span class='ocrx_word' id='word_1_278' title='bbox 2455 4093 2811 4167; x_wconf 90' lang='lat' dir='ltr'><strong>premimur,</strong></span> <span class='ocrx_word' id='word_1_279' title='bbox 2838 4092 3138 4166; x_wconf 89' lang='lat' dir='ltr'><strong>siquidem</strong></span> <span class='ocrx_word' id='word_1_280' title='bbox 3171 4091 3479 4165; x_wconf 90' lang='lat' dir='ltr'><strong>publicani</strong></span> <span class='ocrx_word' id='word_1_281' title='bbox 3506 4095 3564 4146; x_wconf 90' lang='lat' dir='ltr'><strong>et</strong></span> <span class='ocrx_word' id='word_1_282' title='bbox 3584 4105 3718 4146; x_wconf 90' lang='lat' dir='ltr'><strong>vec-</strong></span> 
     </span>
    </p>
   </div>
   <div class='ocr_carea' id='block_1_35' title="bbox 328 4175 2097 4258">
    <p class='ocr_par' dir='ltr' id='par_1_35' title="bbox 328 4175 2097 4258">
     <span class='ocr_line' id='line_1_35' title="bbox 328 4175 2097 4258; baseline 0.007 -32"><span class='ocrx_word' id='word_1_283' title='bbox 328 4181 486 4228; x_wconf 81' lang='grc' dir='ltr'>τικοί.</span> <span class='ocrx_word' id='word_1_284' title='bbox 522 4177 598 4229; x_wconf 71' lang='grc' dir='ltr'><strong>Οὐ</strong></span> <span class='ocrx_word' id='word_1_285' title='bbox 641 4183 793 4250; x_wconf 85' lang='grc' dir='ltr'>μόνον</span> <span class='ocrx_word' id='word_1_286' title='bbox 822 4181 924 4255; x_wconf 79' lang='grc' dir='ltr'><strong>γὰρ</strong></span> <span class='ocrx_word' id='word_1_287' title='bbox 970 4182 1121 4252; x_wconf 73' lang='grc' dir='ltr'>ἡμεῖς</span> <span class='ocrx_word' id='word_1_288' title='bbox 1165 4179 1249 4244; x_wconf 85' lang='grc' dir='ltr'><strong>δὶς</strong></span> <span class='ocrx_word' id='word_1_289' title='bbox 1288 4187 1377 4235; x_wconf 83' lang='grc' dir='ltr'>καὶ</span> <span class='ocrx_word' id='word_1_290' title='bbox 1416 4187 1524 4258; x_wconf 83' lang='grc' dir='ltr'>τρὶς</span> <span class='ocrx_word' id='word_1_291' title='bbox 1559 4188 1650 4236; x_wconf 84' lang='grc' dir='ltr'>καὶ</span> <span class='ocrx_word' id='word_1_292' title='bbox 1691 4183 1938 4246; x_wconf 77' lang='grc' dir='ltr'><strong>πολλάκις</strong></span> <span class='ocrx_word' id='word_1_293' title='bbox 2047 4175 2097 4250; x_wconf 62' lang='lat' dir='ltr'><strong>ti;</strong></span> 
     </span>
    </p>
   </div>
   <div class='ocr_carea' id='block_1_36' title="bbox 1945 4175 3714 4258">
    <p class='ocr_par' dir='ltr' id='par_1_36' title="bbox 2047 4175 3714 4256">
     <span class='ocr_line' id='line_1_36' title="bbox 2047 4175 3714 4256; baseline -0.004 -14"><span class='ocrx_word' id='word_1_294' title='bbox 2047 4175 2321 4256; x_wconf 79' lang='lat' dir='ltr'><strong>tigalium</strong></span> <span class='ocrx_word' id='word_1_295' title='bbox 2362 4188 2670 4241; x_wconf 85' lang='lat' dir='ltr'><strong>exactores</strong></span> <span class='ocrx_word' id='word_1_296' title='bbox 2720 4183 3052 4255; x_wconf 82' lang='lat' dir='ltr'><strong>triplicibus</strong></span> <span class='ocrx_word' id='word_1_297' title='bbox 3112 4182 3398 4238; x_wconf 90' lang='lat' dir='ltr'><strong>molestiis</strong></span> <span class='ocrx_word' id='word_1_298' title='bbox 3441 4185 3659 4237; x_wconf 87' lang='lat' dir='ltr'><strong>vexant</strong></span> <span class='ocrx_word' id='word_1_299' title='bbox 3702 4198 3714 4247; x_wconf 91' lang='lat'><strong>;</strong></span> 
     </span>
    </p>
   </div>
   <div class='ocr_carea' id='block_1_37' title="bbox 327 4268 2096 4350">
    <p class='ocr_par' dir='ltr' id='par_1_37' title="bbox 327 4268 2096 4350">
     <span class='ocr_line' id='line_1_37' title="bbox 327 4268 2096 4350; baseline 0.007 -33"><span class='ocrx_word' id='word_1_300' title='bbox 327 4268 475 4340; x_wconf 83' lang='grc' dir='ltr'>παρὰ</span> <span class='ocrx_word' id='word_1_301' title='bbox 517 4270 605 4328; x_wconf 81' lang='grc' dir='ltr'>τὰς</span> <span class='ocrx_word' id='word_1_302' title='bbox 642 4273 875 4339; x_wconf 84' lang='grc' dir='ltr'>γείτονας</span> <span class='ocrx_word' id='word_1_303' title='bbox 915 4271 1062 4343; x_wconf 77' lang='grc' dir='ltr'>ἡμῶν</span> <span class='ocrx_word' id='word_1_304' title='bbox 1092 4277 1272 4345; x_wconf 84' lang='grc' dir='ltr'>χώρας</span> <span class='ocrx_word' id='word_1_305' title='bbox 1310 4274 1606 4346; x_wconf 73' lang='grc' dir='ltr'><strong>ὑπέστημεν</strong></span> <span class='ocrx_word' id='word_1_306' title='bbox 1638 4273 1941 4350; x_wconf 78' lang='grc' dir='ltr'>ἀναγραφὰς</span> <span class='ocrx_word' id='word_1_307' title='bbox 2049 4293 2096 4343; x_wconf 67' lang='grc' dir='ltr'><strong>αι</strong></span> 
     </span>
    </p>
   </div>
   <div class='ocr_carea' id='block_1_38' title="bbox 1950 4268 3719 4350">
    <p class='ocr_par' dir='ltr' id='par_1_38' title="bbox 2049 4271 3719 4346">
     <span class='ocr_line' id='line_1_38' title="bbox 2049 4271 3719 4346; baseline -0.004 -14"><span class='ocrx_word' id='word_1_308' title='bbox 2049 4291 2228 4346; x_wconf 89' lang='lat' dir='ltr'><strong>agros</strong></span> <span class='ocrx_word' id='word_1_309' title='bbox 2250 4278 2411 4332; x_wconf 89' lang='lat' dir='ltr'><strong>enim</strong></span> <span class='ocrx_word' id='word_1_310' title='bbox 2431 4281 2669 4331; x_wconf 92' lang='lat' dir='ltr'><strong>nostros</strong></span> <span class='ocrx_word' id='word_1_311' title='bbox 2694 4289 2978 4330; x_wconf 89' lang='lat' dir='ltr'><strong>arenosos</strong></span> <span class='ocrx_word' id='word_1_312' title='bbox 3004 4289 3074 4330; x_wconf 93' lang='lat' dir='ltr'><strong>ac</strong></span> <span class='ocrx_word' id='word_1_313' title='bbox 3104 4288 3324 4346; x_wconf 90' lang='lat' dir='ltr'><strong>parum</strong></span> <span class='ocrx_word' id='word_1_314' title='bbox 3355 4271 3572 4328; x_wconf 84' lang='lat' dir='ltr'><strong>fertiles</strong></span> <span class='ocrx_word' id='word_1_315' title='bbox 3594 4285 3719 4327; x_wconf 90' lang='lat' dir='ltr'><strong>non</strong></span> 
     </span>
    </p>
   </div>
   <div class='ocr_carea' id='block_1_39' title="bbox 327 4356 2096 4436">
    <p class='ocr_par' dir='ltr' id='par_1_39' title="bbox 327 4356 2096 4436">
     <span class='ocr_line' id='line_1_39' title="bbox 327 4356 2096 4436; baseline 0.006 -29"><span class='ocrx_word' id='word_1_316' title='bbox 327 4360 417 4407; x_wconf 81' lang='grc' dir='ltr'>καὶ</span> <span class='ocrx_word' id='word_1_317' title='bbox 447 4356 782 4431; x_wconf 74' lang='grc' dir='ltr'><strong>ἐπιτηρήσας</strong></span> <span class='ocrx_word' id='word_1_318' title='bbox 813 4358 1081 4436; x_wconf 73' lang='grc' dir='ltr'>ἀναφορῶν</span> <span class='ocrx_word' id='word_1_319' title='bbox 1109 4371 1514 4435; x_wconf 79' lang='grc' dir='ltr'>γεωμετρουσῶν</span> <span class='ocrx_word' id='word_1_320' title='bbox 1535 4367 1712 4434; x_wconf 79' lang='grc' dir='ltr'>ἴχνεσι</span> <span class='ocrx_word' id='word_1_321' title='bbox 1732 4364 1938 4436; x_wconf 72' lang='grc' dir='ltr'>ψυλλῶν</span> <span class='ocrx_word' id='word_1_322' title='bbox 2048 4366 2096 4422; x_wconf 76' lang='lat' dir='ltr'><strong>h‘</strong></span> 
     </span>
    </p>
   </div>
   <div class='ocr_carea' id='block_1_40' title="bbox 1948 4356 3717 4436">
    <p class='ocr_par' dir='ltr' id='par_1_40' title="bbox 2048 4360 3717 4436">
     <span class='ocr_line' id='line_1_40' title="bbox 2048 4360 3717 4436; baseline -0.004 -14"><span class='ocrx_word' id='word_1_323' title='bbox 2048 4366 2343 4436; x_wconf 90' lang='lat' dir='ltr'><strong>humana,</strong></span> <span class='ocrx_word' id='word_1_324' title='bbox 2363 4364 2467 4420; x_wconf 90' lang='lat' dir='ltr'><strong>sed</strong></span> <span class='ocrx_word' id='word_1_325' title='bbox 2495 4363 2770 4436; x_wconf 86' lang='lat' dir='ltr'><strong>pulicosa</strong></span> <span class='ocrx_word' id='word_1_326' title='bbox 2796 4379 3081 4420; x_wconf 89' lang='lat' dir='ltr'><strong>mensura</strong></span> <span class='ocrx_word' id='word_1_327' title='bbox 3098 4379 3167 4418; x_wconf 90' lang='lat' dir='ltr'><strong>ac</strong></span> <span class='ocrx_word' id='word_1_328' title='bbox 3184 4360 3574 4435; x_wconf 91' lang='lat' dir='ltr'><strong>proportione</strong></span> <span class='ocrx_word' id='word_1_329' title='bbox 3591 4376 3717 4416; x_wconf 90' lang='lat' dir='ltr'><strong>me-</strong></span> 
     </span>
    </p>
   </div>
   <div class='ocr_carea' id='block_1_41' title="bbox 329 4448 2098 4527">
    <p class='ocr_par' dir='ltr' id='par_1_41' title="bbox 329 4448 2094 4527">
     <span class='ocr_line' id='line_1_41' title="bbox 329 4448 2094 4527; baseline 0.007 -30"><span class='ocrx_word' id='word_1_330' title='bbox 329 4448 577 4522; x_wconf 80' lang='grc' dir='ltr'>οῐντικρυς</span> <span class='ocrx_word' id='word_1_331' title='bbox 597 4450 664 4500; x_wconf 79' lang='grc' dir='ltr'><strong>τὰ</strong></span> <span class='ocrx_word' id='word_1_332' title='bbox 682 4448 980 4522; x_wconf 69' lang='grc' dir='ltr'>ὑπόψαμμα</span> <span class='ocrx_word' id='word_1_333' title='bbox 1006 4457 1160 4503; x_wconf 90' lang='grc' dir='ltr'>ταυτὶ</span> <span class='ocrx_word' id='word_1_334' title='bbox 1189 4456 1279 4504; x_wconf 84' lang='grc' dir='ltr'>καὶ</span> <span class='ocrx_word' id='word_1_335' title='bbox 1298 4451 1562 4527; x_wconf 81' lang='grc' dir='ltr'>λυπρόγεα</span> <span class='ocrx_word' id='word_1_336' title='bbox 1582 4455 1728 4526; x_wconf 81' lang='grc' dir='ltr'>ἡμῶν</span> <span class='ocrx_word' id='word_1_337' title='bbox 1749 4451 1861 4526; x_wconf 75' lang='grc' dir='ltr'><strong>γὴδ</strong></span> <span class='ocrx_word' id='word_1_338' title='bbox 1865 4476 1938 4523; x_wconf 85' lang='grc' dir='ltr'>ια,</span> <span class='ocrx_word' id='word_1_339' title='bbox 2051 4454 2094 4511; x_wconf 85' lang='lat' dir='ltr'><strong>ti</strong></span> 
     </span>
    </p>
   </div>
   <div class='ocr_carea' id='block_1_42' title="bbox 1952 4448 3721 4527">
    <p class='ocr_par' dir='ltr' id='par_1_42' title="bbox 2051 4449 3721 4525">
     <span class='ocr_line' id='line_1_42' title="bbox 2051 4449 3721 4525; baseline -0.004 -14"><span class='ocrx_word' id='word_1_340' title='bbox 2051 4454 2318 4522; x_wconf 88' lang='lat' dir='ltr'><strong>tiuntur;</strong></span> <span class='ocrx_word' id='word_1_341' title='bbox 2353 4455 2476 4510; x_wconf 94' lang='lat' dir='ltr'><strong>imo</strong></span> <span class='ocrx_word' id='word_1_342' title='bbox 2513 4457 2578 4509; x_wconf 89' lang='lat' dir='ltr'><strong>ut</strong></span> <span class='ocrx_word' id='word_1_343' title='bbox 2619 4452 2872 4525; x_wconf 91' lang='lat' dir='ltr'><strong>capillos</strong></span> <span class='ocrx_word' id='word_1_344' title='bbox 2918 4451 3186 4525; x_wconf 89' lang='lat' dir='ltr'><strong>capitum</strong></span> <span class='ocrx_word' id='word_1_345' title='bbox 3225 4455 3594 4516; x_wconf 89' lang='lat' dir='ltr'><strong>nostrorum,</strong></span> <span class='ocrx_word' id='word_1_346' title='bbox 3640 4449 3721 4504; x_wconf 88' lang='lat' dir='ltr'><strong>ita</strong></span> 
     </span>
    </p>
   </div>
   <div class='ocr_carea' id='block_1_43' title="bbox 329 4533 2098 4618">
    <p class='ocr_par' dir='ltr' id='par_1_43' title="bbox 329 4533 2098 4618">
     <span class='ocr_line' id='line_1_43' title="bbox 329 4533 2098 4618; baseline 0.007 -31"><span class='ocrx_word' id='word_1_347' title='bbox 329 4542 421 4588; x_wconf 87' lang='grc' dir='ltr'>καὶ</span> <span class='ocrx_word' id='word_1_348' title='bbox 463 4533 662 4608; x_wconf 80' lang='grc' dir='ltr'>σχεδόν</span> <span class='ocrx_word' id='word_1_349' title='bbox 711 4543 802 4590; x_wconf 76' lang='grc' dir='ltr'>καὶ</span> <span class='ocrx_word' id='word_1_350' title='bbox 840 4541 934 4600; x_wconf 80' lang='grc' dir='ltr'>τὰς</span> <span class='ocrx_word' id='word_1_351' title='bbox 972 4545 1165 4614; x_wconf 81' lang='grc' dir='ltr'>τρίχας</span> <span class='ocrx_word' id='word_1_352' title='bbox 1204 4541 1366 4605; x_wconf 69' lang='grc' dir='ltr'>αὐτὰς</span> <span class='ocrx_word' id='word_1_353' title='bbox 1395 4551 1495 4595; x_wconf 83' lang='grc' dir='ltr'>τῶν</span> <span class='ocrx_word' id='word_1_354' title='bbox 1524 4543 1754 4617; x_wconf 72' lang='grc' dir='ltr'>κεφαλῶν</span> <span class='ocrx_word' id='word_1_355' title='bbox 1794 4546 1941 4618; x_wconf 76' lang='grc' dir='ltr'>ἡμῶν</span> <span class='ocrx_word' id='word_1_356' title='bbox 2049 4543 2098 4601; x_wconf 82' lang='lat' dir='ltr'><strong>vi</strong></span> 
     </span>
    </p>
   </div>
   <div class='ocr_carea' id='block_1_44' title="bbox 1946 4533 3715 4618">
    <p class='ocr_par' dir='ltr' id='par_1_44' title="bbox 2049 4539 3715 4614">
     <span class='ocr_line' id='line_1_44' title="bbox 2049 4539 3715 4614; baseline -0.005 -13"><span class='ocrx_word' id='word_1_357' title='bbox 2049 4543 2186 4601; x_wconf 91' lang='lat' dir='ltr'><strong>vitis</strong></span> <span class='ocrx_word' id='word_1_358' title='bbox 2222 4543 2364 4601; x_wconf 89' lang='lat' dir='ltr'><strong>folia</strong></span> <span class='ocrx_word' id='word_1_359' title='bbox 2408 4546 2752 4600; x_wconf 90' lang='lat' dir='ltr'><strong>numerant.</strong></span> <span class='ocrx_word' id='word_1_360' title='bbox 2782 4542 2947 4598; x_wconf 83' lang='lat' dir='ltr'><strong>Adde</strong></span> <span class='ocrx_word' id='word_1_361' title='bbox 2996 4540 3162 4614; x_wconf 90' lang='lat' dir='ltr'><strong>quod</strong></span> <span class='ocrx_word' id='word_1_362' title='bbox 3208 4547 3436 4596; x_wconf 85' lang='lat' dir='ltr'><strong>catera</strong></span> <span class='ocrx_word' id='word_1_363' title='bbox 3468 4539 3715 4611; x_wconf 91' lang='lat' dir='ltr'><strong>insuper</strong></span> 
     </span>
    </p>
   </div>
   <div class='ocr_carea' id='block_1_45' title="bbox 329 4623 2098 4707">
    <p class='ocr_par' dir='ltr' id='par_1_45' title="bbox 329 4623 2098 4707">
     <span class='ocr_line' id='line_1_45' title="bbox 329 4623 2098 4707; baseline 0.008 -30"><span class='ocrx_word' id='word_1_364' title='bbox 329 4623 808 4701; x_wconf 74' lang='grc' dir='ltr'>διαριθμουμένων,</span> <span class='ocrx_word' id='word_1_365' title='bbox 862 4633 1010 4700; x_wconf 82' lang='grc' dir='ltr'>πόσῳ</span> <span class='ocrx_word' id='word_1_366' title='bbox 1047 4650 1108 4702; x_wconf 83' lang='grc' dir='ltr'><strong>γε</strong></span> <span class='ocrx_word' id='word_1_367' title='bbox 1148 4630 1340 4704; x_wconf 75' lang='grc' dir='ltr'>μᾶλλον</span> <span class='ocrx_word' id='word_1_368' title='bbox 1391 4629 1621 4705; x_wconf 77' lang='grc' dir='ltr'>ἄμπελον</span> <span class='ocrx_word' id='word_1_369' title='bbox 1679 4633 1864 4707; x_wconf 79' lang='grc' dir='ltr'>φύλλον</span> <span class='ocrx_word' id='word_1_370' title='bbox 1907 4637 1937 4694; x_wconf 68' lang='grc' dir='ltr'><em>ἢ</em></span> <span class='ocrx_word' id='word_1_371' title='bbox 2053 4651 2098 4692; x_wconf 84' lang='lat' dir='ltr'><strong>e:</strong></span> 
     </span>
    </p>
   </div>
   <div class='ocr_carea' id='block_1_46' title="bbox 1950 4623 3719 4707">
    <p class='ocr_par' dir='ltr' id='par_1_46' title="bbox 2053 4628 3719 4699">
     <span class='ocr_line' id='line_1_46' title="bbox 2053 4628 3719 4699; baseline -0.007 -7"><span class='ocrx_word' id='word_1_372' title='bbox 2053 4635 2394 4692; x_wconf 83' lang='lat' dir='ltr'><strong>exactiones</strong></span> <span class='ocrx_word' id='word_1_373' title='bbox 2436 4635 2587 4690; x_wconf 87' lang='lat' dir='ltr'><strong>ﬁsco</strong></span> <span class='ocrx_word' id='word_1_374' title='bbox 2626 4631 2938 4689; x_wconf 88' lang='lat' dir='ltr'><strong>destinata</strong></span> <span class='ocrx_word' id='word_1_375' title='bbox 2986 4631 3047 4687; x_wconf 94' lang='lat' dir='ltr'><strong>in</strong></span> <span class='ocrx_word' id='word_1_376' title='bbox 3099 4632 3328 4688; x_wconf 88' lang='lat' dir='ltr'><strong>cateris</strong></span> <span class='ocrx_word' id='word_1_377' title='bbox 3366 4628 3719 4699; x_wconf 90' lang='lat' dir='ltr'><strong>regionibus</strong></span> 
     </span>
    </p>
   </div>
   <div class='ocr_carea' id='block_1_47' title="bbox 329 4716 2098 4804">
    <p class='ocr_par' dir='ltr' id='par_1_47' title="bbox 329 4716 2098 4804">
     <span class='ocr_line' id='line_1_47' title="bbox 329 4716 2098 4804; baseline 0.007 -36"><span class='ocrx_word' id='word_1_378' title='bbox 329 4716 493 4788; x_wconf 70' lang='grc' dir='ltr'>φυτοῦ</span> <span class='ocrx_word' id='word_1_379' title='bbox 532 4737 693 4779; x_wconf 89' lang='grc' dir='ltr'>τινος.</span> <span class='ocrx_word' id='word_1_380' title='bbox 731 4717 886 4771; x_wconf 84' lang='grc' dir='ltr'>Ἀλλὰ</span> <span class='ocrx_word' id='word_1_381' title='bbox 915 4723 1005 4772; x_wconf 80' lang='grc' dir='ltr'>καὶ</span> <span class='ocrx_word' id='word_1_382' title='bbox 1032 4722 1086 4772; x_wconf 84' lang='grc' dir='ltr'>αἱ</span> <span class='ocrx_word' id='word_1_383' title='bbox 1122 4723 1452 4782; x_wconf 79' lang='grc' dir='ltr'>καθεκοίστην</span> <span class='ocrx_word' id='word_1_384' title='bbox 1481 4723 1660 4777; x_wconf 79' lang='grc' dir='ltr'>λοιπαὶ</span> <span class='ocrx_word' id='word_1_385' title='bbox 1687 4729 1943 4797; x_wconf 86' lang='grc' dir='ltr'>κοσμικαὶ</span> <span class='ocrx_word' id='word_1_386' title='bbox 1974 4748 2013 4804; x_wconf 79' lang='lat' dir='ltr'>C</span> <span class='ocrx_word' id='word_1_387' title='bbox 2052 4742 2098 4782; x_wconf 73' lang='lat' dir='ltr'><strong>c1</strong></span> 
     </span>
    </p>
   </div>
   <div class='ocr_carea' id='block_1_48' title="bbox 1953 4716 3722 4804">
    <p class='ocr_par' dir='ltr' id='par_1_48' title="bbox 1974 4717 3722 4804">
     <span class='ocr_line' id='line_1_48' title="bbox 1974 4717 3722 4804; baseline -0.005 -22"><span class='ocrx_word' id='word_1_388' title='bbox 1974 4748 2013 4804; x_wconf 72' lang='grc' dir='ltr'><strong><em>ε</em></strong></span> <span class='ocrx_word' id='word_1_389' title='bbox 2052 4723 2373 4782; x_wconf 90' lang='lat' dir='ltr'><strong>commode</strong></span> <span class='ocrx_word' id='word_1_390' title='bbox 2412 4739 2484 4779; x_wconf 91' lang='lat' dir='ltr'><strong>ac</strong></span> <span class='ocrx_word' id='word_1_391' title='bbox 2520 4723 2648 4778; x_wconf 90' lang='lat' dir='ltr'><strong>sine</strong></span> <span class='ocrx_word' id='word_1_392' title='bbox 2678 4721 3100 4778; x_wconf 89' lang='lat' dir='ltr'><strong>vexationibus</strong></span> <span class='ocrx_word' id='word_1_393' title='bbox 3141 4720 3509 4787; x_wconf 88' lang='lat' dir='ltr'><strong>efﬁciuntur,</strong></span> <span class='ocrx_word' id='word_1_394' title='bbox 3540 4717 3722 4790; x_wconf 85' lang='lat' dir='ltr'><strong>siqui-</strong></span> 
     </span>
    </p>
   </div>
   <div class='ocr_carea' id='block_1_49' title="bbox 329 4805 2098 4887">
    <p class='ocr_par' dir='ltr' id='par_1_49' title="bbox 329 4805 2098 4887">
     <span class='ocr_line' id='line_1_49' title="bbox 329 4805 2098 4887; baseline 0.007 -30"><span class='ocrx_word' id='word_1_395' title='bbox 329 4805 568 4880; x_wconf 72' lang='grc' dir='ltr'>ἑπήρειαι</span> <span class='ocrx_word' id='word_1_396' title='bbox 598 4806 646 4858; x_wconf 77' lang='grc' dir='ltr'>ἐν</span> <span class='ocrx_word' id='word_1_397' title='bbox 676 4811 766 4880; x_wconf 73' lang='grc' dir='ltr'>μὲν</span> <span class='ocrx_word' id='word_1_398' title='bbox 796 4816 905 4869; x_wconf 84' lang='grc' dir='ltr'>ταῖς</span> <span class='ocrx_word' id='word_1_399' title='bbox 933 4809 1138 4871; x_wconf 80' lang='grc' dir='ltr'>λοιπαῖς</span> <span class='ocrx_word' id='word_1_400' title='bbox 1175 4817 1384 4885; x_wconf 83' lang='grc' dir='ltr'>χώραις</span> <span class='ocrx_word' id='word_1_401' title='bbox 1412 4814 1442 4872; x_wconf 76' lang='grc' dir='ltr'><strong><em>ἦ</em></strong></span> <span class='ocrx_word' id='word_1_402' title='bbox 1485 4811 1611 4867; x_wconf 72' lang='grc' dir='ltr'>οὐδε</span> <span class='ocrx_word' id='word_1_403' title='bbox 1641 4818 1734 4872; x_wconf 77' lang='grc' dir='ltr'>τὴν</span> <span class='ocrx_word' id='word_1_404' title='bbox 1766 4812 1941 4887; x_wconf 80' lang='grc' dir='ltr'>ἀρχὴν</span> <span class='ocrx_word' id='word_1_405' title='bbox 2051 4814 2098 4870; x_wconf 51' lang='lat' dir='ltr'><strong>di</strong></span> 
     </span>
    </p>
   </div>
   <div class='ocr_carea' id='block_1_50' title="bbox 1950 4805 3719 4887">
    <p class='ocr_par' dir='ltr' id='par_1_50' title="bbox 2051 4805 3719 4886">
     <span class='ocr_line' id='line_1_50' title="bbox 2051 4805 3719 4886; baseline -0.005 -16"><span class='ocrx_word' id='word_1_406' title='bbox 2051 4814 2192 4870; x_wconf 90' lang='lat' dir='ltr'><strong>dem</strong></span> <span class='ocrx_word' id='word_1_407' title='bbox 2221 4816 2508 4886; x_wconf 81' lang='lat' dir='ltr'><strong>pratores</strong></span> <span class='ocrx_word' id='word_1_408' title='bbox 2539 4809 2870 4883; x_wconf 87' lang='lat' dir='ltr'><strong>sapissime</strong></span> <span class='ocrx_word' id='word_1_409' title='bbox 2899 4809 3101 4866; x_wconf 88' lang='lat' dir='ltr'><strong>debita</strong></span> <span class='ocrx_word' id='word_1_410' title='bbox 3130 4807 3505 4874; x_wconf 89' lang='lat' dir='ltr'><strong>condonant,</strong></span> <span class='ocrx_word' id='word_1_411' title='bbox 3547 4805 3719 4862; x_wconf 89' lang='lat' dir='ltr'><strong>aliter</strong></span> 
     </span>
    </p>
   </div>
   <div class='ocr_carea' id='block_1_51' title="bbox 328 4894 2097 4978">
    <p class='ocr_par' dir='ltr' id='par_1_51' title="bbox 328 4894 2097 4978">
     <span class='ocr_line' id='line_1_51' title="bbox 328 4894 2097 4978; baseline 0.005 -31"><span class='ocrx_word' id='word_1_412' title='bbox 328 4894 676 4970; x_wconf 72' lang='grc' dir='ltr'>ἑνεργοῡντοιι,</span> <span class='ocrx_word' id='word_1_413' title='bbox 706 4899 735 4956; x_wconf 81' lang='grc' dir='ltr'><strong>ἣ</strong></span> <span class='ocrx_word' id='word_1_414' title='bbox 761 4901 905 4972; x_wconf 84' lang='grc' dir='ltr'>παρὰ</span> <span class='ocrx_word' id='word_1_415' title='bbox 933 4909 1032 4951; x_wconf 85' lang='grc' dir='ltr'>τῶν</span> <span class='ocrx_word' id='word_1_416' title='bbox 1054 4906 1362 4977; x_wconf 83' lang='grc' dir='ltr'>πραιτώρων</span> <span class='ocrx_word' id='word_1_417' title='bbox 1391 4903 1751 4976; x_wconf 74' lang='grc' dir='ltr'>κουφίζονται,</span> <span class='ocrx_word' id='word_1_418' title='bbox 1781 4923 1943 4978; x_wconf 88' lang='grc' dir='ltr'>χαρι-</span> <span class='ocrx_word' id='word_1_419' title='bbox 2052 4919 2097 4959; x_wconf 67' lang='grc' dir='ltr'><strong>ὃς</strong></span> 
     </span>
    </p>
   </div>
   <div class='ocr_carea' id='block_1_52' title="bbox 1950 4894 3719 4978">
    <p class='ocr_par' dir='ltr' id='par_1_52' title="bbox 2052 4897 3719 4975">
     <span class='ocr_line' id='line_1_52' title="bbox 2052 4897 3719 4975; baseline -0.005 -16"><span class='ocrx_word' id='word_1_420' title='bbox 2052 4919 2122 4959; x_wconf 93' lang='lat' dir='ltr'><strong>ac</strong></span> <span class='ocrx_word' id='word_1_421' title='bbox 2153 4903 2314 4975; x_wconf 92' lang='lat' dir='ltr'><strong>apud</strong></span> <span class='ocrx_word' id='word_1_422' title='bbox 2357 4918 2468 4957; x_wconf 92' lang='lat' dir='ltr'><strong>nos</strong></span> <span class='ocrx_word' id='word_1_423' title='bbox 2498 4901 2624 4974; x_wconf 89' lang='lat' dir='ltr'><strong>qui,</strong></span> <span class='ocrx_word' id='word_1_424' title='bbox 2660 4903 2718 4956; x_wconf 92' lang='lat' dir='ltr'><strong>et</strong></span> <span class='ocrx_word' id='word_1_425' title='bbox 2741 4899 2981 4955; x_wconf 90' lang='lat' dir='ltr'><strong>ultimos</strong></span> <span class='ocrx_word' id='word_1_426' title='bbox 3006 4899 3256 4972; x_wconf 88' lang='lat' dir='ltr'><strong>quidem</strong></span> <span class='ocrx_word' id='word_1_427' title='bbox 3296 4898 3534 4955; x_wconf 88' lang='lat' dir='ltr'><strong>Gracia</strong></span> <span class='ocrx_word' id='word_1_428' title='bbox 3565 4897 3719 4952; x_wconf 88' lang='lat' dir='ltr'><strong>ﬁnes</strong></span> 
     </span>
    </p>
   </div>
   <div class='ocr_carea' id='block_1_53' title="bbox 330 4986 2099 5066">
    <p class='ocr_par' dir='ltr' id='par_1_53' title="bbox 330 4986 2099 5066">
     <span class='ocr_line' id='line_1_53' title="bbox 330 4986 2099 5066; baseline 0.005 -29"><span class='ocrx_word' id='word_1_429' title='bbox 330 4986 559 5057; x_wconf 78' lang='grc' dir='ltr'>ζομίνων</span> <span class='ocrx_word' id='word_1_430' title='bbox 582 4986 768 5048; x_wconf 73' lang='grc' dir='ltr'>αὑταῖς</span> <span class='ocrx_word' id='word_1_431' title='bbox 787 4990 852 5039; x_wconf 79' lang='grc' dir='ltr'>τὰ</span> <span class='ocrx_word' id='word_1_432' title='bbox 881 4997 1119 5056; x_wconf 76' lang='grc' dir='ltr'>τοιαῦτα,</span> <span class='ocrx_word' id='word_1_433' title='bbox 1144 4990 1232 5044; x_wconf 81' lang='grc' dir='ltr'>ἅτε</span> <span class='ocrx_word' id='word_1_434' title='bbox 1249 4996 1339 5044; x_wconf 81' lang='grc' dir='ltr'>καὶ</span> <span class='ocrx_word' id='word_1_435' title='bbox 1361 4994 1456 5054; x_wconf 84' lang='grc' dir='ltr'><strong>τὰς</strong></span> <span class='ocrx_word' id='word_1_436' title='bbox 1483 4991 1939 5066; x_wconf 76' lang='grc' dir='ltr'>ἓπηρείαςταυτὰς</span> <span class='ocrx_word' id='word_1_437' title='bbox 2049 4995 2099 5050; x_wconf 87' lang='lat' dir='ltr'><strong>in</strong></span> 
     </span>
    </p>
   </div>
   <div class='ocr_carea' id='block_1_54' title="bbox 1699 4986 3468 5066">
    <p class='ocr_par' dir='ltr' id='par_1_54' title="bbox 1699 4987 3468 5061">
     <span class='ocr_line' id='line_1_54' title="bbox 1699 4987 3468 5061; baseline -0.002 -18"><span class='ocrx_word' id='word_1_438' title='bbox 1699 4996 1939 5055; x_wconf 77' lang='grc' dir='ltr'>ςςταυτὰς</span> <span class='ocrx_word' id='word_1_439' title='bbox 2049 4991 2398 5060; x_wconf 89' lang='lat' dir='ltr'><strong>incolentes,</strong></span> <span class='ocrx_word' id='word_1_440' title='bbox 2431 4989 2758 5046; x_wconf 90' lang='lat' dir='ltr'><strong>durissima</strong></span> <span class='ocrx_word' id='word_1_441' title='bbox 2787 5004 3043 5061; x_wconf 85' lang='lat' dir='ltr'><strong>quaque</strong></span> <span class='ocrx_word' id='word_1_442' title='bbox 3072 4987 3468 5061; x_wconf 91' lang='lat' dir='ltr'><strong>perpetimur.</strong></span> 
     </span>
    </p>
   </div>
   <div class='ocr_carea' id='block_1_55' title="bbox 329 5074 3725 5156">
    <p class='ocr_par' dir='ltr' id='par_1_55' title="bbox 329 5074 3725 5156">
     <span class='ocr_line' id='line_1_55' title="bbox 329 5074 3725 5156; baseline 0.001 -30"><span class='ocrx_word' id='word_1_443' title='bbox 329 5074 669 5150; x_wconf 67' lang='grc' dir='ltr'>ἐνεργούντων</span> <span class='ocrx_word' id='word_1_444' title='bbox 701 5077 868 5129; x_wconf 76' lang='grc' dir='ltr'>αὐτῶν</span> <span class='ocrx_word' id='word_1_445' title='bbox 908 5081 948 5129; x_wconf 83' lang='grc' dir='ltr'>ὡ</span> <span class='ocrx_word' id='word_1_446' title='bbox 978 5081 1044 5131; x_wconf 82' lang='grc' dir='ltr'><strong>τὰ</strong></span> <span class='ocrx_word' id='word_1_447' title='bbox 1065 5079 1248 5150; x_wconf 78' lang='grc' dir='ltr'>πολλὰ,</span> <span class='ocrx_word' id='word_1_448' title='bbox 1290 5082 1319 5140; x_wconf 78' lang='grc' dir='ltr'><strong>ἣ</strong></span> <span class='ocrx_word' id='word_1_449' title='bbox 1353 5101 1736 5156; x_wconf 80' lang='grc' dir='ltr'>συνεργουντων</span> <span class='ocrx_word' id='word_1_450' title='bbox 1775 5085 1980 5144; x_wconf 78' lang='grc' dir='ltr'>πάντως</span> <span class='ocrx_word' id='word_1_451' title='bbox 2009 5089 2119 5144; x_wconf 85' lang='grc' dir='ltr'>τοῖς</span> <span class='ocrx_word' id='word_1_452' title='bbox 2150 5081 2447 5154; x_wconf 78' lang='grc' dir='ltr'>ἐνεργοῦσιν</span> <span class='ocrx_word' id='word_1_453' title='bbox 2481 5096 2493 5109; x_wconf 84' lang='lat'><strong><em>°</em></strong></span> <span class='ocrx_word' id='word_1_454' title='bbox 2535 5079 2583 5132; x_wconf 74' lang='grc' dir='ltr'>ἐν</span> <span class='ocrx_word' id='word_1_455' title='bbox 2614 5081 2740 5152; x_wconf 79' lang='grc' dir='ltr'>ἡμῖν</span> <span class='ocrx_word' id='word_1_456' title='bbox 2773 5075 2831 5131; x_wconf 67' lang='grc' dir='ltr'><strong>δὲ</strong></span> <span class='ocrx_word' id='word_1_457' title='bbox 2859 5085 3028 5131; x_wconf 84' lang='grc' dir='ltr'>πᾶσαι</span> <span class='ocrx_word' id='word_1_458' title='bbox 3055 5077 3401 5151; x_wconf 76' lang='grc' dir='ltr'>ἐνεργοῦνται,</span> <span class='ocrx_word' id='word_1_459' title='bbox 3430 5082 3520 5131; x_wconf 83' lang='grc' dir='ltr'>καὶ</span> <span class='ocrx_word' id='word_1_460' title='bbox 3546 5076 3725 5130; x_wconf 78' lang='grc' dir='ltr'>ἐπιϐα-</span> 
     </span>
    </p>
   </div>
   <div class='ocr_carea' id='block_1_56' title="bbox 326 5167 2895 5246">
    <p class='ocr_par' dir='ltr' id='par_1_56' title="bbox 326 5167 2895 5246">
     <span class='ocr_line' id='line_1_56' title="bbox 326 5167 2895 5246; baseline 0.003 -29"><span class='ocrx_word' id='word_1_461' title='bbox 326 5174 437 5238; x_wconf 80' lang='grc' dir='ltr'>ρὼς</span> <span class='ocrx_word' id='word_1_462' title='bbox 467 5167 672 5219; x_wconf 73' lang='grc' dir='ltr'>ἅπασαι</span> <span class='ocrx_word' id='word_1_463' title='bbox 702 5172 791 5220; x_wconf 79' lang='grc' dir='ltr'>καὶ</span> <span class='ocrx_word' id='word_1_464' title='bbox 821 5176 920 5220; x_wconf 83' lang='grc' dir='ltr'>τῶν</span> <span class='ocrx_word' id='word_1_465' title='bbox 951 5169 1115 5222; x_wconf 83' lang='grc' dir='ltr'>ἀλλων</span> <span class='ocrx_word' id='word_1_466' title='bbox 1147 5176 1444 5246; x_wconf 82' lang='grc' dir='ltr'>πρώτιστα,</span> <span class='ocrx_word' id='word_1_467' title='bbox 1475 5178 1566 5226; x_wconf 77' lang='grc' dir='ltr'>καὶ</span> <span class='ocrx_word' id='word_1_468' title='bbox 1607 5181 1775 5226; x_wconf 80' lang='grc' dir='ltr'>ταῦτα</span> <span class='ocrx_word' id='word_1_469' title='bbox 1799 5173 1848 5225; x_wconf 74' lang='grc' dir='ltr'>ἐν</span> <span class='ocrx_word' id='word_1_470' title='bbox 1879 5181 1942 5246; x_wconf 71' lang='grc' dir='ltr'>τῇ</span> <span class='ocrx_word' id='word_1_471' title='bbox 1975 5181 2068 5235; x_wconf 81' lang='grc' dir='ltr'>τῆς</span> <span class='ocrx_word' id='word_1_472' title='bbox 2095 5167 2345 5234; x_wconf 76' lang='grc' dir='ltr'>Ἑλλάδος</span> <span class='ocrx_word' id='word_1_473' title='bbox 2370 5174 2616 5245; x_wconf 80' lang='grc' dir='ltr'>κειμένοις</span> <span class='ocrx_word' id='word_1_474' title='bbox 2643 5169 2895 5243; x_wconf 73' lang='grc' dir='ltr'>ἐσχατιᾷ.</span> 
     </span>
    </p>
   </div>
   <div class='ocr_carea' id='block_1_57' title="bbox 406 5277 2175 5355">
    <p class='ocr_par' dir='ltr' id='par_1_57' title="bbox 406 5279 2175 5355">
     <span class='ocr_line' id='line_1_57' title="bbox 406 5279 2175 5355; baseline 0.006 -30"><span class='ocrx_word' id='word_1_475' title='bbox 406 5279 509 5326; x_wconf 79' lang='grc' dir='ltr'><strong>Καὶ</strong></span> <span class='ocrx_word' id='word_1_476' title='bbox 571 5282 828 5350; x_wconf 83' lang='grc' dir='ltr'>μαρτυρεῖ</span> <span class='ocrx_word' id='word_1_477' title='bbox 886 5280 944 5329; x_wconf 84' lang='grc' dir='ltr'>τὸ</span> <span class='ocrx_word' id='word_1_478' title='bbox 1011 5288 1289 5354; x_wconf 85' lang='grc' dir='ltr'>προσεχῶς</span> <span class='ocrx_word' id='word_1_479' title='bbox 1349 5280 1604 5355; x_wconf 83' lang='grc' dir='ltr'>παρελθὸν</span> <span class='ocrx_word' id='word_1_480' title='bbox 1671 5283 1805 5353; x_wconf 76' lang='grc' dir='ltr'>ἔθος,</span> <span class='ocrx_word' id='word_1_481' title='bbox 1868 5282 1953 5333; x_wconf 82' lang='grc' dir='ltr'>ὅτε</span> <span class='ocrx_word' id='word_1_482' title='bbox 2130 5281 2175 5335; x_wconf 88' lang='grc' dir='ltr'>Η</span> 
     </span>
    </p>
   </div>
   <div class='ocr_carea' id='block_1_58' title="bbox 1951 5277 3720 5355">
    <p class='ocr_par' dir='ltr' id='par_1_58' title="bbox 1951 5277 3720 5350">
     <span class='ocr_line' id='line_1_58' title="bbox 1951 5277 3720 5350; baseline -0.002 -14"><span class='ocrx_word' id='word_1_483' title='bbox 1951 5304 1953 5311; x_wconf 57' lang='grc' dir='ltr'><strong>λ</strong></span> <span class='ocrx_word' id='word_1_484' title='bbox 2130 5281 2254 5336; x_wconf 83' lang='grc' dir='ltr'>Ηοο</span> <span class='ocrx_word' id='word_1_485' title='bbox 2274 5279 2357 5336; x_wconf 91' lang='lat' dir='ltr'><strong>ita</strong></span> <span class='ocrx_word' id='word_1_486' title='bbox 2377 5295 2504 5336; x_wconf 90' lang='lat' dir='ltr'><strong>esse</strong></span> <span class='ocrx_word' id='word_1_487' title='bbox 2523 5293 2720 5335; x_wconf 93' lang='lat' dir='ltr'><strong>annus</strong></span> <span class='ocrx_word' id='word_1_488' title='bbox 2741 5277 3014 5350; x_wconf 84' lang='lat' dir='ltr'><strong>proxime</strong></span> <span class='ocrx_word' id='word_1_489' title='bbox 3031 5277 3273 5349; x_wconf 89' lang='lat' dir='ltr'><strong>elapsus</strong></span> <span class='ocrx_word' id='word_1_490' title='bbox 3292 5281 3560 5334; x_wconf 86' lang='lat' dir='ltr'><strong>testatur.</strong></span> <span class='ocrx_word' id='word_1_491' title='bbox 3576 5279 3720 5333; x_wconf 89' lang='lat' dir='ltr'><strong>Cum</strong></span> 
     </span>
    </p>
   </div>
   <div class='ocr_carea' id='block_1_59' title="bbox 327 5367 2096 5445">
    <p class='ocr_par' dir='ltr' id='par_1_59' title="bbox 327 5367 2091 5445">
     <span class='ocr_line' id='line_1_59' title="bbox 327 5367 2091 5445; baseline 0.007 -30"><span class='ocrx_word' id='word_1_492' title='bbox 327 5367 552 5426; x_wconf 83' lang='grc' dir='ltr'>κτίσεως</span> <span class='ocrx_word' id='word_1_493' title='bbox 611 5370 873 5439; x_wconf 81' lang='grc' dir='ltr'>κατέργων</span> <span class='ocrx_word' id='word_1_494' title='bbox 967 5370 1288 5443; x_wconf 78' lang='grc' dir='ltr'>ὁρισθείσης,</span> <span class='ocrx_word' id='word_1_495' title='bbox 1349 5372 1503 5444; x_wconf 81' lang='grc' dir='ltr'>ἡμεῖς</span> <span class='ocrx_word' id='word_1_496' title='bbox 1574 5380 1766 5445; x_wconf 85' lang='grc' dir='ltr'>πρῶτει</span> <span class='ocrx_word' id='word_1_497' title='bbox 1859 5377 1949 5425; x_wconf 86' lang='grc' dir='ltr'>καὶ</span> <span class='ocrx_word' id='word_1_498' title='bbox 2060 5387 2091 5428; x_wconf 90' lang='lat' dir='ltr'><strong>e</strong></span> 
     </span>
    </p>
   </div>
   <div class='ocr_carea' id='block_1_60' title="bbox 1955 5367 3724 5445">
    <p class='ocr_par' dir='ltr' id='par_1_60' title="bbox 2060 5367 3724 5438">
     <span class='ocr_line' id='line_1_60' title="bbox 2060 5367 3724 5438; baseline -0.002 -10"><span class='ocrx_word' id='word_1_499' title='bbox 2060 5371 2219 5428; x_wconf 90' lang='lat' dir='ltr'><strong>enim</strong></span> <span class='ocrx_word' id='word_1_500' title='bbox 2266 5369 2514 5426; x_wconf 85' lang='lat' dir='ltr'><strong>navium</strong></span> <span class='ocrx_word' id='word_1_501' title='bbox 2545 5368 2910 5425; x_wconf 91' lang='lat' dir='ltr'><strong>constructio</strong></span> <span class='ocrx_word' id='word_1_502' title='bbox 2941 5367 3276 5438; x_wconf 88' lang='lat' dir='ltr'><strong>juberetur,</strong></span> <span class='ocrx_word' id='word_1_503' title='bbox 3311 5368 3724 5438; x_wconf 89' lang='lat' dir='ltr'><strong>grandissima</strong></span> 
     </span>
    </p>
   </div>
   <div class='ocr_carea' id='block_1_61' title="bbox 327 5455 2096 5536">
    <p class='ocr_par' dir='ltr' id='par_1_61' title="bbox 327 5456 2096 5536">
     <span class='ocr_line' id='line_1_61' title="bbox 327 5456 2096 5536; baseline 0.007 -30"><span class='ocrx_word' id='word_1_504' title='bbox 327 5457 479 5526; x_wconf 83' lang='grc' dir='ltr'>μόνοι</span> <span class='ocrx_word' id='word_1_505' title='bbox 526 5464 626 5507; x_wconf 79' lang='grc' dir='ltr'>τῶν</span> <span class='ocrx_word' id='word_1_506' title='bbox 682 5456 870 5526; x_wconf 75' lang='grc' dir='ltr'>ἄλλων,</span> <span class='ocrx_word' id='word_1_507' title='bbox 909 5464 1096 5534; x_wconf 84' lang='grc' dir='ltr'>καίπερ</span> <span class='ocrx_word' id='word_1_508' title='bbox 1157 5465 1229 5533; x_wconf 79' lang='grc' dir='ltr'>μὴ</span> <span class='ocrx_word' id='word_1_509' title='bbox 1285 5463 1588 5530; x_wconf 80' lang='grc' dir='ltr'>κισθέντων,</span> <span class='ocrx_word' id='word_1_510' title='bbox 1653 5461 1952 5536; x_wconf 73' lang='grc' dir='ltr'><strong>ἐζημιώθη·</strong></span> <span class='ocrx_word' id='word_1_511' title='bbox 2059 5477 2096 5518; x_wconf 93' lang='lat' dir='ltr'><strong>n</strong></span> 
     </span>
    </p>
   </div>
   <div class='ocr_carea' id='block_1_62' title="bbox 1952 5455 3721 5536">
    <p class='ocr_par' dir='ltr' id='par_1_62' title="bbox 2059 5455 3721 5531">
     <span class='ocr_line' id='line_1_62' title="bbox 2059 5455 3721 5531; baseline -0.002 -13"><span class='ocrx_word' id='word_1_512' title='bbox 2059 5459 2238 5518; x_wconf 91' lang='lat' dir='ltr'><strong>nobis</strong></span> <span class='ocrx_word' id='word_1_513' title='bbox 2275 5458 2534 5531; x_wconf 91' lang='lat' dir='ltr'><strong>pecunia</strong></span> <span class='ocrx_word' id='word_1_514' title='bbox 2572 5473 2816 5513; x_wconf 90' lang='lat' dir='ltr'><strong>summa</strong></span> <span class='ocrx_word' id='word_1_515' title='bbox 2862 5455 3300 5529; x_wconf 87' lang='lat' dir='ltr'><strong>imperabatur,</strong></span> <span class='ocrx_word' id='word_1_516' title='bbox 3350 5473 3462 5514; x_wconf 89' lang='lat' dir='ltr'><strong>nec</strong></span> <span class='ocrx_word' id='word_1_517' title='bbox 3520 5461 3721 5514; x_wconf 90' lang='lat' dir='ltr'><strong>tamen</strong></span> 
     </span>
    </p>
   </div>
   <div class='ocr_carea' id='block_1_63' title="bbox 327 5546 2096 5627">
    <p class='ocr_par' dir='ltr' id='par_1_63' title="bbox 327 5546 2094 5627">
     <span class='ocr_line' id='line_1_63' title="bbox 327 5546 2094 5627; baseline 0.006 -31"><span class='ocrx_word' id='word_1_518' title='bbox 327 5565 420 5618; x_wconf 87' lang='grc' dir='ltr'><strong>μεν</strong></span> <span class='ocrx_word' id='word_1_519' title='bbox 457 5561 469 5573; x_wconf 87' lang='grc'><strong>·</strong></span> <span class='ocrx_word' id='word_1_520' title='bbox 512 5546 596 5598; x_wconf 78' lang='grc' dir='ltr'>ὅτε</span> <span class='ocrx_word' id='word_1_521' title='bbox 633 5554 726 5599; x_wconf 81' lang='grc' dir='ltr'>τοῦ</span> <span class='ocrx_word' id='word_1_522' title='bbox 776 5554 1007 5602; x_wconf 87' lang='grc' dir='ltr'>Πανσίου</span> <span class='ocrx_word' id='word_1_523' title='bbox 1065 5551 1331 5620; x_wconf 88' lang='grc' dir='ltr'>(Παυσίου</span> <span class='ocrx_word' id='word_1_524' title='bbox 1362 5551 1414 5623; x_wconf 89' lang='lat'><strong>?)</strong></span> <span class='ocrx_word' id='word_1_525' title='bbox 1454 5557 1743 5627; x_wconf 83' lang='grc' dir='ltr'>Στειριόνου</span> <span class='ocrx_word' id='word_1_526' title='bbox 1789 5573 1948 5606; x_wconf 82' lang='grc' dir='ltr'>κατα·</span> <span class='ocrx_word' id='word_1_527' title='bbox 2063 5569 2094 5608; x_wconf 93' lang='lat' dir='ltr'><strong>c</strong></span> 
     </span>
    </p>
   </div>
   <div class='ocr_carea' id='block_1_64' title="bbox 1954 5546 3723 5627">
    <p class='ocr_par' dir='ltr' id='par_1_64' title="bbox 2063 5547 3723 5608">
     <span class='ocr_line' id='line_1_64' title="bbox 2063 5547 3723 5608; baseline -0.002 -1"><span class='ocrx_word' id='word_1_528' title='bbox 2063 5550 2271 5608; x_wconf 90' lang='lat' dir='ltr'><strong>classis</strong></span> <span class='ocrx_word' id='word_1_529' title='bbox 2313 5547 2608 5605; x_wconf 86' lang='lat' dir='ltr'><strong>adificata</strong></span> <span class='ocrx_word' id='word_1_530' title='bbox 2636 5548 2767 5604; x_wconf 86' lang='lat' dir='ltr'><strong>fuit.</strong></span> <span class='ocrx_word' id='word_1_531' title='bbox 2812 5549 2960 5604; x_wconf 87' lang='lat' dir='ltr'><strong>Cum</strong></span> <span class='ocrx_word' id='word_1_532' title='bbox 2991 5547 3132 5604; x_wconf 90' lang='lat' dir='ltr'><strong>dein</strong></span> <span class='ocrx_word' id='word_1_533' title='bbox 3158 5548 3404 5605; x_wconf 89' lang='lat' dir='ltr'><strong>Pansias</strong></span> <span class='ocrx_word' id='word_1_534' title='bbox 3434 5549 3723 5606; x_wconf 87' lang='lat' dir='ltr'><strong>Stirionos</strong></span> 
     </span>
    </p>
   </div>
   <div class='ocr_carea' id='block_1_65' title="bbox 328 5635 2097 5722">
    <p class='ocr_par' dir='ltr' id='par_1_65' title="bbox 328 5635 2097 5722">
     <span class='ocr_line' id='line_1_65' title="bbox 328 5635 2097 5722; baseline 0.006 -34"><span class='ocrx_word' id='word_1_535' title='bbox 328 5635 694 5708; x_wconf 81' lang='grc' dir='ltr'>πεπλευκότος,</span> <span class='ocrx_word' id='word_1_536' title='bbox 770 5640 924 5712; x_wconf 83' lang='grc' dir='ltr'>μόνοι</span> <span class='ocrx_word' id='word_1_537' title='bbox 988 5641 1144 5695; x_wconf 80' lang='grc' dir='ltr'>πάλιν</span> <span class='ocrx_word' id='word_1_538' title='bbox 1238 5644 1390 5716; x_wconf 79' lang='grc' dir='ltr'>ἡμεῖς</span> <span class='ocrx_word' id='word_1_539' title='bbox 1491 5644 1619 5722; x_wconf 74' lang='grc' dir='ltr'>ὑπερ</span> <span class='ocrx_word' id='word_1_540' title='bbox 1708 5643 1951 5718; x_wconf 79' lang='grc' dir='ltr'>πλωίμων</span> <span class='ocrx_word' id='word_1_541' title='bbox 2061 5658 2097 5699; x_wconf 90' lang='lat' dir='ltr'><strong>n</strong></span> 
     </span>
    </p>
   </div>
   <div class='ocr_carea' id='block_1_66' title="bbox 1957 5635 3726 5722">
    <p class='ocr_par' dir='ltr' id='par_1_66' title="bbox 2061 5636 3726 5712">
     <span class='ocr_line' id='line_1_66' title="bbox 2061 5636 3726 5712; baseline -0.002 -13"><span class='ocrx_word' id='word_1_542' title='bbox 2061 5656 2230 5699; x_wconf 88' lang='lat' dir='ltr'><strong>mare</strong></span> <span class='ocrx_word' id='word_1_543' title='bbox 2279 5639 2799 5711; x_wconf 59' lang='lat' dir='ltr'><strong>lustraret,~nova</strong></span> <span class='ocrx_word' id='word_1_544' title='bbox 2859 5636 3039 5695; x_wconf 92' lang='lat' dir='ltr'><strong>nobis</strong></span> <span class='ocrx_word' id='word_1_545' title='bbox 3089 5637 3362 5710; x_wconf 87' lang='lat' dir='ltr'><strong>pecunia</strong></span> <span class='ocrx_word' id='word_1_546' title='bbox 3417 5638 3726 5712; x_wconf 83' lang='lat' dir='ltr'><strong>imperata</strong></span> 
     </span>
    </p>
   </div>
   <div class='ocr_carea' id='block_1_67' title="bbox 326 5725 2095 5812">
    <p class='ocr_par' dir='ltr' id='par_1_67' title="bbox 326 5725 2093 5812">
     <span class='ocr_line' id='line_1_67' title="bbox 326 5725 2093 5812; baseline 0.006 -31"><span class='ocrx_word' id='word_1_547' title='bbox 326 5725 723 5803; x_wconf 73' lang='grc' dir='ltr'>κατεϐαλὸμεοα</span> <span class='ocrx_word' id='word_1_548' title='bbox 773 5749 788 5765; x_wconf 75' lang='grc' dir='ltr'><strong>ο</strong></span> <span class='ocrx_word' id='word_1_549' title='bbox 856 5730 1015 5791; x_wconf 72' lang='grc' dir='ltr'>ἡνίκα</span> <span class='ocrx_word' id='word_1_550' title='bbox 1084 5730 1240 5788; x_wconf 76' lang='grc' dir='ltr'>πάλιν</span> <span class='ocrx_word' id='word_1_551' title='bbox 1315 5734 1446 5812; x_wconf 66' lang='grc' dir='ltr'>ὑπερ</span> <span class='ocrx_word' id='word_1_552' title='bbox 1536 5734 1785 5809; x_wconf 77' lang='grc' dir='ltr'>πλωῖμων</span> <span class='ocrx_word' id='word_1_553' title='bbox 1879 5743 1955 5809; x_wconf 80' lang='grc' dir='ltr'>τῷ</span> <span class='ocrx_word' id='word_1_554' title='bbox 2064 5750 2093 5791; x_wconf 81' lang='lat' dir='ltr'><strong>s</strong></span> 
     </span>
    </p>
   </div>
   <div class='ocr_carea' id='block_1_68' title="bbox 1957 5725 3726 5812">
    <p class='ocr_par' dir='ltr' id='par_1_68' title="bbox 2064 5727 3726 5806">
     <span class='ocr_line' id='line_1_68' title="bbox 2064 5727 3726 5806; baseline -0.001 -15"><span class='ocrx_word' id='word_1_555' title='bbox 2064 5735 2225 5796; x_wconf 85' lang='lat' dir='ltr'><strong>sunt.</strong></span> <span class='ocrx_word' id='word_1_556' title='bbox 2246 5732 2715 5806; x_wconf 84' lang='lat' dir='ltr'><strong>Sguro-quoque</strong></span> <span class='ocrx_word' id='word_1_557' title='bbox 2738 5744 2812 5789; x_wconf 87' lang='lat' dir='ltr'><strong>ac</strong></span> <span class='ocrx_word' id='word_1_558' title='bbox 2839 5727 3086 5805; x_wconf 80' lang='lat' dir='ltr'><strong>pratori</strong></span> <span class='ocrx_word' id='word_1_559' title='bbox 3114 5728 3198 5790; x_wconf 86' lang='lat' dir='ltr'><strong>ad</strong></span> <span class='ocrx_word' id='word_1_560' title='bbox 3220 5727 3396 5788; x_wconf 83' lang='lat' dir='ltr'><strong>navis</strong></span> <span class='ocrx_word' id='word_1_561' title='bbox 3424 5727 3726 5789; x_wconf 79' lang='lat' dir='ltr'><strong>adiﬁcan-</strong></span> 
     </span>
    </p>
   </div>
  </div>
