4480 6430
788 447 894 503 8?!

1663 446 2033 508 IICBAELIS
2069 443 2453 504 ΛΟΟΜΙΝΑΤΙ
2489 438 2919 499 ΔΤΗΕΝΔΗΗΙ
2952 431 3272 494 ARCBIEP.

4038 429 4144 486 380

788 569 903 626 das
921 571 1184 643 majores
1200 588 1384 645 quam
1405 572 1638 642 Thebm,
1653 588 1839 646 quam
1859 571 2131 644 Euripus,
2149 568 2439 643 pecunias
2467 569 2517 623 Λ
2546 573 2557 619 1

2374 584 2439 623 as
2467 569 2517 623 Λ
2546 565 2814 641 Σγο[υ]ρῷ
2841 567 2932 616 καὶ
2960 570 3032 633 τῷ
3069 566 3330 636 πραίτωρι
3358 561 3630 646 ποσότητα
3655 555 3958 646 δεδώκαμεν
3988 551 4143 646 imas-

788 659 1207 732 persolvimus,
1237 662 1342 735 qui
1372 680 1444 719 ex
1465 678 1680 719 norma
1701 664 1950 734 antiqua
1974 661 2054 717 ab
2081 661 2439 731 imperatore

789 747 925 820 ipso
955 751 1306 824 praascripta
1326 752 1525 808 minus
1555 752 1681 808 sine
1708 751 1894 808 dubio
1932 749 2307 806 debebamus
2329 746 2439 802 sol-

788 851 949 895 VOI'O.

867 1121 982 1179 Sed
1006 1123 1168 1180 censi
1199 1126 1486 1197 pecunias
1527 1125 1947 1198 expostulatas,
1988 1124 2315 1197 piratarum
2338 1137 2439 1176 ex-

793 1212 1089 1268 torsiones
1127 1214 1452 1285 patiamur.
1489 1215 1805 1281 Quomodo
1862 1219 2063 1272 autem
2116 1218 2441 1288 praetorum

793 1299 1140 1357 arbitrariae
1195 1305 1540 1360 vexationes
1585 1305 1756 1360 siccis
1803 1304 1989 1360 oculis
2052 1304 2379 1359 referemus
2414 1301 2442 1355 ‘?

793 1389 1033 1445 Praetori
1056 1391 1323 1462 quidem,
1343 1409 1526 1466 quem
1554 1409 1716 1450 nunc
1749 1393 2065 1456 habemus,
2093 1392 2326 1448 nullum
2343 1391 2443 1461 jus

795 1480 903 1542 est,
935 1479 1223 1550 pecunias
1248 1481 1448 1537 tributi
1485 1481 1656 1538 titulo
1694 1482 1993 1552 exigendi,
2020 1482 2246 1537 nedum
2268 1479 2444 1550 juris-

794 1564 1117 1622 dictionem
1146 1568 1207 1623 in
1248 1585 1359 1624 nos
1397 1571 1733 1639 exercendi,
1765 1571 2060 1645 siquidem
2091 1566 2442 1641 chrysobul-

793 1651 921 1709 lum
951 1654 1402 1728 imperatorium
1432 1675 1570 1714 eum
1602 1659 1679 1714 ab
1709 1647 2216 1732 Attica'prohibet.
2255 1658 2446 1714 Nihilo

2543 657 2775 713 τηθέντες
2803 671 2893 704 και
2921 653 3152 718 ἄκοντες,
3185 651 3383 706 ὁπόσην
3421 644 3546 702 οὐδε
3568 651 3629 702 τὸ
3659 649 3798 720 ὅριον
3819 641 4028 707 Θηϐῶν,
4055 643 4146 692 καὶ

2545 743 2777 817 Εὐρίπου
2807 739 3114 793 κατεϐάλετο
3137 760 3152 774 ο
3179 742 3270 790 καὶ
3296 744 3467 790 ταῦτα
3491 745 3583 790 τοῦ
3611 735 3731 788 καθ’
3755 736 3890 806 ἡμᾶς
3914 733 4058 805 ὁρίου
4091 730 4146 782 ἔκ

2545 851 2601 885 τε
2633 831 2858 884 παλαιοῦ
2881 831 3048 894 ἔθους,
3075 827 3204 880 ἀλλὰ
3233 823 3301 885 δὴ
3343 831 3432 878 καὶ
3463 825 3565 880 ἀπὸ
3594 833 3690 886 τῆς
3725 824 4000 894 γινομένης
4029 817 4148 870 καθ’

2546 923 2766 996 ὁρισμὸν
2831 919 3135 992 ἀπογραφῆς
3174 915 3618 989 πολλοστημόριον
3656 910 4032 976 ἐπιϐάλλοντος,
4080 907 4148 958 ὧν

2547 1009 2714 1063 έκεῖνα
2751 1006 3136 1061 καταϐαλέσθαι
3173 1004 3404 1079 ὤφειλον.

2623 1135 2811 1207 Ἐῶμεν
2855 1131 3119 1205 ἀναφέρειν
3163 1134 3257 1189 τὴν
3303 1137 3397 1182 τοῦ
3434 1133 3631 1186 κήνσου
3680 1125 3989 1191 ἀπαίτησιν,
4058 1123 4151 1178 τήν

2547 1222 2828 1281 λεηλασίαν
2885 1230 2982 1275 τῶν
3039 1219 3324 1274 θαλαττίων
3361 1217 3585 1291 λῃστῶν.
3619 1214 3774 1268 Ἀλλά
3801 1217 3895 1272 τὴν
3923 1229 4154 1287 πραιτω-

2548 1317 2702 1387 ρικὴν
2747 1311 2988 1386 ἐπήρειαν
3050 1314 3140 1362 καὶ
3207 1305 3518 1360 δυναστείαν
3583 1313 3691 1366 πῶς
3759 1303 3818 1355 ἃν
3889 1298 4156 1374 ἀδακρυτὶ

2550 1407 2640 1454 καὶ
2699 1397 3098 1472 διηγησαίμεθα
3150 1417 3162 1462 ;
3220 1393 3500 1469 Μηδεμιᾶς
3575 1395 3676 1468 γὰρ
3744 1395 3903 1451 οὔσης
3968 1389 4156 1460 ἓνοχῆς

2551 1491 2680 1563 ὑπὲρ
2712 1497 2802 1542 τοῦ
2849 1491 2993 1563 ὁρίου
3033 1489 3178 1560 ἡμῶν
3225 1495 3296 1557 τῷ
3339 1487 3475 1537 κατά
3512 1485 3727 1556 καιροὺς
3769 1484 4051 1552 πραίτωρι,
4084 1475 4155 1563 ὀύ

2552 1561 2913 1654 πραιτωρικῆτς
2970 1575 3242 1651 ἐνεργείας,
3325 1572 3383 1625 ού
3459 1577 3819 1647 πραιτωρικῆς
3887 1561 4158 1619 δικαιοδο-

2557 1673 2694 1737 σίας,
2747 1667 2929 1720 καθότι
2980 1665 3341 1740 προσκυνητὸν
3393 1657 3785 1735 χρυσόϐουλλον
3839 1661 3929 1709 καὶ
3995 1654 4159 1740 αὐτην

796 1743 1161 1801 seciusidem
1176 1762 1424 1802 censum
1441 1753 1978 1820 supererogaturus
2003 1765 2139 1804 cum
2163 1748 2447 1804 omnibus
2556 1779 2565 1808 ι

2391 1765 2447 1804 JS
2556 1756 2800 1829 ἀπεῖγρον
2865 1759 2958 1813 τὴν
3017 1738 3089 1816 εἰς
3153 1754 3378 1813 Ἀθήνας
3431 1750 3571 1820 αύτῷ
3609 1743 3843 1822 πάροδον
3894 1776 3962 1785 -
4019 1745 4045 1795 ὁ
4101 1738 4160 1794 δε

797 1832 924 1887 suis
947 1834 1128 1902 venit,
1160 1835 1534 1892 nebulonum
1557 1837 1733 1893 turba
1753 1854 1823 1894 ac
1842 1838 2157 1894 hominum
2179 1853 2449 1910 nequam
2559 1869 2566 1897 ι

2390 1854 2449 1895 ω
2559 1852 2850 1904 σκήπτεται
2928 1847 3018 1917 μὲν
3071 1846 3164 1901 τὴν
3225 1843 3370 1894 ἕνεκά
3439 1859 3499 1912 γε
3563 1841 3964 1913 προσκυνήσεως
4029 1832 4159 1885 εἰσέ-

796 1922 1066 1995 stipatus,
1091 1925 1196 1995 qui
1225 1930 1400 1997 rapto
1424 1926 1630 1982 vivunt
1650 1927 1826 2000 quasi
1850 1928 2053 1983 hostes
2077 1933 2293 1983 terram
2315 1927 2448 1983 bar-
2478 1956 2518 2010 Β
2557 1935 2565 1987 1

2394 1943 2448 1982 1⁵-
2478 1956 2518 2010 Β
2557 1935 2729 1988 λευσιν
2773 1929 2921 1986 αἰδοῖ
2971 1935 3120 2004 τάχα
3159 1939 3256 1984 τῶν
3295 1927 3721 2004 χρυσοϐούλλων,
3772 1924 4053 1999 ἐπέρχεται
4105 1918 4163 1973 δι

793 2011 1010 2069 haram
1038 2013 1419 2072 invasissent.
1450 2016 1623 2075 Aliud
1651 2023 1960 2090 raptorum
1987 2034 2198 2088 genus,
2221 2017 2448 2091 subpu-

793 2101 1176 2160 blicanorum
1191 2104 1461 2177 inquam,
1484 2105 1845 2179 quingentos
1868 2107 2088 2179 singuli
2109 2107 2450 2165 medimnos

794 2190 1060 2263 quotidie
1093 2193 1368 2265 exigunt;
1398 2195 1540 2251 item
1571 2201 1980 2252 armentorum
2005 2213 2075 2253 ac
2116 2196 2450 2253 volatilium

795 2293 1027 2351 greges,
1041 2281 1296 2353 piscium
1317 2289 1610 2356 quantum
1628 2301 1793 2342 mare
1814 2286 1938 2354 dat,
1960 2286 2083 2342 vini
2107 2286 2243 2359 plus
2263 2302 2452 2360 quam

794 2369 986 2425 vineas
1003 2376 1220 2428 nostra:
1237 2374 1599 2446 producunt,
1614 2391 1737 2431 non
1759 2376 1885 2431 sine
1905 2376 2083 2432 minis
2100 2376 2450 2447 efﬂagitant.

796 2461 932 2516 Hec
977 2459 1261 2519 facientes
1302 2465 1665 2534 mercedem,
1710 2470 2002 2539 tanquam
2039 2465 2454 2526 benefactores

801 2551 991 2607 nostri
1037 2559 1257 2617 essent,
1300 2570 1559 2628 eamque
1603 2557 1747 2613 satis
1797 2557 2111 2626 grandem,
2155 2557 2279 2613 imo
2326 2556 2456 2612 auri

797 2639 1042 2711 pondus
1070 2642 1379 2714 postulant
1415 2645 1582 2717 quod
1612 2645 1886 2718 ipsorum
1917 2646 2178 2703 avarities
2209 2662 2320 2719 par
2359 2647 2453 2701 sit.

799 2731 885 2785 En
907 2735 1225 2803 praetorem
1242 2735 1441 2806 ipsum
1467 2735 1594 2808 qui,
1610 2741 1937 2809 antequam
1960 2737 2276 2809 Dciparam
2297 2736 2456 2793 saluo

2558 2029 2892 2098 πανστρατιᾷ
2941 2026 3072 2096 μετὰ
3111 2031 3212 2072 τῶν
3271 2021 3482 2089 ἑαυτοῦ,
3536 2021 3625 2071 καὶ
3687 2019 3812 2078 Ἰὀὺς
3873 2013 4167 2086 ἐγχωρίους

2558 2121 2796 2187 κηφῇνας
2854 2116 3330 2184 συνεπισπώμενος,
3397 2104 3638 2183 ἀνδράρι’
3712 2107 3847 2158 ἅττα
3912 2101 4165 2177 τριοϐολι-

2559 2212 2714 2277 μαῖα,
2775 2207 2866 2254 καὶ
2917 2206 3010 2260 τὴν
3073 2199 3323 2273 ἐφήμερον
3387 2201 3582 2272 τροφὴν
3647 2194 3702 2258 έξ
3763 2193 4005 2267 ἀρπαγῆς
4077 2194 4169 2242 καὶ

2560 2293 2755 2353 κλοπῆς
2797 2294 3155 2366 ποριζόμενος,
3197 2291 3370 2364 ὥσπερ
3403 2286 3462 2339 ἂν
3503 2287 3548 2339 εἰ
3584 2286 3718 2338 κατὰ
3755 2283 4001 2355 πολεμίας
4030 2283 4171 2341 τινὸς

2560 2387 2650 2436 καὶ
2697 2379 3026 2456 βαρϐαρικῆς
3063 2385 3248 2454 χώρας
3288 2375 3540 2431 εἰσϐαλεῖν
3580 2373 3796 2448 ἔμελλεν.
3838 2371 4170 2445 Ἐμπροσθεν

2564 2469 2625 2525 δε
2661 2470 2828 2530 αὐτοῦ
2860 2471 2940 2548 (τό
2971 2477 3066 2532 τῆς
3099 2475 3308 2542 Γραφῆς
3348 2467 3520 2539 εἰπειν)
3561 2468 3737 2542 τρέχει
3767 2461 4013 2548 ἀπώλεια,
4046 2461 4172 2512 ὑπο-

2566 2547 2875 2637 δοχοίτορέςγ
2936 2578 3064 2620 τινες
3155 2557 3480 2631 καλούμενοι,
3572 2547 4172 2625 πεντακοσιομεδίμνους

2568 2650 2840 2712 ζητοῦννες
2888 2647 3111 2709 ἑκάστης
3155 2643 3358 2720 ἀνδρῶν
3395 2665 3450 2699 τε
3486 2649 3577 2698 καὶ
3633 2646 3800 2697 ἳππων
3830 2643 4041 2716 τροφὰς,
4081 2642 4174 2690 καὶ

2571 2741 2876 2815 θρεμμάτων
2933 2738 3025 2791 ὅλα
3089 2742 3306 2810 ποίμνια
3369 2741 3459 2789 καὶ
3524 2735 3739 2808 ὀρνίθων
3796 2732 3914 2794 ὅλας
3965 2729 4172 2802 ἀγέλας,

2569 2832 2628 2882 τὸ
2671 2833 2881 2900 σύμπαν
2924 2837 3018 2890 τῆς
3071 2827 3330 2890 θαλάττης
3378 2826 3504 2898 ὄψον
3544 2825 3990 2900 εἰσπραττόμενοι,
4033 2822 4174 2872 οἴνου

2569 2936 2626 2972 τε
2661 2925 2874 2999 χρῆμα,
2923 2919 3043 2973 ὅσον
3088 2911 3205 2974 οὐδ’
3233 2915 3295 2968 ἃν
3334 2917 3392 2972 αι
3426 2915 3545 2970 καθ’
3582 2915 3722 2986 ὑμᾶς
3748 2911 3970 2984 ἄμπελοι
4005 2928 4176 2986 γεωρ-

2570 3011 2808 3079 γήσαιεν,
2861 3007 2950 3062 καὶ
3013 3005 3096 3059 ἱνα
3159 3006 3232 3077 μή
3287 3008 3723 3080 μεαριγορῶμεν,
3769 3007 3879 3061 τοῖς
3910 3000 4048 3052 κατὰ
4092 3000 4179 3070 μέ-

2570 3116 2656 3172 ρος
2699 3095 2995 3158 έπεξιόντες.
3067 3098 3168 3147 Καὶ
3216 3095 3407 3166 μισθὸν
3473 3091 3558 3144 ἐπὶ
3609 3093 3815 3151 τούτοις
3864 3087 4180 3141 ἀπαιτοῦσιν

2571 3189 2642 3248 ὡς
2689 3185 2950 3261 εὐεργέται
3012 3186 3165 3254 τινες,
3231 3187 3322 3235 καὶ
3368 3183 3558 3255 μισθὸν
3605 3179 3663 3232 ού
3705 3177 3894 3253 φαῦλόν
3932 3196 4050 3230 τινα
4089 3180 4185 3229 καὶ

2570 3282 2781 3348 κοῦφον,
2837 3272 2944 3326 ἀλλ’
3002 3274 3158 3330 όλκην
3218 3277 3472 3346 χρυσίου,
3527 3271 3655 3328 ὅσην
3708 3268 3769 3321 ἂν
3814 3267 3993 3328 αὐτοῖς
4037 3285 4186 3340 περι-

2574 3370 2748 3440 στήσῃ
2807 3366 2868 3418 τὸ
2933 3371 3028 3426 τῆς
3094 3360 3365 3421 ἀπλήστου
3427 3360 3610 3434 ψυχῆς
3673 3359 3840 3413 αὐτῶν
3903 3357 4180 3432 ἐφιέμενον.

2571 3459 2690 3509 Ἐπὶ
2734 3455 2939 3521 τούτοις
3001 3454 3196 3507 ἔπεισιν
3263 3453 3290 3503 ὁ
3345 3455 3582 3527 πραίτωρ
3631 3448 3786 3514 αύτός
3824 3468 3837 3481 ·
3894 3451 3984 3500 καὶ
4025 3447 4180 3522 πρινὴ

2570 3541 2820 3604 πολλάκις
2873 3545 2970 3602 τὴν
3016 3542 3377 3616 προσκύνησιν
3434 3537 3790 3613 ἀφοσιώσεται
3852 3540 3916 3611 τῇ
3996 3537 4185 3608 θεομή-

2573 3653 2712 3710 τορι,
2753 3638 2847 3684 τοῦ
2899 3633 2988 3707 μὶν
3027 3631 3324 3708 κατέχυρος
3380 3630 3447 3701 (Ι.
3489 3628 3790 3704 κατηκορεῑ)
3837 3630 3911 3699 μή
3953 3622 4182 3682 ἀπαντη-

2578 3741 2784 3790 σαντος,
2851 3718 3002 3777 ἄλλον
3079 3717 3139 3773 δε
3199 3719 3318 3774 κατ’
3392 3717 3550 3778 ἄλλην
3603 3716 3775 3772 αἰτίαν
3840 3717 4185 3791 καθείργνυσι

2575 3816 2666 3866 καὶ
2709 3815 2894 3886 ζημιοῖ
2930 3830 2944 3844 ο
2976 3813 3068 3862 καὶ
3106 3809 3241 3862 οὕτω
3293 3808 3690 3881 κατευωχηθεὶς
3728 3807 3896 3880 ἡμῶν,
3946 3802 4020 3876 ἔφ’
4061 3803 4186 3855 ὅσον

2577 3901 2637 3955 ἂν
2694 3899 2938 3978 βούλοιτο
2998 3905 3115 3962 ταῖς
3167 3900 3404 3976 ἡμέραις,
3464 3897 3612 3959 ζητεῖ
3665 3897 4109 3975 προσκυνητίκιον
4169 3911 4182 3926 ·

2577 3993 2673 4048 ούκ
2729 3989 2967 4070 οἴδαμεν,
3017 3994 3117 4049 εἴτε
3160 3991 3226 4052 ὡς
3268 3993 3648 4068 προσκυνήσας
3683 3991 3782 4046 τήν
3832 3987 4126 4059 θεομήτορα
4171 3998 4186 4014 ·

2578 4088 2669 4138 καὶ
2729 4084 2788 4138 ού
2843 4088 2998 4160 μόνον
3066 4081 3246 4153 αὐτὸς,
3313 4079 3442 4134 αλλὰ
3500 4084 3592 4133 καὶ
3655 4078 4015 4156 λογαριοιοτης
4097 4077 4191 4128 καὶ

2578 4172 3053 4254 πρωτοϐεστιάριος
3083 4175 3175 4225 καὶ
3223 4174 3714 4246 πρωτοκένταρχος,
3763 4172 3853 4220 καὶ
3890 4165 4111 4254 καθεξῆς
4141 4166 4192 4218 οἰ

807 4263 1154 4333 παρεπόμενοι
1183 4259 1406 4323 ἅπαντες
1427 4281 1439 4296 ο
1471 4264 1562 4315 καὶ
1593 4258 1926 4332 διατείνεται,
1959 4266 2030 4337 μὴ
2060 4267 2308 4341 πρότερον
2348 4261 2574 4318 έντιῦθεν
2605 4251 2916 4328 ἀναστῆναι,
2944 4259 3130 4338 πρὶνᾶν
3168 4261 3219 4313 ἂν
3248 4267 3361 4322 ταῖς
3389 4259 3548 4312 αὐτοῦ
3573 4262 3736 4333 χερσὶ
3764 4263 3918 4310 τοῦτο
3953 4251 4188 4321 δέξαιτο⁶

807 4342 989 4421 Ὅμως
1027 4349 1190 4404 πολλά
1229 4348 1482 4425 δεομένων
1513 4353 1660 4426 ἡμῶν
1702 4357 1792 4406 καὶ
1824 4348 2200 4426 διομνυμένων,
2229 4359 2301 4428 μὴ
2345 4353 2513 4418 ἄλλως
2543 4350 2806 4408 δύνασθαι
2833 4360 2987 4408 τοῦτο
3025 4349 3356 4420 καταϐαλεῖν,
3388 4350 3431 4403 εἰ
3467 4353 3539 4424 μὴ
3572 4352 3743 4410 κοινὸς
3768 4349 3946 4424 ἔρανος
3967 4349 4188 4418 γένοιτο,

809 4439 1042 4492 πείθεται
1085 4439 1255 4514 μόλις,
1300 4447 1391 4496 καὶ
1448 4445 1537 4496 τὸν
1592 4442 1992 4518 εἰσπραξόμενον
2024 4441 2207 4513 ἐάσας,
2249 4443 2490 4520 ἀπαίρειν
2519 4443 2996 4519 παρασκευάζεται.
3035 4438 3163 4496 Εἶτα
3186 4447 3334 4496 ποῖον
3365 4439 3652 4512 ὑποζύγιον
3679 4437 3774 4492 ούκ
3804 4434 4188 4518 ἀγγαρεύεταις

807 4527 1012 4582 Μᾶλλον
1044 4525 1079 4582 δ
1081 4533 1103 4583 ι
1133 4538 1281 4584 ποῖον
1313 4531 1379 4604 ἀγ
1391 4537 1726 4607 γαρευόμενον
1756 4532 1816 4585 ού
1845 4541 1918 4605 τῷ
1938 4532 2111 4607 οἰκείῳ
2135 4530 2366 4610 δεσπότῃ
2399 4536 2784 4615 πιπράσκεται,
2808 4532 2914 4608 οὐχ
2934 4531 3097 4600 ἅπαξ,
3127 4529 3258 4584 ἀλλά
3276 4528 3523 4595 πολλάκις
3545 4533 3634 4582 καὶ
3658 4525 3893 4604 δεύτερον
3918 4542 3933 4594 ;
3956 4523 4021 4578 Ἦ
4043 4531 4189 4578 ποῖον

811 4619 981 4696 ἕτερον
1012 4617 1389 4681 οἰονδηποτοῡν
1412 4619 1548 4684 εἶδος
1586 4621 1645 4676 ού
1679 4618 1714 4676 δ
1720 4623 2033 4700 ιαρπάζεται
2058 4628 2148 4678 καὶ
2189 4623 2564 4699 ἀπεμπολεῖται
2591 4626 2810 4679 ἕκαστον
2841 4622 3030 4691 αὐτῶν,
3059 4623 3088 4682 ἣ
3123 4619 3393 4697 αἰρόμενος
3430 4623 3638 4693 οἴχεται
3673 4637 3686 4689 ;

801 2819 964 2912 tavit,
979 2821 1258 2912 hunciobj
1270 2828 1443 2895 urgat
1457 2824 1625 2896 quod
1645 2841 1769 2882 non
1789 2826 2036 2882 obviam
2055 2843 2118 2883 se
2138 2827 2190 2883 ei
2207 2826 2459 2912 dederit,

799 2906 970 2968 illum
999 2910 1081 2968 ob
1109 2911 1292 2968 aliam
1317 2913 1650 2973 causamin
1671 2913 1912 2975 vincula
1941 2915 2184 2986 conjicit
2205 2919 2260 2972 et
2283 2906 2463 2987 pecul

799 2997 916 3054 niis
938 2999 1176 3059 multat.
1198 3001 1292 3058 Sic
1320 3001 1590 3075 quotidie
1618 3002 1694 3063 de
1715 3008 1925 3062 nostro
1949 3002 2180 3075 vivens,
2205 3003 2464 3076 vectigal

801 3086 1278 3146 ecclesiasticum
1309 3106 1346 3147 a
1374 3091 1552 3147 nobis
1581 3092 1765 3163 exigit
1792 3092 1973 3165 plane
2002 3093 2228 3164 ignaris
2257 3099 2461 3151 utrum

800 3175 863 3233 in
880 3178 1272 3236 sanctissimas
1289 3180 1557 3253 Deiparse
1572 3181 1866 3238 honorem
1879 3197 1957 3238 an
1977 3183 2055 3238 ad
2072 3183 2258 3239 alium
2275 3184 2462 3241 ﬁnem

803 3271 1250 3340 extorqueatur.
1268 3272 1384 3326 Nec
1404 3269 1568 3326 solus
1587 3288 1600 3326 :
1619 3270 1971 3342 logariastes
1990 3271 2173 3338 enim,
2191 3274 2463 3344 protove-

804 3356 1064 3426 stiarius,
1086 3360 1622 3431 protocentarchus
1650 3365 1705 3417 et
1734 3359 1834 3418 alii
1855 3360 2081 3418 similes
2106 3360 2459 3426 succedunt,

803 3460 929 3504 non
949 3447 1118 3520 prius
1136 3464 1326 3522 quam
1347 3451 1671 3523 pecuniam
1691 3449 2078 3522 obtinuerint,
2092 3467 2154 3507 se
2179 3450 2319 3507 inde
2340 3466 2463 3508 ces-

805 3549 979 3592 suros
1000 3536 1398 3596 declarantes.
1423 3540 1734 3598 Postremo
1753 3539 2221 3614 deprecantibus
2249 3556 2320 3598 ac
2358 3555 2464 3598 ne-

806 3626 1090 3696 gantibus
1113 3628 1309 3702 nobis,
1337 3646 1466 3688 rem
1488 3631 1616 3688 sine
1636 3632 1909 3688 maxima
1934 3629 2284 3689 diﬁcultaté
2315 3630 2465 3688 obti-

805 3716 936 3774 neri
960 3733 1159 3794 posse,
1203 3720 1592 3793 condonavit,
1621 3727 1698 3790 et,
1729 3721 1947 3779 relictis
1976 3723 2296 3793 exacturis,
2324 3739 2465 3779 cum

805 3806 1016 3880 praeda
1030 3807 1333 3883 profectus
1347 3815 1456 3868 est.
1482 3811 1656 3878 Quod
1675 3812 2021 3886 jumentum
2052 3811 2132 3869 ad
2156 3811 2466 3886 publicam

809 3897 1152 3956 servitutem
1182 3914 1308 3956 non
1338 3899 1818 3974 rapitur70uam
1853 3917 2015 3985 saepe
2045 3907 2312 3977 raptum,
2340 3918 2468 3962 non

810 3985 998 4043 semel
1024 3987 1130 4045 sed
1166 3987 1263 4045 bis
1299 4005 1336 4046 a
1365 4005 1714 4063 possessore
1742 3990 2127 4069 redemptum
2152 3993 2464 4063 est?Quaa-

809 4090 1050 4221 cuéique
1071 4078 1460 4155 possedimus
1477 4080 1614 4157 rapi
1640 4084 1698 4139 et
1725 4081 1824 4155 agi
1853 4081 1933 4141 ab
1955 4082 2082 4139 istis
2111 4083 2467 4142 inhumanis

809 4180 868 4221 Vl
913 4183 1093 4221 imus.

807 4180 1093 4224 νιαιωιιε.

881 4765 1016 4831 Cur,
1055 4765 1456 4824 sacratissime
1492 4766 1760 4838 domine,
1792 4767 1908 4824 ista
1939 4767 2105 4824 mala
2138 4769 2472 4826 cervicibus
2505 4759 2549 4815 Π

2422 4786 2472 4826 Is
2505 4759 2549 4815 Π
2650 4769 2739 4831 Εἰς
2775 4771 2826 4823 τί
2881 4774 3011 4840 γοῦν
3059 4767 3093 4824 ἡ
3146 4767 3365 4822 τοιαύτη
3433 4762 3662 4817 ἀπώλεια
3717 4763 3885 4834 ἡμῶν,
3955 4755 4191 4812 δέσποτα

807 4855 1031 4912 nostris
1074 4855 1428 4930 impendent
1465 4857 1494 4914 ?
1535 4856 1626 4914 Sic
1675 4857 1838 4914 enim
1877 4858 2060 4914 ﬁscus
2117 4860 2219 4931 jus
2281 4861 2477 4933 perdit

2421 4862 2477 4918 lit
2581 4862 2730 4934 ἡμῶν
2775 4859 2912 4932 ἅγιε,
2960 4866 3054 4911 τοῦ
3095 4853 3361 4930 δημοσίου
3410 4850 3577 4928 μηδὶν
3629 4851 3853 4906 ἐντεῦθεν
3897 4846 4190 4924 κερδαίνον-

808 4961 1008 5017 suum,
1040 4947 1338 5020 siquidem
1354 4947 1618 5021 plerique
1643 4953 1920 5004 nostrum
1951 4949 2270 5019 emigrent,
2303 4957 2362 5007 et
2391 4951 2475 5007 sic

2422 4951 2475 5007 ic
2580 4969 2689 5018 τος,
2719 4949 2911 5023 μᾶλλον
2948 4950 3042 5021 μεν
3070 4943 3161 5000 οὖν
3191 4947 3566 5019 ζημιουμένου,
3609 4940 3685 4996 δι’
3727 4939 3795 4993 ὧν
3833 4943 3965 4994 κατὰ
4003 4937 4191 5016 βραχύ

809 5036 977 5108 regio
1005 5042 1215 5095 nostra
1242 5037 1596 5095 hominibus
1624 5042 1802 5096 exuta
1843 5039 2075 5096 solvere
2092 5040 2219 5112 jam
2243 5040 2470 5114 nequit.

2425 5044 2470 5097 τι.
2583 5041 3061 5115 μεταναστεύουσιν
3124 5039 3174 5090 οἱ
3243 5035 3452 5096 πλείους
3518 5036 3686 5107 ἡμῶν,
3753 5035 3843 5084 καὶ
3904 5029 4194 5105 έρημοῦται

809 5129 1006 5183 Pauca
1052 5128 1256 5200 itaque
1308 5143 1521 5185 eorum
1581 5143 1719 5200 quae
1779 5129 2047 5201 patimur
2098 5135 2470 5198 enarrantes,

808 5217 1173 5287 Iajestatem
1205 5224 1370 5274 tuam
1397 5217 1794 5275 obsecramus
1814 5223 1881 5274 ut
1899 5219 2089 5276 nostri
2113 5219 2472 5284 miserearis,

807 5310 874 5362 ut
910 5305 1317 5365 calamitatem
1357 5307 1515 5372 hanc
1558 5312 1832 5368 nostram
1873 5308 2131 5367 missam
2161 5309 2369 5378 facias,
2404 5326 2476 5367 ac

810 5410 998 5456 onera
1019 5401 1261 5470 portatu
1282 5395 1487 5459 minus
1514 5397 1795 5468 graviora
1822 5397 2123 5471 imponas.
2148 5399 2303 5456 Nihil
2329 5415 2476 5457 sane

809 5486 978 5556 novi,
1009 5486 1386 5548 incommodi
1406 5486 1554 5548 nihil
1578 5488 1841 5560 petimus
1860 5488 2030 5562 quod
2058 5503 2247 5559 regno
2275 5490 2474 5563 perni-

809 5577 1042 5639 ciccum
1071 5593 1202 5640 esse
1236 5578 1446 5651 possit.
1484 5582 1635 5639 Ante
1661 5579 1872 5639 omnia
1906 5595 2053 5638 vero
2080 5594 2118 5637 a
2146 5584 2478 5652 praetorum

810 5667 1067 5742 rapinis,
1105 5667 1392 5732 violentia
1459 5683 1535 5730 ac
1571 5669 1920 5729 crudelitate
1983 5685 2099 5727 nos
2149 5669 2360 5738 libera,
2421 5674 2480 5729 et

809 5756 1196 5828 defensorem
1223 5761 1614 5836 imperatorio
1639 5765 1745 5824 tuo
1769 5761 2019 5822 nomine
2049 5762 2315 5822 concede
2369 5761 2478 5835 qui

2583 5132 2706 5184 ὅσον
2754 5126 2863 5188 ἤδη
2904 5131 2936 5188 ἡ
2969 5133 3126 5204 χώρα
3153 5130 3185 5186 ἡ
3238 5129 3484 5199 ἡμετέρα,
3536 5126 3605 5186 ὡς
3659 5127 3750 5176 καὶ
3788 5120 4026 5196 ἀνωτέρω
4056 5121 4196 5195 εἰρη-

2582 5241 2696 5290 ται,
2767 5224 2857 5272 καὶ
2924 5217 3233 5272 κολοϐοῦταε
3294 5219 3356 5270 τὸ
3407 5214 3725 5287 έγνωσμένον
3791 5210 4118 5286 ἀκροστιχον
4179 5225 4194 5277 ;

2585 5311 2682 5366 Διά
2729 5315 2886 5364 τοῦτο
2932 5308 3086 5381 ὀλίγα
3134 5308 3203 5362 ὧν
3249 5308 3530 5378 πάσχομεν
3563 5302 3928 5375 ἀνενεγκόντες,
3972 5296 4201 5371 δεόμεθα

2582 5408 2673 5461 τῆς
2727 5398 3217 5474 φιλανθρωποτάτης
3270 5396 3426 5469 ἁγίας
3469 5393 3744 5467 βασιλείας
3793 5411 3911 5455 σου,
3955 5390 4200 5462 γενέσθαι

2584 5494 2676 5546 καὶ
2725 5489 2809 5563 ἔφ’
2846 5492 2979 5563 ἡμῖν
3025 5488 3184 5556 ἕλεος,
3240 5491 3332 5541 καὶ
3367 5486 3604 5539 κοπάσαι
3645 5485 3770 5537 ποτε
3806 5484 3895 5535 τὸν
3941 5477 4202 5533 κατακλυ-

2588 5585 2722 5655 σμὸν
2757 5589 2859 5636 τῶν
2900 5579 3151 5656 ὀπηρειῶν
3185 5599 3202 5614 ·
3250 5577 3284 5639 ἣ
3326 5573 3685 5651 διορισθῆναε,
3727 5573 4072 5647 μετριωτέρας
4108 5573 4202 5621 καὶ

2585 5674 2718 5745 ἡμῖν
2777 5673 3012 5748 popinis
3069 5671 3310 5744 γίνεσθαι
3365 5671 3459 5721 καὶ
3519 5667 3658 5719 κατὰ
3710 5667 3842 5726 τοὺς
3901 5665 4200 5736 προσόντας

2584 5763 2712 5836 ῦμῖν
2765 5764 3017 5838 ὁρισμοὺς
3080 5757 3258 5836 (οὐδὲν
3319 5761 3427 5834 γὰρ
3478 5762 3772 5834 καινότερον
3829 5754 4106 5828 ζητοῦμεν,
4166 5750 4198 5808 ἢ
