4480 6430
777 419 875 472 183
1504 411 1878 470 MICHAELIS
1917 410 2296 468 ACOMINATI
2333 407 2767 468 ATHENARUM
2806 409 3137 466 ARCHIEP.
3174 409 3389 466 IAMBI.
4025 410 4129 465 384-

2210 682 2725 794 ΣΤΙΧΟΙ

1212 923 1456 1020 ΤΟΥ
1509 923 2187 1013 ΣΟΦΩΤΑΤΟΥ
2242 923 2981 1012 ΜΗΤΡΟΠΟΛΙἸ

1908 923 2187 1009 ΔιΤΟΥ
2242 923 3148 1012 ΜΗΤΡΟΠΟΛΙΤΟΥ
3205 921 3677 1014 ΑΘΗΝΩΝ

2268 1133 2400 1180 ΤΟΥ
2433 1134 2645 1180 ΚΥΡΟΥ

1071 1317 2026 1498 ΜΙΧΑΗΛ
2128 1315 2575 1490 ΤΟΥ
2649 1312 3837 1493 ΧΩΝΙΑΤΟΥ

1383 1611 1498 1663 Ἐπὶ
1528 1618 1590 1682 τῇ
1623 1611 1906 1681 ἁγχετύπῳ
1934 1607 2270 1681 ἁνιστορήσει
2308 1604 2499 1673 αὐτῶν,
2530 1609 2770 1658 τουτέστι
2795 1614 2890 1667 τῆς
2919 1605 3111 1659 πόλεων
3142 1616 3240 1659 τῶν
3273 1608 3523 1666 Ἀθηνῶν·

849 1861 1018 1936 Ἔρως
1053 1863 1285 1921 Ἀθηνῶν
1314 1871 1413 1914 τῶν
1451 1861 1614 1915 παλαι
1656 1862 2038 1937 θρυλλουριένων
2413 1858 2462 1909 Α
2566 1865 2662 1912 Φεῡ
2687 1860 2698 1914 Ξ
2735 1858 2820 1912 οἶα
2847 1863 3047 1933 πάσχω
3078 1865 3167 1914 καὶ
3192 1861 3323 1934 λέγω
3344 1880 3398 1915 τε
3425 1866 3515 1914 καὶ
3544 1864 3727 1936 γράφω
3751 1860 3764 1916 ε

851 1951 1089 2028 Ἔγραψε
1127 1960 1296 2006 ταῦτα
1323 1960 1434 2014 ταῖς
1474 1955 1845 2028 προσαθύρων,
1953 1973 1959 1980 -
2564 1955 2733 2002 Οὶκῶν
2763 1950 2984 2013 Ἀθήνας
3016 1951 3104 2003 οὐκ
3140 1950 3359 2012 Ἀθήνας
3388 1971 3488 2004 που
3520 1949 3718 2024 βλέπω,

855 2047 955 2094 Καὶ
983 2049 1075 2095 τοῦ
1101 2044 1264 2094 πόθου
1293 2045 1350 2095 τὸ
1377 2042 1569 2094 θάλπον
1601 2042 1985 2114 ὐπαναψύχων·
2569 2043 2716 2092 Κόνιν
2745 2037 2804 2092 δὲ
2842 2041 3040 2115 λυπρὰν
3079 2047 3168 2094 καὶ
3207 2046 3354 2099 κενὴν
3387 2045 3671 2116 μακαρίαν.

849 2131 991 2184 Ἐπεὶ
1018 2127 1138 2183 ὅ¹ἔτ⁹
1167 2130 1261 2184 οὐκ
1300 2128 1360 2190 ἧν
1401 2128 1661 2204 οὐδαμοῦ,
1689 2131 1812 2204 φεῦέ
1846 2130 2186 2205 προσϐλέπειν
2567 2136 2618 2181 Π‹

1964 2130 2186 2184 τϐ).ἐπειν
2567 2136 2673 2181 Ποῦ
2697 2125 2765 2188 δὴ
2798 2133 2864 2182 τὰ
2905 2133 3086 2203 σεμνὰ,
3128 2131 3517 2204 τλημονεστάτη
3545 2130 3695 2192 πόλις
3721 2147 3733 2197 ;

853 2223 1025 2278 Αὐτὴν
1055 2223 1250 2279 ἐκείνην
1282 2225 1374 2278 τὴν
1405 2218 1649 2293 ἀοίδιμον
1679 2221 1846 2286 πόλιν,
2564 2217 2650 2280 Ὡς
2681 2216 2886 2292 φροῦδα
2918 2223 3082 2278 ηάντα
3120 2226 3210 2273 καὶ
3247 2220 3545 2278 καταλληλα
3572 2222 3780 2293 μύθοις,

851 2315 956 2362 Τοῦ
996 2305 1332 2384 δυσαριθμου
1364 2315 1454 2362 καὶ
1478 2315 1806 2384 μακραίωνος
1831 2315 2028 2386 χρόνον
2565 2312 2736 2380 Δίκαι,
2771 2306 3043 2376 δικασταὶ,
3081 2309 3322 2383 βὸματα,
3347 2310 3534 2383 ψῆφοι,
3564 2314 3732 2383 νόμοι,

855 2400 1057 2466 Λίθοις,
1101 2397 1282 2471 βυθοῐς
1312 2399 1626 2472 κρύψαντος,
1659 2403 2046 2473 ὴφαντωμένην,
2565 2402 2894 2473 Δημηγορίαι
2920 2418 2974 2452 τε
3003 2402 3324 2472 πειθανάγκη
3347 2402 3600 2476 ῥητόρων,

852 2488 1252 2564 Ἐρωτολήπτων
1292 2488 1526 2561 ἀτεχνῶς
1565 2493 1762 2562 πάσχω
1790 2493 1975 2552 πάθος·
2565 2488 2772 2555 Βουλαὶ,
2805 2493 3121 2566 πανηγύρεις
3150 2510 3204 2543 τε
3245 2496 3334 2544 καὶ
3375 2494 3692 2564 στρατηγίαι

854 2577 918 2631 Οἳ
948 2581 1038 2640 τὰς
1068 2578 1276 2641 ἀληθεῖς
1303 2588 1402 2631 τῶν
1433 2581 1760 2652 ποθουμένων
1806 2583 1925 2642 θέας
2563 2586 2672 2632 Τῶν
2698 2581 3016 2654 πεζομάχων
3041 2582 3152 2655 ἅμα
3179 2586 3269 2634 καὶ
3298 2583 3596 2654 ναυμάχων.

854 2668 1274 2741 Ἀμηχανοῦντες
1299 2677 1398 2720 τῶν
1429 2674 1694 2744 παρόντων
1735 2668 2096 2744 προσϐλέπειν,
2563 2669 2621 2723 Ἠ
2652 2669 2998 2735 παντοδαπῆς
3034 2679 3245 2743 Μοῦσα,
3276 2679 3378 2723 τῶν
3405 2671 3567 2724 λὸθων
3606 2672 3797 2746 κράτος
3822 2667 3835 2722 Ξ

853 2761 960 2819 Τὰς
997 2762 1198 2820 εἰκόνας
1227 2760 1444 2832 ὁρῶντες
1482 2761 1650 2810 αὐτῶν
1679 2765 1748 2820 ὡς
1775 2758 1912 2831 λόγῳ
2567 2761 2762 2817 ’Ὁλωλε
2787 2769 2996 2838 σύμπαν
3022 2773 3121 2817 τῶν
3149 2765 3361 2822 Αθηνῶν
3392 2765 3450 2814 τὸ
3478 2761 3642 2824 κλέος·

857 2849 1294 2921 Παραμυθοῡνται
1322 2857 1419 2900 τῶν
1459 2846 1657 2922 ἐρώτων
1695 2853 1789 2906 τὴν
1817 2848 2000 2920 φλόγα.
2568 2861 2847 2928 Γνώρισμα
2874 2851 3095 2907 δἀὐτῶν
3128 2850 3242 2906 οὐδ’
3266 2849 3502 2926 ἀμυδρόν
3535 2871 3614 2914 τις
3640 2847 3758 2923 ἴδῃ.

853 2935 942 2998 Ὠς
983 2933 1264 3008 δυστυχὴς
1294 2939 1479 3008 ἔγωγε,
1503 2940 1679 2999 καινὸς
1707 2937 1884 3008 Ἰξίων,
2570 2948 2910 3016 Συγγνωστὸς
2931 2944 3126 3010 οἰκουν,
3168 2945 3303 3016 εἴπερ
3334 2946 3425 2994 οὐκ
3458 2944 3593 3012 ἔχων
3625 2939 3829 3012 βλέπειν

855 3025 1017 3097 Ἐρῶν
1049 3025 1300 3095 Ἀθηνῶν,
1326 3029 1390 3088 ὡς
1415 3025 1602 3089 ἐκεῖνος
1627 3035 1717 3088 τῆς
1752 3026 1937 3102 Ἤρας,
2569 3042 2680 3087 Τῶν
2713 3035 2998 3092 Ἀθηναίων
3029 3038 3122 3092 τὴν
3153 3029 3400 3105 ἀοίδιμον
3432 3030 3602 3094 πόλιν,

857 3116 985 3169 Εἶτα
1011 3115 1144 3168 λεὼν
1166 3112 1378 3170 εἴδωλον
1409 3116 1783 3191 ἠγλαϊσμὲυης,
2572 3122 2832 3198 ’Ἰνδαλμα
2865 3127 3062 3186 ταύτης
3098 3125 3352 3197 γραφικόν
3394 3119 3721 3192 ἐστησάμην.

2241 3520 2661 3626 ΙΑΜΒΙ

1043 3764 1990 3862 SAPIENTISSIMI
2054 3762 2888 3862 ATHENARUM
2954 3755 3911 3856 METROPOLIT/E

2352 3983 2602 4039 DOMlNl

1367 4181 2416 4322 MIGHAELIS
2532 4178 3570 4321 CHONIATAE

1811 4451 1897 4506 De
1923 4449 2182 4520 pristina
2213 4447 2379 4504 urbis
2408 4447 2793 4505 Athenarum
2819 4445 3135 4517 dignitate.

862 4810 1232 4868 Athenarum
1254 4828 1428 4870 amor
1446 4815 1759 4888 quondam
1774 4811 2303 4872 celeberrimarum
2318 4812 2450 4871 haec
2490 4816 2529 4869 Β
2559 4816 2616 4870 et
2646 4828 2783 4886 quae
2810 4809 3102 4869 felicitatis
3127 4805 3439 4881 quondam
3459 4803 3630 4860 sedes
3651 4802 3862 4870 fuerat,
3881 4801 4007 4872 jam
4037 4815 4164 4856 non

789 4899 1040 4959 dictavit
1065 4903 1272 4971 verba,
1299 4903 1361 4959 in
1382 4906 1614 4962 umbris
1637 4921 1840 4962 rerum
1873 4903 2312 4976 praeteritarum
2342 4903 2446 4960 de-
2559 4903 2678 4959 nisi
2729 4902 2924 4959 foedas
2954 4899 3133 4958 trahit
3156 4897 3385 4954 ruinas.
3421 4895 3529 4952 Ubi
3561 4893 3805 4950 tandem
3838 4907 4009 4947 sacra
4037 4894 4165 4956 tua,

789 4991 1010 5048 siderio
1036 4992 1268 5049 ardenti
1291 4993 1565 5051 solamen
1583 4993 1943 5052 affectando.
1962 4995 2275 5067 Nusquam,
2290 4994 2407 5050 heu
2433 4995 2446 5049 l
2559 4991 2767 5048 civitas
2791 4988 3333 5047 infortunatissima
3359 4986 3387 5042 ?
3409 4987 3633 5042 Cuncta
3649 4983 3709 5038 in
3729 4980 3981 5038 nihilum
4003 4979 4167 5035 abie-

792 5081 1302 5155 splendidissimaa
1333 5084 1490 5141 illius
1512 5085 1681 5142 urbis
1699 5085 1813 5142 nisi
1834 5084 2024 5140 ruinas
2046 5083 2327 5141 visuntur
2343 5101 2451 5159 per
2557 5086 2730 5138 runt:
2765 5080 3109 5146 tribunalia,
3132 5077 3386 5151 judices,
3410 5073 3619 5148 populi
3643 5071 3951 5141 suffragia,
3975 5069 4166 5140 leges,

792 5172 1016 5230 secula
1044 5174 1292 5246 turpiter
1319 5174 1643 5232 cumulata
1674 5191 1915 5231 sursum
1945 5173 2234 5232 deorsum
2256 5177 2452 5247 proje-
2559 5177 2870 5229 oratorum
2913 5175 3202 5246 potestas,
3248 5165 3525 5235 concilia,
3571 5178 3719 5236 opes
3751 5165 4053 5218 terrestres
4095 5175 4169 5216 ac

791 5267 920 5330 ctua,
952 5263 1100 5320 nulli
1120 5262 1441 5322 ﬂebiliores
1461 5281 1648 5339 quam
1669 5265 1813 5321 mihi
1834 5264 1980 5337 ipsi!
2007 5264 2049 5320 li
2065 5264 2288 5337 quibus
2311 5280 2452 5322 ocu-
2559 5262 2881 5319 maritimas
2906 5279 2919 5327 ;
2944 5263 3112 5318 Musa
3135 5260 3270 5333 ipsa
3289 5255 3650 5320 multicolor,
3676 5251 4032 5326 eloquentia:
4055 5251 4172 5318 vis,

789 5353 863 5410 lis
894 5354 1111 5411 intueri
1140 5354 1201 5411 id
1229 5355 1397 5428 quod
1421 5360 1631 5413 amant
1660 5371 1784 5411 non
1806 5353 2451 5425 contingit,simulacro
2561 5353 2769 5410 omnia
2787 5368 2924 5426 quae
2940 5350 3183 5408 Athenis
3205 5348 3408 5420 glorise
3431 5345 3690 5411 fuerunt,
3715 5342 3964 5417 periere,
3988 5357 4063 5398 ne
4087 5341 4174 5396 vi-

790 5445 876 5503 rei
917 5449 1136 5503 amata:
1157 5447 1420 5504 contenti
1440 5445 1628 5504 nihilo
1650 5446 1845 5503 secius
1871 5444 2195 5518 cupiditate
2215 5444 2448 5502 ardent.
2561 5444 2792 5501 lissimo
2822 5443 3071 5516 quidem
3097 5439 3330 5515 pristini
3361 5439 3474 5496 aevi
3507 5438 3903 5494 monumento
3941 5431 4170 5488 relicto.

790 5537 874 5594 Me
922 5536 1212 5593 miserum
1246 5535 1258 5590 Ξ
1309 5536 1435 5611 qui,
1465 5540 1530 5593 ut
1559 5536 1725 5592 Ixion
1754 5537 2026 5601 lunonis,
2077 5535 2452 5592 Athenarum
2564 5537 2761 5602 Quare
2787 5539 2944 5591 certe
2975 5548 3073 5589 me
3106 5530 3276 5589 haud
3301 5529 3552 5586 dedecet
3579 5529 3641 5583 in
3674 5525 3889 5583 mediis
3918 5522 4176 5579 Athenis

793 5643 1001 5685 amore
1016 5630 1244 5695 teneor,
1259 5643 1370 5683 nec
1390 5626 1546 5700 potis
1564 5643 1702 5683 sum
1719 5625 1960 5683 dolores
1977 5625 2204 5700 quibus
2223 5626 2456 5683 crucior
2561 5624 2960 5695 habitantem,
2992 5620 3176 5695 hujus
3215 5621 3382 5678 urbis
3425 5633 3632 5676 veram
3672 5615 3998 5687 imaginem
4049 5629 4180 5670 me-

789 5717 1135 5779 describere
1151 5717 1165 5774 ι
1179 5716 1446 5778 Athenas
1457 5714 1970 5792 habitansmullas
1980 5715 2155 5777 video
2166 5716 2454 5786 Athenas,
2564 5713 2775 5776 morias
2799 5714 3077 5791 prodere.
