  <div class='ocr_page' id='page_1' title='image "/cluster/home/n/w/nwhite01/storage/ocr_20150623/140/nnc1.0046979905/204.png"; bbox 0 0 4480 6430; ppageno 0'>
   <div class='ocr_carea' id='block_1_1' title="bbox 360 515 3699 555">
    <p class='ocr_par' dir='ltr' id='par_1_1' title="bbox 360 515 3699 555">
     <span class='ocr_line' id='line_1_1' title="bbox 360 515 3699 555; baseline 0.001 -3"><span class='ocrx_word' id='word_1_1' title='bbox 360 515 3699 555; x_wconf 65' lang='lat' dir='ltr'><strong><em>:m</em></strong></span> 
     </span>
    </p>
   </div>
   <div class='ocr_carea' id='block_1_2' title="bbox 3370 543 3689 559">
    <p class='ocr_par' dir='ltr' id='par_1_2' title="bbox 3370 543 3689 559">
     <span class='ocr_line' id='line_1_2' title="bbox 3370 543 3689 559; baseline -0.003 -5"><span class='ocrx_word' id='word_1_2' title='bbox 3370 545 3453 554; x_wconf 86' lang='grc'><strong><em>..-..</em></strong></span> <span class='ocrx_word' id='word_1_3' title='bbox 3488 547 3519 555; x_wconf 82' lang='lat'><strong><em>..</em></strong></span> <span class='ocrx_word' id='word_1_4' title='bbox 3536 547 3538 552; x_wconf 92' lang='lat'><strong><em>.</em></strong></span> <span class='ocrx_word' id='word_1_5' title='bbox 3558 543 3689 559; x_wconf 49' lang='grc' dir='ltr'><strong><em>-..ν</em></strong></span> 
     </span>
    </p>
   </div>
   <div class='ocr_carea' id='block_1_3' title="bbox 1648 726 2417 773">
    <p class='ocr_par' dir='ltr' id='par_1_3' title="bbox 1648 726 2417 773">
     <span class='ocr_line' id='line_1_3' title="bbox 1648 726 2417 773; baseline 0.001 -2"><span class='ocrx_word' id='word_1_6' title='bbox 1648 726 1820 772; x_wconf 74' lang='lat' dir='ltr'><strong><em>ANNO</em></strong></span> <span class='ocrx_word' id='word_1_7' title='bbox 1867 727 2089 773; x_wconf 73' lang='lat' dir='ltr'><strong><em>DOMINI</em></strong></span> <span class='ocrx_word' id='word_1_8' title='bbox 2136 728 2391 773; x_wconf 76' lang='lat' dir='ltr'><strong>MCCXXX</strong></span> <span class='ocrx_word' id='word_1_9' title='bbox 2404 757 2417 772; x_wconf 89' lang='lat'>.</span> 
     </span>
    </p>
   </div>
   <div class='ocr_carea' id='block_1_4' title="bbox 1353 924 2718 1091">
    <p class='ocr_par' dir='ltr' id='par_1_4' title="bbox 1353 924 2718 1091">
     <span class='ocr_line' id='line_1_4' title="bbox 1353 924 2718 1091; baseline 0.004 -6"><span class='ocrx_word' id='word_1_10' title='bbox 1353 924 2718 1091; x_wconf 77' lang='lat' dir='ltr'><strong><em>THEODORUS</em></strong></span> 
     </span>
    </p>
   </div>
   <div class='ocr_carea' id='block_1_5' title="bbox 1031 1238 3032 1380">
    <p class='ocr_par' dir='ltr' id='par_1_5' title="bbox 1031 1238 3032 1380">
     <span class='ocr_line' id='line_1_5' title="bbox 1031 1238 3032 1380; baseline 0.002 -5"><span class='ocrx_word' id='word_1_11' title='bbox 1031 1238 1569 1376; x_wconf 89' lang='lat' dir='ltr'><strong>ALAN</strong></span> <span class='ocrx_word' id='word_1_12' title='bbox 1583 1238 1837 1375; x_wconf 61' lang='lat' dir='ltr'><strong><em>11E</em></strong></span> <span class='ocrx_word' id='word_1_13' title='bbox 1988 1238 3032 1380; x_wconf 84' lang='lat' dir='ltr'><strong><em>EPISCOPUS</em></strong></span> 
     </span>
    </p>
   </div>
   <div class='ocr_carea' id='block_1_6' title="bbox 1781 1620 2307 1719">
    <p class='ocr_par' dir='ltr' id='par_1_6' title="bbox 1781 1620 2307 1719">
     <span class='ocr_line' id='line_1_6' title="bbox 1781 1620 2307 1719; baseline 0.004 -2"><span class='ocrx_word' id='word_1_14' title='bbox 1781 1620 2307 1719; x_wconf 90' lang='lat' dir='ltr'><strong><em>NOTITIA</em></strong></span> 
     </span>
    </p>
   </div>
   <div class='ocr_carea' id='block_1_7' title="bbox 892 1811 3182 1888">
    <p class='ocr_par' dir='ltr' id='par_1_7' title="bbox 892 1811 3182 1888">
     <span class='ocr_line' id='line_1_7' title="bbox 892 1811 3182 1888; baseline 0.002 -22"><span class='ocrx_word' id='word_1_15' title='bbox 892 1814 995 1883; x_wconf 84' lang='lat' dir='ltr'><strong><em>(Ex</em></strong></span> <span class='ocrx_word' id='word_1_16' title='bbox 1030 1813 1219 1869; x_wconf 79' lang='lat' dir='ltr'><strong><em>Leone</em></strong></span> <span class='ocrx_word' id='word_1_17' title='bbox 1267 1811 1480 1869; x_wconf 81' lang='lat' dir='ltr'><strong><em>Allatio</em></strong></span> <span class='ocrx_word' id='word_1_18' title='bbox 1521 1813 1609 1870; x_wconf 86' lang='lat' dir='ltr'><strong><em>De</em></strong></span> <span class='ocrx_word' id='word_1_19' title='bbox 1641 1811 1964 1870; x_wconf 82' lang='lat' dir='ltr'><strong><em>Theodoris</em></strong></span> <span class='ocrx_word' id='word_1_20' title='bbox 1993 1826 2095 1884; x_wconf 87' lang='lat' dir='ltr'><strong><em>ap.</em></strong></span> <span class='ocrx_word' id='word_1_21' title='bbox 2129 1812 2342 1869; x_wconf 86' lang='lat' dir='ltr'><strong><em>Maium</em></strong></span> <span class='ocrx_word' id='word_1_22' title='bbox 2378 1813 2650 1870; x_wconf 83' lang='lat' dir='ltr'><strong><em>Biblioth.</em></strong></span> <span class='ocrx_word' id='word_1_23' title='bbox 2680 1830 2819 1871; x_wconf 86' lang='lat' dir='ltr'><strong><em>nov.</em></strong></span> <span class='ocrx_word' id='word_1_24' title='bbox 2864 1818 2965 1871; x_wconf 84' lang='lat' dir='ltr'><strong><em>PP.</em></strong></span> <span class='ocrx_word' id='word_1_25' title='bbox 2999 1819 3039 1871; x_wconf 89' lang='lat' dir='ltr'><strong><em>t.</em></strong></span> <span class='ocrx_word' id='word_1_26' title='bbox 3068 1817 3182 1888; x_wconf 87' lang='lat' dir='ltr'><strong><em>VI.)</em></strong></span> 
     </span>
    </p>
   </div>
   <div class='ocr_carea' id='block_1_8' title="bbox 430 2094 3723 2170">
    <p class='ocr_par' dir='ltr' id='par_1_8' title="bbox 430 2094 3723 2170">
     <span class='ocr_line' id='line_1_8' title="bbox 430 2094 3723 2170; baseline 0.002 -15"><span class='ocrx_word' id='word_1_27' title='bbox 430 2096 726 2155; x_wconf 87' lang='lat' dir='ltr'><strong><em>Theodori</em></strong></span> <span class='ocrx_word' id='word_1_28' title='bbox 755 2096 1025 2170; x_wconf 87' lang='lat' dir='ltr'><strong><em>episcopi</em></strong></span> <span class='ocrx_word' id='word_1_29' title='bbox 1066 2096 1290 2153; x_wconf 73' lang='lat' dir='ltr'><strong><em>Alaniae</em></strong></span> <span class='ocrx_word' id='word_1_30' title='bbox 1320 2096 1647 2153; x_wconf 81' lang='lat' dir='ltr'><strong><em>ethicorum</em></strong></span> <span class='ocrx_word' id='word_1_31' title='bbox 1670 2095 1816 2151; x_wconf 79' lang='lat' dir='ltr'><strong><em>libri</em></strong></span> <span class='ocrx_word' id='word_1_32' title='bbox 1843 2112 1901 2163; x_wconf 86' lang='lat' dir='ltr'><strong><em>x,</em></strong></span> <span class='ocrx_word' id='word_1_33' title='bbox 1934 2097 2132 2152; x_wconf 61' lang='lat' dir='ltr'><strong><em>Graece</em></strong></span> <span class='ocrx_word' id='word_1_34' title='bbox 2181 2094 2244 2151; x_wconf 88' lang='lat' dir='ltr'><strong><em>in</em></strong></span> <span class='ocrx_word' id='word_1_35' title='bbox 2270 2094 2637 2152; x_wconf 82' lang='lat' dir='ltr'><strong><em>bibliotheca</em></strong></span> <span class='ocrx_word' id='word_1_36' title='bbox 2684 2095 2955 2170; x_wconf 88' lang='lat' dir='ltr'><strong><em>quadam</em></strong></span> <span class='ocrx_word' id='word_1_37' title='bbox 2985 2098 3186 2155; x_wconf 80' lang='lat' dir='ltr'><strong><em>Italiae.</em></strong></span> <span class='ocrx_word' id='word_1_38' title='bbox 3213 2102 3539 2161; x_wconf 86' lang='lat' dir='ltr'><strong><em>Gesnerus.</em></strong></span> <span class='ocrx_word' id='word_1_39' title='bbox 3570 2105 3723 2162; x_wconf 88' lang='lat' dir='ltr'><strong><em>Sunt</em></strong></span> 
     </span>
    </p>
   </div>
   <div class='ocr_carea' id='block_1_9' title="bbox 362 2181 2131 2262">
    <p class='ocr_par' dir='ltr' id='par_1_9' title="bbox 362 2182 2131 2262">
     <span class='ocr_line' id='line_1_9' title="bbox 362 2182 2131 2262; baseline -0.004 -18"><span class='ocrx_word' id='word_1_40' title='bbox 362 2203 502 2244; x_wconf 76' lang='lat' dir='ltr'><strong><em>vero</em></strong></span> <span class='ocrx_word' id='word_1_41' title='bbox 526 2187 659 2244; x_wconf 79' lang='lat' dir='ltr'><strong><em>Ilth</em></strong></span> <span class='ocrx_word' id='word_1_42' title='bbox 692 2205 706 2241; x_wconf 91' lang='lat'>:</span> <span class='ocrx_word' id='word_1_43' title='bbox 738 2182 1017 2262; x_wconf 74' lang='grc' dir='ltr'><strong><em>Θεοδώρου</em></strong></span> <span class='ocrx_word' id='word_1_44' title='bbox 1056 2184 1343 2238; x_wconf 75' lang='grc' dir='ltr'><strong><em>ἐπισκόπου</em></strong></span> <span class='ocrx_word' id='word_1_45' title='bbox 1382 2184 1624 2248; x_wconf 84' lang='grc' dir='ltr'>Ἀλανὶας</span> <span class='ocrx_word' id='word_1_46' title='bbox 1653 2185 1831 2255; x_wconf 75' lang='grc' dir='ltr'>ἠθικὰ,</span> <span class='ocrx_word' id='word_1_47' title='bbox 1875 2182 1924 2236; x_wconf 76' lang='grc' dir='ltr'>ἓν</span> <span class='ocrx_word' id='word_1_48' title='bbox 1954 2189 2131 2258; x_wconf 69' lang='grc' dir='ltr'>τμῆμα</span> 
     </span>
    </p>
   </div>
   <div class='ocr_carea' id='block_1_10' title="bbox 1953 2181 3722 2262">
    <p class='ocr_par' dir='ltr' id='par_1_10' title="bbox 1954 2181 3722 2258">
     <span class='ocr_line' id='line_1_10' title="bbox 1954 2181 3722 2258; baseline 0.007 -21"><span class='ocrx_word' id='word_1_49' title='bbox 1954 2189 2199 2258; x_wconf 75' lang='grc' dir='ltr'>τμήμασι</span> <span class='ocrx_word' id='word_1_50' title='bbox 2229 2181 2360 2238; x_wconf 78' lang='grc' dir='ltr'>δέκα</span> <span class='ocrx_word' id='word_1_51' title='bbox 2401 2185 2688 2242; x_wconf 86' lang='lat' dir='ltr'><strong><em>Theodori</em></strong></span> <span class='ocrx_word' id='word_1_52' title='bbox 2711 2187 2969 2257; x_wconf 82' lang='lat' dir='ltr'><strong><em>episcopi</em></strong></span> <span class='ocrx_word' id='word_1_53' title='bbox 2978 2188 3219 2245; x_wconf 64' lang='lat' dir='ltr'><strong><em>Alaniz</em></strong></span> <span class='ocrx_word' id='word_1_54' title='bbox 3238 2190 3571 2248; x_wconf 81' lang='lat' dir='ltr'><strong><em>ethicorum</em></strong></span> <span class='ocrx_word' id='word_1_55' title='bbox 3603 2208 3722 2250; x_wconf 88' lang='lat' dir='ltr'><strong><em>sec-</em></strong></span> 
     </span>
    </p>
   </div>
   <div class='ocr_carea' id='block_1_11' title="bbox 359 2273 2128 2349">
    <p class='ocr_par' dir='ltr' id='par_1_11' title="bbox 359 2273 2103 2346">
     <span class='ocr_line' id='line_1_11' title="bbox 359 2273 2103 2346; baseline -0.005 -13"><span class='ocrx_word' id='word_1_56' title='bbox 359 2279 546 2333; x_wconf 85' lang='lat' dir='ltr'><strong><em>tiones</em></strong></span> <span class='ocrx_word' id='word_1_57' title='bbox 572 2275 789 2333; x_wconf 80' lang='lat' dir='ltr'><strong><em>decem.</em></strong></span> <span class='ocrx_word' id='word_1_58' title='bbox 823 2279 863 2332; x_wconf 91' lang='grc' dir='ltr'><strong>Ῑ.</strong></span> <span class='ocrx_word' id='word_1_59' title='bbox 922 2274 1208 2332; x_wconf 88' lang='lat' dir='ltr'><strong><em>Sectionis</em></strong></span> <span class='ocrx_word' id='word_1_60' title='bbox 1256 2274 1318 2330; x_wconf 84' lang='grc' dir='ltr'><strong><em>Ρ.</em></strong></span> <span class='ocrx_word' id='word_1_61' title='bbox 1378 2278 1480 2327; x_wconf 80' lang='grc' dir='ltr'><strong><em>Καὶ</em></strong></span> <span class='ocrx_word' id='word_1_62' title='bbox 1518 2277 1670 2327; x_wconf 76' lang='grc' dir='ltr'>τοῦτό</span> <span class='ocrx_word' id='word_1_63' title='bbox 1709 2293 1799 2346; x_wconf 89' lang='grc' dir='ltr'><strong><em>μοι</em></strong></span> <span class='ocrx_word' id='word_1_64' title='bbox 1829 2281 1920 2325; x_wconf 72' lang='grc' dir='ltr'>τοῦ</span> <span class='ocrx_word' id='word_1_65' title='bbox 1949 2273 2103 2345; x_wconf 90' lang='grc' dir='ltr'>λόγου</span> 
     </span>
    </p>
   </div>
   <div class='ocr_carea' id='block_1_12' title="bbox 1950 2273 3719 2349">
    <p class='ocr_par' dir='ltr' id='par_1_12' title="bbox 1950 2273 3719 2349">
     <span class='ocr_line' id='line_1_12' title="bbox 1950 2273 3719 2349; baseline 0.007 -24"><span class='ocrx_word' id='word_1_66' title='bbox 1950 2273 2103 2345; x_wconf 90' lang='grc' dir='ltr'>λόγου</span> <span class='ocrx_word' id='word_1_67' title='bbox 2142 2276 2201 2327; x_wconf 88' lang='grc' dir='ltr'><strong><em>τό</em></strong></span> <span class='ocrx_word' id='word_1_68' title='bbox 2242 2276 2569 2349; x_wconf 80' lang='grc' dir='ltr'>σύγγραμμα</span> <span class='ocrx_word' id='word_1_69' title='bbox 2609 2282 2703 2335; x_wconf 86' lang='grc' dir='ltr'>σῆς</span> <span class='ocrx_word' id='word_1_70' title='bbox 2732 2276 2877 2328; x_wconf 79' lang='grc' dir='ltr'>ἕνεκα</span> <span class='ocrx_word' id='word_1_71' title='bbox 2905 2274 3225 2349; x_wconf 72' lang='grc' dir='ltr'><strong><em>κηδεμονίας</em></strong></span> <span class='ocrx_word' id='word_1_72' title='bbox 3264 2278 3604 2339; x_wconf 70' lang='grc' dir='ltr'>ἐπινενόηται.</span> <span class='ocrx_word' id='word_1_73' title='bbox 3649 2282 3719 2337; x_wconf 87' lang='grc' dir='ltr'><strong><em>ΙΙ.</em></strong></span> 
     </span>
    </p>
   </div>
   <div class='ocr_carea' id='block_1_13' title="bbox 358 2359 3723 2444">
    <p class='ocr_par' dir='ltr' id='par_1_13' title="bbox 358 2359 3723 2444">
     <span class='ocr_line' id='line_1_13' title="bbox 358 2359 3723 2444; baseline 0.001 -25"><span class='ocrx_word' id='word_1_74' title='bbox 358 2366 443 2420; x_wconf 83' lang='grc' dir='ltr'>Ἐν</span> <span class='ocrx_word' id='word_1_75' title='bbox 468 2368 667 2427; x_wconf 78' lang='grc' dir='ltr'>τούτοις</span> <span class='ocrx_word' id='word_1_76' title='bbox 704 2368 794 2439; x_wconf 71' lang='grc' dir='ltr'>μὲν</span> <span class='ocrx_word' id='word_1_77' title='bbox 835 2361 903 2424; x_wconf 81' lang='grc' dir='ltr'><strong><em>δὴ</em></strong></span> <span class='ocrx_word' id='word_1_78' title='bbox 931 2369 1025 2423; x_wconf 78' lang='grc' dir='ltr'>τὴν</span> <span class='ocrx_word' id='word_1_79' title='bbox 1050 2366 1303 2439; x_wconf 73' lang='grc' dir='ltr'><strong><em>ἡμετέραν</em></strong></span> <span class='ocrx_word' id='word_1_80' title='bbox 1332 2360 1595 2431; x_wconf 76' lang='grc' dir='ltr'>σπουδὴν,</span> <span class='ocrx_word' id='word_1_81' title='bbox 1638 2366 1667 2422; x_wconf 74' lang='grc' dir='ltr'>ἦ</span> <span class='ocrx_word' id='word_1_82' title='bbox 1701 2368 1778 2423; x_wconf 82' lang='grc' dir='ltr'><strong><em>τίς</em></strong></span> <span class='ocrx_word' id='word_1_83' title='bbox 1812 2382 1935 2415; x_wconf 85' lang='grc' dir='ltr'>ποτε</span> <span class='ocrx_word' id='word_1_84' title='bbox 1968 2359 2047 2421; x_wconf 74' lang='grc' dir='ltr'><strong><em>ἦν.</em></strong></span> <span class='ocrx_word' id='word_1_85' title='bbox 2078 2363 2173 2420; x_wconf 91' lang='lat' dir='ltr'>III.</span> <span class='ocrx_word' id='word_1_86' title='bbox 2203 2362 2342 2438; x_wconf 78' lang='grc' dir='ltr'>’Λρα</span> <span class='ocrx_word' id='word_1_87' title='bbox 2383 2382 2487 2431; x_wconf 88' lang='grc' dir='ltr'>σοι,</span> <span class='ocrx_word' id='word_1_88' title='bbox 2529 2361 2569 2415; x_wconf 83' lang='grc' dir='ltr'><strong>ὦ</strong></span> <span class='ocrx_word' id='word_1_89' title='bbox 2608 2364 2778 2431; x_wconf 75' lang='grc' dir='ltr'>οὗτος,</span> <span class='ocrx_word' id='word_1_90' title='bbox 2810 2367 2877 2417; x_wconf 80' lang='grc' dir='ltr'>τὰ</span> <span class='ocrx_word' id='word_1_91' title='bbox 2913 2370 3002 2417; x_wconf 83' lang='grc' dir='ltr'>νῦν</span> <span class='ocrx_word' id='word_1_92' title='bbox 3044 2366 3289 2439; x_wconf 84' lang='grc' dir='ltr'>λεγόμενα</span> <span class='ocrx_word' id='word_1_93' title='bbox 3332 2377 3441 2431; x_wconf 86' lang='grc' dir='ltr'>τοῖς</span> <span class='ocrx_word' id='word_1_94' title='bbox 3469 2375 3723 2444; x_wconf 86' lang='grc' dir='ltr'>πρότερον</span> 
     </span>
    </p>
   </div>
   <div class='ocr_carea' id='block_1_14' title="bbox 356 2449 3722 2536">
    <p class='ocr_par' dir='ltr' id='par_1_14' title="bbox 356 2449 3722 2536">
     <span class='ocr_line' id='line_1_14' title="bbox 356 2449 3722 2536; baseline 0.003 -32"><span class='ocrx_word' id='word_1_95' title='bbox 356 2452 694 2507; x_wconf 76' lang='grc' dir='ltr'><strong><em>ἀκουσθεῖσιν</em></strong></span> <span class='ocrx_word' id='word_1_96' title='bbox 734 2456 848 2526; x_wconf 79' lang='grc' dir='ltr'>ἔχει</span> <span class='ocrx_word' id='word_1_97' title='bbox 884 2458 937 2506; x_wconf 86' lang='grc' dir='ltr'>τί</span> <span class='ocrx_word' id='word_1_98' title='bbox 965 2458 1227 2525; x_wconf 76' lang='grc' dir='ltr'>συγγενές.</span> <span class='ocrx_word' id='word_1_99' title='bbox 1269 2455 1357 2509; x_wconf 85' lang='lat' dir='ltr'>IV.</span> <span class='ocrx_word' id='word_1_100' title='bbox 1384 2452 1527 2525; x_wconf 67' lang='grc' dir='ltr'>’Ἅμα</span> <span class='ocrx_word' id='word_1_101' title='bbox 1564 2454 1674 2524; x_wconf 65' lang='grc' dir='ltr'>μὲν,</span> <span class='ocrx_word' id='word_1_102' title='bbox 1717 2449 1755 2503; x_wconf 83' lang='grc' dir='ltr'><strong>ὦ</strong></span> <span class='ocrx_word' id='word_1_103' title='bbox 1798 2450 2059 2525; x_wconf 75' lang='grc' dir='ltr'>βέλτιστε,</span> <span class='ocrx_word' id='word_1_104' title='bbox 2093 2459 2165 2523; x_wconf 85' lang='grc' dir='ltr'>τῷ</span> <span class='ocrx_word' id='word_1_105' title='bbox 2220 2450 2359 2525; x_wconf 74' lang='grc' dir='ltr'>λόφῳ</span> <span class='ocrx_word' id='word_1_106' title='bbox 2389 2456 2555 2524; x_wconf 74' lang='grc' dir='ltr'>τούτῳ</span> <span class='ocrx_word' id='word_1_107' title='bbox 2604 2451 2945 2527; x_wconf 72' lang='grc' dir='ltr'>ἐπεϐαλόμην.</span> <span class='ocrx_word' id='word_1_108' title='bbox 2988 2457 3052 2511; x_wconf 83' lang='grc' dir='ltr'>ν.</span> <span class='ocrx_word' id='word_1_109' title='bbox 3094 2455 3157 2509; x_wconf 75' lang='grc' dir='ltr'><strong><em>’Ἃ</em></strong></span> <span class='ocrx_word' id='word_1_110' title='bbox 3202 2461 3293 2530; x_wconf 74' lang='grc' dir='ltr'>μὲν</span> <span class='ocrx_word' id='word_1_111' title='bbox 3334 2455 3401 2517; x_wconf 83' lang='grc' dir='ltr'><strong><em>δὴ</em></strong></span> <span class='ocrx_word' id='word_1_112' title='bbox 3453 2461 3479 2511; x_wconf 92' lang='grc' dir='ltr'><strong><em>ό</em></strong></span> <span class='ocrx_word' id='word_1_113' title='bbox 3517 2469 3722 2536; x_wconf 87' lang='grc' dir='ltr'>πρῶτος</span> 
     </span>
    </p>
   </div>
   <div class='ocr_carea' id='block_1_15' title="bbox 356 2538 3720 2623">
    <p class='ocr_par' dir='ltr' id='par_1_15' title="bbox 356 2538 3720 2623">
     <span class='ocr_line' id='line_1_15' title="bbox 356 2538 3720 2623; baseline 0.003 -30"><span class='ocrx_word' id='word_1_114' title='bbox 356 2539 473 2613; x_wconf 76' lang='grc' dir='ltr'>εἶχε</span> <span class='ocrx_word' id='word_1_115' title='bbox 512 2544 643 2606; x_wconf 79' lang='grc' dir='ltr'>θεῖος</span> <span class='ocrx_word' id='word_1_116' title='bbox 683 2546 879 2606; x_wconf 81' lang='grc' dir='ltr'>σκοπὸς</span> <span class='ocrx_word' id='word_1_117' title='bbox 930 2548 1019 2595; x_wconf 84' lang='grc' dir='ltr'>καὶ</span> <span class='ocrx_word' id='word_1_118' title='bbox 1057 2546 1186 2616; x_wconf 84' lang='grc' dir='ltr'>πρὸς</span> <span class='ocrx_word' id='word_1_119' title='bbox 1218 2541 1243 2594; x_wconf 83' lang='grc' dir='ltr'><strong><em>ό</em></strong></span> <span class='ocrx_word' id='word_1_120' title='bbox 1282 2550 1374 2604; x_wconf 76' lang='grc' dir='ltr'>τῆς</span> <span class='ocrx_word' id='word_1_121' title='bbox 1407 2538 1780 2613; x_wconf 81' lang='grc' dir='ltr'>δημιουργίας.</span> <span class='ocrx_word' id='word_1_122' title='bbox 1812 2542 1900 2595; x_wconf 73' lang='grc' dir='ltr'><strong><em>γι.</em></strong></span> <span class='ocrx_word' id='word_1_123' title='bbox 1935 2540 2018 2593; x_wconf 87' lang='grc' dir='ltr'><strong><em>Ἐν</em></strong></span> <span class='ocrx_word' id='word_1_124' title='bbox 2056 2544 2263 2605; x_wconf 77' lang='grc' dir='ltr'>τούτοις</span> <span class='ocrx_word' id='word_1_125' title='bbox 2299 2546 2389 2615; x_wconf 67' lang='grc' dir='ltr'>μὲν</span> <span class='ocrx_word' id='word_1_126' title='bbox 2430 2538 2498 2600; x_wconf 79' lang='grc' dir='ltr'><strong><em>δὴ</em></strong></span> <span class='ocrx_word' id='word_1_127' title='bbox 2553 2546 2696 2617; x_wconf 80' lang='grc' dir='ltr'>παρὰ</span> <span class='ocrx_word' id='word_1_128' title='bbox 2722 2550 2813 2595; x_wconf 80' lang='grc' dir='ltr'>τοῦ</span> <span class='ocrx_word' id='word_1_129' title='bbox 2854 2552 3077 2615; x_wconf 67' lang='grc' dir='ltr'>φυσικοῦ</span> <span class='ocrx_word' id='word_1_130' title='bbox 3114 2550 3273 2619; x_wconf 86' lang='grc' dir='ltr'>νόμον</span> <span class='ocrx_word' id='word_1_131' title='bbox 3318 2553 3421 2621; x_wconf 80' lang='grc' dir='ltr'>μὴν</span> <span class='ocrx_word' id='word_1_132' title='bbox 3460 2568 3553 2602; x_wconf 89' lang='grc' dir='ltr'><strong><em>του</em></strong></span> <span class='ocrx_word' id='word_1_133' title='bbox 3596 2548 3720 2623; x_wconf 82' lang='grc' dir='ltr'>βίου</span> 
     </span>
    </p>
   </div>
   <div class='ocr_carea' id='block_1_16' title="bbox 354 2628 3724 2712">
    <p class='ocr_par' dir='ltr' id='par_1_16' title="bbox 354 2628 3724 2712">
     <span class='ocr_line' id='line_1_16' title="bbox 354 2628 3724 2712; baseline 0.003 -29"><span class='ocrx_word' id='word_1_134' title='bbox 354 2628 700 2704; x_wconf 71' lang='grc' dir='ltr'>διεξαγωγην.</span> <span class='ocrx_word' id='word_1_135' title='bbox 734 2635 847 2687; x_wconf 85' lang='lat' dir='ltr'>VII.</span> <span class='ocrx_word' id='word_1_136' title='bbox 875 2640 1096 2705; x_wconf 78' lang='grc' dir='ltr'>Μικροῖς</span> <span class='ocrx_word' id='word_1_137' title='bbox 1125 2634 1215 2704; x_wconf 75' lang='grc' dir='ltr'><strong><em>μεν</em></strong></span> <span class='ocrx_word' id='word_1_138' title='bbox 1247 2628 1511 2703; x_wconf 71' lang='grc' dir='ltr'>διαλόγοις</span> <span class='ocrx_word' id='word_1_139' title='bbox 1546 2633 1639 2688; x_wconf 75' lang='grc' dir='ltr'>τὴν</span> <span class='ocrx_word' id='word_1_140' title='bbox 1660 2632 1789 2704; x_wconf 84' lang='grc' dir='ltr'>πρὸς</span> <span class='ocrx_word' id='word_1_141' title='bbox 1832 2633 1889 2682; x_wconf 66' lang='grc' dir='ltr'><strong><em>σε</em></strong></span> <span class='ocrx_word' id='word_1_142' title='bbox 1923 2629 2128 2703; x_wconf 77' lang='grc' dir='ltr'><strong><em>ὁμιλίαν</em></strong></span> <span class='ocrx_word' id='word_1_143' title='bbox 2168 2628 2293 2684; x_wconf 80' lang='grc' dir='ltr'>οῖδα</span> <span class='ocrx_word' id='word_1_144' title='bbox 2329 2636 2603 2707; x_wconf 81' lang='grc' dir='ltr'>περαίνων.</span> <span class='ocrx_word' id='word_1_145' title='bbox 2630 2634 2770 2687; x_wconf 87' lang='lat' dir='ltr'>VIII.</span> <span class='ocrx_word' id='word_1_146' title='bbox 2803 2630 2981 2695; x_wconf 79' lang='grc' dir='ltr'>Ὀπως</span> <span class='ocrx_word' id='word_1_147' title='bbox 3006 2637 3097 2706; x_wconf 75' lang='grc' dir='ltr'>μὶν</span> <span class='ocrx_word' id='word_1_148' title='bbox 3127 2631 3216 2687; x_wconf 78' lang='grc' dir='ltr'>οὖν</span> <span class='ocrx_word' id='word_1_149' title='bbox 3247 2638 3272 2688; x_wconf 91' lang='grc' dir='ltr'><strong><em>ό</em></strong></span> <span class='ocrx_word' id='word_1_150' title='bbox 3312 2642 3532 2709; x_wconf 73' lang='grc' dir='ltr'>φυσικός</span> <span class='ocrx_word' id='word_1_151' title='bbox 3573 2644 3724 2712; x_wconf 86' lang='grc' dir='ltr'>νόμος</span> 
     </span>
    </p>
   </div>
   <div class='ocr_carea' id='block_1_17' title="bbox 352 2717 3726 2798">
    <p class='ocr_par' dir='ltr' id='par_1_17' title="bbox 352 2717 3726 2798">
     <span class='ocr_line' id='line_1_17' title="bbox 352 2717 3726 2798; baseline 0.002 -25"><span class='ocrx_word' id='word_1_152' title='bbox 352 2725 529 2795; x_wconf 78' lang='grc' dir='ltr'>νοερός</span> <span class='ocrx_word' id='word_1_153' title='bbox 556 2726 615 2775; x_wconf 87' lang='grc' dir='ltr'><strong><em>τό</em></strong></span> <span class='ocrx_word' id='word_1_154' title='bbox 658 2726 903 2798; x_wconf 77' lang='grc' dir='ltr'>πρότερον</span> <span class='ocrx_word' id='word_1_155' title='bbox 945 2719 1027 2781; x_wconf 72' lang='grc' dir='ltr'>ἧν.</span> <span class='ocrx_word' id='word_1_156' title='bbox 1060 2723 1144 2778; x_wconf 88' lang='grc' dir='ltr'><strong><em>ΙΧ.</em></strong></span> <span class='ocrx_word' id='word_1_157' title='bbox 1177 2722 1283 2775; x_wconf 73' lang='grc' dir='ltr'><strong><em>Ἀεὶ</em></strong></span> <span class='ocrx_word' id='word_1_158' title='bbox 1320 2725 1411 2793; x_wconf 73' lang='grc' dir='ltr'><strong><em>μεν</em></strong></span> <span class='ocrx_word' id='word_1_159' title='bbox 1464 2718 1720 2773; x_wconf 75' lang='grc' dir='ltr'><strong><em>ἀνακινεῖν</em></strong></span> <span class='ocrx_word' id='word_1_160' title='bbox 1750 2722 1837 2771; x_wconf 85' lang='grc' dir='ltr'><strong><em>τόν</em></strong></span> <span class='ocrx_word' id='word_1_161' title='bbox 1866 2719 2017 2791; x_wconf 86' lang='grc' dir='ltr'>λόγον</span> <span class='ocrx_word' id='word_1_162' title='bbox 2047 2720 2122 2783; x_wconf 86' lang='grc' dir='ltr'><strong><em>εἰς</em></strong></span> <span class='ocrx_word' id='word_1_163' title='bbox 2158 2720 2294 2774; x_wconf 77' lang='grc' dir='ltr'><strong><em>αὐτὰ</em></strong></span> <span class='ocrx_word' id='word_1_164' title='bbox 2333 2717 2400 2780; x_wconf 80' lang='grc' dir='ltr'><strong><em>δὴ</em></strong></span> <span class='ocrx_word' id='word_1_165' title='bbox 2452 2720 2604 2775; x_wconf 75' lang='grc' dir='ltr'>πάλιν</span> <span class='ocrx_word' id='word_1_166' title='bbox 2641 2723 2706 2773; x_wconf 81' lang='grc' dir='ltr'>τὰ</span> <span class='ocrx_word' id='word_1_167' title='bbox 2744 2720 3119 2796; x_wconf 74' lang='grc' dir='ltr'>προλεχθὲντα.</span> <span class='ocrx_word' id='word_1_168' title='bbox 3150 2727 3211 2782; x_wconf 82' lang='grc' dir='ltr'><strong>Χ.</strong></span> <span class='ocrx_word' id='word_1_169' title='bbox 3242 2725 3381 2779; x_wconf 83' lang='grc' dir='ltr'>Ἀλλ’</span> <span class='ocrx_word' id='word_1_170' title='bbox 3411 2725 3592 2787; x_wconf 76' lang='grc' dir='ltr'>ἐπειδὴ</span> <span class='ocrx_word' id='word_1_171' title='bbox 3633 2736 3726 2790; x_wconf 78' lang='grc' dir='ltr'>τῆς</span> 
     </span>
    </p>
   </div>
   <div class='ocr_carea' id='block_1_18' title="bbox 357 2809 1499 2887">
    <p class='ocr_par' dir='ltr' id='par_1_18' title="bbox 357 2809 1499 2887">
     <span class='ocr_line' id='line_1_18' title="bbox 357 2809 1499 2887; baseline 0.002 -25"><span class='ocrx_word' id='word_1_172' title='bbox 357 2811 695 2883; x_wconf 70' lang='grc' dir='ltr'>εὐαγγελικῆς</span> <span class='ocrx_word' id='word_1_173' title='bbox 722 2819 990 2887; x_wconf 77' lang='grc' dir='ltr'><strong><em>περιωπῆς</em></strong></span> <span class='ocrx_word' id='word_1_174' title='bbox 1028 2810 1165 2874; x_wconf 76' lang='grc' dir='ltr'>ἐντός</span> <span class='ocrx_word' id='word_1_175' title='bbox 1205 2809 1499 2883; x_wconf 79' lang='grc' dir='ltr'>ἐγενόμεθα.</span> 
     </span>
    </p>
   </div>
   <div class='ocr_carea' id='block_1_19' title="bbox 432 2895 3728 2974">
    <p class='ocr_par' dir='ltr' id='par_1_19' title="bbox 432 2895 3728 2974">
     <span class='ocr_line' id='line_1_19' title="bbox 432 2895 3728 2974; baseline 0 -18"><span class='ocrx_word' id='word_1_176' title='bbox 432 2901 716 2972; x_wconf 79' lang='lat' dir='ltr'><strong><em>Ejusdem</em></strong></span> <span class='ocrx_word' id='word_1_177' title='bbox 755 2901 903 2974; x_wconf 81' lang='grc' dir='ltr'>λόγος</span> <span class='ocrx_word' id='word_1_178' title='bbox 942 2899 1335 2973; x_wconf 75' lang='grc' dir='ltr'>ἐπιστολιμαῖος</span> <span class='ocrx_word' id='word_1_179' title='bbox 1371 2902 1502 2974; x_wconf 87' lang='grc' dir='ltr'>πρὸς</span> <span class='ocrx_word' id='word_1_180' title='bbox 1535 2900 1622 2950; x_wconf 87' lang='grc' dir='ltr'>τὸν</span> <span class='ocrx_word' id='word_1_181' title='bbox 1647 2896 2258 2968; x_wconf 70' lang='grc' dir='ltr'>Κωνσταντινουπόλεὼς,</span> <span class='ocrx_word' id='word_1_182' title='bbox 2288 2903 2379 2950; x_wconf 84' lang='grc' dir='ltr'>καὶ</span> <span class='ocrx_word' id='word_1_183' title='bbox 2416 2902 2539 2960; x_wconf 83' lang='grc' dir='ltr'>τοὺς</span> <span class='ocrx_word' id='word_1_184' title='bbox 2567 2895 2922 2971; x_wconf 75' lang='grc' dir='ltr'>ἓνδημουντας</span> <span class='ocrx_word' id='word_1_185' title='bbox 2951 2908 3050 2952; x_wconf 86' lang='grc' dir='ltr'>τῶν</span> <span class='ocrx_word' id='word_1_186' title='bbox 3079 2902 3400 2970; x_wconf 76' lang='grc' dir='ltr'>ὶπισκόπων,</span> <span class='ocrx_word' id='word_1_187' title='bbox 3436 2904 3480 2956; x_wconf 83' lang='grc' dir='ltr'>εἰ</span> <span class='ocrx_word' id='word_1_188' title='bbox 3511 2909 3601 2957; x_wconf 85' lang='grc' dir='ltr'>καὶ</span> <span class='ocrx_word' id='word_1_189' title='bbox 3633 2902 3728 2957; x_wconf 80' lang='grc' dir='ltr'><strong><em>διὰ</em></strong></span> 
     </span>
    </p>
   </div>
   <div class='ocr_carea' id='block_1_20' title="bbox 356 2984 3725 3065">
    <p class='ocr_par' dir='ltr' id='par_1_20' title="bbox 356 2984 3725 3065">
     <span class='ocr_line' id='line_1_20' title="bbox 356 2984 3725 3065; baseline 0.001 -23"><span class='ocrx_word' id='word_1_190' title='bbox 356 2994 427 3043; x_wconf 65' lang='grc' dir='ltr'>τὰ</span> <span class='ocrx_word' id='word_1_191' title='bbox 459 2989 733 3058; x_wconf 71' lang='grc' dir='ltr'>συμϐάντα</span> <span class='ocrx_word' id='word_1_192' title='bbox 782 2996 1180 3064; x_wconf 78' lang='grc' dir='ltr'>παρεκτέταται,</span> <span class='ocrx_word' id='word_1_193' title='bbox 1214 2995 1303 3042; x_wconf 83' lang='grc' dir='ltr'>καί</span> <span class='ocrx_word' id='word_1_194' title='bbox 1333 3008 1416 3041; x_wconf 85' lang='grc' dir='ltr'><strong><em>τοι</em></strong></span> <span class='ocrx_word' id='word_1_195' title='bbox 1442 2990 1509 3041; x_wconf 85' lang='grc' dir='ltr'>τὰ</span> <span class='ocrx_word' id='word_1_196' title='bbox 1536 2986 1694 3040; x_wconf 76' lang='grc' dir='ltr'>πλείω</span> <span class='ocrx_word' id='word_1_197' title='bbox 1727 2990 2018 3058; x_wconf 78' lang='grc' dir='ltr'>συντέμνων</span> <span class='ocrx_word' id='word_1_198' title='bbox 2043 3008 2055 3020; x_wconf 89' lang='grc'>·</span> <span class='ocrx_word' id='word_1_199' title='bbox 2107 2985 2486 3062; x_wconf 65' lang='grc' dir='ltr'>ἐπιγέγραπται</span> <span class='ocrx_word' id='word_1_200' title='bbox 2534 2984 2613 3057; x_wconf 68' lang='grc' dir='ltr'><strong><em>δι,</em></strong></span> <span class='ocrx_word' id='word_1_201' title='bbox 2669 2991 2799 3060; x_wconf 88' lang='grc' dir='ltr'>μετὰ</span> <span class='ocrx_word' id='word_1_202' title='bbox 2844 2994 2939 3047; x_wconf 84' lang='grc' dir='ltr'>τὴν</span> <span class='ocrx_word' id='word_1_203' title='bbox 2986 2995 3316 3065; x_wconf 77' lang='grc' dir='ltr'>χειροτονίαν</span> <span class='ocrx_word' id='word_1_204' title='bbox 3368 2993 3398 3051; x_wconf 79' lang='grc' dir='ltr'><em>ἢ</em></span> <span class='ocrx_word' id='word_1_205' title='bbox 3435 2992 3725 3056; x_wconf 85' lang='grc' dir='ltr'>Ἀλανικός.</span> 
     </span>
    </p>
   </div>
   <div class='ocr_carea' id='block_1_21' title="bbox 360 3077 3724 3152">
    <p class='ocr_par' dir='ltr' id='par_1_21' title="bbox 360 3077 3724 3152">
     <span class='ocr_line' id='line_1_21' title="bbox 360 3077 3724 3152; baseline 0.001 -15"><span class='ocrx_word' id='word_1_206' title='bbox 360 3080 569 3137; x_wconf 84' lang='lat' dir='ltr'><strong><em>Oratio</em></strong></span> <span class='ocrx_word' id='word_1_207' title='bbox 602 3096 714 3151; x_wconf 83' lang='lat' dir='ltr'><strong><em>per</em></strong></span> <span class='ocrx_word' id='word_1_208' title='bbox 760 3081 998 3137; x_wconf 86' lang='lat' dir='ltr'><strong><em>modum</em></strong></span> <span class='ocrx_word' id='word_1_209' title='bbox 1039 3081 1304 3151; x_wconf 53' lang='lat' dir='ltr'><strong><em>epistola</em></strong></span> <span class='ocrx_word' id='word_1_210' title='bbox 1342 3078 1424 3136; x_wconf 88' lang='lat' dir='ltr'><strong><em>ad</em></strong></span> <span class='ocrx_word' id='word_1_211' title='bbox 1471 3077 1882 3148; x_wconf 79' lang='lat' dir='ltr'><strong><em>patriarcham</em></strong></span> <span class='ocrx_word' id='word_1_212' title='bbox 1942 3078 2697 3151; x_wconf 82' lang='lat' dir='ltr'><strong><em>Constantinopolitanum,</em></strong></span> <span class='ocrx_word' id='word_1_213' title='bbox 2751 3087 2805 3137; x_wconf 88' lang='lat' dir='ltr'><strong><em>et</em></strong></span> <span class='ocrx_word' id='word_1_214' title='bbox 2852 3082 3004 3137; x_wconf 86' lang='lat' dir='ltr'><strong><em>alios</em></strong></span> <span class='ocrx_word' id='word_1_215' title='bbox 3062 3080 3328 3137; x_wconf 79' lang='lat' dir='ltr'><strong><em>advenas</em></strong></span> <span class='ocrx_word' id='word_1_216' title='bbox 3383 3083 3724 3152; x_wconf 79' lang='lat' dir='ltr'><strong><em>episcopos;</em></strong></span> 
     </span>
    </p>
   </div>
   <div class='ocr_carea' id='block_1_22' title="bbox 356 3167 3728 3243">
    <p class='ocr_par' dir='ltr' id='par_1_22' title="bbox 356 3167 3728 3243">
     <span class='ocr_line' id='line_1_22' title="bbox 356 3167 3728 3243; baseline 0.001 -18"><span class='ocrx_word' id='word_1_217' title='bbox 356 3185 705 3243; x_wconf 83' lang='lat' dir='ltr'><strong><em>quanquam</em></strong></span> <span class='ocrx_word' id='word_1_218' title='bbox 740 3178 991 3240; x_wconf 75' lang='lat' dir='ltr'><strong><em>propter</em></strong></span> <span class='ocrx_word' id='word_1_219' title='bbox 1029 3186 1231 3227; x_wconf 84' lang='lat' dir='ltr'><strong><em>rerum</em></strong></span> <span class='ocrx_word' id='word_1_220' title='bbox 1263 3174 1506 3226; x_wconf 79' lang='lat' dir='ltr'><strong><em>eventus</em></strong></span> <span class='ocrx_word' id='word_1_221' title='bbox 1546 3167 1783 3237; x_wconf 82' lang='lat' dir='ltr'><strong><em>longius</em></strong></span> <span class='ocrx_word' id='word_1_222' title='bbox 1807 3170 2125 3236; x_wconf 82' lang='lat' dir='ltr'><strong><em>protracta</em></strong></span> <span class='ocrx_word' id='word_1_223' title='bbox 2153 3170 2262 3235; x_wconf 88' lang='lat' dir='ltr'><strong><em>est,</em></strong></span> <span class='ocrx_word' id='word_1_224' title='bbox 2291 3168 2402 3223; x_wconf 80' lang='lat' dir='ltr'><strong><em>etsi</em></strong></span> <span class='ocrx_word' id='word_1_225' title='bbox 2431 3168 2719 3237; x_wconf 84' lang='lat' dir='ltr'><strong><em>majorem</em></strong></span> <span class='ocrx_word' id='word_1_226' title='bbox 2739 3185 2942 3227; x_wconf 85' lang='lat' dir='ltr'><strong><em>rerum</em></strong></span> <span class='ocrx_word' id='word_1_227' title='bbox 2970 3175 3207 3239; x_wconf 82' lang='lat' dir='ltr'><strong><em>partem</em></strong></span> <span class='ocrx_word' id='word_1_228' title='bbox 3242 3172 3592 3240; x_wconf 83' lang='lat' dir='ltr'><strong><em>compendio</em></strong></span> <span class='ocrx_word' id='word_1_229' title='bbox 3622 3173 3728 3229; x_wconf 88' lang='lat' dir='ltr'><strong><em>de-</em></strong></span> 
     </span>
    </p>
   </div>
   <div class='ocr_carea' id='block_1_23' title="bbox 360 3254 2129 3332">
    <p class='ocr_par' dir='ltr' id='par_1_23' title="bbox 360 3255 2129 3329">
     <span class='ocr_line' id='line_1_23' title="bbox 360 3255 2129 3329; baseline -0.004 -13"><span class='ocrx_word' id='word_1_230' title='bbox 360 3266 572 3317; x_wconf 84' lang='lat' dir='ltr'><strong><em>curtet.</em></strong></span> <span class='ocrx_word' id='word_1_231' title='bbox 596 3260 957 3316; x_wconf 83' lang='lat' dir='ltr'><strong><em>Inscribitur</em></strong></span> <span class='ocrx_word' id='word_1_232' title='bbox 984 3274 1143 3326; x_wconf 86' lang='lat' dir='ltr'><strong><em>vero,</em></strong></span> <span class='ocrx_word' id='word_1_233' title='bbox 1164 3264 1296 3329; x_wconf 82' lang='lat' dir='ltr'><strong><em>post</em></strong></span> <span class='ocrx_word' id='word_1_234' title='bbox 1333 3256 1796 3325; x_wconf 76' lang='lat' dir='ltr'><strong><em>ordinationem,</em></strong></span> <span class='ocrx_word' id='word_1_235' title='bbox 1820 3256 1913 3312; x_wconf 87' lang='lat' dir='ltr'><strong><em>vel</em></strong></span> <span class='ocrx_word' id='word_1_236' title='bbox 1941 3255 2129 3311; x_wconf 81' lang='lat' dir='ltr'><strong><em>Alani</em></strong></span> 
     </span>
    </p>
   </div>
   <div class='ocr_carea' id='block_1_24' title="bbox 1957 3254 3726 3332">
    <p class='ocr_par' dir='ltr' id='par_1_24' title="bbox 1957 3254 3726 3332">
     <span class='ocr_line' id='line_1_24' title="bbox 1957 3254 3726 3332; baseline 0.002 -22"><span class='ocrx_word' id='word_1_237' title='bbox 1957 3255 2237 3311; x_wconf 66' lang='lat' dir='ltr'><strong><em>Alanicus</em></strong></span> <span class='ocrx_word' id='word_1_238' title='bbox 2259 3254 2357 3324; x_wconf 90' lang='grc'>(1).</span> <span class='ocrx_word' id='word_1_239' title='bbox 2401 3261 2455 3309; x_wconf 84' lang='grc' dir='ltr'><strong><em>Ρ.</em></strong></span> <span class='ocrx_word' id='word_1_240' title='bbox 2485 3262 2599 3317; x_wconf 81' lang='grc' dir='ltr'><strong><em>Πῶς</em></strong></span> <span class='ocrx_word' id='word_1_241' title='bbox 2630 3259 2754 3330; x_wconf 82' lang='grc' dir='ltr'>ἡμῖν</span> <span class='ocrx_word' id='word_1_242' title='bbox 2794 3258 2854 3311; x_wconf 81' lang='grc' dir='ltr'><strong><em>ἂν</em></strong></span> <span class='ocrx_word' id='word_1_243' title='bbox 2881 3262 3000 3332; x_wconf 79' lang='grc' dir='ltr'>ἔχοι</span> <span class='ocrx_word' id='word_1_244' title='bbox 3039 3261 3106 3310; x_wconf 81' lang='grc' dir='ltr'><strong><em>τὰ</em></strong></span> <span class='ocrx_word' id='word_1_245' title='bbox 3142 3265 3234 3318; x_wconf 81' lang='grc' dir='ltr'>τῆς</span> <span class='ocrx_word' id='word_1_246' title='bbox 3272 3254 3422 3330; x_wconf 82' lang='grc' dir='ltr'>ὁδου,</span> <span class='ocrx_word' id='word_1_247' title='bbox 3456 3257 3511 3311; x_wconf 74' lang='grc' dir='ltr'>ἐκ</span> <span class='ocrx_word' id='word_1_248' title='bbox 3537 3260 3726 3314; x_wconf 88' lang='grc' dir='ltr'>πολλου</span> 
     </span>
    </p>
   </div>
   <div class='ocr_carea' id='block_1_25' title="bbox 360 3345 1479 3425">
    <p class='ocr_par' dir='ltr' id='par_1_25' title="bbox 360 3345 1479 3425">
     <span class='ocr_line' id='line_1_25' title="bbox 360 3345 1479 3425; baseline 0 -24"><span class='ocrx_word' id='word_1_249' title='bbox 360 3345 465 3401; x_wconf 76' lang='grc' dir='ltr'><strong><em>οἶδ’</em></strong></span> <span class='ocrx_word' id='word_1_250' title='bbox 488 3350 568 3401; x_wconf 82' lang='grc' dir='ltr'><strong><em>ότι</em></strong></span> <span class='ocrx_word' id='word_1_251' title='bbox 596 3354 686 3402; x_wconf 79' lang='grc' dir='ltr'>καὶ</span> <span class='ocrx_word' id='word_1_252' title='bbox 723 3353 970 3425; x_wconf 85' lang='grc' dir='ltr'>πρότερον</span> <span class='ocrx_word' id='word_1_253' title='bbox 1009 3349 1191 3421; x_wconf 79' lang='grc' dir='ltr'>μαθεῖν</span> <span class='ocrx_word' id='word_1_254' title='bbox 1230 3347 1479 3408; x_wconf 74' lang='grc' dir='ltr'>ἐζητεῖτε.</span> 
     </span>
    </p>
   </div>
   <div class='ocr_carea' id='block_1_26' title="bbox 435 3434 2204 3510">
    <p class='ocr_par' dir='ltr' id='par_1_26' title="bbox 435 3434 2204 3510">
     <span class='ocr_line' id='line_1_26' title="bbox 435 3434 2204 3510; baseline -0.006 -16"><span class='ocrx_word' id='word_1_255' title='bbox 435 3436 722 3509; x_wconf 83' lang='lat' dir='ltr'><strong><em>Ejusdem</em></strong></span> <span class='ocrx_word' id='word_1_256' title='bbox 755 3438 906 3509; x_wconf 78' lang='grc' dir='ltr'>λόγος</span> <span class='ocrx_word' id='word_1_257' title='bbox 945 3434 1289 3510; x_wconf 60' lang='grc' dir='ltr'>σκεδασθεὶς</span> <span class='ocrx_word' id='word_1_258' title='bbox 1320 3436 1391 3498; x_wconf 88' lang='grc' dir='ltr'><strong><em>εἰς</em></strong></span> <span class='ocrx_word' id='word_1_259' title='bbox 1430 3439 1525 3493; x_wconf 78' lang='grc' dir='ltr'>τὴν</span> <span class='ocrx_word' id='word_1_260' title='bbox 1557 3439 1720 3506; x_wconf 75' lang='grc' dir='ltr'>ταφὴν</span> <span class='ocrx_word' id='word_1_261' title='bbox 1750 3452 1843 3487; x_wconf 89' lang='grc' dir='ltr'><strong><em>του</em></strong></span> <span class='ocrx_word' id='word_1_262' title='bbox 1876 3439 2113 3507; x_wconf 75' lang='grc' dir='ltr'><strong><em>Σωτῆρος</em></strong></span> <span class='ocrx_word' id='word_1_263' title='bbox 2148 3439 2204 3506; x_wconf 58' lang='grc' dir='ltr'><strong><em>Χι</em></strong></span> 
     </span>
    </p>
   </div>
   <div class='ocr_carea' id='block_1_27' title="bbox 1959 3434 3728 3510">
    <p class='ocr_par' dir='ltr' id='par_1_27' title="bbox 1959 3435 3728 3507">
     <span class='ocr_line' id='line_1_27' title="bbox 1959 3435 3728 3507; baseline 0.005 -22"><span class='ocrx_word' id='word_1_264' title='bbox 1959 3440 2113 3507; x_wconf 67' lang='lat' dir='ltr'><strong><em>ripa;</em></strong></span> <span class='ocrx_word' id='word_1_265' title='bbox 2148 3439 2383 3506; x_wconf 82' lang='grc' dir='ltr'>Χριστου</span> <span class='ocrx_word' id='word_1_266' title='bbox 2423 3440 2556 3486; x_wconf 85' lang='grc' dir='ltr'>Θεου</span> <span class='ocrx_word' id='word_1_267' title='bbox 2584 3436 2751 3506; x_wconf 74' lang='grc' dir='ltr'>ἡμῶν.</span> <span class='ocrx_word' id='word_1_268' title='bbox 2785 3435 2992 3492; x_wconf 78' lang='lat' dir='ltr'><strong><em>Oratio</em></strong></span> <span class='ocrx_word' id='word_1_269' title='bbox 3021 3450 3098 3492; x_wconf 71' lang='lat' dir='ltr'><strong><em>ex</em></strong></span> <span class='ocrx_word' id='word_1_270' title='bbox 3127 3437 3428 3504; x_wconf 86' lang='lat' dir='ltr'><strong><em>imparato</em></strong></span> <span class='ocrx_word' id='word_1_271' title='bbox 3460 3436 3625 3493; x_wconf 86' lang='lat' dir='ltr'><strong><em>dicta</em></strong></span> <span class='ocrx_word' id='word_1_272' title='bbox 3665 3440 3728 3494; x_wconf 91' lang='lat' dir='ltr'><strong><em>in</em></strong></span> 
     </span>
    </p>
   </div>
   <div class='ocr_carea' id='block_1_28' title="bbox 354 3520 2123 3597">
    <p class='ocr_par' dir='ltr' id='par_1_28' title="bbox 354 3520 2123 3597">
     <span class='ocr_line' id='line_1_28' title="bbox 354 3520 2123 3597; baseline -0.007 -13"><span class='ocrx_word' id='word_1_273' title='bbox 354 3528 733 3597; x_wconf 76' lang='lat' dir='ltr'><strong><em>sepulturam</em></strong></span> <span class='ocrx_word' id='word_1_274' title='bbox 772 3528 1105 3584; x_wconf 86' lang='lat' dir='ltr'><strong><em>Servatoris</em></strong></span> <span class='ocrx_word' id='word_1_275' title='bbox 1138 3526 1359 3581; x_wconf 80' lang='lat' dir='ltr'><strong><em>Christi</em></strong></span> <span class='ocrx_word' id='word_1_276' title='bbox 1404 3525 1517 3581; x_wconf 86' lang='lat' dir='ltr'><strong><em>Dei</em></strong></span> <span class='ocrx_word' id='word_1_277' title='bbox 1546 3523 1757 3580; x_wconf 85' lang='lat' dir='ltr'><strong><em>nostri.</em></strong></span> <span class='ocrx_word' id='word_1_278' title='bbox 1799 3525 1859 3578; x_wconf 88' lang='lat' dir='ltr'><strong><em>P.</em></strong></span> <span class='ocrx_word' id='word_1_279' title='bbox 1890 3520 2123 3574; x_wconf 75' lang='grc' dir='ltr'>Ἀναϐάλῖ</span> 
     </span>
    </p>
   </div>
   <div class='ocr_carea' id='block_1_29' title="bbox 1960 3520 3729 3597">
    <p class='ocr_par' dir='ltr' id='par_1_29' title="bbox 1960 3520 3729 3597">
     <span class='ocr_line' id='line_1_29' title="bbox 1960 3520 3729 3597; baseline 0.004 -24"><span class='ocrx_word' id='word_1_280' title='bbox 1960 3520 2256 3573; x_wconf 78' lang='grc' dir='ltr'>ναϐάλλεται</span> <span class='ocrx_word' id='word_1_281' title='bbox 2280 3524 2370 3593; x_wconf 71' lang='grc' dir='ltr'><strong><em>μεν</em></strong></span> <span class='ocrx_word' id='word_1_282' title='bbox 2401 3522 2426 3573; x_wconf 89' lang='grc' dir='ltr'><strong><em>ό</em></strong></span> <span class='ocrx_word' id='word_1_283' title='bbox 2460 3523 2688 3592; x_wconf 76' lang='grc' dir='ltr'>Ἰησους,</span> <span class='ocrx_word' id='word_1_284' title='bbox 2730 3528 2821 3577; x_wconf 83' lang='grc' dir='ltr'>καὶ</span> <span class='ocrx_word' id='word_1_285' title='bbox 2861 3533 2961 3597; x_wconf 74' lang='grc' dir='ltr'><strong><em>φῶς</em></strong></span> <span class='ocrx_word' id='word_1_286' title='bbox 2991 3526 3058 3587; x_wconf 81' lang='grc' dir='ltr'>ὼς</span> <span class='ocrx_word' id='word_1_287' title='bbox 3101 3525 3328 3597; x_wconf 77' lang='grc' dir='ltr'>ἱμάτιον,</span> <span class='ocrx_word' id='word_1_288' title='bbox 3377 3530 3577 3584; x_wconf 82' lang='grc' dir='ltr'>πηνίκα</span> <span class='ocrx_word' id='word_1_289' title='bbox 3620 3533 3729 3588; x_wconf 86' lang='grc' dir='ltr'>τοῖς</span> 
     </span>
    </p>
   </div>
   <div class='ocr_carea' id='block_1_30' title="bbox 356 3612 1632 3691">
    <p class='ocr_par' dir='ltr' id='par_1_30' title="bbox 356 3612 1632 3691">
     <span class='ocr_line' id='line_1_30' title="bbox 356 3612 1632 3691; baseline -0.002 -22"><span class='ocrx_word' id='word_1_290' title='bbox 356 3620 619 3691; x_wconf 79' lang='grc' dir='ltr'>μαθηταῖς</span> <span class='ocrx_word' id='word_1_291' title='bbox 652 3615 965 3691; x_wconf 75' lang='grc' dir='ltr'>ἀστράπτων</span> <span class='ocrx_word' id='word_1_292' title='bbox 996 3614 1079 3668; x_wconf 74' lang='grc' dir='ltr'><strong><em>ἐπὶ</em></strong></span> <span class='ocrx_word' id='word_1_293' title='bbox 1107 3634 1196 3669; x_wconf 88' lang='grc' dir='ltr'><strong><em>του</em></strong></span> <span class='ocrx_word' id='word_1_294' title='bbox 1238 3618 1389 3687; x_wconf 73' lang='grc' dir='ltr'>ὅρους</span> <span class='ocrx_word' id='word_1_295' title='bbox 1427 3612 1632 3686; x_wconf 81' lang='grc' dir='ltr'>Θαϐὡρ.</span> 
     </span>
    </p>
   </div>
   <div class='ocr_carea' id='block_1_31' title="bbox 430 3700 2199 3776">
    <p class='ocr_par' dir='ltr' id='par_1_31' title="bbox 430 3700 2199 3776">
     <span class='ocr_line' id='line_1_31' title="bbox 430 3700 2199 3776; baseline -0.005 -14"><span class='ocrx_word' id='word_1_296' title='bbox 430 3707 711 3774; x_wconf 79' lang='lat' dir='ltr'><strong><em>Ejusdem</em></strong></span> <span class='ocrx_word' id='word_1_297' title='bbox 758 3708 1043 3775; x_wconf 77' lang='grc' dir='ltr'>Ματθαῖος,</span> <span class='ocrx_word' id='word_1_298' title='bbox 1084 3706 1113 3764; x_wconf 81' lang='grc' dir='ltr'><strong>ἣ</strong></span> <span class='ocrx_word' id='word_1_299' title='bbox 1149 3705 1303 3776; x_wconf 84' lang='grc' dir='ltr'>λόγος</span> <span class='ocrx_word' id='word_1_300' title='bbox 1331 3702 1680 3772; x_wconf 67' lang='lat' dir='ltr'><strong><em>Matt/usus,</em></strong></span> <span class='ocrx_word' id='word_1_301' title='bbox 1706 3702 1828 3758; x_wconf 86' lang='lat' dir='ltr'><strong><em>sive</em></strong></span> <span class='ocrx_word' id='word_1_302' title='bbox 1856 3702 2073 3770; x_wconf 83' lang='lat' dir='ltr'><strong><em>oratio,</em></strong></span> <span class='ocrx_word' id='word_1_303' title='bbox 2108 3700 2199 3756; x_wconf 80' lang='lat' dir='ltr'><strong><em>in:</em></strong></span> 
     </span>
    </p>
   </div>
   <div class='ocr_carea' id='block_1_32' title="bbox 1958 3700 3727 3776">
    <p class='ocr_par' dir='ltr' id='par_1_32' title="bbox 1958 3700 3727 3776">
     <span class='ocr_line' id='line_1_32' title="bbox 1958 3700 3727 3776; baseline 0.001 -19"><span class='ocrx_word' id='word_1_304' title='bbox 1958 3702 2073 3770; x_wconf 69' lang='lat' dir='ltr'><strong><em>ztio,</em></strong></span> <span class='ocrx_word' id='word_1_305' title='bbox 2108 3700 2167 3756; x_wconf 91' lang='lat' dir='ltr'><strong><em>in</em></strong></span> <span class='ocrx_word' id='word_1_306' title='bbox 2195 3705 2425 3772; x_wconf 79' lang='lat' dir='ltr'><strong><em>septem</em></strong></span> <span class='ocrx_word' id='word_1_307' title='bbox 2458 3702 2751 3757; x_wconf 89' lang='lat' dir='ltr'><strong><em>sectiones</em></strong></span> <span class='ocrx_word' id='word_1_308' title='bbox 2780 3702 3079 3758; x_wconf 88' lang='lat' dir='ltr'><strong><em>distincta.</em></strong></span> <span class='ocrx_word' id='word_1_309' title='bbox 3116 3704 3155 3756; x_wconf 85' lang='grc' dir='ltr'><strong><em>Ι.</em></strong></span> <span class='ocrx_word' id='word_1_310' title='bbox 3198 3705 3258 3758; x_wconf 84' lang='grc' dir='ltr'><strong><em>Ρ.</em></strong></span> <span class='ocrx_word' id='word_1_311' title='bbox 3282 3702 3406 3755; x_wconf 79' lang='grc' dir='ltr'>Ὀτι</span> <span class='ocrx_word' id='word_1_312' title='bbox 3431 3723 3522 3776; x_wconf 87' lang='grc' dir='ltr'><strong><em>μοι</em></strong></span> <span class='ocrx_word' id='word_1_313' title='bbox 3542 3704 3609 3757; x_wconf 78' lang='grc' dir='ltr'>τὰ</span> <span class='ocrx_word' id='word_1_314' title='bbox 3637 3714 3727 3767; x_wconf 79' lang='grc' dir='ltr'>τῆς</span> 
     </span>
    </p>
   </div>
   <div class='ocr_carea' id='block_1_33' title="bbox 357 3788 3728 3869">
    <p class='ocr_par' dir='ltr' id='par_1_33' title="bbox 357 3788 3728 3869">
     <span class='ocr_line' id='line_1_33' title="bbox 357 3788 3728 3869; baseline -0 -21"><span class='ocrx_word' id='word_1_315' title='bbox 357 3798 550 3857; x_wconf 75' lang='grc' dir='ltr'>ἠθικῆς</span> <span class='ocrx_word' id='word_1_316' title='bbox 575 3796 789 3869; x_wconf 57' lang='lat' dir='ltr'><strong><em>uelim;</em></strong></span> <span class='ocrx_word' id='word_1_317' title='bbox 820 3796 890 3856; x_wconf 81' lang='grc' dir='ltr'>εἰς</span> <span class='ocrx_word' id='word_1_318' title='bbox 922 3798 1009 3848; x_wconf 89' lang='grc' dir='ltr'>τὸν</span> <span class='ocrx_word' id='word_1_319' title='bbox 1040 3793 1367 3866; x_wconf 67' lang='grc' dir='ltr'>εὖαγγελικὸν</span> <span class='ocrx_word' id='word_1_320' title='bbox 1396 3797 1693 3851; x_wconf 80' lang='grc' dir='ltr'>κατήντησε</span> <span class='ocrx_word' id='word_1_321' title='bbox 1721 3790 1893 3863; x_wconf 82' lang='grc' dir='ltr'>λόγον.</span> <span class='ocrx_word' id='word_1_322' title='bbox 1926 3790 1992 3845; x_wconf 92' lang='lat' dir='ltr'><strong><em>II.</em></strong></span> <span class='ocrx_word' id='word_1_323' title='bbox 2020 3790 2081 3843; x_wconf 87' lang='grc' dir='ltr'>Ὁ</span> <span class='ocrx_word' id='word_1_324' title='bbox 2109 3790 2298 3853; x_wconf 72' lang='grc' dir='ltr'>τελειος</span> <span class='ocrx_word' id='word_1_325' title='bbox 2329 3788 2569 3849; x_wconf 77' lang='grc' dir='ltr'>ἀληθεύει</span> <span class='ocrx_word' id='word_1_326' title='bbox 2598 3790 2681 3860; x_wconf 79' lang='grc' dir='ltr'>ἂν,</span> <span class='ocrx_word' id='word_1_327' title='bbox 2711 3792 2754 3844; x_wconf 82' lang='grc' dir='ltr'>εἰ</span> <span class='ocrx_word' id='word_1_328' title='bbox 2777 3796 2904 3867; x_wconf 86' lang='grc' dir='ltr'>πρὸς</span> <span class='ocrx_word' id='word_1_329' title='bbox 2928 3796 3015 3845; x_wconf 89' lang='grc' dir='ltr'><strong><em>τόν</em></strong></span> <span class='ocrx_word' id='word_1_330' title='bbox 3045 3796 3198 3865; x_wconf 85' lang='grc' dir='ltr'>μόνον</span> <span class='ocrx_word' id='word_1_331' title='bbox 3228 3794 3365 3867; x_wconf 78' lang='grc' dir='ltr'>ὁρῴη</span> <span class='ocrx_word' id='word_1_332' title='bbox 3393 3793 3601 3850; x_wconf 78' lang='grc' dir='ltr'>τέλειον.</span> <span class='ocrx_word' id='word_1_333' title='bbox 3638 3796 3728 3851; x_wconf 89' lang='lat' dir='ltr'>III.</span> 
     </span>
    </p>
   </div>
   <div class='ocr_carea' id='block_1_34' title="bbox 356 3876 3734 3957">
    <p class='ocr_par' dir='ltr' id='par_1_34' title="bbox 356 3876 3734 3957">
     <span class='ocr_line' id='line_1_34' title="bbox 356 3876 3734 3957; baseline 0 -19"><span class='ocrx_word' id='word_1_334' title='bbox 356 3893 534 3940; x_wconf 67' lang='grc' dir='ltr'>Ταῦτα</span> <span class='ocrx_word' id='word_1_335' title='bbox 576 3890 666 3957; x_wconf 65' lang='grc' dir='ltr'>μὲν</span> <span class='ocrx_word' id='word_1_336' title='bbox 699 3884 781 3937; x_wconf 79' lang='grc' dir='ltr'><strong><em>ἐπὶ</em></strong></span> <span class='ocrx_word' id='word_1_337' title='bbox 824 3894 915 3937; x_wconf 73' lang='grc' dir='ltr'>τοῦ</span> <span class='ocrx_word' id='word_1_338' title='bbox 957 3888 1105 3957; x_wconf 82' lang='grc' dir='ltr'>ὄρους</span> <span class='ocrx_word' id='word_1_339' title='bbox 1141 3885 1168 3934; x_wconf 88' lang='grc' dir='ltr'><strong><em>ό</em></strong></span> <span class='ocrx_word' id='word_1_340' title='bbox 1194 3884 1400 3943; x_wconf 79' lang='grc' dir='ltr'>Ἰησοῦς</span> <span class='ocrx_word' id='word_1_341' title='bbox 1437 3889 1549 3944; x_wconf 90' lang='grc' dir='ltr'>τοῖς</span> <span class='ocrx_word' id='word_1_342' title='bbox 1577 3881 1840 3954; x_wconf 84' lang='grc' dir='ltr'>μαθηταῖς</span> <span class='ocrx_word' id='word_1_343' title='bbox 1872 3876 2189 3951; x_wconf 73' lang='grc' dir='ltr'>διαλέγεται.</span> <span class='ocrx_word' id='word_1_344' title='bbox 2245 3881 2330 3935; x_wconf 80' lang='grc' dir='ltr'>ιν.</span> <span class='ocrx_word' id='word_1_345' title='bbox 2364 3879 2422 3933; x_wconf 89' lang='grc' dir='ltr'><strong><em>’Ν</em></strong></span> <span class='ocrx_word' id='word_1_346' title='bbox 2453 3883 2581 3953; x_wconf 79' lang='grc' dir='ltr'>μετὰ</span> <span class='ocrx_word' id='word_1_347' title='bbox 2610 3880 2889 3953; x_wconf 78' lang='grc' dir='ltr'>τοῦλόγου</span> <span class='ocrx_word' id='word_1_348' title='bbox 2919 3884 3157 3952; x_wconf 74' lang='grc' dir='ltr'>συνάγειν</span> <span class='ocrx_word' id='word_1_349' title='bbox 3198 3885 3264 3934; x_wconf 79' lang='grc' dir='ltr'>τὰ</span> <span class='ocrx_word' id='word_1_350' title='bbox 3312 3878 3734 3957; x_wconf 79' lang='grc' dir='ltr'>διεσκεδασμένα</span> 
     </span>
    </p>
   </div>
   <div class='ocr_carea' id='block_1_35' title="bbox 356 3966 3734 4048">
    <p class='ocr_par' dir='ltr' id='par_1_35' title="bbox 356 3966 3734 4048">
     <span class='ocr_line' id='line_1_35' title="bbox 356 3966 3734 4048; baseline -0.001 -19"><span class='ocrx_word' id='word_1_351' title='bbox 356 3975 547 4030; x_wconf 72' lang='grc' dir='ltr'>λαϐὼν.</span> <span class='ocrx_word' id='word_1_352' title='bbox 580 3977 640 4030; x_wconf 79' lang='grc' dir='ltr'>ν.</span> <span class='ocrx_word' id='word_1_353' title='bbox 672 3982 851 4028; x_wconf 73' lang='grc' dir='ltr'>Ταῦτα</span> <span class='ocrx_word' id='word_1_354' title='bbox 902 3978 992 4048; x_wconf 67' lang='grc' dir='ltr'>μὲν</span> <span class='ocrx_word' id='word_1_355' title='bbox 1024 3970 1091 4032; x_wconf 77' lang='grc' dir='ltr'><strong><em>δὴ</em></strong></span> <span class='ocrx_word' id='word_1_356' title='bbox 1126 3978 1456 4047; x_wconf 73' lang='grc' dir='ltr'>κρυφιὼτερα</span> <span class='ocrx_word' id='word_1_357' title='bbox 1490 3976 1580 4023; x_wconf 80' lang='grc' dir='ltr'>καὶ</span> <span class='ocrx_word' id='word_1_358' title='bbox 1610 3974 1979 4045; x_wconf 79' lang='grc' dir='ltr'>μυστικώτερα</span> <span class='ocrx_word' id='word_1_359' title='bbox 2005 3990 2018 4003; x_wconf 86' lang='grc'><strong>·</strong></span> <span class='ocrx_word' id='word_1_360' title='bbox 2051 3976 2141 4021; x_wconf 84' lang='grc' dir='ltr'>νῦν</span> <span class='ocrx_word' id='word_1_361' title='bbox 2171 3966 2230 4022; x_wconf 72' lang='grc' dir='ltr'>δε</span> <span class='ocrx_word' id='word_1_362' title='bbox 2257 3967 2365 4020; x_wconf 80' lang='grc' dir='ltr'>ἀλλ’</span> <span class='ocrx_word' id='word_1_363' title='bbox 2399 3969 2667 4043; x_wconf 73' lang='grc' dir='ltr'>ἐξέρχεται</span> <span class='ocrx_word' id='word_1_364' title='bbox 2707 3972 2732 4023; x_wconf 88' lang='grc' dir='ltr'><strong><em>ό</em></strong></span> <span class='ocrx_word' id='word_1_365' title='bbox 2771 3971 2925 4044; x_wconf 87' lang='grc' dir='ltr'>λόγος</span> <span class='ocrx_word' id='word_1_366' title='bbox 2953 3970 3008 4023; x_wconf 79' lang='grc' dir='ltr'>ἐκ</span> <span class='ocrx_word' id='word_1_367' title='bbox 3032 3973 3245 4023; x_wconf 81' lang='grc' dir='ltr'>τούτων.</span> <span class='ocrx_word' id='word_1_368' title='bbox 3287 3970 3377 4025; x_wconf 82' lang='lat' dir='ltr'><strong><em>VI.</em></strong></span> <span class='ocrx_word' id='word_1_369' title='bbox 3417 3970 3476 4024; x_wconf 81' lang='grc' dir='ltr'>Ὀ</span> <span class='ocrx_word' id='word_1_370' title='bbox 3504 3971 3659 4045; x_wconf 87' lang='grc' dir='ltr'>λόγος</span> <span class='ocrx_word' id='word_1_371' title='bbox 3689 3975 3734 4029; x_wconf 91' lang='grc' dir='ltr'>εἰ</span> 
     </span>
    </p>
   </div>
   <div class='ocr_carea' id='block_1_36' title="bbox 360 4056 3733 4140">
    <p class='ocr_par' dir='ltr' id='par_1_36' title="bbox 360 4056 3733 4140">
     <span class='ocr_line' id='line_1_36' title="bbox 360 4056 3733 4140; baseline 0.002 -30"><span class='ocrx_word' id='word_1_372' title='bbox 360 4073 473 4128; x_wconf 76' lang='grc' dir='ltr'>τοῖς</span> <span class='ocrx_word' id='word_1_373' title='bbox 502 4069 619 4140; x_wconf 79' lang='grc' dir='ltr'>περὶ</span> <span class='ocrx_word' id='word_1_374' title='bbox 658 4065 816 4117; x_wconf 68' lang='grc' dir='ltr'>αὑτὸν</span> <span class='ocrx_word' id='word_1_375' title='bbox 847 4063 1143 4137; x_wconf 73' lang='grc' dir='ltr'>ἑκφανθείη,</span> <span class='ocrx_word' id='word_1_376' title='bbox 1176 4062 1268 4115; x_wconf 67' lang='grc' dir='ltr'>οὐκ</span> <span class='ocrx_word' id='word_1_377' title='bbox 1299 4057 1407 4120; x_wconf 73' lang='grc' dir='ltr'><strong><em>ἤδη</em></strong></span> <span class='ocrx_word' id='word_1_378' title='bbox 1440 4064 1530 4113; x_wconf 80' lang='grc' dir='ltr'>καὶ</span> <span class='ocrx_word' id='word_1_379' title='bbox 1562 4066 1725 4113; x_wconf 76' lang='grc' dir='ltr'>πᾶσιν</span> <span class='ocrx_word' id='word_1_380' title='bbox 1756 4057 2089 4131; x_wconf 78' lang='grc' dir='ltr'>ἐκφαίνεσθαι</span> <span class='ocrx_word' id='word_1_381' title='bbox 2120 4058 2384 4131; x_wconf 80' lang='grc' dir='ltr'>βούλεται.</span> <span class='ocrx_word' id='word_1_382' title='bbox 2419 4060 2531 4114; x_wconf 86' lang='lat' dir='ltr'>VII.</span> <span class='ocrx_word' id='word_1_383' title='bbox 2556 4061 2639 4113; x_wconf 89' lang='grc' dir='ltr'>Ἐν</span> <span class='ocrx_word' id='word_1_384' title='bbox 2669 4066 2804 4113; x_wconf 81' lang='grc' dir='ltr'>πᾶσι</span> <span class='ocrx_word' id='word_1_385' title='bbox 2829 4063 2918 4133; x_wconf 70' lang='grc' dir='ltr'>μὲν</span> <span class='ocrx_word' id='word_1_386' title='bbox 2949 4056 3036 4113; x_wconf 85' lang='grc' dir='ltr'>οὖν</span> <span class='ocrx_word' id='word_1_387' title='bbox 3060 4066 3166 4121; x_wconf 86' lang='grc' dir='ltr'>τοῖς</span> <span class='ocrx_word' id='word_1_388' title='bbox 3186 4058 3511 4133; x_wconf 79' lang='grc' dir='ltr'>προλαϐοῦσι</span> <span class='ocrx_word' id='word_1_389' title='bbox 3538 4060 3572 4115; x_wconf 87' lang='grc' dir='ltr'><em>δ</em></span> <span class='ocrx_word' id='word_1_390' title='bbox 3578 4060 3733 4136; x_wconf 79' lang='grc' dir='ltr'>ιδάγ·</span> 
     </span>
    </p>
   </div>
   <div class='ocr_carea' id='block_1_37' title="bbox 362 4147 2131 4228">
    <p class='ocr_par' dir='ltr' id='par_1_37' title="bbox 362 4147 2131 4228">
     <span class='ocr_line' id='line_1_37' title="bbox 362 4147 2131 4228; baseline -0.002 -21"><span class='ocrx_word' id='word_1_391' title='bbox 362 4160 497 4228; x_wconf 84' lang='grc' dir='ltr'>μασὶ</span> <span class='ocrx_word' id='word_1_392' title='bbox 539 4174 593 4206; x_wconf 83' lang='grc' dir='ltr'><strong><em>τε</em></strong></span> <span class='ocrx_word' id='word_1_393' title='bbox 620 4155 646 4205; x_wconf 84' lang='grc' dir='ltr'><strong><em>ό</em></strong></span> <span class='ocrx_word' id='word_1_394' title='bbox 675 4154 828 4225; x_wconf 78' lang='grc' dir='ltr'>λόγος</span> <span class='ocrx_word' id='word_1_395' title='bbox 858 4151 1019 4226; x_wconf 78' lang='grc' dir='ltr'>εἶχεν.</span> <span class='ocrx_word' id='word_1_396' title='bbox 1054 4155 1121 4208; x_wconf 80' lang='lat' dir='ltr'><strong><em>Et</em></strong></span> <span class='ocrx_word' id='word_1_397' title='bbox 1147 4151 1276 4207; x_wconf 69' lang='lat' dir='ltr'><strong><em>haec</em></strong></span> <span class='ocrx_word' id='word_1_398' title='bbox 1303 4148 1597 4206; x_wconf 85' lang='lat' dir='ltr'><strong><em>Theodori</em></strong></span> <span class='ocrx_word' id='word_1_399' title='bbox 1628 4147 1850 4204; x_wconf 60' lang='lat' dir='ltr'><strong><em>Alanis:</em></strong></span> <span class='ocrx_word' id='word_1_400' title='bbox 1887 4147 2131 4218; x_wconf 82' lang='lat' dir='ltr'><strong><em>indigna</em></strong></span> 
     </span>
    </p>
   </div>
   <div class='ocr_carea' id='block_1_38' title="bbox 1966 4147 3735 4228">
    <p class='ocr_par' dir='ltr' id='par_1_38' title="bbox 1966 4147 3735 4220">
     <span class='ocr_line' id='line_1_38' title="bbox 1966 4147 3735 4220; baseline 0.002 -16"><span class='ocrx_word' id='word_1_401' title='bbox 1966 4147 2140 4218; x_wconf 76' lang='lat' dir='ltr'><strong><em>iigna</em></strong></span> <span class='ocrx_word' id='word_1_402' title='bbox 2167 4152 2354 4215; x_wconf 90' lang='lat' dir='ltr'><strong><em>ratus,</em></strong></span> <span class='ocrx_word' id='word_1_403' title='bbox 2387 4163 2522 4220; x_wconf 79' lang='lat' dir='ltr'><strong><em>quae</em></strong></span> <span class='ocrx_word' id='word_1_404' title='bbox 2551 4148 2652 4204; x_wconf 91' lang='lat' dir='ltr'><strong><em>diu</em></strong></span> <span class='ocrx_word' id='word_1_405' title='bbox 2674 4150 2735 4205; x_wconf 89' lang='lat' dir='ltr'><strong><em>in</em></strong></span> <span class='ocrx_word' id='word_1_406' title='bbox 2766 4149 3024 4205; x_wconf 83' lang='lat' dir='ltr'><strong><em>tenebris</em></strong></span> <span class='ocrx_word' id='word_1_407' title='bbox 3056 4148 3493 4217; x_wconf 84' lang='lat' dir='ltr'><strong><em>delitescerent,</em></strong></span> <span class='ocrx_word' id='word_1_408' title='bbox 3518 4152 3735 4210; x_wconf 87' lang='lat' dir='ltr'><strong><em>doctis-</em></strong></span> 
     </span>
    </p>
   </div>
   <div class='ocr_carea' id='block_1_39' title="bbox 363 4235 3735 4312">
    <p class='ocr_par' dir='ltr' id='par_1_39' title="bbox 363 4235 3735 4312">
     <span class='ocr_line' id='line_1_39' title="bbox 363 4235 3735 4312; baseline 0 -14"><span class='ocrx_word' id='word_1_409' title='bbox 363 4244 551 4300; x_wconf 89' lang='lat' dir='ltr'><strong><em>simus</em></strong></span> <span class='ocrx_word' id='word_1_410' title='bbox 573 4242 923 4298; x_wconf 80' lang='lat' dir='ltr'><strong><em>Vincentius</em></strong></span> <span class='ocrx_word' id='word_1_411' title='bbox 953 4240 1299 4297; x_wconf 80' lang='lat' dir='ltr'><strong><em>Riccardius</em></strong></span> <span class='ocrx_word' id='word_1_412' title='bbox 1346 4256 1418 4295; x_wconf 84' lang='lat' dir='ltr'><strong><em>ex</em></strong></span> <span class='ocrx_word' id='word_1_413' title='bbox 1461 4235 1843 4310; x_wconf 85' lang='lat' dir='ltr'><strong><em>autugrapho</em></strong></span> <span class='ocrx_word' id='word_1_414' title='bbox 1869 4236 2172 4310; x_wconf 78' lang='lat' dir='ltr'><strong><em>exscripta</em></strong></span> <span class='ocrx_word' id='word_1_415' title='bbox 2204 4237 2403 4293; x_wconf 83' lang='lat' dir='ltr'><strong><em>Latine</em></strong></span> <span class='ocrx_word' id='word_1_416' title='bbox 2430 4237 2712 4307; x_wconf 85' lang='lat' dir='ltr'><strong><em>reddidit,</em></strong></span> <span class='ocrx_word' id='word_1_417' title='bbox 2743 4238 3012 4294; x_wconf 84' lang='lat' dir='ltr'><strong><em>editurus</em></strong></span> <span class='ocrx_word' id='word_1_418' title='bbox 3041 4238 3105 4294; x_wconf 92' lang='lat' dir='ltr'><strong><em>in</em></strong></span> <span class='ocrx_word' id='word_1_419' title='bbox 3145 4239 3343 4295; x_wconf 87' lang='lat' dir='ltr'><strong><em>lucem</em></strong></span> <span class='ocrx_word' id='word_1_420' title='bbox 3379 4239 3735 4312; x_wconf 80' lang='lat' dir='ltr'><strong><em>aliquando,</em></strong></span> 
     </span>
    </p>
   </div>
   <div class='ocr_carea' id='block_1_40' title="bbox 361 4326 3736 4407">
    <p class='ocr_par' dir='ltr' id='par_1_40' title="bbox 361 4326 3736 4407">
     <span class='ocr_line' id='line_1_40' title="bbox 361 4326 3736 4407; baseline -0 -18"><span class='ocrx_word' id='word_1_421' title='bbox 361 4331 530 4407; x_wconf 89' lang='lat' dir='ltr'><strong><em>quod</em></strong></span> <span class='ocrx_word' id='word_1_422' title='bbox 568 4336 854 4405; x_wconf 84' lang='lat' dir='ltr'><strong><em>exoptare</em></strong></span> <span class='ocrx_word' id='word_1_423' title='bbox 901 4330 1198 4387; x_wconf 84' lang='lat' dir='ltr'><strong><em>debemus</em></strong></span> <span class='ocrx_word' id='word_1_424' title='bbox 1229 4344 1464 4397; x_wconf 80' lang='lat' dir='ltr'><strong><em>omnes,</em></strong></span> <span class='ocrx_word' id='word_1_425' title='bbox 1494 4328 1598 4401; x_wconf 89' lang='lat' dir='ltr'><strong><em>qui</em></strong></span> <span class='ocrx_word' id='word_1_426' title='bbox 1630 4326 2001 4399; x_wconf 84' lang='lat' dir='ltr'><strong><em>antiquitatis</em></strong></span> <span class='ocrx_word' id='word_1_427' title='bbox 2032 4326 2265 4399; x_wconf 89' lang='lat' dir='ltr'><strong><em>optima</em></strong></span> <span class='ocrx_word' id='word_1_428' title='bbox 2294 4332 2709 4391; x_wconf 88' lang='lat' dir='ltr'><strong><em>monumenta,</em></strong></span> <span class='ocrx_word' id='word_1_429' title='bbox 2742 4343 2817 4383; x_wconf 87' lang='lat' dir='ltr'><strong><em>ne</em></strong></span> <span class='ocrx_word' id='word_1_430' title='bbox 2865 4332 3134 4399; x_wconf 88' lang='lat' dir='ltr'><strong><em>pereant,</em></strong></span> <span class='ocrx_word' id='word_1_431' title='bbox 3186 4327 3323 4383; x_wconf 85' lang='lat' dir='ltr'><strong><em>totis</em></strong></span> <span class='ocrx_word' id='word_1_432' title='bbox 3374 4329 3603 4386; x_wconf 87' lang='lat' dir='ltr'><strong><em>viribus</em></strong></span> <span class='ocrx_word' id='word_1_433' title='bbox 3650 4332 3736 4388; x_wconf 90' lang='lat' dir='ltr'><strong><em>in-</em></strong></span> 
     </span>
    </p>
   </div>
   <div class='ocr_carea' id='block_1_41' title="bbox 361 4415 3735 4489">
    <p class='ocr_par' dir='ltr' id='par_1_41' title="bbox 361 4415 3735 4489">
     <span class='ocr_line' id='line_1_41' title="bbox 361 4415 3735 4489; baseline -0.001 -11"><span class='ocrx_word' id='word_1_434' title='bbox 361 4421 731 4478; x_wconf 88' lang='lat' dir='ltr'><strong><em>cumbimus.</em></strong></span> <span class='ocrx_word' id='word_1_435' title='bbox 765 4424 846 4477; x_wconf 86' lang='lat' dir='ltr'><strong><em>Ex</em></strong></span> <span class='ocrx_word' id='word_1_436' title='bbox 875 4422 993 4477; x_wconf 91' lang='lat' dir='ltr'><strong><em>hoc</em></strong></span> <span class='ocrx_word' id='word_1_437' title='bbox 1039 4418 1332 4476; x_wconf 78' lang='lat' dir='ltr'><strong><em>Biccardii</em></strong></span> <span class='ocrx_word' id='word_1_438' title='bbox 1369 4416 1702 4489; x_wconf 85' lang='lat' dir='ltr'><strong><em>exemplari</em></strong></span> <span class='ocrx_word' id='word_1_439' title='bbox 1745 4415 2063 4488; x_wconf 81' lang='lat' dir='ltr'><strong><em>exscripta,</em></strong></span> <span class='ocrx_word' id='word_1_440' title='bbox 2094 4430 2169 4471; x_wconf 88' lang='lat' dir='ltr'><strong><em>ne</em></strong></span> <span class='ocrx_word' id='word_1_441' title='bbox 2218 4416 2276 4470; x_wconf 90' lang='lat' dir='ltr'><strong><em>in</em></strong></span> <span class='ocrx_word' id='word_1_442' title='bbox 2327 4431 2448 4471; x_wconf 89' lang='lat' dir='ltr'><strong><em>uno</em></strong></span> <span class='ocrx_word' id='word_1_443' title='bbox 2481 4420 2713 4472; x_wconf 87' lang='lat' dir='ltr'><strong><em>tantum</em></strong></span> <span class='ocrx_word' id='word_1_444' title='bbox 2757 4416 3084 4489; x_wconf 83' lang='lat' dir='ltr'><strong><em>exemplari</em></strong></span> <span class='ocrx_word' id='word_1_445' title='bbox 3125 4431 3219 4472; x_wconf 89' lang='lat' dir='ltr'><strong><em>res</em></strong></span> <span class='ocrx_word' id='word_1_446' title='bbox 3258 4417 3405 4473; x_wconf 89' lang='lat' dir='ltr'><strong><em>tanti</em></strong></span> <span class='ocrx_word' id='word_1_447' title='bbox 3443 4420 3735 4476; x_wconf 90' lang='lat' dir='ltr'><strong><em>momenti</em></strong></span> 
     </span>
    </p>
   </div>
   <div class='ocr_carea' id='block_1_42' title="bbox 362 4504 3144 4585">
    <p class='ocr_par' dir='ltr' id='par_1_42' title="bbox 362 4504 3144 4585">
     <span class='ocr_line' id='line_1_42' title="bbox 362 4504 3144 4585; baseline -0.003 -19"><span class='ocrx_word' id='word_1_448' title='bbox 362 4511 817 4585; x_wconf 82' lang='lat' dir='ltr'><strong><em>periclitaretur,</em></strong></span> <span class='ocrx_word' id='word_1_449' title='bbox 848 4512 909 4566; x_wconf 88' lang='lat' dir='ltr'><strong><em>in</em></strong></span> <span class='ocrx_word' id='word_1_450' title='bbox 950 4507 1501 4566; x_wconf 87' lang='lat' dir='ltr'><strong><em>muniﬁcentissimi</em></strong></span> <span class='ocrx_word' id='word_1_451' title='bbox 1533 4505 1821 4579; x_wconf 86' lang='lat' dir='ltr'><strong><em>principis</em></strong></span> <span class='ocrx_word' id='word_1_452' title='bbox 1852 4504 2158 4562; x_wconf 89' lang='lat' dir='ltr'><strong><em>Barberini</em></strong></span> <span class='ocrx_word' id='word_1_453' title='bbox 2183 4504 2550 4561; x_wconf 87' lang='lat' dir='ltr'><strong><em>bibliotheca</em></strong></span> <span class='ocrx_word' id='word_1_454' title='bbox 2591 4511 3021 4563; x_wconf 85' lang='lat' dir='ltr'><strong><em>conservantur</em></strong></span> <span class='ocrx_word' id='word_1_455' title='bbox 3042 4505 3144 4578; x_wconf 75' lang='lat'><strong><em>(2).</em></strong></span> 
     </span>
    </p>
   </div>
   <div class='ocr_carea' id='block_1_43' title="bbox 431 4680 3737 4757">
    <p class='ocr_par' dir='ltr' id='par_1_43' title="bbox 431 4680 3737 4757">
     <span class='ocr_line' id='line_1_43' title="bbox 431 4680 3737 4757; baseline -0 -14"><span class='ocrx_word' id='word_1_456' title='bbox 431 4692 450 4757; x_wconf 79' lang='lat'>(</span> <span class='ocrx_word' id='word_1_457' title='bbox 464 4693 513 4757; x_wconf 71' lang='grc' dir='ltr'><strong><em>ί)</em></strong></span> <span class='ocrx_word' id='word_1_458' title='bbox 554 4688 718 4742; x_wconf 86' lang='lat' dir='ltr'><strong><em>Hanc</em></strong></span> <span class='ocrx_word' id='word_1_459' title='bbox 749 4686 1060 4743; x_wconf 78' lang='lat' dir='ltr'><strong><em>Alanicam</em></strong></span> <span class='ocrx_word' id='word_1_460' title='bbox 1090 4687 1423 4743; x_wconf 84' lang='lat' dir='ltr'><strong><em>orationem</em></strong></span> <span class='ocrx_word' id='word_1_461' title='bbox 1448 4684 1509 4740; x_wconf 90' lang='lat' dir='ltr'><strong><em>in</em></strong></span> <span class='ocrx_word' id='word_1_462' title='bbox 1542 4682 1826 4757; x_wconf 82' lang='lat' dir='ltr'><strong><em>manibus</em></strong></span> <span class='ocrx_word' id='word_1_463' title='bbox 1853 4680 1969 4757; x_wconf 76' lang='lat' dir='ltr'><strong><em>ba-</em></strong></span> <span class='ocrx_word' id='word_1_464' title='bbox 2092 4755 2111 4757; x_wconf 80' lang='lat'><strong><em>_</em></strong></span> <span class='ocrx_word' id='word_1_465' title='bbox 2150 4682 2227 4753; x_wconf 79' lang='lat'><strong><em>(&#39;2)</em></strong></span> <span class='ocrx_word' id='word_1_466' title='bbox 2274 4680 2401 4757; x_wconf 83' lang='lat' dir='ltr'><strong><em>Vidi</em></strong></span> <span class='ocrx_word' id='word_1_467' title='bbox 2426 4681 2577 4757; x_wconf 90' lang='lat' dir='ltr'><strong><em>_olim_</em></strong></span> <span class='ocrx_word' id='word_1_468' title='bbox 2596 4681 3045 4757; x_wconf 80' lang='lat' dir='ltr'><strong><em>inbibliotheca</em></strong></span> <span class='ocrx_word' id='word_1_469' title='bbox 3076 4682 3397 4757; x_wconf 77' lang='lat' dir='ltr'><strong><em>Barberina</em></strong></span> <span class='ocrx_word' id='word_1_470' title='bbox 3427 4685 3737 4757; x_wconf 85' lang='lat' dir='ltr'><strong><em>exemplar</em></strong></span> 
     </span>
    </p>
   </div>
   <div class='ocr_carea' id='block_1_44' title="bbox 358 4752 3735 4829">
    <p class='ocr_par' dir='ltr' id='par_1_44' title="bbox 358 4752 3735 4829">
     <span class='ocr_line' id='line_1_44' title="bbox 358 4752 3735 4829; baseline -0.001 -13"><span class='ocrx_word' id='word_1_471' title='bbox 358 4752 665 4817; x_wconf 42' lang='lat' dir='ltr'><strong><em>beo&#39;tcum</em></strong></span> <span class='ocrx_word' id='word_1_472' title='bbox 691 4760 915 4814; x_wconf 72' lang='lat' dir='ltr'><strong><em>caeteris</em></strong></span> <span class='ocrx_word' id='word_1_473' title='bbox 937 4758 1232 4829; x_wconf 84' lang='lat' dir='ltr'><strong><em>Theodori</em></strong></span> <span class='ocrx_word' id='word_1_474' title='bbox 1251 4757 1506 4829; x_wconf 87' lang='lat' dir='ltr'><strong><em>scriptis)</em></strong></span> <span class='ocrx_word' id='word_1_475' title='bbox 1533 4762 1589 4811; x_wconf 85' lang='lat' dir='ltr'><strong><em>ct</em></strong></span> <span class='ocrx_word' id='word_1_476' title='bbox 1610 4755 1739 4826; x_wconf 86' lang='lat' dir='ltr'><strong><em>jam</em></strong></span> <span class='ocrx_word' id='word_1_477' title='bbox 1760 4753 1968 4829; x_wconf 85' lang='lat' dir='ltr'><strong><em>Latina</em></strong></span> <span class='ocrx_word' id='word_1_478' title='bbox 2078 4752 2347 4829; x_wconf 67' lang='lat' dir='ltr'><strong><em>Graecum</em></strong></span> <span class='ocrx_word' id='word_1_479' title='bbox 2382 4753 2681 4829; x_wconf 59' lang='lat' dir='ltr'><strong><em>Theodori</em></strong></span> <span class='ocrx_word' id='word_1_480' title='bbox 2703 4753 2927 4829; x_wconf 67' lang='lat' dir='ltr'><strong><em>Alanite</em></strong></span> <span class='ocrx_word' id='word_1_481' title='bbox 2952 4773 2965 4818; x_wconf 90' lang='lat'><strong>;</strong></span> <span class='ocrx_word' id='word_1_482' title='bbox 3007 4754 3112 4809; x_wconf 86' lang='lat' dir='ltr'><strong><em>sed</em></strong></span> <span class='ocrx_word' id='word_1_483' title='bbox 3140 4754 3421 4829; x_wconf 6' lang='lat' dir='ltr'><strong><em>Latinam,</em></strong></span> <span class='ocrx_word' id='word_1_484' title='bbox 3451 4752 3735 4829; x_wconf 81' lang='lat' dir='ltr'><strong><em>interpre-</em></strong></span> 
     </span>
    </p>
   </div>
   <div class='ocr_carea' id='block_1_45' title="bbox 358 4824 3735 4908">
    <p class='ocr_par' dir='ltr' id='par_1_45' title="bbox 358 4824 3735 4908">
     <span class='ocr_line' id='line_1_45' title="bbox 358 4824 3735 4908; baseline -0 -23"><span class='ocrx_word' id='word_1_485' title='bbox 358 4828 522 4908; x_wconf 58' lang='lat' dir='ltr'><strong><em>reste</em></strong></span> <span class='ocrx_word' id='word_1_486' title='bbox 553 4847 649 4908; x_wconf 77' lang='lat' dir='ltr'><strong><em>me</em></strong></span> <span class='ocrx_word' id='word_1_487' title='bbox 678 4832 968 4908; x_wconf 72' lang='lat' dir='ltr'><strong><em>donatam</em></strong></span> <span class='ocrx_word' id='word_1_488' title='bbox 1001 4828 1269 4908; x_wconf 74' lang='lat' dir='ltr'><strong><em>editurus</em></strong></span> <span class='ocrx_word' id='word_1_489' title='bbox 1290 4824 1540 4885; x_wconf 81' lang='lat' dir='ltr'><strong><em>libenter</em></strong></span> <span class='ocrx_word' id='word_1_490' title='bbox 1560 4824 1693 4883; x_wconf 81' lang='lat' dir='ltr'><strong><em>sum</em></strong></span> <span class='ocrx_word' id='word_1_491' title='bbox 1725 4828 1969 4900; x_wconf 87' lang='lat' dir='ltr'><strong><em>propter</em></strong></span> <span class='ocrx_word' id='word_1_492' title='bbox 2075 4824 2362 4908; x_wconf 72' lang='lat' dir='ltr'><strong><em>tationem</em></strong></span> <span class='ocrx_word' id='word_1_493' title='bbox 2395 4824 2686 4908; x_wconf 37' lang='lat' dir='ltr'><strong><em>Bi‘ccardii</em></strong></span> <span class='ocrx_word' id='word_1_494' title='bbox 2723 4824 2797 4908; x_wconf 74' lang='lat' dir='ltr'><strong><em>(si</em></strong></span> <span class='ocrx_word' id='word_1_495' title='bbox 2827 4825 2974 4882; x_wconf 83' lang='lat' dir='ltr'><strong><em>forte</em></strong></span> <span class='ocrx_word' id='word_1_496' title='bbox 3011 4841 3084 4883; x_wconf 89' lang='lat' dir='ltr'><strong><em>ea</em></strong></span> <span class='ocrx_word' id='word_1_497' title='bbox 3137 4828 3432 4899; x_wconf 85' lang='lat' dir='ltr'><strong><em>superest)</em></strong></span> <span class='ocrx_word' id='word_1_498' title='bbox 3461 4843 3583 4884; x_wconf 90' lang='lat' dir='ltr'><strong><em>non</em></strong></span> <span class='ocrx_word' id='word_1_499' title='bbox 3607 4824 3735 4884; x_wconf 70' lang='lat' dir='ltr'><strong><em>ine-</em></strong></span> 
     </span>
    </p>
   </div>
   <div class='ocr_carea' id='block_1_46' title="bbox 357 4896 2815 4959">
    <p class='ocr_par' dir='ltr' id='par_1_46' title="bbox 357 4896 2815 4959">
     <span class='ocr_line' id='line_1_46' title="bbox 357 4896 2815 4959; baseline -0.002 -1"><span class='ocrx_word' id='word_1_500' title='bbox 357 4903 707 4959; x_wconf 88' lang='lat' dir='ltr'><strong><em>historicam</em></strong></span> <span class='ocrx_word' id='word_1_501' title='bbox 742 4901 1067 4959; x_wconf 73' lang='lat' dir='ltr'><strong><em>utilitatem.</em></strong></span> <span class='ocrx_word' id='word_1_502' title='bbox 1095 4906 1159 4957; x_wconf 82' lang='lat' dir='ltr'><strong><em>A.</em></strong></span> <span class='ocrx_word' id='word_1_503' title='bbox 1193 4903 1259 4958; x_wconf 82' lang='lat' dir='ltr'><strong><em>M.</em></strong></span> <span class='ocrx_word' id='word_1_504' title='bbox 1729 4896 1745 4900; x_wconf 77' lang='grc'><em>’</em></span> <span class='ocrx_word' id='word_1_505' title='bbox 1841 4896 1857 4897; x_wconf 32' lang='grc' dir='ltr'>ί</span> <span class='ocrx_word' id='word_1_506' title='bbox 2076 4896 2226 4953; x_wconf 91' lang='lat' dir='ltr'><strong><em>mini</em></strong></span> <span class='ocrx_word' id='word_1_507' title='bbox 2254 4912 2351 4953; x_wconf 90' lang='lat' dir='ltr'><strong><em>me</em></strong></span> <span class='ocrx_word' id='word_1_508' title='bbox 2376 4896 2616 4952; x_wconf 85' lang='lat' dir='ltr'><strong><em>vidisse.</em></strong></span> <span class='ocrx_word' id='word_1_509' title='bbox 2647 4900 2711 4953; x_wconf 79' lang='grc' dir='ltr'><strong><em>Α.</em></strong></span> <span class='ocrx_word' id='word_1_510' title='bbox 2736 4896 2815 4953; x_wconf 82' lang='grc' dir='ltr'><strong><em>Μ.</em></strong></span> 
     </span>
    </p>
   </div>
   <div class='ocr_carea' id='block_1_47' title="bbox 356 5054 3706 5079">
    <p class='ocr_par' dir='ltr' id='par_1_47' title="bbox 356 5054 3706 5079">
     <span class='ocr_line' id='line_1_47' title="bbox 356 5054 3706 5079; baseline -0.001 -2"><span class='ocrx_word' id='word_1_511' title='bbox 356 5054 3706 5079; x_wconf 57' lang='lat' dir='ltr'><strong><em>MM</em></strong></span> 
     </span>
    </p>
   </div>
   <div class='ocr_carea' id='block_1_48' title="bbox 1402 5224 2681 5311">
    <p class='ocr_par' dir='ltr' id='par_1_48' title="bbox 1402 5224 2681 5311">
     <span class='ocr_line' id='line_1_48' title="bbox 1402 5224 2681 5311; baseline -0.006 1"><span class='ocrx_word' id='word_1_512' title='bbox 1402 5225 2010 5311; x_wconf 89' lang='lat' dir='ltr'><strong><em>NOTITIA</em></strong></span> <span class='ocrx_word' id='word_1_513' title='bbox 2118 5224 2681 5306; x_wconf 80' lang='lat' dir='ltr'><strong>ALTERA</strong></span> 
     </span>
    </p>
   </div>
   <div class='ocr_carea' id='block_1_49' title="bbox 1607 5397 2490 5476">
    <p class='ocr_par' dir='ltr' id='par_1_49' title="bbox 1607 5397 2490 5476">
     <span class='ocr_line' id='line_1_49' title="bbox 1607 5397 2490 5476; baseline -0.009 -15"><span class='ocrx_word' id='word_1_514' title='bbox 1607 5398 1923 5476; x_wconf 83' lang='lat' dir='ltr'><strong><em>(Biblioth.</em></strong></span> <span class='ocrx_word' id='word_1_515' title='bbox 1961 5410 2101 5455; x_wconf 86' lang='lat' dir='ltr'><strong><em>nov.</em></strong></span> <span class='ocrx_word' id='word_1_516' title='bbox 2140 5397 2267 5455; x_wconf 92' lang='lat' dir='ltr'><strong><em>PP.</em></strong></span> <span class='ocrx_word' id='word_1_517' title='bbox 2300 5402 2340 5457; x_wconf 91' lang='lat' dir='ltr'><strong><em>t.</em></strong></span> <span class='ocrx_word' id='word_1_518' title='bbox 2372 5399 2490 5471; x_wconf 80' lang='lat' dir='ltr'><strong><em>Vl.)</em></strong></span> 
     </span>
    </p>
   </div>
   <div class='ocr_carea' id='block_1_50' title="bbox 434 5659 3735 5735">
    <p class='ocr_par' dir='ltr' id='par_1_50' title="bbox 434 5659 3735 5735">
     <span class='ocr_line' id='line_1_50' title="bbox 434 5659 3735 5735; baseline 0.002 -20"><span class='ocrx_word' id='word_1_519' title='bbox 434 5663 522 5717; x_wconf 87' lang='lat' dir='ltr'><strong><em>De</em></strong></span> <span class='ocrx_word' id='word_1_520' title='bbox 550 5661 658 5718; x_wconf 81' lang='lat' dir='ltr'><strong><em>hoc</em></strong></span> <span class='ocrx_word' id='word_1_521' title='bbox 680 5659 1008 5734; x_wconf 81' lang='lat' dir='ltr'><strong><em>Theodoro,</em></strong></span> <span class='ocrx_word' id='word_1_522' title='bbox 1049 5662 1143 5718; x_wconf 81' lang='lat' dir='ltr'><strong><em>vel</em></strong></span> <span class='ocrx_word' id='word_1_523' title='bbox 1161 5660 1368 5732; x_wconf 83' lang='lat' dir='ltr'><strong><em>potius</em></strong></span> <span class='ocrx_word' id='word_1_524' title='bbox 1392 5660 1466 5716; x_wconf 82' lang='lat' dir='ltr'><strong><em>de</em></strong></span> <span class='ocrx_word' id='word_1_525' title='bbox 1492 5661 1621 5731; x_wconf 83' lang='lat' dir='ltr'><strong><em>ejus</em></strong></span> <span class='ocrx_word' id='word_1_526' title='bbox 1651 5660 1915 5731; x_wconf 80' lang='lat' dir='ltr'><strong><em>scriptis,</em></strong></span> <span class='ocrx_word' id='word_1_527' title='bbox 1956 5661 2117 5718; x_wconf 76' lang='lat' dir='ltr'><strong><em>dixit</em></strong></span> <span class='ocrx_word' id='word_1_528' title='bbox 2142 5662 2414 5720; x_wconf 82' lang='lat' dir='ltr'><strong><em>Atlatius</em></strong></span> <span class='ocrx_word' id='word_1_529' title='bbox 2450 5663 2515 5720; x_wconf 90' lang='lat' dir='ltr'><strong><em>in</em></strong></span> <span class='ocrx_word' id='word_1_530' title='bbox 2543 5661 2827 5720; x_wconf 86' lang='lat' dir='ltr'><strong><em>Diatriba</em></strong></span> <span class='ocrx_word' id='word_1_531' title='bbox 2846 5678 2907 5719; x_wconf 86' lang='grc' dir='ltr'>η.</span> <span class='ocrx_word' id='word_1_532' title='bbox 2947 5662 3128 5720; x_wconf 81' lang='lat' dir='ltr'><strong><em>CXV.</em></strong></span> <span class='ocrx_word' id='word_1_533' title='bbox 3162 5665 3241 5721; x_wconf 85' lang='lat' dir='ltr'><strong><em>Ea</em></strong></span> <span class='ocrx_word' id='word_1_534' title='bbox 3265 5665 3493 5735; x_wconf 82' lang='lat' dir='ltr'><strong><em>scripta</em></strong></span> <span class='ocrx_word' id='word_1_535' title='bbox 3531 5666 3735 5722; x_wconf 89' lang='lat' dir='ltr'><strong><em>omnia</em></strong></span> 
     </span>
    </p>
   </div>
   <div class='ocr_carea' id='block_1_51' title="bbox 350 5751 3737 5832">
    <p class='ocr_par' dir='ltr' id='par_1_51' title="bbox 350 5751 3737 5832">
     <span class='ocr_line' id='line_1_51' title="bbox 350 5751 3737 5832; baseline 0.001 -24"><span class='ocrx_word' id='word_1_536' title='bbox 350 5766 463 5809; x_wconf 88' lang='lat' dir='ltr'><strong><em>nos</em></strong></span> <span class='ocrx_word' id='word_1_537' title='bbox 511 5751 922 5823; x_wconf 72' lang='lat' dir='ltr'><strong><em>prmanibus</em></strong></span> <span class='ocrx_word' id='word_1_538' title='bbox 967 5751 1253 5810; x_wconf 81' lang='lat' dir='ltr'><strong><em>habemus</em></strong></span> <span class='ocrx_word' id='word_1_539' title='bbox 1280 5752 1346 5809; x_wconf 89' lang='lat' dir='ltr'><strong><em>in</em></strong></span> <span class='ocrx_word' id='word_1_540' title='bbox 1392 5752 1593 5810; x_wconf 85' lang='lat' dir='ltr'><strong><em>codice</em></strong></span> <span class='ocrx_word' id='word_1_541' title='bbox 1633 5752 1962 5822; x_wconf 87' lang='lat' dir='ltr'><strong><em>Vaticano;</em></strong></span> <span class='ocrx_word' id='word_1_542' title='bbox 1992 5766 2063 5810; x_wconf 72' lang='lat' dir='ltr'><strong><em>ex</em></strong></span> <span class='ocrx_word' id='word_1_543' title='bbox 2089 5753 2302 5828; x_wconf 83' lang='lat' dir='ltr'><strong><em>quibus</em></strong></span> <span class='ocrx_word' id='word_1_544' title='bbox 2349 5753 2588 5813; x_wconf 84' lang='lat' dir='ltr'><strong><em>interim</em></strong></span> <span class='ocrx_word' id='word_1_545' title='bbox 2622 5752 2947 5827; x_wconf 76' lang='lat' dir='ltr'><strong><em>delegimus</em></strong></span> <span class='ocrx_word' id='word_1_546' title='bbox 2997 5754 3157 5832; x_wconf 78' lang='lat' dir='ltr'><strong><em>typis</em></strong></span> <span class='ocrx_word' id='word_1_547' title='bbox 3194 5754 3571 5827; x_wconf 76' lang='lat' dir='ltr'><strong><em>vulgandam</em></strong></span> <span class='ocrx_word' id='word_1_548' title='bbox 3618 5755 3737 5813; x_wconf 83' lang='lat' dir='ltr'><strong><em>iter</em></strong></span> 
     </span>
    </p>
   </div>
  </div>
