4468 6440
775 433 880 490 387
1936 415 2292 474 THEODORI
2331 413 2613 471 ALANLE
2649 409 2963 469 EPISCOPI
4032 414 4139 470 388

777 555 911 624 ejus
953 543 1482 617 Constantinopoli
1499 559 1612 615 per
1639 542 2018 613 Bosphorum
2051 538 2436 596 Cimmerium
2457 537 2516 593 in
2549 533 2859 602 Alaniam,
2887 531 3030 605 quia
3062 529 3221 590 hanc
3242 547 3374 603 prz
3410 536 3634 592 cetera
3662 535 4138 592 lucubrationem

779 622 1098 702 lectoribus
1111 636 1445 709 jucundam
1484 634 1623 704 fore
1649 632 2041 702 speravimus.
2082 629 2170 684 De
2206 629 2434 683 Alania
2470 632 2522 683 et
2553 625 2770 681 Alanis
2807 638 2927 679 non
2967 623 3147 678 semel
3178 622 3609 680 Constantinus
3655 625 4139 694 Porphyrogeni-

777 740 872 791 tus
901 734 965 787 in
992 744 1090 800 op.
1124 729 1203 783 De
1233 727 1394 780 adm.
1427 723 1573 794 imp.
1609 721 1715 777 Est
1745 727 1940 777 autem
1970 733 2040 775 ea
2069 721 2234 787 regio
2260 717 2430 772 ultra
2465 715 2726 772 Hceotim
2759 713 2918 769 circa
2963 711 3237 780 Tanaim,
3267 718 3449 784 atque
3477 720 3545 769 ut
3577 714 4008 770 Constantinus
4045 712 4137 768 ed.

776 822 967 881 Paris.
996 836 1059 891 ρ.
1098 818 1196 871 H3
1228 813 1520 882 afﬁrmat,
1546 830 1645 862 των
1677 809 1830 882 ὀρέων
1853 809 2164 860 Καυκασίων
2191 805 2379 857 ἄνωθεν
2409 806 2438 861 ἡ
2464 810 2540 875 χο]

2377 827 2379 841 ι
2409 806 2438 861 ἡ
2464 810 2620 875 χώρα
2638 809 2735 863 τῆς
2763 801 3024 862 Ἀλανίας.
3058 800 3273 856 Itidem
3304 805 3505 858 noster
3531 803 3697 873 infra
3725 818 3787 856 n.
3807 801 4141 872 5.Dcnique

776 889 1009 983 copiose
1022 906 1354 976 optimeque
1367 899 1644 956 describit
1661 901 1707 953 Α
1720 898 1944 953 lanium
1971 895 2264 952 Cellarius
2282 895 2344 948 in
2362 893 2574 963 Geogr.
2587 893 2779 963 antiq.
2791 933 2806 960 ,
2825 890 3030 946 multis
3048 895 3312 946 veterum
3330 891 3528 948 citatis
3547 890 4029 947 auctoritatibus.
4045 889 4142 944 Ad

773 977 902 1073 ejus
929 997 1122 1056 sedem
1160 991 1554 1062 episcopalem
1583 987 1743 1059 quod
1779 987 2010 1050 attinet,
2043 999 2112 1040 ea
2139 985 2204 1039 in
2224 981 2501 1052 catalogo
2524 980 2738 1037 Leonis
2756 979 2902 1049 Sap.
2927 983 3058 1036 erat
3083 979 3430 1046 metropolis
3460 980 3828 1050 sexagesima
3855 977 4138 1045 secunda,

775 1063 828 1147 et
864 1089 930 1145 in
964 1087 1072 1142 illo
1101 1079 1439 1138 Andronici
1475 1077 1726 1133 senioris
1755 1079 2114 1130 numeratur
2142 1077 2363 1142 quarta
2387 1078 2538 1140 supr

2387 1078 2577 1140 supra
2604 1068 3103 1138 septuagesimam
3127 1082 3152 1123 ,⁸
3187 1068 3212 1118 ὁ
3257 1067 3492 1128 Ἀλανιας
3527 1088 3540 1101 ο
3585 1072 3676 1120 καὶ
3707 1069 3839 1126 αὑτὴ
3882 1065 3955 1129 ξϐ
3984 1063 4138 1133 οὖσα,

776 1175 854 1234 ob“
881 1181 1084 1250 γέγονεν
1113 1172 1271 1242 (post
1298 1166 1508 1224 Codin.
1551 1165 1641 1221 ed.
1670 1165 1864 1220 Paris.
1893 1178 1956 1231 p.
1985 1161 2135 1231 402).
2175 1161 2319 1216 Haec
2349 1158 2421 1250 de
2443 1158 2692 1250 Alania.
2727 1158 2812 1213 De
2837 1158 2966 1226 ipso
2995 1161 3196 1213 autem
3231 1157 3536 1213 Theodoro
3563 1157 3724 1213 nihil
3745 1157 3876 1226 fere
3896 1171 4141 1226 cognos-

777 1243 1024 1326 cebatur
1039 1266 1261 1333 praeter
1288 1256 1353 1312 id
1394 1251 1554 1328 quod
1589 1269 1665 1311 ea:
1691 1251 1964 1310 Dosithei
1985 1250 2284 1307 Hierosol.
2310 1246 2581 1304 Historia
2610 1243 3008 1303 adnotaverat
3037 1245 3363 1318 Lequinius
3389 1246 3486 1302 0r.
3516 1245 3618 1301 Ch.
3653 1251 3698 1300 t.
3735 1245 3782 1315 Ι,
3821 1245 3936 1300 col.
3985 1247 4142 1311 1348,

774 1369 986 1426 nempe
1013 1367 1145 1409 eum
1170 1347 1356 1419 fuisse
1379 1343 1715 1414 episcopum
1747 1348 2009 1410 tempore
2027 1339 2312 1395 Germani
2348 1334 2429 1408 ΙΙ,
2473 1337 2577 1426 qui
2593 1336 2716 1406 fuit
2738 1334 3107 1405 patriarcha
3134 1334 3839 1404 Constantinopolitanus
3880 1334 3954 1390 ab
3982 1347 4143 1388 anno

779 1423 925 1504 i222-
939 1442 1020 1500 ad
1058 1441 1216 1494 1240,
1249 1435 1425 1491 Nune
1455 1433 1690 1489 demum
1721 1447 1796 1488 ex
1827 1430 1938 1486 hoc
1966 1429 2274 1485 luculento
2306 1425 2598 1482 Theodori
2624 1439 2892 1481 sermone
2915 1424 3106 1494 plura
3132 1429 3190 1479 et
3219 1424 3459 1494 quidem
3492 1423 3756 1478 historia
3784 1424 3961 1478 utilia
3991 1437 4143 1478 com-

772 1538 1057 1608 perimus.
1086 1529 1362 1597 Namque
1386 1531 1440 1580 et
1478 1522 1719 1578 Alanis:
1744 1523 1892 1589 ﬁnes
1922 1520 2190 1588 vicesque
2220 1516 2523 1581 describit,
2564 1521 2620 1570 et
2655 1513 3061 1570 miserandam
3098 1513 3317 1581 populi
3353 1511 3777 1581 conditionem,
3825 1526 3971 1567 cum
4002 1510 4141 1566 reli-

776 1599 970 1698 qionis
999 1631 1201 1677 amore
1230 1616 1336 1672 vix
1366 1619 1564 1669 tamen
1602 1609 1937 1666 Christiani
1967 1625 1979 1663 :
2017 1609 2327 1680 Χριστιανοὶ
2365 1600 2426 1657 6":
2449 1607 2540 1676 μόι

2387 1600 2426 1656 ti
2449 1607 2602 1676 μόνον
2633 1602 2850 1674 ὀνόματι
2889 1600 3092 1653 Ἀλανοὶ
3117 1601 3199 1671 (η.
3232 1601 3344 1670 24),
3379 1605 3634 1670 propter
3677 1605 3991 1670 pastorum
4039 1599 4151 1654 sci-

779 1688 915 1772 licet
943 1710 1283 1771 raritatem,
1325 1707 1380 1758 et
1434 1701 1736 1769 inﬁmam
1780 1699 1869 1754 rei
1918 1711 2107 1752 sacrm
2145 1694 2649 1750 constitutionem.
2701 1692 2953 1746 Prorsus
2992 1695 3078 1746 est
3117 1688 3226 1745 hoc
3265 1690 3668 1746 Alanicarum
3712 1689 4145 1759 antiquitatum

772 1818 982 1862 rarum
1012 1799 1461 1854 monumentum
1491 1805 1600 1846 nec
1623 1787 2139 1846 contemnendum.
2176 1783 2401 1853 Lepida
2428 1787 2626 1838 autem
2657 1785 2741 1837 est
2766 1782 2882 1837 illa
2909 1781 3203 1836 Lazarum
3225 1779 3486 1847 episcopi
3520 1780 3584 1834 in
3621 1778 3912 1833 Alaniam
3937 1791 4148 1832 excur-

773 1894 880 1956 sio,
935 1891 1180 1960 ejusque
1224 1882 1445 1952 supina
1496 1882 1560 1933 in
1600 1875 1979 1946 conferendis
2009 1874 2200 1931 sacris
2244 1871 2556 1927 ordinibus
2585 1870 2826 1926 inscitia
2867 1875 2922 1925 et
2970 1868 3387 1930 irreverentia,
3420 1882 3594 1938 quem
3628 1881 3889 1936 pravum
3920 1880 4146 1922 morem

775 1980 943 2054 apud
959 1955 1282 2034 haereticos
1311 1982 1544 2042 quoque
1567 1966 1929 2024 Habessinos
1974 1964 2187 2034 vigere,
2221 1976 2258 2017 a
2288 1962 2482 2016 nostri
2505 1959 2880 2015 orthodoxiw
2922 1958 3048 2013 illic
3075 1956 3451 2026 praeconibus
3483 1957 3711 2012 audivi.
3744 1957 4039 2013 Caeterum
4077 1955 4151 2010 de

773 2045 896 2130 non
920 2068 1111 2141 facile
1138 2059 1457 2133 repetendo
1506 2055 1876 2113 sacramenti
1903 2054 2071 2110 illius
2122 2053 2267 2117 ritu,
2293 2049 2622 2119 prudenter
2664 2053 2880 2105 auctor
2912 2048 3202 2118 loquitur.
3233 2045 3622 2102 Incommoda
3651 2060 3761 2102 sua
3790 2050 3847 2101 et
3873 2045 4151 2114 pericula

772 2134 1110 2236 praesertim
1141 2152 1462 2215 Chersone,
1483 2152 1538 2204 et
1563 2161 1600 2203 a
1633 2144 1991 2209 latronibus,
2023 2147 2077 2198 et
2108 2140 2182 2197 ab
2211 2140 2465 2196 illarum
2496 2140 2809 2209 regionum
2840 2136 3105 2206 satrapis
3131 2139 3442 2191 memorat.
3471 2134 3618 2191 Item
3640 2149 3813 2190 suum
3836 2134 4152 2204 pastorale

773 2224 1037 2323 regimen
1064 2243 1322 2302 modeste
1360 2237 1626 2309 exponit.
1670 2234 1954 2304 Quadam
2009 2237 2226 2296 tamen,
2286 2231 2461 2285 initio
2497 2231 2854 2298 prmsertim,
2888 2243 3008 2283 non
3047 2225 3180 2282 sine
3225 2227 3543 2296 enigmate
3593 2225 3902 2281 dicuntur.
3957 2224 4152 2280 Sacra

773 2312 927 2411 saepe
955 2336 1174 2401 Biblia,
1205 2344 1459 2388 canones
1492 2326 1819 2391 interdum,
1861 2338 1969 2380 nec
2008 2337 2130 2377 non
2155 2321 2352 2390 ipsum
2383 2319 2732 2387 Homerum,
2774 2322 2981 2387 utpote
3011 2315 3181 2372 homo
3223 2315 3445 2371 Graecis
3485 2314 3819 2384 disciplinis
3862 2312 4148 2378 imbutus,

773 2402 1007 2490 recitat.
1051 2420 1389 2492 Cateroqui
1425 2419 1619 2489 stylus
1663 2413 1957 2472 Theodori
1991 2412 2350 2481 plerumque
2387 2408 2600 2463 durior
2639 2412 2749 2476 est,
2789 2406 3064 2462 narratio
3103 2404 3289 2461 veluti
3341 2403 3624 2473 abrupta,
3663 2406 3844 2474 prout
3895 2403 4017 2471 ipse
4054 2402 4148 2457 in-

775 2487 1011 2580 terdum
1038 2487 1376 2586 fatetur,-et
1413 2487 1586 2564 nullo
1625 2505 1885 2574 artiﬁcio
1917 2507 2221 2568 contexta,
2248 2506 2301 2555 et
2343 2497 2492 2554 mihi
2537 2497 2856 2567 interpreti
2901 2509 3056 2566 agre
3082 2492 3443 2566 quandoque
3468 2493 3696 2563 pervia.
3725 2487 3846 2550 Sed
3883 2507 4006 2548 rem
4049 2490 4144 2546 hic

776 2608 1115 2686 quaerimus,
1148 2602 1304 2657 bona
1342 2597 1696 2655 elocutionis
1725 2592 2004 2663 exempla
2043 2588 2296 2648 aliunde
2321 2594 2611 2658 petemus.

791 2738 4111 2782 Μ

1197 2917 1977 3041 ΘΕΟΔΩΡΟΥ
2087 2910 2952 3028 ΕΠΙΣΚΟΠΟΥ
3079 2903 3745 3026 ΑΛΑΝΙΑΣ

2065 3125 2286 3179 ΛΟΓΟΣ
2326 3125 2853 3177 ΕΗΙΣΤΟΛΙΜΑΙΟΣ

1063 3297 1232 3348 ΠΡΟΣ
1285 3289 1423 3342 ΤΗΝ
1482 3282 2221 3340 ΚΩΝΣΤΑΝΤῙΝΟΥΠΟΛΙΝ
2286 3273 2398 3329 ΚΑΙ
2456 3276 2624 3328 ΤΟΥΣ
2683 3275 3173 3327 ΕΝΔΗΜΟΥΝΤΑΣ
3233 3278 3370 3325 ΤΩΝ
3425 3274 3837 3325 ΕΠΙΣΚΟΠΩΝ.

1471 3440 1518 3494 si
1554 3443 1644 3491 καὶ
1684 3433 1779 3490 διὰ
1807 3437 1875 3488 τὰ
1896 3432 2172 3504 συμϐάντι
2207 3432 2612 3507 «apsinthium,
2644 3433 2819 3481 καίτοι
2843 3431 2910 3481 τὰ
2945 3427 3105 3482 πλείω
3145 3431 3457 3501 συντέμνων.

1812 3587 2231 3658 ἘΜ-γέγραπται
2262 3578 2340 3651 δὲ,
2375 3583 2520 3634 Μετὰ
2565 3584 2660 3640 τὴν
2685 3585 3037 3656 χειροτονίαν,
3079 3580 3109 3638 ἦ

2275 3737 2488 3788 ΑΛΛΝΙ
2498 3735 2644 3787 ΚΟΣ.

1514 4009 2168 4113 THEODORI
2235 4003 2812 4104 EPISCOPI
2878 3999 3418 4100 ALANL‘E

2106 4201 2335 4258 SERMO
2378 4197 2828 4255 EPISTOLARIS
3298 4275 3300 4278 ν

1430 4363 1525 4420 ΑΙ)
1569 4354 2270 4418 CONSTANTINOPOLIM
2308 4351 2822 4416 MORANTESQUE
2860 4351 2928 4406 IN
2969 4351 3059 4405 EA
3099 4347 3496 4419 EPISCOPOS,

1233 4518 1337 4594 qui
1366 4519 1620 4588 propter
1650 4525 1856 4568 rerum
1899 4513 2144 4566 eventus
2171 4506 2478 4577 prolixus,
2508 4517 2855 4576 quanquam
2893 4503 3186 4573 pleraque
3213 4505 3355 4557 sunt
3387 4499 3684 4557 breviata.

1565 4664 1941 4729 Inscribitur
1965 4664 2183 4725 autem
2216 4679 2231 4722 :
2266 4657 2404 4718 Post
2432 4656 2869 4719 ordinationem
2901 4655 3194 4736 episcopi,
3228 4652 3362 4714 sive

2284 4820 2638 4877 ALANICUS

840 5081 892 5131 1.
937 5076 1228 5141 Quaenam
1259 5065 1436 5124 fuerit
1481 5058 1710 5121 itineris
1765 5054 1953 5117 nostri
1983 5054 2157 5120 ratio,
2192 5050 2431 5127 jamdiu

2391 5071 2431 5110 u
2614 5049 2676 5107 α’.
2709 5049 2828 5114 ne;
2867 5051 2990 5123 ἡμῖν
3030 5047 3090 5100 ἄν
3121 5050 3239 5120 sxa
3276 5047 3343 5098 τᾶ
3388 5053 3477 5105 is:
3517 5040 3667 5109 ὁδὸῦ,
3709 5042 3765 5095 te
3803 5040 3993 5095 πολλοῦ
4046 5036 4155 5092 οἶδ’

766 5169 891 5225 scio
928 5183 1040 5223 vos
1071 5168 1128 5220 et
1172 5165 1354 5218 antea
1403 5169 1768 5228 cognoscere
1807 5151 2131 5224 expetisse,
2172 5152 2230 5204 et
2267 5162 2430 5203 nunc

2390 5162 2430 5202 ,ο
2542 5145 2623 5196 ὅτι
2662 5146 2753 5194 καὶ
2804 5144 3053 5215 πρότερον
3091 5139 3275 5211 μαθεῖν
3335 5134 3585 5201 ἐζητεῖτε,
3637 5137 3728 5185 καὶ
3761 5139 3848 5184 νῦν
3902 5133 3977 5183 ἔτι
4017 5129 4154 5203 μᾶλ-

764 5258 1173 5333 potissimum,
1228 5269 1266 5308 ο
1325 5223 1546 5318 magne
1592 5249 1817 5318 pastor,
1858 5223 1916 5297 et
1973 5243 2113 5312 post
2163 5237 2429 5311 primum

2389 5253 2429 5292 n
2543 5236 2648 5304 λον,
2707 5234 2771 5285 σύ
2823 5249 2880 5283 τε
2926 5231 2952 5281 ὁ
3004 5230 3165 5302 μάτας
3217 5230 3435 5299 ποιμὴν,
3490 5227 3581 5275 καὶ
3637 5223 3770 5295 μετὰ
3823 5223 3911 5272 τὸν
3950 5227 4153 5292 πρῶτον

762 5312 1037 5422 proxime
1069 5344 1164 5416 (1),
1199 5357 1310 5399 nec
1340 5355 1464 5395 non
1490 5351 1600 5393 vos
1627 5336 2076 5404 conipastores;
2109 5327 2216 5401 qui
2253 5325 2426 5382 nimi-

2393 5325 2426 5381 i-
2543 5324 2713 5391 εὐθὺς,
2778 5324 2868 5372 καὶ
2909 5320 3054 5392 ὑμεῖς
3112 5319 3162 5369 οἱ
3221 5319 3589 5389 ωμποίμενες,
3642 5319 3751 5372 πῶς
3798 5312 3864 5362 τὰ
3919 5317 4012 5369 τῆς
4049 5328 4157 5380 μα-

2620 5411 2640 5422 .;
2718 5410 2731 5422 ι
2784 5401 2806 5422 Δ
2899 5414 2908 5422 .
3117 5412 3126 5422 ι
3221 5411 3229 5422 ο
3322 5408 3333 5420 ρ
3484 5407 3492 5421 η
3665 5400 3703 5422 2,
3762 5404 3879 5422 ,,_!-_
3974 5397 4157 5422 __:\\__.

762 5397 898 5495 ;um
943 5397 1137 5493 fuerit,
1165 5435 1362 5502 longae
1393 5423 1894 5502 peregrinationis
1927 5420 2139 5481 exitus,
2180 5416 2327 5490 quid
2366 5416 2428 5472 in

2397 5430 2428 5470 [ι
2540 5411 2666 5488 apd:
2712 5401 2993 5482 ἐκδημίας,
3045 5412 3135 5460 καὶ
3181 5411 3254 5467 τίς
3312 5408 3342 5464 ἡ
3404 5407 3604 5465 ταύτης
3658 5400 3902 5474 ἐργασία,
3967 5397 4161 5470 μᾶλλον

763 5545 836 5586 ea
861 5531 1097 5598 gestum
1131 5523 1225 5588 sit,
1258 5519 1563 5594 praecipue
1589 5529 1728 5570 vero
1761 5509 2076 5585 quomodo
2103 5523 2216 5563 nos
2252 5505 2427 5578 Spiri-

2399 5536 2427 5561 ,ς
2543 5499 2601 5555 δὲ
2640 5509 2733 5563 τῆς
2793 5495 3021 5570 ὁδηγίας
3078 5503 3170 5548 τοῦ
3213 5496 3510 5565 Πνεύματος
3544 5509 3556 5522 ·
3615 5490 3775 5564 ᾧπερ,
3831 5488 3874 5539 εἰ
3944 5491 4014 5559 μὴ
4072 5503 4163 5549 καὶ

763 5624 859 5675 tus
915 5613 1269 5682 deduxerit;
1313 5627 1349 5668 a
1386 5623 1540 5682 quo,
1572 5607 1681 5661 esti
1719 5618 1842 5658 non
1898 5613 2134 5671 semper
2169 5595 2431 5670 permoti

2395 5595 2431 5650 ti
2537 5579 2635 5658 ἀεί,
2705 5589 3042 5662 κεκινήμεθα,
3109 5583 3240 5637 ἀλλὰ
3297 5603 3356 5656 ’γε
3420 5590 3509 5634 νῦν
3579 5579 3634 5633 ἐκ
3688 5599 3780 5631 του
3843 5581 4159 5653 χρίσαντος.

834 5798 916 5872 (I)
954 5785 1169 5856 Confer
1198 5777 1496 5850 sermonis
1524 5778 1882 5844 clausulam.
1918 5770 2178 5854 Utroque
2207 5776 2371 5835 enim
2401 5775 2466 5833 in
2493 5764 2629 5832 looo
2658 5770 2893 5848 primus
2917 5769 3129 5844 pastor
3155 5765 3394 5825 videtur
3416 5758 3671 5834 intelligi
3699 5755 3986 5815 Christus.
