4468 6440
1783 412 2148 469 ALANICUS.

3537 425 3642 479 300

290 547 425 621 Ἀρα
488 547 856 620 χρηστοτέρας
914 549 1010 604 τῆς
1073 537 1377 614 ὁδοιπορίας
1435 537 1729 610 ἐτύχομεν,
1792 541 1884 589 καὶ
1921 535 2054 592 Afu

1876 539 1968 592 ιΛ
1996 535 2238 605 fuimus,
2289 547 2452 619 nunc
2489 537 2644 590 certe
2693 539 3018 612 postquam
3066 540 3242 597 nobis
3294 543 3640 603 unctionem

293 641 384 694 τὴν
439 635 562 689 εὐθὺ
618 642 715 695 τῆς
760 636 987 706 ποίμνης
1041 631 1346 704 ἕτέμνομεν;
1389 631 1418 688 ἦ
1459 629 1680 701 λῃσταῖς
1734 646 1886 702 περι·
1988 623 2053 680 la

1876 657 1886 670 -
1988 623 2242 692 largitus
2284 629 2390 679 est.
2420 625 2572 679 Num
2617 640 2760 694 ergo
2803 625 3032 683 felicius
3077 629 3189 685 iter
3230 633 3388 687 nacti
3431 634 3640 706 simus,

297 730 550 790 πεσόντες,
599 727 691 780 τὴν
740 727 860 796 περὶ
907 723 1091 794 ψυχῆς
1141 721 1512 793 ἑτραπόμεθας
1568 718 1656 779 Ὠς
1719 714 1769 770 δ’
1827 715 1887 768 ἃν

299 818 494 886 ἔχοιεν,
539 812 595 866 εὖ
640 830 696 864 τε
740 815 832 862 καὶ
877 810 991 871 ἅλις
1035 811 1105 862 τὰ
1156 813 1492 881 συμπεσόντα
1543 811 1700 880 spis;
1751 805 1891 880 Ἀρι

300 903 443 975 μόλις
505 904 726 973 Imp.”
777 908 871 961 τῆς
920 900 1104 972 ὁρμῆς,
1163 899 1191 956 ἣ
1261 903 1350 950 καί
1408 897 1567 952 εἰσέτι
1627 900 1887 969 φέρομενς

304 997 399 1047 [sit
435 997 537 1042 ποῦ
583 1006 709 1042 ποτε
756 985 899 1042 δυεῖν
943 989 1190 1060 “rupes;
1219 991 1308 1039 καὶ
1349 991 1476 1048 τέως
1513 991 1557 1038 εὶ
1601 989 1671 1058 μὴ
1720 985 1888 1040 πάντη

301 1088 388 1133 τοῦ
426 1086 629 1132 σκοποῦ
673 1074 1070 1150 διημάρτομεν;
1107 1080 1288 1129 Ταῦτα
1333 1079 1423 1147 μεν
1466 1071 1555 1127 οὖν
1599 1075 1720 1145 ὑμῖν
1761 1090 1891 1125 no-

302 1171 511 1222 κεῖσθαι
565 1165 862 1238 συμϐαίνει,
907 1171 997 1217 καί
1056 1164 1175 1217 καθ’
1235 1164 1447 1225 ἕαυτοὺς
1501 1162 1707 1238 ίρευνᾷν
1735 1182 1748 1196 ·
1804 1165 1894 1214 και

301 1259 538 1329 πείθομαι
602 1258 673 1316 ὡς
727 1258 841 1308 ἔστι
909 1251 1198 1308 σπουδαῖον
1241 1257 1301 1307 τὸ
1353 1260 1594 1326 πρᾶγμα,
1652 1256 1743 1305 καὶ
1795 1259 1894 1302 τῶν

302 1349 399 1419 οὐχ
457 1350 656 1405 ἣκιστα
711 1341 982 1417 φροντίδος
1029 1347 1417 1416 τετυχηκότων,
1463 1346 1508 1394 si
1552 1344 1653 1394 πού
1691 1358 1744 1393 τι
1795 1349 1894 1392 τῶν

303 1439 555 1509 ἡμετέρων
622 1433 1015 1507 ἁκριϐολογοῖτό
1082 1448 1183 1485 τινι
1216 1453 1228 1466 ο
1296 1437 1478 1506 καίπερ
1545 1433 1700 1483 ὁποῖα
1764 1429 1898 1502 φιλεῖ

306 1525 602 1598 συμϐαίνειν
650 1523 701 1576 ἐν
749 1525 860 1585 τοῖς
908 1525 1185 1589 τοιούτοις,
1235 1521 1359 1575 ἄλλο
1397 1524 1564 1594 ἕτερον
1601 1525 1691 1574 καὶ
1747 1527 1893 1591 κοινῇ

303 1612 763 1687 κατηκριϐωμένυς
808 1607 998 1675 οὐδεν,
1046 1614 1077 1670 ἦ
1127 1608 1406 1683 πάνδημος
1455 1617 1600 1684 φήμη
1653 1614 1898 1685 προφέροι

305 1705 378 1756 ιίν.
438 1702 578 1774 Ἐγὼ
636 1697 715 1766 δὲ,
783 1701 829 1753 εἰ
883 1704 972 1772 μεν
1025 1700 1188 1761 οὕτως
1252 1700 1521 1773 εὐκαιρίας
1585 1705 1675 1752 καί
1732 1715 1898 1773 παραυ

308 1800 493 1853 σκευῆς
559 1788 723 1864 εἶχον,
789 1792 856 1850 ὡς
910 1791 1080 1842 πάντα
1132 1789 1295 1861 λέγειν
1354 1793 1447 1842 καὶ
1512 1790 1748 1863 γράφειν,
1805 1785 1900 1840 κὰ»

1996 717 2278 785 rectaque
2326 715 2405 769 ad
2448 728 2691 783 gregem
2739 720 3014 772 nostrum
3061 721 3451 778 venerimus?
3479 739 3558 780 an
3585 725 3644 780 in

1996 802 2257 858 latrones
2284 800 2532 874 delapsi,
2568 803 2786 860 animae
2828 806 3153 863 retinendae
3192 824 3378 867 causa
3419 811 3644 881 fugeri-

1999 892 2185 946 mus?
2234 891 2345 957 Qui
2389 896 2578 946 status
2623 908 2824 948 rerum
2872 894 2965 959 sit,
3009 901 3067 951 et
3109 912 3254 952 num
3305 901 3450 955 satis
3491 901 3646 958 bene

1999 980 2176 1036 nobis
2205 980 2503 1036 evenerit?
2534 983 2686 1036 Num
2711 981 2965 1038 fortuna:
2987 985 3248 1057 impetus
3273 989 3372 1044 vix
3398 989 3646 1048 demum

1998 1069 2300 1137 desiverit,
2352 1085 2430 1125 an
2470 1069 2671 1126 adhuc
2719 1072 2781 1126 in
2828 1089 3009 1128 cursu
3057 1075 3291 1134 simus?
3331 1080 3394 1133 Et
3429 1079 3646 1137 horum

2001 1160 2262 1214 duorum
2286 1163 2484 1214 utrum
2511 1161 2865 1215 teneamus?
2889 1168 2948 1217 et
2970 1178 3117 1218 num
3137 1164 3429 1221 hactenus
3466 1183 3649 1242 scopo

2000 1262 2252 1320 prorsus
2282 1246 2760 1304 aberraverimus
2779 1251 2807 1306 7
2836 1252 2970 1306 Haec
2999 1266 3142 1322 ergo
3179 1254 3352 1311 vobis
3383 1258 3651 1314 conside-

2002 1351 2136 1392 rare
2167 1337 2473 1406 contingit,
2507 1341 2565 1393 et
2592 1336 2745 1392 inter
2785 1354 2895 1395 vos
2927 1339 3276 1413 disquirere.
3309 1345 3462 1400 Sane
3493 1345 3650 1402 arbi-

2004 1430 2126 1481 tror
2171 1441 2354 1496 grave
2406 1441 2537 1481 esse
2588 1428 2916 1499 negotium,
2949 1434 3006 1484 et
3054 1445 3176 1487 non
3223 1433 3478 1490 minima
3508 1451 3653 1494 cura

2003 1514 2280 1587 dignum,
2313 1515 2364 1569 si
2392 1517 2530 1587 quis
2561 1515 2698 1572 velit
2734 1522 2940 1574 nostra
2968 1518 3310 1590 diligentius
3334 1523 3652 1596 inspicere.

2007 1605 2392 1675 Quanquam,
2422 1609 2484 1659 ut
2513 1604 2574 1659 in
2617 1604 2710 1660 his
2737 1605 2885 1662 solet
2913 1609 3279 1681 contingere,
3308 1610 3425 1667 alia
3452 1613 3656 1684 quasli-

2005 1693 2125 1759 bet,
2172 1693 2440 1766 nihilque
2485 1693 2721 1766 publice
2761 1697 2905 1752 satis
2960 1697 3304 1768 probatum,
3344 1702 3652 1774 popularis

2009 1783 2173 1839 fama
2214 1782 2503 1851 divulgat.
2545 1785 2666 1854 Ego
2705 1800 2842 1841 vero
2883 1787 2932 1842 si
2985 1793 3138 1844 certe
3187 1793 3418 1846 tantum
3467 1793 3570 1848 otii
3598 1797 3657 1851 et

306 1891 400 1933 τῶν
456 1881 573 1952 ἐμοὶ
635 1876 1073 1950 σπουδαζομένων
1119 1882 1176 1930 τὸ
1231 1882 1377 1951 ἔργον
1435 1875 1516 1950 ᾖν,
1573 1875 1901 1949 διηγουμένῳ
1939 1883 2070 1942 acc

1891 1899 1901 1928 ι
1939 1883 1980 1942 Β
2010 1872 2456 1928 commoditatis
2502 1872 2811 1945 haberem,
2853 1876 3057 1933 omnia
3103 1877 3366 1935 dicerem
3408 1896 3478 1937 ac
3509 1883 3655 1939 scri-

308 1975 362 2022 τό
415 1969 620 2043 βέλτιον
658 1969 727 2030 εἰς
771 1967 1104 2044 παραψυχὴν
1142 1972 1228 2020 καὶ
1273 1969 1538 2040 συμπαοες
1585 1974 1696 2028 τοῖς
1751 1965 1903 2018 ἁκού-

307 2074 466 2113 ουσι⁸
504 2067 594 2112 νῦν
638 2055 699 2112 ἢ
749 2058 844 2111 οὐκ
895 2060 1046 2110 ἔστι·
1087 2054 1284 2110 πολλῶν
1330 2060 1429 2131 γὰρ
1475 2057 1534 2108 ἂν
1577 2058 1702 2128 ἡμῖν
1739 2055 1904 2128 λέγων

310 2145 556 2209 ἐδέησεν·
603 2155 773 2202 πονεῖν
823 2144 883 2201 δι
929 2147 1048 2222 ἄρτι
1085 2149 1156 2209 ὡς
1203 2145 1252 2199 έν
1311 2148 1721 2222 συγγράμμασιν
1767 2142 1906 2199 ﬁt»

309 2238 366 2290 ἂν
409 2243 486 2298 ειη
533 2239 708 2314 ὥσπερ
759 2241 804 2290 εἰ
848 2255 928 2299 τις
974 2236 1024 2289 ἐν
1062 2241 1399 2309 νυκτομαχίᾳ
1442 2241 1502 2289 τὸ
1543 2233 1728 2300 δεξιῶς
1765 2235 1910 2288 ὁπλι-

310 2331 520 2400 σθῆναι,
568 2332 660 2381 καὶ
713 2324 940 2380 τοιῶσδε
983 2324 1263 2378 ἐπιϐαίνειν
1321 2333 1542 2379 σκοπεῖ·
1593 2330 1763 2378 καίτοι
1818 2329 1908 2377 καί

305 2419 465 2479 ἄλλως
510 2415 627 2471 οὐδ’
679 2416 740 2469 ἂν
772 2413 1069 2488 δυναίμην,
1109 2415 1514 2488 πεπλανημένος,
1549 2412 1656 2474 ἤδη
1701 2420 1795 2474 τὴν
1832 2418 1906 2467 ἓν·

304 2528 443 2560 νοιαν
483 2510 586 2561 ὑπὸ
624 2514 717 2560 τοῦ
765 2506 1172 2580 μπαμανθάνειν
1220 2507 1287 2558 τὰ
1330 2504 1594 2580 βάρϐαρα.
1628 2505 1689 2557 Εἰ
1720 2501 1780 2558 δι
1817 2509 1906 2558 καὶ

303 2606 466 2650 ταῦτα
511 2602 583 2670 μή
643 2604 818 2670 παρῆν
859 2594 1264 2670 παρακαλοῦντα
1309 2613 1372 2667 με
1414 2601 1638 2666 σιωπᾴν,
1677 2593 1805 2646 ἀλλὰ
1845 2598 1904 2646 τὸ

306 2684 553 2760 διήγημα
598 2687 800 2758 ἴλιγγον
850 2689 963 2758 ἔχει
1002 2685 1060 2737 οὐ
1114 2688 1359 2758 φορητὸν,
1405 2687 1470 2746 ὡς
1516 2689 1605 2736 καὶ
1642 2685 1902 2757 ἠπειρώτῃ

303 2783 517 2845 ναυτία,
555 2780 646 2829 καὶ
693 2782 802 2838 τοῖς
843 2782 1084 2849 τρυγῶσι
1117 2778 1210 2827 καὶ
1258 2775 1630 2849 Θρυπτομένοις
1675 2776 1740 2826 τά
1776 2775 1906 2849 φάρη

307 2883 470 2937 pun.

377 3136 447 3210 β’.
491 3137 728 3190 Ποοοῦσι
778 3129 842 3186 δι
891 3132 1033 3206 ὑμῖν,
1078 3130 1118 3183 ὦ
1166 3134 1329 3206 πάτερ
1386 3138 1477 3185 καὶ
1531 3131 1705 3205 ὅμιλος
1763 3127 1910 3184 ἁδελ-

306 3234 430 3298 φῶν,
467 3226 562 3288 οὓς
602 3227 816 3294 συνάγει
857 3227 947 3276 καὶ
989 3218 1275 3290 διεστῶτας
1319 3225 1377 3275 τὸ
1419 3228 1628 3294 Πνεῦμα
1654 3224 1714 3274 τό
1741 3221 1910 3292 ἅγιον,

305 3317 397 3368 οὐκ
442 3311 552 3369 οἶδ’
601 3316 741 3375 ὅπως
786 3311 996 3384 ἐπίσχω
1042 3320 1142 3363 τῶν
1189 3313 1448 3387 ἡμετέρων
1492 3316 1587 3370 τὴν
1633 3329 1910 3386 γνωριμω-

303 3407 486 3463 τάτην,
553 3407 656 3457 Καὶ
713 3406 784 3474 μή
843 3403 944 3453 πού
994 3420 1075 3462 τις
1137 3400 1329 3472 Ἰωσήφ
1382 3400 1637 3467 ἐνταῦθα;
1695 3399 1754 3451 Ὀ
1808 3402 1910 3474 ’γὰρ

301 3497 648 3570 πατριάρχης
692 3490 884 3545 Ἰοοιὼϐ
933 3487 1092 3551 δῆλος
1128 3491 1324 3542 πενθῶν
1367 3485 1470 3542 οἶδ’
1507 3491 1588 3541 ὅτι
1625 3492 1713 3541 τόν
1752 3489 1912 3541 {ma-

297 3603 381 3636 τον
439 3583 492 3636 ἒν
547 3585 680 3642 υἱοῖς
731 3583 868 3634 κατὰ
921 3582 1249 3652 πνευματικὰ
1292 3578 1600 3650 ψελλίζοντα
1656 3581 1772 3631 ἔτι·
1823 3582 1913 3630 καὶ

297 3676 444 3749 παρὰ
511 3672 670 3724 τοῦτο
724 3675 814 3723 καὶ
875 3667 1217 3742 ἀγαπώμεθα.
1286 3669 1602 3741 Ἐγεώργουν
1669 3671 1760 3740 μεν
1825 3663 1912 3719 οὖν

299 3764 346 3813 οἰ
385 3763 610 3835 μείζους
668 3756 879 3832 ἀδελφοὶ
912 3763 1000 3811 τόν
1057 3759 1303 3830 ᾶσταχυν
1353 3765 1446 3818 τῆς
1506 3761 1664 3826 ζωῆς,
1703 3761 1793 3809 καὶ
1847 3757 1912 3817 εἰς

301 3848 580 3905 διακονίαν
665 3849 819 3910 αὐτὸς
902 3848 1188 3921 έτετάτιμην
1254 3849 1669 3922 ὑπηρετούμενος
1743 3849 1916 3899 ὁπόσα

297 3946 658 4015 προσέταττεν
708 3941 734 3991 ό
783 3942 960 4012 πατὴρ
987 3958 1000 3971 ο
1049 3938 1097 3990 οἱ
1130 3933 1182 3989 δ’
1231 3935 1637 4010 ἁπεμπολοῦσιν,
1679 3936 1773 3989 οὐκ
1811 3933 1915 3989 οἶδ’

301 4033 326 4083 ὃ
373 4050 428 4083 τι
476 4033 765 4091 παθόντες.
817 4028 958 4086 Πλὴν
998 4029 1134 4100 ὅμως
1170 4031 1261 4080 καὶ
1313 4023 1590 4102 τραγῳδία
1634 4029 1701 4079 τὰ
1746 4026 1915 4079 ἇντεῦ-

302 4123 384 4175 θεν
425 4119 550 4174 οὐδ’
600 4116 973 4193 ἆπαράλληλα·
1024 4117 1156 4175 πλὴν
1201 4119 1227 4170 ὃ
1264 4136 1317 4169 τι
1354 4121 1596 4190 γνωρίσω
1626 4119 1715 4189 μεν
1756 4116 1915 4190 ίμαυ-

298 4213 420 4277 τόν,
477 4209 524 4263 εἰ
587 4214 679 4261 καὶ
735 4203 979 4269 σκιωδῶς
1027 4203 1144 4260 οὐδ’
1197 4206 1687 4280 ἀπαρακαλύπτωςο
1745 4223 1916 4280 παρα-

301 4297 625 4375 δραμοῦμαι
678 4299 777 4372 ’γὰρ
831 4299 896 4350 τὰ
945 4296 1128 4351 πολλά.
1181 4296 1444 4349 Βασιλεύω
1490 4293 1549 4348 δε
1596 4295 1766 4349 οὐκέτι
1819 4305 1918 4348 τῶν

299 4390 614 4460 Αἰγυπτίων
664 4383 758 4439 διὰ
808 4390 896 4439 τόν
949 4390 1175 4457 Φαραὼ,
1235 4386 1278 4438 εἰ
1328 4389 1418 4438 καὶ
1473 4391 1919 4459 παραχωρηκέναι

296 4485 436 4542 τινὸς
480 4477 824 4542 δυναστεῐας,
878 4476 937 4528 ου
988 4474 1233 4549 βούλεται
1281 4479 1396 4549 μιν,
1433 4477 1668 4528 πείθεται
1712 4472 1771 4527 δι
1821 4478 1918 4528 ὑπὸ

293 4579 385 4622 του
442 4572 670 4645 ὁράσεις
722 4563 963 4628 διδόντος
1013 4570 1105 4618 καὶ
1154 4565 1548 4628 ἐνυπνιάζοντος
1586 4574 1914 4638 πνεῦματος·
1949 4609 1992 4664 D

294 4661 580 4733 ὑποχωρεῖ
623 4659 725 4730 γὰρ
767 4657 796 4716 ἠ
833 4657 1089 4718 αἴσθησις
1130 4664 1203 4726 τῷ
1250 4657 1350 4722 νοῒ,
1380 4657 1506 4731 παρ’
1546 4655 1706 4708 αὐτοῦ
1758 4652 1916 4709 διδα-

289 4753 495 4822 χθεῖσα
547 4750 659 4800 ὅσα
699 4745 1030 4819 συμϐολικῶς
1079 4741 1440 4817 ὑποδέχεται·
1484 4745 1542 4798 οὐ
1591 4749 1693 4821 γὰρ
1743 4748 1773 4804 ἡ
1827 4745 1920 4809 νὺξ

288 4847 381 4892 τοῦ
414 4837 547 4913 βίου
582 4842 862 4911 κεχώρηκε
890 4840 985 4893 τὴν
1019 4833 1264 4893 ἀλήθειαν
1290 4855 1302 4868 ·
1337 4834 1452 4889 εἶεν.

356 4928 426 5001 γ’,
467 4933 588 4987 Τὴν
644 4930 737 5000 μεν
785 4921 844 4978 οὗ
898 4921 1023 4978 ὁδὸν
1075 4924 1288 4977 ἅπασαν
1327 4922 1380 4987 ἕξ
1438 4922 1691 4998 ἆπαρχῆς
1747 4923 1918 4978 διναλέ-

285 5017 479 5090 γεσθαι
532 5017 671 5089 ὑπὲρ
710 5018 798 5067 τὸν
847 5019 1083 5088 παρόντα
1129 5017 1310 5087 καιρόν
1359 5011 1492 5080 ἐστι,
1537 5017 1628 5067 καὶ
1677 5017 1771 5073 τὴν
1828 5021 1919 5067 τοῦ

283 5109 442 5180 λόγου
505 5101 794 5164 σπουδήν·
857 5106 959 5157 ὅσα
1011 5123 1067 5156 τε
1121 5105 1494 5175 ὑπενεγκόντας
1560 5107 1698 5177 ἡμᾶς
1748 5109 1920 5178 τρίτος

285 5199 510 5273 ἑώρακεν
575 5195 753 5256 ἣλιος.
825 5198 928 5247 Καὶ
993 5199 1096 5267 μήν
1150 5210 1211 5265 γε
1274 5195 1465 5246 τούτων
1533 5194 1591 5246 οὐ
1654 5194 1919 5246 πολλοστὰ

283 5290 680 5361 αἰτησαμένοις
735 5289 878 5338 τισὶν
935 5279 1341 5355 ἕκδεδώκαμεν,
1405 5281 1771 5358 ἐπιδρομάδην
1839 5282 1919 5336 δι-

284 5378 573 5441 εξελθόντες
629 5374 687 5428 ἐκ
731 5382 824 5428 τοῦ
871 5377 1222 5450 παρήκοντος,
1269 5373 1313 5426 εἰ
1371 5377 1442 5447 μὴ
1501 5380 1591 5426 καὶ
1644 5379 1740 5433 τὴν
1793 5376 1917 5446 ὑμε-

281 5486 432 5545 τεραν
519 5463 908 5542 φιλοπευστίαν
988 5459 1497 5540 παραδεδράμηκεν.
1583 5464 1641 5517 Ὀ
1714 5473 1920 5539 πρῶτος

283 5557 678 5620 ὁδοστατήσας
725 5554 960 5627 ἐξέθλιψέ
1002 5571 1098 5627 με·
1140 5553 1390 5607 κατέλαϐέ
1435 5573 1498 5628 με
1548 5551 1762 5625 διώξας,
1814 5551 1915 5608 διε-

281 5657 544 5726 μερίσατο
606 5646 802 5718 σκύλα,
849 5645 892 5699 εἰ
943 5651 1034 5698 καὶ
1095 5649 1167 5718 μὴ
1225 5649 1320 5703 τὴν
1378 5644 1658 5717 ἐπιθυμίαν
1712 5643 1918 5704 ἐνέπλη·

285 5761 388 5798 σεν.
458 5741 521 5793 '0
599 5735 850 5810 δεύτερος
914 5734 1153 5809 λυμεὼν,
1222 5735 1648 5809 εὐπορισῗότερος
1713 5732 1763 5786 ἂν
1824 5753 1919 5788 κα-

2009 1962 2253 2019 berem:
2287 1962 2394 2018 etsi
2437 1963 2808 2035 praecipuam
2851 1981 3060 2022 curam
3104 1982 3371 2037 gererem
3409 1971 3660 2031 meliora

2009 2050 2299 2107 narrandi
2337 2049 2417 2106 ob
2467 2050 2746 2108 solatium
2795 2057 3195 2128 mutuumque
3223 2057 3505 2116 affectum
3552 2077 3659 2118 au-

2010 2141 2326 2198 dientium.
2371 2143 2536 2198 Nunc
2592 2142 2654 2198 id
2702 2154 2826 2200 non
2880 2143 3038 2215 licet,
3081 2147 3228 2219 quia
3272 2147 3454 2219 longo
3511 2151 3660 2208 mihi

2013 2243 2289 2286 sermone
2328 2245 2485 2303 opus
2532 2230 2699 2288 foret.
2752 2233 3042 2290 Laborem
3087 2239 3289 2292 autem
3338 2237 3660 2296 scribendo

2012 2319 2381 2392 impendere,
2431 2321 2679 2394 perinde
2727 2337 2890 2378 nunc
2937 2328 3112 2391 esset,
3162 2341 3233 2381 ac
3280 2326 3333 2382 si
3387 2328 3522 2400 quis
3581 2329 3661 2386 ad

2013 2414 2371 2466 nocturnam
2419 2422 2691 2483 pugnam
2739 2411 3043 2482 eleganter
3087 2429 3147 2470 se
3182 2416 3368 2471 armis
3415 2432 3664 2476 exorna-

2012 2503 2121 2569 ret,
2153 2503 2331 2571 atque
2374 2500 2456 2555 ita
2496 2506 2745 2556 ornatus
2790 2503 3157 2574 procederet.
3201 2504 3316 2560 Sed
3354 2511 3411 2561 et
3439 2506 3665 2580 alioqui

2014 2588 2075 2643 id
2117 2588 2364 2644 minime
2402 2604 2669 2661 possem,
2702 2595 2902 2646 mente
2945 2591 3142 2648 adhuc
3170 2607 3351 2663 vaga,
3377 2593 3527 2651 dum
3568 2611 3664 2652 res

2013 2677 2367 2734 barbaricas
2395 2677 2624 2733 discere
2649 2679 2892 2752 incipio.
2922 2681 3056 2736 Jam
3085 2683 3367 2753 quamvis
3407 2683 3538 2740 hinc
3565 2699 3664 2742 me

2015 2766 2095 2823 ad
2145 2766 2447 2823 silentium
2491 2782 2614 2824 non
2652 2769 3128 2840 compingerent,
3158 2773 3422 2830 narratio
3460 2779 3666 2832 tamen

2015 2855 2451 2913 intolerabilem
2497 2857 2853 2930 vertiginem
2907 2865 3155 2929 crearet,
3203 2862 3388 2918 veluti
3433 2864 3667 2922 homini

2017 2946 2454 3003 mediterraneo
2490 2947 2554 3002 ﬁt
2584 2947 2645 3003 in
2675 2949 2827 3004 mari
2854 2964 3103 3022 nausea,
3133 2955 3191 3009 et
3217 2952 3369 3010 sicut
3396 2953 3668 3012 delicatis

2017 3040 2074 3094 et
2102 3035 2385 3093 mollibus
2415 3037 2749 3110 pharmace
2773 3039 3079 3100 accidunt.

2089 3129 2140 3180 2.
2185 3129 2474 3183 Castorum
2523 3127 2830 3200 cupientes
2862 3145 2989 3198 vos,
3022 3144 3059 3187 ο
3107 3134 3276 3204 pater
3321 3137 3380 3190 et
3414 3133 3667 3192 fratrum

2018 3221 2227 3287 cmtus,
2260 3230 2418 3289 quos
2461 3215 2595 3273 licet
2622 3217 2910 3274 distantes
2958 3224 3201 3276 sanctus
3241 3222 3492 3294 Spiritus
3522 3238 3669 3281 con-

2018 3309 2244 3378 gregat,
2278 3305 2478 3362 nescio
2511 3307 2823 3379 quomodo
2869 3307 3056 3365 celem
3085 3325 3211 3366 rem
3243 3310 3395 3368 inter
3431 3317 3670 3370 nostras

2018 3395 2195 3466 longe
2248 3396 2648 3452 notissimam.
2696 3399 2763 3452 Et
2811 3399 3110 3472 numquid
3167 3400 3262 3456 hic
3314 3406 3402 3457 est
3449 3403 3671 3476 .loseph

2019 3484 2238 3558 aliquis
2258 3485 2286 3539 ‘I
2319 3485 2486 3541 Patet
2523 3485 2681 3542 enim
2726 3491 2892 3560 quod
2921 3489 3265 3561 patriarcha
3291 3491 3476 3548 Jacob
3505 3491 3672 3564 luget

2019 3579 2392 3647 postremum
2445 3590 2515 3630 ex
2563 3575 2686 3631 suis
2731 3575 2886 3648 ﬁliis,
2932 3578 3036 3650 qui
3079 3579 3279 3636 adhuc
3324 3580 3533 3654 spiritu
3579 3582 3670 3639 in-

2020 3663 2154 3721 fans
2189 3667 2315 3731 est;
2347 3669 2404 3720 et
2449 3665 2672 3722 idcirco
2717 3665 3044 3736 diligimur.
3082 3669 3451 3726 Excolebant
3495 3671 3673 3743 igitur

2020 3754 2280 3824 majores
2310 3754 2519 3811 fratres
2547 3754 2679 3810 vitae
2721 3771 3010 3825 messem,
3047 3763 3227 3831 atque
3253 3773 3365 3829 ego
3405 3759 3535 3832 ipse
3565 3760 3674 3817 mi-

2019 3843 2262 3899 nisterio
2309 3842 2392 3898 fui
2436 3843 2734 3916 addictus,
2778 3860 3028 3918 operam
3061 3849 3453 3920 impensurus
3496 3854 3678 3921 prout

2024 3937 2192 4006 pater
2230 3932 2666 4004 imperavisset.
2702 3933 2784 3990 Illi
2815 3939 3017 3992 autem
3042 3936 3445 3994 vendiderunt
3471 3939 3675 3996 nescio

2023 4038 2147 4096 quo
2193 4022 2377 4078 animi
2428 4038 2617 4095 pravo
2671 4023 2954 4080 instinctu
3002 4028 3304 4098 permoti:
3357 4027 3463 4084 sed
3520 4032 3677 4086 certe

2025 4111 2319 4181 tragoedia
2374 4113 2472 4169 hic
2536 4112 2683 4180 fuit,
2753 4129 2828 4169 ne
2893 4116 3075 4172 veteri
3139 4116 3466 4174 dissimilis.
3531 4117 3679 4176 Novi

2025 4207 2227 4259 tamen
2278 4217 2374 4258 me
2402 4203 2626 4275 ipsum,
2657 4218 3016 4277 quanquam
3053 4205 3115 4261 in
3147 4207 3366 4264 umbra
3410 4225 3522 4266 nec
3552 4211 3679 4267 sine

2026 4293 2344 4349 velamine.
2378 4292 2606 4349 Etenim
2650 4293 2839 4351 multa
2871 4301 3180 4368 praetereo.
3211 4300 3409 4371 Neque
3447 4299 3680 4371 impero

2021 4385 2150 4455 jam
2204 4383 2491 4456 Egyptiis
2548 4399 2655 4456 per
2698 4385 3104 4454 Pharaonem,
3151 4388 3251 4459 qui
3306 4389 3413 4444 etsi
3471 4389 3681 4446 cedere

2027 4473 2204 4529 alicui
2252 4474 2529 4546 potentiae
2577 4475 2791 4542 renuit,
2830 4476 3230 4548 persuadetur
3259 4483 3464 4534 tamen
3501 4479 3580 4536 ab
3611 4495 3683 4536 eo

2027 4563 2132 4636 qui
2186 4563 2448 4619 visiones
2509 4568 2567 4618 et
2618 4565 2856 4621 somnia
2903 4565 3170 4623 immittit
3226 4567 3456 4639 spiritu.
3520 4569 3685 4626 Cedit

2027 4654 2253 4728 quippe
2281 4670 2490 4710 sensus
2520 4654 2843 4711 intellectui
2872 4655 2950 4712 ab
2980 4657 3079 4714 illo
3105 4658 3354 4714 edoctus
3383 4658 3685 4732 quidquid

2026 4760 2134 4817 per
2183 4744 2466 4818 symbola
2511 4745 2777 4817 suscipit.
2831 4749 3033 4819 Neque
3083 4749 3244 4804 enim
3296 4764 3418 4804 nox
3471 4749 3685 4806 mundi

2025 4834 2338 4890 veritatem
2364 4834 2964 4906 comprehendit.Sed
2991 4836 3118 4892 hmc
3143 4836 3333 4892 missa
3362 4837 3683 4896 faciamus.

2098 4928 2150 4980 3.
2195 4924 2377 4994 Igitur
2413 4924 2576 4979 viam
2606 4923 2852 4997 quidem
2884 4925 3229 4982 universam
3268 4927 3397 4998 jam
3439 4927 3580 4984 inde
3607 4929 3686 4985 ab

2026 5013 2191 5069 initio
2223 5012 2578 5082 describere,
2613 5017 2831 5085 praeter
2858 5013 3040 5086 hujus
3091 5016 3378 5088 temporis
3423 5019 3687 5089 spatium

2027 5107 2134 5170 est,
2167 5107 2223 5158 et
2272 5106 2483 5175 praeter
2531 5103 2826 5158 sermonis
2863 5103 3170 5171 ofﬁcium;
3214 5110 3269 5160 et
3307 5111 3537 5178 quanta
3576 5123 3688 5163 nos

2027 5209 2345 5267 perpessos
2394 5193 2601 5249 tertius
2647 5193 2735 5249 sol
2790 5193 3021 5250 viderit.
3067 5198 3132 5250 Et
3178 5196 3424 5268 quidem
3468 5197 3687 5253 horum

2027 5285 2189 5341 haud
2242 5300 2439 5356 pauca
2490 5282 2935 5356 postulantibus
2982 5285 3288 5341 nonnullis
3326 5286 3550 5342 cursim
3609 5288 3688 5342 si.

2029 5373 2470 5445 gniﬁcavimus,
2507 5373 2845 5429 transitorie
2877 5375 3204 5440 narrando,
3237 5375 3354 5430 nisi
3383 5375 3507 5430 haec
3540 5374 3689 5431 forte

2028 5469 2289 5519 vestram
2345 5463 2748 5518 curiositatem
2806 5462 3103 5533 fugerunt.
3162 5463 3396 5518 Primus
3455 5465 3690 5521 viarum

2029 5558 2230 5610 custos
2263 5552 2500 5608 vexavit
2532 5568 2648 5618 me,
2679 5553 3257 5625 comprehenditque
3292 5569 3685 5626 persequens,

2028 5650 2085 5701 et
2129 5643 2324 5716 spolia
2359 5641 2580 5710 divisit,
2609 5642 2717 5697 etsi
2757 5642 3147 5714 cupiditatem
3191 5659 3368 5700 suam
3418 5659 3543 5699 non
3592 5661 3690 5700 ex-

2027 5733 2228 5808 plevit.
2278 5733 2589 5790 Secundus
2631 5737 2919 5804 vastator,
2966 5732 3162 5802 magis
3208 5733 3414 5790 adhuc
3459 5734 3689 5792 malitia
