4468 6440
774 407 869 464 391

1934 405 2289 461 THEODOBI
2326 405 2603 460 ALANLE
2646 407 2954 462 EPlSCOPl

4023 414 4127 468 392

773 531 1118 598 abundans,
1155 531 1261 587 sed
1295 536 1494 587 tamen
1525 544 1646 585 non
1677 528 2007 602 prtevaluit.
2040 532 2188 584 Nam
2218 527 2421 600 prodi-
2457 532 2503 584 Α
2533 549 2537 580 :

2361 528 2421 584 li-
2457 532 2503 584 A
2533 535 2658 593 κοῖς,
2717 530 2759 582 εἰ
2815 535 2905 582 xui
2955 535 3027 602 μὴ
3087 517 3418 603 κατίσχυσε⁸
3486 541 3821 608 τερατουργεῑ
3876 537 3978 610 γὰρ
4037 540 4125 589 καὶ

773 621 872 691 gia
899 636 1110 675 rursus
1149 625 1346 692 patrat
1379 622 1528 674 Deus
1560 617 1925 688 famigeratis
1966 616 2080 671 illis
2108 615 2274 671 haud
2313 615 2423 671 mi-

772 723 950 763 nora:
984 722 1147 762 mare
1173 706 1395 773 divisit,
1418 705 1666 760 deduxit
1692 705 1952 759 inermes
1981 702 2274 770 homines,
2301 717 2424 757 non

771 801 894 851 tam
936 795 1432 868 persequentibus
1470 810 1655 866 quam
1695 793 1822 863 jam
1866 790 2427 864 comprehendenti-

769 885 884 940 bus
930 884 1223 951 hostibus,
1251 884 1413 956 quod
1458 883 1644 956 pluris
1675 887 1780 937 est.
1829 881 2101 938 Caecitate
2133 879 2427 952 percussit

770 974 1142 1030 secundum:
1171 978 1298 1029 erat
1340 973 1499 1028 enim
1532 972 1710 1027 etiam
1743 971 1906 1043 apud
1954 986 2065 1025 nos
2109 969 2422 1025 conﬁden-

768 1063 1034 1118 tissimus
1062 1061 1587 1130 Paulus,gentium
1615 1058 1942 1132 apostolus,
1961 1058 2066 1130 qui
2093 1074 2215 1130 pra:
2237 1060 2424 1112 Evan-

768 1151 922 1221 gelio
981 1155 1197 1207 cuncta
1261 1149 1432 1206 ﬂocci
1487 1147 1864 1218 aestimabat,
1924 1148 2046 1202 zelo
2111 1145 2418 1215 ﬂagrans,

768 1239 1197 1312 mysteriorum
1243 1239 1494 1310 Spiritus
1544 1253 1788 1307 gnarus,
1829 1241 2034 1308 pastor
2073 1248 2268 1302 meus,
2296 1234 2421 1290 imo

764 1345 906 1385 vero
929 1332 1099 1400 pater
1118 1329 1316 1401 potius
1339 1325 1620 1399 spiritalis
1641 1341 1828 1398 quam
1855 1323 2206 1396 corporalis.
2228 1323 2420 1395 Erepti

763 1417 1014 1474 vinculis
1040 1431 1210 1489 teque
1242 1432 1312 1472 ac
1341 1419 1569 1482 Petrus,
1587 1413 1971 1470 transivimus
2001 1412 2260 1484 primam
2281 1411 2420 1467 alte-

762 1521 1018 1578 ramque
1057 1505 1414 1562 custodiam.
1448 1506 1517 1560 Ut
1547 1509 1748 1560 autem
1779 1501 1995 1558 divina:
2025 1501 2416 1573 dispensatio-

762 1595 858 1650 nis
894 1611 1025 1652 mos
1053 1599 1163 1661 est,
1196 1609 1524 1667 parumper
1551 1607 1623 1648 ea
1646 1591 1892 1662 remisit,
1924 1598 1988 1646 ut
2015 1605 2158 1646 mox
2186 1590 2418 1660 majora

764 1682 1042 1755 prodigia
1071 1687 1355 1756 patraret.
1398 1685 1528 1738 Ηωο
1563 1696 1675 1737 nos
1702 1679 1959 1736 breviter
1983 1677 2372 1752 exposuimus
2398 1697 2412 1748 ;

761 1773 1192 1844 neminemque
1231 1771 1356 1826 fore
1400 1769 1718 1842 credimus,
1747 1768 1852 1842 qui
1905 1767 1956 1824 si
1992 1767 2274 1840 inquirat,
2305 1767 2412 1823 mi-

757 1860 924 1917 nime
955 1860 1008 1916 ei
1038 1859 1358 1917 manifesta
1390 1863 1744 1932 appareant.

831 1953 886 2008 4.
928 1952 1038 2006 Res
1086 1965 1265 2022 porro
1313 1948 1410 2005 hic
1455 1954 1652 2019 gestas
1685 1949 1851 2004 novit
1881 1947 2141 2004 Cherson
2172 1951 2230 2003 et
2275 1948 2412 2019 Scy-

759 2040 919 2096 thica
945 2039 1130 2110 regio,
1164 2055 1301 2110 qua:
1345 2055 1458 2094 nos
1487 2037 1806 2094 liberaliter
1831 2036 2088 2094 viatores
2118 2037 2411 2104 tractavit,

757 2126 981 2183 auditis
1047 2131 1391 2183 nostrarum
1459 2125 1870 2182 calamitatum
1932 2124 2193 2181 casibus.
2264 2126 2412 2180 Nam

754 2221 1081 2289 postquam
1128 2215 1179 2271 is
1228 2217 1332 2287 qui
1380 2214 1792 2287 improborum
1845 2213 2135 2270 malitiam
2183 2212 2411 2270 irritam

751 2305 968 2371 reddit,
1001 2306 1302 2377 persuasit
1329 2310 1590 2376 tyranno
1619 2309 1845 2368 nostro,
1875 2307 1942 2358 ut
1981 2307 2190 2358 contra
2236 2317 2409 2358 suam

751 2394 1120 2451 voluntatem
1156 2400 1375 2466 ageret,
1406 2394 1500 2450 ille
1539 2410 1651 2449 nos
1682 2392 1916 2449 exsules
1946 2392 2174 2466 expulit
2201 2397 2258 2448 et
2285 2391 2409 2448 vin-

752 2490 898 2552 ctos,
955 2485 1159 2541 civitas
1204 2489 1405 2544 autem
1448 2484 1669 2539 liberos
1717 2499 1846 2539 esse
1903 2483 2057 2539 sivit.
2101 2484 2406 2538 Verumta-

751 2590 893 2630 men
941 2574 1055 2630 hoc
1111 2574 1243 2644 ejus
1298 2589 1419 2629 non
1469 2573 1689 2645 placuit
1737 2572 1942 2628 animo
1981 2572 2079 2643 (2),
2127 2571 2407 2643 misitque

750 2664 945 2720 malos
991 2663 1234 2719 nuntios
1283 2663 1362 2718 ad
1409 2661 1817 2732 magistratus,
1868 2667 1924 2717 et
1969 2661 2175 2730 gravia
2223 2659 2407 2716 verba

749 2751 984 2809 addidit
1016 2753 1117 2823 (3).
1151 2755 1216 2807 Et
1245 2752 1305 2807 hi
1330 2751 1598 2823 quidem,
1629 2751 1795 2806 nullo
1831 2750 2007 2806 vetito
2032 2750 2402 2821 interposito,

748 2841 984 2897 civibus
1013 2841 1462 2914 permittebant,
1496 2847 1558 2896 ut
1597 2857 1706 2914 pro
1733 2856 1843 2896 suo
1872 2840 2039 2895 libito
2083 2839 2257 2894 nobis
2284 2845 2405 2895 ute-

747 2935 971 2986 rentur.
1008 2931 1121 2987 Sed
1154 2933 1307 2986 Deus
1357 2930 1568 2985 aderat
1609 2929 1914 2999 cohibens,
1948 2929 2052 3000 qui
2100 2944 2289 2984 unum
2327 2928 2402 2984 de

747 3020 1063 3075 Chersonis
1091 3019 1442 3092 proceribus
1471 3019 1786 3092 permovit,
1815 3019 2124 3074 hominem
2151 3033 2401 3091 prorsus

744 3108 965 3165 celebri
1005 3110 1217 3165 Joanni
1271 3124 1516 3180 parem:
1550 3110 1652 3181 qui
1707 3113 1908 3164 tamen
1949 3107 2284 3164 libertatem
2315 3107 2404 3163 fu-

741 3197 945 3270 giendi
984 3196 1319 3271 periculum
1364 3214 1486 3253 non
1527 3196 1842 3265 concessit,
1875 3196 2021 3268 quia
2063 3197 2260 3268 plebis
2290 3196 2399 3252 im-

738 3292 949 3359 petum
980 3286 1305 3358 metuebat,
1340 3303 1412 3341 ne
1443 3286 1592 3342 forte
1635 3301 1672 3341 a
1699 3285 2085 3356 sanguinaria
2115 3284 2217 3340 illo
2268 3285 2397 3342 viro

738 3376 1132 3445 occideretur,
1166 3381 1494 3449 contraque
1540 3392 1601 3431 se
1632 3381 2108 3431 commoveretur
2137 3374 2396 3446 populus

736 3466 840 3539 qui
875 3465 1139 3538 undique
1170 3465 1366 3521 alieno
1407 3463 1676 3537 impulsu
1702 3463 2013 3534 agebatur.
2040 3467 2244 3536 Itaque
2275 3479 2396 3519 me-

735 3553 868 3609 dios
910 3553 1061 3609 inter
1107 3553 1444 3608 libertatem
1498 3558 1554 3607 et
1595 3552 1834 3607 vincula
1876 3551 2189 3608 retinebat.
2240 3551 2394 3617 Quid

733 3658 915 3714 porro
965 3641 1014 3696 is
1062 3641 1166 3714 qui
1215 3642 1421 3698 omnia
1453 3640 1580 3697 sola
1624 3656 1736 3695 sua
1779 3639 2076 3696 voluntate
2117 3638 2396 3711 perﬁcit?

734 3735 872 3788 Erat
916 3732 1077 3787 enim
1123 3738 1179 3786 et
1221 3733 1316 3788 hic
1365 3731 1557 3787 ferrea
1603 3731 1836 3797 fornax,
1872 3745 2033 3784 nova
2079 3732 2391 3802 Egyptus,

732 3826 790 3879 et
834 3820 1015 3877 Israel
1062 3821 1137 3876 de
1168 3821 1356 3877 libero
1400 3821 1687 3893 captivus,
1729 3826 1786 3875 et
1815 3821 2047 3890 Moyses
2085 3819 2390 3889 majorum

733 3911 1156 3983 mysteriorum
1189 3915 1393 3982 mysta
1430 3915 1485 3965 et
1527 3910 1818 3978 cognitor.
1854 3911 2002 3964 Nam
2045 3914 2100 3963 et
2129 3908 2223 3963 hic
2253 3909 2392 3964 mis-

733 4017 836 4055 sus
867 3999 997 4069 fuit,
1027 4004 1089 4054 ut
1113 4016 1187 4056 ex
1213 3999 1337 4054 luto
1367 4004 1424 4055 et
1462 3997 1643 4072 opere
1680 3998 1933 4054 lateritio
1963 4013 2059 4053 me
2087 3997 2388 4067 liberaret,

726 4089 916 4146 invito
965 4089 1103 4145 licet
1152 4094 1445 4158 regnante
1498 4089 1806 4144 Pharaone
1856 4087 2030 4149 duro,
2078 4092 2135 4143 et
2181 4103 2387 4144 coram

725 4179 946 4236 divinis
969 4179 1261 4252 prodigiis
1284 4194 1463 4233 caeco.
1491 4180 1676 4250 Prope
1702 4176 1911 4233 aderat
1935 4176 2386 4242 exterminator;

725 4273 783 4324 et
821 4268 1029 4324 civitas
1060 4267 1304 4340 propria
1348 4266 1511 4321 mala
1550 4266 1846 4321 deﬂebat:
1882 4281 2146 4320 namvue
2172 4265 2385 4321 orbam

721 4357 1060 4413 reddebant
1089 4355 1232 4411 foris
1254 4354 1500 4429 quidem
1532 4355 1908 4410 ethnicorum
1942 4354 2197 4424 gladius,
2222 4354 2384 4432 intus

721 4451 924 4503 autem
956 4443 1182 4501 bellum
1214 4443 1619 4514 consurgebat
1647 4443 1837 4500 civile.
1864 4445 1990 4498 Non
2018 4458 2156 4498 vero
2183 4443 2381 4499 statim

717 4536 928 4607 fugam
958 4533 1341 4606 arripuimus.

792 4631 841 4682 5.
886 4627 1090 4696 Neque
1121 4639 1262 4678 vero
1293 4623 1389 4678 hic
1424 4622 1688 4678 substitit
1714 4621 1982 4695 perditus
2009 4621 2125 4690 ille,
2155 4626 2212 4677 et
2242 4621 2378 4677 sini-

717 4720 838 4771 stra
882 4719 1049 4785 parte
1079 4729 1212 4768 vere
1258 4712 1496 4782 dignus.
1534 4712 1647 4769 Sed
1690 4711 1984 4784 quoniam
2026 4711 2190 4767 haud
2232 4727 2376 4783 pro-

716 4805 816 4860 cul
845 4804 1143 4860 Chersone
1185 4802 1246 4857 in
1279 4801 1522 4858 Alanica
1567 4803 1810 4872 regione
1859 4800 2094 4856 exsules
2132 4817 2374 4857 eramus

714 4895 957 4967 (etenim
979 4892 1257 4965 dispersa
1279 4891 1611 4949 admodum
1637 4907 1783 4961 gens
1800 4891 2046 4947 Alanica
2067 4897 2173 4958 est,
2193 4897 2374 4963 atque

715 5001 753 5041 a
783 4983 1088 5041 Caucasiis
1131 4982 1442 5037 montibus
1485 4997 1678 5053 usque
1706 4980 1783 5036 ad
1834 4980 2031 5035 lberas
2071 4981 2368 5052 pertingit,

710 5075 813 5148 qui
854 5079 980 5130 erat
1004 5073 1244 5128 illorum
1274 5072 1505 5144 priscus
1530 5071 1736 5143 patriae
1775 5071 1912 5126 ﬁnis
1938 5092 1950 5134 ;
1981 5071 2130 5126 solet
2167 5077 2370 5127 autem

707 5167 766 5219 et
805 5161 1130 5219 nonnullas
1177 5161 1451 5221 colonias
1503 5160 1790 5225 emittere,
1831 5159 1913 5215 ita
1950 5165 2015 5215 ut
2061 5159 2368 5232 Scythiam

707 5268 895 5325 prope
933 5251 1282 5307 universam
1327 5257 1383 5306 et
1432 5250 1793 5306 Sarmatiam
1830 5248 2218 5321 impleverit);
2249 5247 2368 5306 illic

705 5343 889 5400 etiam
921 5357 1033 5398 nos
1062 5346 1412 5414 persecutus
1442 5345 1535 5396 est
1563 5339 1884 5396 calliditate
1916 5355 2027 5395 sua
2058 5343 2115 5395 et
2144 5339 2367 5395 machi-

702 5431 1078 5500 nationibus,
1129 5445 1342 5486 necem
1389 5427 1541 5486 adeo
1589 5428 1806 5484 inferre
1862 5433 2158 5486 conatus:
2216 5427 2363 5483 nihil

700 5522 861 5578 enim
893 5521 1058 5581 aliud
1095 5519 1226 5592 jam
1274 5519 1520 5592 insuper
1553 5523 1698 5574 erat.
1733 5517 2017 5574 l'iscurrit
2055 5518 2234 5588 igitur
2262 5517 2359 5574 hic

767 5722 848 5794 (2)
884 5721 1071 5790 Ilaid,
1102 5721 1144 5789 ι,
1176 5735 1234 5791 v,
1262 5721 1355 5776 24.

2489 4711 2833 4785 ἀπολούμενος
2908 4715 3134 4779 ἐκεῖνος,
3211 4718 3301 4765 καὶ
3375 4722 3466 4774 τῆς
3552 4712 3831 4790 ἀριστερᾶς

2530 616 2685 669 πάλιν
2730 622 2856 678 Θεὸς
2900 626 2998 671 τῶν
3048 621 3374 692 ὑμνουμένων
3422 621 3516 673 ούκ
3560 621 3768 674 iiut-raw
3791 644 3804 656 -
3857 624 4125 676 θάλασσαν

2531 708 2690 777 ἔτεμε,
2738 703 2986 779 διήγαγεν
3035 707 3252 769 ἀόπλους
3300 705 3517 782 ἄνδρας,
3571 707 3695 762 ούδε
3753 707 4123 784 διωκομένους,

2531 791 2658 846 ἀλλά
2703 800 3081 867 κατεχομένους
3132 800 3191 849 τό
3247 798 3461 869 μεῖζονο
3497 797 3722 872 ἀορασίᾳ
3767 799 3984 858 πλήττει
4038 805 4124 852 τόν

2531 879 2800 958 δεύτερον·
2859 882 2920 942 ἦν
2971 888 3072 958 γὰρ
3126 891 3216 938 καὶ
3267 887 3391 959 παρ’
3448 888 3572 960 ἡμῖν
3636 887 4123 963 παρρησιαζόμενος

2530 971 2732 1034 Παῦλος
2787 974 2812 1024 6
2864 981 2962 1025 τῶν
3024 973 3176 1026 ἐθνῶν
3232 975 3537 1041 ἀπόστολος,
3592 978 3618 1028 6
3689 985 3760 1046 τῷ
3828 978 4124 1049 Εὗαγγελίιρ

2527 1068 2720 1133 μικροῦ
2765 1063 2832 1114 τά
2880 1064 3052 1114 πάντα
3097 1062 3402 1137 περιλαϐὼν,
3455 1066 3480 1116 6
3539 1064 3796 1129 ζηλωτὴς,
3859 1068 3885 1118 6
3941 1069 4124 1141 θεωρὸς

2528 1157 2629 1201 τῶν
2665 1155 2970 1222 μυστηρέων
3026 1159 3114 1203 τοῦ
3154 1154 3473 1224 Πνεύματος,
3525 1154 3549 1204 6
3598 1152 3716 1225 ἐμός
3764 1160 3980 1226 ποιμὴν,
4035 1161 4124 1207 καὶ

2528 1237 2718 1310 μᾶλλον
2770 1241 2796 1290 6
2844 1242 3098 1312 πνεύματι
3144 1245 3313 1313 πατὴρ
3372 1242 3401 1300 ἦ
3449 1249 3520 1312 τῷ
3587 1249 3830 1314 σώματι·
3882 1246 4122 1317 ἡρπάγη-

2527 1346 2617 1400 μεν
2681 1336 2781 1380 τῶν
2837 1325 3043 1401 δεσμῶν
3099 1332 3230 1401 μετά
3288 1334 3518 1403 Πέτρου,
3574 1327 3849 1403 διήλθομεν
3913 1340 4123 1405 πρώτην

2528 1416 2760 1489 φυλακὴν
2809 1422 2898 1469 καὶ
2949 1415 3211 1491 δευτέραν.
3252 1418 3334 1479 Ὠς
3382 1415 3442 1470 δε
3482 1424 3638 1492 νόμος
3678 1429 3769 1480 τῆς
3813 1422 3950 1483 θείας
3989 1421 4123 1474 οἰκοο

2525 1510 2724 1578 νομέας,
2777 1510 2964 1579 μικρὸν
3016 1503 3297 1560 ἐνδίδωσιν
3356 1509 3439 1559 ἵνα
3488 1509 3653 1579 μείζω
3711 1511 4113 1583 θαυματουργῇ.

2523 1601 2702 1648 Ταῦτα
2738 1597 2828 1667 μεν
2872 1591 2959 1647 οὖν
3003 1594 3051 1648 ἐν
3099 1605 3271 1672 μικρῷ
3309 1615 3363 1649 τε
3401 1596 3548 1668 ἡμεῖς
3591 1593 3991 1671 ἐκδεδωκαμεν·
4033 1605 4122 1652 καὶ

2523 1691 2622 1736 τῶν
2670 1682 3018 1757 ἐρευνωμένων
3067 1683 3214 1758 οἶμαι
3264 1682 3468 1758 μηδένα
3521 1683 3670 1754 εἶναι,
3729 1687 3865 1762 ᾧπερ
3914 1688 4009 1740 οὐκ
4061 1687 4121 1741 ἂν

2522 1776 2599 1832 εἴη
2630 1780 2799 1826 ταῦτα
2833 1792 2893 1845 γε
2931 1769 3091 1833 δῆλα.

2595 1948 2661 2006 δ’.
2702 1953 2780 2004 Τὰ
2823 1948 2874 2004 δ’
2919 1951 3144 2004 ἐντεῦθεν
3192 1949 3304 2005 οἶδε
3351 1957 3565 2028 Χερσὼν
3609 1958 3698 2006 καὶ
3748 1963 3817 2025 γῆ
3869 1957 4119 2026 Σκυθικὴ,

2522 2041 2858 2114 φιλοξενοῦσα
2915 2045 3036 2103 τούς
3096 2039 3476 2116 παροδεύοντας
3537 2051 3646 2107 τοῖς
3704 2051 3803 2097 τῶν
3860 2047 4120 2118 ἡμετέρων

2518 2131 2851 2203 παθημάπων
2893 2129 3224 2204 ἀκούσμασιν
3248 2153 3261 2166 ο
3318 2129 3498 2191 ἐπειδὴ
3547 2135 3649 2207 γάρ
3681 2134 3708 2186 6
3741 2133 3976 2207 σφάλλων
4023 2139 4119 2192 την

2517 2228 2616 2271 τῶν
2682 2229 2917 2295 πονηρῶν
2995 2226 3315 2296 πανουργίαν
3377 2224 3543 2274 ἔπειθε
3607 2227 3694 2275 καὶ
3757 2226 3814 2275 τὸ
3871 2225 4118 2296 ἡμέτερον

2517 2312 2761 2382 τύραννον
2826 2312 2892 2361 τά
2943 2317 3002 2382 τῇ
3063 2316 3238 2382 γνώμη
3303 2311 3547 2385 πράττειν
3609 2309 3868 2382 ἀντίθετα,
3931 2314 3958 2364 6

2518 2398 2842 2470 ὑπερορίους,
2893 2401 3111 2470 ἔπεμπεν
3160 2400 3301 2471 ἡμᾶς
3345 2405 3436 2452 καὶ
3483 2396 3779 2473 δεσμώτας,
3823 2400 4118 2476 ἐλευθέρους

2521 2482 2578 2538 δε
2621 2488 2650 2544 η
2692 2486 2836 2547 πόλις
2885 2483 3090 2542 ἐδίδου.
3131 2487 3264 2541 Ἀλλ’
3297 2487 3390 2540 οὐκ
3437 2487 3630 2542 ἐκείνου
3687 2486 3878 2549 ἣνδανε
3927 2493 4112 2562 θυμῷ⁹

2515 2579 2708 2637 κακούς
2766 2571 2824 2628 δε
2889 2575 3132 2646 ἀγγέλους
3184 2577 3325 2647 ἠφίει
3389 2584 3461 2646 τῷ
3517 2577 3875 2651 πολιτεύματι,
3940 2599 4117 2652 κρατε-

2514 2668 2636 2738 ροὺς
2690 2661 2741 2717 δ’
2786 2663 2869 2716 ἐπὶ
2924 2667 3122 2737 μύθους
3170 2665 3398 2718 ἐττελλι·
3459 2672 3549 2718 καὶ
3605 2670 3653 2720 οἱ
3702 2671 3791 2740 μεν
3839 2667 4115 2722 ἀντέτεινον

2514 2750 2629 2806 οὐδ’
2678 2752 2761 2805 ἐπὶ
2808 2757 2994 2828 μικρὸν
3051 2753 3196 2814 εύθύς
3260 2750 3550 2818 ἐνδιδόντες
3609 2756 3786 2818 αὐτοῖς
3834 2759 3860 2809 ὃ
3903 2762 3956 2809 τί
3991 2778 4117 2811 ποτε

2512 2845 2756 2918 πράττειν
2807 2841 3208 2915 βεϐουλημένοις
3237 2844 3379 2916 ἡμᾶς
3405 2865 3416 2877 ο
3465 2849 3590 2906 Θεός
3621 2841 3680 2898 δε
3729 2842 3789 2904 ἧν
3833 2847 3858 2898 6
3891 2844 4114 2918 ἀνέχων,

2512 2935 2730 2991 κινήσας
2785 2939 2883 2983 τῶν
2932 2951 3048 2983 τινα
3102 2940 3392 3005 περιφανῶν
3450 2935 3499 2984 ἐν
3553 2931 3808 3006 Χερσῶνι,
3867 2940 3952 2986 xui
4007 2937 4116 2998 οἶος

2511 3019 2606 3072 ούκ
2643 3019 2811 3086 ἄλλος,
2867 3019 3107 3078 Ἰωάννην
3146 3024 3233 3072 τόν
3281 3023 3411 3073 πάνυ
3439 3043 3450 3054 ·
3497 3019 3680 3075 ἐδίδου
3725 3026 3816 3096 μὲν
3867 3020 3983 3076 οὐδ’
4032 3025 4118 3076 οὗ·

2509 3127 2609 3170 τως
2667 3107 2947 3181 ἐλευθέριον
2999 3110 3134 3180 ἡμᾶς
3190 3113 3247 3161 τό
3302 3106 3599 3183 ἀποδράναι
3654 3115 3719 3164 τὰ
3769 3132 3955 3185 χειρω,
4021 3114 4115 3185 ύφ.

2509 3202 2762 3271 ορῶμενος
2813 3201 2906 3255 τὴν
2956 3199 3121 3270 ὁρμὴν
3183 3206 3275 3251 τοῦ
3333 3195 3529 3270 δήμου,
3588 3205 3790 3274 μήποτε
3843 3204 4112 3274 κατασφά-

2509 3286 2650 3347 ζοιτο
2700 3289 2845 3359 παρά
2899 3293 2991 3338 τοῦ
3039 3291 3314 3360 μιαιφόνου
3373 3286 3584 3363 ἀνδρός,
3637 3296 3728 3343 xui
3777 3291 3892 3344 κατ’
3947 3291 4111 3344 αὐτοῦ

2505 3381 2696 3427 κινοῖτο
2747 3370 2914 3447 δῆμος
2953 3375 3020 3426 ὢν
3071 3375 3405 3449 ἐτεροϐριθης
3457 3383 3546 3430 καὶ
3596 3383 3862 3451 φερόμενος
3912 3399 4109 3433 παντο-

2507 3465 2613 3520 θεν,
2682 3463 2884 3538 Ἐτήρει
2933 3460 2990 3516 δί
3040 3467 3234 3536 μέσους
3287 3464 3577 3540 ἐλευθερίας
3632 3487 3687 3520 τε
3741 3473 3831 3520 xui
3885 3465 4110 3542 δεσμοῦ.

2502 3556 2565 3604 Τί
2615 3549 2672 3604 δε
2720 3554 2746 3604 6
2798 3554 2966 3604 πάντα
3012 3562 3172 3604 ποιῶν
3230 3559 3319 3606 καὶ
3361 3559 3502 3627 μόνῳ
3547 3563 3620 3626 τῷ
3662 3555 3980 3624 βούλεσθαι;
4013 3557 4110 3611 Ἦν

2499 3644 2590 3713 μὲν
2643 3639 2909 3692 κάνταῦθα
2960 3637 3161 3714 σιδηρᾶ
3216 3646 3454 3715 κάμινος,
3507 3648 3772 3715 Αἴγυπτος
3814 3645 3961 3715 άλλη,
4019 3652 4109 3700 καὶ

2501 3729 2715 3805 Ἰσραηλ
2780 3726 3260 3803 καταδουλούμένος
3325 3735 3350 3783 ό
3417 3731 3696 3806 ἐλεύθερος,
3754 3740 3844 3787 xui
3910 3742 4109 3797 Μωσῆς

2498 3824 2804 3894 μυστηρίων
2861 3820 3112 3892 μειζότων
3161 3823 3370 3893 μύστης
3433 3827 3516 3873 καὶ
3581 3824 3802 3896 θεωρός⁸
3852 3829 4108 3896 πέμπεται

2496 3913 2598 3982 γὰρ
2646 3914 2736 3961 καὶ
2794 3909 2980 3979 οὗτος,
3039 3911 3121 3961 ἱνα
3173 3919 3265 3963 τοῦ
3323 3910 3490 3970 πηλοῦ
3556 3917 3642 3964 xui
3694 3921 3791 3974 τῆς
3846 3913 4106 3976 πλινθείας

2497 3997 2812 4074 ἐλευθερώσῃ
2870 4019 2952 4072 με,
2995 3997 3089 4050 κᾶν
3145 3998 3398 4074 ἀντιτυπῇ
3451 4003 3476 4053 6
3531 3997 3862 4055 δυναστεύων
3916 4009 4103 4078 Φαραὼ

2496 4091 2522 4141 6
2593 4090 2839 4162 σκληρός,
2903 4093 2992 4140 καὶ
3049 4093 3173 4162 πρὸς
3234 4092 3323 4150 τάς
3401 4092 3710 4162 θεοσημείας
3770 4091 4098 4164 τυφλώττων,

2495 4179 2684 4249 Ἐγγύς
2737 4173 2796 4229 δέ
2837 4177 3176 4250 ὀλοθρευτης·
3227 4184 3318 4230 καὶ
3373 4181 3402 4237 ἡ
3464 4179 3616 4241 πόλις
3669 4184 3758 4252 μὶν
3793 4179 3986 4234 ἐπέθνει
4036 4186 4102 4234 τά

2495 4269 2661 4319 οἱκεῖα
2689 4269 2825 4318 κακά
2855 4283 2867 4333 ;
2902 4267 3118 4325 ητέκνου
3147 4270 3247 4342 γὰρ
3287 4271 3537 4342 μάχαιρα
3566 4269 3746 4331 ἔξωθεν
3776 4278 3877 4321 τῶν
3923 4269 4100 4338 ἐθνῶν,

2493 4361 2583 4408 καὶ
2641 4352 2843 4408 ἔνδοθεν
2887 4357 2913 4406 6
2952 4354 3198 4428 ἐμφύλιος
3247 4356 3494 4410 ἀνέκυπτε
3540 4357 3782 4430 πόλεμος.
3835 4358 4007 4432 Ἡμεῖς
4048 4356 4098 4413 δ’

2493 4444 2642 4505 εὐθὺς
2673 4443 3046 4518 ἀποφεύγομεν.

2561 4622 2614 4678 ε’.
2665 4621 2903 4676 Ἰσταται
2947 4625 3038 4696 μὲν
3086 4619 3174 4676 οὖν
3221 4620 3346 4677 ούδε
3373 4628 3539 4700 μέχρι
3582 4629 3768 4679 τούτου
3835 4628 3860 4680 ὁ
3887 4628 4095 4681 κάκιστ’

3912 4721 4097 4792 μοίρας

2485 4806 2639 4863 ὅντως
2687 4801 2828 4865 οῖξίος
2857 4823 2868 4834 -
2919 4800 3024 4853 ἀλλ’
3077 4798 3358 4875 ἐπειδήπερ
3393 4811 3487 4865 τῆς
3536 4811 3804 4877 Χερσῶνος
3852 4804 4006 4878 ἐγγύς
4045 4810 4093 4859 ἐν

2481 4891 2737 4961 Ἀλανικῷ
2793 4895 2977 4963 χωρίῳ
3032 4888 3265 4963 φυγάδες
3312 4893 3439 4965 ἧμιν
3485 4890 3836 4965 (πολυσχιδες
3886 4899 3984 4970 γὰρ
4034 4901 4092 4948 τό

2481 4985 2618 5044 ἔθνος
2673 4990 2858 5049 τοῦτο,
2911 4987 3000 5035 καὶ
3061 4979 3245 5041 διῆκον
3301 4987 3392 5055 μὲν
3454 4982 3555 5036 ἀπὸ
3617 4993 3716 5036 τῶν
3775 4991 4091 5040 Καυκασίων

2480 5071 2610 5144 ὀρῶν
2668 5071 2719 5134 ἐς
2772 5070 3026 5143 Ἴϐηρας,
3081 5075 3138 5125 τὸ
3202 5071 3428 5147 ἀρχαῖον
3486 5078 3576 5125 καὶ
3631 5075 3850 5148 πάτριον
3907 5076 4084 5148 ὁριον·

2481 5160 2662 5233 ἀγαπᾷ
2714 5157 2773 5213 δὲ
2834 5165 2924 5212 καὶ
2990 5167 3321 5233 μετοικεσίας
3375 5161 3673 5214 πολλοστῶν
3739 5182 3890 5215 τινων
3961 5170 4090 5238 πέμ-

2475 5270 2624 5304 πεινο
2684 5253 2752 5311 ὡς
2803 5258 2994 5323 μικροῦ
3057 5252 3315 5309 Σκυθικήν
3361 5271 3414 5304 τε
3455 5257 3631 5304 πᾶσαν
3679 5257 3771 5306 καὶ
3815 5261 3917 5306 τῶν
3957 5261 4086 5306 Σαυ-

2472 5342 2710 5414 ρομάτων
2769 5338 3114 5413 ἐκπληροῦν)·
3172 5338 3443 5394 κάντεῦθεν
3505 5343 3644 5414 ἡμᾶς
3708 5338 3894 5395 ἐδίωκε
3962 5345 4084 5396 πολ-

2471 5429 2579 5492 λοῖς
2617 5432 2642 5482 6
2690 5449 2741 5480 τι
2788 5434 3198 5503 πανουργήμασί
3245 5449 3298 5483 τε
3345 5435 3434 5483 καὶ
3485 5435 3867 5504 μηχανήμασι,
3912 5433 4081 5493 ζητῶν

2471 5516 2578 5578 ἤδη
2629 5525 2718 5572 καὶ
2779 5520 3079 5572 θανατῶσαι
3112 5537 3123 5548 ·
3181 5516 3241 5577 ἦν
3306 5523 3407 5596 γὰρ
3458 5524 3516 5574 τό
3571 5525 3866 5598 Λειπόμενον
3923 5519 4076 5578 οὐδὲν

2540 5715 2618 5788 (3)
2658 5714 2813 5774 lbib.
2839 5729 2899 5773 v.
2933 5719 3026 5778 25.
