4468 6440
249 411 338 465 393
1724 402 2088 458 ALANICUS.

3483 397 3585 452 394

250 534 400 605 ἕτερον
424 549 438 562 ·
474 534 561 582 καὶ
594 525 920 602 κατέδραμεν
960 529 986 579 6
1037 528 1292 598 θεοστυγῆ
1306 547 1346 595 ς,
1374 530 1637 600 γενόμενος
1677 547 1733 580 τε
1764 527 1836 588 εἰς
1867 530 1912 582 Λ
1945 527 2065 582 Deo

1908 573 1912 581 .
1945 527 2065 582 Deo
2091 524 2331 580 odibilis
2363 524 2744 592 Chersonem,
2777 527 2832 578 et
2869 519 3097 594 pusillis
3133 518 3356 576 bellum
3383 519 3586 574 Alanis

255 629 506 694 Χερσῶνα,
536 617 757 689 πόλεμον
782 616 981 675 ἠπείλει
1018 623 1126 678 τοῖς
1166 623 1372 689 μικροῖς
1405 615 1654 683 Ἀλανοῖς,
1684 621 1834 688 μόνον

255 709 380 780 εἰμή
441 703 713 780 προδῶσιν
767 707 926 776 ἡμᾶς.
968 705 1147 766 Οὕτως
1203 703 1386 764 ἐκεῖνος
1438 707 1643 777 πονηρὰ
1681 708 1838 776 φύσις

257 795 310 855 ἦν
377 798 402 847 6
462 796 658 867 γελοῖος
731 795 1014 866 Τζαμοίνης
1077 796 1168 845 καὶ
1233 799 1324 844 τοῦ
1380 789 1608 864 μηδενὸς
1671 793 1835 859 οἶξιος,

256 886 372 942 πλην
403 886 486 936 ὅτι
523 888 711 944 κακίας
749 881 954 956 πλήρης
999 887 1089 932 καὶ
1132 888 1223 933 τοῦ
1269 887 1504 953 Πονηροῡ
1555 883 1838 955 ὑπηρέτης.

258 974 500 1043 Ἥγνοησε
531 969 590 1024 δι
615 973 640 1022 6
671 977 771 1023 πᾶν
800 971 827 1022 ὃ
856 989 908 1022 τι
944 972 1104 1021 κακὸν
1143 965 1271 1022 εἶναί
1320 989 1372 1022 τε
1399 973 1500 1043 γὰρ
1535 967 1844 1030 σπουδάσας

256 1067 335 1114 καὶ
361 1061 604 1131 λέγεσθαι
651 1059 818 1125 ἄξιος,
881 1062 950 1119 ὡς
1003 1065 1138 1112 Θεοῦ
1190 1061 1337 1130 ἡμεῖς
1394 1059 1676 1112 ἀπόστολοι
1727 1078 1845 1111 νεα-

257 1154 480 1221 νιεύομαι
529 1152 654 1223 γὰρ,
712 1153 803 1200 καὶ
860 1151 986 1208 Θεὸς
1050 1156 1384 1222 τερατουργεῖ
1439 1151 1594 1220 ἡμῖν·
1665 1149 1691 1199 6
1745 1151 1845 1220 γὰρ

259 1237 510 1310 διατεμὼν
567 1243 656 1290 καὶ
719 1236 957 1307 συνάψας
1012 1240 1105 1293 τὴν
1147 1236 1417 1310 Ἐρυθρὰν,
1481 1243 1569 1289 καὶ
1636 1241 1692 1288 τὸ
1760 1240 1848 1308 μεν

259 1325 465 1401 φυγάδα
512 1323 789 1388 διασώσας
844 1325 989 1394 λαὸν,
1029 1328 1087 1376 τὸ
1139 1322 1198 1377 δε
1255 1329 1340 1377 τὸν
1383 1322 1644 1378 διώκοντα
1686 1345 1851 1378 κατα-

260 1421 521 1477 ποντίσας,
553 1419 724 1488 τέμνει
750 1419 844 1472 τὴν
875 1414 1022 1466 πόλιν
1051 1417 1110 1466 τὸ
1149 1419 1396 1489 πρότερον
1437 1416 1609 1485 οἰκείῳ
1651 1403 1856 1487 πολέμῳ

259 1511 344 1558 καὶ
404 1505 676 1577 ἀλλοτρίῳ,
731 1508 824 1556 καὶ
891 1507 950 1555 τὸ
1008 1499 1183 1574 διεχὲς
1239 1503 1437 1564 ἐκείνης
1497 1501 1680 1556 ἐδίδου
1734 1507 1859 1576 ἡμῖν

259 1600 350 1653 τὴν
380 1591 587 1648 δίοδον.
621 1595 873 1646 Συνάπτει
900 1589 959 1645 δε
988 1593 1141 1644 πάλιν
1167 1600 1228 1665 τῇ
1269 1594 1546 1665 ὀμοπνοίᾳ,
1575 1597 1643 1655 ὡς
1672 1601 1862 1668 μικροῦ

260 1680 594 1736 κινδυνεῦσαι
629 1685 714 1734 τὸν
764 1680 1031 1753 ἀλιτήριον
1081 1679 1396 1754 βουλόμενον
1445 1691 1865 1757 κατατυραννεῖν,

262 1773 398 1844 εἰμὴ
443 1768 668 1846 δρασμῷ
719 1775 811 1828 τὴν
863 1774 1128 1842 σωτηρίαν
1180 1768 1668 1844 ἐπραγματεύσατο,
1716 1775 1866 1823 Οὕτω

264 1859 329 1919 δὴ
357 1868 544 1914 ταῦτα.

336 1948 387 2013 ς’.
430 1949 494 2002 Ἃ
549 1945 609 2001 δε
640 1945 787 2001 δεινὰ
825 1953 914 2001 καὶ
965 1949 990 2000 6
1047 1950 1179 2023 ἱερὸς
1232 1950 1365 2020 ἡμῖν
1416 1948 1714 2024 ἁνεῤῥίπισε
1768 1954 1870 2002 πό-

261 2041 428 2112 λεμος,
458 2037 688 2110 λεγεσθω
716 2041 818 2112 γὰρ
858 2042 949 2090 καὶ
995 2036 1179 2104 οὕτως,
1220 2039 1398 2113 ὧσπερ
1448 2043 1766 2111 τυραννικὸς,
1821 2042 1872 2090 τί

269 2134 378 2204 χρὴ
442 2132 533 2180 καὶ
584 2127 747 2199 λέγειν
802 2125 931 2179 ἀλλὰ
988 2131 1155 2185 κακήν
1195 2128 1472 2198 ὁμόνοιανς
1538 2129 1619 2180 ἱνα
1674 2132 1874 2203 πύργος

271 2217 614 2291 βλασφημίας
672 2214 964 2286 ἀνυψωθείς
1022 2223 1113 2267 τοῦ
1158 2215 1320 2286 ὕψους
1367 2223 1872 2292 περιφρουρουμένου

268 2314 356 2360 τοῦ
380 2306 669 2377 ἀξιώματος
693 2326 705 2338 ·
739 2305 784 2357 εἰ
803 2309 891 2356 καὶ
927 2307 957 2362 ἡ
991 2313 1086 2364 τῆς
1116 2304 1357 2375 ’γλώσσης
1389 2304 1544 2377 ἐγγὺς
1567 2310 1870 2378 σύγχυσις·

269 2397 299 2455 ᾖ
366 2392 638 2469 συνδρομή
679 2401 780 2446 τῶν
832 2401 926 2455 τῆς
988 2393 1253 2465 αἰσχύνης
1320 2397 1488 2466 ἱερέων
1547 2399 1679 2448 κατὰ
1740 2417 1874 2458 τινος

271 2486 485 2537 Ἠλίου·
553 2481 613 2542 ἧν
660 2485 828 2557 γάρὸ
879 2482 1114 2544 ζηλωτὴς
1176 2483 1297 2558 παρ’
1357 2485 1502 2556 ἡμῖν,
1560 2485 1603 2537 εἰ
1640 2491 1729 2538 καὶ
1786 2507 1875 2538 κα-

269 2576 556 2647 τασφάττει
583 2580 732 2627 τοῦτο
765 2580 826 2644 τῇ
870 2577 1119 2645 μαχαίρᾳ
1156 2580 1249 2624 τοῦ
1286 2577 1578 2644 πνεύματος
1604 2595 1615 2607 ·
1664 2576 1692 2632 ἢ
1743 2579 1878 2628 κατὰ

268 2673 358 2724 τῆς
382 2662 725 2738 Ἰερουσαλὴμ
761 2669 860 2714 τῶν
895 2662 1190 2734 Ἀσσυρίων
1228 2661 1527 2733 παρεμϐολὴ
1582 2663 1878 2735 ἐπισφαλῶς

267 2752 690 2825 ἐπεισφρήσασα,
736 2755 824 2802 καὶ
861 2747 1203 2812 ἐπικινδύνως
1257 2749 1756 2825 ἀνθυποστρέψασα.
1807 2757 1876 2806 Τὸ

267 2838 328 2894 δὲ
360 2839 442 2907 ἦν,
479 2844 561 2892 ἱνα
609 2844 795 2912 μικρὸν
854 2859 903 2891 τι
944 2835 1358 2913 ἐνδιατρίψωμεν
1407 2849 1517 2902 τοῖς
1554 2844 1873 2914 παθήμασι·

266 2937 592 3003 Παροικοῦσι
640 2937 704 3000 τῇ
773 2936 1011 3003 Χερσῶνι
1078 2933 1166 2980 καὶ
1229 2928 1478 2995 Ἀλανοὶ,
1549 2930 1654 3001 ούχ
1722 2932 1876 3003 ᾖττον

265 3018 557 3079 θεληθέντες
611 3018 640 3076 ἡ
705 3017 1028 3083 θελήσαντες,
1097 3019 1164 3078 ὡς
1218 3014 1324 3070 οἶόν
1377 3038 1430 3070 τι
1496 3024 1876 3093 περιτείχισμα

260 3127 428 3179 ταυτῃ
463 3112 552 3159 καὶ
579 3110 998 3180 περιφρούρημα.
1050 3109 1274 3167 Τούτους
1330 3105 1427 3178 ἐγώ
1480 3127 1535 3160 τε
1584 3105 1742 3176 εἶδον,
1785 3114 1874 3162 καὶ

257 3205 568 3271 περιχαρῶς
608 3196 759 3248 αὐτοὶ
787 3200 875 3248 τὸν
921 3198 1138 3270 πάτριον
1176 3201 1398 3268 ποιμέτα
1436 3202 1779 3273 περιέτρεχον
1819 3219 1874 3252 τε

256 3291 350 3338 καὶ
417 3291 790 3357 περιίσταντο·
855 3284 1163 3358 βουλόμενοί
1219 3306 1274 3338 τε
1332 3288 1456 3359 παρ’
1507 3287 1682 3349 αὐτοῖς
1739 3291 1873 3362 ἡμᾶς

259 3376 582 3445 ξενισθῆναι,
637 3376 806 3426 πάντα
863 3373 1066 3427 ἐποίουν
1130 3378 1199 3427 τὰ
1259 3373 1553 3434 ἐπιτήδεια.
1600 3376 1774 3450 Ἡμεῖς
1815 3375 1874 3430 δὲ

259 3464 639 3536 ἀντεισηγομεν
677 3466 764 3515 τὸν
789 3470 885 3525 τῆς
927 3468 1274 3538 παραινέσεως
1311 3464 1484 3535 λόγον,
1519 3468 1588 3527 ὡς
1627 3465 1687 3517 ἂν
1716 3465 1872 3539 βιῷεν

259 3553 422 3615 ἀξίως
446 3560 536 3613 τῆς
574 3551 808 3613 κλήσεως
836 3560 927 3604 τοῦ
959 3560 1214 3627 Χριστοῦ.
1248 3552 1418 3606 Ἦσαν
1451 3551 1510 3606 δε
1552 3552 1755 3617 ἀληθῶς
1789 3556 1872 3626 (ού

255 3646 362 3714 γὰρ
413 3641 473 3692 ἂν
514 3642 873 3713 αἰσχυνοίμην
924 3641 1111 3713 λέγειν,
1170 3640 1309 3714 μηδὲ
1360 3663 1450 3715 μοι
1488 3648 1688 3714 γίνοιτο
1743 3646 1873 3717 ὑφο-

257 3735 464 3806 ρᾶσθαι
493 3731 861 3804 μικροψυχίας
899 3733 1054 3800 τινος)
1083 3736 1322 3804 ποίμνιον
1367 3732 1776 3809 ἐσκορπισμένον
1804 3736 1874 3796 εἱς

259 3827 358 3896 ὅρη
399 3828 493 3875 καὶ
522 3820 743 3894 ἐρήμους
768 3826 854 3873 καὶ
901 3820 1166 3894 βάραθρα,
1199 3822 1293 3873 οὐκ
1323 3825 1446 3894 ἕχον
1487 3820 1724 3897 μάνδραν
1750 3822 1875 3878 ούδέ

257 3910 514 3981 καλύϐην,
549 3911 754 3982 ἕτοιμον
786 3911 859 3973 εἰς
895 3910 1220 3984 κατάϐρωμα
1247 3919 1357 3974 τοῖς
1406 3913 1636 3986 Θηρίοις·
1683 3913 1741 3966 ού
1771 3917 1872 3987 γὰρ

261 4001 327 4060 ἧν
353 4003 378 4052 6
419 4005 728 4072 ποιμαίνων,
782 3999 825 4052 εἰ
872 4004 960 4052 καὶ
1002 3999 1199 4052 πολλῶν
1230 4005 1288 4052 τὸ
1339 3999 1673 4075 ἐπάγγελμα·
1703 4008 1875 4055 καίτοι

259 4097 354 4143 καὶ
389 4089 725 4162 βουλομένοις
755 4085 871 4140 οὐδ’
897 4088 958 4140 ἄν
981 4088 1217 4152 ἐξέσται·
1253 4092 1333 4142 ὅτι
1363 4095 1434 4163 μὴ
1469 4096 1735 4165 πρότερον,
1770 4095 1874 4144 οἷον

260 4177 398 4233 εἶναι
421 4175 504 4231 δεῖ
525 4182 612 4230 τὸν
645 4177 947 4248 ἐπίσκοπον,
981 4182 1215 4236 ἤκουσαν
1236 4201 1248 4212 ·
1278 4180 1322 4232 εἰ
1353 4185 1442 4232 καὶ
1467 4181 1668 4241 Παῦλος
1694 4181 1873 4252 ἐκϐοᾷ,

260 4272 291 4328 ἡ
331 4269 532 4342 μεγάλη
570 4267 815 4340 σάλπιγξ,
849 4269 875 4319 ὁ
914 4276 1013 4320 τῶν
1061 4269 1216 4321 ἐθνῶν
1269 4266 1616 4339 διδάσκαλος,
1655 4277 1745 4324 καὶ
1786 4269 1879 4325 διὰ

1941 615 2360 670 interminatus
2392 619 2501 682 est,
2524 613 2640 667 nisi
2664 627 2774 667 nos
2791 611 3098 666 dederent.
3125 612 3267 664 'l‘am
3295 608 3586 679 improbae

1944 707 2174 758 naturae
2212 707 2339 758 erat
2391 701 2676 757 ridiculus
2717 701 2828 755 iste
2884 703 3211 754 'l‘zamanes
3252 704 3307 753 et
3335 697 3501 752 nulla
3529 711 3591 752 re

1946 791 2186 860 dignus,
2216 791 2334 846 nisi
2362 796 2661 862 quatenus
2694 788 2920 843 malitia
2949 787 3164 858 plenus
3197 791 3342 845 erat.
3379 791 3436 840 et
3468 786 3594 840 Dia.

1947 879 2071 935 boli
2102 878 2470 934 administer.
2499 882 2676 934 Porro
2705 877 3022 948 ignorabat
3047 876 3162 943 hic,
3208 875 3353 930 nihil
3383 879 3598 947 praeter

1951 968 2280 1040 nequitiam
2331 970 2596 1040 sapiens,
2628 972 2684 1022 et
2731 965 2900 1022 ﬂocci
2947 965 3279 1029 faciendus,
3309 979 3418 1019 nos
3466 977 3598 1018 esse

1954 1057 2054 1114 Dei
2075 1057 2400 1129 apostolos,
2434 1057 2635 1113 dicam
2660 1056 2820 1111 enim
2853 1055 3157 1120 audacter,
3187 1058 3244 1109 et
3275 1057 3460 1109 Deum
3488 1069 3599 1124 pro

1956 1146 2130 1202 nobis
2195 1145 2488 1201 miracula
2551 1145 2806 1217 operari.
2866 1144 2974 1209 Qui
3031 1144 3191 1198 enim
3255 1142 3447 1197 divisit
3512 1157 3600 1196 re-

1958 1234 2312 1305 collegitque
2366 1234 2775 1305 Erythi‘aaum,
2834 1237 2890 1288 et
2945 1232 3261 1299 fugitivum
3309 1229 3606 1303 populum

1961 1323 2236 1388 servavit,
2294 1327 2351 1377 et
2410 1327 2854 1394 persecutorem
2915 1321 3042 1392 pari
3106 1327 3373 1392 tempore
3435 1319 3610 1390 aquis

1966 1411 2309 1474 submersit,
2343 1411 2644 1466 civitatem
2694 1411 2849 1466 hanc
2891 1410 2948 1464 in
2993 1415 3191 1480 partes
3231 1409 3420 1469 scidit,
3457 1407 3612 1462 bello

1969 1501 2262 1557 concitato
2294 1501 2471 1556 simul
2489 1500 2644 1555 civili
2666 1505 2722 1555 et
2741 1505 3054 1565 extraneo;
3083 1500 3265 1571 idque
3295 1497 3618 1554 discidium

1973 1605 2185 1646 ansam
2216 1590 2392 1644 nobis
2421 1588 2716 1644 evadendi
2746 1589 2977 1644 obtulit.
3009 1588 3122 1644 Sed
3151 1587 3445 1643 civitatem
3466 1587 3620 1642 Deus

1976 1695 2182 1734 rursus
2203 1679 2281 1734 ad
2298 1678 2686 1734 concordiam
2700 1677 2952 1744 reduxit,
2980 1681 3043 1732 ut
3063 1693 3279 1748 parum
3302 1693 3337 1732 a
3359 1675 3622 1746 periculo

1980 1767 2234 1823 abfuerit
2277 1767 2542 1838 perditus
2572 1766 2689 1835 ille,
2733 1767 2836 1837 qui
2869 1766 3250 1837 tyrannidem
3279 1765 3622 1834 affectabat,

1899 1876 1943 1929 Β
1981 1857 2093 1912 nisi
2120 1857 2263 1927 fuga
2301 1856 2474 1912 saluti
2520 1871 2642 1911 suae
2691 1855 3112 1911 consuluisset.
3148 1858 3280 1911 Haec
3312 1856 3625 1910 hactenus.

2052 1951 2106 2003 6.
2139 1948 2280 2012 Quae
2311 1951 2515 2002 autem
2562 1944 2724 2002 mala
2762 1962 2798 2001 a
2839 1961 3012 2000 sacro
3057 1947 3237 2001 etiam
3266 1944 3430 2000 illata
3455 1945 3631 2000 nobis

1982 2041 2120 2092 sunt
2150 2036 2328 2104 bello,
2361 2053 2432 2092 ea
2461 2037 2683 2108 pariter
2710 2036 3018 2092 narranda
3063 2040 3220 2103 sunt,
3262 2041 3468 2108 utpote
3494 2050 3632 2106 quas

1985 2125 2104 2180 vim
2158 2126 2534 2197 tyrannicam
2590 2126 2648 2181 in
2702 2141 2814 2181 nos
2872 2131 3307 2192 exercuerunt;
3363 2141 3500 2196 quae
3539 2139 3636 2179 res

1982 2215 2147 2270 nullo
2203 2215 2319 2270 alio
2359 2216 2604 2271 nomine
2656 2215 2947 2288 appellari
2988 2218 3207 2286 potest,
3267 2214 3375 2270 nisi
3432 2228 3637 2286 pravas

1984 2305 2443 2376 conspirationis
2475 2321 2486 2359 :
2521 2309 2584 2360 ut
2621 2304 3009 2375 blasphemiae
3049 2304 3335 2359 nimirum
3367 2303 3544 2359 turris
3576 2303 3640 2359 in

1985 2394 2171 2450 altum
2221 2394 2585 2450 attolleretur
2631 2395 2746 2450 sub
2794 2395 3100 2464 dignitatis
3153 2394 3506 2450 munimine.
3575 2396 3642 2448 Et

1984 2484 2231 2555 quidem
2263 2500 2450 2556 prope
2483 2484 2678 2540 abfuit
2706 2485 3107 2554 alinguarum
3136 2484 3519 2548 confusione;
3550 2482 3643 2539 vel

1986 2573 2269 2644 quaedam
2331 2573 2439 2629 fuit
2491 2575 2873 2629 sacerdotum
2941 2575 3286 2643 ignominiaa
3351 2573 3644 2629 adversus

1987 2662 2174 2717 Ellam
2202 2663 2534 2732 aggressio.
2565 2665 2701 2718 Erat
2743 2663 2903 2719 enim
2933 2664 3184 2734 quidam
3224 2662 3437 2718 zelotes
3479 2661 3646 2733 apud

1987 2766 2120 2812 nos.
2168 2752 2276 2806 etsi
2328 2756 2384 2806 et
2439 2751 2598 2806 hunc
2656 2752 2932 2806 interﬁcit
2979 2752 3182 2821 gladio
3233 2752 3494 2823 spiritus.
3545 2750 3647 2806 Vel

1988 2847 2195 2896 contra
2223 2840 2555 2895 Jerusalem
2583 2841 2963 2912 Assyriorum
2995 2841 3288 2895 exercitus
3315 2840 3645 2911 periculose

1988 2937 2175 2985 semet
2222 2929 2505 2993 inferens,
2554 2945 2663 2984 nec
2717 2935 2844 2985 tuto
2895 2936 3221 2986 revertens.
3279 2933 3389 2985 Res
3446 2931 3527 2986 ita
3585 2946 3647 2986 se

1985 3020 2220 3089 habuit,
2251 3025 2313 3075 ut
2356 3019 2614 3075 breviter
2655 3019 3061 3076 calamitatem
3101 3036 3435 3076 narremus.
3473 3019 3645 3076 Habi-

1987 3114 2114 3165 tant
2153 3124 2342 3181 prOpe
2386 3109 2755 3164 Chersonem
2803 3110 2984 3166 etii‘im
3030 3110 3220 3178 Alani,
3271 3125 3394 3165 non
3445 3110 3648 3164 minus

1917 3231 1956 3286 Ο
1988 3199 2228 3271 expetiti
2258 3214 2446 3270 quam
2486 3198 2777 3266 volentes,
2803 3205 2868 3256 ut
2899 3201 3016 3255 sint
3071 3200 3227 3255 circa
3271 3215 3406 3255 eam
3433 3199 3646 3254 urbem

1985 3288 2164 3361 quasi
2197 3287 2421 3343 vallum
2451 3288 2765 3360 quoddam
2801 3295 2856 3344 et
2895 3289 3188 3345 custodia.
3216 3289 3334 3345 Hos
3365 3303 3478 3357 ego
3505 3288 3644 3356 vidi,

1983 3377 2188 3449 illique
2252 3376 2590 3432 admodum
2638 3377 2970 3443 exhilarati,
3027 3377 3106 3433 ad
3157 3377 3414 3450 patrium
3465 3393 3645 3432 suum

1983 3473 2292 3539 pastorem
2332 3466 2749 3530 accurrebant,
2793 3484 3052 3539 eumque
3102 3467 3646 3534 circumsistebant,

1984 3556 2375 3628 volentesque
2407 3572 2519 3611 nos
2544 3557 2710 3628 apud
2741 3573 2843 3612 eos
2865 3557 3174 3629 hospitari,
3203 3557 3437 3613 nullum
3463 3556 3648 3612 ofﬁcii

1985 3660 2175 3715 genus
2204 3645 2759 3717 praetermittebant.
2794 3650 2910 3702 Nos
2957 3663 3101 3702 vero
3136 3647 3397 3702 vicissim
3429 3646 3646 3702 adhor-

1983 3735 2228 3791 tationis
2275 3734 2528 3791 verbum
2570 3735 3034 3806 adhibebamus,
3087 3741 3151 3791 ut
3203 3735 3384 3806 digne
3433 3735 3648 3791 Christi

1983 3824 2301 3880 vocatione
2337 3827 2618 3880 viverent.
2647 3827 2825 3880 Erant
2851 3831 3055 3880 autem
3087 3828 3302 3897 (neque
3331 3842 3428 3881 me
3459 3825 3647 3898 pude—

1984 3912 2072 3968 bit
2098 3912 2315 3979 dicere,
2359 3928 2554 3984 neque
2607 3912 3007 3969 offensionem
3056 3913 3393 3986 quamdam
3435 3914 3646 3969 subve-

1983 4002 2185 4070 rebor)
2213 4017 2355 4071 grex
2396 4001 2609 4073 palaris
2639 4002 2700 4057 in
2744 4003 3050 4059 montibus
3099 4003 3368 4075 locisque
3398 4003 3646 4059 desertis

1987 4096 2041 4147 et
2071 4092 2283 4157 foveis,
2313 4108 2510 4163 neque
2535 4091 2686 4147 ovile
2713 4108 2911 4164 neque
2942 4093 3182 4149 caulam
3202 4092 3457 4163 habens,
3483 4093 3647 4148 ideo-

1986 4198 2104 4253 que
2136 4182 2402 4237 ferarum
2433 4182 2810 4238 devorationi
2858 4184 3204 4255 expositus;
3237 4199 3432 4255 neque
3486 4185 3648 4240 enim

1989 4273 2197 4329 aderat
2225 4272 2329 4343 qui
2360 4272 2410 4326 ei
2455 4272 2823 4343 pastoralem
2866 4289 3077 4328 curam
3116 4272 3507 4345 impenderet,
3541 4272 3650 4328 etsi

255 4368 419 4412 τούτο
450 4360 715 4430 ἡμέτερος.
746 4361 959 4409 Οῖονται
1014 4354 1073 4411 δὲ
1116 4363 1368 4431 τρυφερὸν
1417 4357 1545 4412 εἶναι
1577 4359 1876 4413 ἐπισκοπεῖν
1909 4373 1952 4424 D
1988 4379 2088 4418 mu

1909 4373 1952 4424 D
1988 4361 2315 4418 multorum
2346 4366 2473 4415 erat
2503 4361 2771 4416 ambitio.
2807 4362 3142 4434 Caeteroqui
3191 4377 3265 4416 ne
3308 4361 3650 4416 volentibus

255 4455 355 4500 καὶ
388 4444 693 4510 σπουδάζον
724 4450 790 4499 τὰ
815 4449 1067 4520 κοσμικά.

1987 4451 2238 4524 quidem
2269 4449 2330 4504 id
2355 4449 2652 4518 licuisset;
2683 4451 2830 4522 quia
2860 4452 3156 4517 nondum,
3198 4450 3442 4522 qualem
3473 4466 3652 4522 opor-

257 4541 388 4593 teat
407 4553 536 4591 esse
567 4536 947 4609 episcopum,
978 4533 1422 4610 cognoverant;
1467 4541 1750 4611 quamvis
1805 4541 2023 4597 Paulus
2043 4540 2287 4609 clamat,
2343 4553 2568 4608 magna
2609 4540 2773 4610 tuba,
2810 4541 3080 4610 gentium
3122 4541 3353 4605 doctor,
3392 4540 3652 4612 ideoque

255 4632 472 4682 noster
495 4628 533 4680 ¹.
569 4623 683 4681 Sed
707 4625 790 4682 illi
835 4625 1183 4684 existimant
1229 4627 1584 4686 deliciosum
1630 4629 1781 4702 quid
1819 4646 1951 4687 esse
1989 4631 2509 4704 episcopatum,et
2540 4630 2867 4686 mundanis
2889 4631 3045 4685 curis
3071 4629 3364 4686 deditum.

338 4734 403 4794 ζ.
439 4730 637 4786 Οἶδατε
676 4736 763 4785 τὸν
815 4741 1118 4807 Χερσῶνος·
1168 4741 1262 4788 καὶ
1306 4741 1356 4789 τί
1403 4737 1463 4787 ἂν
1519 4736 1882 4811 ἀκριϐολογοί-

257 4845 371 4897 μην
418 4820 657 4888 εἰδόσιν;
706 4820 870 4883 Οὗτος
923 4825 948 4875 ὁ
998 4829 1157 4896 ᾑρων
1197 4831 1288 4878 καὶ
1332 4825 1560 4900 ἀρχαῖος
1599 4827 1887 4889 ἐπίσκοπος

262 4917 498 4983 θοινατῷ
546 4909 740 4983 ἔδοξεν,
801 4915 882 4966 ὅτι
936 4913 1058 4988 παρ’
1116 4916 1241 4987 ἡμῖν
1312 4916 1544 4981 Ἀλανοὶ,
1605 4918 1632 4976 ἢ
1696 4917 1884 4990 μᾶλλον

260 5008 352 5056 ὅτι
407 5006 552 5076 παρὰ
601 5010 838 5077 Χερσῶνι
891 5005 1078 5076 ἡμεῖς·
1132 5007 1286 5057 καὶὸ
1344 5015 1434 5067 τῆς
1485 5005 1676 5080 ἑνορίας
1737 5007 1886 5078 λόγος

262 5094 464 5153 εὐθύς·
513 5099 603 5144 καὶ
641 5095 710 5154 ὡς
749 5091 1006 5168 ἐγχώριος
1039 5093 1324 5162 ἐπισκοπὴ,
1379 5101 1469 5148 καὶ
1521 5101 1579 5150 τὸ
1623 5096 1742 5169 ἐμὸν
1780 5118 1887 5149 πα-

259 5180 526 5258 ροδευτὸν
574 5186 664 5234 καὶ
705 5187 992 5258 παρόριον·
1047 5187 1115 5236 τὰ
1151 5190 1392 5258 γνώριμα
1448 5195 1610 5239 ταῦτα
1649 5196 1747 5238 ’ῶν
1801 5195 1888 5238 νῦν

262 5273 578 5324 ἐπισκόπων
632 5280 722 5332 τῆς
768 5272 1139 5346 μικροψυχίας
1169 5280 1258 5327 καὶ
1301 5285 1393 5328 τοῦ
1444 5279 1630 5349 φθόνου
1678 5297 1891 5353 περικα-

259 5364 546 5435 λύμμοπα,
607 5364 687 5414 ἱνα
743 5368 813 5435 μὴ
870 5363 1002 5436 λέγω
1047 5371 1135 5417 καὶ
1189 5375 1278 5427 τῆς
1336 5365 1646 5441 ἀϐελτηρίας
1693 5373 1887 5443 γνωρί-

356 5657 372 5689 ¹
415 5653 564 5710 Tim.
600 5666 681 5719 ιιι,
713 5653 766 5706 2.

572 5779 819 5836 Ρλτιιοι.
852 5777 956 5839 Gn.
985 5779 1134 5840 CXL.

2065 4744 2120 4795 τ.
2140 4738 2334 4793 Nostis
2365 4737 2682 4793 Chersonis
2705 4738 3056 4809 episcopum
3087 4755 3099 4802 ;
3131 4736 3236 4792 cﬁr
3265 4737 3424 4793 enim
3449 4737 3653 4806 gnaris

1993 4828 2180 4883 verba
2208 4827 2395 4882 multa
2422 4826 2641 4882 faciam
2663 4828 2690 4882 ?
2719 4831 2909 4883 Senex
2935 4828 3031 4882 hic
3075 4831 3132 4882 et
3161 4828 3395 4900 priscus
3427 4827 3658 4900 episco-

1994 4935 2109 4990 pus
2170 4904 2324 4972 mori
2383 4916 2496 4972 sibi
2534 4917 2872 4984 videbatur,
2925 4918 3071 4988 quia
3120 4917 3290 4973 Alani
3341 4918 3502 4990 apud
3546 4933 3659 4973 nos

1996 5013 2217 5076 essent,
2245 5007 2339 5062 vel
2370 5008 2568 5078 potius
2599 5007 2743 5080 quia
2773 5023 2884 5062 nos
2911 5009 3207 5063 Cliersone
3239 5008 3656 5063 morabamur.

2000 5099 2209 5155 Statim
2237 5112 2381 5166 ergo
2430 5097 2504 5152 de
2553 5097 2983 5168 jurisdictionis
3031 5097 3321 5152 limitibus
3355 5114 3574 5162 sermo,
3607 5101 3665 5153 et

1999 5187 2167 5260 quod
2197 5187 2580 5258 episcopatus
2611 5187 2725 5242 loci
2755 5188 3035 5260 proprius
3068 5191 3241 5255 esset,
3286 5202 3491 5241 meum
3519 5202 3663 5242 vero

2000 5276 2265 5333 ofﬁcium
2296 5276 2709 5331 transitorium
2749 5283 2806 5332 et
2845 5282 3221 5333 extraneum.
3255 5276 3384 5332 Noti
3422 5280 3563 5331 sunt
3604 5276 3666 5330 hi

1999 5366 2431 5423 hodiernorum
2472 5366 2892 5439 episcoporum
2951 5372 3296 5439 praetextus,
3336 5383 3490 5439 quos
3544 5381 3667 5421 sure

3331 5784 3395 5838 13
