4468 6440
864 435 972 494 395
2037 439 2393 496 THEODORI
2428 432 2706 498 MANE
2743 443 3056 500 EPISCOPI
4121 448 4224 514 396

861 558 1344 634 pusillanimitati
1387 562 1445 616 et
1498 558 1738 616 invidia
1790 560 2144 634 obtendunt,
2184 577 2262 619 ne
2315 564 2518 620 dicam
2550 567 2596 620 A

2462 579 2518 620 In
2550 567 2596 620 Α
2634 575 2832 639 σμᾶται.
2865 563 3068 619 Οἶδασί
3115 563 3176 620 δι
3213 565 3338 621 οὐδε
3381 572 3499 631 τοὺς
3537 571 3975 644 θεσμοθετοῦντας
4011 581 4226 642 κανόνας

861 648 1148 722 nequitia
1205 648 1504 704 evidentia
1557 647 1801 706 indicia.
1846 649 1963 706 Sed
2012 665 2210 723 neque
2254 666 2517 708 canones

2458 667 2517 707 es
2625 659 2716 707 καὶ
2771 656 2797 707 ὅ
2853 660 2905 708 τι
2964 675 3090 709 ποτε
3147 655 3481 730 βουλομένοις
3527 658 3739 723 ἐκείνοις
3797 661 3967 716 ἕστίνο
4027 664 4085 718 οὐ
4122 670 4222 739 γὰρ

859 740 1115 803 norunt;
1145 736 1371 809 quidve
1419 751 1526 808 per
1565 736 1679 792 hos
1724 737 1900 794 liceat
1929 756 1942 794 :
1973 753 2171 811 neque
2211 739 2371 796 enim
2401 756 2514 796 nos

2460 756 2514 796 )8
2627 741 2869 816 δημοσίᾳ
2932 752 3024 797 τοῦ
3077 741 3356 799 διδάσκειν
3411 753 3756 823 προέστημιν,
3801 750 3861 804 οὐ
3899 736 4224 827 χιιροτονίαν

861 827 1104 900 publice
1133 827 1474 893 docuimus,
1507 842 1706 900 neque
1754 843 1956 885 sacras
1984 829 2395 887 ordinationes
2425 832 2514 887 in-
2624 854 2625 857 η

2460 846 2514 886 :1-
2624 833 2936 907 ἡρπάσαμιν
2959 875 2976 904 ,
3029 837 3094 894 ὡς
3157 831 3329 887 δοκεῖν
3376 835 3562 890 ἐκεῖνον
3619 835 4080 894 ἕνδιαϐάλλισθαιο
4118 842 4224 918 ἆρο-

858 916 1152 983 vasimus,
1183 915 1265 972 ita
1286 919 1351 972 ut
1379 915 1722 972 videremur
1744 915 1825 972 illi
1851 917 2158 988 negotium
2179 917 2471 975 facessere
2496 936 2509 974 :
2621 986 2622 991 η

2458 935 2471 975 3
2496 936 2509 974 :
2621 925 2796 993 μενοις
2825 918 2885 974 δὲ
2908 936 3049 975 τισιν
3073 926 3203 985 ἴσως
3230 922 3462 986 Ἀλανοῖς
3482 924 3567 979 ἰπὶ
3589 933 3778 999 γωνίας
3822 915 4222 1004 ἀποκριναίμεθα.

858 1005 967 1062 sed
994 1005 1510 1074 interrogantibus
1540 1005 1847 1061 nonnullis
1877 1005 2103 1076 Alanis,
2151 1020 2511 1079 responsum
2621 1056 2622 1059 η

2459 1022 2511 1064 ω
2621 1004 2866 1062 Διδόσθυ
2951 1007 3011 1062 δὲ
3085 1016 3175 1064 καὶ
3252 1008 3610 1081 δημοσιεῦσαι
3692 1017 3833 1089 ἡμᾶς
3904 1022 3992 1070 τόν
4072 1018 4223 1092 λόγον

855 1093 1140 1166 privatim
1167 1093 1469 1183 dedimus.
1496 1094 1630 1183 ASed
1687 1097 1813 1150 esto
1853 1095 1995 1151 ﬁdei
2033 1096 2367 1152 doctrinam
2397 1112 2509 1169 pu—
2617 1122 2619 1130 <

2458 1113 2509 1152 1—
2617 1106 2713 1160 τῆς
2748 1103 2998 1159 Moriar
3049 1099 3109 1152 οὗ
3146 1103 3249 1174 γὰρ
3290 1101 3351 1153 ἂν
3405 1103 3813 1178 παριοτειλαμιν
3877 1107 3965 1158 τὸν
4025 1111 4222 1183 “per-

851 1181 1010 1238 blice
1036 1197 1150 1238 nos
1175 1181 1688 1250 nuntiaverimus;
1728 1198 1926 1255 neque
1969 1185 2130 1240 enim
2175 1185 2507 1257 pradican-

2459 1201 2507 1240 1-
2618 1203 2801 1240 ταντα·
2839 1190 3058 1241 θανόντα
3112 1186 3173 1242 δι
3228 1193 3315 1243 τὸν
3362 1190 3512 1263 λόγον
3559 1196 3652 1245 καὶ
3692 1191 3989 1248 ἀναστάντα
4018 1181 4223 1269 βλέπειν

851 1277 976 1329 tem
1041 1271 1424 1328 cohibuimus
1461 1289 1475 1328 :
1519 1271 1627 1328 sed
1681 1271 2019 1329 doctrinam
2071 1280 2398 1340 mortuam,
2455 1279 2512 1331 et

2461 1279 2512 1331 et
2618 1284 2796 1329 τοῦτον
2822 1274 3088 1349 ἐδώκαμεν
3119 1279 3201 1330 ἄν.
3256 1277 3606 1355 Μαρτύρδμαι
3631 1284 3726 1341 τὴν
3757 1282 4019 1354 ἀλήθειαν,
4051 1285 4225 1358 ἔφλεγε

850 1360 1038 1418 modo
1055 1365 1466 1431 resurgentem
1484 1361 1879 1433 spectandam
1896 1363 2510 1419 exhibuimus.Testor

2459 1379 2510 1419 )r
2618 1367 2708 1437 μὶν
2761 1368 2897 1438 ἡμᾶς
2939 1368 2966 1418 ό
3016 1366 3207 1429 ζῆλος·
3268 1371 3622 1440 ἕνεκαυχῶντο
3677 1373 3778 1446 γὰρ
3833 1372 4108 1448 παρῥησίᾳ
4153 1377 4223 1437 ὡς

847 1450 1162 1506 veritatem
1195 1467 1208 1505 :
1243 1449 1458 1506 urebat
1485 1464 1596 1506 nos
1627 1450 1786 1505 zelus
1813 1468 1825 1506 :
1855 1451 2074 1506 etenim
2099 1452 2412 1523 jactabant
2445 1469 2508 1507 se

2460 1469 2508 1507 se
2618 1453 2674 1516 ἕξ
2704 1451 2920 1515 ἀσεϐοῦς
2967 1459 3155 1528 μοίρας
3211 1460 3302 1508 καὶ
3352 1457 3519 1515 ἄλλως
3547 1461 3873 1532 αἰρεσιῶται,
3906 1463 3988 1514 ὃτι
4037 1459 4224 1535 μηδεὶς

848 1539 1138 1596 audacter
1187 1537 1532 1608 irreligiosa
1581 1539 1766 1610 partis
1804 1539 2083 1596 homines
2135 1545 2192 1597 et
2239 1540 2506 1613 alioquin

2452 1542 2506 1597 in
2618 1540 2896 1614 ἀντιλέγειν
2945 1548 3035 1595 καὶ
3093 1540 3346 1598 δύναιτοσ
3403 1546 3496 1598 οὐκ
3549 1543 3734 1600 ἐδίδου
3794 1545 3855 1601 δί
3911 1551 3936 1602 ὁ
3998 1555 4216 1625 ἑαιρθς·

842 1627 974 1698 jam
1021 1625 1304 1695 haretici,
1358 1626 1504 1698 quia
1550 1643 1732 1683 nemo
1785 1628 2194 1685 contradicere
2250 1634 2505 1703 poterat,

2455 1635 2505 1699 it,
2617 1631 2740 1683 ὥστ’
2787 1628 3292 1706 ἐπαρρησιασάμεθα
3331 1634 3398 1695 εἰς
3443 1629 3617 1690 οὐδέν.
3657 1635 3756 1689 Ἦν
3795 1640 3884 1709 μὶν
3928 1637 4005 1691 ἐπ’
4033 1638 4219 1699 ibi)»-

844 1721 1169 1789 propterea
1196 1715 1364 1787 quod
1391 1721 1633 1789 tempus
1670 1732 1795 1773 non
1848 1718 2206 1790 patiebatur,
2248 1718 2506 1792 ideoque

2449 1735 2506 1775 ιθ
2618 1724 2740 1781 σίας
2794 1721 2820 1772 ό
2858 1722 3030 1773 πάντα
3083 1721 3235 1782 καλὸς
3285 1727 3376 1775 καὶ
3432 1722 3630 1795 ἁγαθός
3683 1724 3868 1787 ἐκεῖνος
3915 1725 4213 1802 ἀρχιερεὺς,

844 1805 996 1861 nihil
1023 1803 1381 1861 ﬁducialiter
1410 1806 1542 1862 ausi
1564 1820 1795 1862 sumus.
1830 1809 1966 1863 Erat
1989 1807 2048 1862 in
2071 1807 2321 1864 ecclesia
2350 1824 2504 1880 pra-

2453 1825 2504 1864 3-
2614 1811 2702 1860 ita}
2761 1808 2891 1861 πολὺ
2937 1814 3056 1884 περὶ
3110 1811 3266 1863 αὐτὸν
3319 1814 3379 1864 τὸ
3421 1809 3727 1887 συνέδριον·
3785 1821 4091 1888 συνωμοσία
4136 1833 4217 1880 τις

845 1895 1045 1952 clarus
1076 1894 1172 1950 ille
1203 1900 1260 1951 et
1285 1894 1489 1951 bonus
1518 1895 1765 1967 prasul,
1817 1895 2196 1969 multumque
2235 1911 2373 1953 cum
2403 1897 2503 1954 illo
2534 1909 2574 1968 Β

2452 1897 2503 1954 lo
2534 1909 2574 1968 Β
2614 1899 2761 1969 τάχα
2794 1903 2884 1950 καὶ
2938 1906 3266 1972 συμπαιγνία
3321 1904 3389 1963 ὡς
3444 1900 3526 1954 ἐπὶ
3576 1905 3830 1975 Στεφάνου
3871 1912 3964 1958 τοῦ
4009 1910 4216 1979 πρωτο-

845 1983 1203 2058 synedrium
1250 2001 1264 2040 :
1313 1984 1655 2056 conjuratio
1702 1985 1989 2057 quadam
2036 1990 2094 2042 et
2137 1987 2502 2058 conspiratio

2451 1988 2502 2043 i0
2613 1989 2898 2062 μάρτυρόςι
2930 1987 2992 2040 οὗ
3025 1991 3128 2064 γὰρ
3167 1993 3478 2065 προσωτέρω
3525 1990 3802 2063 τολμήσω·
3852 1998 3942 2046 καὶ
3972 1994 4215 2068 εἱλκόμην

840 2090 955 2131 ceu
1004 2073 1322 2147 quondam
1370 2073 1666 2131 adversus
1708 2079 2216 2148 protomartyrem
2257 2077 2502 2149 Stepha-

2452 2091 2502 2132 ι·
2612 2076 2685 2138 εὶς
2712 2081 2888 2150 κρίσιν
2918 2078 3096 2146 αὐτὸς,
3141 2078 3314 2131 οὐκέτι
3343 2081 3433 2151 μὲν
3477 2081 3595 2142 ὡςὸ
3644 2081 3862 2152 Παῦλος,
3903 2081 4037 2142 πλὴν
4087 2083 4216 2137 ἀλλὰ

839 2179 1028 2237 num;
1061 2179 1261 2237 neque
1306 2164 1469 2221 enim
1518 2164 1656 2238 plus
1707 2164 1905 2222 dicere
1948 2166 2180 2236 audeo;
2209 2169 2390 2239 atque
2437 2167 2500 2222 in

1410 2179 1469 2220 m
1518 2164 1656 2238 plus
1707 2164 1905 2222 dicere
1948 2166 2180 2236 audeo;
2209 2169 2390 2239 atque
2437 2167 2500 2222 in
2611 2161 2830 2238 δέσμιος
2860 2165 2910 2219 ἐν
2936 2174 3174 2240 Χριστῷ.

834 2253 1137 2326 judicium
1176 2269 1314 2310 sum
1356 2257 1710 2327 pertractus,
1740 2255 1908 2312 haud
1945 2254 2192 2328 quidem
2240 2259 2306 2312 ut
2353 2255 2501 2312 alter

841 2342 1084 2410 Paulus,
1109 2343 1215 2398 sed
1244 2345 1448 2399 tamen
1470 2342 1532 2398 in
1559 2343 1792 2401 Christo
1820 2343 2076 2401 vinctus.

912 2435 964 2487 8.
998 2434 1146 2488 Ecce
1177 2435 1383 2488 autem
1421 2445 1560 2504 qua
1609 2433 1777 2505 apud
1818 2431 2081 2490 tribunal
2131 2438 2299 2505 gesta
2333 2439 2493 2491 sunt.

2453 2439 2493 2491 ί.
2679 2427 2749 2485 η’.
2787 2430 2888 2481 Καὶ
2938 2428 3006 2480 τὰ
3051 2435 3144 2480 τοῦ
3197 2424 3456 2482 δικαστοῦ
3515 2430 3754 2505 βήματος
3792 2431 4005 2506 ἆγεξῆς·
4055 2434 4082 2487 ὁ
4118 2438 4213 2497 τῆς

834 2520 1048 2578 Judicii
1077 2534 1305 2594 prases
1331 2520 1535 2591 ignem
1558 2521 1795 2594 spirans
1819 2540 1832 2589 ;
1857 2533 2239 2580 consessores
2264 2528 2322 2580 et
2341 2525 2495 2580 assi-

2449 2525 2495 2580 i-
2606 2514 2764 2578 δίκης
2819 2519 3118 2591 προστάτης
3164 2521 3326 2570 πνέων
3376 2518 3648 2593 ἇμπύριον,
3694 2523 3744 2574 sl
3781 2520 4208 2597 παρεδρεύοντες,

835 2614 1081 2680 stentes,
1104 2609 1184 2666 ad
1204 2610 1670 2667 ministrandum
1694 2616 1876 2685 atque
1894 2612 2192 2685 imperata
2218 2612 2494 2669 facienda

2448 2615 2494 2669 la
2601 2610 2652 2659 ei
2697 2622 3049 2681 παρεστωτες,
3081 2608 3205 2660 ὅσον
3247 2608 3518 2680 ὑπηρετεῖν
3569 2615 3660 2664 καὶ
3716 2614 3850 2684 πρὸς
3886 2614 3952 2664 τὰ
4009 2613 4212 2666 κελευό-

832 2699 1032 2773 parati
1047 2717 1060 2755 :
1075 2714 1187 2770 ego
1205 2713 1346 2756 reus
1368 2699 1426 2754 in
1448 2699 1742 2770 medio,et
1763 2701 2122 2757 sententiam
2144 2707 2488 2772 expectans.

2434 2717 2488 2759 λε,
2601 2713 2730 2768 μενοι
2770 2697 2974 2768 ἕτοιμον
3000 2714 3013 2730 ο
3068 2701 3159 2749 καὶ
3202 2699 3228 2749 ὃ
3267 2699 3584 2771 κατάκριτος
3640 2698 3741 2772 εγὼ
3793 2704 4198 2776 παριστάμενος,

833 2788 978 2855 Quis
1020 2792 1102 2859 tu,
1155 2792 1214 2844 et
1256 2788 1417 2844 unde
1465 2788 1545 2845 ad
1585 2804 1696 2845 nos
1740 2787 2105 2862 obrepsisti?
2145 2791 2329 2856 Quasi
2355 2805 2490 2861 ego,

2436 2807 2490 2855 ο,
2598 2791 2689 2837 καὶ
2739 2789 2835 2843 τὴν
2866 2784 3127 2858 ἀπόφασιν
3166 2782 3530 2859 ἇκδεχὸμενος.
3585 2792 3676 2851 Τίς
3719 2791 3874 2843 πόθεν
3913 2793 4058 2863 ἡμῖν,
4093 2797 4200 2864 φή·-

831 2883 976 2934 tunc
1007 2878 1151 2946 dixi,
1185 2878 1362 2934 alieni
1393 2878 1696 2948 dogmatis
1725 2884 1784 2936 et
1811 2880 2098 2937 doctrina
2124 2881 2309 2938 homo
2335 2882 2446 2937 sim
2473 2899 2485 2948 ;

2436 2899 2485 2948 ι;
2602 2879 2706 2943 σιν,
2747 2875 3132 2949 ἑπεισέφρησας
3155 2891 3169 2941 ;
3196 2874 3396 2950 ’Ὠσπερ
3433 2877 3478 2928 εἰ
3517 2877 3689 2953 ἕτερον
3722 2875 4007 2952 δόγματος,
4053 2882 4200 2953 (quit,

831 2972 890 3024 et
919 2982 1043 3024 non
1075 2967 1261 3024 ambo
1283 2967 1483 3040 potius
1517 2967 1780 3024 ecclesia
1811 2969 2106 3041 ejusdem,
2130 2974 2188 3026 et
2228 2971 2342 3025 sub
2384 2986 2487 3027 eo-

2438 2987 2487 3027 )-
2599 2965 2662 3022 ἦν
2700 2961 2800 3035 ἕγὼ
2838 2969 2928 3016 καὶ
2957 2968 3318 3037 κηρύγματος,
3376 2965 3505 3018 ἀλλὰ
3551 2971 3624 3039 μὴ
3675 2977 3772 3031 τῆς
3822 2969 3986 3031 αὐτῆς
4014 2968 4202 3028 halt»

829 3058 973 3114 dem
1027 3062 1340 3131 pastorum
1390 3058 1684 3132 principe.
1728 3063 1800 3115 At
1850 3064 1916 3115 tu
1971 3061 2031 3115 in
2074 3060 2300 3116 malam
2359 3075 2487 3116 rem

2438 3076 2487 3116 ω
2600 3058 2715 3114 σίας
2761 3058 2852 3106 καὶ
2887 3061 2978 3106 τοῦ
3033 3055 3191 3107 αὐτοῦ
3244 3054 3619 3129 ἀρχιποίμενος
3671 3052 3818 3130 ἧμιν.
3854 3057 3986 3111 Ἀλλ’
4018 3057 4068 3120 ις
4103 3062 4202 3112 16'-

827 3148 1046 3220 inquit,
1070 3163 1208 3203 cum
1241 3147 1442 3220 impiis
1469 3148 1669 3205 Alanis
1714 3153 1771 3205 et
1813 3149 2176 3220 irreligiosis,
2208 3150 2313 3222 qui
2344 3152 2482 3222 Scy-

2440 3166 2482 3206 γ-
2595 3159 2762 3215 ραοιας
2811 3142 2925 3218 ἰρῥε
2965 3146 3082 3204 τοὺς
3121 3144 3320 3205 ἀσεϐεῖς
3359 3145 3602 3208 Ἀλανοὺς
3650 3151 3740 3199 καὶ
3791 3146 3992 3214 ἀθέους,
4025 3150 4076 3201 οἱ
4111 3153 4204 3202 καὶ

823 3238 944 3293 this
968 3250 1214 3309 quoque
1245 3237 1484 3308 pejores
1514 3242 1672 3294 sunt.
1702 3238 1856 3304 Quid
1878 3254 2045 3309 ergo,
2073 3239 2325 3311 inquam
2348 3254 2481 3311 ego,
2516 3270 2557 3325 ο

2441 3254 2481 3311 ),
2516 3270 2557 3325 C
2596 3232 2804 3285 Σκυθῶν
2843 3231 2946 3284 tim
2997 3238 3251 3306 χείρονες.
3292 3239 3354 3287 Τί
3392 3231 3502 3305 οὖν,
3559 3236 3715 3298 αὐτός
3754 3237 3895 3309 ἔφην,
3936 3239 4028 3290 καὶ
4068 3235 4205 3312 δρᾷν

822 3340 940 3382 nos
971 3339 1148 3396 agere
1173 3341 1417 3398 aquum
1440 3331 1548 3394 est,
1572 3327 1686 3382 nisi
1716 3327 2122 3399 apostolatum
2152 3327 2485 3384 Protocleto
2521 3317 2557 3325 “

2440 3343 2485 3384 ιο
2521 3317 2557 3325 ν
2595 3323 2735 3393 ἡμᾶς
2781 3317 3008 3392 δίκαιον,
3037 3321 3147 3374 ἀλλ’
3177 3324 3208 3382 ἡ
3260 3327 3427 3398 φέρειν
3472 3328 3569 3383 τὴν
3608 3324 3923 3394 ἀποστολήν,
3973 3332 4065 3379 καὶ
4105 3330 4204 3379 σὺν

823 3415 1063 3472 favente
1093 3414 1515 3472 circumferre?
1560 3416 1758 3488 Atqui,
1798 3415 1996 3488 inquit
2038 3415 2156 3487 ille,
2188 3432 2294 3472 cur
2327 3418 2485 3473 hanc

2440 3433 2485 3472 ιο
2594 3429 2653 3482 γι
2713 3419 2786 3481 τῷ
2845 3411 3203 3485 Πρωτοκλήτῳ
3256 3412 3366 3484 (4);
3419 3409 3575 3466 Ἀλλὰ
3629 3417 3683 3466 τί
3741 3413 4050 3487 βουλόμενος
4104 3418 4204 3474 τὴν

820 3516 1027 3561 meam
1058 3503 1358 3560 civitatem
1389 3518 1749 3561 concursare
1770 3518 2019 3578 prorsus
2040 3507 2229 3563 audes
2249 3507 2277 3563 ?
2308 3508 2481 3574 Sane,

2443 3522 2481 3574 θ’
2595 3498 2722 3571 ἄμὴν
2769 3503 2964 3558 ταύτην
3002 3501 3150 3553 πόλιν
3198 3501 3491 3574 περιπολεῖν
3542 3501 3836 3576 ἐτόλμησας
3887 3503 4055 3571 ὅλωςς
4099 3504 4207 3559 Im

818 3593 1078 3666 inquam
1109 3608 1244 3665 ego,
1278 3593 1327 3649 si
1377 3598 1458 3662 tu,
1497 3611 1535 3650 o
1578 3593 1756 3666 bone,
1801 3601 1859 3652 te
1909 3596 2064 3666 geris
2110 3597 2481 3670 episcopum,

2444 3612 2481 3660 ι,
2594 3593 2719 3662 μὴν,
2750 3587 2791 3641 ὦ
2816 3589 2981 3661 ’γαθὶ,
3038 3590 3082 3643 sl
3123 3593 3214 3662 μὶν
3270 3589 3590 3660 ἐπισκοπεῖς,
3633 3589 3688 3646 εὖ
3740 3592 3922 3665 λέγεις,
3979 3600 4071 3647 καὶ
4109 3611 4208 3667 γα-

819 3687 981 3741 recte
1009 3683 1122 3750 ais,
1159 3687 1315 3740 recte
1359 3685 1779 3756 reprehendis,
1812 3689 1869 3742 et
1892 3685 2184 3743 damnare
2210 3687 2434 3759 poteris
2468 3704 2481 3742 :

2468 3704 2481 3742 ε
2595 3686 2750 3754 νιρῶς
2799 3677 3022 3751 ἐλέγξας,
3085 3678 3196 3731 εἶτα
3244 3681 3562 3755 κατάκριτον
3607 3682 3653 3734 εἰ
3699 3679 3751 3734 δ’
3781 3685 3850 3745 ὡς
3879 3679 3970 3736 ὅδε
4007 3703 4085 3746 τις
4115 3685 4208 3755 εμ-

820 3772 916 3829 sin
968 3771 1174 3846 potius
1223 3773 1321 3829 hic
1361 3777 1416 3830 te
1468 3789 1580 3830 ceu
1632 3780 2028 3832 mercatorem
2090 3780 2149 3833 et
2184 3778 2485 3834 advenam

2443 3793 2485 3833 ῃ
2594 3783 2775 3842 πόρος,
2815 3772 2906 3820 καὶ
2962 3764 3053 3820 ὅδε
3098 3785 3181 3830 τις
3231 3769 3443 3837 ἔπηλυς,
3494 3770 3524 3828 ἣ
3573 3772 3769 3832 πάντας
3817 3768 4059 3841 abigit
4109 3777 4207 3826 καὶ

819 3861 1000 3932 geris,
1029 3861 1125 3917 vel
1155 3877 1370 3919 omnes
1423 3863 1654 3935 expelle
1703 3863 1790 3920 vel
1840 3879 1936 3921 me
1977 3880 2222 3938 quoque
2248 3866 2438 3922 tolera
2470 3883 2482 3922 :

2470 3883 2482 3922 :
2595 3858 2736 3929 ἡμᾶς
2766 3855 3008 3930 ἀνάσχου
3033 3874 3046 3892 δ
3078 3858 3228 3912 πλέον
3269 3856 3347 3927 δι,
3398 3860 3477 3913 ὅτι
3517 3865 3608 3914 καὶ
3649 3859 3955 3923 hauende
3979 3866 4074 3921 τὴν
4120 3861 4206 3914 ἕνα

817 3950 947 4008 imo
975 3966 1119 4008 vero
1149 3952 1299 4024 quia
1342 3951 1566 4017 invitus
1616 3966 1731 4025 ego
1785 3953 1906 4010 huc
1959 3956 2210 4023 excurri,
2244 3956 2488 4013 misera-
2545 3988 2552 3992 -

2444 3972 2488 4013 ι,
2545 3988 2552 3992 .
2595 3949 2767 4000 ταΰθα
2807 3945 3152 4023 περιδρομὴν,
3186 3947 3358 4011 ἐλέους
3402 3968 3456 4003 τε
3502 3949 3693 4023 μᾶλλον
3747 3949 3808 4002 ἂν
3853 3949 4092 4025 ἄξιοίμην
4129 3955 4208 4015 ὡς

815 4038 983 4096 tione
1009 4038 1210 4112 potius
1247 4039 1471 4112 dignus
1515 4057 1678 4109 sum,
1705 4041 1787 4098 ob
1817 4059 1889 4099 ea
1913 4057 2054 4116 qua
2092 4044 2287 4117 patior
2310 4063 2322 4100 :
2342 4044 2488 4101 nihil

2449 4044 2488 4100 i1
2594 4039 2894 4099 πεπονθώςο
2946 4038 3073 4091 ἆκὼν
3126 4034 3186 4092 δι
3239 4041 3454 4114 πράττω
3499 4037 3679 4094 οὐδέν·
3737 4048 3846 4104 πῶς
3900 4043 4004 4115 γὰρ
4043 4043 4069 4095 ὁ
4119 4038 4211 4096 δε-

816 4133 1022 4187 autem
1050 4133 1270 4202 sponte
1297 4145 1416 4200 ago
1447 4148 1461 4186 :
1490 4132 1598 4204 qui
1628 4133 1792 4189 enim
1839 4133 1900 4189 id
1936 4134 2175 4190 vinctus
2215 4149 2437 4207 queam
2459 4136 2488 4191 ?

2459 4136 2488 4191 ?
2599 4145 2787 4200 σμιος;
2820 4131 2955 4201 Πρὸς
2991 4135 3159 4180 ταῦτα
3214 4125 3444 4204 σφοδρόν
3494 4125 3622 4182 ἰδών
3673 4146 3724 4183 τι
3774 4134 3865 4184 καὶ
3915 4129 4205 4208 βλοσυρὸν,

815 4217 910 4275 Ad
952 4219 1084 4275 hac
1119 4220 1382 4290 graviter
1412 4221 1783 4293 torviterque
1821 4222 2145 4294 aspiciens,
2167 4224 2332 4281 haud
2364 4225 2486 4280 scio

2440 4225 2486 4280 ίο
2597 4221 2686 4268 καὶ
2752 4214 2857 4269 οἷον
2918 4215 3196 4288 βασιλικόν
3235 4222 3325 4269 καὶ
3362 4217 3629 4288 λεόντειόν,
3688 4218 3715 4271 ὅ
3770 4228 3886 4281 πῶς
3937 4220 3998 4272 ἆν
4049 4222 4204 4288 εἴπω,

815 4312 1021 4364 utrum
1054 4311 1120 4364 ut
1148 4307 1469 4365 basiliscus
1494 4292 1747 4382 quidam
1769 4327 1848 4368 an
1880 4292 1945 4368 ut
1968 4311 2081 4379 leo,
2104 4329 2228 4370 non
2253 4319 2374 4370 tam
2406 4315 2485 4370 ob

2441 4315 2485 4370 ι)
2594 4305 2729 4364 πλὴν
2759 4307 2854 4359 οὐκ
2895 4305 2944 4358 ἄν
2975 4314 3080 4368 τοῖς
3104 4292 3299 4370 ’ἄλλοις
3340 4315 3548 4362 τοιοῦτο
3593 4312 3685 4362 καὶ
3733 4309 3966 4383 μάλιστα
3993 4307 4205 4380 δέουσι,

815 4400 1036 4454 catera
1064 4413 1202 4470 qua
1251 4402 1460 4454 tamen
1510 4401 1790 4468 graviora
1841 4406 2030 4466 erant,
2077 4403 2182 4459 sed
2213 4403 2484 4460 audacia

2446 4420 2484 4460 ῃ
2594 4401 2684 4448 καὶ
2713 4394 2906 4468 τόλμης
2947 4399 3087 4469 ἡμᾶς
3133 4396 3398 4472 ἐγράφετο,
3433 4399 3512 4450 ὅτι
3555 4397 3649 4450 κᾶν
3695 4418 3748 4451 τι
3785 4398 3945 4471 λέγειν
3973 4399 4210 4473 ἐθρασυ-

814 4489 1020 4562 potius
1047 4503 1162 4544 nos
1213 4503 1351 4545 reos
1378 4492 1812 4562 pronuntiavit,
1854 4493 1998 4565 quia
2041 4493 2287 4550 liberius
2335 4495 2484 4567 quid

2446 4495 2484 4551 d
2593 4488 2814 4558 νάμεθα.
2866 4489 2931 4538 0i
2984 4483 3043 4539 δὲ
3090 4495 3433 4558 περιεστῶτες
3491 4495 3682 4562 μικροῦ
3734 4493 3824 4540 καί
3873 4491 4008 4541 κατὰ
4047 4494 4210 4563 κόρης

817 4578 1192 4635 dixeramus.
1247 4579 1357 4645 Qui
1404 4595 1544 4636 vero
1600 4581 1946 4648 adstabant,
1999 4587 2231 4640 tantum
2265 4601 2387 4641 non
2421 4586 2481 4641 in
2519 4628 2562 4682 Β

2445 4601 2481 4641 n
2519 4628 2562 4682 Β
2595 4577 2732 4647 ἡμᾶς
2774 4579 2952 4628 ἔπαιον
2978 4596 2990 4608 ·
3045 4579 3170 4636 τέως
3214 4578 3239 4628 ὁ
3288 4579 3378 4648 μὲν
3409 4577 3566 4644 ἔνθεν,
3607 4579 3634 4628 ὁ
3681 4573 3743 4630 δὲ
3787 4579 3923 4630 ἔνθεν
3961 4578 4209 4653 πορέῥρι-

817 4669 1010 4726 oculis
1040 4685 1152 4725 nos
1191 4676 1638 4742 percusserunt.
1674 4672 1913 4729 Interim
1954 4673 2106 4729 alius
2135 4675 2295 4741 hinc,
2327 4675 2481 4731 alius
2516 4665 2561 4733 .U

2444 4693 2481 4731 ,ε
2593 4683 2740 4732 πτον,
2775 4667 2940 4717 ὤθουν
2991 4685 3044 4717 τε
3093 4669 3183 4717 καὶ
3243 4665 3504 4719 ἀντώθουν
3564 4671 3918 4739 παιγνιμόνως
3970 4674 4060 4719 καὶ
4088 4671 4208 4740 μετ’

816 4759 977 4831 inde,
1007 4775 1120 4815 nos
1150 4759 1836 4831 rejiciebant,urgebant
1857 4764 2299 4835 etrepellebant
2315 4766 2480 4836 jocu-

2446 4784 2480 4822 ι-
2595 4754 2772 4826 ὀργῆς,
2822 4754 3004 4828 ὕϐρεσι
3071 4774 3125 4808 τε
3175 4754 3447 4827 βάλλοντες
3505 4753 3640 4814 ἦσαν
3694 4755 3749 4808 ἐκ
3793 4765 3884 4808 τοῦ
3939 4753 4210 4811 δικαστοῦ

814 4848 1018 4905 lariter
1051 4848 1232 4904 simul
1259 4854 1316 4905 et
1353 4850 1665 4921 iracunde,
1710 4855 1766 4907 et
1810 4853 2091 4909 conviciis
2121 4855 2476 4922 onerabant,

2444 4861 2476 4922 ι,
2592 4843 2864 4916 λαϐόμενοι
2903 4852 2994 4904 τῆς
3048 4843 3243 4918 ἀρχῆς.
3289 4845 3347 4898 Ἡ
3390 4842 3449 4898 δε
3488 4843 3753 4917 ἀπόφασις
3804 4844 4038 4899 ἐϐούλετο
4084 4849 4208 4919 μὲν,

817 4943 996 5012 capto
1024 4954 1060 4995 a
1074 4938 1279 5010 judice
1311 4938 1608 5012 exemplo.
1635 4943 1702 4997 Et
1726 4941 1968 4998 volebat
1991 4959 2138 4999 sane
2163 4945 2476 5012 damnare,

2445 4963 2476 5012 ,ν
2591 4934 2685 4986 οὐκ
2738 4931 2970 4992 ἠδύνατο
3020 4930 3108 4987 δέ·
3158 4934 3216 4986 οὐ
3256 4937 3357 5007 γὰρ
3398 4933 3482 4987 ἐπὶ
3509 4942 3758 4988 τοσοῦτον
3798 4937 3828 4993 ὴ
3871 4940 4032 4987 κακία
4055 4942 4209 4989 κοτέ-

818 5030 924 5086 sed
955 5045 1078 5086 non
1113 5029 1342 5102 potuit;
1372 5046 1494 5086 non
1525 5031 1686 5088 enim
1721 5036 1921 5089 tantas
1963 5033 2178 5090 habuit
2215 5037 2481 5108 nequitia

2437 5052 2481 5093 L8‘
2593 5043 2768 5096 σχυσε
2794 5045 2805 5057 ο
2837 5023 2970 5082 πλὴν
3005 5023 3131 5076 ἀλλὰ
3160 5029 3407 5097 συνήργει
3441 5032 3548 5086 τοῖς
3597 5027 3847 5077 θανατοῦν
3887 5026 4027 5098 ἡμᾶς
4065 5024 4201 5098 βου-

815 5120 974 5175 vires
1001 5135 1013 5185 ;
1047 5124 1314 5175 attamen
1340 5119 1412 5174 iis
1438 5121 1542 5192 qui
1579 5136 1692 5176 nos
1725 5122 2056 5179 interﬁcere
2080 5125 2342 5182 avebant
2379 5143 2476 5183 co-

2443 5150 2476 5177 .-
2591 5114 2859 5187 λομένοις·
2909 5118 3039 5175 Θεὸς
3082 5111 3140 5166 δὲ
3197 5116 3223 5167 ὀ
3272 5114 3626 5189 ἐξαιρούμενος
3671 5111 3753 5173 ἦν,
3793 5121 4035 5176 Τοιοῦτος
4073 5117 4207 5186 ἡμῖν

816 5209 1204 5282 operabatur.
1229 5209 1343 5268 Sed
1366 5210 1520 5267 Deus
1541 5211 1828 5268 liberator
1844 5214 2071 5270 aderat.
2096 5216 2244 5272 Talis
2272 5218 2334 5273 in
2363 5235 2476 5275 nos

2450 5236 2476 5273 ε
2589 5205 2614 5255 ὁ
2646 5201 2887 5276 ἁδελφὸς,
2940 5205 3105 5266 οὕτως
3152 5201 3304 5272 ἡδὺς,
3347 5205 3510 5264 οὕτως
3563 5204 3927 5265 ἁντιληπτικὸς
3985 5210 4072 5256 καὶ
4110 5226 4207 5276 9i-

814 5300 1036 5358 exstitit
1055 5299 1254 5368 frater,
1272 5305 1396 5358 tam
1419 5301 1750 5373 jucundus,
1769 5307 1890 5360 tam
1913 5304 2142 5375 favens,
2162 5313 2342 5380 atque
2361 5309 2478 5364 hu-

2447 5339 2478 5350 -
2590 5293 2915 5367 λάνθρώπος,
2955 5301 3062 5356 τοῖς
3114 5294 3276 5357 ξένοις
3326 5295 3352 5345 ὁ
3400 5295 3708 5369 ἐπιχώριος,
3757 5301 3866 5356 τοῖς
3916 5312 4207 5348 κατακεκο-

845 5587 855 5596 _
885 5516 965 5586 (4)
991 5515 1054 5570 Id
1077 5519 1170 5599 est
1208 5518 1420 5599 sancto
1446 5515 1919 5599 Andr_ea,_quem
1954 5522 2258 5592 Byzantini
2284 5524 2475 5580 Eccle-
2585 5528 2852 5599 phanem
2883 5526 3344 5584 fabricaverunt.
3375 5529 3464 5599 De
3485 5543 3547 5582 re
3574 5527 3681 5583 hac
3703 5527 3826 5582 dixi
3853 5526 3914 5582 in
3943 5526 4206 5599 adnota-

812 5587 1070 5671 siaﬂsua
1098 5586 1485 5671 fundatorern
1521 5588 1730 5671 νοιρηῑ
1755 5586 2037 5659 asserere,
2064 5600 2126 5647 ut
2166 5610 2310 5671 eam_
2333 5612 2450 5667 apo
2585 5586 2852 5655 tionibus
2883 5599 2960 5655 ad
2993 5599 3395 5670 Ephramium
3421 5598 3956 5670 chronographum
3982 5598 4200 5671 Script.

811 5659 1087 5745 stolipam
1111 5660 1593 5745 esse‘jactent,‘et_.
1614 5663 1899 5744 Romana
1916 5671 2248 5745 opponant.
2272 5659 2473 5745 Quare
2584 5676 2696 5729 vet.
2729 5678 2771 5728 t.
2803 5675 2894 5740 lli,
2928 5689 2984 5745 p.
3020 5659 3126 5728 Q26
3156 5676 3425 5744 (PATROL.
3454 5677 3495 5729 t.
3528 5659 3733 5741 CXLII,
3762 5659 3876 5727 col.
3909 5673 4056 5739 349).

809 5737 868 5790 et
904 5730 1076 5828 illum
1116 5730 1463 5804 catalogum
1511 5734 1597 5791 tot
1635 5730 2060 5808 episcoporum
2105 5741 2243 5796 ante
2270 5730 2472 5797 Metro-
