4468 6440
285 449 390 503 397

285 574 452 642 μένοις
486 569 513 621 ὁ
543 571 635 620 καὶ
658 572 750 621 τοῦ
775 569 964 640 κρίνειν
994 567 1168 638 κύριος
1198 568 1265 617 ὧν
1295 585 1307 598 ·
1342 563 1406 616 έῶ
1435 563 1596 617 τᾶλλα
1619 585 1633 598 ο
1676 561 1882 617 δίκαιον
1912 567 1957 619 Α

284 661 410 732 γάρ.

358 834 426 892 η’,
477 833 598 887 Ἀλλ
654 829 832 890 ἐπειδή
894 851 1028 891 τινος
1089 829 1372 904 έλευθερίας
1439 829 1731 902 λαϐόμενοι,
1797 836 1886 883 καὶ

285 930 374 982 τήν
415 920 536 975 ὁδὸν
594 922 914 994 ίσκοποῦμεν
966 922 1036 983 ὡς
1073 919 1133 970 ἂν
1173 921 1390 980 ἕκαστος
1428 922 1514 971 τὸν
1555 924 1748 971 σκοπὸν
1793 929 1888 981 τῆς

287 1012 563 1086 ἁγετηρίας
619 1008 745 1078 εἶδε,
795 1015 889 1069 τὴν
941 1009 1023 1062 ἰθὺ
1087 1013 1354 1082 Βοσπόρου
1404 1009 1697 1082 ὲτέμνομεν·
1750 1005 1886 1060 ἐδεί-

289 1099 387 1154 δου
417 1099 474 1154 δι
503 1103 529 1153 ὃ
567 1119 622 1153 τε
659 1103 837 1175 καιρὸς
874 1108 1132 1171 χειμῶνος
1170 1099 1309 1170 ἄγων
1353 1101 1420 1150 τὰ
1462 1103 1618 1170 μέσα,
1664 1104 1753 1150 καὶ
1791 1107 1886 1150 τῶν

285 1192 494 1244 Σκυθῶν
542 1192 573 1247 ἡ
620 1191 754 1242 κατὰ
786 1196 878 1240 τοῦ
920 1193 1189 1260 Βοσπόρου
1265 1196 1555 1244 τηνικαῦτα
1597 1190 1730 1262 ὁρμὴ
1775 1184 1888 1240 διε-

286 1280 514 1332 κώλυενο
561 1279 605 1332 εί
647 1283 736 1330 καὶ
785 1280 934 1350 ἡμεῖς
978 1277 1250 1349 έϐιάζομεν
1297 1282 1390 1335 τὴν
1440 1274 1583 1348 ὁδὸν,
1617 1275 1669 1340 ἕξ
1708 1277 1768 1328 οὗ
1797 1282 1888 1329 καὶ

287 1368 649 1441 διηλίγχημεν
702 1370 984 1444 ἄπρακτοι.
1041 1373 1132 1429 Τίς
1185 1366 1244 1418 ἂν
1294 1372 1428 1420 εἴποι
1486 1372 1551 1419 τὰ
1615 1369 1888 1436 σκυθικά;

283 1464 364 1520 τίς
407 1461 657 1532 θρηνήσει
691 1458 725 1509 ἆ
757 1477 812 1509 τε
859 1454 1082 1528 ἴδοιμεν,
1125 1458 1158 1508 ai
1188 1476 1241 1509 τε
1280 1459 1572 1529 traiectu";
1633 1457 1890 1528 Ἀφίστα-

284 1561 374 1600 ται
407 1545 464 1600 δε
489 1550 594 1623 ἄρα
624 1550 741 1599 οὔτε
778 1554 872 1598 τοῦ
910 1545 1157 1620 κυϐερνᾲν
1201 1551 1287 1598 καὶ
1336 1546 1648 1620 παραπλέειν
1696 1549 1721 1598 ὁ
1761 1550 1890 1599 ναύ-

285 1657 474 1710 αρχος,
532 1635 628 1687 κᾶν
677 1638 779 1688 ὅσα
825 1642 938 1696 τοῖς
980 1635 1187 1708 ἀνέμοις
1225 1635 1664 1708 έκπεπολέμωται,
1699 1640 1891 1708 μέχρις

284 1729 346 1779 ἄν
396 1728 463 1787 εἰς
513 1726 694 1798 λιμένα
743 1729 1037 1797 καταγάγοι
1094 1731 1190 1784 τήν
1240 1735 1393 1778 ναῦν·
1469 1731 1556 1777 καὶ
1607 1731 1693 1778 τὸν
1738 1726 1892 1778 αὐτὸν

284 1819 436 1888 ἡμεῖς
468 1818 662 1868 σκοπὸν
695 1823 904 1887 εἴχομεν
930 1835 942 1849 ο
972 1819 1060 1866 καὶ
1085 1814 1238 1866 πάλιν
1279 1812 1444 1888 ὁδοῡφ
1474 1821 1658 1889 ροντὶς,
1687 1819 1774 1867 καὶ
1794 1817 1894 1867 ὅσα

283 1902 550 1980 παρὰδια²
601 1911 692 1958 καὶ
734 1905 889 1958 πάλιν
946 1908 1014 1958 τὰ
1063 1914 1248 1978 πρῶτα
1296 1908 1588 1978 παθήματα
1649 1904 1732 1958 ἰπὶ
1789 1913 1894 1966 τοῖς
1925 1913 1963 1967 Β

283 1997 500 2056 αὐτοῖς’
565 1994 702 2056 ἐντὸς
763 1998 793 2053 ἡ
853 1999 1005 2057 νόσος
1059 1995 1318 2061 ξενιτεύει,
1362 2001 1452 2047 καὶ
1504 1994 1696 2070 ἀπορία
1753 2015 1894 2068 συμ-

286 2086 568 2151 ϐαίνονσα,
622 2091 712 2137 καὶ
768 2092 860 2137 τοῦ
931 2089 1286 2158 σκοπουμένου
1331 2085 1520 2158 μᾶλλον
1566 2083 1892 2161 διαμαρτεῖν.

288 2181 391 2228 Καὶ
424 2176 580 2237 αὐτὸς
607 2178 694 2235 μεν
726 2171 853 2246 ἦγον
876 2178 932 2226 τὸ
960 2173 1285 2246 συμϐεϐηκός
1324 2179 1392 2237 ὡς
1431 2175 1490 2226 ἂν
1523 2178 1640 2247 ἔχοι
1671 2198 1682 2208 ’
1725 2181 1812 2228 τὸν
1839 2172 1898 2229 δε

281 2269 485 2335 πατέρα
531 2270 621 2316 καὶ
665 2264 818 2316 πάλιν
861 2268 989 2338 πρὸς
1041 2268 1106 2316 τὰ
1144 2264 1309 2316 οἰκεῖα
1338 2269 1545 2340 τρέχειν
1577 2266 1893 2337 ἠνάγκαζον,

280 2360 412 2408 Τίνα
432 2357 499 2406 τὰ
529 2353 611 2406 ἐπὶ
640 2356 839 2414 τούτοις
867 2371 881 2420 ;
919 2358 1086 2416 Μόνος
1113 2355 1138 2405 ὁ
1189 2353 1419 2427 πρέσϐυς
1464 2354 1760 2428 ἀρχιερεὺς,
1811 2361 1900 2410 καὶ

281 2463 342 2515 γε
384 2447 479 2496 σὺν
517 2450 590 2513 τῷ
635 2445 842 2514 ὑστάτῳ
887 2452 987 2495 τῶν
1033 2448 1216 2496 τέκνων
1275 2443 1358 2496 ἐπὶ
1399 2449 1662 2518 Βόσπορον
1695 2447 1898 2498 ἄπεισι.

351 2533 417 2588 τ’.
489 2539 588 2586 Καὶ
640 2533 792 2585 πάλιν
847 2533 994 2608 έτέρα
1057 2537 1298 2606 συμφορὰ
1355 2539 1444 2586 καὶ
1504 2536 1742 2598 κάκωσις
1805 2537 1901 2588 αἴλ-

279 2624 343 2681 λη
372 2644 385 2657 ·
435 2623 492 2674 οὗ
541 2624 640 2696 γὰρ
694 2619 891 2695 ἐδέχθη
944 2631 1016 2694 τῷ
1053 2626 1297 2698 ἄρχοντι.
1340 2620 1573 2696 Οἴδαμεν
1617 2629 1803 2687 πάντες
1842 2631 1901 2678 τὸ

280 2713 503 2766 παλαιὸν
575 2715 735 2764 ἂκεῖνο
811 2715 994 2778 κακὸν,
1079 2716 1172 2771 τὴν
1231 2712 1465 2787 ἀρχαίαν
1533 2717 1731 2788 ἔχθραν
1812 2721 1902 2768 καὶ

277 2807 517 2875 πρώτην,
585 2806 675 2853 καὶ
734 2805 792 2853 τὸ
871 2798 1177 2878 δεινότερον,
1248 2808 1338 2855 καὶ
1408 2805 1528 2876 ὅπερ
1597 2803 1651 2855 έκ
1720 2806 1901 2867 πάσης

280 2888 512 2964 καρδίας
567 2890 820 2942 ὲκκαλοῖτ’
869 2891 929 2942 ἂν
984 2896 1074 2944 καὶ
1115 2889 1361 2967 δάκρυα’
1414 2892 1654 2963 έγειτόνει
1712 2895 1739 2945 ὁ
1781 2913 1901 2946 ποι-

1742 3003 1831 3035 και
1875 3003 1899 3035 ο

283 3075 398 3143 μὲν,
433 3078 504 3140 τῷ
536 3070 752 3143 καλάμῳ
793 3067 1058 3143 θρηνῶδες
1087 3071 1233 3144 μέλος
1283 3071 1472 3124 ἓνέπνει
1535 3077 1626 3125 καὶ
1681 3073 1901 3132 ἀνακλὴ-

282 3179 381 3220 τως
410 3181 423 3192 ·
484 3163 542 3211 τὸ
610 3156 670 3211 δι
714 3164 1039 3232 περιτρέχειν
1095 3164 1185 3232 μεν
1235 3161 1382 3219 ἤθελε
1425 3165 1512 3213 τὸν
1545 3166 1768 3234 ποιμένα
1804 3154 1898 3214 καὶ

279 3253 674 3322 περισκαίρειν·
736 3252 894 3307 ἤκουε
932 3251 1032 3321 γὰρ
1082 3258 1177 3312 τῆς
1227 3257 1394 3322 φωνῆς
1453 3256 1541 3303 καὶ
1598 3251 1894 3323 ἕγίνωσκεν.
1931 3273 1970 3327 C

280 3335 518 3396 ἠδύνατο
563 3335 622 3391 δί
671 3335 939 3410 οὐδαμῶς.
976 3345 1111 3392 φασὶ
1150 3337 1388 3392 πανσυδὶ
1427 3341 1522 3399 τῆν
1547 3340 1695 3393 πόλιν
1734 3360 1899 3414 προσ-

280 3432 425 3480 τέναι
485 3435 557 3498 τῷ
626 3424 932 3499 δυναμένῳο
979 3433 1070 3480 καὶ
1134 3431 1164 3488 ἣ
1227 3431 1525 3487 τεθνηκέναι
1573 3433 1774 3491 πάντως
1826 3431 1898 3482 οἰ·

280 3517 577 3581 τησασθαι,
641 3517 672 3575 ἦ
741 3520 828 3569 τὸν
896 3515 1148 3590 ἀρχιερέα
1214 3518 1385 3572 λαϐεῖν
1420 3541 1432 3553 ·
1511 3520 1607 3572 οὐκ
1669 3523 1898 3593 ἔκαμπτε

281 3602 344 3657 δι
403 3613 585 3658 τοῦτον
649 3607 707 3658 οὐ
760 3605 990 3679 πρέσϐυς
1047 3611 1263 3675 πενθῶν,
1322 3609 1416 3661 οὐκ
1472 3609 1601 3681 ἀνὴρ
1665 3612 1900 3683 σκυθρω-

279 3695 486 3762 πάζων,
532 3695 590 3746 οὐ
645 3703 766 3756 παῖς
821 3694 1112 3765 ἁλαλάζων,
1164 3694 1279 3750 οὐδ’
1341 3698 1690 3772 ὀλοφυρομένη
1739 3705 1896 3771 γυνὴ,

283 3784 344 3836 οὗ
397 3783 545 3845 πόλις
600 3783 690 3843 ὅλη
747 3793 821 3855 τῷ
878 3788 1034 3838 πάθει
1085 3788 1359 3844 νικηθείσα
1404 3794 1494 3840 καὶ
1548 3785 1894 3844 δυσωποῦσα.

281 3880 436 3936 Τίνος
488 3873 688 3942 ivssu;
733 3874 854 3926 Ὀτι
901 3875 1054 3937 ζῆλος
1115 3880 1202 3928 τὸν
1252 3875 1425 3952 ἄνδρα
1477 3883 1755 3950 κατέφαγε,
1810 3885 1900 3932 καὶ

283 3965 368 4016 ὅτι
416 3962 625 4038 στερρός
674 3969 766 4017 καὶ
819 3963 1129 4031 ἀντιτυπὴς,
1179 3963 1294 4020 ουδ’
1348 3970 1416 4030 ὡς
1460 3970 1526 4020 τὰ
1571 3968 1736 4020 πολλὰ
1791 3977 1901 4030 τοῖς

281 4056 555 4127 ἄρχουσιν
607 4053 868 4116 ἀπειθὴς·
926 4056 970 4108 εἰ
1022 4060 1113 4128 μὶν
1164 4055 1396 4133 ἀκαίρως
1443 4078 1497 4110 τε
1545 4063 1633 4110 καὶ
1678 4058 1897 4133 ἀλόγως,

285 4141 460 4196 δεινὸν
490 4146 549 4195 τὸ
585 4148 829 4217 πρᾶγμα,
869 4149 958 4198 καὶ
998 4146 1114 4199 οὐδ’
1164 4132 1311 4219 ἡμεῖς
1355 4146 1688 4220 ίπαινέσομεν
1731 4150 1795 4202 ἐἰ
1849 4132 1900 4202 δ’

287 4232 584 4294 ἀθλητικῶς
635 4238 724 4286 καὶ
761 4241 1029 4306 γενναίως,
1083 4241 1174 4288 καὶ
1227 4241 1293 4300 ὡς
1337 4247 1434 4290 τῶν
1487 4242 1712 4312 πρόσθεν
1759 4238 1903 4291 ἐπευ-

287 4325 493 4396 θύμεοα
545 4323 666 4376 κλέα
719 4321 922 4399 ἀνδρῶν
989 4326 1088 4398 (5),
1147 4329 1258 4400 μετ’
1320 4327 1519 4381 ἐκείνων
1587 4327 1646 4381 ἂν
1709 4333 1778 4392 ὡς
1842 4329 1902 4380 ἂν

291 4417 561 4485 συμπέσοι
583 4415 650 4464 τὰ
672 4416 979 4486 πράγματα.

361 4501 451 4557 ια’.
516 4501 654 4555 Ἐπεὶ
703 4499 764 4556 δι
819 4503 1184 4579 ἀπειρήκειμεν
1225 4511 1284 4560 τὸ
1341 4506 1528 4560 έκεῑθεν
1579 4508 1760 4576 ίλθεῖν,
1803 4509 1902 4562 ἑτέ-

281 2985 379 3052 μὴν
433 2985 524 3031 καὶ
563 2988 812 3032 τοσοῦτον
840 2981 962 3033 ὅσον
1018 2983 1246 3053 ὁρᾶσθαί
1283 3001 1338 3033 τε
1386 2987 1475 3034 καὶ
1515 2984 1638 3056 ὁρᾴν
1668 3000 1680 3012 ·

1781 441 2152 498 ALANICUS.

3543 451 3647 507 398

1995 580 2248 632 manus;
2298 566 2628 638 peregrinis
2673 567 2913 635 scilicet,
2953 570 3004 625 is
3043 569 3147 644 qui
3182 586 3356 628 suam
3390 572 3648 644 patriam

1995 654 2234 711 tenebat
2262 672 2273 720 ;
2305 656 2443 724 reis,
2470 657 2518 710 is
2542 659 2645 728 qui
2673 657 2883 728 judicii
2908 659 3129 716 arbiter
3153 666 3302 729 erat,
3335 665 3401 717 ut
3430 666 3648 720 caetera

1993 743 2288 814 omittam,
2315 750 2495 818 prout
2515 760 2627 816 par
2656 751 2762 802 est.

2067 836 2117 887 9.
2143 835 2263 904 Age
2283 849 2425 889 vero
2446 839 2773 908 postquam
2797 835 3063 909 aliquam
3092 837 3381 895 libertatis
3411 843 3647 911 partem

1993 921 2152 976 nacti
2175 921 2419 986 fuimus.
2435 922 2510 978 de
2539 924 2637 978 via
2668 926 3067 997 cogitavimus
3085 932 3262 998 prout
3283 927 3539 1000 quisque
3562 928 3654 983 iti-

1994 1012 2153 1065 neris
2177 1011 2269 1065 sui
2298 1027 2550 1083 scopum
2568 1012 2853 1082 habebat,
2867 1020 3149 1087 rectaque
3167 1016 3245 1071 ad
3265 1016 3649 1088 Bosphorum

1996 1099 2376 1156 tetendimus.
2407 1101 2748 1158 Timebatur
2763 1119 2905 1159 vero
2935 1111 2993 1159 et
3021 1105 3234 1160 mediae
3257 1105 3472 1161 hiemis
3503 1111 3650 1162 tem-

1996 1203 2131 1259 pus,
2146 1193 2202 1244 et
2220 1189 2577 1261 Scytharum
2596 1191 2752 1246 circa
2773 1192 3146 1263 Bosphorum
3168 1209 3438 1265 praesens
3457 1194 3654 1250 incur-

1999 1276 2088 1332 sio
2109 1277 2542 1349 impedimento
2561 1283 2713 1334 erat:
2738 1281 3129 1337 nihilominus
3151 1299 3262 1338 nos
3285 1284 3343 1338 vi
3363 1285 3472 1340 iter
3502 1285 3651 1339 arri-

1997 1367 2262 1437 puimus,
2294 1368 2572 1438 quamvis
2605 1385 2888 1424 successu
2910 1371 3164 1426 fortasse
3204 1372 3463 1428 carituri.
3507 1373 3653 1438 Quis

1997 1455 2161 1510 mala
2191 1457 2456 1527 scythica
2473 1459 2714 1513 narret?
2744 1459 2881 1530 quis
2915 1459 3059 1514 satis
3081 1459 3318 1531 deﬂeat,
3343 1477 3481 1533 quas
3502 1461 3657 1517 vidi-

1999 1560 2137 1600 mus
2168 1551 2272 1600 aut
2300 1547 2465 1617 passi
2499 1563 2709 1602 sumus
2740 1547 2766 1600 ‘7
2809 1547 2921 1603 Sed
2971 1548 3132 1604 enim
3172 1565 3370 1621 neque
3414 1549 3655 1606 clavum

1999 1648 2222 1703 regere,
2248 1650 2443 1707 neque
2474 1635 2756 1705 navigare
2782 1636 3152 1707 gubernator
3189 1638 3385 1704 desiit,
3412 1638 3660 1711 quibus-

1999 1723 2142 1779 libet
2160 1725 2639 1795 repugnantibus
2657 1725 2868 1788 ventis,
2885 1726 3078 1782 donec
3104 1728 3311 1783 navim
3332 1728 3391 1783 in
3415 1733 3658 1800 portum

2002 1813 2362 1871 deduxisset.
2386 1816 2550 1872 ldem
2567 1816 2745 1872 nobis
2765 1832 2983 1890 scapus
3002 1822 3155 1887 erat;
3175 1819 3429 1891 ideoque
3451 1835 3658 1875 rursus

2003 1890 2228 1960 itineris
2254 1920 2398 1961 cura
2433 1909 2612 1978 atque
2658 1912 2989 1979 apparatus
3023 1925 3035 1962 :
3086 1890 3384 1981 rursuque
3429 1909 3659 1980 priores

2005 2009 2293 2049 aerumnas
2307 1995 2417 2050 via:
2439 1995 2708 2051 comites.
2729 1996 3122 2052 Etnobiscum
3140 1997 3389 2069 quidem
3411 1998 3662 2054 morbus

2005 2084 2519 2156 peregrinabatur,
2547 2089 2601 2141 et
2621 2101 2757 2158 quae
2782 2087 2936 2142 solet
2956 2086 3228 2142 comitari
3247 2091 3506 2158 egestas,
3540 2093 3599 2143 et
3627 2103 3664 2144 a

2005 2175 2317 2247 proposito
2349 2190 2531 2247 scopo
2558 2175 2875 2232 aberratio.
2926 2178 3104 2233 Porro
3136 2192 3230 2233 res
3257 2192 3368 2248 ego
3394 2182 3574 2250 prout
3600 2193 3663 2233 se

2008 2263 2237 2319 dabant
2257 2263 2553 2330 ferebam;
2586 2264 2693 2320 sed
2718 2270 2953 2337 patrem
2979 2265 3181 2322 denuo
3210 2267 3271 2321 in
3292 2267 3550 2339 patriam
3570 2283 3664 2324 re-

2010 2354 2136 2408 dire
2162 2353 2473 2424 cogebam.
2497 2354 2652 2420 Quid
2673 2371 2814 2410 vero
2837 2358 3084 2428 postea?
3115 2356 3288 2411 Solus
3313 2371 3498 2412 senex
3513 2372 3665 2429 prai-

2011 2442 2122 2508 sul,
2156 2457 2294 2498 cum
2331 2447 2633 2514 postremo
2662 2444 2924 2500 ﬁliorum
2955 2445 3034 2500 ad
3073 2446 3448 2517 Bosphorum
3474 2445 3662 2504 venit.

2084 2534 2168 2586 10.
2220 2534 2285 2588 Et
2314 2547 2389 2587 en
2415 2548 2620 2587 rursus
2653 2532 2768 2589 alia
2812 2533 3125 2589 calamitas
3151 2538 3332 2606 atque
3363 2533 3606 2590 afﬂictio
3643 2551 3656 2590 :

2009 2621 2235 2694 quippe
2261 2637 2297 2677 a
2316 2622 2584 2694 principe
2616 2625 2889 2695 receptus
2913 2637 3035 2677 non
3066 2623 3195 2678 fuit.
3225 2623 3419 2679 Nostis
3449 2638 3664 2679 omnes

2010 2712 2328 2782 antiquum
2353 2711 2500 2767 illud
2527 2712 2776 2777 malum,
2805 2713 3070 2785 priscam
3095 2717 3152 2768 et
3181 2713 3443 2786 primam
3468 2715 3667 2770 inimi-

2012 2801 2238 2868 citiam;
2265 2802 2553 2874 quodque
2574 2803 2842 2872 gravius,
2868 2807 2922 2859 et
2939 2803 3241 2876 lacrymas
3269 2802 3343 2859 de
3366 2804 3548 2860 corde
3569 2819 3666 2860 ex-

2010 2891 2231 2963 primit,
2263 2891 2322 2946 in
2345 2893 2688 2965 propinquo
2720 2897 2889 2948 erant
2918 2897 3124 2964 pastor
3145 2897 3202 2948 et
3231 2907 3396 2961 grex,
3439 2893 3498 2949 in
3531 2897 3664 2950 tan-

2010 2983 2140 3036 tum
2168 2985 2230 3035 ut
2257 2980 2513 3036 invicem
2553 2986 2908 3037 cernerent:
2951 2987 3007 3036 et
3050 2981 3146 3037 ille
3190 2982 3439 3054 quidem
3467 2982 3667 3040 ﬁstula

2010 3068 2461 3125 lamentabilem
2485 3086 2702 3126 sonum
2729 3071 3020 3126 invitandi
3044 3086 3228 3127 causa
3247 3071 3491 3139 edebat;
3521 3087 3667 3142 grex

2012 3163 2215 3214 autem
2259 3175 2567 3216 accurrere
2601 3159 2847 3233 quidem
2886 3159 3132 3215 volebat
3169 3160 3248 3215 ad
3278 3166 3579 3232 pastorem
3611 3165 3668 3218 et

2011 3249 2447 3306 circumsistere
2481 3268 2494 3318 ;
2540 3266 2684 3306 nam
2723 3266 2936 3306 vocem
2985 3251 3116 3320 ejus
3154 3250 3440 3307 audiebat
3484 3257 3666 3324 atque

2007 3339 2405 3408 agnoscebat;
2439 3355 2634 3412 neque
2657 3344 2859 3395 tamen
2881 3343 3132 3411 poterat.
3165 3339 3344 3395 Aiunt
3373 3340 3666 3412 globatim

2007 3431 2304 3488 civitatem
2323 3430 2402 3486 ad
2418 3433 2727 3503 potentem
2743 3429 2937 3484 virum
2951 3429 3295 3496 accessisse,
3317 3445 3381 3484 se
3396 3429 3492 3484 vel
3512 3430 3668 3486 mori

2007 3519 2152 3576 velle
2184 3519 2503 3588 dicentem,
2529 3518 2623 3574 vel
2649 3517 2974 3591 praesulem
2998 3534 3176 3572 suum
3203 3517 3495 3590 recipere:
3520 3519 3666 3591 quia

2008 3615 2213 3665 tamen
2257 3608 2423 3664 illum
2473 3608 2735 3664 ﬂecteret
2774 3606 2897 3662 sive
2947 3623 3129 3663 senex
3168 3607 3338 3677 ﬂens,
3394 3607 3518 3662 sive
3574 3607 3667 3664 vir

2010 3704 2280 3766 Incestus,
2313 3698 2432 3753 sive
2458 3713 2606 3770 puer
2636 3697 2896 3768 ejulans,
2929 3697 3047 3753 sive
3078 3697 3294 3753 mulier
3317 3696 3662 3754 lamentans

2010 3788 2132 3844 sive
2156 3788 2436 3843 universa
2449 3787 2658 3843 civitas
2677 3786 2883 3842 dolore
2898 3790 3280 3843 consternata
3296 3791 3352 3842 et
3368 3786 3664 3857 lugubris.

2010 3881 2125 3936 Cur
2153 3878 2235 3944 id,
2269 3879 2554 3951 inquam?
2577 3877 2726 3944 Quia
2746 3877 2894 3933 livor
2909 3877 3220 3933 hominem
3245 3876 3666 3947 consumebat,

2010 3972 2068 4024 et
2096 3967 2241 4039 quia
2261 3969 2450 4022 durus
2480 3971 2931 4039 contumaxque
2955 3970 3100 4034 erat,
3134 3981 3330 4039 neque
3362 3980 3472 4038 pro
3500 3981 3668 4023 more

2012 4073 2123 4114 suo
2145 4056 2518 4130 principibus
2540 4071 2663 4112 non
2692 4055 3059 4128 obsequens.
3104 4054 3277 4121 Quod
3303 4055 3351 4110 si
3381 4056 3671 4128 intempe-

2012 4148 2158 4203 stive
2175 4151 2355 4219 atque
2377 4145 2644 4202 absurde
2663 4146 2999 4217 egit,grave
3021 4144 3330 4214 negotium
3362 4147 3453 4200 est
3471 4159 3670 4217 neque

2013 4253 2050 4294 a
2083 4236 2257 4291 nobis
2285 4235 2684 4292 laudandum.
2720 4235 2820 4291 Sin
2850 4235 3048 4307 potius
3079 4233 3304 4290 fortiter
3325 4238 3504 4306 atque
3526 4238 3672 4289 stre-

2011 4341 2149 4396 nue,
2186 4343 2254 4382 ac
2285 4325 2467 4381 veluti
2498 4325 2835 4398 priscorum
2853 4323 3196 4380 audivimus
3217 4322 3488 4380 facinora
3511 4322 3672 4379 viro-

2012 4432 2171 4487 rum,
2205 4432 2345 4471 cum
2374 4415 2469 4470 his
2501 4414 2688 4470 simus
2720 4418 3028 4485 utcunque
3057 4429 3151 4468 res
3173 4411 3498 4467 evenerint.

2090 4511 2173 4560 ll.
2216 4507 2548 4578 Postquam
2586 4519 2725 4560 vero
2766 4503 3048 4575 prohibiti
3086 4501 3311 4557 fuimus
3340 4501 3480 4557 illuc
3510 4517 3676 4558 acce-

285 4610 383 4665 ραν
448 4592 662 4663 μείζονα
734 4593 904 4664 πολλῷ
970 4599 1059 4647 καὶ
1125 4596 1494 4673 σκληροτέραν,
1562 4602 1614 4650 τί
1672 4601 1774 4672 γὰρ
1842 4599 1901 4651 ἆν
1933 4631 1977 4686 D
2016 4595 2049 4651 d

1933 4631 1977 4686 Β
2016 4595 2177 4664 dere,
2199 4595 2275 4651 ad
2297 4595 2481 4651 aliam
2501 4593 2679 4665 longe
2702 4592 3060 4666 ampliorem
3079 4596 3259 4686 atque
3284 4593 3674 4686 asperiorem,

287 4687 380 4733 καὶ
417 4683 708 4753 «decimi;
767 4685 1116 4756 ἂτραπὸμεθα,
1162 4692 1260 4739 Καὶ
1300 4689 1325 4739 ὁ
1383 4691 1474 4760 μεν
1521 4693 1695 4761 πατὴρ
1742 4689 1904 4742 αὐτοῦ

287 4775 417 4832 τέως
475 4774 612 4842 μένει
677 4774 825 4845 παρὰ
890 4781 1000 4835 τοῖς
1056 4774 1351 4846 ὀλιγοστοίς
1412 4776 1666 4844 Ἀλανοῖς,
1735 4781 1907 4832 πάντα

291 4866 479 4934 φέρων,
519 4866 715 4928 πενίαν,
759 4861 1117 4938 ὀνειδισμούς,
1159 4866 1512 4940 χλευασμούς
1557 4868 1615 4921 οὐ
1655 4872 1756 4943 γὰρ
1787 4890 1906 4942 χω-

287 4959 451 5025 ροϋσι
501 4952 688 5014 πάντες
726 4956 815 5004 τὸν
866 4953 1016 5026 λόγον
1068 4963 1160 5008 τοῦ
1191 4959 1498 5029 πνεύματος,
1526 4963 1616 5011 καὶ
1656 4959 1758 5012 εἰσὶ
1796 4978 1909 5033 κρι-

289 5045 382 5092 ταὶ
413 5048 514 5092 τῶν
546 5045 870 5114 τεταγμένων
908 5044 1141 5116 μάλιστα
1178 5052 1368 5121 κρίνειν
1398 5065 1410 5078 ·
1453 5052 1544 5100 καὶ
1591 5051 1648 5100 τὸ
1703 5057 1905 5123 χεῖρον,

292 5132 376 5183 ὅτι
445 5135 537 5181 καὶ
603 5137 1010 5205 κατακρίνουσιν
1043 5152 1056 5164 ·
1127 5134 1276 5208 ἡμεῖς
1332 5133 1392 5189 δὲ
1455 5142 1622 5210 μέσην
1686 5140 1908 5190 Σκυθίαν

291 5218 582 5291 ἠλαύνομεν
649 5219 770 5278 ὅλην
838 5220 1163 5285 ἐξηκοντοίδα
1226 5234 1326 5276 τῶν
1401 5228 1627 5301 ἡμερῶν,
1695 5231 1909 5288 πένητες

292 5304 507 5380 ἄνδρες,
554 5305 678 5361 οὐδε
715 5319 816 5362 τῶν
865 5310 1162 5385 ἀναγκαίων
1203 5317 1562 5390 εὐποροῦντες.
1624 5316 1756 5375 Πλὴν
1792 5335 1909 5369 ανε-

291 5400 442 5461 κτόν,
476 5399 557 5450 ὃτι
585 5404 657 5470 μὴ
698 5399 829 5452 πολὺ
877 5401 1054 5478 uappa
1112 5413 1206 5467 τῆς
1253 5403 1606 5468 ἀποστολικῆς
1643 5412 1733 5460 καὶ
1775 5413 1913 5482 πρώ-

293 5505 390 5547 της
440 5483 603 5540 ὁδοῦο
655 5493 747 5542 καὶ
803 5498 938 5544 Θεοῦ
993 5489 1232 5555 διδόντος
1281 5503 1446 5569 νεῦμα
1477 5506 1547 5568 τῷ
1590 5499 1723 5570 ὑμᾶς
1768 5497 1913 5560 εὐξα-

297 5579 451 5644 σθαι,
504 5575 545 5628 ὦ
592 5581 754 5656 πάτερ
804 5587 895 5635 καὶ
933 5579 1168 5658 ἀδελφοὶ,
1213 5590 1272 5638 τὸ
1312 5589 1633 5660 επιθυμητὸν
1673 5587 1787 5661 ἐμοὶ
1825 5593 1915 5641 καὶ

295 5675 526 5745 πρᾶγμα
579 5676 668 5723 καὶ
722 5674 903 5744 ὄνομα,
962 5680 1056 5733 τὴν
1099 5681 1326 5750 ποίμνην
1369 5680 1588 5753 ὁρῶμεν,
1644 5677 1916 5752 ἀγαπητὸν

375 5760 455 5833 (5)
495 5758 683 5819 llliad.
723 5777 802 5833 lx,
845 5766 968 5820 52o.

2017 4683 2316 4758 quidquid
2345 4684 2581 4756 passuri
2617 4699 2909 4750 essemus,
2944 4681 3220 4738 conversi
3250 4681 3560 4751 regionem
3582 4697 3678 4737 su-

2016 4791 2172 4830 mus.
2208 4777 2274 4829 Et
2303 4778 2470 4845 pater
2499 4772 2744 4845 quidem
2771 4771 2886 4827 illic
2917 4771 3209 4827 remansit
3236 4770 3476 4826 interim
3512 4770 3679 4842 apud

2017 4865 2304 4935 exiguum
2331 4863 2657 4919 Alanorum
2683 4877 3029 4929 numerum,
3063 4875 3474 4916 aerumnarum
3497 4874 3680 4916 omne

2018 4970 2207 5026 genus
2249 4954 2470 5023 ferens,
2515 4957 2866 5023 egestatem,
2912 4950 3333 5019 contumelias,
3393 4950 3678 5007 convitia.

2019 5049 2220 5118 Neque
2250 5046 2409 5101 enim
2433 5060 2645 5101 omnes
2667 5043 2916 5116 capiunt
2937 5041 3182 5114 spiritus
3218 5056 3596 5108 sermonem;
3626 5045 3682 5097 et

2018 5136 2171 5192 ﬁunt
2202 5135 2433 5206 iudices
2480 5133 2722 5191 illorum
2771 5133 2878 5206 qui
2915 5131 3254 5204 judicando
3291 5130 3683 5204 potissimum

2022 5231 2162 5282 sunt
2190 5225 2531 5298 praepositi;
2582 5228 2640 5280 et
2666 5222 2832 5296 quod
2861 5222 3036 5296 pejus
3073 5226 3186 5291 est,
3230 5221 3364 5277 illos
3395 5220 3685 5278 condem-

2021 5320 2186 5373 nant.
2245 5318 2360 5371 Nos
2398 5319 2601 5370 autem
2644 5313 2908 5369 mediam
2936 5311 2999 5367 in
3043 5311 3351 5384 Scythiam
3380 5313 3684 5383 progressi

2023 5422 2256 5472 sumus,
2280 5403 2592 5476 sexaginta
2616 5402 2867 5459 omnino
2884 5400 3118 5457 dierum
3152 5400 3380 5468 itinere,
3407 5400 3687 5457 homines

2023 5511 2345 5570 pauperes,
2377 5499 2432 5550 et
2461 5494 2628 5549 omni
2657 5509 2719 5548 re
2750 5492 3090 5548 necessaria
3121 5490 3410 5547 destituti.
3444 5492 3667 5547 Verum

2024 5592 2230 5643 tamen
2245 5586 2360 5641 hoc
2371 5583 2483 5641 fuit
2500 5582 2833 5652 tolerabile,
2846 5581 3015 5654 quod
3035 5581 3204 5638 haud
3219 5580 3430 5653 procul
3446 5583 3692 5652 aposto-

2025 5677 2140 5734 lico
2166 5676 2364 5751 primo
2393 5674 2599 5733 itinere
2624 5673 3014 5742 recessimus;
3049 5675 3291 5747 Deoque
3321 5671 3533 5729 vestris
3556 5687 3688 5744 pre-
