4468 6440
784 437 799 450 .
856 390 960 446 399

846 603 1136 660 sodalitas
1153 608 1207 660 et
1229 618 1472 668 nomen,
1490 617 1733 673 gregem
1745 602 2042 668 videmus,
2056 617 2184 657 rem
2204 600 2351 657 mihi
2367 601 2503 657 cha-

849 691 1156 748 rissimam
1178 695 1368 763 etprae
1382 691 1666 746 omnibus
1680 691 2056 746 aestimatam.
2075 690 2334 754 Quidni?
2355 706 2503 762 quo-

848 781 1016 836 niam
1031 796 1066 836 a
1090 782 1208 836 Deo
1230 780 1376 834 mihi
1398 779 1715 835 haereditas
1732 780 1935 842 ista,et
1956 779 2203 850 quidem
2225 780 2498 851 optima”.

924 874 1007 924 l2.
1053 869 1352 924 Hactenus
1393 867 1536 923 mihi
1578 884 1774 924 sermo
1801 867 1969 923 facile
2009 867 2288 936 decurrit,
2321 873 2376 922 et
2413 883 2503 922 or-

849 957 990 1012 dine
1033 956 1218 1012 ferme
1266 971 1378 1010 suo
1436 957 1745 1028 processit.
1816 957 2038 1010 Verum
2095 971 2230 1027 qua;
2293 972 2501 1027 super-

850 1051 1007 1113 sunt,
1060 1061 1131 1101 ea
1187 1045 1265 1100 ab
1311 1044 1428 1100 alio
1476 1044 1597 1100 dici
1640 1044 1872 1112 malim,
1922 1044 2052 1115 ipse
2088 1048 2290 1099 autem
2330 1044 2504 1100 silen-

849 1134 999 1190 tium
1039 1138 1238 1190 tenere
1272 1152 1285 1199 ;
1339 1150 1481 1189 nam
1521 1149 1716 1206 neque
1766 1133 1974 1203 lingua
2023 1132 2222 1204 eloqui
2259 1133 2498 1204 patitur,

847 1240 1045 1295 neque
1111 1239 1331 1279 manus
1390 1221 1709 1278 scribendo
1767 1238 2016 1294 operam
2064 1222 2301 1278 facilem
2347 1240 2500 1294 prae-

847 1310 949 1368 bet
974 1329 986 1366 :
1022 1335 1041 1360 ι
1076 1311 1202 1367 Heu
1228 1311 1394 1373 mihi,
1420 1311 1564 1382 quia
1590 1309 1884 1366 incolatus
1911 1326 2082 1366 meus
2111 1311 2501 1382 prolongatus

851 1401 1017 1457 est“!
1056 1424 1076 1448 ι
1132 1407 1196 1455 ut
1233 1401 1294 1455 in
1335 1399 1732 1455 exsecrandos
1765 1399 1892 1455 dies
1919 1399 2048 1470 jam
2080 1400 2332 1456 fortasse
2364 1400 2503 1456 inci-

851 1489 1139 1558 derimus,
1193 1489 1254 1543 in
1303 1487 1522 1555 quibus
1551 1487 1677 1560 ipse
1704 1503 1948 1558 quoque
1977 1488 2367 1543 Antichristus
2389 1488 2502 1543 for-

850 1584 1008 1634 tasse
1028 1592 1370 1632 emersurus
1395 1581 1499 1631 est.
1522 1578 1656 1631 Jam
1675 1576 1834 1632 enim
1861 1576 2063 1631 fumus
2084 1577 2215 1647 ejus
2233 1577 2503 1633 mordaci

851 1684 964 1724 nos
993 1668 1246 1723 humore
1277 1666 1544 1734 contigit.
1578 1665 1737 1720 unde
1759 1671 1814 1720 et
1851 1665 2174 1738 laerymari
2203 1668 2375 1738 coepi,
2401 1683 2499 1722 ne-

851 1772 968 1829 que
986 1755 1133 1811 dum
1147 1771 1181 1810 a
1195 1753 1490 1826 plorando
1509 1753 2064 1825 desino,ausimque
2081 1755 2276 1810 dicere
2295 1771 2502 1810 mene-

2029 386 2379 442 THEODORI
2421 384 2698 440 ΑιΑΝιΑι]
2741 385 3048 440 EPISCOPI

851 513 1022 569 cibus
1047 515 1366 573 annuente.
1402 528 1438 566 ι)
1459 516 1629 584 pater
1653 515 1710 567 et
1731 510 1961 578 fratres,
1993 510 2333 566 desiderata
2355 509 2503 564 mihi
2533 512 2577 563 Α

2096 510 2333 566 ιίᾶθτᾶῐθ.
2355 509 2503 564 mihi
2533 512 2577 563 Α
2617 508 2729 580 ἐμοὶ
2767 516 2959 583 χρῆμα
2995 512 3079 560 καὶ
3117 511 3312 570 παντὸς
3339 513 3623 580 τιμώμενον
3662 508 3816 561 ἄλλον
3849 527 3860 539 ·

3915 519 4022 572 πῶς
4063 514 4163 586 γάρ
4199 529 4213 579 ;

2615 595 2795 656 ἐπειδὴ
2851 601 2995 672 παρά
3048 605 3180 651 Θεοῦ
3219 597 3537 672 κληρονομία
3592 618 3684 670 μοι
3723 601 3878 665 αὕτη,
3913 602 3989 657 εἰη
4034 597 4092 652 δε
4127 605 4216 654 καὶ

2613 691 2895 762 κρατίστη.

2685 863 2761 936 ιβ.
2818 867 2994 935 Μέχρι
3035 865 3124 934 μεν
3179 862 3265 914 οὖν
3330 865 3522 914 τούτων
3579 859 3830 935 εὔδρομος
3887 862 3947 922 ἦν
4005 867 4130 937 ἡμῖν
4185 865 4212 917 ὁ

2610 952 2780 1024 λόγος,
2820 957 2910 1002 καί
2947 971 3051 1011 πως
3099 951 3359 1011 εὐτάκτως
3403 953 3710 1025 φερόμενος·
3765 954 3831 1003 τὰ
3881 950 3932 1005 δ’
3986 952 4212 1006 ἐντεῦθεν

2613 1041 2758 1115 έτέρφ
2837 1040 3023 1114 μᾶλλον
3099 1039 3382 1111 ἐϐουλόμην
3464 1039 3742 1115 εἰρῆσθαιη
3805 1047 3897 1093 καὶ
3973 1045 4211 1115 ἡσυχίαν

2611 1132 2754 1202 ἄγειν
2785 1129 2935 1189 αύτός
2961 1150 2973 1161 ο
3016 1131 3132 1181 οὗτε
3160 1131 3260 1203 γὰρ
3294 1127 3510 1188 ἀνεκτῶς
3536 1131 3648 1200 ἔχει
3677 1129 3839 1200 λέγειν
3895 1132 3922 1188 η
3969 1131 4208 1202 γλῶσσα,

2610 1224 2701 1271 καὶ
2734 1221 2763 1276 ἡ
2807 1224 2920 1291 κεὶρ
2948 1218 3040 1270 οὐκ
3077 1217 3136 1269 ἂν
3168 1218 3498 1291 ὑπηρετῆσαι
3526 1214 3711 1291 ῥᾳδία.
3743 1241 3770 1268 ‹‹
3800 1222 3987 1291 Οοῖμοι
4014 1219 4025 1272 l
4069 1223 4151 1271 ὅτι
4180 1222 4210 1278 ἡ

2610 1312 2862 1381 παροικία
2912 1326 3011 1378 μου
3062 1305 3380 1380 ἓμακρύνθη,
3431 1325 3463 1358 ι
3517 1308 3587 1368 ὡς
3629 1309 3718 1366 τὰς
3769 1307 4061 1378 ἐπαράτους
4092 1310 4215 1380 ἠμέ-

2610 1417 2705 1471 ρας
2736 1393 2843 1454 ἤδη
2895 1393 3221 1466 καταλαϐεῖν,
3255 1392 3304 1446 ἐν
3353 1395 3437 1455 αἷς
3478 1397 3736 1458 ἴσωςκαὶ
3777 1397 3801 1446 6
3846 1396 4216 1471 Ἀντίχριστος

2611 1484 3005 1557 ἐκραγήσηται·
3061 1479 3169 1541 ἤδη
3211 1486 3312 1556 γὰρ
3371 1481 3621 1553 όξέκείνου
3674 1487 3870 1545 καπνὸς
3908 1486 4045 1557 ἡμᾶς
4085 1482 4216 1559 ἕδρα

2611 1574 2766 1646 μυξεν
2797 1594 2809 1607 ·
2860 1573 2943 1646 ὑφ’
2995 1573 3054 1624 ού
3103 1577 3192 1623 καὶ
3245 1568 3487 1644 δακρύων
3545 1571 3845 1645 ἀρξάμενος,
3903 1571 4216 1646 ἐπαυσάμην

2613 1659 2837 1729 οὐδέπω,
2884 1667 2973 1713 καὶ
3012 1663 3257 1732 πείθομαι
3285 1659 3446 1731 λέγειν
3472 1656 3596 1712 ούδε
3621 1663 3982 1733 πεπαύσομαι.
4007 1666 4163 1734 Οἶμοι
4198 1662 4211 1716 ι

2612 1754 2693 1805 ὅτι
2723 1751 2806 1825 ἀφ’
2829 1754 2974 1825 ἡμῶν
3000 1750 3295 1825 κατήρξατο
3325 1752 3390 1801 τὰ
3423 1746 3568 1801 δεινά
3597 1770 3609 1782 ·
3643 1754 3732 1802 καὶ
3771 1752 3920 1822 τάχα
3961 1771 4020 1822 γε
4066 1760 4216 1825 πρῶ-

850 1861 969 1918 que
985 1844 1347 1900 desiturum!
1373 1843 1643 1914 Heujam
1668 1843 2503 1917 nostramalainceperunt,et
2534 1855 2573 1908 Β
2610 1865 2614 1874 ·

2451 1850 2503 1901 et
2534 1855 2573 1908 Β
2610 1862 2692 1895 τον
2733 1843 2856 1914 ἡμῖν
2895 1841 3326 1911 ὐπαναφθήσεται
3376 1842 3465 1889 καὶ
3519 1840 3548 1896 ἠ
3601 1847 3694 1900 τῆς
3736 1837 3970 1910 ἐσχάτης
4013 1859 4215 1913 συμφο-

850 1951 1013 1991 nunc
1042 1933 1309 2006 primum
1330 1932 1581 1988 fortasse
1609 1932 1782 1988 nobis
1804 1931 2281 1989 inﬂammabitur
2299 1950 2505 2006 supre-

850 2041 965 2080 mae
994 2022 1348 2079 calamitatis
1376 2022 1609 2092 fornax,
1642 2021 1885 2078 minutis
1911 2038 2202 2079 succensa
2232 2039 2500 2080 sarmen-

849 2113 922 2168 tis
957 2112 968 2167 !
999 2115 1206 2168 Nonne
1232 2111 1393 2166 enim
1416 2110 1572 2167 illico
1604 2110 1849 2166 arbores
1880 2110 2176 2182 corripiet,
2210 2113 2500 2184 quoniam

847 2201 1239 2257 sinceriorum
1269 2216 1511 2273 quoque
1541 2200 1724 2256 ﬁdem
1757 2199 2011 2256 Satanas
2039 2201 2363 2259 subvertit?
2381 2205 2503 2259 Heu

847 2289 1015 2359 mihi,
1038 2290 1186 2362 quia
1202 2289 1344 2345 facti
1362 2305 1573 2344 sumus
1598 2289 1772 2362 quasi
1797 2289 1856 2344 in
1878 2289 2193 2361 principio,
2218 2306 2356 2346 cum
2378 2307 2501 2347 non

845 2378 1248 2435 dominareris
1285 2377 1493 2446 nostri,
1540 2377 1682 2434 dicit
1729 2379 2034 2450 Scriptura
2062 2379 2119 2432 ‘!
2164 2379 2290 2435 Heu
2332 2381 2499 2450 mihi,

845 2469 988 2540 quia
1001 2466 1590 2538 superfundamento
1608 2467 2024 2538 apostolorum
2041 2467 2229 2540 paleae
2253 2474 2306 2524 et
2324 2485 2499 2525 arun-

844 2557 924 2613 do
941 2556 1250 2612 aediﬁcatae
1274 2561 1429 2619 sunt,
1447 2561 1503 2611 et
1528 2557 1652 2626 igni
1685 2556 1886 2612 statim
1908 2563 2281 2630 consumptis
2299 2559 2461 2615 fuere
2482 2559 2494 2615 l

844 2649 887 2704 Ο
920 2646 1057 2720 quis
1086 2646 1181 2701 hic
1204 2646 1626 2715 gemebundus
1653 2646 1947 2718 propheta
1973 2663 2086 2702 nos
2112 2646 2500 2706 defleatsicut

840 2736 984 2792 olim
1013 2735 1340 2792 Jerusalem
1372 2736 1383 2790 ι
1425 2737 1585 2790 Certe
1614 2751 1725 2790 nec
1755 2750 1888 2806 ego,
1919 2751 1955 2790 o
1985 2751 2089 2792 vos
2117 2737 2220 2808 qui
2253 2737 2491 2810 adestis,

839 2841 1038 2899 neque
1064 2840 1262 2881 sermo
1282 2840 1452 2879 meus
1474 2824 1737 2880 mendax
1761 2829 1876 2890 est;
1911 2841 2054 2892 non,
2082 2825 2365 2898 inquam;
2390 2843 2498 2899 per

836 2913 1148 2971 fornacem
1191 2911 1349 2968 hanc
1387 2912 1525 2982 juro
1571 2911 1931 2968 calamitatis
1979 2928 2163 2985 quam
2204 2915 2405 2971 media
2433 2916 2495 2972 in

837 3002 1048 3058 anima
1075 3001 1292 3074 recepi.

911 3096 995 3148 13.
1045 3091 1135 3147 Ad
1172 3091 1328 3146 hanc
1358 3094 1590 3162 partem
1630 3090 1923 3146 sermonis
1954 3107 2092 3146 cum
2126 3091 2490 3160 devenerim,

2610 1939 2705 2006 ρᾶς
2746 1934 2983 2003 κάμινος,
3041 1936 3250 2004 μικροῖς
3306 1930 3722 2001 ύπανακαιομένη
3778 1931 4102 2004 φρυγάνοις·
4154 1930 4215 1982 ού

2609 2025 2708 2096 γὰρ
2740 2020 2799 2074 ἂν
2840 2020 2985 2080 εὐθὺς
3023 2027 3122 2071 τῶν
3163 2014 3390 2091 δένδρων
3433 2016 3702 2089 ἔφάψοιτο,
3757 2015 3937 2077 ἐπειδὴ
3988 2024 4077 2072 καὶ
4115 2028 4217 2071 τῶν

2610 2109 2950 2184 ἀφελεστέρων
2991 2112 3083 2166 τὴν
3122 2112 3301 2159 πίστιν
3359 2106 3690 2169 ὑποσκελίζει
3747 2108 3772 2158 6
3821 2114 4065 2168 Σατανᾶς.
4128 2108 4218 2160 Οἰ-

2609 2200 2740 2274 μοιῐ
2791 2200 2872 2251 ὅτι
2909 2196 3218 2269 ἐγενήθημεν
3264 2199 3330 2256 ὡς
3371 2199 3428 2248 τό
3469 2193 3557 2247 ἀπ’
3599 2193 3792 2269 ἀρχῆς,
3825 2199 3908 2248 ὅτε
3932 2196 4026 2248 οὐκ
4053 2194 4217 2271 ἧρξας

2609 2292 2775 2362 ἡμῶν,
2827 2291 2984 2360 φησὶν
3037 2287 3067 2343 ἡ
3110 2289 3308 2359 Γραφή.
3360 2283 3552 2356 Οῖμοιι
3606 2286 3687 2337 ὅτι
3740 2284 3826 2338 ἐπὶ
3876 2293 3947 2356 τῷ
4000 2286 4216 2360 θεμελίῳ

2607 2388 2704 2432 τῶν
2767 2376 3067 2430 ἀποστόλων
3133 2377 3317 2448 ἄχυρα
3380 2379 3470 2427 καὶ
3534 2373 3741 2447 καλάμη
3813 2372 4211 2448 ἑπῳκοδόμητο,

2607 2475 2698 2522 καὶ
2735 2477 2806 2539 τῷ
2835 2470 2964 2542 πυρὶ
3002 2465 3152 2526 εὐθὺς
3185 2463 3252 2524 εἰς
3291 2459 3513 2536 φροῦδον
3551 2461 3768 2535 ἐγένετο.
3814 2463 3886 2516 Ὠ
3922 2468 4003 2526 τ’ίς
4033 2463 4213 2518 ἐνταῦ-

2610 2561 2674 2611 θα
2724 2559 3036 2630 θρηνητικὸς
3083 2557 3354 2628 προφήτης
3402 2557 3489 2604 καὶ
3518 2549 3837 2626 ἀπωδύρατο
3877 2553 3937 2604 ἂν
3977 2555 4116 2627 ἡμᾶς
4146 2558 4214 2616 ὡς

2605 2651 2698 2704 τὴν
2749 2641 3125 2718 Ἰερουσαλὴμέ
3185 2641 3273 2704 Ὠς
3337 2644 3517 2713 ἔγωγε,
3579 2637 3617 2691 ὦ
3673 2646 3941 2716 παρόντες,
4003 2649 4093 2695 καὶ
4145 2643 4208 2696 ού

2603 2731 2808 2806 ψευδὴς
2847 2735 2872 2784 6
2919 2733 3094 2804 λόγος,
3136 2731 3193 2783 ού
3235 2733 3309 2803 μὰ
3346 2734 3441 2788 τὴν
3467 2732 3684 2803 κάμινον
3721 2739 3814 2793 τῆς
3846 2738 4117 2807 συμφορᾶς
4145 2732 4209 2790 ἣν

2604 2821 2860 2897 ἐδεξάμην
2886 2826 3020 2874 κατὰ
3049 2826 3211 2894 μέσης
3239 2821 3399 2891 ψμχῆ
3414 2840 3453 2881 ς.

2676 3090 2762 3162 ιγ’.
2812 3091 3066 3145 Ἐνταῦθα
3112 3095 3206 3141 τοῦ
3251 3086 3408 3160 λόγου
3449 3092 3733 3160 γενόμενος,
3766 3091 3918 3161 μόνον
3958 3085 4210 3164 δακρύειν

834 3181 915 3238 ad
928 3180 1398 3254 lacrymandum
1418 3183 1651 3236 tantum
1670 3195 2047 3251 permoveor,
2065 3186 2120 3237 et
2140 3181 2341 3238 dolore
2362 3199 2490 3256 per—
2522 3212 2562 3267 ρ

2445 3199 2490 3239 ι’-
2522 3212 2562 3267 C
2599 3189 3009 3255 παρακινοῦμαι,
3055 3182 3145 3230 καὶ
3198 3179 3297 3230 ύπό
3355 3184 3447 3229 τοῦ
3485 3179 3686 3240 πάθους
3727 3181 4088 3250 συγκέχυμαι,
4114 3185 4209 3232 καὶ

832 3269 1063 3336 turbor,
1093 3285 1205 3325 nec
1234 3268 1339 3341 qui
1369 3269 1502 3340 sim,
1520 3283 1629 3324 nec
1660 3268 1823 3340 quali
1850 3271 2191 3326 narratione
2214 3277 2364 3338 utar,
2393 3290 2488 3329 ex-

831 3358 1026 3432 plico:
1063 3357 1254 3413 sentio
1285 3362 1486 3412 autem
1511 3373 1607 3412 me
1637 3357 1877 3412 nonnisi
1910 3358 2162 3431 abrupte
2193 3376 2319 3417 rem
2349 3378 2487 3418 nar-

829 3451 1123 3504 raturum.
1149 3447 1292 3502 Sum
1324 3445 1483 3500 enim
1516 3461 1638 3501 non
1667 3446 2046 3504 mediocriter
2069 3449 2483 3519 conturbatus,

829 3553 1028 3611 neque
1062 3542 1202 3610 pote
1233 3540 1339 3604 est,
1373 3540 1436 3591 ut
1464 3552 1634 3591 mens
1666 3537 1934 3593 animam
1973 3543 2171 3608 regat:
2222 3562 2249 3589 «
2293 3543 2486 3598 Pasto-

826 3643 942 3694 res,
956 3627 1152 3699 inquit
1168 3626 1490 3697 Scriptura,
1505 3624 1771 3682 demoliti
1795 3631 1935 3682 sunt
1949 3627 2181 3683 vineam
2197 3633 2441 3686 meams.
2454 3655 2482 3682 ››

827 3719 996 3771 Nunc
1019 3720 1220 3771 autem
1252 3714 1762 3786 pseudopastores
1781 3715 2241 3773 desiderabilem
2271 3719 2483 3778 Christi

825 3804 1164 3877 portionem
1217 3802 1550 3872 ignominia
1598 3801 1944 3860 aﬁ‘ecerunt.
2014 3809 2213 3877 Neque
2269 3807 2481 3866 dubito

823 3893 1147 3958 afﬁrmare,
1180 3891 1346 3963 quod
1376 3892 1435 3946 in
1460 3891 1712 3947 desertis
1745 3896 1801 3948 et
1841 3894 2179 3949 carentibus
2210 3897 2348 3951 viva
2377 3899 2479 3954 do-

821 3983 1025 4039 ctrinae
1056 3996 1217 4054 aqua
1245 3980 1412 4049 locis,
1446 3985 1499 4036 et
1524 3980 1628 4053 qui
1663 3986 1834 4037 erant
1879 3982 2154 4055 impervii
2184 3987 2478 4057 evangeli-

820 4071 1082 4129 zantium
1102 4070 1390 4143 speciosis
1415 4069 1692 4142 pedibus,
1715 4087 1854 4126 rosa
1875 4071 2015 4127 ﬁdei
2041 4072 2471 4143 efﬂoreseebat,

819 4175 893 4216 ex
929 4159 1131 4215 radice
1180 4159 1391 4231 prima?
1426 4160 1522 4214 vix
1566 4159 2013 4231 prwdieationis
2057 4163 2311 4218 humore
2349 4166 2473 4221 irri-

818 4255 980 4320 gata.
1014 4249 1178 4305 Unde
1198 4254 1254 4304 et
1281 4264 1388 4304 nos
1413 4248 1665 4304 forsitan
1690 4250 1767 4305 ad
1790 4251 1915 4323 ejus
1938 4267 2207 4308 amorem
2241 4257 2470 4313 ascensi

814 4338 1066 4406 fuimus,
1115 4342 1180 4394 ut
1229 4338 1500 4407 ignotam
1547 4338 1846 4411 plerisque
1904 4356 2031 4396 rem
2079 4343 2355 4411 revelem,
2415 4351 2472 4402 et

812 4433 1265 4484 controversam
1292 4427 1474 4498 hujus
1506 4443 1654 4484 mea:
1684 4429 2181 4501 peregrinationis
2217 4449 2466 4492 causam

809 4519 1081 4591 aperiam
1108 4535 1120 4572 :
1154 4534 1372 4591 nempe
1405 4523 1468 4574 ut
1497 4534 1704 4576 arvum
1747 4519 2106 4592 inaquosum
2151 4523 2212 4578 in
2243 4524 2463 4582 sudore

806 4611 1006 4666 vultus
1045 4610 1324 4680 colerem,
1371 4614 1427 4666 et
1479 4626 1687 4666 rursus
1736 4616 1962 4668 struere
2005 4613 2138 4669 vitae
2191 4615 2458 4673 culmum

801 4716 1069 4774 possem,
1097 4701 1192 4754 vel
1225 4699 1488 4772 antiquae
1519 4699 1947 4756 damnationis.
1979 4703 2185 4776 Utique
2220 4704 2279 4760 id
2305 4708 2459 4762 Deus

799 4788 1120 4846 concedat!
1148 4791 1194 4842 si
1218 4787 1400 4844 modo
1417 4788 1583 4844 haud
1600 4789 1854 4844 remisso
1873 4789 2079 4846 animo
2102 4808 2308 4849 curam
2334 4811 2461 4850 sus-

795 4880 954 4954 cepti
965 4878 1233 4936 muneris
1249 4877 1633 4952 arripuimus,
1649 4877 1755 4934 zeli
1769 4879 2061 4936 ﬂamman
2074 4883 2429 4940 suscitantes
2441 4928 2455 4941 .

865 5061 953 5115 14.
1006 5057 1185 5115 Multa
1231 5074 1367 5114 vero
1413 5061 1653 5130 tempus
1699 5058 1911 5127 attulit,
1969 5076 2104 5132 quae
2149 5078 2257 5118 nec
2311 5080 2452 5121 enu-

787 5163 1022 5205 merare
1070 5148 1207 5222 quis
1265 5148 1434 5203 facile
1474 5151 1675 5220 queat.
1737 5148 1937 5204 Solent
1983 5151 2142 5206 enim
2184 5157 2451 5226 tempore

783 5253 988 5294 rerum
1014 5238 1177 5294 vices
1201 5253 1439 5310 semper
1458 5237 1762 5303 innovari;
1796 5242 1901 5293 sed
1923 5255 2050 5295 rem
2079 5240 2216 5297 huic
2241 5259 2447 5315 parem

781 5343 1102 5401 nunquam
1129 5327 1366 5384 obtulit.
1393 5329 1472 5383 Ex
1498 5342 1810 5398 anonyma
1832 5329 2102 5400 quadam
2132 5333 2374 5402 regione
2392 5340 2449 5391 et

778 5433 887 5491 per
915 5418 1176 5475 hiemem
1203 5433 1468 5487 caenosa,
1492 5416 1858 5473 inﬁdelitatis
1890 5418 2171 5490 ignobilis
2191 5422 2441 5495 quidam

777 5507 1023 5580 spiritus
1054 5512 1417 5579 commotus,
1444 5506 1560 5564 hoc
1587 5506 1956 5580 populorum
1988 5525 2154 5566 mare
2195 5518 2442 5570 contur-

845 5688 870 5723 ²
910 5686 1065 5745 Psal.
1099 5703 1194 5751 xv.
1224 5692 1276 5745 6.
1356 5687 1380 5723 ³
1416 5685 1571 5746 Psal.
1604 5702 1757 5760 uix,
1791 5692 1846 5745 5.
1921 5689 1945 5724 ⁴
1975 5687 2090 5747 Isa.
2131 5707 2293 5762 smn,
2338 5697 2427 5750 19.

2599 3271 2692 3323 οὐκ
2735 3273 2843 3342 ἔχω
2891 3275 2966 3330 τίς
3013 3273 3238 3340 γένωμαι
3282 3270 3370 3319 καὶ
3421 3268 3561 3328 ὅπως
3597 3275 3668 3337 τῷ
3721 3263 4022 3340 διηγήματι
4063 3273 4208 3341 χρή-

2601 3380 2775 3432 σωμαι
2799 3381 2810 3392 ·
2844 3364 2934 3411 καὶ
2983 3355 3107 3410 οἶδα
3137 3359 3204 3419 ὡς
3247 3353 3588 3430 ἀδιάρθρωτά
3626 3375 3712 3428 μοι
3742 3359 3808 3408 τὰ
3836 3363 3923 3408 τοῦ
3954 3359 4208 3429 πράγμα-

2594 3469 2679 3510 τος
2716 3449 3071 3507 λαληθήσεται
3095 3465 3107 3477 '
3143 3449 3252 3518 ἔχω
3299 3448 3399 3520 γὰρ
3431 3445 3490 3498 ού
3531 3449 3618 3498 τόν
3656 3450 3887 3518 τυχόντα
3936 3445 4152 3519 θόρυϐον
4185 3468 4200 3482 ο

2595 3535 2712 3590 οὐδ’
2742 3538 2790 3590 ἐν
2822 3541 2928 3609 6σῴ
2950 3535 3211 3608 κνϐερνῴη
3245 3536 3270 3587 ὁ
3301 3542 3415 3595 νοῦς
3443 3539 3538 3593 τὴν
3562 3534 3769 3607 ψυχήν.
3803 3557 3830 3586 ‹‹
3865 3540 4122 3607 Ποιμένες,
4172 3559 4195 3586 ι

2593 3634 2745 3700 φησὶ,
2779 3651 2800 3677 ι
2835 3624 3129 3701 διέφθειράν
3162 3644 3262 3697 μου
3291 3629 3382 3682 την
3414 3622 3640 3696 ἄμπελον
3663 3645 3675 3657 ·
3717 3647 3738 3674 ι
3772 3629 3882 3676 νυνὶ
3911 3621 3970 3678 δε
3998 3622 4200 3694 ψευδο-

2590 3722 2827 3790 ποιμένες
2864 3722 2958 3775 τὴν
3010 3717 3336 3786 ὶπιθυμητήν
3392 3721 3626 3788 Χριστοῦ
3673 3709 3868 3787 μερίδα
3909 3709 4198 3786 κατῄᾶχη-

2589 3828 2695 3859 ναν.
2758 3811 2858 3860 Καὶ
2910 3805 3003 3857 οὐκ
3061 3803 3121 3855 ἃν
3170 3803 3455 3875 ὀκνήσαιμι
3500 3802 3664 3874 λέγειν
3716 3804 3797 3854 ὅτι
3849 3801 3898 3854 ἐν
3963 3801 4194 3875 ἐρήμοι;

2587 3903 2677 3950 καὶ
2727 3893 2975 3968 ἀνύδροις
3039 3897 3219 3953 τόποις
3267 3900 3359 3944 τοῦ
3426 3901 3516 3951 τῆς
3574 3887 3931 3952 διδασκαλίας
3996 3889 4199 3955 ὕδατος

2588 3988 2798 4054 ζῶντος,
2885 3990 2974 4036 καὶ
3059 3982 3271 4045 ἀϐάτοις
3356 3989 3464 4043 τοῖς
3538 3989 3640 4032 τῶν
3722 3981 4195 4054 εὐαγγελιζομένων

2585 4080 2787 4150 ὡραίοις
2844 4079 2991 4143 ποσί,
3051 4076 3106 4125 τὸ
3155 4068 3311 4147 ῥόδον
3369 4071 3512 4129 ἤνθει
3573 4079 3669 4132 τῆς
3731 4075 3974 4137 πίστεως,
4037 4076 4195 4143 μόνον

2582 4169 2682 4218 ύπό
2737 4174 2832 4226 τῆς
2884 4164 3035 4239 ῥίζης
3095 4169 3186 4214 τοῦ
3243 4166 3451 4234 πρώτου
3509 4162 3845 4233 κηρύγματος
3899 4155 4194 4233 ἀρδευόμε-

2580 4277 2662 4309 νον
2688 4278 2700 4289 ·
2743 4255 2826 4327 ὑφ’
2878 4250 2938 4307 οὗ
2987 4254 3134 4324 τάχα
3178 4255 3268 4302 καὶ
3311 4252 3460 4322 ἡμεῖς
3515 4252 3644 4324 πρὸς
3694 4251 3860 4322 ἔρωτα
3904 4246 4192 4308 ἀνεκαύθη-

2579 4366 2688 4418 μεν,
2747 4347 2830 4396 ἵνα
2882 4347 2939 4396 τὸ
2987 4340 3191 4401 πολλοῖς
3257 4338 3550 4413 ἁπόῤῥητον
3601 4336 3902 4407 ἑκκαλύψω,
3944 4342 4036 4389 καὶ
4091 4343 4189 4396 τὴν

2579 4434 2969 4506 ἁντιλεγομένην
3045 4429 3216 4484 αἰτίαν
3291 4437 3386 4489 τῆς
3461 4425 3590 4499 ἇμῆς
3663 4428 3859 4486 ταύτης
3923 4423 4192 4498 ἐκδημίας

2576 4522 2962 4584 ύπαναπτύξω·
3030 4519 3072 4572 εἰ
3139 4521 3495 4591 φυτηκομοίην
3553 4521 3802 4590 γεώργιον
3856 4511 4082 4587 ἄνυδρον
4133 4514 4186 4568 ἓν

2546 4682 2552 4690 ⁸
2579 4612 2762 4690 ἱδρῶτι
2791 4619 3099 4688 προσώπου,
3127 4613 3217 4662 καὶ
3247 4616 3341 4670 τῆς
3374 4608 3514 4668 ζωῆς
3558 4604 3958 4676 ἓκκαλαμᾱσθαι
3989 4599 4184 4656 δυναί-

2571 4725 2674 4778 μην
2727 4709 2813 4756 τὸν
2871 4705 3113 4775 ἄσταχυν
3167 4697 3408 4773 ἔμπαλιν,
3453 4697 3481 4757 ᾖ
3526 4698 3583 4747 τὸ
3620 4702 3710 4755 τῆς
3758 4692 3981 4753 παλαιάς
4019 4713 4185 4746 κατα-

2569 4800 2808 4868 κρίσεως.
2855 4800 2989 4847 Θεοῦ
3048 4789 3107 4844 δε
3156 4793 3232 4848 εἴη
3281 4787 3363 4852 ἂν,
3425 4785 3468 4838 εἰ
3515 4788 3606 4836 καὶ
3646 4793 3737 4843 τῆς
3773 4783 4073 4857 προθυμίας
4117 4783 4180 4835 οῦ

2568 4882 2802 4956 δεύτεροι
2856 4881 3194 4954 ἀπαντῴημεν
3243 4877 3291 4930 ἕν
3349 4884 3411 4949 τῇ
3462 4873 3646 4948 μελέτη
3706 4879 3796 4925 τοῦ
3854 4869 4184 4945 ἔπαγγὸλμαο

2563 4995 2673 5044 τος,
2700 4978 2756 5027 τὸ
2777 4980 2878 5046 πῦρ
2913 4971 3072 5033 ζήλου
3106 4972 3534 5025 ὑπανακαίοντες.

2637 5060 2724 5119 ιδ’.
2767 5062 2984 5134 ’Ήνεγκε
3012 5063 3101 5134 μὲν
3133 5055 3221 5112 οὖν
3261 5059 3286 5110 6
3316 5060 3504 5131 χρόνος
3547 5051 3732 5116 πολλὰ,
3781 5054 3872 5102 καὶ
3914 5051 4016 5102 ὃσα
4083 5070 4180 5126 περ

2561 5151 2675 5207 οὐδ’
2728 5153 2787 5204 ἂν
2832 5151 3128 5226 ἀριθμῆσαί
3184 5169 3265 5210 τις
3310 5150 3429 5218 ἔχοι
3483 5145 3608 5219 ῥᾷον
3645 5163 3656 5175 ·
3708 5146 4036 5212 καινοτομεῖν
4074 5143 4205 5214 γὰρ.

2559 5245 2706 5305 οὗτος
2737 5239 2849 5295 οἶδε
2888 5245 2953 5293 τὰ
2979 5243 3297 5315 πράγματα·
3351 5242 3488 5288 τοῖον
3538 5229 3598 5285 δε
3650 5226 3900 5284 οὐδέποτε
3939 5233 4174 5300 ἤνεγκεν,

2558 5335 2644 5398 Ἐξ
2705 5332 2975 5404 ἀνωνύμου
3021 5314 3221 5402 χώρου
3293 5327 3444 5380 ποθὲν
3509 5326 3601 5374 καὶ
3663 5314 4025 5391 τελματώδους
4098 5327 4176 5389 τῷ

2554 5432 2779 5498 χειμῶνι
2825 5430 2916 5482 τῆς
2975 5420 3220 5479 ἀπιστίας
3271 5415 3471 5488 ἀγεννές
3528 5433 3580 5466 τι
3623 5417 3827 5481 πνεῦμα
3864 5406 4172 5478 ἕκτιναχθίν

2550 5518 2642 5573 τὴν
2679 5521 2778 5564 τῶν
2827 5511 2984 5564 ἐθνῶν
3032 5512 3226 5567 ταύτην
3268 5501 3542 5579 διετάραξε
3592 5498 3884 5563 θάλασσαν,
3944 5501 4034 5548 καὶ
4078 5500 4171 5554 τὴν

2620 5695 2640 5728 ⁵
2679 5695 2892 5751 Jerem.
2932 5705 3028 5762 xu,
3072 5689 3163 5746 10.
