4468 6440
267 438 367 496 401
1738 428 2031 486 ΑιΑΝιοι

1871 429 2120 486 ιΝιουε.
3530 433 3635 487 402

270 556 472 613 ὁλκάδα
516 565 613 619 τῆς
669 556 1011 624 Ἐκκλησίας,
1072 554 1131 607 οὐ
1180 556 1279 630 υὰρ
1330 555 1356 607 6
1408 560 1751 628 κγερνώμενος
1790 549 1872 618 ἦν,
1908 556 1953 607 Α
1992 552 2031 607 b

1869 594 1872 610 .
1908 556 1953 607 Α
1992 552 2175 620 bavit,
2207 556 2262 607 et
2293 550 2563 606 Ecclesim
2580 551 2807 613 navim,
2863 551 3262 621 gubernatore
3307 556 3633 622 carentem,

271 634 352 700 ίπὶ
417 654 634 720 μικραῖς
688 643 863 696 ἕλπίσι
926 643 1246 697 σαλεύουσαν
1304 640 1410 701 ἤδη
1467 648 1555 695 καὶ
1613 642 1683 703 εἰς
1717 640 1878 713 βυθόν
1985 642 2035 712 ja

1872 664 1878 686 ι
1985 642 2113 712 jam
2137 641 2250 695 levi
2280 657 2418 695 cum
2440 655 2545 712 spe
2603 639 3031 712 periclitantem
3088 642 3148 696 in
3200 642 3636 713 desperationis

271 741 579 806 κατήνεγκεν
638 732 1010 804 ἀπογνώσεως,
1062 734 1182 803 Ἰού,
1230 731 1350 784 ἰούὲ
1419 730 1595 790 ἡλίκον
1647 735 1709 787 τὴ
1770 729 1879 781 τόλ-
1989 730 2035 785 al

1865 760 1879 769 -
1989 730 2279 802 abyssum
2310 729 2583 799 conjecit.
2612 728 2770 784 Heu!
2814 728 2970 785 heu!
3013 734 3311 802 quantum
3367 729 3629 786 facinus!

271 824 455 896 μημαῐ
519 830 632 883 Πῶς
665 824 727 874 ἄν
761 822 878 894 ἐμοὶ
909 826 998 873 καὶ
1040 828 1313 893 γενήσεται
1360 820 1572 893 ίκφορον
1624 825 1875 891 πρᾶφμη
1990 820 2034 884 Q

1870 834 1875 877 ι
1990 818 2305 884 Quomodo
2326 834 2451 873 rem
2474 833 2755 873 enarrare
2782 834 3001 890 queam
3018 821 3045 875 ?
3070 821 3265 875 Sentio
3286 819 3445 874 enim
3471 834 3634 890 pror-

277 910 396 965 Οἶδ’
454 916 536 964 ὅτι
586 913 794 971 πειθοῦς
833 910 1048 983 ἁπάσμς
1098 908 1322 972 ἀνάξιον·
1380 905 1517 980 Εἶχε
1562 911 1651 980 μεν
1690 910 1719 964 ἡ
1782 916 1878 957 τῶν
1988 925 2041 963 ει

1869 927 1878 953 ν
1988 925 2091 963 sus
2138 923 2267 964 esse
2310 908 2740 966 incredibilem.
2807 911 2939 964 Erat
2991 909 3235 981 quidem
3308 910 3633 965 Alanorum

280 1000 500 1052 ’Δλάνὼν
550 1000 805 1058 ἐκκλησία
852 1008 941 1060 τῆς
996 999 1218 1071 κεφαλῆς
1273 1002 1361 1050 τόν
1414 1002 1610 1069 κόσμον
1662 995 1878 1069 ἁφαιρε-
1989 1013 2044 1053 ec

1869 1026 1878 1035 -
1989 996 2238 1053 ecclesia
2285 997 2496 1069 capitis
2550 997 2780 1051 honore
2814 997 3092 1068 spoliata,
3120 1013 3313 1067 sacro,
3362 998 3633 1070 inquam,

275 1091 443 1157 θεῖσα,
502 1093 591 1141 τὸν
636 1092 770 1157 ἱερὸν
834 1087 1024 1140 ἐκεῖνον
1073 1088 1205 1159 λέγω
1258 1091 1479 1160 ποιμένα
1506 1090 1597 1137 καὶ
1625 1089 1712 1137 τὸν
1742 1087 1883 1136 άπό-
1989 1101 2039 1157 ρε

1868 1112 1883 1126 -
1989 1091 2227 1157 pastore
2259 1086 2377 1156 illo,
2402 1085 2507 1158 qui
2537 1085 2783 1141 minime
2824 1086 3222 1141 mentiebatur
3252 1086 3595 1159 apostolum
3620 1105 3632 1142 :

282 1178 461 1230 στόλον
480 1183 552 1251 μὴ
584 1177 927 1249 ψευσάμενον·
980 1177 1141 1228 αὐτοῦ
1190 1179 1292 1251 γὰρ
1334 1176 1579 1228 καταλύει
1630 1179 1717 1226 τόν
1766 1172 1881 1246 βίον
1990 1173 2046 1229 ill

1870 1195 1881 1222 ο
1990 1173 2106 1229 illic
2131 1175 2291 1229 enim
2315 1175 2364 1229 is
2392 1174 2578 1229 vitam
2601 1173 2809 1239 ﬁnivit,
2841 1174 3123 1245 praeclare
3146 1174 3386 1229 functus
3414 1174 3634 1230 ofﬁcio.

280 1263 604 1328 διακονησας
649 1266 818 1327 καλῶς
843 1263 955 1337 εἶχε
986 1262 1045 1318 δε
1074 1270 1164 1317 καὶ
1190 1268 1215 1317 6
1248 1274 1336 1325 τῆς
1391 1269 1579 1326 κακίας
1633 1263 1881 1335 πρόϐολος
1993 1266 2044 1318 El

1876 1284 1881 1323 :
1993 1266 2128 1319 Erat
2157 1264 2334 1319 etiam
2363 1262 2615 1336 quidam
2648 1264 2925 1335 nequitiae
2948 1268 3264 1335 protector.
3317 1264 3640 1335 impudens

277 1362 479 1427 γυμνῇ,
511 1357 536 1406 ὃ
569 1351 636 1412 δὴ
664 1354 892 1425 λέγεται,
955 1354 1147 1426 κεφαλῇ
1195 1357 1281 1405 τόν
1311 1354 1429 1405 κατ’
1470 1353 1631 1410 αὐτὴν
1692 1351 1880 1423 ἀπερυ-
1993 1366 2041 1406 ιν

1879 1385 1880 1390 η
1993 1351 2179 1420 nudo,
2213 1358 2276 1406 ut
2305 1352 2493 1418 aiunt,
2518 1352 2710 1423 capite
2742 1367 2849 1423 pro
2882 1352 2979 1407 illa
3028 1351 3252 1406 bellum
3285 1367 3517 1420 gerens.
3577 1355 3643 1407 Et

280 1445 522 1515 θρειάσας
588 1441 773 1514 ἀγῶνά
802 1448 891 1494 καὶ
929 1444 1015 1494 οἵα
1051 1446 1118 1494 τὰ
1162 1442 1353 1494 ἐκείνου
1398 1447 1762 1514 μηχανήματα
1792 1446 1881 1492 καὶ
1991 1456 2044 1512 q1

1879 1483 1881 1488 .
1991 1456 2125 1512 quae
2156 1441 2285 1510 ejus
2302 1440 2553 1495 artiﬁcia
2582 1445 2638 1495 et
2663 1440 2959 1495 machinas
2990 1456 3121 1495 esse
3183 1440 3396 1508 solent,
3451 1440 3643 1496 avari-

278 1531 641 1605 προϐλάματα,
705 1537 799 1589 την
848 1531 1239 1605 φιλοχρήματον
1313 1531 1511 1583 λύσσαν
1574 1532 1882 1581 ὑπανακαίει
1991 1531 2042 1584 ti:

1878 1569 1882 1578 .
1991 1531 2085 1584 tiae
2135 1529 2363 1584 rabiem
2407 1528 2717 1584 succendit
2772 1528 3203 1584 nonnullorum
3246 1529 3642 1585 ministerium

276 1625 366 1677 τήν
396 1640 495 1673 τινι
544 1624 673 1692 πρὸς
704 1621 997 1692 ὑπουργίαν
1038 1623 1210 1691 ἐκείνῳ
1254 1616 1589 1684 ἐπιτηδείων,
1645 1623 1738 1675 τὴν
1788 1626 1880 1669 τοῦ
1992 1619 2040 1673 ἱὶ]

1992 1618 2073 1673 illi
2126 1617 2543 1690 prmbentium,
2598 1618 2789 1689 gentis
2852 1618 3295 1688 simplicitatem
3349 1618 3645 1691 imprimis

283 1712 454 1771 ἔθνους
496 1709 729 1781 ἀφέλειαν
786 1706 1119 1782 προδεικνὺς,
1178 1714 1268 1761 καὶ
1316 1713 1375 1761 τὸ
1431 1706 1737 1782 δυσπραγες
1787 1715 1878 1758 τοῦ
1992 1723 2047 1779 p1

1992 1707 2395 1779 praetendens,
2448 1711 2504 1761 et
2542 1706 2832 1778 temporis
2886 1706 3326 1776 difﬁcultatem,
3383 1711 3440 1762 et
3478 1706 3646 1779 quod

281 1806 488 1871 καιροῦ,
520 1803 609 1850 καὶ
640 1800 720 1850 ὅτι
776 1802 897 1860 τοὺς
952 1798 1193 1859 Ἀλανοὺς
1237 1798 1386 1859 εὐθὺς
1440 1795 1744 1870 ὑποσυροιέ
1796 1797 1877 1847 ἄν.
1996 1797 2043 1849 Α

1365 1819 1386 1859 ς
1440 1795 1744 1870 ὑποσυροιέ
1796 1797 1877 1847 ἄν.
1996 1796 2324 1851 Alanorum
2350 1810 2495 1865 gens
2525 1795 2695 1851 facile
2722 1796 3124 1851 seduceretur.

353 1887 428 1942 εί.
488 1886 585 1939 Ἦν
667 1890 771 1961 γὰρ
827 1886 1003 1947 αὐτοῖς
1048 1887 1143 1939 οὐκ
1196 1886 1389 1959 ἀφανὴς
1438 1888 1463 1938 6
1521 1885 1671 1959 ἀνὴρ,
1732 1885 1957 1956 ἑγγύςυ
2067 1885 2117 1939 1Ξ

1912 1899 1957 1952 υ
2067 1885 2153 1939 15.
2186 1888 2317 1940 Erat
2343 1885 2569 1956 quippe
2602 1884 2767 1956 apud
2798 1900 2901 1939 eos
2928 1884 3115 1940 homo
3145 1884 3469 1956 praedictus
3524 1900 3648 1940 non

284 1985 373 2028 τοῦ
424 1980 606 2048 γένους
651 1978 789 2048 ἔχων
836 1979 964 2048 πρὸς
1018 1980 1114 2033 τὸη
1167 1980 1388 2049 ποιμένα
1449 1974 1653 2030 ἐκεῖνον.
1716 1970 1881 2036 Οὗτος
1996 1973 2048 2029 Ol

1996 1973 2291 2029 obscurus
2318 1988 2555 2043 genere,
2606 1977 2911 2045 pastorem
2955 1973 3125 2028 illum
3174 1973 3491 2045 attingens.
3544 1974 3649 2029 Hic

287 2069 562 2118 σκέπτεται
594 2064 788 2138 βουλὴν
818 2074 913 2127 τῆς
961 2064 1146 2117 ἆαυτοῡ
1198 2065 1419 2138 κεφαλῆς
1476 2064 1623 2127 ἀξίαν
1663 2069 1752 2115 καὶ
1803 2064 1881 2115 ὃν·
1997 2078 2051 2118 ο(

1997 2062 2312 2118 consilium
2346 2063 2453 2118 init
2473 2062 2666 2134 capite
2706 2078 2817 2118 suo
2846 2062 3122 2131 dignum,
3153 2071 3232 2133 ,et
3281 2077 3421 2118 vere
3450 2062 3654 2118 incon-

284 2173 382 2217 τως
434 2153 674 2207 ἄϐουλον
718 2153 1032 2228 παραλαϐὼν
1085 2158 1185 2229 γὰρ
1239 2155 1351 2227 μεθ’
1411 2154 1615 2220 ἑαυτοῦ,
1684 2156 1754 2215 ὡς
1786 2152 1885 2205 ὀὲν
1998 2169 2048 2208 St

1998 2152 2242 2208 sultum.
2303 2152 2531 2208 Etenim
2585 2167 2793 2208 secum
2841 2167 3181 2221 assumens,
3231 2152 3391 2208 velut
3442 2151 3536 2208 ille
3590 2152 3654 2207 in

284 2244 620 2316 Εὐαγγε).ίοις
702 2244 890 2306 ἐκεῖνος
970 2244 1403 2317 θριαμϐευόμενος
1478 2241 1683 2316 δαίμων
1760 2243 1887 2295 ἑπτὰ
1998 2245 2048 2298 Ε

1998 2243 2334 2313 Evangeliis
2347 2242 2475 2313 jam
2492 2242 2757 2297 devictus
2773 2242 3014 2298 daemon
3033 2247 3261 2314 septem
3285 2242 3403 2297 alia
3426 2242 3654 2298 daemo-

286 2330 537 2407 δαιμόνια
609 2336 776 2407 ἔτερα,
830 2338 949 2395 τοὺς
997 2339 1110 2410 περὶ
1172 2339 1257 2387 τόν
1313 2338 1533 2405 ποιμένα
1582 2333 1791 2405 λύκους,
1828 2336 1887 2385 τό
1997 2333 2050 2387 ni

1878 2354 1887 2384 ι
1997 2332 2121 2395 nia,
2145 2332 2602 2388 circumstantes
2633 2332 2865 2403 pastori
2894 2330 3089 2403 lupos,
3123 2335 3180 2386 et
3208 2331 3376 2403 quod
3405 2330 3642 2395 mirere,

285 2421 343 2476 δε
389 2420 709 2496 παράδοξον,
768 2420 967 2499 ἄνδρας
1018 2433 1110 2484 τῆς
1168 2428 1260 2475 σὺν
1328 2422 1501 2495 ἓκείνῳ
1563 2422 1888 2498 ἁνακτροφῆς
2002 2423 2049 2477 vi

2002 2423 2157 2478 viros
2195 2422 2351 2477 illius
2380 2420 2836 2477 conversatione
2876 2420 3181 2487 indignos,
3231 2436 3494 2491 quorum
3548 2419 3652 2475 alii

283 2512 545 2582 ἀναξίους,
576 2513 741 2575 ἄλλως
792 2512 1083 2585 ἀλλαχόθεν
1128 2509 1385 2585 φυγάδας,
1437 2519 1527 2566 καὶ
1565 2517 1623 2565 τὸ
1672 2519 1774 2566 πᾶν
1805 2513 1892 2564 οὗ·
2001 2512 2047 2568 aJ

2001 2511 2243 2568 aliunde
2266 2511 2693 2581 fugitivierant,
2718 2515 2776 2566 et
2794 2509 2939 2565 nihil
2960 2510 3211 2565 omnino
3233 2525 3451 2565 sanum
3467 2508 3658 2565 habe-

282 2597 369 2653 δἐν
414 2603 581 2672 ὑγιὲς,
634 2606 725 2653 καί
765 2621 880 2654 τινα
960 2604 1192 2665 Λαζόθεν
1240 2604 1412 2669 ποθεν,
1481 2598 1891 2675 μετεηιδυτουντα
2002 2600 2041 2657 b

2002 2600 2185 2669 bant;
2213 2616 2325 2656 nec
2345 2616 2468 2656 non
2496 2599 2825 2673 quemdam
2853 2615 2926 2655 ex
2980 2602 3269 2655 Lazorum
3310 2597 3515 2671 aliquo
3554 2613 3661 2653 an-

282 2696 434 2761 μόνον
501 2691 649 2762 τάχα
732 2711 831 2743 που
916 2696 1007 2743 καὶ
1072 2687 1336 2757 ἐπίτηδες,
1402 2696 1491 2743 καὶ
1525 2695 1890 2764 σεσαρωμένην
2004 2706 2043 2761 g

2004 2690 2145 2761 gulo
2172 2705 2495 2753 emersum,
2525 2689 2744 2745 idoneo
2766 2693 2830 2744 ut
2853 2688 3087 2743 videtur
3113 2687 3324 2744 habitu
3354 2691 3659 2757 ornatum,

283 2781 465 2853 εὑρὼν,
520 2783 607 2831 καὶ
658 2788 751 2831 τοῦ
798 2782 865 2832 τὰ
911 2782 1082 2831 πάντα
1123 2779 1449 2853 πληροῦντσς
1512 2778 1710 2851 ἀγαθοῦ
1740 2786 1891 2839 κενὴν
2004 2795 2041 2836 n

2004 2795 2114 2836 nec
2145 2779 2518 2841 indecorum,
2553 2784 2617 2833 ut
2638 2778 2825 2845 aiunt,
2849 2777 3108 2833 barbam
3148 2782 3488 2846 gerentem;
3542 2776 3660 2846 hic,

283 2873 605 2942 Πνεύματος,
656 2873 871 2922 εἴσεισιν
927 2868 1171 2943 ἴλευθίρῳ
1249 2866 1401 2937 ποδὶ,
1442 2876 1530 2923 καὶ
1576 2875 1772 2943 γίνεται
1829 2873 1895 2923 τὰ
2005 2870 2047 2925 iI

2005 2870 2279 2941 inquam,
2309 2868 2639 2922 Alanorum
2696 2866 3013 2922 ecclesiam
3057 2867 3255 2937 scopis
3306 2865 3664 2921 mundatam

284 2962 496 3030 ἔσχατα
533 2963 751 3033 χείρονα
778 2967 878 3011 τῶν
916 2958 1145 3034 πρώτων’
1201 2956 1336 3017 ἦσαν
1376 2963 1479 3033 γὰρ
1535 2957 1655 3012 συδ’
1730 2960 1895 3013 ἐκεῖνά
2006 2958 2048 3013 iI

2006 2958 2336 3022 inveniens,
2368 2960 2427 3011 et
2454 2955 2560 3011 illo
2590 2956 2696 3027 qui
2728 2955 2937 3011 omnia
2989 2954 3176 3025 replet
3236 2954 3401 3009 bono
3452 2954 3665 3025 spiritu

282 3068 387 3109 πως
409 3050 560 3120 ὑγιῆ.
595 3055 713 3110 Πῶς
750 3050 812 3100 ἄν
858 3052 983 3101 εἴπω
1016 3054 1112 3107 τὴν
1156 3056 1248 3101 τοῦ
1301 3050 1532 3125 πονηροῦ
1575 3049 1891 3123 προσϐολὴν,
2005 3064 2040 3103 V

2005 3063 2285 3115 vacuam;
2311 3046 2502 3102 libero
2526 3044 2680 3117 pede
2702 3043 3051 3114 ingreditur,
3079 3048 3132 3099 et
3149 3043 3303 3099 ﬁunt
3331 3043 3668 3099 novissima

283 3143 371 3191 καὶ
420 3142 564 3198 ὅπως
612 3140 795 3209 ἴχνους
861 3137 1088 3205 ἐλάϐετο,
1170 3144 1259 3191 καὶ
1319 3144 1413 3197 τὴν
1469 3138 1895 3213 ἀξειλογουμίνην
2007 3153 2047 3211 p

2007 3138 2219 3211 pejora
2253 3135 2583 3208 prioribus:
2619 3149 2759 3189 nam
2790 3148 2986 3206 neque
3017 3132 3116 3188 illa
3168 3132 3311 3188 satis
3353 3148 3505 3189 sana
3543 3132 3667 3188 fue-

288 3235 390 3278 τῶν
422 3223 745 3284 ἕπιτηδείων
797 3228 1089 3302 ὑπηρεσίαν
1123 3246 1136 3292 ;
1190 3232 1311 3281 Δότε
1340 3248 1431 3300 μοι
1482 3235 1819 3302 συγγνώμην,
1857 3231 1896 3281 ὦ
1928 3256 1969 3311 C
2008 3244 2052 3283 rz

1928 3256 1969 3311 ρ
2008 3233 2160 3283 rant.
2186 3225 2570 3294 Quibusergo
2583 3222 3229 3295 verbisimprobiillius
3253 3223 3667 3278 incursionem

286 3321 565 3390 παρόντες,
602 3321 999 3388 συγκεχυμένῳ,
1039 3320 1240 3369 καὶτὸν
1278 3317 1429 3389 λόγον
1465 3320 1706 3380 ιθυτενῶς
1736 3339 1895 3395 προσ·
1946 3310 1951 3311 ⁷
2006 3330 2048 3371 n

1946 3310 1951 3311 ί
2006 3318 2333 3379 narrem,et
2360 3312 2584 3385 quibus
2604 3312 2867 3382 vestigiis
2889 3310 3185 3377 institerit,
3202 3316 3257 3365 et
3282 3310 3428 3365 illud
3454 3315 3667 3367 nactus

283 3408 429 3476 άγειν
492 3404 618 3477 [μὴ]
674 3401 1027 3477 δεδυνημένω.
1100 3411 1284 3459 Καίτοι
1341 3426 1398 3478 γε
1458 3404 1767 3471 σπεύδοντες
1810 3409 1896 3461 οὗ·
2009 3406 2047 3461 fl

2009 3406 2315 3461 fueritnon
2329 3401 2785 3474 aspernandum
2808 3400 3151 3470 digniorum
3169 3400 3486 3455 hominum
3499 3401 3671 3456 obse-

282 3515 379 3556 τως
430 3496 538 3546 ὑπὸ
576 3502 667 3546 τοῦ
719 3496 915 3555 πάθους
980 3499 1069 3547 καὶ
1112 3505 1214 3558 τῶς
1254 3496 1590 3549 πολυελίκτου
1629 3505 1785 3571 φορᾶς
1809 3506 1899 3551 του
2008 3513 2046 3569 q

2008 3492 2262 3569 quium?
2296 3495 2436 3549 Date
2466 3491 2613 3546 mihi
2645 3490 2908 3555 veniam,
2932 3505 2968 3545 ο
2990 3489 3094 3562 qui
3116 3489 3363 3553 adestis,
3404 3494 3668 3545 mentem

282 3584 970 3658 πράγμποςήμηχάνησα·
1017 3590 1107 3637 καὶ
1146 3582 1270 3638 οἶδα
1312 3586 1531 3661 εἰρηκὼς
1598 3584 1747 3639 οὐδὲν
1802 3590 1895 3641 ἔτι·
2011 3591 2046 3642 ιι

2011 3585 2313 3642 turbatam
2345 3581 2615 3649 habenti,
2647 3584 2703 3636 et
2726 3581 3061 3636 orationem
3128 3584 3291 3635 recto
3327 3596 3507 3635 cursu
3537 3594 3671 3651 pro-

282 3679 375 3726 καὶ
428 3674 743 3734 συσκιάζειν
805 3676 904 3748 γὰρ
948 3676 1014 3726 τὰ
1068 3674 1227 3727 πλείω
1285 3673 1645 3748 ἁνάγκασμαι·
1708 3676 1789 3749 ὑφ’
1838 3674 1897 3729 οὗ
2010 3694 2043 3731 v

2010 3676 2220 3731 vehere
2248 3672 2579 3744 impotenti.
2614 3673 2680 3726 Et
2702 3670 2950 3742 quidem
3004 3669 3375 3736 festinanter,
3430 3671 3513 3725 sic
3566 3670 3669 3725 do-

282 3769 373 3816 καὶ
428 3766 562 3837 ἡμῖν
610 3762 670 3815 ἂν
716 3762 924 3837 ἀπορεῖν
971 3763 1205 3837 συμϐαίη
1264 3770 1354 3817 καὶ
1383 3772 1536 3818 πᾶσι.
1569 3771 1705 3828 Τέως
1738 3767 1900 3819 εἰσία-
2010 3764 2046 3820 lt

2010 3764 2134 3821 lore
2160 3764 2367 3827 animi,
2401 3766 2457 3817 et
2482 3760 2560 3816 ob
2602 3760 2831 3815 varium
2885 3760 3103 3829 negotii
3137 3775 3381 3815 cursum
3422 3774 3666 3831 anceps,

290 3872 373 3905 σιν
404 3853 457 3905 οἰ
485 3849 761 3924 γανᾶδαι·
796 3855 941 3905 καὶὸ
990 3856 1101 3925 μεν.
1136 3855 1162 3905 6
1201 3854 1399 3927 λυμεὼν
1458 3854 1641 3916 ἐκεῖνος
1700 3857 1897 3921 Λαξός,
2012 3872 2048 3910 v

2012 3855 2187 3910 video
2210 3869 2305 3908 me
2336 3850 2485 3908 nihil
2516 3849 2715 3906 adhuc
2746 3849 3001 3904 dixisse:
3028 3864 3169 3904 nam
3184 3848 3471 3922 pleraque
3492 3849 3666 3906 silen-

284 3941 585 4003 ἐπίσκοπος
622 3940 951 4014 ὀνομάζεται*
1004 3944 1055 3995 οἱ
1112 3943 1163 4001 η’
1214 3942 1444 4015 ἀτεχνῶς
1496 3953 1586 3997 καὶ
1642 3950 1767 4018 γέρα
1819 3948 1898 3997 αἱ·
2014 3946 2048 4001 ti

2014 3946 2093 4001 tio
2124 3957 2395 4016 premere
2424 3946 2667 3996 coactus
2698 3938 2782 3993 fui
2816 3957 2827 4005 ;
2861 3954 2983 4010 quo
3015 3938 3135 4003 ﬁet,
3188 3943 3253 3993 ut
3299 3939 3445 3995 mihi
3467 3943 3523 3995 et
3543 3955 3669 3994 om-

283 4041 497 4098 τουσιν,
555 4033 635 4083 ὅτι
690 4037 760 4104 μή
798 4036 893 4089 τὴν
926 4032 1163 4104 Ἀλᾳνίαν
1211 4035 1407 4087 οὑτωσὶ
1453 4032 1715 4107 περιεῖδον
1754 4038 1905 4088 άποί-
2013 4050 2047 4090 n

2013 4034 2193 4090 nibus
2220 4034 2276 4089 in
2301 4031 2758 4105 perplexitatem
2788 4029 3015 4084 versari
3056 4029 3381 4099 contingat.
3430 4029 3671 4086 Interim

284 4142 507 4193 μαντον,
569 4118 695 4173 ἀλλὰ
747 4124 917 4174 πάντα
968 4126 1220 4195 καμόντες
1276 4130 1367 4176 καὶ
1414 4123 1562 4176 πάντ’
1600 4124 1900 4197 ἐνεγκόντες,
2014 4127 2048 4182 il

2014 4123 2433 4195 ingrediuntur
2463 4120 2686 4191 egregii
2718 4119 2838 4186 illi;
2882 4124 2939 4174 et
2967 4118 3061 4173 ille
3097 4119 3343 4191 quidem
3388 4120 3672 4191 pestilens

284 4212 422 4270 πλήν
469 4210 602 4263 αλλὰ
646 4215 812 4284 ταύτῃ
876 4217 1057 4285 προικὶ
1114 4216 1201 4265 τὸν
1268 4218 1487 4286 νυμφίον
1547 4211 1896 4286 ὃεδωρηνται.
2016 4219 2048 4273 L

2016 4219 2217 4277 Lazus,
2250 4213 2574 4285 episcopus
2603 4208 2984 4265 nominatur:
3012 4208 3103 4263 isti
3136 4213 3338 4263 autem
3364 4214 3567 4281 aperte
3616 4213 3675 4265 et

284 4302 551 4375 praemia
590 4308 950 4373 exspocunt,
977 4302 1146 4375 quod
1182 4302 1459 4359 Alianam
1489 4305 1721 4377 absque
1745 4316 1987 4380 pastore
2014 4321 2145 4363 esse
2174 4317 2297 4358 non
2337 4300 2597 4365 siverint,
2631 4298 2736 4354 sed
2760 4314 2900 4354 cum
2936 4297 3102 4352 omni
3144 4298 3431 4370 patientia
3460 4314 3530 4354 ac
3589 4298 3674 4355 la-

280 4391 433 4447 bore
469 4390 575 4448 tali
608 4391 869 4459 gratuito
916 4392 1079 4449 dono
1112 4408 1407 4464 sponsum
1466 4399 1762 4454 munerati
1790 4405 1949 4457 sunt.

357 4466 446 4541 15'.
509 4486 709 4555 Πρώτῳ
760 4484 851 4552 μεν
885 4477 974 4533 οὖν
1034 4482 1182 4543 εὐθὺς
1230 4491 1302 4553 τῷ
1359 4482 1557 4556 βατῆρι
1600 4488 1669 4547 ὡς
1739 4489 1901 4560 Αἱγυ-
1942 4492 1984 4545 D
2091 4484 2113 4536 1

1942 4492 1984 4545 D
2091 4484 2177 4539 16.
2203 4484 2356 4550 Ergo
2378 4480 2573 4552 primo
2605 4476 2804 4534 statim
2830 4477 3136 4543 inlimine,
3170 4481 3461 4550 tanquam
3502 4480 3673 4549 [Egy-

282 4576 486 4629 πτιακή
534 4590 613 4630 τις
670 4569 979 4630 ἐπισκήπτει
1029 4571 1227 4643 πληγή*
1273 4572 1405 4632 πλὴν
1460 4578 1539 4626 ὅτι
1582 4578 1657 4648 μὰ
1722 4583 1812 4630 καὶ
1874 4580 1902 4637 ὴ
2017 4590 2046 4646 Ῑῖ

2017 4573 2134 4646 ptia
2145 4587 2214 4627 ca
2232 4570 2511 4643 quaedam
2528 4568 2709 4639 plaga
2727 4568 3048 4635 incumbit;
3064 4567 3354 4640 nisiquod
3371 4568 3464 4623 hic
3478 4571 3674 4639 prima

286 4668 500 4737 πρώτη,
540 4659 653 4731 ἣγε
699 4664 802 4732 μὴν
834 4662 1034 4719 ὑστάτη
1067 4660 1168 4714 ὃσα
1205 4667 1295 4714 καὶ
1345 4661 1630 4739 βαρυτέρα’
1682 4670 1745 4725 τὴ
1804 4670 1905 4742 γὰρ
2016 4664 2050 4719 fl

2016 4664 2145 4719 fuit.
2176 4676 2313 4733 quae
2334 4658 2450 4714 illic
2475 4662 2785 4731 postrema
2814 4662 2871 4713 et
2897 4657 3156 4727 gravior.
3181 4660 3330 4713 Nam
3373 4656 3674 4729 primoge-

288 4755 614 4825 πρωτότοκα
665 4755 757 4802 καὶ
805 4749 934 4823 άπερ
1014 4750 1358 4826 ἀφιεροῦσθαι
1417 4755 1674 4823 ὡσίωται,
1741 4765 1910 4810 ταῦτα
2017 4770 2052 4809 n

2017 4754 2161 4822 nita,
2187 4756 2243 4807 et
2268 4766 2405 4823 qua;
2433 4752 2551 4805 Deo
2573 4748 2909 4804 consecrari
2941 4752 3215 4805 sanctum
3243 4753 3389 4811 erat,
3414 4749 3544 4804 haec
3566 4749 3675 4804 iste

288 4836 355 4898 δὴ
408 4841 435 4892 6
496 4839 813 4912 ὀλοθρευτὴς
864 4837 1229 4915 περιέδραμεν.
1278 4838 1442 4895 Ἦνδὲ
1485 4843 1587 4916 ἄρα
1651 4842 1776 4898 οὐδέ
1830 4867 1910 4910 τις
2019 4860 2048 4898 e

2019 4840 2439 4899 exterminator
2466 4838 2841 4894 circumibat.
2876 4842 3074 4910 Neque
3096 4837 3311 4910 aliquis
3343 4838 3549 4895 aderat
3582 4854 3677 4894 sa-

288 4933 448 5002 σοφός
481 4936 743 4998 Μωυσῆς,
796 4933 885 4981 ἴνα
930 4934 990 4983 τὸ
1054 4938 1146 4984 τοῦ
1191 4937 1482 5007 χρίσαντος
1535 4939 1911 5010 προερμηνεύοι
2019 4950 2052 5006 p

2019 4934 2191 5006 piens
2221 4934 2474 5002 Moyses,
2506 4928 2746 4985 utillius
2796 4929 3117 4999 unguentis
3170 4930 3526 5001 mysterium
3588 4945 3677 4985 ex-

284 5016 667 5095 μυστηριῶδες
694 5024 933 5093 περὶτοῦ
964 5022 1185 5094 αἵματος
1238 5030 1334 5075 τοῦ
1391 5022 1603 5096 Ἀμνοᾶο
1672 5030 1762 5078 καὶ
1811 5047 1911 5101 προ
2020 5039 2048 5095 ε

2020 5023 2312 5095 planaret,
2341 5020 2415 5076 de
2436 5020 2588 5089 Agni
2619 5017 2891 5074 videlicet
2916 5018 3211 5089 sanguine
3238 5036 3250 5074 :
3308 5034 3503 5091 neque
3557 5019 3680 5076 ulla

286 5111 493 5183 φυλακὴ
562 5113 657 5183 μὲν
710 5107 955 5183 οὐδεμία,
998 5115 1090 5163 καὶ
1147 5108 1288 5185 ἄρδη
1350 5114 1375 5164 6
1420 5112 1642 5189 ὄλεθρος·
1702 5118 1913 5190 ἔρχεται
2024 5119 2050 5170 t‘

2024 5112 2225 5181 tutela,
2255 5110 2361 5167 sed
2391 5110 2827 5166 internecivum
2859 5108 3302 5165 exterminium.
3330 5110 3495 5165 Venit
3520 5110 3681 5166 enim

282 5203 436 5275 γὰρό
474 5199 705 5261 κλέπτης
752 5200 837 5252 ἱνα
880 5200 1024 5275 λήψῃ
1074 5206 1165 5255 καὶ
1232 5204 1367 5276 θύσῃ
1409 5208 1500 5257 καὶ
1544 5203 1794 5263 ἀπολέσῃ.
1830 5206 1913 5267 Ὠς
2023 5202 2046 5258 f

2023 5202 2138 5271 fur,
2168 5204 2234 5257 ut
2256 5200 2473 5274 rapiat,
2503 5204 2559 5255 et
2580 5202 2818 5265 mactet,
2848 5203 2904 5255 et
2929 5199 3136 5270 perdat
3177 5201 3220 5257 δ.
3278 5199 3421 5255 Male
3470 5200 3543 5256 sit
3584 5215 3685 5255 ne-

290 5289 547 5345 ἀπόλοιτο
615 5295 647 5349 ἦ
707 5296 889 5359 κακία,
940 5292 1002 5351 ἣν
1046 5298 1513 5367 παρυφισταμίνην
1540 5292 1664 5348 οἶδα
1688 5304 1752 5369 τῇ
1789 5296 1912 5370 ἁμε-
2024 5310 2054 5366 q

2024 5294 2443 5367 quitia3,quam
2460 5290 2806 5347 obstrusam
2828 5290 2965 5359 vidi,
2980 5290 3060 5347 ob
3074 5292 3217 5347 recti
3230 5291 3681 5361 negligentiam!

283 5380 397 5454 λείᾳ
450 5388 552 5435 τοῦ
602 5381 927 5456 κρείττονοςί
980 5380 1025 5435 εἰ
1080 5385 1182 5457 γὰρ
1238 5381 1554 5459 ἕγρηγόρειό
1609 5382 1916 5439 οἱκοὸεσπό-
2026 5387 2047 5439 1‘

2026 5387 2174 5440 Nam
2205 5383 2253 5438 si
2282 5382 2591 5452 vigilasset
2620 5385 2790 5453 pater
2820 5380 3098 5447 familias,
3142 5397 3530 5454 nequaquam
3581 5382 3686 5438 do-

285 5492 401 5539 της,
445 5472 550 5525 οὐκ
583 5472 649 5523 οἷν
703 5470 979 5533 όκλίπτης
1034 5476 1130 5531 τὴν
1182 5472 1351 5526 οἰκίαν
1404 5476 1687 5549 κατώρυξεο
1741 5476 1893 5528 Βούλε
2028 5492 2049 5529 I

2028 5490 2197 5530 mum
2248 5473 2343 5529 fur
2374 5472 2699 5528 eﬁodisset.
2738 5470 2923 5526 Vultis
2954 5475 3009 5527 et
3041 5477 3171 5527 acta
3200 5473 3331 5542 ejus
3365 5473 3690 5543 pastoralia

290 5565 382 5618 σθε
405 5566 611 5639 μικρὸν
642 5563 764 5635 ὑμῖν
798 5565 984 5617 καὶτὰ
1020 5572 1083 5625 τῆ
1096 5585 1118 5627 ς
1144 5573 1491 5638 ποιμαντικῆς
1543 5564 1868 5639 ἄναλίξωμαί
1902 5584 1915 5633 ;
2030 5582 2054 5623 a

2030 5566 2411 5640 aliquantum
2468 5563 2865 5621 enumerem?
2906 5562 3060 5629 Quid
3117 5564 3278 5619 enim
3346 5562 3493 5620 illud
3526 5564 3691 5621 Pauli

359 5748 382 5783 ⁸
411 5746 595 5805 Jean.
628 5759 691 5815 ι,
726 5747 809 5801 10.
