4468 6440
837 402 943 460 403

2033 397 2387 455 THEODORI
2423 399 2702 457 ALANLE
2739 400 3046 458 EPISCOPI

4110 405 4217 462 ωε

838 529 1230 600 prmceptum,
1266 529 1328 583 ut
1354 540 1575 583 manus
1607 525 1724 582 cito
1753 523 1980 581 nemini
2013 524 2407 596 imponantur
2426 526 2446 559 τ
2472 526 2500 582 ?
2527 528 2575 580 Α

2472 526 2500 582 ?
2527 528 2575 580 Α
2616 528 2681 577 Τί
2707 527 2806 598 γὰρ
2847 526 2877 582 ἠ
2907 532 2999 576 τοῦ
3035 524 3268 592 Παύλου,
3303 526 3359 588 ὃς
3400 521 3594 598 μηδενί
3632 533 3820 601 χεῖρας
3871 533 4071 599 ταχέως
4109 528 4219 582 ἔπι-

837 620 911 672 Αι
933 616 1044 673 iste
1072 617 1228 672 intra
1260 632 1488 688 paucos
1511 615 1663 683 dies,
1702 615 2094 670 formicarum
2124 613 2307 669 veluti
2364 630 2499 670 exa-

838 721 978 762 men
1016 706 1355 762 sacerdotes
1377 706 1603 762 emisit:
1632 708 1689 761 et
1715 704 1829 760 hos
1858 703 2087 774 viginti,
2121 703 2288 759 aiunt
2313 705 2390 760 ab
2429 720 2500 761 eo

838 799 1140 866 tanquam
1185 795 1380 867 equite
1428 798 1823 866 praetereunte
1898 792 2228 855 ordinatos,
2304 809 2502 865 pauca

838 885 996 940 intra
1022 884 1231 940 dentes
1263 884 1610 956 neminique
1632 881 1931 939 intellecta
1978 887 2413 954 murmurante,
2447 889 2504 939 et

839 976 996 1028 certe
1024 971 1200 1029 labiis
1248 972 1494 1028 minime
1542 971 1796 1044 prolata.
1847 970 2007 1026 Alios
2062 970 2504 1043 quinquaginta

851 1060 1001 1117 dum
1023 1061 1191 1117 cibos
1223 1061 1285 1116 in
1306 1077 1521 1117 mensa
1544 1059 1876 1123 manderet,
1905 1063 1964 1115 et
1990 1058 2235 1115 calicem
2293 1076 2504 1116 manu-

847 1149 1292 1206 teneret:alios
1323 1149 1472 1206 dum
1523 1154 1706 1206 noctu
1752 1149 1815 1204 in
1865 1147 2019 1204 lecto
2051 1149 2293 1220 jaceret.
2357 1151 2505 1206 Sunt

843 1239 1004 1295 enim
1035 1239 1139 1312 qui
1171 1238 1304 1294 diro
1326 1255 1465 1295 cum
1492 1239 1840 1310 juramento
1867 1237 2189 1306 afﬁrmant,
2230 1254 2369 1294 eum
2426 1255 2503 1295 ne

843 1327 919 1383 de
942 1326 1098 1383 lecto
1120 1327 1367 1399 quidem
1382 1325 1826 1383 consurrexisse
1853 1326 1966 1382 Sed
1983 1342 2090 1382 cur
2109 1327 2284 1399 plura
2305 1327 2504 1400 inqui-

837 1432 995 1484 ram,
1027 1415 1176 1471 mibi
1205 1415 1454 1487 quidem
1477 1416 1624 1472 haut
1653 1415 1816 1471 dictu
1838 1414 2056 1483 facilia,
2078 1415 2252 1471 vobis
2300 1422 2504 1472 autem

840 1505 1228 1562 audientibus
1258 1505 1696 1562 intolerabilia?
1717 1505 1980 1577 Denique
2005 1505 2099 1561 his
2132 1507 2301 1575 actis,
2326 1505 2502 1561 diﬂ‘u-

839 1595 924 1665 git
944 1594 1007 1650 in
1039 1596 1328 1662 Lazicam,
1351 1594 1568 1665 ligonis
1599 1597 1691 1650 sui
1717 1610 1929 1650 rursus
1942 1595 2219 1667 cupidus.
2243 1599 2370 1651 Non
2393 1599 2499 1661 est,

838 1688 906 1740 ut
925 1689 1094 1756 puto,
1109 1684 1294 1739 homo
1324 1683 1566 1755 ignotus
1584 1683 2020 1740 mercatoribus
2042 1683 2348 1740 nonnullis
2361 1683 2501 1740 illuc

839 1772 1346 1829 commeantibus.

918 1866 1005 1918 17.
1041 1861 1241 1918 Sentio
1263 1861 1547 1935 equidem
1569 1861 1789 1918 multas
1819 1861 2315 1932 interrogationes
2337 1862 2501 1935 apud
2532 1871 2571 1925 Β

836 1965 947 2007 vos
968 1950 1074 2022 qui
1099 1950 1319 2007 auditis
1370 1955 1748 2007 commotum
1792 1950 1864 2007 iri
1916 1950 1996 2006 ab
2033 1949 2150 2006 hoc
2201 1966 2497 2008 sermone.

836 2039 954 2095 Alii
984 2045 1187 2096 autem
1210 2055 1285 2096 ne
1309 2040 1424 2096 sibi
1452 2040 1701 2113 quidem
1748 2040 2098 2113 persuaderi
2164 2041 2497 2112 patientur;

835 2127 902 2184 id
932 2129 1101 2202 quod
1128 2129 1316 2201 probe
1339 2145 1630 2201 agnosco,
1659 2129 1808 2186 dum
1825 2145 1966 2186 mea
1979 2145 2119 2185 cum
2132 2130 2342 2185 vestris
2367 2146 2503 2186 com

833 2233 1008 2291 paro.
1066 2221 1216 2274 Nam
1259 2234 1370 2275 nec
1429 2234 1541 2290 ego
1594 2219 1813 2276 auditis
1845 2218 2046 2275 statim
2103 2218 2357 2287 credidi;
2395 2236 2503 2292 per

836 2307 1027 2365 otium
1067 2307 1265 2379 primo
1293 2308 1424 2364 haec
1453 2308 1736 2377 intellexi,
1760 2307 1978 2365 deinde
2021 2324 2163 2366 vero
2206 2314 2261 2364 et
2314 2308 2502 2365 multa

835 2395 1272 2466 interrogando
1303 2397 1584 2468 cognovi.
1621 2398 1734 2455 Sed
1767 2397 1851 2454 ita
1894 2397 2068 2455 facile
2121 2398 2232 2454 fuit
2282 2398 2501 2455 volenti

835 2484 1146 2558 decipere;
1181 2490 1238 2543 et
1267 2486 1351 2542 sic
1381 2486 1596 2560 lupum
1646 2487 2061 2560 sequebantur
2108 2503 2275 2553 oves,
2321 2489 2501 2561 quasi

832 2573 1138 2631 neminem
1169 2591 1442 2648 unquam
1465 2576 1756 2633 vidissent
1778 2577 2318 2650 pastorem,lneque
2344 2577 2499 2648 ejus-

835 2662 978 2720 dem
1009 2680 1222 2720 vocem
1253 2665 1586 2722 audissent.
1624 2665 1778 2731 Quid
1816 2667 2000 2721 vero?
2028 2681 2229 2721 nonne
2262 2666 2340 2722 ab
2372 2666 2499 2722 heri

833 2757 890 2808 et
917 2753 1357 2810 nudiustertius
1390 2755 1667 2825 egregius
1701 2755 1798 2810 hic
1853 2759 2058 2827 pastor
2089 2760 2214 2811 erat
2242 2759 2270 2811 ?
2296 2771 2499 2812 nonne

832 2841 1024 2914 ipsius
1054 2843 1475 2916 episcopatum
1526 2844 1939 2901 inordinatum
1978 2843 2298 2901 sciebant?
2349 2844 2498 2902 Rem

833 2936 989 2988 certe
1010 2931 1180 2989 haud
1204 2932 1532 2990 obscuram
1549 2949 1746 3006 neque
1773 2949 1896 2990 non
1908 2933 2290 2990 manifestam
2313 2934 2498 3006 pluri-

830 3020 981 3077 bus:
1016 3022 1124 3078 etsi
1151 3027 1356 3079 autem
1377 3023 1547 3079 haud
1571 3023 1882 3092 omnibus,
1906 3023 2320 3080 sacerdotibus
2338 3028 2494 3081 certe

832 3110 940 3183 qui
971 3110 1420 3167 ordinationem
1442 3112 1521 3168 ab
1550 3128 1621 3168 eo
1661 3117 2086 3184 susceperunt.
2133 3112 2496 3169 Alterutrum

829 3198 1032 3272 itaque
1061 3216 1192 3256 esse
1224 3206 1491 3273 oportet:
1545 3201 1640 3258 vel
1698 3201 1858 3257 enim
1909 3201 2276 3273 nesciebant,
2327 3202 2495 3274 quod
2527 3229 2567 3285 ρ

833 3293 924 3346 est
951 3289 1323 3358 incredibile,
1377 3308 1521 3348 nam
1551 3292 1657 3364 qui
1717 3293 1996 3362 ignorare
2035 3296 2333 3364 poterant,
2385 3293 2492 3366 qui

832 3379 1060 3452 experti
1091 3383 1258 3436 sunt?
1286 3379 1380 3437 vel
1397 3382 1585 3447 aliter,
1606 3381 1667 3438 id
1690 3386 1800 3446 est,
1828 3397 1956 3438 rem
1987 3382 2286 3449 sciebant;
2310 3389 2367 3439 et
2388 3399 2493 3440 cur

831 3469 916 3524 sic
968 3485 1265 3540 magnum
1349 3471 1689 3527 chrismatis
1746 3471 2058 3541 negotium
2118 3477 2490 3544 spreverunt,

831 3561 1013 3630 atque
1043 3557 1122 3614 ab
1143 3574 1214 3614 eo
1242 3560 1499 3629 gratiam
1523 3559 1828 3632 suscipere
1856 3564 2163 3633 putarunt,
2198 3561 2302 3634 qui
2344 3560 2492 3617 nihil

834 3663 1052 3704 sanum
1083 3649 1394 3705 habebat?
1417 3651 1749 3706 Praesertim
1793 3651 1938 3723 quia
1993 3656 2132 3707 sunt
2196 3652 2492 3721 nonnulli,

833 3736 939 3809 qui
957 3738 1140 3793 trium
1171 3739 1600 3812 episcoporum
1632 3741 2080 3796 successionem
2111 3740 2409 3810 viderunt,
2439 3745 2496 3798 et

831 3842 996 3882 nunc
1009 3843 1106 3883 me
1124 3833 1432 3900 quartum;
1454 3829 1904 3902 quietinsignia
1934 3830 2143 3899 magni
2175 3830 2493 3887 sacerdotii

831 3915 946 3971 illis
975 3916 1378 3989 exponebam,
1414 3919 1538 3974 sive
1569 3918 1749 3976 obvia
1770 3919 1831 3974 in
1857 3919 2122 3976 vestibus
2156 3921 2282 3976 sive
2303 3921 2360 3975 in
2394 3921 2494 3977 be-

830 4006 1010 4062 matis
1037 4012 1250 4063 ornatu
1275 4025 1288 4063 :
1312 4024 1450 4080 quae
1481 4009 1764 4065 omnibus
1793 4009 1997 4082 palam
2028 4010 2408 4082 prostabant,
2428 4014 2494 4066 ut

832 4095 975 4151 inde
1029 4097 1383 4170 episcopum
1439 4104 1853 4169 agnoscerent.
1914 4099 2145 4155 Gradus
2196 4101 2374 4155 etiam
2405 4101 2492 4172 ip-

832 4185 913 4240 sis
945 4185 1403 4255 enumerabam,
1427 4187 1651 4259 quibus
1683 4187 1734 4243 is
1758 4193 2149 4260 promovetur
2168 4190 2272 4262 qui
2301 4205 2482 4244 sacer-

831 4275 996 4330 dotio
1029 4275 1342 4332 functurus
1364 4281 1476 4334 est.
1530 4277 1689 4344 Haec,
1745 4278 2016 4351 inquam,
2068 4283 2124 4333 et
2187 4279 2279 4334 his
2315 4279 2491 4351 plura

829 4363 977 4420 mihi
1009 4364 1368 4435 suadebant,
1402 4382 1477 4422 ne
1521 4382 1617 4422 me
1644 4371 1921 4423 accurate
1952 4372 2195 4439 tuteque
2225 4383 2350 4422 rem
2383 4385 2489 4423 au-

830 4453 991 4510 disse
1046 4454 1389 4523 crederem;
1452 4455 1558 4512 sed
1610 4456 1974 4528 imperitiam
2016 4456 2394 4513 damnabam
2435 4461 2492 4513 et

829 4542 1012 4600 taedio
1034 4542 1343 4600 habebam
1373 4544 1517 4602 talia
1539 4551 1876 4603 narrantes.
1895 4545 2007 4602 Sed
2023 4546 2240 4602 auditis
2268 4562 2489 4602 sermo-

827 4632 1009 4689 nibus
1039 4633 1260 4704 agnovi
1281 4639 1494 4706 postea
1518 4651 1641 4691 non
1665 4640 1885 4692 temere
1905 4636 2088 4692 ﬂdem
2113 4635 2484 4702 adhibuisse.
2525 4632 2541 4688 ‘.

910 4726 988 4778 18.
1025 4725 1180 4778 Num
1208 4739 1350 4795 ergo
1377 4724 1605 4792 videar,
1641 4726 1690 4781 si
1748 4742 2092 4782 sermonem
2139 4725 2489 4782 confusione

829 4811 1107 4884 spoliem,
1138 4829 1344 4868 meum
1379 4813 1455 4869 ad
1487 4830 1593 4870 vos
1622 4814 1957 4888 alloquium
1977 4816 2135 4888 juste
2163 4815 2488 4887 reﬁngere?

826 4901 1008 4973 Atqui
1035 4902 1388 4972 hujusmodi
1420 4919 1542 4959 non
1569 4908 1659 4960 est
1687 4904 1782 4961 lex
1833 4906 2226 4978 loquentibus
2266 4906 2482 4977 posita.

825 4990 1162 5047 Voluissem
1184 4997 1382 5048 autem
1399 4993 1478 5049 ab
1506 4993 1626 5050 alio
1643 4995 1844 5068 potius
1865 5012 2052 5068 quam
2072 4994 2356 5051 amehaec
2378 5010 2487 5050 vos

827 5080 1058 5146 audire,
1095 5086 1276 5154 atque
1307 5082 1390 5138 ita
1419 5083 1481 5138 in
1519 5083 1726 5140 abdito
1755 5085 1957 5141 denuo
2020 5100 2308 5157 reponere
2357 5099 2484 5140 ora-

824 5170 1081 5241 tionem;
1115 5171 1582 5242 publicarevero
1609 5174 1816 5232 litteris
1847 5176 1963 5232 hoc
1995 5175 2306 5245 negotium
2361 5189 2486 5231 non

822 5260 1134 5317 auderem.
1169 5266 1302 5334 ipse
1333 5278 1514 5335 porro
1536 5270 1950 5321 accusatorem
1976 5280 2073 5320 me
2092 5279 2294 5334 gerere
2319 5263 2487 5320 haud

821 5349 1043 5406 didici:
1075 5365 1270 5423 neque
1293 5352 1568 5424 judicare
1612 5353 1794 5410 velim
1841 5353 2191 5424 evangelica
2253 5352 2484 5408 monito

819 5439 1277 5514 obtemperans;
1309 5457 1457 5499 nam
1473 5442 1576 5499 ubi
1606 5460 1806 5500 sermo
1837 5443 2097 5515 volucer,
2128 5444 2209 5500 ibi
2236 5447 2294 5500 et
2316 5443 2486 5498 dam-

817 5533 984 5588 natio
1013 5531 1142 5588 alas
1167 5533 1351 5589 sumit
1398 5535 1445 5589 ⁸.
1487 5535 1730 5590 Interim
1757 5535 1886 5591 haec
1933 5540 2069 5591 sunt
2101 5539 2254 5597 acta,
2303 5537 2486 5606 atque

817 5620 935 5678 hoc
967 5622 1354 5694 benignitatis
1379 5640 1597 5695 genere
1628 5641 1740 5682 nos
1767 5641 1914 5696 grex
1944 5625 2197 5699 excepit.
2218 5624 2481 5681 Exterius

889 5712 909 5751 ⁷
942 5713 1133 5772 lTim.
1166 5729 1224 5782 v,
1257 5719 1346 5770 2'2.
1384 5716 1404 5751 ⁸
1430 5716 1627 5774 Matth.
1671 5733 1770 5787 vn,
1804 5719 1854 5774 1.

2616 615 2814 665 τιθέναι
2851 616 3146 686 νομοθετεὶ;
3190 613 3324 665 Ἀλλ’
3365 614 3516 676 οὗτος
3566 617 3769 687 ἡμερῶν
3822 615 4090 687 ὀλιγοστύῑ
4137 637 4214 669 τι-

2614 710 2712 753 νῦν
2768 705 3070 775 μυρμηκιὰς
3139 707 3310 778 ἱερέων
3378 708 3503 775 ἡμῖν
3553 703 3756 775 ἀνέῳξε·
3818 709 3907 762 τὴν
3962 702 4217 758 εἰκοσάδα

2614 793 2806 850 ταύτην
2869 797 3026 864 φασὶν
3073 789 3326 865 παρόδιος
3376 795 3594 853 ἱππότης
3651 793 4035 866 ἐχειροτόνησε,
4083 799 4212 870 μίκρ

2615 880 2745 933 ἆττα
2794 880 3086 956 ψιθυρίσας
3137 886 3225 934 καὶ
3278 878 3594 935 ύποδόντινα
3666 886 3755 934 καὶ
3826 887 3952 945 τέως
3989 882 4211 940 ἀνήκου-

2617 989 2732 1024 στα.
2779 978 2878 1021 τῶν
2903 972 3004 1043 γάρ
3049 969 3263 1042 χειλέων
3295 967 3430 1029 ἦσαν
3481 970 3756 1045 ἀνεκφορα·
3785 977 3874 1024 καὶ
3905 977 4020 1030 τὴν.
4089 991 4216 1025 πεν-

2612 1055 2914 1116 τηκοντάδα
2996 1057 3211 1129 ἐκείνην,
3289 1055 3723 1131 διαμασσώμενος
3792 1059 3876 1112 ἕπὶ
3926 1061 4209 1135 τραπέζης,

2611 1152 2702 1200 καὶ
2731 1155 2794 1220 τῇ
2845 1152 2989 1221 χειρὶ
3035 1148 3408 1223 κυλικοφορῶνο
3453 1147 3648 1223 ἔτέρους
3703 1151 3902 1222 νύκτωρ
3949 1148 4034 1201 ἐπὶ
4051 1169 4217 1223 στρω-

2612 1243 2764 1308 μνῆς.
2821 1235 3053 1297 Ἑαυτοῖς
3105 1235 3397 1312 ἐπαρῶνται
3464 1240 3532 1290 τοι
3585 1234 3823 1312 φρικώδη
3884 1238 3934 1290 οἱ
3986 1237 4214 1308 λέγοντες

2613 1328 2680 1387 ὡς
2747 1322 2871 1378 οὐδὲ
2920 1334 3012 1387 τῆς
3067 1330 3247 1388 κοίτης
3285 1326 3698 1398 ἐξανιστάμενος.
3770 1332 3871 1380 Καὶ
3934 1331 3988 1378 τί
4033 1328 4094 1379 ἄν
4152 1329 4218 1379 τὰ

2611 1414 2770 1466 πλείω
2795 1411 2828 1466 δ
2836 1421 3125 1487 ιερευνώην,
3155 1415 3269 1488 ἔμοι
3298 1436 3352 1469 τε
3388 1415 3551 1487 λέγειν
3608 1416 3666 1468 ού
3704 1413 3889 1490 ῥᾴδια,
3951 1421 4040 1468 καὶ
4092 1417 4217 1488 ύμῖν

2614 1501 2817 1556 ἀκούειν
2849 1504 2907 1556 οὐ
2977 1507 3215 1578 φορητά;
3273 1509 3408 1566 Τέως
3463 1508 3597 1558 οὔτω
3639 1502 3866 1580 δράσας,
3935 1504 4068 1557 οὓτω
4125 1508 4218 1556 καὶ

2615 1589 2956 1665 διαπέφευγεν
3010 1594 3060 1645 ἓν
3100 1602 3162 1665 τῇ
3217 1595 3452 1666 Λαζικῇ,
3500 1599 3588 1646 καὶ
3637 1594 3790 1647 πάλιν
3831 1603 3893 1666 τῇ
3972 1596 4211 1669 σκαπάνῃ

2612 1682 3050 1755 φιλοτιμούμενος
3111 1682 3169 1734 ού
3217 1686 3318 1758 γάρ
3369 1682 3509 1736 ἔστιν
3563 1682 3760 1756 ἀφανὴς
3803 1681 3910 1736 ἐκεῖ
3954 1679 4215 1757 παροδεύ-

2611 1791 2758 1822 ουσιν
2786 1770 3031 1845 ἐμπόροις
3059 1771 3189 1834 ἴσως
3207 1777 3366 1827 τισίν.

2685 1859 2767 1920 ιζ’.
2828 1857 2970 1912 Οἶδα
3011 1863 3102 1933 μὲν
3159 1861 3251 1913 σῦν
3295 1863 3375 1913 ὅτι
3430 1861 3622 1920 πολλὴν
3679 1865 3773 1920 τὴν
3813 1869 3995 1914 πεῦσιν
4040 1857 4220 1914 ὠδίνει

2611 1953 2743 2023 πρὸς
2802 1958 2966 2002 ταῦτα
3022 1959 3122 2002 τῶν
3170 1952 3573 2026 ἀκροασαμένων
3626 1953 3787 2023 ὑμῶν,
3839 1949 3879 2002 ὧ
3947 1955 4217 2025 παρόντες,

2610 2039 2782 2111 λόγος-
2844 2045 2933 2092 καὶ
2976 2047 3077 2092 ποῦ
3123 2059 3183 2111 γε
3230 2040 3390 2092 κοιὶοῖ
3435 2037 3553 2092 οὐδ’
3610 2040 3670 2092 ἄν
3722 2043 3970 2112 ἐνέγκοιεν
4011 2043 4068 2092 τὸ
4125 2059 4218 2092 πε-

2611 2130 2845 2180 πεῖσθαιο
2879 2133 2968 2180 καὶ
3010 2125 3154 2197 οἶδα,
3208 2136 3315 2190 τοῖς
3370 2131 3509 2202 ἓμοίς
3552 2137 3894 2202 παραμετρῶν
3934 2130 4002 2181 τὰ
4035 2129 4220 2200 ὑμέτε-

2615 2235 2702 2291 ρα·
2737 2218 2796 2269 ού
2825 2220 2926 2292 γὰρ
2967 2215 3084 2270 οὐδ’
3124 2217 3281 2278 αὐτὸς
3311 2218 3462 2279 εὐθὺς
3501 2217 3818 2290 ἐπεπείσμην
3872 2220 4073 2291 μαθών·
4118 2217 4220 2293 ἀρ-

2610 2317 2715 2380 γῶς
2769 2328 2823 2361 τε
2871 2311 2937 2360 τὰ
2987 2317 3169 2383 πρῶτα
3198 2312 3313 2383 περὶ
3353 2311 3548 2360 τούτων
3588 2308 3812 2367 ἣκουσα’
3863 2306 3972 2361 ἐπεὶ
4021 2305 4080 2361 δι
4126 2313 4220 2361 καὶ

2611 2397 2697 2450 ἐπὶ
2747 2397 2894 2450 πλέον
2935 2396 3034 2464 ἀεὶ,
3094 2397 3256 2450 πολλὰ
3315 2399 3538 2472 ἠρόμην.
3628 2397 3764 2451 Ἀλλ’
3839 2398 4000 2458 οὕτως
4064 2397 4219 2470 εύχε-

2609 2490 2689 2563 ρες
2736 2496 2807 2559 τῷ
2876 2485 3173 2560 βουλομένῳ
3219 2488 3438 2559 πλανᾷν,
3495 2491 3586 2540 καὶ
3624 2486 3758 2540 οὕτω
3801 2486 3941 2559 λύκῳ
3983 2489 4050 2540 τὰ
4089 2492 4223 2560 πρό-

2611 2575 2745 2630 ϐατα
2804 2577 3188 2649 ἠκολούθησαν,
3267 2581 3331 2638 ὡς
3367 2577 3410 2630 εἰ
3446 2573 3586 2649 μηδὲ
3615 2581 3835 2645 ποιμένα
3891 2574 4028 2630 εἶδόν
4089 2596 4220 2630 ποτε

2609 2664 2749 2740 μηδέ
2785 2671 3024 2740 ποιμένος
3097 2672 3266 2739 φωνὴν
3322 2668 3563 2741 ᾔσθοντο.
3604 2670 3668 2719 Τί
3713 2663 3804 2733 δέ;
3857 2666 3915 2718 οὐ
3954 2669 4086 2738 χθὲς
4122 2671 4218 2720 καὶ

2607 2759 2709 2830 πρὸ
2761 2762 2941 2831 τρίτης
2981 2759 3005 2809 ό
3064 2756 3217 2819 καλὸς
3239 2755 3427 2818 ἐκεῖνος
3479 2759 3703 2828 ποιμήνς
3747 2755 3806 2808 ού
3855 2756 3978 2830 παρ’
4019 2755 4216 2808 ἐκείνου

2609 2851 2702 2905 τὴν
2735 2849 3027 2906 ἐπισκοπὴν
3061 2847 3274 2909 ἀταξίαν
3307 2843 3564 2920 ﬂauam);
3600 2849 3706 2905 Τὴν
3757 2853 3884 2917 γοῦν
3934 2853 4039 2906 τοῖς
4083 2845 4220 2898 πολ-

2608 2935 2714 2998 λοϊς
2772 2935 2865 2988 οῦκ
2910 2934 3074 3008 ἀφανῆ
3137 2931 3254 2987 οὐδ’
3312 2933 3609 3007 ἀνέκφοροψ
3664 2938 3754 2986 καὶ
3809 2934 3851 2986 εἰ
3899 2938 3971 3007 μή
4005 2935 4217 3002 πάντες,

2609 3025 2742 3084 πλὴν
2789 3027 2925 3098 ὅμως
2957 3028 3006 3078 οἱ
3035 3032 3125 3077 τοῦ
3157 3023 3419 3098 βήματος,
3474 3024 3597 3100 παρ’
3648 3023 3843 3076 ἐκείνου
3900 3025 3995 3082 τὴν
4035 3043 4218 3099 χειρο-

2611 3120 2784 3167 τονίαν
2833 3111 3125 3188 δεξάμενον
3159 3121 3304 3168 Δυείν
3354 3118 3526 3166 τοίνυν
3574 3115 3806 3188 θάτερον
3839 3117 3870 3173 ἦ
3905 3112 4000 3165 οὐκ
4065 3109 4218 3172 ἤδει-

2613 3207 2731 3275 σάν,
2790 3209 2879 3257 καὶ
2933 3205 2958 3257 ό
3013 3204 3167 3276 λόγος
3221 3203 3488 3266 ἀπίθανος·
3540 3211 3650 3266 πῶς
3669 3205 3772 3278 γὰρ
3799 3204 3848 3255 οἱ
3897 3204 4222 3267 πεπονθότες

2609 3294 2780 3362 ούτοί;
2813 3298 2843 3354 ἤ
2872 3297 2930 3347 τὸ
2963 3294 3150 3368 ἕτερον·
3211 3299 3301 3347 καὶ
3330 3302 3442 3356 πῶς
3484 3288 3755 3364 ὑπερεῖδον
3794 3295 3852 3344 τὸ
3881 3294 4019 3365 μέγα
4063 3299 4221 3368 χρῆ-

2607 3405 2682 3458 μα
2711 3391 2802 3437 τοῦ
2822 3389 3148 3460 χρίσματος,
3180 3403 3270 3436 και
3298 3382 3684 3457 μετεσχηκέναι
3713 3390 3804 3442 τῆς
3850 3384 4072 3455 χάριτος
4121 3400 4217 3461 πε-

2605 3476 2977 3542 πιστεύκασιν,
3013 3473 3148 3526 οὓτω
3176 3477 3322 3546 παρὰ
3347 3480 3440 3526 τοῦ
3469 3469 3637 3546 μηδὲν
3693 3474 3864 3544 ύγιές;
3918 3476 4103 3525 Καίτοι
4148 3477 4221 3543 γέ

2605 3564 2736 3617 εἰσιν
2789 3566 2976 3617 ὁπόσοι
3027 3569 3118 3617 καὶ
3174 3570 3309 3638 τρεῖς
3350 3571 3450 3616 τῶν
3505 3561 3802 3615 ἐπισκόπων
3841 3560 4209 3637 παρήμειψαν·

2602 3659 2692 3706 καὶ
2717 3657 2954 3729 τέταρτον
2997 3652 3187 3727 όρῶσιν
3225 3651 3346 3726 ἆρτι
3377 3651 3488 3725 ἐμέ·
3519 3649 3620 3722 ἐγὼ
3661 3648 3720 3704 δε
3768 3656 3857 3704 καὶ
3896 3653 3964 3704 τὰ
4014 3650 4212 3708 ἐπιση-

2603 3764 2678 3816 μα
2740 3752 2830 3805 τῆς
2877 3743 3108 3817 μεγάλης
3168 3745 3420 3816 ἱερατείας
3477 3740 3771 3813 κατέλεγον⁸
3825 3743 3997 3794 ὁπόσα
4054 3760 4109 3793 τε
4155 3739 4210 3792 ἓν

2603 3837 2816 3907 ἀμφίοις
2845 3834 3038 3900 ἁπλῶς,
3090 3837 3178 3886 καὶ
3226 3835 3328 3885 ὅσα
3362 3838 3454 3885 τοῦ
3508 3828 3771 3904 βηματος’
3822 3830 3952 3904 ἆπερ
4011 3827 4210 3883 εἰδέναι

2601 3926 2772 3976 πάντα
2837 3925 2993 3993 εἰκός,
3043 3922 3276 3976 κάκεῖθεν
3343 3921 3437 3973 οὐκ
3496 3920 3695 3994 ἀγνοεῖν
3758 3924 3843 3972 τόν
3898 3920 4209 3976 ἐπίσκοπον.

2603 4014 2704 4068 Καὶ
2760 4014 2879 4076 τοὰς
2931 4012 3168 4088 βαθμοὺς
3243 4011 3550 4085 ἁνελεγόμην
3609 4013 3827 4075 ὁπόσοις
3878 4009 4206 4086 προϐάζεται

2600 4106 2624 4156 ὁ
2668 4104 2908 4179 ἱερᾶσθαι
2946 4104 3144 4176 λαχών.
3210 4107 3310 4156 Καὶ
3355 4109 3542 4169 ταῦτα,
3591 4107 3681 4154 καὶ
3734 4104 3925 4153 τούτων
3952 4099 4028 4153 ἔτι
4047 4103 4212 4153 πλείω

2599 4196 2767 4247 ἔπειθέ
2816 4215 2878 4267 με
2944 4198 3015 4267 μὴ
3063 4191 3532 4267 κατηκριϐωμένως
3587 4189 3790 4243 ἀκούειν
3857 4186 3989 4262 μηδ’
4037 4191 4211 4262 ἀσφα-

2598 4283 2717 4346 λῶς·
2764 4283 3036 4358 ἀγροικίαν
3093 4280 3150 4336 δέ
3184 4286 3512 4357 κατηγόρουν
3551 4285 3643 4333 καὶ
3717 4279 4204 4352 κατηλαζονευόμον

2597 4382 2690 4426 τοῦ
2756 4373 3011 4446 λέγοντος’
3069 4377 3189 4448 ὅπερ
3244 4371 3332 4423 οὖν
3373 4377 3512 4443 εἶχεν
3570 4371 3596 4422 ό
3655 4369 3824 4442 λόγος,
3894 4366 4019 4422 οἶδα
4078 4371 4210 4444 πρὸς

2598 4473 2766 4517 ταῦτα
2797 4464 2889 4516 οὐκ
2919 4464 3143 4538 εὐχερῶς
3170 4463 3450 4515 πεπεῖσθαι
3469 4463 3624 4533 ἡμᾶς.

2672 4715 2756 4776 ιη’.
2805 4714 2947 4789 1’Λρα
2993 4715 3167 4766 τοίνυν
3217 4707 3432 4770 δοκοίην
3479 4710 3541 4762 οἷν
3582 4711 3671 4762 τὸν
3714 4707 3867 4780 λογον
3940 4706 4205 4781 ἅκρινείας

2599 4806 2919 4882 ἀποστερῶν,
2981 4813 3075 4867 τῆς
3130 4806 3256 4878 πρὸς
3328 4802 3463 4873 ὑμᾶς
3532 4798 3738 4872 ὁμιλίας
3779 4794 3991 4858 ίνδίκως
4040 4817 4204 4871 μετα-

2597 4899 2906 4962 ποιεῖσθαι;
2977 4899 3163 4948 Καίτοι
3210 4898 3362 4966 νόμος
3411 4889 3518 4962 οὐχ
3571 4889 3706 4942 οὕτω
3772 4889 3883 4950 τοῖς
3934 4888 4205 4959 λέγουσιν,

2597 4987 2917 5060 Ἐϐουλόμην
3015 4984 3074 5037 δι
3132 4983 3256 5058 παρ’
3321 4982 3496 5056 ἐτέρου
3553 4978 3743 5054 μᾶλλον
3801 4981 3935 5052 ἀμᾶς
3986 4982 4016 5038 ἦ
4077 4979 4205 5051 παρ’

2597 5077 2721 5150 ἐμοῦ
2768 5084 3114 5145 κατακοῦσαι,
3171 5079 3261 5126 καὶ
3327 5072 3492 5133 οὕτως
3543 5069 3594 5124 ἕν
3634 5067 3906 5144 ἆρορῥὴτῳ
3963 5068 4206 5121 αῦπάλιν

2597 5167 2966 5221 ἀποτεθεῖσθαι
3045 5167 3131 5217 τόν
3175 5163 3343 5235 λόγον’
3399 5159 3740 5219 στηλιτεῦσαι
3808 5155 3867 5211 δι
3921 5159 4208 5234 γράμμασι

2593 5263 2649 5312 τό
2717 5265 2938 5332 πρᾶγμα
2990 5255 3084 5308 οὐκ
3133 5255 3194 5308 οἶν
3253 5250 3602 5327 θαρῥήσαιμι·
3658 5248 3812 5311 αὐτός
3850 5267 3904 5301 τε
3958 5251 4060 5322 γὰρ
4115 5248 4209 5300 αἰ-

2594 5352 2812 5403 τιᾶσθαι
2869 5342 3156 5421 μεμαθηδα
3231 5339 3498 5414 ούδαμῶςυ
3571 5344 3642 5414 μὴ
3698 5341 3800 5413 γὰρ
3848 5340 3910 5392 ἄν
3967 5341 4210 5414 κρίναιμι

2595 5444 2731 5493 κατὰ
2805 5443 2898 5498 τὴν
2983 5434 3316 5510 εύαγγελικήν
3389 5433 3681 5490 ὑποθήκην
3755 5433 3846 5481 καὶ
3935 5430 3961 5480 ό
4055 5427 4210 5500 λόγος

2594 5535 2847 5608 πτερόεις,
2923 5533 3014 5580 καὶ
3090 5530 3118 5585 ἡ
3204 5525 3518 5597 κατάκρισις
3563 5522 3625 5573 ἄν
3682 5519 4014 5594 πτερύξαιτο.
4069 5522 4208 5581 Τέως

2593 5627 2769 5697 γέγονε
2819 5627 3004 5690 ταῦτα,
3053 5620 3138 5670 καὶ
3179 5618 3382 5677 τούτοις
3439 5613 3574 5684 ἡμᾶς
3617 5612 3647 5669 ἡ
3707 5614 3898 5683 ποίμνη
3951 5609 4205 5685 φιλοφρο.
