4468 6440
317 394 424 462 ωδ

1810 414 2176 479 Αωηουε.

3570 437 3676 495 806

316 523 581 621 νησαμίνη
612 518 949 620 ίδεξιὼσατο.
983 525 1202 592 Ἐεωθεν
1232 532 1372 603 ἡμᾶς
1406 531 1646 587 ἁτεκνοϋν
1668 536 1918 596 ἠπείλησε
1953 543 2000 600 Α
2032 557 2080 598 ω

1908 558 1918 592 ι
1953 543 2000 600 Α
2032 557 2142 598 nos
2185 543 2385 602 liberis
2437 548 2652 607 orbare
2690 552 3036 610 minabatur
3073 554 3308 626 gladius
3343 557 3440 614 ille
3479 575 3672 618 savus

314 609 564 685 μάχαιρα
601 611 630 668 ἠ
677 613 946 684 θηριώδης
966 615 1130 676 ἕκείνη
1162 625 1251 672 καί
1291 617 1542 694 δίστομος
1571 645 1584 663 ο
1618 626 1914 696 ἕφιλονείκει

313 697 417 769 γὰρ
467 699 590 768 ἡμῖν
629 706 746 772 περὶ
798 711 888 764 τῆς
924 714 1021 756 τῶν
1055 707 1278 760 Ἀλανῶν
1316 719 1562 784 πατριᾶς,
1596 721 1686 768 καὶ
1724 715 1778 768 ἐκ
1817 725 1916 769 τῶν

311 790 561 854 ταμιείων
593 787 744 858 φόϐος
781 792 945 853 οὕτως
997 793 1268 848 ἀνίκυπτεν
1307 800 1468 874 ἔτερος
1495 820 1508 832 ⁸
1541 808 1625 855 ναὶ
1650 806 1749 876 γὰρ
1777 807 1802 855 ὁ
1830 811 1915 876 φό-

312 869 403 935 ϐος
441 872 576 944 ἐμοὶ,
611 878 692 928 ὅτι
729 876 869 950 μηδὲ
897 893 1222 944 κατανοῆσαι
1251 869 1399 958 εἶχον
1458 891 1592 951 ὅπως
1633 869 1913 967 rip-«pair

308 980 439 1030 ματι
475 969 793 1037 χρήσωμαι.

385 1048 466 1100 ιϐ’.
519 1056 658 1125 Πρὸς
694 1063 862 1109 ταῦτα
904 1064 957 1110 τί
986 1080 1115 1113 ποτε
1155 1066 1328 1116 οἴεσθέ
1356 1084 1420 1136 με
1449 1069 1629 1120 παθεῖν
1669 1073 1756 1120 τὸν
1795 1067 1910 1123 δει-

306 1134 394 1227 λὸν
452 1141 589 1211 ίερία
641 1149 730 1196 καὶ
779 1148 844 1197 τὰ
898 1155 990 1208 τῆς
1041 1134 1391 1222 ποιμαντικῆς
1457 1153 1676 1227 ripam);
1719 1160 1910 1218 Δανιὴλ

302 1223 490 1288 ἐκεῖνος
581 1239 678 1282 τῶν
769 1235 1130 1312 πρεσϐυτέρων
1223 1248 1410 1316 κριτὴς
1492 1223 1906 1318 προκαθέζεται,

301 1320 396 1366 καὶ
448 1325 550 1368 τῶν
606 1318 938 1394 βιασαμένων
1012 1329 1437 1402 καταψηφίζεται
1470 1355 1481 1366 ·
1547 1340 1636 1387 καὶ
1695 1338 1723 1394 ἡ
1783 1337 1904 1408 βια-

304 1405 496 1458 σθεῖσα
553 1412 648 1466 τήν
705 1405 862 1469 δίκην
923 1412 1202 1488 ἐκπέφευγε
1235 1439 1247 1451 ·
1303 1426 1392 1474 καὶ
1452 1430 1552 1474 ποῦ
1609 1428 1667 1476 τὸ
1709 1405 1908 1498 πνεῦμα

301 1494 543 1590 Δανιὴλ,
613 1503 796 1590 Καίτοι
845 1500 1140 1590 βιαιότερον
1191 1511 1249 1558 τό
1307 1512 1551 1584 ἡμέτερον
1586 1531 1599 1544 ’
1658 1519 1752 1572 τὴν
1803 1494 1904 1590 γὰρ

302 1586 644 1672 σωφροσύνην
692 1589 722 1644 ἡ
780 1589 896 1642 καθ’
939 1593 1079 1663 ἡμᾶς
1127 1598 1371 1650 Σωσάννα
1398 1600 1810 1672 κατεζημίωται,
1850 1586 1906 1656 τό

296 1673 390 1740 μὲν
430 1670 638 1745 ἀγνοίᾳ,
679 1680 737 1727 τὸ
771 1674 822 1729 δ’
862 1678 1054 1754 ἐρημίᾳ
1108 1692 1198 1737 τοῦ
1255 1670 1634 1757 βοηθήσοντος.
1667 1690 1734 1742 Ὢ
1772 1690 1902 1745 δυσ-

294 1765 510 1852 πραγὴς
547 1764 814 1838 ἄνθρωπος
869 1766 990 1838 ἐγὼ,
1040 1777 1260 1825 καὶτοῦ
1317 1776 1480 1847 ζυγοῦ
1532 1777 1716 1852 βαρέος
1754 1781 1907 1842 εὐθὺς

295 1847 648 1941 αίσθόμενοςῖ
695 1852 760 1908 Ἦ
813 1861 885 1926 μή
943 1877 1068 1911 ποτε
1098 1862 1123 1911 ὁ
1161 1865 1251 1933 μεν
1297 1865 1460 1935 ζυγός
1493 1847 1756 1941 χρη-στος,
1814 1877 1904 1923 καὶ

291 1939 352 1987 τὸ
396 1944 606 2028 φορτίον
643 1944 789 1994 ἐστὶν
841 1944 1057 2018 ελαφρόν
1089 1964 1105 1980 ο
1162 1950 1432 2025 τολμηρῶς
1463 1951 1514 2006 δ’
1539 1939 1908 2028 -έπηυχενισά-

289 2044 400 2096 μην
479 2027 655 2096 αὐτὸς,
731 2036 821 2085 καὶ
895 2038 1042 2108 παρὰ
1113 2046 1266 2092 τοῦτο
1342 2049 1432 2102 τῆς
1485 2027 1726 2118 ἓλαφρίας
1787 2045 1911 2100 οὐδε

289 2120 660 2190 πεπείραμαη
698 2118 758 2172 Ὀ
795 2123 895 2197 γὰρ
952 2129 1025 2196 μὴ
1065 2129 1150 2178 τὸν
1207 2135 1432 2204 σταυρὸν
1487 2131 1563 2185 ἐπ’
1595 2138 1734 2206 ὦμον
1774 2135 1909 2209 ἀροί-

288 2221 441 2274 μενος
515 2217 766 2297 πρότερον
841 2217 929 2265 καὶ
1002 2220 1123 2283 περὶ
1199 2222 1288 2276 τὴν
1363 2227 1626 2293 κοσμικὴν
1721 2223 1908 2297 ἀργίαν

288 2298 558 2366 γενόμενος
609 2295 845 2373 ἐντριϐὴς
896 2311 1003 2364 πῶς
1058 2303 1118 2355 ἂν
1164 2311 1255 2360 καὶ
1311 2311 1400 2361 τὸν
1469 2311 1670 2383 αὐχένα
1708 2295 1904 2376 κλίνας,

287 2385 348 2433 τό
402 2392 609 2457 πνεῦμα
661 2391 966 2462 παράθηται
1019 2401 1091 2464 τῷ
1159 2398 1366 2472 Πατρὶς
1415 2398 1523 2452 Emi.
1580 2407 1803 2467 καὶτῆς
1860 2404 1908 2457 ἐν

286 2480 362 2542 τῷ
392 2471 576 2566 ἆγαθξι
631 2475 868 2550 βασίμου
914 2477 1170 2556 ἱδρύσεως
1212 2471 1280 2541 τὸγ
1309 2494 1555 2562 ποτήριον
1582 2497 1908 2566 προτεθεῖται

283 2566 378 2655 καί
417 2566 476 2614 τὸ
513 2561 820 2655 βάπτισμα.
867 2568 937 2622 Ὢ.
966 2567 1317 2646 δυσμήχανος
1367 2561 1561 2653 ἐχθρὸς
1601 2561 1628 2633 ό
1679 2585 1908 2655 ἀρχαῖος

285 2650 550 2723 πολέμιος,
581 2653 636 2716 ὃς
667 2660 754 2708 τὸν
793 2661 884 2730 μεν
937 2655 1144 2714 δίκαιον
1176 2650 1504 2726 ίξαιτεῖταιλ
1536 2669 1594 2722 οὐ
1632 2650 1734 2744 γὰρ
1749 2650 1788 2707 ἶ
1817 2673 1909 2724 αὖ-

283 2742 432 2836 τόᾷεν
470 2745 724 2818 πειράσαι
779 2745 1068 2836 όεὸύνηται
1099 2762 1112 2780 ⁶
1167 2756 1255 2806 τὸν
1307 2753 1360 2807 δ’
1412 2757 1578 2820 ἄλλως
1618 2742 1903 2836 ἀϐέλτερον,

289 2834 380 2883 καὶ
434 2841 709 2888 καταπιεῖν
773 2833 1099 2910 δοκιμάζειι
1162 2843 1221 2898 Εἰ
1283 2841 1341 2899 δὲ
1397 2853 1518 2922 περὶ
1585 2851 1724 2920 ἡμᾶς
1773 2833 1907 2906 οὕτω

275 2924 394 2984 τοὺς
425 2920 803 2999 ἀφελεστίρους
842 2934 932 2980 καὶ
962 2933 1085 2993 τοὺς
1119 2943 1327 3009 μικροῖς
1377 2920 1750 3010 παλαίσμασιν
1783 2941 1892 2995 ίτοι

273 3029 408 3102 μους
446 3022 760 3068 καταπεσεῖν
812 3017 996 3081 ἡλίκος
1051 3019 1113 3072 ἂν
1164 3020 1455 3083 ἆνσκήπτοι
1512 3035 1620 3090 τοῖς
1664 3030 1908 3102 μεγάλοις

273 3097 598 3170 ἀγωνισταῖς
661 3111 752 3160 καὶ
813 3107 974 3170 ὅντως
1036 3108 1456 3190 σταδιοδρόμοις
1519 3125 1614 3170 τοῦ
1664 3097 1907 3194 πνεύμα-

274 3209 356 3250 τος
383 3208 397 3257 ;

345 3297 412 3353 κ’.
453 3303 526 3390 Τό
573 3320 633 3372 γε
685 3307 788 3374 μὴν
826 3302 947 3377 ἐμὸν
982 3307 1054 3369 εἰς
1106 3307 1412 3382 ἀμηχανίαν
1463 3312 1550 3386 ἐμὲ
1606 3321 1881 3390 περιίστη-

275 3405 361 3440 σεν
397 3405 412 3419 '
469 3389 530 3441 οὐ
568 3394 672 3465 γὰρ
723 3390 870 3464 εἶχον
911 3394 1288 3458 ἆποσκοπῆσαι
1325 3405 1456 3475 πρὸς
1512 3405 1647 3456 οὕτω
1672 3389 1887 3480 γενόμε-

272 3480 578 3569 νον-ἕτερον
612 3494 628 3510 ⁸
689 3479 815 3537 οὐδέ
851 3503 933 3548 τις
971 3492 1145 3562 πατὴρ
1397 3489 1523 3546 οὐδέ
1565 3514 1641 3555 τις
1697 3479 1889 3569 μείζων

270 3562 496 3639 ἀδελφὸς
549 3577 622 3640 τῷ
690 3569 828 3643 λόγῳ
890 3578 980 3625 καὶ
1046 3582 1112 3648 τῇ
1190 3583 1347 3652 πείρᾳ
1402 3562 1770 3654 δοκιμασθεὶς,
1833 3589 1896 3637 ἶν’

268 3657 572 3747 ύπόᾷοιντο.
641 3665 740 3712 Καὶ
803 3657 864 3718 ἦν
917 3664 1010 3734 μεν
1076 3668 1136 3717 τὸ
1189 3674 1412 3742 πρᾶγμα
1448 3671 1576 3744 ὑπερ
1623 3678 1716 3732 τὴν
1769 3673 1896 3747 ἐμὴν

268 3746 639 3836 nimium—xui
704 3753 944 3821 μείζονος
1018 3749 1333 3828 δεὸεημίνον
1395 3764 1484 3811 καὶ
1546 3764 1703 3824 ὅντως
1776 3746 1896 3836 ὗμε·

263 3839 444 3908 τέρας,
490 3832 531 3888 ὧ
586 3840 748 3913 πάτερ
804 3845 897 3892 καὶ
943 3838 1181 3916 ἀδελφοὶ,
1239 3854 1336 3907 τῆς
1380 3847 1431 3900 ἕν
1474 3854 1724 3923 πνεύματι
1766 3832 1892 3905 δία-

265 3929 514 3998 κρίσεως.
593 3932 696 3980 Καὶ
769 3930 1010 4001 ἠγνόησα
1083 3930 1201 3986 οὐδ’
1254 3936 1432 4007 αὐτὸς,
1511 3943 1696 4016 καίπερ
1774 3940 1894 3995 οὐδ’

262 4017 421 4106 ῖγδων
499 4018 579 4106 ὡς
643 4016 704 4068 ἂν
780 4017 1047 4094 ἐπιχειροῖ
1119 4043 1222 4076 τινι
1295 4032 1414 4102 περὶ
1484 4032 1676 4082 τούτων
1734 4035 1888 4106 ἔργῳ·

265 4103 498 4177 ἐθέμην
551 4103 611 4159 δέ
673 4106 858 4180 ἀργίαν
906 4113 1042 4163 κατὰ
1111 4118 1326 4185 σκοπὸν,
1382 4119 1474 4180 ἕως
1541 4118 1600 4171 ἂν
1655 4103 1888 4196 ἕξενέέγάη

259 4193 438 4266 ψῆφον
481 4196 593 4267 μετ’
633 4196 1046 4270 ἕπιστημονικῆς
1109 4199 1430 4276 δοκιμασίας
1470 4211 1499 4266 ἡ
1545 4193 1886 4272 κοινωνητικῆ

269 4291 371 4378 τῶν
415 4292 518 4378 τοᾷ
563 4285 720 4378 λόγοῦ
759 4296 1101 4362 προεστώτων
1159 4294 1454 4367 ὁμότονοία.
1488 4298 1622 4352 Ἀλλ’
1665 4304 1694 4359 ἡ
1750 4301 1889 4378 βαρ-

263 4372 460 4448 ϐαρικὴ
505 4377 735 4439 ἐπίθεσις
761 4383 852 4431 καὶ
898 4381 926 4437 ἡ
978 4381 1169 4454 ἄλογος
1219 4383 1336 4457 βία,
1390 4394 1480 4440 καὶ
1520 4393 1576 4441 τὸ
1608 4372 1888 4463 ἀναγκαῖον

260 4469 694 4555 τοῦ-χρήματος,
737 4472 828 4520 καὶ
865 4470 924 4520 τό
955 4468 1040 4542 ἀφ’
1087 4474 1229 4544 ὑμῶν
1284 4472 1556 4549 δυστυχὲς
1612 4476 1891 4555 διάστημα

259 4555 323 4612 ὡς
354 4552 460 4605 ἀπὸ
516 4563 616 4606 τῶν
668 4555 872 4609 κόλπων
909 4567 1001 4611 τοῦ
1035 4560 1295 4636 Ἀϐραὰμ,
1352 4570 1410 4618 τὸ
1464 4577 1558 4630 τῆς
1605 4575 1886 4626 κακώσεως

261 4637 548 4718 δυσχερές.
608 4650 709 4698 Καὶ
781 4649 872 4708 τὰς
948 4649 1141 4717 αἰτίας,
1203 4653 1245 4705 εἰ
1322 4653 1576 4726 βούλεσθε
1650 4659 1876 4734 ἀκούειν,

260 4733 442 4804 ἕχοίμ’
487 4732 547 4784 ἂν
600 4734 786 4806 λέγειν,
838 4737 901 4789 Εἰ
949 4742 1040 4811 μὲν
1080 4742 1293 4817 ἄκυρος,
1331 4751 1512 4817 φησὶν,
1555 4751 1584 4807 ἠ
1620 4732 1890 4822 νομισθεῖέ

263 4839 332 4872 σα
370 4824 709 4897 χειροθεσία,
752 4823 879 4878 ἀλλὰ
932 4831 999 4880 σὺ
1037 4841 1320 4894 κανονικῶς
1348 4841 1636 4911 χειροτόνει
1664 4854 1678 4869 ⁸
1734 4840 1778 4893 εἰ
1825 4838 1888 4907 δὲ

257 4919 532 4975 κατοκνεῖς
604 4917 664 4966 τὸ
739 4917 907 4990 ἔργον,
967 4920 1024 4971 ια
1093 4923 1369 4996 ἱερατεύειν
1452 4931 1574 4990 τοὺς
1649 4931 1889 4985 ὁπωσοῦν

257 4999 555 5064 ἀξιωθῆναι
627 5009 968 5077 νομίσαντας.
1044 5017 1206 5066 Τοῦτο
1271 5017 1361 5085 μὲν
1436 5016 1531 5068 οὐκ
1592 5017 1652 5070 ἂν
1708 5020 1887 5089 αὐτὸς,

260 5093 405 5163 ἔφην,
465 5093 734 5152 ὑποσταίη
796 5100 941 5166 ποτὲ,
1015 5100 1151 5153 οὕτω
1219 5099 1432 5157 διδόναι
1487 5110 1705 5172 τούτους
1753 5113 1886 5186 ἱερᾶ-

265 5184 414 5248 σθαι,
475 5183 503 5234 ὁ
545 5189 641 5274 καὶ
695 5194 768 5258 τῷ
826 5194 1151 5263 γεγενημένῳ
1191 5189 1468 5269 δυσφόρως
1521 5201 1658 5270 ἔχων
1689 5215 1704 5230 ⁸
1762 5183 1886 5274 χει-

260 5281 490 5346 ροτονεῖν
532 5271 593 5326 δε
632 5283 740 5338 πῶς
790 5275 850 5328 ἂν
890 5278 984 5332 οὐκ
1033 5280 1313 5356 ὀκήσαιμι,
1347 5285 1441 5338 οὐκ
1494 5286 1651 5342 ἐκεῖνο
1693 5271 1884 5354 δεδιὼς

261 5367 330 5455 μή
376 5382 509 5455 ποτε
555 5369 646 5418 καὶ
707 5364 1124 5446 ἆναχειροτονεῖν
1183 5370 1438 5450 δόξαιμι;
1497 5380 1618 5455 ὅπερ
1670 5382 1695 5432 ὁ
1755 5384 1889 5454 ἱερὸς

265 5449 638 5526 ἀπεδοκίμασε
672 5460 851 5530 νόμος.
885 5483 913 5509 (ι
933 5458 1076 5514 Ὃσα
1093 5466 1196 5539 γὰρ
1229 5466 1255 5518 ό
1283 5470 1438 5540 νόμος
1468 5449 1625 5542 λέγει,
1653 5479 1760 5532 τοῖς
1786 5449 1886 5525 ἀπὸ

263 5547 419 5618 νόμον
450 5543 617 5599 λαλεΡ
654 5567 683 5598 υ
733 5553 826 5602 καὶ
863 5550 893 5608 ἠ
945 5549 1350 5631 ἆναχειροτονία
1399 5553 1577 5629 δῆθεν,
1613 5560 1657 5614 εἰ
1685 5581 1887 5617 κανονι-

345 5782 368 5817 ⁹
401 5782 550 5839 Luc.
583 5787 728 5857 xxii,
760 5788 848 5844 31.
930 5788 976 5825 ¹⁰
1000 5791 1175 5849 Rom.
1205 5808 1288 5868 ni,
1323 5797 1409 5853 19.

2026 632 2304 706 utrinque
2335 644 2642 694 exacutus.
2684 641 2994 698 Invidebat
3044 644 3206 700 enim
3243 645 3421 702 nobis
3460 649 3674 706 Alano-

2022 734 2157 776 rum
2215 725 2510 794 patriam,
2568 732 2624 783 et
2676 731 2851 800 quasi
2911 731 2986 786 de
3050 735 3464 805 promptuario
3521 736 3673 793 alius

2023 811 2370 878 emergebat
2420 816 2617 873 timor.
2651 818 2860 890 Utique
2886 819 2947 874 in
2976 821 3189 876 timore
3225 823 3532 890 versabar,
3565 826 3670 897 qui

2019 911 2216 969 neque
2239 903 2576 971 excogitare
2605 910 2902 978 poteram,
2934 910 3458 980 quemadmodum
3497 929 3569 970 ea
3607 914 3669 969 in

2019 999 2084 1042 re
2114 1001 2211 1041 me
2241 1001 2529 1056 gererem.

2095 1078 2176 1130 {9.
2228 1078 2316 1132 Ad
2347 1078 2475 1135 hac
2519 1081 2667 1152 quid
2696 1098 2793 1138 me
2822 1084 3176 1142 existimatis
3222 1091 3363 1143 tunc
3414 1105 3667 1160 passum

2019 1159 2218 1233 fuisse,
2279 1166 2556 1225 timidum
2605 1171 2980 1228 sacerdotem
3035 1179 3093 1230 et
3145 1159 3462 1247 pastoralis
3524 1178 3666 1234 artis

2016 1249 2336 1319 ignarum?
2365 1255 2569 1313 Daniel
2589 1258 2684 1314 ille
2709 1261 3013 1318 seniorum
3029 1263 3218 1333 judex
3241 1265 3428 1334 sedet,
3455 1269 3516 1322 et
3544 1269 3665 1322 tur-

2016 1340 2108 1411 pis
2137 1342 2432 1400 violentia
2457 1361 2592 1402 reos
2617 1347 2898 1415 damnat;
2927 1355 2984 1406 et
3013 1351 3112 1407 illa
3137 1353 3259 1408 vim
3289 1369 3474 1425 passa
3488 1354 3664 1411 dam-

2015 1430 2322 1489 nationem
2347 1435 2570 1492 vitavit.
2614 1439 2680 1492 Et
2708 1437 2959 1494 ubinam
2986 1439 3244 1496 Danielis
3275 1443 3518 1512 spiritus
3538 1444 3566 1499 ‘2
3599 1446 3672 1500 Et

2016 1521 2217 1574 tamen
2261 1525 2450 1578 status
2500 1530 2702 1581 noster
2739 1526 3056 1584 violentior
3108 1534 3255 1586 erat.
3296 1531 3526 1586 Etenim
3559 1534 3667 1588 Su-

2016 1623 2211 1666 sanna
2242 1617 2447 1669 nostra
2474 1615 2673 1685 majus
2703 1615 3002 1687 pudicitia
3034 1618 3459 1675 detrimentum
3487 1637 3669 1693 passa

2012 1701 2419 1772 est,adjutoris
2445 1705 2661 1775 partim
2680 1706 3156 1779 inscitia,partim
3177 1709 3450 1779 ejusdem
3473 1711 3668 1784 priva-

2013 1790 2191 1845 tione.
2226 1794 2269 1847 Ο
2294 1792 2497 1848 infelix
2523 1809 2635 1863 ego
2677 1795 2885 1862 homo,
2916 1800 2975 1850 et
3004 1811 3187 1865 grave
3217 1799 3435 1868 jugum
3465 1801 3668 1856 statim

1939 1890 1982 1945 Β
2012 1881 2327 1951 expertus!
2371 1886 2459 1937 An
2511 1883 2709 1954 potius
2761 1885 2978 1955 jugum
3024 1885 3272 1957 quidem
3325 1904 3507 1944 suave
3555 1893 3666 1957 est,

2017 1973 2073 2024 et
2097 1985 2251 2024 onus
2275 1969 2424 2039 leve,
2460 1986 2572 2041 ego
2618 1988 2761 2028 vero
2799 1975 3217 2030 contumacius
3257 1975 3480 2033 collum
3530 1977 3671 2033 sub-

2016 2059 2180 2127 duxi,
2231 2060 2489 2134 ideoque
2536 2077 2648 2118 nec
2692 2063 2990 2120 levitatem
3019 2065 3176 2120 illius
3207 2067 3477 2136 agnovi?
3517 2070 3670 2124 Nam

2016 2150 2120 2220 qui
2152 2165 2388 2206 crucem
2438 2151 2705 2208 humeris
2757 2169 2880 2209 non
2932 2153 3081 2221 tulit,
3133 2158 3190 2210 et
3235 2155 3297 2211 in
3354 2155 3673 2213 mundana

2018 2237 2260 2306 ignavia
2279 2246 2554 2296 versatus
2581 2246 2690 2307 est,
2711 2243 3025 2314 quomodo
3055 2244 3349 2300 cervicem
3371 2244 3672 2302 inclinans

2015 2327 2290 2399 spiritum
2317 2330 2469 2386 Patri
2494 2331 2910 2388 commendet?
2930 2332 3433 2406 Quandoquidem
3459 2338 3516 2390 et
3535 2339 3672 2390 ante

2017 2417 2228 2472 stabile
2269 2418 2331 2473 in
2355 2418 2520 2475 bono
2540 2419 3025 2488 fundamentum,
3054 2421 3208 2478 calix
3236 2423 3592 2494 proponitur
3616 2427 3674 2480 et

2014 2505 2338 2578 baptisma.
2383 2509 2640 2565 Callidus
2677 2511 2886 2579 hostis,
2923 2515 2980 2567 et
3007 2512 3241 2583 priscus
3283 2512 3670 2569 adversarius

2011 2597 2243 2667 justum
2273 2599 2582 2656 hominem
2609 2601 2860 2672 expetit;
2897 2617 3093 2673 neque
3116 2602 3276 2657 enim
3306 2602 3422 2658 illic
3444 2606 3671 2660 tentare

2015 2687 2208 2758 potuit
2231 2689 2284 2752 9;
2318 2692 2379 2744 at
2406 2689 2715 2745 hominem
2742 2705 2847 2761 per
2876 2705 2938 2745 se
2963 2691 3305 2758 vecordem,
3328 2692 3671 2748 vorandum

2017 2776 2196 2832 etiam
2221 2777 2540 2833 existimat.
2576 2778 2748 2843 Quod
2777 2779 2824 2833 si
2846 2778 2994 2835 tales
3021 2779 3307 2835 adversus
3331 2795 3444 2836 nos
3476 2785 3568 2836 est
3593 2785 3674 2837 te-

2017 2867 2257 2922 nuiores
2287 2871 2344 2921 et
2373 2865 2602 2922 levibus
2644 2883 2889 2940 quoque
2915 2869 3345 2924 certaminibus
3388 2885 3672 2926 succum-

2014 2955 2157 3011 bere
2179 2955 2410 3021 solitos,
2438 2961 2701 3028 quantus
2725 2956 2821 3012 ille
2845 2958 3086 3028 ingruet
3115 2959 3354 3028 magnis
3408 2959 3666 3029 athletis,

2015 3050 2073 3102 et
2102 3061 2240 3102 vere
2261 3045 2323 3101 in
2353 3046 2596 3118 spiritus
2629 3046 2824 3103 stadio
2853 3047 3232 3104 currentibus
3251 3049 3279 3104 ‘I

2077 3298 2272 3371 29.Ἀά
2292 3329 2390 3370 me
2414 3315 2581 3387 quod
2607 3315 2833 3382 attinet,
2849 3315 2910 3371 in
2936 3315 3388 3389 perplexitatem
3410 3333 3664 3390 prorsus

2007 3406 2228 3461 incurri
2261 3422 2273 3460 :
2306 3420 2430 3461 non
2457 3406 2616 3459 enim
2644 3405 2723 3461 ad
2755 3405 2940 3460 alium
2970 3406 3250 3478 quemvis
3281 3406 3381 3462 tali
3411 3406 3475 3462 in
3503 3407 3664 3463 facto

2005 3495 2305 3567 respicere
2359 3499 2674 3566 poteram:
2718 3511 2913 3568 neque
2957 3495 3172 3568 aliquis
3209 3500 3382 3568 pater
3435 3496 3664 3566 aderat,

2005 3600 2203 3657 neque
2233 3584 2430 3654 major
2454 3583 2654 3655 frater,
2684 3584 2956 3640 doctrina
2977 3591 3033 3640 et
3061 3586 3427 3657 experientia
3446 3586 3668 3659 proba-

2006 3682 2120 3741 tus,
2150 3675 2256 3746 qui
2302 3673 2618 3729 consilium
2669 3675 3142 3747 suppeditarent.
3177 3677 3433 3747 Eratque
3484 3676 3666 3748 plane

2006 3780 2191 3837 supra
2222 3779 2422 3820 meam
2469 3763 2926 3834 intelligentiam
2974 3765 3308 3836 negotium,
3335 3782 3405 3822 ac
3434 3766 3667 3837 majore

2003 3854 2283 3925 indigens
2331 3869 2593 3927 vereque
2624 3859 2841 3918 vestra,
2876 3871 2911 3911 o
2942 3859 3114 3928 pater
3143 3860 3200 3912 et
3227 3856 3460 3924 fratres,
3491 3855 3666 3928 spiri-

2004 3943 2107 4000 tali
2137 3943 2509 3999 discretione.
2567 3947 2770 4017 Neque
2807 3945 2934 4017 ipse
2959 3945 3253 4017 ignoravi,
3305 3961 3666 4018 quanquam

2001 4032 2166 4088 haud
2201 4049 2492 4090 noveram
2519 4033 2640 4089 fore
2671 4038 2738 4089 ut
2765 4033 3014 4107 aliquocl
3045 4034 3346 4106 ejusmodi
3385 4050 3540 4107 opus
3567 4034 3665 4090 ille

2003 4123 2449 4194 aggrederetur.
2483 4125 2552 4179 Et
2579 4124 2769 4180 otium
2807 4124 3136 4197 interposui
3162 4124 3448 4192 studiose,
3470 4124 3666 4181 donec

2001 4230 2122 4271 non
2173 4216 2298 4271 sine
2339 4216 2634 4287 prudente
2675 4217 3080 4288 experimento
3111 4215 3468 4286 suffragium
3491 4216 3667 4272 ferret

1999 4306 2344 4362 communis
2376 4305 2612 4362 illorum
2639 4306 2742 4379 qui
2760 4306 3079 4377 Evangelio
3101 4311 3373 4378 praesunt
3395 4305 3666 4379 aquabi-

2001 4396 2152 4452 litas.
2190 4396 2303 4452 Sed
2333 4396 2655 4452 barbarica
2687 4396 2967 4465 incursio,
2991 4401 3049 4452 et
3069 4398 3288 4452 insana
3317 4396 3425 4467 vis,
3469 4400 3526 4452 et
3553 4411 3664 4452 ne-

2001 4486 2145 4555 gotii
2191 4485 2548 4551 necessitas,
2576 4490 2632 4541 et
2675 4484 2879 4541 infelix
2930 4502 3069 4541 mea
3121 4502 3156 4542 a
3185 4486 3357 4542 vobis
3388 4486 3665 4542 absentia

1923 4615 1966 4668 D
1997 4579 2290 4648 tanquam
2321 4575 2399 4631 ab
2449 4574 2782 4631 Abrahami
2812 4575 2966 4647 sinu,
2993 4592 3280 4631 arumna
3321 4575 3665 4632 molestiam

2000 4667 2295 4736 gravavit.
2332 4666 2486 4731 Quin
2517 4669 2575 4720 et
2604 4681 2841 4732 causas,
2875 4667 2923 4720 si
2954 4666 3140 4721 avetis
3163 4665 3394 4734 audire,
3422 4665 3661 4721 dicam:

2005 4755 2062 4812 Si
2110 4756 2273 4811 irrita
2297 4759 2404 4823 est,
2433 4755 2693 4822 aiebam,
2729 4755 2830 4810 illa
2876 4771 3013 4827 qua
3049 4755 3308 4811 creditur
3337 4755 3662 4822 ordinatio,

2000 4849 2064 4900 tu
2092 4844 2340 4916 quidem
2372 4843 2660 4901 canonice
2713 4844 2947 4900 ordina.
2986 4845 3086 4900 Sin
3138 4844 3199 4899 id
3230 4859 3407 4915 agere
3437 4844 3662 4915 renuis,

2001 4935 2128 4990 sine
2155 4951 2259 4990 eos
2288 4934 2623 4991 sacerdotio
2664 4934 2836 5005 fungi
2861 4934 2966 5006 qui
2997 4939 3303 5007 utcunque
3330 4951 3393 4991 se
3428 4934 3668 4991 ordina-

2002 5031 2094 5082 tos
2122 5025 2670 5098 existimant.Atqui
2694 5025 2808 5081 hoc
2834 5040 3228 5097 nequaquam
3248 5025 3365 5094 ille,
3399 5023 3662 5092 aiebam,

1999 5115 2144 5170 feret
2208 5131 2504 5188 unquam,
2568 5130 2765 5188 neque
2831 5114 2923 5170 his
2977 5115 3279 5187 permittet
3327 5114 3666 5171 sacerdotio

1998 5204 2187 5274 fungi,
2230 5206 2334 5277 qui
2374 5208 2431 5261 et
2468 5204 2694 5261 factum
2735 5219 2898 5275 agro
2938 5204 3142 5260 animo
3194 5204 3325 5261 fert.
3379 5203 3669 5261 Ordinare

2000 5301 2203 5353 autem
2251 5296 2463 5368 quidni
2502 5300 2836 5367 cunctarer,
2879 5311 3077 5369 neque
3117 5295 3390 5352 timerem
3431 5294 3669 5367 quomi-

1999 5401 2113 5442 nus
2148 5386 2299 5443 forte
2320 5386 2536 5442 iterum
2559 5386 2839 5442 ordinare
2869 5387 3102 5442 viderer
3123 5387 3151 5443 ?
3175 5386 3341 5459 quod
3375 5402 3552 5442 sacra
3571 5384 3669 5441 lex

1999 5480 2196 5533 vetat:
2228 5498 2256 5526 «
2298 5479 2447 5534 Nam
2486 5492 2870 5550 quacunque
2908 5476 3003 5532 lex
3033 5476 3319 5549 loquitur,
3352 5477 3423 5532 iis
3461 5475 3566 5548 qui
3605 5475 3669 5530 in

1996 5567 2127 5638 lege
2162 5571 2301 5625 sunt
2318 5567 2586 5641 loquitur
2611 5569 2682 5624 ιο.
2723 5588 2749 5617 ››
2780 5568 3230 5641 Proptereaque
3268 5567 3480 5626 iterata
3517 5564 3674 5624 ordi~
