4468 6440
805 436 911 489 407

1961 431 2315 490 THEODORI
2351 430 2633 489 ALANIE
2672 432 3003 491 EPISCOPI.

4043 424 4149 491 408

801 556 986 622 natio,
1036 554 1373 612 dummodo
1425 556 1560 628 quis
1597 557 1884 612 canonice
1924 561 2100 612 antea
2136 554 2450 611 ordinatus
2477 556 2523 609 Α
2556 574 2565 605 :

2386 570 2450 609 us
2477 556 2523 609 Α
2556 563 2659 617 κῶς
2693 575 2773 617 τις
2800 566 2997 632 πρῶτον
3046 558 3419 632 ἐχειροθετεῖτο
3446 563 3515 623 ὡς
3543 561 3602 612 τό
3632 560 3725 613 οὐκ
3773 558 3845 631 ἐφ’
3872 560 3998 629 ἡμῖν
4026 573 4039 587 ⁸
4072 562 4150 618 τίς

797 643 993 714 fuerit,
1038 644 1201 716 apud
1229 659 1340 699 nos
1387 659 1509 699 non
1550 646 1913 713 agnoscitur.
1955 644 2093 711 Quis
2118 643 2449 699 ordinatio-

800 746 941 786 nem
973 732 1271 787 existimet
1295 733 1373 787 ab
1395 748 1466 788 eo
1488 733 1753 804 ﬁeri,qui
1783 734 2038 803 gratiam
2069 748 2191 787 non
2221 730 2452 802 accepit

806 835 995 893 quam
1034 821 1301 875 vicissim
1340 822 1762 893 impertiatur?

872 914 963 964 2t.
1006 910 1196 981 Atque
1235 909 1365 964 haec
1404 911 1461 964 in
1504 916 1870 975 transcursu,
1914 915 2087 982 prout
2139 925 2307 965 sacra
2349 908 2451 963 do-

802 998 994 1053 ctrina
1037 998 1231 1053 tradit.
1276 997 1384 1053 Sed
1428 998 1593 1069 quod
1635 998 1956 1054 absurdius
1996 1004 2100 1063 est,
2135 998 2455 1052 videbatur

797 1087 911 1143 illis
972 1087 1115 1141 satis
1172 1087 1233 1141 id
1290 1102 1444 1157 esse,
1488 1087 1932 1159 quantumlibet
1967 1087 2274 1159 quispiam
2313 1086 2454 1142 hinc

802 1176 1125 1231 falleretur.
1152 1178 1278 1230 Non
1309 1176 1423 1231 hoc
1454 1176 1648 1246 igitur,
1686 1176 1790 1231 sed
1829 1177 1972 1247 quia
2000 1177 2062 1231 in
2088 1175 2237 1245 legis
2271 1174 2455 1241 viola-

804 1266 1030 1320 tionem
1072 1264 1406 1320 inciderant
1442 1263 1694 1336 profane
1728 1265 2064 1321 sacerdotio
2087 1265 2406 1333 fungentes
2437 1277 2451 1314 :

802 1360 859 1411 et
872 1369 1015 1411 sane
1033 1353 1494 1408 insusurrabant
1514 1354 1712 1409 surdis
1730 1360 1786 1409 et
1806 1354 2150 1409 carnalibus
2168 1368 2304 1425 quae
2321 1354 2459 1406 sunt

802 1444 1071 1515 spiritus.
1098 1446 1180 1498 Me
1211 1446 1411 1497 tamen
1434 1458 1556 1497 non
1578 1448 1700 1497 tam
1733 1443 1947 1498 insana
1975 1442 2212 1497 illorum
2237 1440 2460 1496 violen-

803 1534 904 1600 tia,
928 1548 1114 1604 quam
1147 1547 1367 1602 urgens
1392 1532 1475 1586 rei
1501 1532 1852 1602 necessitas,
1881 1531 2178 1603 permovit
2206 1548 2218 1584 :
2247 1552 2275 1579 ‹‹
2309 1533 2454 1585 Nam

800 1621 1037 1687 messis,
1079 1620 1272 1692 inquit
1310 1620 1716 1690 Evengelium,
1760 1619 1997 1685 multa;
2055 1619 2317 1691 operarii
2356 1634 2457 1672 au-

799 1716 923 1766 tem
964 1708 1243 1780 pauci“;
1290 1727 1314 1755 ι
1356 1723 1787 1781 quamcunque
1834 1708 2084 1764 demum
2122 1708 2260 1779 quis
2298 1707 2460 1761 dicat

798 1800 959 1855 hanc
981 1801 1325 1865 messem,et
1353 1813 1751 1869 quoscunque
1776 1798 1889 1853 hos
1910 1798 2242 1869 operarios.
2260 1794 2456 1850 Audio

798 1887 961 1943 enim
993 1887 1409 1959 peregrinatos
1436 1886 1618 1941 fuisse
1640 1886 1971 1958 aliquando
1993 1886 2173 1941 etiam
2202 1884 2455 1956 patriar-

801 1977 950 2032 chas
978 1976 1132 2043 illos,
1175 1975 1280 2047 qui
1307 1980 1363 2031 et
1402 1975 1514 2031 srbi
1545 1991 1734 2047 panes
1760 1963 2088 2044 habebant,
2132 1978 2189 2031 et
2222 1974 2457 2046 jumen-

800 2066 875 2121 tis
906 2064 1152 2138 pabula.
1184 2067 1384 2136 Neque
1410 2063 1675 2136 profecto
1696 2080 1807 2120 nos
1836 2064 2041 2134 rejicit,
2059 2063 2295 2135 corpori
2323 2062 2458 2118 licet

799 2159 1093 2227 terraeque
1146 2153 1401 2219 deditos,
1452 2153 1651 2209 bonus
1682 2153 1777 2209 ille
1808 2152 2107 2223 agricola;
2159 2156 2453 2224 pastores,

797 2244 1051 2315 inquam
1080 2247 1136 2298 et
1175 2257 1407 2312 greges,
1429 2246 1486 2297 et
1510 2258 1773 2311 congrue
1812 2242 1978 2298 alteri
2010 2242 2264 2298 alterum
2308 2241 2455 2296 assi-

799 2339 979 2403 gnat;
1021 2332 1142 2402 tali,
1191 2332 1465 2404 inquam,
1508 2332 1717 2400 messi,
1758 2331 1908 2387 tales
1957 2332 2287 2404 operarios.
2331 2334 2454 2401 Ego

792 2423 979 2492 igitur
1007 2422 1089 2477 ita
1120 2425 1509 2492 comparatus
1541 2436 1731 2489 eram,
1773 2425 1839 2476 ut
1873 2421 2021 2476 nihil
2065 2422 2297 2492 absque
2327 2435 2452 2474 ves-

796 2517 887 2567 tro
918 2509 1167 2566 consilio
1204 2526 1403 2565 essem
1425 2514 1687 2565 acturus.

864 2694 956 2747 2'2.
982 2690 1093 2745 Sed
1128 2688 1271 2760 quia
1299 2703 1479 2744 nemo
1501 2688 1611 2743 viae
1643 2689 2033 2743 intermedius
2058 2693 2205 2753 erat,
2234 2692 2289 2742 et
2318 2702 2451 2759 pro-

796 2794 1016 2850 perans
1037 2777 1347 2846 negotium
1380 2776 1676 2845 urgebat;
1710 2792 1851 2832 nam
1885 2776 2157 2832 Ecclesiae
2180 2792 2453 2831 commu-

795 2868 967 2923 nitati
1006 2866 1340 2938 periculum
1369 2865 1783 2938 impendebat,
1816 2867 2045 2921 cunctis
2065 2865 2146 2921 ita
2171 2864 2450 2930 inﬁrmis,

796 2956 1086 3027 nulloque
1112 2956 1187 3009 ad
1220 2954 1589 3010 sacerdotale
1620 2953 1882 3009 ofﬁcium
1924 2954 2142 3009 idoneo
2188 2954 2312 3021 iam
2355 2968 2453 3008 ex-

798 3049 991 3101 stante
1033 3044 1276 3115 (dicam,
1320 3048 1377 3099 et
1416 3059 1523 3099 vos
1562 3043 1711 3098 mihi
1749 3042 2075 3111 indulgete)
2110 3061 2122 3097 :
2160 3057 2282 3097 non
2326 3042 2452 3097 sine

800 3135 1098 3199 examine,
1140 3149 1249 3189 nec
1277 3134 1413 3200 cito,
1439 3133 1541 3187 sed
1577 3137 1777 3187 tamen
1819 3148 2036 3187 manus
2066 3132 2326 3203 denique
2358 3130 2452 3185 his

790 3225 1060 3297 imposui
1091 3240 1103 3277 :
1147 3223 1371 3278 docens
1408 3222 1605 3293 primo
1638 3226 1702 3277 ut
1727 3238 1898 3277 suam
1928 3221 2187 3292 priorem
2218 3224 2450 3275 senten-
2490 3252 2530 3307 ρ

789 3316 936 3371 tiam
994 3313 1377 3377 damnarent,
1430 3315 1487 3366 et
1543 3316 1606 3365 ut
1673 3310 2094 3366 misericordiae
2162 3304 2445 3382 operibus

791 3406 983 3459 Deum
1012 3418 1122 3475 pro
1152 3400 1380 3455 viribus
1418 3399 1765 3471 placarent;
1808 3416 2005 3471 neque
2044 3413 2257 3455 omnes
2294 3397 2449 3454 ordi-

794 3494 951 3563 navi,
988 3492 1093 3548 sed
1119 3507 1382 3564 quorum
1414 3491 1534 3546 vita
1569 3490 1844 3560 dignitati
1882 3506 2003 3546 non
2036 3489 2446 3562 repugnabat;

793 3583 1079 3655 denique,
1111 3581 1277 3653 quod
1318 3580 1503 3651 pluris
1542 3580 1807 3645 interest,
1827 3579 2181 3649 ignorantiae
2211 3578 2451 3633 illorum

792 3672 1136 3743 indulgens,
1205 3668 1505 3742 quidquid
1566 3669 1766 3739 majus
1832 3669 2152 3741 perfectius
2211 3667 2441 3722 deerat.

800 3766 931 3818 Haec
964 3761 1011 3815 si
1049 3760 1200 3815 forte
1228 3758 1395 3815 haud
1421 3758 1601 3827 digne
1633 3762 1768 3814 acta
1792 3762 1950 3825 sunt,
1981 3774 2120 3813 cum
2149 3756 2326 3812 venia
2345 3770 2454 3811 vos

795 3850 1104 3920 corrigite;
1136 3864 1247 3919 ego
1279 3848 1439 3903 enim
1462 3847 1523 3902 in
1555 3864 1810 3903 numero
1836 3851 2171 3903 vestrorum
2196 3845 2456 3917 discipu-

797 3943 999 3997 lorum
1052 3956 1150 3995 me
1208 3955 1341 3994 esse
1400 3938 1704 4009 proﬁteor.
1748 3938 1919 4003 Quod
1961 3938 2009 3992 si
2058 3952 2191 3993 sero
2231 3941 2286 3992 et
2323 3938 2461 4008 post

799 4032 1025 4087 factum
1046 4026 1523 4098 interrogo,quid
1544 4042 1725 4097 agam
1741 4028 1768 4082 ?
1780 4042 1917 4082 cum
1933 4025 2455 4097 etlonginquitate,

801 4128 857 4179 ct
909 4120 1289 4185 necessitate,
1351 4125 1406 4174 et
1464 4118 1523 4173 iu
1582 4119 1677 4174 his
1736 4118 2127 4190 perplexitate
2176 4122 2461 4187 gravatus

801 4211 1059 4268 fuerim?
1086 4212 1329 4264 Constat
1360 4212 1584 4277 autem,
1621 4224 1760 4263 cum
1787 4223 1949 4263 nunc
1974 4208 2355 4276 interrogem,
2386 4220 2461 4260 ne

805 4306 928 4358 tum
976 4300 1225 4373 quidem
1256 4298 1316 4353 id
1346 4297 1716 4353 omissurum
1751 4314 1762 4350 :
1806 4313 2003 4369 neque
2039 4303 2177 4351 ante
2215 4296 2464 4351 interro-

806 4392 1099 4464 gandum,
1160 4389 1390 4461 aliquid
1448 4394 1746 4455 acturum,
1790 4387 1838 4442 si
1895 4392 2050 4443 certe
2108 4386 2460 4456 ambiguum

805 4483 975 4538 foret.
1039 4479 1257 4543 Quidni
1310 4478 1493 4541 enim,
1536 4494 1675 4532 cum
1718 4492 1878 4532 nunc
1918 4480 2055 4549 post
2092 4476 2321 4531 factum
2379 4475 2460 4530 in-

806 4576 1104 4641 terrogem
1126 4570 1153 4623 ἱ)
1188 4571 1393 4625 Utrum
1422 4583 1565 4623 vero
1590 4583 1684 4621 res
1709 4567 1839 4622 haec
1865 4566 2030 4621 haud
2050 4565 2300 4621 omnino
2329 4580 2462 4637 pro-
2495 4611 2538 4665 Β

807 4662 905 4718 cul
937 4675 1124 4732 scopo
1171 4663 1371 4713 vestro
1410 4656 1740 4729 spirituque
1779 4659 1874 4723 sit,
1902 4671 2012 4711 vos
2058 4654 2171 4727 ipsi
2204 4654 2461 4709 statuite.
2497 4654 2532 4723 ’ἶ

803 4757 995 4824 Atque
1020 4751 1148 4806 haec
1170 4749 1251 4803 ita
1281 4751 1479 4802 sunto.

878 4848 966 4899 ‘23.
1011 4843 1153 4907 Quae
1190 4844 1392 4895 autem
1420 4836 1682 4910 populus
1713 4836 1937 4892 Alaniae
1968 4835 2129 4892 mala
2169 4834 2290 4901 alit,
2330 4834 2468 4907 quis

807 4951 919 5006 ego
960 4948 1094 4987 sum
1123 4946 1228 5002 qm
1255 4930 1337 4984 eis
1364 4928 1592 4984 mederi
1638 4932 1881 4983 coactus
1919 4926 2003 4982 fui
2040 4924 2467 4998 praedicatione

808 5025 991 5082 mea?
1026 5026 1171 5079 Nam
1204 5021 1251 5075 si
1278 5020 1558 5075 exhibere
1584 5018 1837 5075 Domino
1875 5016 2169 5090 populum
2212 5015 2466 5071 electum

805 5115 1139 5173 destinatus
1163 5128 1319 5173 sum,
1353 5126 1459 5166 cur
1480 5125 1591 5181 ego
1615 5108 1689 5163 de
1716 5108 1903 5180 spinis
1924 5107 2072 5163 ﬁcus
2095 5105 2329 5177 colligo,
2363 5109 2468 5162 aut

804 5214 879 5263 de
919 5204 1073 5261 rubo
1102 5218 1308 5265 uvam,
1346 5205 1409 5256 ut
1438 5200 1516 5255 ait
1555 5199 1913 5270 Scriptura"
1938 5198 1965 5253 ?
2002 5198 2171 5252 Nunc
2200 5195 2465 5266 intelligo

803 5295 1217 5365 evangelicam
1249 5290 1634 5365 parabolam,
1689 5287 1940 5361 quando
1979 5303 2183 5343 semen
2216 5286 2465 5360 quidem

800 5388 1030 5443 bonum
1056 5388 1160 5453 est,
1198 5382 1304 5438 sed
1336 5386 1539 5437 tamen
1562 5378 1727 5436 haud
1755 5394 1909 5451 pura
1935 5377 2297 5433 zizaniorum
2322 5376 2463 5432 inde

801 5480 969 5551 spica
1008 5473 1319 5541 consurgit
1347 5492 1358 5527 :
1391 5477 1606 5543 praeter
1645 5485 1834 5541 quam
1866 5468 2033 5541 quod
2067 5467 2184 5523 illic
2215 5467 2462 5540 quidem

798 5574 938 5644 post
966 5580 1172 5623 semen
1212 5563 1529 5620 intervenit
1549 5559 1810 5635 ignavia,
1844 5558 2019 5616 nobis
2058 5561 2259 5615 autem
2288 5559 2463 5632 pejus

884 5808 919 5841 ι’
955 5802 1153 5864 Matth.
1193 5819 1267 5870 ix,
1302 5806 1387 5858 37.
1473 5802 1515 5837 ιε
1546 5801 1784 5869 LUC.\'1,
1816 5800 1905 5857 4i.

2562 647 2663 718 γὰρ
2694 651 3021 720 χειροτονίαν
3044 647 3315 719 λογίσαιτο
3343 652 3489 725 παρὰ
3512 656 3603 702 τοῦ
3628 654 3699 722 μὴ
3726 646 3969 708 λαϐόντος
3993 647 4154 721 χάριν

2559 738 2623 794 ὡς
2653 739 2742 786 καὶ
2781 731 2991 787 διδόναι
3016 752 3029 802 ;

2632 914 2736 966 zu’.
2801 919 2898 966 Καὶ
2955 922 3119 965 ταῦτα
3156 911 3571 989 παροδευτικῶς,
3625 916 3690 975 ὡς
3750 916 3775 966 6
3830 912 3978 986 λόγος
4031 908 4157 969 ἐδή-

2561 1001 2696 1053 λωσε
2730 1023 2741 1035 ο
2790 1006 2847 1053 τό
2881 1000 2930 1054 δ’
2974 1002 3311 1077 ἀτοπώτερον,
3354 1006 3421 1066 ὡς
3473 1001 3646 1066 ἔδοξεν
3696 1002 3756 1054 ἆν
3814 1006 4016 1063 τούτοις
4050 1002 4161 1052 ἱκα-

2562 1098 2659 1152 νῶς
2704 1093 2864 1161 ἔχειν,
2924 1090 3018 1141 κᾶν
3058 1093 3205 1153 ὅστις
3258 1091 3448 1153 αύτούς
3504 1096 3596 1143 καὶ
3652 1092 3786 1151 ὅπως
3824 1089 4040 1161 ἀπατῴη
4101 1090 4159 1139 τὸ

2566 1177 2667 1230 ἀπὸ
2714 1175 2890 1231 τοῦδε.
2950 1178 3025 1231 Ού
3064 1186 3219 1231 τοῦτο
3265 1185 3456 1247 τοίνυν,
3490 1178 3597 1231 ἀλλ’
3623 1181 3704 1231 ὅτι
3742 1198 3836 1254 περ
3893 1178 3959 1239 εἰς
3996 1195 4162 1251 παρα-

3921 1266 4046 1336 ἑπεψ
4056 1267 4166 1318 ιθύ-

2566 1357 2711 1428 ριξον
2763 1353 2822 1409 δὲ
2878 1358 2981 1429 ἄρα
3027 1376 3169 1430 παρα
3230 1365 3422 1429 κωφοῖς
3477 1362 3566 1409 καὶ
3616 1365 3720 1417 τοῖς
3770 1363 4040 1432 σαρκικοῖς
4100 1357 4167 1407 τὰ

2566 1452 2657 1496 τοῦ
2712 1448 3030 1516 Πνεύμιιτος.
3064 1447 3183 1518 Ἐμὲ
3224 1442 3283 1498 δε
3320 1446 3377 1497 ού
3430 1452 3681 1497 τοσοῦτον
3728 1446 3758 1502 ἡ
3802 1444 3987 1515 ἄλογός
4041 1441 4167 1494 ἐκείο

2566 1553 2662 1583 νων
2727 1535 2894 1585 ἔπειθε
2962 1532 3075 1606 βία,
3134 1536 3199 1594 ὡς
3262 1536 3320 1586 τὸ
3384 1540 3687 1605 κατεπεῖγον
3753 1537 3842 1585 καὶ
3887 1531 4167 1603 ἀναγκαῖον

2564 1272 2746 1339 υομίαν
2794 1267 3115 1320 κατώλισθον
3167 1271 3224 1321 τὸ
3264 1267 3473 1342 ἀνιερῶς
3527 1270 3819 1342 ἱερατεύσαι
3852 1283 3863 1295 ·

2566 1629 2655 1673 τοῦ
2693 1624 3004 1694 πράγματος
3032 1639 3043 1651 ⁸
3085 1644 3106 1671 ε
3136 1621 3195 1673 Ὀ
3233 1624 3332 1696 γάρ
3386 1625 3654 1697 θερισμός,
3689 1641 3718 1671 ››
3751 1626 3901 1693 φησὶ,
3930 1643 3956 1669 a
3986 1618 4166 1683 πολύς,

2568 1712 2617 1761 οὶ
2657 1706 2717 1762 δέ
2769 1708 2985 1785 ἐργάται
3032 1710 3244 1781 ὀλίγον
3307 1712 3350 1746 ¹¹
3421 1734 3442 1759 ι
3503 1712 3678 1763 ὁποῖον
3735 1712 3797 1762 (ἰν
3854 1729 3934 1772 τις
3989 1716 4170 1761 τοῦτον

2568 1801 2814 1873 θερισμόν
2889 1803 3023 1852 εἴποι
3053 1844 3068 1869 ,
3148 1805 3237 1852 καὶ
3310 1801 3521 1861 ὁποίους
3596 1802 3813 1861 τούτους
3887 1797 4103 1872 ἰργάτας
4148 1812 4162 1825 ·

2569 1886 2741 1939 ἀκούω
2795 1890 2895 1960 γάρ
2953 1886 3364 1959 ἐπιξενουμένους
3400 1892 3490 1940 καὶ
3554 1889 3892 1962 πατριάρχας
3946 1884 4171 1946 ἐκείνους

2564 1979 2708 2043 ποτε,
2739 1982 2830 2029 καὶ
2860 1977 3059 2038 ἑαυτοῖς
3090 1980 3308 2049 ἔχοντας
3337 1978 3535 2051 ἄρτους
3570 1982 3661 2029 καὶ
3711 1983 3823 2038 τοῖς
3852 1979 3985 2037 ὄνοις
4035 1994 4172 2050 χορ-

2564 2068 2813 2138 τάσματα
2845 2084 2859 2098 ·
2903 2063 3028 2120 ούδὶ
3076 2069 3178 2141 γὰρ
3239 2065 3363 2121 ούδε
3415 2071 3533 2128 τοὺς
3589 2070 4054 2140 σωματικωτέρους
4081 2069 4173 2117 καὶ

2564 2160 2875 2229 προσγείους
2913 2157 3050 2228 ἡμᾶς
3080 2158 3105 2207 ό
3134 2156 3290 2218 καλός
3348 2154 3711 2229 ἀποπέμπεται
3766 2159 3991 2229 γεωργός
4013 2175 4026 2188 ·
4057 2172 4173 2206 ποι-

2563 2249 2719 2316 μένας
2760 2246 2869 2317 οἷμα
2892 2250 2983 2297 καὶ
3007 2250 3245 2313 ποίμνια,
3278 2250 3366 2298 καὶ
3396 2244 3659 2317 ἀναλόγως
3698 2244 3924 2318 ἑκατέρῳ
3953 2246 4175 2317 προσνέ-

2563 2352 2676 2405 μειν
2720 2332 2976 2408 ἑκάτερον,
3026 2342 3099 2405 τῷ
3156 2331 3346 2405 τοιῷδε
3403 2336 3559 2408 θέρει,
3611 2338 3766 2406 φημὶ,
3800 2328 4048 2385 τοιούσδε
4085 2335 4176 2382 καὶ

2561 2427 2685 2485 τοὺς
2719 2421 2960 2498 ἐργάτας.
2998 2430 3346 2497 Παρασκευῆς
3381 2425 3471 2496 μὲν
3524 2418 3612 2475 οὖν
3644 2422 3798 2484 αὐτὸς
3828 2423 3993 2482 οὕτως
4022 2417 4168 2492 εἶχον

2562 2517 2651 2564 καὶ
2692 2518 2923 2585 γνώμης,
2984 2516 3053 2574 ὡς
3112 2510 3279 2586 μηδὲν
3336 2514 3455 2565 ἄνευ
3506 2520 3598 2573 τῆς
3636 2513 3779 2584 ὑμῶν
3830 2510 4177 2586 ἐργασόμενος

2562 2604 2662 2654 ὑπο
2672 2604 2846 2662 θήκης.

2633 2690 2738 2763 κβ’.
2776 2693 2917 2745 Ἐπεὶ
2974 2688 3034 2744 δὲ
3091 2700 3263 2766 παρῆν
3313 2699 3408 2753 τῆς
3440 2687 3570 2743 ὀδοῦ
3596 2695 3818 2763 μεσίτης
3848 2686 4043 2758 οὐδεὶς,
4082 2692 4177 2739 καὶ

2559 2785 2701 2851 ταχύ
2768 2784 2824 2832 τὸ
2892 2787 3113 2854 πρᾶγμα
3188 2785 3469 2853 κατήπειγε
3504 2797 3516 2810 ’
3587 2789 3658 2851 τῷ
3715 2782 3816 2854 γὰρ
3873 2786 4029 2848 κοινῷ
4077 2786 4177 2839 τῆς

2563 2870 2875 2932 Ἐκκλησίας
2913 2866 3151 2930 κίνδυνος
3206 2875 3531 2942 περιίστατο,
3580 2872 3785 2922 πάντων
3843 2869 3978 2921 οὕτω
4015 2866 4174 2919 λελω-

2562 2958 2812 3031 ϐημένων,
2877 2963 2967 3010 καὶ
3032 2954 3258 3031 μηδενός
3317 2958 3473 3011 ἄλλου
3550 2955 3853 3016 ἐπιτηδείου
3932 2957 4176 3030 ἱεριῖισθαι

2558 3052 2953 3123 παρευρημένου
3003 3049 3134 3117 (πῶς
3208 3046 3269 3099 ἃν
3336 3051 3482 3117 εἴπω,
3536 3053 3626 3100 καὶ
3696 3049 3964 3119 σύγγνωτέ
4036 3045 4173 3117 μοι).

2559 3137 2653 3189 οὐκ
2714 3135 3082 3197 ἀϐασανίστως
3121 3139 3210 3209 μὲν
3252 3133 3375 3189 ούδε
3426 3140 3653 3209 ταχέως,
3692 3135 3826 3194 πλὴν
3876 3136 4009 3207 ὅμως
4054 3140 4177 3205 χεῖ-

2560 3247 2658 3303 ρας
2717 3224 3013 3278 ἐπιτέθεικα
3078 3228 3328 3286 τούτοις³
3402 3226 3599 3278 ἑαυτῶν
3666 3232 3760 3287 τῆς
3824 3229 4033 3297 γνώμης
4087 3241 4180 3273 κα-

2557 3324 2813 3388 ταγνῶναι
2862 3311 3092 3377 διδάξας
3156 3319 3428 3388 πρότερον,
3490 3320 3581 3367 καὶ
3642 3322 3715 3384 τῷ
3769 3317 3896 3387 πρὸς
3946 3309 4171 3384 δύναμιν

2558 3396 2677 3477 ίλέῳ
2734 3408 2862 3458 Θεὸν
2934 3403 3252 3457 ἱλεώσασθαι
3280 3420 3293 3434 ⁸
3350 3408 3441 3456 καὶ
3499 3404 3558 3457 ού
3625 3409 3809 3474 πᾶσιν,
3870 3401 3976 3454 ἀλλ’
4027 3401 4101 3460 οἷς
4153 3400 4180 3451 6

3968 3495 4058 3543 καὶ
4114 3496 4178 3561 τῇ

2564 3584 2751 3657 ἀγνοίᾳ
2810 3587 3066 3657 συγγνούς
3123 3587 3181 3637 τό
3238 3588 3416 3657 μεῖζον
3484 3589 3575 3637 καὶ
3626 3583 3947 3657 τελεώτερον.
4006 3587 4188 3634 Ταῦτα

2564 3494 2683 3569 βίος
2757 3494 2815 3547 ού
2890 3497 3025 3547 πάνυ
3099 3492 3410 3547 ἀντιϐαίνων
3459 3502 3532 3565 τῷ
3594 3492 3854 3565 ἀξιώματι
3887 3513 3899 3525 ·

2565 3675 2610 3728 εἰ
2664 3678 2755 3747 μὲν
2807 3674 2902 3726 οὐκ
2961 3672 3117 3736 ἀξίως
3184 3676 3480 3747 εἴργασται,
3537 3676 3670 3745 μετά
3721 3680 3813 3725 τοῦ
3882 3678 4187 3742 συγγνῶναι

2566 3768 2656 3817 καὶ
2715 3760 3086 3837 διορθώσασθε
3116 3776 3131 3793 ⁸
3185 3762 3284 3835 ἐγὼ
3330 3765 3433 3836 γὰρ
3473 3771 3574 3815 τῶν
3629 3763 4054 3835 μαθητευομένων
4114 3757 4183 3812 εἶ-

2567 3875 2653 3907 ναι
2706 3852 3130 3925 καθωμολόγησα
3161 3869 3173 3883 '
3206 3852 3249 3904 εἰ
3291 3848 3352 3905 δε
3380 3853 3708 3925 πυνθάνομαι
3754 3850 4054 3924 ὀψιαίτερος
4090 3852 4184 3901 καὶ

2570 3950 2663 3995 τοῦ
2709 3945 2865 4017 ἔργον
2906 3938 3161 4017 δεύτερος,
3196 3945 3249 3993 τί
3284 3940 3397 3994 ποτ’
3425 3939 3486 3993 ἂν
3538 3941 3728 4007 πάθω;
3769 3958 3856 3992 και
3893 3944 4183 4013 μακρισμῷ

2572 4036 2662 4084 καὶ
2702 4029 2924 4103 ἀνάγκη,
2958 4035 3047 4083 καὶ
3076 4039 3139 4103 τῇ
3170 4033 3250 4083 ἐπὶ
3277 4032 3483 4092 τούτοις
3504 4028 3783 4103 ἀμηχανίᾳ
3808 4026 4181 4103 βεϐαρημένος.

2576 4120 2735 4179 Δῆλον
2768 4116 2827 4172 δὲ
2854 4119 2926 4180 οἶς
2970 4122 3091 4193 ἄρτι
3120 4121 3467 4193 πυνθάνομαι,
3522 4121 3587 4180 ὡς
3628 4114 3756 4171 ούδέ
3783 4118 3888 4170 τότ’
3920 4116 3981 4169 ἆν
4018 4121 4188 4168 κατὼ-

2575 4230 2748 4275 κνουν,
2800 4205 2917 4261 οὐδ’
2939 4208 2998 4261 ἆν
3029 4206 3153 4262 οὐδὲ
3181 4213 3283 4282 πρὸ
3312 4216 3406 4261 τοῦ
3432 4209 3693 4262 πυθέσθαι
3730 4212 3975 4282 ἐνήργουν
4005 4202 4182 4271 οὐδὲν,

2578 4300 2621 4353 εἰ
2648 4299 2740 4352 οὐκ
2781 4296 3059 4371 ἀμηχανον
3092 4295 3153 4357 ἧν
3176 4313 3191 4328 ⁸
3225 4307 3337 4361 πῶς
3366 4301 3468 4372 γὰρ
3498 4300 3524 4350 ό
3553 4302 3644 4350 καὶ
3673 4298 3804 4371 μετὰ
3837 4304 3987 4350 τοῦτο
4022 4296 4186 4348 πυθό-

2576 4409 2763 4463 μενος;
2818 4390 2880 4442 Εἰ
2924 4386 2974 4441 δ’
3007 4390 3065 4441 οὐ
3119 4390 3288 4447 πάντη
3322 4387 3499 4463 πόῤῥω
3558 4394 3651 4440 τοῦ
3682 4387 3928 4459 ὑμετέρου
3985 4391 4189 4437 σκοποῦ

2576 4484 2664 4531 καὶ
2696 4486 2784 4532 τοῦ
2827 4481 3134 4551 πνεύματος,
3184 4482 3272 4530 καὶ
3326 4478 3463 4530 οὕτω
3518 4475 3650 4535 πλὴν
3706 4476 3852 4548 ὑμεῖς
3889 4479 4184 4549 κυρώσατε.

2576 4566 2714 4627 Εἶεν.

2648 4838 2747 4911 κγ“.
2794 4839 2856 4892 *Α
2910 4835 2969 4891 δὲ
3026 4840 3083 4890 τό
3139 4838 3309 4889 κοινὸν
3374 4844 3466 4896 τῆς
3523 4833 3759 4895 Ἀλανίας
3807 4837 3977 4905 τρέφει
4024 4832 4183 4897 κακὰ,

2576 4934 2656 4990 τίς
2729 4932 2955 5001 γένωμαι
3029 4934 3199 4979 ταῦτα
3275 4926 3569 4999 θεραπεύειν
3644 4924 4033 4995 ἠναγκασμένος
4114 4927 4189 4990 τῷ

2578 5017 2984 5090 ἐπαγγελματις
3043 5016 3103 5070 Εἰ
3156 5018 3258 5091 γὰρ
3316 5015 3655 5091 παριστάνειν
3710 5021 3783 5083 τῲ
3835 5015 4008 5083 Κυρίῳ
4062 5008 4187 5062 λαόν

2574 5112 2874 5181 περιούσιον
2940 5110 3216 5179 τέταγμαι,
3282 5113 3391 5168 πῶς
3456 5103 3517 5155 ἆν
3594 5102 3647 5166 ἐξ
3711 5100 3946 5154 ἀκανθῶν
4011 5108 4189 5173 τρυγῶ

2577 5199 2736 5261 αὐτὸς
2768 5205 2906 5251 σῦκα
2940 5214 2952 5263 ;
2987 5198 3016 5257 ἦ
3068 5194 3123 5249 ἐκ
3182 5194 3350 5269 βάτου
3411 5193 3697 5267 σταφυλήν,
3731 5195 3799 5255 ὡς
3846 5192 3872 5244 ό
3922 5188 4071 5261 λόγος
4094 5190 4140 5225 ¹²
4172 5205 4186 5255 ;

2577 5284 2732 5340 Εἶδον
2808 5286 2906 5359 ἐγὼ
2985 5289 3078 5344 τὴν
3152 5282 3493 5356 εύαγγελικήν
3570 5282 3792 5334 ἐνταῦθα
3862 5277 4191 5354 παραϐολὴν,

2574 5382 2773 5436 πηνίκα
2812 5378 2837 5429 ό
2870 5379 2961 5449 μὶν
2990 5380 3185 5447 σπόρος
3233 5365 3444 5446 ἀγαθὸς,
3492 5370 3751 5425 ἀνατέλλει
3794 5367 3853 5423 δε
3909 5368 3968 5421 ού
4017 5368 4190 5420 καθα-

2572 5473 2663 5542 ρὸς
2726 5468 2975 5529 ζιζανίων
3042 5468 3335 5538 ἀσταχυς·
3395 5462 3523 5522 πλὴν
3582 5463 3702 5515 ὅσον
3760 5458 3864 5513 ἐκεῖ
3908 5461 3999 5532 μὲν
4057 5460 4193 5530 μετά

2574 5563 2663 5612 τόν
2696 5564 2891 5635 σπόρον
2927 5559 2956 5616 ἡ
2987 5558 3226 5632 ῥᾳθυμία
3248 5576 3260 5589 ·
3304 5552 3352 5607 ἐν
3381 5554 3507 5627 ἡμῖν
3552 5549 3612 5607 δὲ
3641 5555 3699 5605 τὸ
3750 5558 3931 5624 χεῖρον
3976 5550 4058 5602 ὃτι
4095 5551 4189 5601 καὶ
