4468 6440
331 361 443 418 409

1825 372 2184 435 ANALICUS

3590 398 3697 455 410

342 483 392 536 ἓν
443 485 727 555 αῦτῷ.Καὶ
772 485 952 539 λοιπὸν
992 491 1051 540 τὸ
1100 497 1196 550 τῆς
1234 488 1403 564 ἐτέρας
1442 490 1716 562 συμϐαίνει
1756 514 1930 571 παρα·
1964 504 2009 555 Α
2045 515 2106 556 ac

1928 529 1930 537 ι
1964 504 2009 555 Α
2045 501 2277 571 accidit,
2324 505 2489 575 quod
2525 506 2585 561 in
2628 507 2761 579 ipsa
2791 510 3186 568 seminatione
3228 514 3436 571 vitium
3483 517 3692 587 gliscit-

342 571 516 635 ϐολῆς·
570 578 705 626 κατὰ
756 577 860 647 γὰρ
920 585 1019 628 τῶν
1079 575 1311 629 ἀκανθῶν
1359 579 1385 630 ό
1432 585 1620 653 σπόρος
1664 587 1937 653 γεγένηται

336 666 429 713 καὶ
461 663 617 715 αὗται
646 667 737 735 μὶν
785 663 1069 737 ἀρχαιόθεν
1108 666 1427 740 ίῤῥίξωνταυ
1470 670 1496 719 ό
1541 666 1600 722 δε
1644 670 1795 742 λόγος
1842 683 1938 735 τῆς

341 756 572 813 πίστεως
602 755 717 805 ἔστι
744 758 835 825 μεν
884 754 944 806 οὗ
972 761 1061 807 καὶ
1112 757 1281 814 πάντη
1336 762 1741 829 συμπίπνικται*
1792 762 1931 814 ἄνια-

338 848 447 911 χοῦ
506 838 565 893 δὲ
620 846 709 893 καὶ
761 846 855 894 σύν
928 840 1039 903 ταῖς
1068 846 1320 907 άκανθαις
1364 847 1740 901 ύπανακύπτει·
1792 853 1937 923 τάχα

336 948 397 998 γε
462 934 550 982 καὶ
617 932 718 983 ὑπὸ
785 939 879 993 τῆς
943 932 1087 994 ἕξεως
1149 930 1457 995 ἀκανθώδης
1520 941 1793 1008 γεγένηται
1848 944 1937 992 καὶ

340 1017 510 1078 αὐτὸς·
560 1021 627 1080 ώς
686 1018 747 1076 ἦν
802 1019 1025 1091 οἱμεινον,
1079 1021 1122 1073 εἰ
1168 1026 1310 1094 παρὰ
1363 1031 1454 1074 τοῦ
1486 1028 1651 1099 πυρός
1706 1025 1937 1089 ὶλθόντος

339 1102 518 1175 βαλεῖν
563 1105 646 1159 ἐπὶ
703 1114 802 1177 γῆς
845 1105 1178 1179 ἀναφθέντης,
1228 1110 1379 1173 εύθύς
1423 1114 1517 1173 τὰς
1560 1112 1786 1176 ἀκάνθας
1816 1120 1936 1176 τέως

337 1193 787 1268 ἀπετεγρώσαμεν·
866 1195 910 1247 εἰ
968 1201 1113 1271 παρὰ
1184 1206 1277 1250 τοῦ
1352 1220 1625 1274 μάχαιραν
1705 1201 1935 1268 ἐλθόντος

337 1281 517 1354 βαλεῖν
564 1282 927 1357 προθελύμνως
980 1293 1148 1337 ταῦτα
1202 1285 1493 1360 ἐτέμνομεν.
1565 1296 1663 1343 Καὶ
1730 1295 1937 1367 καθαρά

336 1374 486 1443 μενῆ
541 1380 634 1442 γῆ,
680 1374 907 1444 καθαρόν
951 1369 1011 1425 δε
1072 1378 1130 1425 τό
1180 1379 1408 1449 σπέρμα,
1469 1383 1559 1431 xui
1618 1384 1666 1431 oi
1722 1381 1936 1451 φύλακες

336 1465 612 1534 γρηγοροι,
667 1465 757 1512 καὶ
818 1469 1060 1535 Χρυσουν
1115 1466 1174 1514 τό
1234 1462 1400 1537 θὶρος,
1455 1472 1544 1517 xui
1606 1468 1632 1518 6
1691 1469 1936 1544 θεριστὴς

336 1550 729 1621 εύθηνούμιπνος⁹
784 1552 851 1611 ὡς
904 1558 992 1601 νῦν
1048 1570 1106 1621 γε
1159 1552 1264 1623 οὑχ
1326 1555 1402 1605 ὅτι
1462 1554 1816 1610 ἑκαστοτιύιεν
1876 1560 1936 1611 ἀν

334 1638 662 1709 αἰτησαίμην
690 1645 750 1709 τῇ
812 1636 1037 1710 ἐνεργείᾳ
1084 1647 1180 1700 τῆς
1230 1642 1418 1712 άρετῆς
1468 1647 1633 1718 μέχρι
1682 1655 1775 1698 τοῦ
1804 1667 1934 1700 παν-

330 1728 420 1786 τός
516 1725 917 1778 ἐπεκτείνεσθαι·
1006 1722 1123 1778 οὐδ’
1210 1728 1275 1789 εἰς
1351 1729 1677 1791 ἐξηκοντάδα
1740 1742 1936 1808 προκόο

2047 592 2191 644 'l‘um
2224 596 2280 645 et
2309 592 2553 665 reliquae
2604 602 2944 665 congruunt
2996 601 3301 670 parabolae
3348 610 3587 675 partes:
3634 608 3694 664 in

2048 678 2235 747 spinis
2258 679 2323 734 ﬁt
2344 682 2663 739 seminatio
2682 700 2817 756 quae
2837 687 3083 757 quidem
3107 688 3247 744 olim
3275 692 3487 748 evulsae
3520 700 3694 760 sunt;

2048 771 2109 821 at
2137 766 2275 822 ﬁdei
2307 770 2559 827 verbum
2593 772 2811 829 alicubi
2852 791 3100 847 prorsus
3127 778 3493 838 suffocatur:
3524 784 3695 840 inter-

2048 854 2194 910 dum
2225 858 2406 913 etiam
2468 876 2606 915 cum
2639 862 2783 933 ipsis
2841 864 3034 934 spinis
3064 868 3358 923 nascitur:
3394 871 3534 927 item
3572 872 3695 927 for-

2049 948 2203 1000 tasse
2237 946 2551 1005 affectione
2603 951 2873 1022 quadam
2918 954 2983 1009 ﬁt
3018 960 3075 1010 et
3107 956 3310 1027 ipsum
3340 959 3684 1032 spinosum.

2047 1033 2251 1089 Melius
2281 1041 2440 1091 certo
2470 1036 2639 1105 foret,
2688 1039 2739 1095 si
2770 1040 2849 1096 ab
2884 1057 2956 1097 eo
3003 1043 3108 1114 qui
3144 1044 3345 1113 ignem
3380 1049 3543 1105 venit
3566 1050 3697 1105 mit-

2046 1124 2165 1177 tere
2196 1122 2256 1178 in
2280 1128 2494 1179 terram
2523 1126 2909 1196 inflammati,
2933 1132 3134 1188 statim
3153 1135 3361 1205 spinas
3383 1136 3696 1193 combure-

2044 1226 2287 1267 remus:
2345 1214 2394 1268 si
2440 1230 2553 1286 ope
2603 1217 2753 1287 ejus,
2805 1219 2908 1290 qui
2959 1220 3230 1289 gladium
3264 1225 3485 1296 pariter
3534 1228 3698 1283 venit

2046 1300 2273 1355 mittere
2305 1302 2363 1356 in
2400 1308 2638 1373 terram,
2679 1307 2945 1363 funditus
2992 1309 3120 1365 haec
3164 1314 3598 1371 excideremus.
3632 1319 3699 1372 Et

2044 1386 2289 1457 quidem
2324 1406 2474 1461 pura
2502 1397 2675 1460 terra,
2714 1411 2932 1466 purum
2966 1413 3191 1467 semen,
3228 1403 3507 1458 custodes
3542 1404 3692 1473 vigi-

2044 1475 2150 1547 les,
2200 1493 2382 1534 aurea
2434 1482 2649 1537 messis
2684 1499 2931 1556 messor,
2988 1487 3295 1547 robustus.
3367 1493 3433 1547 Ut
3489 1496 3694 1548 tamen

2045 1580 2207 1620 nunc
2232 1583 2324 1621 res
2349 1584 2411 1623 se
2434 1568 2677 1638 habent,
2700 1573 2865 1628 haud
2885 1575 3165 1647 equidem
3201 1579 3277 1633 ad
3300 1579 3695 1652 centuplicem

2045 1669 2237 1725 usque
2276 1656 2532 1712 fructum
2565 1660 2865 1730 postulem
2903 1665 3130 1720 virtutis
3160 1666 3387 1723 viribus
3413 1668 3690 1735 extendi;

2047 1758 2242 1815 neque
2273 1745 2349 1800 ad
2392 1750 2837 1816 sexagesimum
2868 1756 3068 1823 optem
3102 1756 3369 1826 provehi,
3404 1756 3509 1812 sed
3548 1757 3694 1813 satis

332 1832 479 1866 πτειν
554 1817 614 1866 τό
676 1814 801 1874 ὅλως
862 1816 1210 1888 ἐργάσασθαι·
1284 1819 1465 1879 ἱκανῶς
1532 1817 1582 1873 δ’
1656 1823 1717 1874 οἶν
1791 1824 1935 1897 εἶχον
1968 1844 2007 1898 Β
2046 1831 2096 1886 ha

1927 1848 1935 1875 ν
1968 1844 2007 1898 Β
2046 1814 2329 1899 habeam,
2363 1835 2410 1889 si
2449 1814 2751 1908 quatenus
2782 1814 3048 1912 physicis
3075 1814 3296 1914 regulis
3340 1814 3493 1915 licet,
3521 1846 3691 1901 trice-

331 1900 429 1953 κάν
471 1908 581 1963 τοῖς
634 1904 934 1975 τριάκοντα,
990 1904 1035 1956 εἰ
1090 1912 1201 1967 τοῖς
1250 1915 1494 1978 φυσικοῖς
1542 1907 1682 1979 ὅροις
1724 1912 1782 1962 τὸ
1830 1909 1936 1963 ἐνὸν

330 1996 584 2064 γεώργιον
640 1996 952 2067 παρεμέτρει
1006 1996 1065 2046 τὸ
1125 1994 1339 2069 ἐνεργίς.
1400 1995 1538 2049 Ἀλλ’
1594 1996 1693 2067 ἐγὼ
1756 1995 1935 2052 δίδοι-

331 2099 420 2150 xu,
468 2087 538 2153 μη
589 2100 716 2134 ποτε
774 2078 900 2134 οῦδὲ
947 2087 1041 2140 τὴν
1084 2090 1244 2156 χεῖρα
1311 2087 1525 2159 θερίζων
1576 2086 1933 2162 πληρώσαιμι,

328 2166 471 2241 μηδὲ
508 2172 595 2222 τὸν
644 2170 834 2222 κόλπον
866 2171 891 2222 ό
942 2167 1447 2245 δραγματιζόμενος·
1504 2177 1620 2227 ῖσθι
1662 2176 1937 2229 όπισθιαι-

325 2275 495 2328 τερος,
543 2262 719 2310 καίτοι
773 2277 833 2329 γε
877 2259 940 2316 ἧν
978 2260 1040 2309 οἷν
1080 2259 1139 2311 ού
1182 2262 1346 2319 πάντη
1400 2257 1667 2331 δύσελπις,
1718 2267 1744 2316 6
1794 2262 1934 2317 δυσ-

327 2346 480 2408 κλεὴς
549 2345 649 2418 ἐγὼ
725 2351 918 2420 ποιμὴν
992 2353 1084 2401 καὶ
1164 2354 1389 2424 γεωργός
1472 2352 1566 2404 ούκ
1648 2350 1931 2427 εὐδαίμωνο

332 2433 443 2486 ἀλλ’
473 2438 543 2497 ώς
592 2435 678 2488 ἐπὶ
706 2432 949 2510 δομάτων
990 2446 1116 2509 γοῦν
1170 2437 1514 2513 ἕκαρπίζομεν
1567 2444 1752 2517 μικρὰ,
1811 2449 1933 2507 τοὺς

329 2524 752 2597 ύπεραναϐάντας
810 2526 987 2599 ὀλίγου
1040 2531 1133 2585 τὴν
1199 2534 1518 2602 παμμητέρα
1578 2531 1792 2604 πλάνην,
1844 2540 1931 2587 καὶ

321 2618 413 2666 τόν
451 2614 609 2686 λόγου
666 2616 1031 2690 θιρισαμένους
1077 2620 1141 2678 ὡς
1186 2616 1409 2688 ἕφικτὸν,
1453 2620 1495 2671 εἰ
1544 2626 1614 2692 μὴ
1669 2627 1757 2674 καὶ
1816 2626 1931 2675 τού-

321 2722 437 2765 τοις
486 2701 620 2760 ἦσαν
656 2705 810 2757 πάλιν
840 2706 889 2757 οἰ
918 2714 1011 2759 τοῦ
1049 2705 1195 2781 ἀίρος
1226 2713 1387 2782 ὀρνεις
1437 2708 1721 2766 ἐπίϐουλοι.
1751 2715 1928 2785 Οῖμοι,

325 2794 411 2845 ὅτι
456 2792 685 2856 ἀκάνθας
726 2799 817 2846 xui
869 2793 1149 2868 τριβόλους
1178 2795 1329 2869 βρύει
1384 2818 1474 2869 μοι
1521 2803 1580 2851 τό
1632 2801 1925 2876 γεώργιονέ

326 2888 421 2940 τὴν
446 2885 759 2957 κατάκρισιν
806 2892 903 2945 τῆς
933 2883 1033 2937 ἀπὸ
1083 2893 1216 2938 Θεοῦ
1266 2882 1605 2960 διαμαρτίας,
1657 2892 1721 2951 ὡς
1761 2889 1929 2943 ὀπίσω

326 2974 426 3035 τῆς
478 2969 797 3047 κεντρώδους
870 2974 1069 3037 πλάνης
1140 2979 1227 3027 τόν
1295 2972 1660 3051 διαμαρτόντα
1718 2984 1926 3053 πορεύε-

329 3064 477 3116 σθαι·
522 3067 611 3115 καὶ
657 3066 889 3136 πορνεύει
930 3084 1022 3137 μοι
1058 3068 1117 3118 τὸ
1160 3070 1399 3138 ποίμνιον
1447 3071 1542 3119 ούκ
1588 3068 1637 3120 ἐν
1683 3078 1754 3140 τῷ
1798 3070 1930 3143 ξύλῳ

2048 1922 2267 1976 simum
2296 1921 2556 1981 fructum
2600 1942 2785 1997 opera
2819 1937 3110 2002 exmquet.
3146 1932 3271 1988 Imo
3318 1948 3431 2004 ego
3460 1950 3693 1999 vereor,

2046 2025 2121 2065 ne
2142 2010 2290 2066 forte
2322 2028 2591 2085 manum,
2625 2015 2872 2087 quidem
2904 2024 3136 2075 metens
3163 2022 3468 2094 impleam,
3498 2039 3696 2096 neque

2046 2098 2243 2154 sinum
2282 2102 2388 2172 qui
2435 2104 2781 2176 manipulos
2821 2107 3057 2179 colligo,
3115 2110 3237 2166 Sim
3284 2127 3426 2168 sane
3470 2113 3698 2169 tardior

2044 2194 2181 2258 post
2211 2189 2382 2258 alios,
2432 2208 2763 2265 quanquan
2794 2211 2915 2252 non
2945 2199 3195 2255 omnino
3225 2199 3575 2274 desperans,
3609 2202 3694 2259 in-

2044 2276 2183 2332 felix
2232 2293 2343 2349 ego
2390 2287 2598 2351 pastor
2644 2299 2763 2338 non
2809 2284 3045 2341 beatus.
3093 2288 3325 2361 Quippe
3364 2274 3471 2362 qui
3513 2306 3695 2363 super

2045 2370 2201 2423 tecta
2251 2375 2518 2425 serentes
2564 2387 2781 2443 parum
2821 2374 3048 2431 fructus
3100 2378 3429 2449 effecimus,
3475 2396 3693 2451 nempe

2044 2456 2176 2513 illos
2201 2457 2497 2516 lucrando
2528 2464 2629 2533 qui
2663 2470 2917 2521 matrem
2948 2468 3222 2525 omnium
3252 2469 3549 2528 malorum
3576 2472 3696 2528 hae-

2044 2546 2222 2601 resim
2251 2548 2604 2621 vitaverunt,
2639 2557 2696 2608 et
2734 2553 2987 2611 verbum
3034 2572 3145 2628 pro
3170 2557 3396 2613 viribus
3426 2576 3694 2616 messue-

2042 2641 2182 2691 runt
2218 2637 2367 2703 ;nisi
2400 2638 2548 2695 forte
2579 2647 2635 2696 et
2663 2641 2755 2697 his
2802 2645 3024 2715 pariter
3061 2645 3324 2702 insidiati
3368 2653 3506 2704 sunt
3543 2649 3696 2705 aeris

2043 2738 2203 2780 aves.
2243 2728 2361 2782 Heu
2406 2730 2575 2795 mihi,
2626 2732 2771 2803 quia
2827 2733 3033 2806 spinas
3063 2740 3119 2790 et
3156 2736 3408 2792 tribulos
3439 2753 3695 2810 campus

2042 2814 2371 2881 germinat!
2424 2817 2881 2878 damnationem
2932 2824 3151 2879 scilicet
3204 2824 3279 2880 ob
3326 2841 3630 2883 recessum
3660 2844 3697 2884 a

2043 2900 2181 2971 Deo,
2203 2904 2351 2959 dum
2378 2906 2693 2978 spinosum
2721 2927 2983 2967 errorem
3005 2928 3198 2981 vagus
3233 2929 3376 2983 grex
3400 2920 3692 2982 sectatur;

2039 2990 2187 3047 dum
2223 2992 2554 3052 fornicatur
2583 3015 2706 3055 non
2736 3000 2798 3055 in
2841 3000 3006 3070 ligno
3038 3008 3254 3069 solum,
3286 3004 3371 3059 uti
3403 3005 3694 3077 scriptum

2039 3082 2215 3145 est”,
2252 3100 2459 3141 verum
2506 3088 2680 3143 etiam
2716 3090 3101 3162 inlapidibus
3143 3092 3371 3148 cunctis
3402 3098 3458 3149 et
3481 3094 3695 3166 aquis;

333 3157 490 3225 μόνον
543 3155 611 3215 ὡς
639 3155 1007 3226 γέγραπταιη,
1037 3150 1144 3212 ἤδη
1198 3151 1256 3207 δε
1298 3161 1387 3208 καὶ
1444 3155 1611 3220 λίθοις
1660 3165 1794 3211 πᾶσι
1847 3163 1934 3211 καὶ
1962 3192 2002 3249 C
2041 3169 2097 3224 di

1931 3200 1934 3209 ν
1962 3192 2002 3249 C
2041 3169 2187 3226 dum
2203 3188 2321 3227 non
2344 3174 2642 3246 sculptilia
2655 3150 2930 3244 adorant,
2949 3179 3054 3235 sed
3074 3181 3375 3252 quosdam
3387 3150 3695 3238 diembnes

336 3239 516 3295 ῖδασι·
562 3246 649 3293 xui
704 3250 1064 3316 προσκυνοῦσι
1128 3246 1220 3317 μὲν
1285 3244 1344 3297 ού
1408 3244 1675 3319 γλυπτοῖς,
1737 3244 1932 3321 δαιμο-

329 3337 462 3392 νίοις
488 3328 548 3384 δι
575 3351 714 3384 τισιν
744 3334 794 3384 ἓν
815 3340 920 3394 τοῖς
940 3332 1181 3404 ὑψηλοῖς.

398 3418 507 3475 κδ’.
550 3428 859 3495 Χριστιανοὶ
940 3419 999 3475 δὲ
1048 3427 1201 3496 μόνον
1250 3426 1463 3498 ὀνόματι
1508 3428 1734 3482 ’Δλανοίο
1792 3428 1836 3481 εἰ
1874 3426 1937 3482 δέ

319 3514 424 3563 πού
474 3531 551 3573 τις
587 3516 678 3564 καὶ
728 3516 867 3587 μερὶς
926 3512 1116 3584 Ιακὼϐ,
1148 3515 1174 3566 ὁ
1229 3512 1421 3590 ἐχθρὸς
1469 3521 1729 3594 ενέσπειρε
1754 3521 1819 3571 τά
1850 3520 1933 3580 ζι-

324 3601 501 3661 ζάνιαο
546 3600 592 3653 εἰ
627 3604 729 3677 γὰρ
785 3605 1029 3677 καὶπρὸς
1078 3610 1151 3673 τῷ
1200 3608 1342 3677 γήρᾳ
1388 3609 1513 3667 τέως
1542 3602 1630 3658 οὖν
1680 3609 1709 3666 ἡ
1762 3607 1935 3683 Σάρρα

321 3695 612 3762 γεγέννηκε·
717 3694 1055 3766 πονηρεύεται
1154 3689 1213 3746 δὲ
1307 3697 1443 3747 κατά
1538 3704 1631 3748 τοῦ
1746 3696 1930 3750 Ἰσαάκ

323 3780 567 3853 Ἰσμαηλ·
629 3784 719 3833 καὶ
765 3786 841 3843 τίς
893 3781 1153 3856 Ἀϐραὰμ,
1214 3785 1297 3834 ἶνα
1342 3784 1436 3843 τὴν
1492 3782 1685 3844 δούλην
1735 3785 1931 3863 Ἀγαρ,

322 3876 416 3923 καὶ
445 3878 534 3923 τοῦ
580 3878 675 3932 τῆς
722 3870 920 3934 πλάνης
967 3870 1291 3948 ἀνελεύθερον
1340 3878 1575 3938 σκότους,
1609 3883 1705 3937 τῆς
1756 3896 1930 3929 συνοι-

321 3966 441 4022 κίας
473 3959 744 4014 ἀπώσαιτο
778 3960 969 4029 ;”Εο·τι
998 3982 1077 4024 τις
1123 3962 1272 4035 ὀλίγη
1331 3963 1631 4038 παρεμϐολὴ
1682 3972 1770 4019 καὶ
1818 3966 1932 4041 ἐμοὶ

324 4050 389 4107 ἣν
446 4053 570 4112 Θεὸς
639 4048 809 4122 ἐξάγει
875 4059 967 4103 τοῦ
1032 4060 1220 4109 νοητοῦ
1274 4059 1482 4127 Φαραώ·
1551 4059 1643 4107 καὶ
1708 4052 1931 4129 διιξάγω

326 4146 497 4191 ταῦτα
716 4142 850 4192 κατά
890 4147 1091 4199 Μωσῆν
1159 4145 1250 4214 μεν
1317 4143 1513 4213 οὐκέτι,
1564 4144 1698 4203 πλὴν
1768 4148 1927 4218 ὅμως·

326 4228 438 4281 ἀλλ’
494 4232 542 4283 οἱ
597 4230 875 4302 Αἰγύπτιοι
915 4251 1195 4307 τρισταται
1248 4231 1709 4309 καταδρομοῦσιυ,
1764 4239 1795 4295 ἠ
1857 4245 1928 4308 τῷ

326 4320 475 4392 θυμῷ
521 4329 730 4392 φονῶσα
757 4321 938 4392 ψυχὴ,
982 4326 1159 4375 καὶτὸ
1207 4326 1433 4398 πρὸςτὰ
1482 4324 1799 4398 χαμαίζηλοι
1844 4326 1926 4379 λι-

321 4429 473 4481 χνον,
523 4411 551 4462 ὅ
576 4412 743 4463 πείθει
769 4407 882 4472 τοῖς
926 4409 1227 4485 ἀλλοφύλοις
1258 4417 1701 4487 συγχραίνεσθαι·
1734 4421 1825 4468 xui
1866 4419 1925 4469 τό

318 4507 414 4551 τοῦ
477 4498 628 4562 λοξοῦ
682 4504 1019 4575 περίτρεπτον
1080 4507 1198 4575 περί
1262 4522 1409 4566 τινας
1473 4502 1699 4567 ἀτόπους
1766 4502 1924 4569 δόξας
1954 4550 1997 4605 D

364 4592 375 4603 .
455 4587 468 4599 ς
622 4596 639 4605 -
785 4592 796 4600 .
884 4586 953 4605 λ.
1082 4590 1129 4605 ς.
1166 4594 1178 4605 ,
1252 4599 1287 4605 __
1333 4598 1344 4605 .
1480 4602 1501 4605 _
1631 4594 1671 4605 _.
1893 4600 1902 4605 .

319 4592 417 4641 ούκ
446 4587 724 4642 ἀντιτεῖνον
771 4592 839 4653 ὡς
871 4586 906 4642 δ
912 4594 966 4643 ιά
1014 4590 1196 4647 πολλά.
1252 4598 1353 4646 Καὶ
1400 4602 1502 4647 ποῦ
1555 4594 1736 4656 στῦλος
1789 4600 1925 4668 νεφέ-

318 4678 411 4739 λης
459 4677 682 4732 ἐνταῦθα
734 4684 793 4731 τὸ
845 4677 1121 4734 διεστάναι
1170 4678 1400 4751 διδοῦς;
1460 4683 1489 4743 ἣ
1542 4687 1646 4746 τὼς
1705 4686 1766 4736 οἷν
1826 4694 1924 4738 τῶν

322 4769 481 4821 ἐθνῶν
522 4765 709 4828 διέστη
759 4771 788 4828 ἡ
826 4769 1111 4840 θάλασσα;
1165 4771 1323 4846 Οἳμοι
1371 4771 1451 4826 ὃτι
1503 4780 1795 4847 ποιμαίνειν
1836 4778 1926 4847 μὲν

321 4856 509 4930 ἀγελας
554 4863 907 4932 πεπίστευμαι
972 4858 1357 4924 ἀναϐαινούσας
1404 4862 1506 4915 ἀπὸ
1566 4863 1787 4939 λουτροῦ
1835 4872 1926 4917 τοῦ

323 4946 697 5021 βαπτίσματος
730 4948 743 5003 l
772 4954 1039 5023 ποιμαίνει
1078 4948 1139 5005 δὲ
1183 4955 1380 5015 ταύτας
1425 4953 1617 5027 μᾶλλον
1655 4962 1753 5017 τῆς
1798 4976 1927 5009 απι-

321 5043 474 5099 στίας
534 5040 561 5090 ὁ
628 5041 882 5102 θάνατος·
959 5044 1184 5113 στμόατι
1250 5046 1341 5116 μὲν
1398 5046 1500 5119 γὰρ
1560 5044 1926 5118 ὁμολογοῦσιν,

315 5130 453 5181 ὀιινῶ
507 5124 565 5181 δὲ
612 5127 774 5201 λέγειν
830 5128 902 5192 εἰς
964 5135 1247 5206 σωτηρίαν·
1311 5134 1389 5186 ὃτι
1445 5137 1516 5207 μὴ
1571 5139 1661 5188 xui
1718 5134 1786 5196 εἰς
1842 5132 1927 5188 δι-

317 5220 607 5276 καὶοσύνην
652 5227 853 5292 πρῶτον
912 5227 974 5292 τῇ
1035 5217 1235 5295 καρδιᾳ
1288 5225 1652 5280 πιστεύουσιν.
1708 5222 1927 5299 ’Όμοιόν

314 5328 393 5379 τι,
457 5306 746 5361 Ἀπόλωλεν
798 5307 1022 5371 εὐλαϐὴς
1069 5308 1170 5363 ἀπὸ
1218 5313 1312 5375 τῆς
1361 5311 1489 5386 ἐμῆς
1563 5316 1756 5376 ταύτης
1803 5323 1921 5387 γῆςι

314 5401 411 5450 καὶ
432 5398 529 5449 ούκ
559 5399 670 5450 ἔστι
691 5416 783 5470 μοι
814 5396 1111 5462 ἀνάπαυσις
1138 5399 1296 5460 αὓτη.

385 5486 479 5543 κε’.
543 5493 681 5561 Ἃρα
732 5486 966 5553 ἀναστὰς
1017 5494 1341 5565 πορεύσομαι
1392 5511 1405 5563 ;
1467 5489 1626 5548 Δέδια
1681 5499 1798 5572 περὶ
1858 5504 1919 5555 τῆ

392 5616 437 5650 ιε
466 5614 681 5671 Jerem.
714 5615 805 5685 IlI,
838 5620 890 5673 9.

2043 3259 2106 3315 in
2135 3259 2282 3316 locis
2313 3263 2580 3323 excelsis.

2115 3428 2204 3481 24.
2229 3424 2543 3483 Christiani
2580 3428 2824 3485 nomine
2852 3434 3025 3485 tenus
3057 3437 3197 3488 sunt
3228 3431 3417 3488 Alani.
3457 3433 3627 3499 Quod
3644 3434 3695 3491 si

2044 3514 2268 3571 alicubi
2325 3520 2413 3571 est
2467 3532 2607 3588 pars
2662 3518 2849 3574 Jacob
2898 3520 3127 3593 aliqua,
3172 3522 3453 3579 inimicus
3508 3524 3695 3581 homo

2041 3604 2265 3661 zizania
2321 3607 2841 3679 superseminavit.
2896 3613 3046 3667 Nam
3095 3610 3197 3667 etsi
3257 3611 3316 3667 in
3367 3619 3691 3681 senectute,

2044 3696 2189 3751 Sara
2254 3699 2458 3751 tamen
2527 3698 2794 3770 peperit;
2870 3699 2977 3754 sed
3036 3701 3359 3757 insectatur
3419 3705 3695 3761 Isaacum

2042 3784 2273 3840 Ismael.
2312 3787 2377 3840 Et
2406 3786 2541 3858 quis
2572 3791 2659 3841 est
2680 3787 2988 3843 Abraham
3023 3788 3126 3860 qui
3153 3789 3441 3847 famulam
3462 3796 3622 3861 Agar
3640 3795 3695 3849 et

2040 3872 2342 3930 haereseos
2367 3875 2608 3931 serviles
2636 3876 2935 3945 tenebras,
2967 3877 3152 3935 domo
3182 3879 3390 3951 procul
3410 3879 3694 3950 ableget?

2042 3965 2137 4019 Est
2161 3964 2306 4019 mihi
2325 3981 2571 4037 quoque
2604 3966 2858 4038 pusillus
2890 3968 3203 4036 exercitus,
3226 3985 3412 4042 quem
3441 3972 3594 4025 Deus
3616 3970 3695 4026 ab

2037 4052 2425 4110 intellectuali
2449 4054 2753 4111 Pharaone
2784 4056 2973 4128 eripit.
3012 4060 3176 4113 Hunc
3202 4073 3315 4129 ego
3344 4058 3543 4123 ducto,
3571 4076 3695 4116 non

2039 4142 2288 4214 quidem
2318 4148 2383 4200 ut
2430 4143 2577 4200 alter
2626 4147 2879 4217 Moyses,
2914 4146 3020 4202 sed
3067 4153 3270 4204 tamen
3325 4149 3529 4208 ducto.
3579 4150 3691 4207 Se!

2038 4234 2301 4307 Egyptii
2352 4234 2575 4291 tribuni
2639 4245 3105 4308 persequuntur,
3165 4255 3386 4312 nempe
3456 4240 3696 4297 animus

2037 4324 2243 4379 furens
2287 4324 2435 4380 caedi
2476 4324 2741 4391 inhians,
2772 4330 2829 4382 et
2874 4332 3202 4385 terrenarm
3230 4345 3431 4385 rerum
3465 4330 3696 4403 cupidi-

2037 4418 2160 4482 tas;
2193 4430 2329 4486 quae
2352 4414 2609 4470 suadent
2634 4420 2699 4470 ut
2728 4431 2865 4471 cum
2903 4417 3698 4487 alienigeni,commaculen—

2037 4503 2165 4573 tur;
2200 4504 2460 4578 denique
2487 4505 2755 4577 obliquae
2777 4508 2993 4564 mentis
3019 4508 3361 4565 volubilitas
3382 4510 3461 4566 ad
3487 4510 3695 4566 absur—

2036 4592 2149 4649 das
2178 4595 2483 4667 quasdam
2507 4598 2839 4670 opiniones,
2875 4598 3121 4654 minime
3154 4604 3215 4654 ut
3243 4599 3602 4673 plerumque
3630 4600 3699 4657 ﬁt

2035 4685 2316 4741 renitens.
2344 4688 2411 4742 Et
2440 4687 2690 4744 ubinam
2720 4694 2806 4744 est
2834 4688 3070 4744 nebulae
3106 4688 3411 4758 columna,
3443 4707 3581 4763 quae
3612 4707 3695 4747 se-

2035 4775 2413 4846 parationem
2427 4778 2709 4849 praestet?
2726 4777 2814 4833 vel
2838 4778 3152 4851 quomodo
3165 4780 3434 4850 gentium
3448 4781 3697 4838 recessit

2038 4879 2205 4921 mare
2228 4863 2256 4918 ‘I
2286 4865 2414 4921 Heu
2445 4866 2610 4938 mihi,
2647 4867 2743 4923 cui
2776 4883 3025 4942 pascere
3058 4884 3269 4939 greges
3299 4871 3697 4927 commissum

2036 4959 2123 5010 est
2150 4955 2225 5010 de
2254 4954 2631 5029 baptismatis
2660 4956 2902 5013 lavacro
2932 4957 3324 5015 ascendentes
3348 4959 3359 5014 l
3381 4960 3697 5017 Pascitau-

2036 5046 2159 5101 tem
2209 5044 2321 5100 hos
2368 5045 2569 5117 potius
2608 5045 2974 5103 inﬁdelitatis
3017 5063 3205 5105 mors.
3252 5038 3370 5105 Ore
3424 5048 3695 5122 quidem,

2038 5152 2198 5207 aegre
2225 5134 2381 5205 dico,
2415 5135 2780 5192 confitentur
2808 5137 2887 5193 ad
2938 5136 3189 5193 salutem
3218 5157 3229 5205 ;
3268 5154 3464 5212 neque
3493 5143 3698 5197 tamen

2037 5231 2215 5284 antea
2242 5225 2496 5282 credunt
2515 5226 2693 5282 corde
2718 5226 2797 5283 ad
2824 5227 3138 5298 justitiam.
3171 5227 3370 5285 Simile
3392 5233 3480 5285 est
3507 5228 3653 5286 illud
3680 5249 3693 5286 :

2035 5310 2211 5373 Periit
2258 5314 2573 5387 religiosus
2621 5315 2703 5372 ab
2732 5316 2848 5373 hac
2897 5321 3052 5373 terra
3093 5334 3268 5385 mea;
3322 5333 3519 5391 neque
3567 5319 3698 5375 haec

2039 5405 2188 5461 mihi
2227 5405 2499 5461 stationis
2528 5405 2767 5479 requies
2794 5410 2898 5463 est.

2108 5500 2197 5553 25.
2242 5498 2393 5552 Num
2427 5510 2570 5567 ergo
2619 5512 2872 5569 surgens
2902 5496 3134 5554 abibo?
3166 5499 3380 5556 Vereor
3422 5514 3499 5557 ne
3547 5499 3697 5558 forte
