4468 6440
814 373 916 438 ιιι

814 590 915 647 Hic
969 590 1215 663 quidem
1263 607 1399 646 cum
1464 591 1748 648 Achaabo
1795 592 2205 662 famularetur,
2260 610 2460 664 genua

811 682 1016 735 tamen
1050 679 1210 735 Baali
1240 695 1363 734 non
1384 679 1546 736 ﬂexit
1570 682 1634 735 ".
1669 683 1856 737 Metuo
1887 682 2066 738 etiam
2098 683 2328 754 pusillae
2364 686 2458 752 ju-

813 771 1040 824 storum
1073 768 1247 835 sorti;
1277 784 1421 824 nam
1450 769 1619 838 virga
1655 769 1980 840 impiorum
2023 775 2452 827 commovetur.

813 857 966 922 Quid
993 858 1210 914 faciam
1232 859 1259 914 Ῥ
1284 858 1390 913 Ubi
1415 861 1552 914 Jesu
1577 858 1904 930 ﬂagellum,
1935 865 1999 915 ut
2024 861 2208 917 Patris
2236 861 2456 917 domus

809 948 1135 1018 purgetur?
1182 946 1291 1003 Odi
1342 947 1655 1003 ecclesiam
1702 948 2198 1019 malignantium:
2246 950 2352 1006 sed
2394 950 2456 1006 in

807 1034 969 1090 hanc
995 1035 1298 1108 projectus
1327 1036 1433 1101 fui,
1463 1036 1566 1108 qui
1609 1037 2014 1093 sacerdotium
2044 1043 2263 1094 temere
2293 1055 2458 1095 assu-

807 1141 972 1181 mere
1025 1141 1211 1181 ausus
1243 1142 1377 1182 sum
1404 1145 1416 1184 :
1455 1151 1481 1176 ιι
1506 1129 1712 1182 Nonne
1742 1127 2011 1183 odientes
2041 1131 2118 1198 te,
2164 1129 2414 1184 Domine
2437 1173 2452 1197 ,

809 1214 1058 1270 oderam
1074 1219 1131 1271 et
1156 1230 1336 1287 super
1355 1216 1629 1271 inimicos
1659 1219 1790 1272 tuos
1823 1216 2209 1273 tabescebam
2235 1220 2264 1274 ?
2285 1241 2314 1268 ››
2342 1220 2456 1274 Cur

808 1302 1216 1360 maledictioni
1265 1303 1350 1359 illi
1409 1304 1696 1361 audacter
1744 1321 1839 1361 me
1901 1306 2150 1376 objeci?
2221 1307 2452 1364 Caelum

808 1407 1039 1448 teneum
1085 1397 1398 1464 reputatus
1435 1408 1547 1462 ego
1601 1410 1758 1464 sum,
1809 1399 1968 1450 terra
2008 1395 2202 1452 ferrea
2255 1412 2453 1469 neque

807 1484 975 1536 arata
999 1496 1196 1553 neque
1219 1485 1351 1536 sata
1369 1480 1688 1537 haereditas
1713 1498 1874 1539 mea.
1911 1484 2204 1548 Quisnam
2235 1485 2454 1540 Paulus

805 1583 1017 1624 rursus
1055 1570 1168 1625 hos
1196 1570 1508 1641 parturiat,
1541 1570 1734 1626 donec
1764 1571 2052 1628 formetur
2083 1573 2145 1628 in
2176 1574 2260 1628 eis
2291 1573 2454 1630 Chri-

1767 374 2123 438 THEODORI
2163 379 2440 438 ALANI‘
2475 373 2797 438 391860131
2833 377 3206 437 ALANICUS.

813 501 930 558 hoc
939 500 1168 562 malum
1183 501 1553 574 participem.
1568 505 1719 560 Num
1737 504 1896 559 enim
1919 521 2053 560 sum
2065 520 2177 576 ego
2195 505 2416 562 Abdias
2431 508 2457 562 ‘I
2483 509 2530 562 Α
2571 526 2577 554 τ

2127 521 2177 574 ζο
2195 505 2457 562 Abdias?
2483 509 2530 562 Α
2571 513 2661 558 τοῦ
2702 512 2866 560 κακοῦ
2904 505 3204 577 μεταλήψει*
3245 508 3318 578 μὴ
3367 505 3470 580 γὰρ
3529 503 3630 577 έγῶ
3675 501 3891 559 Ἀϐδιοῦ

4055 381 4165 439 Ml

3952 521 3966 573 ;
4022 511 4162 564 Υπιιρ

2566 599 2788 668 ρετὴσας
2832 591 2890 647 δὲ
2940 595 3046 667 ἄρα
3100 593 3283 654 ἐκεῖνος
3327 602 3401 665 τῷ
3455 592 3688 665 Ἀχαὰϐ,
3731 598 3857 666 γόνυ
3908 599 3970 664 τῇ
4024 592 4163 646 Βάαλ

2565 684 2659 738 οὐκ
2703 683 2921 756 ἔκαμψε.
2973 680 3132 736 Δέδια
3195 685 3241 724 ⁸⁸
3284 687 3373 737 καὶ
3428 687 3547 756 περὶ
3591 691 3664 754 τῷ
3718 691 3888 757 μικρῷ
3932 689 4030 734 τῶν
4081 677 4164 734 δι-

2564 777 2723 824 καίων
2776 772 2970 844 κλήρῳ·
3028 774 3058 830 ἡ
3108 768 3307 846 ῥάϐδος
3358 774 3457 846 γὰρ
3513 780 3611 824 τῶν
3664 770 3980 844 ἁμαρτῶλῶν
4055 773 4162 822 επιε-

2566 865 2778 914 σείεται.
2829 866 2916 921 Τίς
2966 860 3066 932 ἕγὼ
3112 865 3384 934 γένωμαι;
3437 868 3544 915 Ποῦ
3585 865 3642 913 τό
3700 858 4004 934 φραγγέλιον
4062 859 4163 916 Ίη-

2566 957 2682 1018 σοῡ,
2729 953 2816 1002 ἵνα
2862 952 2888 1001 ὁ
2935 958 3070 1011 οἶκος
3110 958 3204 1003 τοῦ
3233 953 3438 1023 Πατρός
3483 951 3846 1023 έκκαθαίροιτο
3893 947 4164 1005 ῙἙίσησα

2563 1037 2842 1096 ἐκκλησίαν
2915 1043 3351 1114 πονηρευομένωνο
3422 1037 3529 1090 ἀλλ’
3596 1038 3668 1100 εἰς
3732 1039 3929 1097 ταύτην
4009 1035 4162 1109 ἀπέρ-

2560 1128 2775 1202 ῥιμμαι,
2830 1133 2909 1181 ὅτι
2956 1138 3224 1202 προπετῶς
3284 1129 3566 1204 ἱερωσύνην
3621 1126 3909 1202 ἕθάρῥησα,
3945 1147 3974 1176 ‹‹
4017 1125 4163 1197 Οὐχὶ

2559 1220 2676 1276 τούς
2730 1220 3011 1290 μισοῦντας
3068 1237 3145 1287 σε,
3207 1220 3387 1292 Κύριε,
3443 1215 3697 1288 ἇμίσησα,
3765 1220 3855 1268 καὶ
3911 1217 3999 1268 ἰπὶ
4057 1221 4166 1274 τοῖς

2563 1302 2775 1379 ἱχθροῖς
2807 1325 2902 1358 σου
2933 1306 3251 1379 ἐξετηκόμην
3285 1322 3298 1373 ;
3333 1327 3361 1356 ››
3393 1305 3507 1360 Ἵνα
3534 1310 3586 1357 τί
3631 1307 3696 1357 τὰ
3723 1311 3820 1365 τῆς
3862 1305 3992 1377 ἀρᾶς
4038 1301 4166 1354 ἔκει-

2560 1413 2653 1455 νης
2699 1393 3009 1469 έθάρῥησα;
3044 1400 3147 1448 Καὶ
3200 1394 3430 1468 χαλκοῦς
3467 1397 3557 1467 μεν
3604 1393 3819 1468 οὐρανὸς
3883 1391 4162 1464 ένομίσθην

2563 1483 2682 1555 έγὼ,
2735 1481 2936 1560 σιδηρᾶ
2992 1482 3050 1538 δι
3103 1495 3193 1556 γῆ,
3243 1491 3333 1538 καὶ
3389 1485 3652 1560 ἄσπαρτος
3695 1489 3785 1536 καί
3836 1485 4081 1555 ἀνήροτος
4130 1483 4160 1539 ἡ

2563 1574 2878 1648 κληρονομία
2927 1595 3048 1647 μου·
3098 1573 3166 1628 Ὠ
3220 1580 3301 1636 τίς
3353 1574 3558 1635 Παύλος
3614 1578 3701 1625 καὶ
3763 1572 3918 1625 πάλιν
3984 1568 4159 1623 ὦδινε·

807 1658 940 1713 tus?
967 1659 1141 1714 Nothi
1185 1658 1385 1714 adhuc
1414 1663 1472 1714 et
1499 1674 1622 1715 non
1651 1659 1773 1730 ﬁlii,
1834 1661 1978 1732 quia
2007 1661 2325 1719 fascinavit
2351 1679 2453 1719 eos
2563 1681 2571 1692 -

2395 1679 2453 1718 Ds
2563 1663 2799 1724 τούτους,
2846 1663 3007 1735 ἄχρις
3082 1659 3141 1714 οὖ
3201 1663 3449 1736 μορφωθῇ
3505 1663 3738 1735 Χριστὸς
3789 1658 3838 1710 ἕν
3904 1661 4083 1718 αύτοῖς
4145 1673 4159 1723 ;

803 1744 1079 1815 Satanas,
1118 1763 1194 1803 ne
1231 1747 1368 1819 quis
1436 1747 1667 1803 veritati
1713 1747 1862 1804 forte
1905 1750 2128 1816 credat,
2180 1755 2359 1823 atque
2390 1755 2454 1808 ut
2565 1758 2567 1802 ἰ

2399 1755 2454 1808 ut
2565 1752 2727 1802 Νόθοι
2776 1747 2835 1803 δε
2890 1752 3013 1825 ἄρτι
3066 1755 3155 1803 καὶ
3205 1750 3311 1820 οὐχ
3355 1749 3464 1802 υἱοί
3518 1749 3599 1801 ὁτι
3651 1747 3932 1806 έϐάσκηνεν
3987 1746 4163 1807 αὐτοῖς

805 1833 924 1890 sint
947 1834 1230 1909 deinceps
1257 1835 1624 1892 infidelitatis
1648 1837 1773 1892 ﬁlii.
1810 1838 1965 1893 lram
2010 1839 2211 1908 timeo,
2243 1855 2454 1896 revera
2484 1857 2524 1911 Β
2563 1861 2569 1887 ‹

2398 1855 2454 1896 ra
2484 1857 2524 1911 Β
2563 1841 2589 1890 ό
2616 1846 2861 1905 Σατανᾶς,
2889 1840 2972 1891 ἱνα
3000 1844 3096 1912 μὴ,
3142 1847 3206 1898 τῆ
3259 1838 3474 1911 ἀληθείᾳ
3503 1838 3547 1891 εἰ
3599 1842 3688 1891 καὶ
3716 1838 4015 1903 πείθωνται,
4072 1840 4162 1888 καὶ

803 1923 964 1979 enim
988 1930 1131 1980 sunt
1149 1941 1299 1982 vasa
1319 1925 1421 1980 ira;
1444 1925 1523 1981 ad
1545 1926 1944 1998 perditionem
1980 1928 2260 1986 formata.
2299 1930 2450 1986 Heu!

801 2011 1068 2069 ferarum
1119 2015 1328 2070 dentes
1385 2014 1583 2081 video,
1641 2031 1780 2071 cum
1839 2015 2038 2074 furore
2090 2018 2453 2090 rapientium

804 2116 986 2174 super
1014 2107 1233 2160 terram
1257 2105 1269 2160 ι
1305 2107 1451 2161 Nam
1482 2120 1760 2161 meorum
1795 2106 2056 2176 insignia
2085 2106 2266 2164 veluti
2292 2113 2451 2176 sunt,

799 2191 1125 2249 homicidia
1155 2193 1216 2248 in
1255 2193 1465 2266 primis
1495 2199 1552 2250 et
1581 2195 1701 2250 alia
1741 2196 2028 2252 mortium
2055 2211 2297 2266 genera.
2329 2201 2453 2256 Heu

801 2280 1036 2337 Dathan
1066 2286 1245 2354 atque
1288 2282 1514 2340 Abiron
1539 2284 1689 2340 mihi
1716 2285 1986 2342 inhiant:
2033 2290 2090 2342 et
2117 2288 2254 2359 quis
2285 2287 2456 2344 adest

799 2378 1021 2439 Aaron,
1056 2376 1118 2428 ut
1143 2373 1297 2427 Deus
1325 2372 1610 2430 miracula
1638 2373 1825 2430 edat?
1849 2375 2173 2432 Sacerdotii
2193 2376 2451 2447 dignitas

799 2460 1156 2517 conculcata
1170 2467 1353 2531 est,et
1387 2463 1524 2535 quis
1557 2463 2010 2534 adestSamuel,
2034 2470 2098 2522 ut
2121 2469 2274 2522 Deus
2300 2467 2452 2538 inju-

797 2549 953 2606 riam
963 2565 1076 2607 ceu
1087 2549 1326 2608 sibimet
1339 2551 1563 2609 illatam
1575 2557 1810 2625 reputet
1827 2555 1856 2611 7
1873 2555 2278 2613 «luvocabant
2290 2557 2452 2614 enim

797 2636 882 2693 illi
934 2639 1279 2706 Dominum,
1336 2645 1394 2696 et
1441 2641 1570 2713 ipse
1624 2642 1990 2700 exaudiebat
2054 2660 2192 2701 eos:
2247 2646 2309 2701 in
2356 2660 2450 2701 co-

797 2725 1008 2784 lumna
1023 2728 1206 2786 nubis
1226 2728 1591 2802 loquebatur
1600 2731 1704 2787 eis.
1729 2754 1757 2782 »
1772 2734 1995 2806 Nempe
2011 2749 2124 2805 ego
2138 2749 2451 2791 sacrorum

796 2816 1276 2874 testimoniorum
1313 2819 1656 2876 custodiam
1685 2821 1839 2878 serio
1868 2823 2151 2881 observo.
2183 2827 2452 2880 Fortasse

796 2904 974 2977 aliqis
1004 2906 1303 2964 calvitiem
1331 2923 1577 2981 quoque
1634 2909 1865 2978 irridet,
1899 2911 1949 2968 si
1978 2911 2126 2969 forte
2153 2912 2310 2985 pileo
2353 2929 2451 2970 me

795 3009 1037 3063 exuam,
1059 2999 1126 3052 ut
1147 3012 1288 3052 cum
1306 2996 1427 3053 fide
1448 2997 1612 3053 haud
1631 2998 1831 3056 velata
1851 3015 2024 3057 sacro
2049 3017 2300 3059 munere
2321 3001 2455 3059 fun-

797 3083 1081 3153 gar.0uis
1106 3083 1298 3140 aderit
1326 3084 1572 3142 Eljsmus
1607 3090 1674 3147 ut
1696 3086 1940 3160 culpam
1963 3089 2115 3145 ultio
2141 3105 2284 3147 mox
2310 3090 2452 3148 sub-

796 3173 1133 3274 sequatur?
1176 3173 1694 3274 lilia—disipulum
1724 3176 2011 3234 audacter
2045 3195 2158 3274 _me
2213 3179 2447 3274 dicam:
2482 3217 2523 3274 ο

795 3259 902 3316 sed
926 3275 1051 3317 non
1072 3261 1294 3318 idcirco
1325 3262 1573 3319 Eliszeus
1604 3281 1762 3320 sum.
1800 3268 1865 3322 Et
1907 3267 2162 3337 gratiam
2206 3269 2450 3341 quidem

795 3351 1053 3423 suscepi,
1090 3351 1198 3407 sed
1227 3367 1351 3408 non
1381 3353 1604 3410 idcirco
1642 3358 1810 3411 extra
1846 3355 2216 3413 caducarum
2246 3374 2448 3415 rerum

791 3437 1087 3512 impetum
1101 3457 1258 3510 sum,
1277 3457 1472 3515 neque
1497 3442 1560 3498 in
1578 3458 1792 3514 pacem
1809 3449 1971 3501 extra
1995 3461 2242 3503 omnem
2263 3447 2450 3505 animi

791 3529 1308 3600 perturbationem
1329 3531 1636 3601 ingressus
1691 3550 1848 3589 sum.
1876 3537 1941 3589 Et
1960 3534 2108 3607 quid
2126 3536 2371 3605 mirum,
2399 3537 2450 3593 si

792 3632 1003 3673 rursus
1019 3621 1251 3691 Moyses
1274 3619 1400 3676 dux
1429 3620 1521 3689 sit,
1551 3625 1608 3677 et
1626 3620 2019 3679 nihilominus
2039 3623 2449 3682 itinerantium

792 3706 1072 3764 membra
1110 3707 1172 3763 in
1224 3707 1461 3767 deserto
1509 3710 1880 3768 ceciderint?
1913 3715 2060 3769 Nam
2094 3729 2168 3769 ex
2213 3714 2446 3772 vocatis

790 3797 972 3872 pauci
999 3801 1139 3854 sunt
1161 3797 1351 3857 electi.

861 3979 950 4033 26.
988 3975 1104 4035 Sed
1133 3994 1454 4052 quousque
1484 3978 1544 4036 in
1573 3979 1668 4036 his
1697 3980 1963 4039 dilatabo
1994 3982 2354 4051 orationem,
2390 3988 2448 4041 et

789 4083 915 4125 non
960 4067 1133 4125 illum
1167 4069 1368 4140 potius
1425 4085 1679 4142 scopum
1737 4071 2080 4142 attingam?
2130 4088 2350 4145 nempe
2382 4077 2448 4130 ut

788 4174 1000 4229 rogem
1025 4164 1335 4232 pastorem
1351 4175 1580 4229 meum,
1612 4163 1668 4216 et
1692 4159 1902 4218 fratres
1932 4161 2112 4218 simul
2137 4163 2448 4236 deprecer.

793 4247 1002 4321 Utique
1037 4265 1109 4305 ex
1136 4253 1344 4306 ventre
1368 4248 1542 4306 inferi
1572 4249 1818 4306 audient
1856 4250 2186 4308 clamorem
2215 4269 2444 4310 meum.

791 4337 968 4395 Eleva
996 4338 1074 4395 ad
1107 4341 1293 4396 Deum
1329 4338 1559 4405 oculos,
1602 4355 1638 4395 ο
1669 4344 1872 4412 pater:
1907 4345 2149 4397 sanctas
2194 4343 2448 4399 extende

789 4443 1032 4498 manus,
1082 4428 1245 4484 unde
1277 4428 1426 4485 mihi
1465 4428 1784 4486 sacerdotii
1819 4430 2075 4500 gratiam
2105 4431 2446 4503 postulasti.

787 4519 920 4573 Pete
939 4532 1101 4573 nunc
1125 4521 1192 4573 ut
1220 4533 1467 4574 cursum
1497 4533 1938 4588 consummem,
1965 4519 2149 4575 ﬁdem
2191 4536 2445 4588 servem,

783 4609 1255 4681 praevaricantes
1305 4608 1560 4666 doceam
1607 4609 1736 4665 vias
1775 4610 2032 4679 Domini,
2082 4611 2448 4683 irreligiosos

784 4703 1172 4756 convertam:
1209 4699 1258 4754 si
1285 4698 1537 4772 quando
1565 4698 1697 4756 haec
1725 4699 1906 4756 nobis
1937 4699 2227 4757 Dominus
2263 4701 2447 4758 bene-

783 4787 922 4844 ﬁcia
951 4787 1157 4845 addat.
1195 4791 1357 4845 Ferte
1397 4789 1458 4844 in
1489 4788 1604 4845 hoc
1645 4805 1824 4862 opem
1855 4790 2011 4862 patri
2054 4805 2163 4846 vos
2201 4807 2449 4873 quoque

783 4878 1190 4935 amantissimi
1213 4878 1463 4935 fratres:
1497 4879 1809 4935 communi
1839 4895 1909 4935 ao
1941 4880 2196 4953 principi
2217 4882 2448 4953 pastori

782 4968 1207 5025 commendato
1238 4983 1354 5036 me,
1382 4968 1488 5041 qui
1525 4968 1654 5039 regi
1681 4969 1881 5041 potius
1910 4984 2097 5042 quam
2123 4985 2328 5041 regere
2361 4972 2448 5028 in-

781 5057 985 5129 digeo.
1028 5061 1303 5115 Fortasse
1345 5057 1765 5114 recordahitur
1792 5058 2161 5116 mirabilium
2193 5077 2446 5118 suorum

780 5148 830 5204 is
860 5147 964 5222 qui
994 5147 1286 5222 parvulos
1329 5147 1626 5204 custodit:
1658 5147 1916 5206 fortasse
1958 5150 2319 5207 memoriam
2362 5151 2448 5208 fa-

779 5240 894 5296 ciet
946 5254 1205 5313 operum
1257 5254 1527 5306 suorum,
1561 5238 1667 5312 qui
1715 5244 1934 5296 terram
1966 5240 2332 5314 inaquosam
2382 5243 2445 5300 in

779 5343 1085 5402 aquarum
1107 5328 1540 5399 scaturiginem
1562 5332 1774 5385 mutat.
1799 5331 1948 5386 Nam
1976 5330 2025 5385 si
2044 5331 2306 5390 exsiccat
2337 5333 2445 5390 ﬂu-

778 5418 909 5476 vios
940 5419 1155 5488 Ethan,
1192 5423 1250 5475 et
1304 5423 1524 5475 terram
1554 5416 1925 5476 fructiferam
1981 5421 2152 5492 ponit
2172 5421 2233 5479 in
2254 5423 2442 5480 salsu-

777 5508 1004 5582 ginem,
1020 5508 1184 5566 idem
1215 5507 1610 5566 nihilominus
1640 5507 1878 5566 datmel
1911 5525 2124 5582 sugere
2161 5511 2238 5569 de
2255 5518 2446 5586 petra,

853 5689 900 5724 ³⁸
932 5689 1002 5744 Ill
1021 5690 1163 5760 Reg.
1190 5703 1356 5756 xvni,
1389 5692 1444 5748 3.

2481 4575 2523 4632 D

2561 1927 2739 1980 λοιπόν
2795 1935 2887 1988 τῆς
2937 1927 3200 1990 ἀπειθείας
3230 1931 3358 1982 υἱοί.
3409 1931 3508 1980 Καὶ
3566 1922 3788 1979 δέδοικα
3833 1929 3927 1983 τὴν
3977 1923 4159 1997 ὀργήν·

2563 2020 2721 2079 ὄντως
2785 2019 2886 2092 γὰρ
2958 2019 3118 2075 σκεύη
3183 2018 3347 2091 ὀργῆς
3414 2018 3808 2088 κατηρτισμένα
3888 2014 4022 2066 εἰσιν
4090 2013 4162 2075 εἰς

2561 2105 2838 2162 ἀπώλειαν.
2905 2108 3064 2178 Οἵμοι
3111 2105 3123 2160 ι
3182 2107 3260 2159 ὅτι
3320 2107 3512 2182 θηρίων
3568 2101 3792 2166 ὀδόντας
3864 2104 3967 2178 ὁρῶ
4032 2104 4165 2176 μετὰ

2563 2197 2730 2268 θυμοῦ
2795 2199 3056 2270 συρόντων
3125 2194 3210 2248 ἐπὶ
3273 2201 3370 2256 τῆς
3428 2203 3547 2267 γῆς’
3634 2195 3703 2247 τὰ
3762 2195 3864 2265 γὰρ
3927 2190 4166 2264 ἐπίσημα

2560 2293 2659 2336 τῶν
2713 2283 2845 2356 ἐμῶν
2896 2290 3047 2357 φόνος
3095 2287 3151 2337 τὸ
3201 2291 3426 2360 πρῶτον,
3493 2287 3584 2336 καὶ
3639 2282 3803 2335 ἄλλων
3859 2283 4006 2334 ἔθνεα
4066 2300 4164 2339 κη-

2559 2381 2680 2446 ρῶν.
2730 2377 2910 2446 Οῖμοι,
2972 2375 3053 2426 ὅτι
3109 2375 3279 2426 Δαθὰν
3326 2378 3416 2426 καὶ
3460 2371 3708 2448 ’Δϐειρών
3763 2390 3826 2445 με
3871 2372 4161 2445 περικεχύ-

2557 2479 2700 2516 νασι·
2751 2468 2842 2516 καὶ
2888 2468 2967 2526 τίς
3021 2463 3222 2538 Ἀαρὼν
3274 2465 3360 2516 ῖνα
3410 2465 3786 2537 τερατουργοίη
3847 2464 4022 2526 Θεός;
4059 2462 4164 2512 Καὶ

2558 2556 2618 2605 τὸ
2658 2561 2753 2615 τῆς
2794 2553 3074 2627 ἱερωσύνης
3116 2553 3582 2614 κατεζουθένηταν
3630 2555 3720 2604 καὶ
3765 2555 3846 2612 τίς
3892 2548 4155 2622 Σαμουὴλ,

2559 2644 2644 2694 ἵνα
2669 2645 2726 2694 τὸ
2757 2645 2963 2714 γεγονὸς
3011 2645 3084 2704 εἷς
3114 2642 3294 2696 ἑαυτὸν
3333 2646 3464 2705 Θεὸς
3512 2638 3815 2704 ἀναδέξαιτο
3848 2657 3861 2706 ;
3913 2639 4164 2691 «Ἐπεκαο

2558 2731 2741 2783 λοῦντο
2793 2732 2896 2805 γὰρ
2951 2729 3134 2784 ἐκεῖνοι
3177 2734 3266 2784 τὸν
3317 2734 3528 2806 Κύριον,
3579 2735 3670 2784 καὶ
3716 2733 3870 2790 αὐτὸς
3916 2728 4163 2786 εἰσηκουο

2563 2839 2648 2872 σεν
2697 2819 2886 2875 αὐτῶν
2941 2819 2990 2872 έν
3042 2820 3212 2874 στύλῶ
3253 2819 3460 2894 νεφελης
3499 2818 3664 2874 έλάλει
3710 2821 3837 2895 πρὸς
3869 2817 4081 2879 αὐτοῦς.
4136 2838 4159 2867 ε

2560 2907 2676 2982 ’Ἆρ’
2726 2916 2814 2962 οῦν
2870 2908 2970 2982 έγὼ
3020 2918 3123 2963 τῶν
3179 2915 3479 2986 μαρτυρίων
3533 2914 3631 2969 τὴν
3688 2907 3921 2982 φυλακὴν
3981 2905 4168 2979 team

2559 3003 2678 3072 mpl
2711 2996 2948 3072 σπουδῇ.
3002 3002 3163 3073 Τάχα
3187 3019 3265 3061 τις
3310 2998 3684 3072 καθυϐρίζει-αι
3713 3001 3803 3050 καὶ
3859 3005 3956 3057 τῆς
4003 2995 4169 3068 φαλά-

2561 3108 2709 3163 κρας,
2743 3087 2789 3142 εἰ
2839 3097 2938 3141 τῶν
2982 3089 3333 3163 καλυμμάτων
3391 3088 3767 3163 ἄπογυμνοῖτο,
3823 3087 3888 3138 ἶν’
3920 3085 4176 3158 ἅκαλυφεῖ

2561 3186 2624 3250 τῇ
2672 3183 2847 3232 πίστει
2890 3180 3166 3255 ἰερατεύοι.
3225 3184 3326 3233 Καὶ
3379 3183 3456 3240 τίς
3484 3178 3804 3245 Ἐλισσαῖος,
3855 3175 3913 3232 is"
3956 3176 3986 3234 ἡ
4041 3171 4168 3233 dum

2561 3271 2854 3342 παρέποιτο
2916 3283 2931 3335 ;
2995 3267 3176 3321 Ἠλιοῦ
3241 3270 3334 3341 μεν
3393 3271 3496 3342 γὰρ
3556 3266 3806 3343 οαῤῥὴσω
3869 3264 4034 3337 λέγειν
4100 3267 4173 3325 ὡς

2562 3358 2980 3430 μεμαθήτευμαι’
3071 3356 3292 3409 ἀλλὀὐκ
3361 3355 3589 3410 έντεῡθεν
3666 3355 3986 3414 ’Ἐλισσαῖος
4040 3352 4163 3424 έγὼ·

2560 3451 2651 3500 καὶ
2698 3447 2862 3521 χάριν
2906 3449 2996 3519 μεν
3037 3444 3296 3520 ἐδεξάμην
3371 3446 3478 3499 ἀλλ’
3533 3446 3593 3499 ού
3667 3446 3832 3519 ταύτῃ
3907 3447 3999 3495 καὶ
4072 3447 4169 3500 τὴν

2560 3543 2661 3588 τῶν
2713 3536 2932 3610 ῥεόντων
2976 3536 3244 3610 παρῆλθον
3294 3538 3475 3611 φοράν.
3529 3531 3646 3588 οὐδ’
3695 3539 3761 3597 είς
3813 3538 3908 3592 την
3957 3532 4168 3605 εἰρήνης

2561 3624 2801 3685 εἰσῆλθον
2832 3624 3106 3685 ἀπάθειαν.
3139 3632 3242 3680 Καὶ
3265 3631 3318 3678 τί
3355 3627 3554 3695 καινὸν,
3607 3625 3650 3677 εἰ
3686 3629 3776 3677 καὶ
3803 3622 3958 3677 πᾶλιν
4004 3629 4164 3676 Mm}-

2562 3722 2662 3777 σῆς
2719 3711 2928 3788 ὁδηγεῖ,
2984 3725 3084 3769 τῶν
3141 3713 3509 3789 όδηγουμένων
3562 3711 3622 3768 δι
3671 3715 3737 3766 τὰ
3797 3713 3938 3765 κῶλα
3992 3710 4041 3763 έν
4097 3717 4162 3784 τῇ

2560 3803 2736 3878 έρήμῳ
2782 3809 3066 3860 κατέπεσον
3115 3822 3130 3873 ;
3180 3811 3294 3859 Τῶν
3343 3808 3443 3881 γὰρ
3496 3803 3701 3862 κλητῶν
3758 3802 3925 3874 ὀλίγοι
3981 3801 4032 3854 οἱ
4082 3800 4168 3854 έκ-

2557 3892 2750 3949 λεκτοί.

2631 3983 2726 4047 κς’.
2779 3984 2935 4039 Ἀλλὰ
2985 3989 3150 4058 μέχρι
3202 3989 3342 4047 τίνος
3395 3987 3600 4046 τούτοις
3654 3982 4165 4056 έμπλατυνθησομαι

2559 4079 2650 4128 καὶ
2698 4075 2792 4127 οὐκ
2822 4073 3013 4128 inuisos
3067 4075 3257 4148 μᾶλλον
3288 4081 3502 4148 γίνομαι
3530 4082 3624 4127 τοῦ
3672 4080 3871 4132 σκοποῦ
3906 4091 3920 4140 ;
3949 4077 4167 4130 αὶτησο-

2560 4185 2658 4238 μαι
2688 4168 2774 4217 τόν
2797 4163 2918 4238 ἰμόν
2963 4169 3203 4237 ποιμένα,
3229 4161 3539 4224 δυσωπησω
3567 4168 3684 4225 τοὺς
3713 4160 3988 4235 ἀδελφούς.
4029 4159 4169 4236 ’Δρα

2559 4253 2615 4308 in
2653 4253 2849 4316 κοιλίας
2883 4251 3017 4326 ᾅδου
3045 4257 3281 4330 κραύγῆς
3331 4274 3429 4318 μου
3475 4253 3811 4307 ἀκούσονται·
3853 4252 4009 4324 ’Δρον
4040 4254 4168 4324 πρὸς

2564 4347 2694 4397 Θεὸν
2721 4344 3040 4417 όφαολμοὺς,
3083 4342 3122 4396 ὦ
3166 4347 3351 4420 πάτερ’
3383 4348 3604 4399 ἔκτεινον
3634 4345 3787 4405 ὁσίας
3815 4349 4022 4416 χεῖρας,
4049 4340 4163 4393 ὅθεν

2561 4435 2689 4507 ἡμῖν
2717 4439 2812 4493 τὴν
2838 4437 3002 4508 χάριν
3031 4439 3235 4508 ᾐτήσωο
3282 4440 3373 4488 καὶ
3421 4439 3508 4487 τὸν
3541 4431 3736 4509 δρόμον
3781 4433 4038 4486 ἐκτελέσαι
4077 4438 4166 4482 νῦν

2560 4527 2802 4593 αττησαι,
2844 4531 2940 4584 τὴν
2971 4531 3152 4578 πίστιν
3183 4534 3437 4600 τηρῆσαι,
3473 4521 3694 4588 διδάξαι
3733 4527 3959 4596 ἀνόμους
4004 4518 4166 4583 ὁδούς

2520 4613 2778 4689 ξΚυρίου,
2821 4613 3021 4677 ἀσεϐεῖς
3078 4614 3411 4691 ἐπιστρέψαι.
3471 4618 3516 4668 εἴ
3567 4634 3688 4668 ποτε
3744 4615 3999 4688 προσθείη
4067 4614 4169 4664 Κύ-

2559 4724 2668 4779 ριος
2735 4704 2812 4778 ἄρ’
2861 4707 3020 4778 ἡμᾶς.
3083 4711 3460 4778 Συμπονησατε
3511 4713 3584 4775 τῷ
3627 4707 3790 4778 πατρὶ
3844 4706 3935 4755 καὶ
3993 4702 4165 4774 ὑμεῖς,

2561 4790 2778 4868 ἀδελφοὶ
2841 4797 2932 4848 καί
3003 4791 3290 4867 φιλάδελοιο
3353 4795 3653 4868 παράθεσθέ
3723 4811 3786 4865 με
3858 4800 3930 4864 τῷ
4007 4799 4165 4862 κοινῷ

2560 4889 2651 4937 καὶ
2695 4889 2886 4958 πρώτῳ
2923 4889 3131 4958 ποιμένι
3176 4888 3270 4937 τὸν
3315 4885 3689 4957 ποιμαίνεσθαι
3739 4881 3928 4955 μᾶλλον
3959 4883 3989 4940 ᾖ
4050 4899 4168 4938 ποι-

2559 4979 2737 5048 μαίνεν
2800 4972 3059 5048 δεόμενον.
3135 4974 3287 5036 Ἴσως
3361 4975 3727 5048 μνησθήσεται
3790 4980 3891 5024 τῶν
3959 4972 4165 5043 θαυμα-

2562 5069 2689 5117 σίων
2716 5064 2877 5118 αύτοῦ
2921 5066 2945 5116 ὁ
2987 5064 3268 5137 φυλάσσων
3315 5067 3382 5117 τὰ
3427 5069 3608 5122 νήπια·
3658 5065 3786 5125 ισως
3837 5065 4015 5134 μνείαν
4067 5069 4169 5112 τῶν

2558 5157 2721 5228 ἔργων
2773 5153 2934 5208 αὐτοῦ
2963 5159 3244 5213 ποιήσεται
3274 5155 3301 5207 ὁ
3346 5162 3444 5227 γῆν
3492 5149 3720 5226 ἄνυδρον
3759 5153 3832 5214 εἰς
3891 5146 4170 5213 διεξόδους

2559 5240 2768 5301 ὑδάτων
2823 5262 3138 5318 μεταποιωνο
3191 5245 3252 5302 Ei
3301 5247 3403 5319 γὰρ
3460 5249 3550 5296 καὶ
3613 5242 3844 5316 ξηραίνει
3896 5246 4169 5311 ποταμούς

2559 5333 2742 5404 Ἦθὰν,
2799 5340 2890 5388 καὶ
2953 5344 3056 5406 γῆν
3134 5339 3466 5410 καρποφόρον
3533 5333 3604 5394 εἰς
3687 5331 3858 5404 ἅλμην
3924 5331 4164 5398 τὶθησιν,

2560 5424 2690 5478 ἀλλὰ
2735 5430 2826 5478 καὶ
2870 5425 2986 5499 μέλι
3035 5426 3283 5498 θηγάζειν
3329 5423 3385 5478 in
3431 5427 3625 5497 πέτρας
3681 5418 3903 5489 δίδωσι,
3955 5424 4046 5472 καὶ
4120 5419 4171 5471 ἰκ

2562 5521 2766 5592 στερεᾶς
2821 5520 3012 5591 πέτρας
3062 5515 3252 5573 ἔλαιον·
3299 5519 3380 5578 τίς
3411 5511 3552 5568 οἶδεν
3597 5513 3644 5566 εί
3691 5511 3806 5566 ἀντὶ
3853 5506 4042 5572 κνίδης
4077 5514 4172 5564 καὶ
