4468 6440
344 381 451 438 418
1572 389 1993 448 THEODOHUS
2032 393 2108 448 AF

1930 391 1993 448 IS
2032 390 2468 448 ANDIDENSIS.
3588 399 3694 455 414

348 505 566 570 στοιϐἥς
620 514 848 583 μυρσίνη
897 515 985 565 καὶ
1033 532 1343 586 κυπαριττος
1410 511 1777 583 ἀναϐήσεται;
1845 520 1937 589 μό·
1970 519 2016 572 Α
2046 521 2101 572 et

1931 545 1937 555 -
1970 519 2016 572 Α
2046 521 2101 572 et
2131 515 2206 572 de
2234 515 2433 588 lapide
2463 516 2616 572 duro
2645 516 2860 573 eleum.
2918 518 3060 583 Quis
3100 519 3230 588 scit,
3261 534 3340 576 an
3370 536 3481 593 pro
3506 524 3695 579 urtica

345 615 430 646 νον
460 596 504 649 εἰ
541 599 566 649 ὁ
608 598 743 672 ξηρὰ
783 600 1182 674 συναρμολογῶν
1221 601 1352 654 ὀστᾶ
1397 607 1486 654 καὶ
1535 603 1673 664 ζωὴν
1712 601 1936 675 ἆμπνέων
2048 609 2104 660 et

1930 626 1936 650 ν
2048 609 2104 660 et
2131 605 2318 661 herba
2357 605 2566 672 inutili,
2607 610 2842 677 myrtus
2880 612 2937 662 et
2981 608 3328 679 cyparissus
3358 613 3694 681 exsurgat?

344 689 436 736 καὶ⁵
490 684 538 737 ἄν
591 688 715 759 ἡμῖν
773 684 1174 751 δοξασθήσεται.
1229 697 1390 743 Τοῦτο
1443 693 1568 766 παρ’
1623 693 1765 765 ὑμῶν
1815 692 1937 764 ἕμόν
2048 697 2108 751 M4

1929 713 1937 740 ι
2048 694 2218 751 Modo
2244 693 2337 750 ille
2366 695 2472 767 qui
2501 694 2671 750 arida
2691 711 2836 751 ossa
2857 711 3064 751 rursus
3085 697 3452 768 compingit,
3480 699 3693 756 vitam-

346 775 584 843 αἴτημα·
630 785 784 830 τοῦτο
839 781 972 851 μετὰ
1027 775 1268 852 δακρύων
1314 780 1627 852 αἰτούμενος,
1696 779 1810 834 οὐδ’
1878 782 1937 834 ἂν
2047 798 2110 854 ql

1930 804 1937 828 ι
2047 798 2165 854 que
2208 783 2477 855 inspirat,
2511 784 2571 838 in
2618 783 2792 839 nobis
2843 799 3087 856 quoque
3135 784 3513 854 gloriﬁcetur.
3562 790 3694 844 Haec

344 859 619 934 ἀποκαμω.
676 869 800 918 Δότε
849 885 940 937 μοι
996 871 1088 925 τὴν
1145 870 1306 942 χάριν
1362 871 1577 934 ταύτην,
1632 873 1939 942 χαρίσασθὲ
2048 885 2108 926 es

1931 875 1939 922 ξ
2048 876 2140 926 est
2159 887 2296 927 mea
2325 887 2360 927 a
2389 870 2563 927 vobis
2586 871 2912 944 postulatio
2946 891 2958 928 :
3007 872 3089 927 ita
3128 889 3266 928 cum
3304 873 3589 946 lacrymis
3620 875 3695 932 de

342 969 436 1020 μοι
481 957 572 1009 τὴν
630 956 861 1021 αἴτησιν,
904 952 944 1006 ὦ
999 963 1177 1016 σκεῦος
1226 955 1460 1028 ἐκλογῆς,
1500 956 1538 1009 ὦ
1571 963 1741 1030 στόμα
1781 966 1934 1030 Θεοῦ,
2045 975 2106 1030 pl

1928 1004 1934 1028 ,
2045 960 2278 1030 precari
2334 975 2455 1015 non
2509 959 2809 1016 desinam.
2867 963 3007 1016 Date
3045 961 3193 1017 mihi
3231 962 3387 1018 hanc
3415 963 3692 1033 gratiam,

343 1034 383 1087 ὦ
427 1043 700 1112 πρωτεύων
746 1041 795 1094 ἕν
839 1049 972 1096 πᾶσι
1015 1047 1145 1118 μετὰ
1197 1048 1284 1097 τὸν
1314 1055 1516 1120 πρῶτον
1546 1067 1558 1078 ·
1607 1045 1938 1122 ὦλαμπτῆρο
2047 1063 2107 1120 pt

1928 1080 1938 1090 -
2047 1048 2317 1120 petitioni
2355 1049 2495 1105 huic
2531 1049 2796 1116 annuite,
2829 1065 2866 1106 o
2905 1066 3014 1105 vas
3045 1050 3369 1120 electionis,
3397 1067 3432 1108 ο
3475 1053 3574 1108 Dei
3604 1067 3692 1120 os,

345 1145 430 1178 σιν
460 1126 508 1179 ἐν
534 1134 718 1203 κόσμῳ
747 1131 898 1203 λόγον
925 1133 1067 1196 ζωῆς
1091 1131 1386 1206 ἕπίχοντες.
2049 1152 2085 1192 0

2049 1152 2085 1192 ο
2133 1137 2323 1208 prime
2367 1139 2642 1194 omnium
2696 1142 2834 1210 post
2885 1139 3168 1210 primum,
3210 1155 3246 1195 o
3293 1139 3695 1198 luminaribus

2051 1226 2263 1282 mundi
2292 1227 2547 1284 verbum
2575 1227 2712 1283 vitae
2741 1227 3100 1300 praebentes.

413 1395 688 1454 Diximus
717 1413 903 1470 supra
940 1399 1309 1456 Theodorum
1331 1401 1440 1457 sub
1467 1402 1826 1471 patriarcha
1854 1403 2152 1460 Germano
2189 1405 2252 1459 II
2270 1406 2600 1475 claruisse;
2637 1421 2752 1478 quo
2774 1406 3048 1462 videlicet
3075 1412 3334 1475 tempore
3356 1407 3700 1464 Constanti-

339 1486 600 1555 nopolis,
629 1487 822 1554 pulsis
846 1487 1091 1555 Graecis,
1123 1489 1186 1543 in
1217 1489 1569 1546 Latinorum
1597 1495 1890 1560 potestate
1909 1498 2058 1548 erat.
2090 1495 2316 1563 Reapse
2346 1494 2714 1550 Theodorum
2736 1496 2800 1549 in
2827 1498 3023 1564 primo
3045 1495 3245 1551 adhuc
3267 1497 3490 1552 inedita
3519 1512 3698 1566 opus-

340 1574 498 1643 culo,
532 1576 693 1645 quod
735 1576 818 1632 ad
855 1577 1118 1646 fratrem
1162 1585 1314 1634 natu
1362 1579 1650 1636 minorem
1693 1581 1956 1650 scripsit,
1995 1584 2083 1637 ait

1943 1621 1956 1644 ,
1995 1584 2083 1637 ait
2197 1586 2217 1636 1
2252 1599 2264 1636 :
2310 1581 2473 1634 Ἐείλω
2502 1586 2592 1654 μεν
2622 1585 2651 1640 ἡ
2685 1588 2890 1658 πατρὶς,
2925 1582 3035 1634 ἀλλ’
3066 1579 3220 1657 ἀνδρὶ
3249 1592 3390 1656 σοφῷ
3419 1590 3517 1645 πᾶς
3547 1589 3699 1646 τόπος

335 1659 518 1724 Ἑλλάς
545 1679 557 1716 :
587 1663 666 1718 Et
775 1669 808 1720 2
841 1682 852 1719 :
886 1671 993 1726 Τῆς
1023 1662 1275 1740 πατρίδος
1299 1668 1450 1739 ἡμεῖς
1470 1668 1570 1720 ύπό
1611 1665 1936 1741 δυσημερίας
1960 1667 2344 1742 ἀπογενόμενοι,
2370 1672 2395 1722 ό
2423 1673 2512 1742 μὲν
2545 1676 2716 1746 πατὴρ
2740 1669 2847 1729 ἤδη
2880 1671 3108 1744 πρέσϐυς
3142 1668 3223 1737 ἦν,
3255 1677 3344 1724 καὶ
3373 1672 3700 1748 πρεσϐυτέρα

338 1754 540 1824 μήτηρ,
568 1749 1044 1826 ἀντιλαμϐανομένη
1075 1760 1167 1807 καὶ
1193 1756 1324 1813 αὕτη
1355 1754 1480 1828 βίου
1511 1755 1832 1834 τελεωτέρου,
1861 1756 1914 1820 ἐξ
1945 1758 2099 1831 οὗπερ

1945 1758 2099 1831 οὗπερ
2132 1759 2182 1811 ἐν
2211 1757 2512 1820 ἐπισκόποις
2533 1758 2740 1822 ἐκεῖνος.
2765 1761 3069 1817 Nimirum
3097 1767 3274 1832 patre
3296 1763 3492 1819 nostri.
3520 1763 3699 1821 Theo-

339 1840 477 1895 dori
505 1847 704 1899 creato
729 1846 1021 1914 episcopo,
1050 1859 1210 1901 uxor
1236 1846 1580 1917 religiosam
1619 1849 1804 1904 vitam
1834 1853 2060 1904 sectata
2085 1853 2189 1904 est.
2236 1849 2456 1905 Adhuc
2491 1850 2829 1906 Theodorus
2859 1851 2932 1907 de
2948 1857 3128 1921 patre
3148 1866 3252 1907 suo
3285 1870 3297 1907 :
3340 1851 3614 1923 Σχολάσας
3640 1849 3700 1904 δὲ

337 1948 392 1979 τι
422 1933 511 1982 καὶ
539 1939 631 1992 τῆς
661 1929 951 1993 ἐπισκοπῆς
974 1938 1267 2008 παροικίας,
1297 1931 1480 1993 ἐπειδὴ
1520 1935 1652 1994 αὕτη
1679 1941 1798 2010 περὶ
1820 1939 2101 2011 Σαυρομάτι

1933 1939 2154 2010 ρομάτος
2182 1942 2270 1989 καὶ
2302 1940 2498 1998 Σκύθας
2519 1935 2579 1996 ἦν
2605 1959 2616 1971 ·
2652 1940 2877 1995 Revera
2911 1940 2974 1994 in
3006 1940 3261 1995 Alicano
3283 1938 3697 1997 n.9indicium

336 2023 445 2088 est,
477 2019 774 2077 Theodori
794 2027 1026 2093 patrem
1063 2025 1127 2079 in
1159 2023 1498 2080 borealibus
1529 2026 1656 2081 illis
1695 2026 2036 2096 regionibus
2067 2027 2463 2098 episcopatum
2492 2029 2778 2098 gessisse:
2807 2044 2996 2100 quare
3035 2034 3090 2085 et
3124 2029 3304 2085 verba
3345 2029 3416 2090 εἰς
3443 2031 3507 2081 τὰ
3535 2029 3703 2082 οἰκεῖα

337 2123 461 2163 non
492 2113 613 2165 tam
639 2113 911 2180 patriam
931 2112 1192 2182 fortasse
1218 2129 1395 2186 quam
1427 2114 1727 2171 dioecesim
1767 2115 2076 2171 denotant.
2128 2117 2268 2172 Illic
2316 2118 2495 2173 etiam
2536 2119 2848 2188 complura
2895 2117 3228 2174 Theodorus
3275 2118 3420 2174 dicit
3468 2118 3542 2175 de
3578 2119 3700 2174 suis

341 2197 686 2257 litterarum
717 2202 952 2274 studiis,
978 2218 1236 2275 quarum
1257 2204 1481 2258 minori
1503 2203 1699 2272 fratri
1718 2206 2004 2275 magister
2019 2205 2166 2274 fuit,
2194 2211 2249 2261 et
2279 2206 2351 2262 de
2381 2205 2550 2262 libris
2583 2208 2762 2263 etiam
2800 2209 3039 2276 poeticis
3083 2209 3248 2263 lectis
3273 2209 3561 2280 loquitur,
3591 2222 3700 2264 nec

336 2301 460 2342 non
500 2288 572 2345 de
622 2292 978 2360 compositis.
1038 2292 1117 2348 Et
1167 2291 1404 2366 quidem
1459 2293 1601 2349 dum
1655 2295 1714 2349 in
1772 2293 2100 2350 barbaricis

1932 2296 2106 2350 aricis
2145 2295 2487 2367 regionibus
2527 2303 2890 2367 versaretur,
2943 2298 2992 2349 ἐν
3036 2305 3141 2358 τοῖς
3201 2295 3545 2373 βαρϐαρικοῖς
3590 2294 3696 2355 ἤδη

340 2373 598 2447 βιούντων
624 2381 791 2452 ἡμῶν,
828 2380 963 2434 οὕτω
993 2388 1084 2442 τῆς
1122 2381 1352 2454 ἀνάγκης
1381 2386 1817 2455 κατεπειγούσης.
1845 2385 2092 2441 Interim

1936 2385 2092 2441 terim
2123 2400 2258 2441 vero
2288 2387 2374 2442 ait
2407 2401 2467 2442 se
2508 2387 2590 2443 ad
2616 2388 2848 2456 infulas
2883 2387 3072 2456 fuisse
3101 2393 3377 2444 vocatum
3403 2402 3425 2443 .·
3453 2387 3511 2439 'H
3539 2388 3700 2461 χάρις

339 2466 416 2528 εἰς
454 2465 744 2528 ἕπισκοπήν
768 2468 971 2523 ὶκκαλεῖ
997 2469 1172 2527 ἐθνῶν.

337 2644 3699 2683 W

1672 2854 1816 2895 anno
1857 2854 2048 2896 DOIINI
2085 2855 2257 2897 ucc...
2300 2839 2372 2912 (Τ)

767 3059 1972 3209 THEODOBUS
2098 3059 3275 3206 ANDIDENSIS

1216 3341 1388 3414 (Aug.
1429 3341 1541 3400 Mai
1584 3340 1864 3399 Biblioth.
1913 3354 2076 3429 nova
2112 3342 2216 3397 PP.
2256 3343 2403 3398 tom.
2446 3339 2537 3410 VI,
2576 3354 2638 3413 p.
2681 3341 2831 3413 545.)

406 3666 786 3727 Postremum
805 3669 969 3727 hunc
987 3683 1433 3727 reservaveram
1460 3669 1842 3726 Theodorum
1867 3668 2298 3740 Andidensem,
2321 3669 2464 3741 quia
2486 3667 2762 3739 verebar,
2775 3672 2841 3724 ut
2860 3668 3001 3725 huic
3019 3668 3168 3726 forte
3188 3669 3485 3742 capiendo
3509 3674 3707 3727 tomus

332 3757 650 3816 sufﬁceret.
682 3762 849 3816 Nunc
874 3775 1062 3819 more
1090 3759 1380 3831 longioris
1410 3759 1756 3832 impatiens,
1787 3763 1873 3816 tot
1891 3759 2340 3816 Theodororum
2365 3773 2584 3830 agmen
2613 3758 2730 3815 hoc
2753 3757 3083 3815 Andidensi
3113 3758 3503 3817 concludam:
3539 3761 3712 3831 cujus

326 3847 578 3905 brevem
606 3848 835 3922 oppido
863 3865 935 3907 ac
963 3865 1148 3923 prope
1175 3849 1406 3907 nullam
1435 3848 1898 3922 biographieam
1952 3849 2230 3906 notitiam
2270 3847 2516 3906 tradidit
2552 3847 2800 3905 Allatius
2851 3848 2913 3904 in
2971 3848 3233 3905 diatriba
3269 3849 3344 3905 de
3382 3848 3710 3906 Theodoris

329 3953 394 3994 n.
430 3939 633 3996 XCVII.
667 3943 732 3995 lu
761 3939 916 3996 libro
947 3945 1152 3996 autem
1184 3941 1402 3997 Contra
1430 3941 1837 4012 Creygtouum
1867 3954 1927 4012 p.
1965 3943 2090 4007 519,
2113 3939 2219 3995 ubi
2237 3939 2443 3996 locum
2464 3938 2595 4010 ejus
2615 3939 2842 4007 recitat,
2857 3944 3162 3996 auctorem
3183 3938 3326 3996 dicit
3357 3956 3480 3996 non
3508 3954 3710 3997 recen-

331 4035 468 4095 tem,
499 4029 604 4086 sed
631 4030 777 4086 satis
799 4031 1133 4102 antiquum.
1163 4033 1298 4087 Haec
1323 4033 1562 4088 tantum
1585 4029 1854 4086 Allatius.
1884 4032 1956 4085 At
1986 4027 2311 4102 Lequinius
2331 4029 2392 4086 in
2416 4029 2516 4085 0r.
2544 4028 2652 4086 Ch.
2677 4033 2719 4085 t.
2749 4028 2792 4098 1,
2815 4028 2927 4086 col.
2965 4033 3119 4095 1030,
3142 4043 3369 4086 nomen
3393 4030 3529 4099 hoc,
3544 4027 3713 4102 apud

327 4119 617 4176 Allatium
645 4121 731 4178 De
758 4135 1055 4178 concensu
1083 4121 1186 4177 lib.
1218 4137 1300 4189 ιη,
1322 4137 1460 4194 cap.
1494 4125 1579 4188 15,
1612 4136 1649 4177 a
1678 4135 1740 4176 se
1763 4119 2004 4176 lectum.
2025 4120 2200 4193 ponit
2225 4120 2378 4177 inter
2407 4120 2724 4193 episcopos
2748 4119 3147 4189 Audidorum,
3169 4135 3306 4193 quae
3328 4119 3438 4176 fuit
3457 4119 3603 4176 urbs
3626 4133 3715 4174 se-

329 4209 546 4266 cundas
575 4209 976 4283 Pamphyliae;
1005 4226 1203 4284 neque
1228 4216 1435 4268 tamen
1457 4215 1694 4268 aetatem
1717 4210 1849 4282 ejus
1876 4207 2106 4266 deﬂuit.
2135 4209 2538 4282 Dicitinsuper
2563 4208 2950 4265 scribendum
2980 4224 3110 4266 esse
3128 4205 3420 4282 Σανδίδων,
3446 4212 3513 4265 ut
3536 4212 3625 4264 est
3651 4206 3714 4262 in

327 4299 551 4357 notitiis
571 4301 1058 4374 episcopatuum,
1081 4317 1194 4375 pro
1216 4298 1504 4370 Ἀνδίδων;
1527 4300 1695 4374 quod
1717 4300 1886 4357 haud
1905 4303 2063 4357 recte
2086 4300 2325 4372 opinari
2344 4299 2582 4356 videtur
2609 4299 2929 4372 Lequinius
2942 4319 2959 4371 ;
2985 4300 3204 4356 etenim
3234 4299 3297 4355 in
3323 4299 3512 4356 tribus
3532 4298 3714 4369 hujus

326 4391 528 4464 operis
547 4391 859 4448 codicibus
880 4392 1198 4459 Vaticanis,
1215 4397 1562 4450 constanter
1584 4387 1844 4445 Ἀνδίδων
1875 4389 2171 4447 scribitur.
2195 4390 2350 4456 Quin
2373 4389 2526 4446 adeo
2549 4389 2832 4445 Basilium
2853 4404 3099 4462 quoque
3124 4389 3344 4462 Phytiae
3360 4388 3715 4462 episcopum

326 4480 414 4553 (in
435 4481 698 4554 Phrygia
724 4481 1113 4553 Salutari)cui
1135 4498 1312 4540 suam
1335 4483 1496 4540 hanc
1516 4481 2003 4539 lucubratiouem
2022 4479 2370 4536 Theodorus
2388 4478 2586 4548 mittit,
2601 4478 2838 4550 ignorat
2856 4494 3104 4552 prorsus
3128 4478 3447 4552 Lequinius
3469 4478 3531 4533 in
3552 4477 3717 4550 Phy-

326 4569 424 4626 u‘as
453 4570 932 4644 episcopologio,
950 4571 1052 4628 0r.
1073 4572 1182 4629 Ch.
1205 4577 1246 4629 t.
1271 4571 1441 4644 I,col.
1461 4574 1582 4629 844.
1609 4571 2020 4639 Quamobrem
2049 4585 2125 4626 ue
2146 4586 2219 4627 ex
2249 4569 2448 4627 Basilii
2475 4568 2724 4641 quidem
2751 4571 2955 4641 utpote
2985 4568 3192 4638 ignota
3221 4571 3393 4624 aetate
3410 4567 3617 4624 lumen
3637 4565 3719 4623 ad

323 4658 623 4716 Theodori
642 4661 933 4719 saeculum
954 4663 1452 4733 cognoscendum
1473 4661 1722 4720 accedit.
1746 4662 1900 4719 Sane
1915 4660 2261 4718 Theodorus
2281 4664 2486 4717 noster
2499 4675 2560 4716 n.
2590 4664 2620 4715 5
2636 4659 2714 4716 ad
2735 4658 2946 4731 magni
2961 4657 3165 4714 Basilii
3178 4662 3496 4715 tractatum
3509 4673 3716 4732 quem-

326 4749 474 4806 dam
519 4749 865 4822 llturgicum
917 4757 1245 4826 provocat;
1297 4753 1405 4810 sed
1442 4752 1588 4827 quia
1611 4751 1675 4808 id
1701 4751 1997 4824 scriptum
2021 4766 2147 4807 non
2190 4763 2416 4820 magno
2449 4747 2685 4816 Basilio,
2719 4747 2826 4805 sed
2857 4747 3158 4804 Germano
3185 4747 3484 4820 (primove
3513 4763 3593 4804 an
3632 4762 3719 4804 se-

327 4838 534 4896 cundo
553 4839 605 4911 7)
625 4841 954 4914 Byzantino
969 4842 1328 4915 patriarchas
1353 4841 1762 4914 bibliographi
1781 4840 2055 4898 tribuunt
2077 4859 2091 4907 ;
2113 4841 2255 4897 hinc
2277 4839 2491 4897 saltem
2513 4842 2833 4912 appareret
2859 4837 3242 4894 Theodorum
3267 4841 3547 4894 nostrum
3569 4853 3719 4910 prte-

325 4929 490 4987 dicto
520 4933 676 4987 certe
693 4945 875 5003 opere
904 4947 1038 4989 esse
1067 4932 1482 4989 recentiorem.
1510 4934 1962 5000 Verumtamen,
1979 4930 2124 5004 quia
2145 4935 2424 5004 putatum
2450 4928 2728 4986 Germani
2755 4943 2911 5000 opus
2939 4926 3115 4984 valde
3136 4926 3245 4983 fuit
3265 4926 3717 5000 interpolatum,

324 5019 458 5092 jam
482 5020 789 5078 nescimus
818 5021 966 5096 quid
993 5021 1211 5094 Basilii,
1247 5021 1397 5097 quid
1416 5021 1720 5094 Germani,
1743 5020 1893 5095 quid
1915 5019 2174 5078 aliorum
2202 5020 2592 5093 antiquorum
2613 5021 2716 5075 aut
2740 5016 2926 5091 paulo
2944 5017 3348 5074 recentiorum
3368 5017 3428 5074 in
3452 5032 3524 5075 eo
3540 5017 3720 5074 cinno

329 5110 619 5183 supersit:
643 5110 904 5184 ideoque
920 5111 1000 5168 ad
1023 5111 1343 5168 ferendum
1372 5111 1448 5169 de
1474 5110 1766 5168 Theodori
1794 5113 1967 5167 aatate
1989 5109 2290 5182 judicium
2318 5125 2539 5182 parum
2559 5124 2633 5166 ea
2651 5107 2786 5164 libri
2806 5106 3142 5164 nominatio
3163 5107 3432 5180 prodest.
3456 5107 3640 5179 Igitur
3658 5107 3722 5162 in

328 5200 460 5256 sola
490 5199 690 5257 adhuc
720 5200 915 5258 Allatii
945 5201 1350 5260 afﬁrmatione
1380 5201 1893 5275 acquiescendum
1924 5207 2034 5272 est,
2049 5200 2217 5274 quod
2246 5200 2414 5258 haud
2444 5214 2654 5256 recens
2685 5201 2895 5255 auctor
2913 5196 3022 5253 sed
3045 5196 3189 5254 satis
3210 5197 3498 5271 antiquus
3529 5197 3606 5254 sit
3622 5196 3722 5253 hic

326 5288 703 5348 Theodorus.
725 5293 807 5348 Ne
837 5295 1042 5349 autem
1071 5291 1179 5350 diu
1208 5292 1285 5350 de
1315 5292 1452 5366 ipso
1476 5306 1659 5366 opere
1684 5291 1927 5365 loquar,
1958 5289 2132 5362 cujus
2162 5289 2424 5361 dignitas
2454 5292 2512 5345 et
2538 5287 2760 5346 utilitas
2791 5302 2899 5360 per
2921 5301 2983 5343 se
3013 5286 3145 5359 ipsa
3181 5285 3524 5357 legentibus
3553 5286 3722 5344 iuno-

326 5383 535 5449 tescet,
568 5379 770 5441 dicam
796 5385 1032 5449 tantum
1057 5398 1156 5440 me
1184 5381 1248 5441 id
1284 5382 1583 5457 reperisse
1603 5381 1666 5440 in
1693 5380 1884 5448 tribus
1913 5379 2293 5445 bibliotheca
2311 5378 2609 5436 Vaticanus
2634 5376 2964 5444 codicibus,
2998 5390 3219 5451 nempe
3247 5380 3294 5433 1.
3318 5376 3382 5434 in
3409 5379 3531 5447 856,
3553 5375 3725 5433 bom-

326 5468 577 5543 bycino,
611 5471 814 5535 seculi
843 5471 1031 5539 ferme
1059 5471 1428 5540 duOdOcimi.
1460 5478 1514 5537 2.
1547 5473 1610 5532 in
1629 5472 1758 5543 430,
1783 5471 2126 5542 οζιᾶζιειοεο,
2159 5469 2266 5534 sed
2290 5469 2469 5537 bona
2497 5467 2824 5544 nitidaeque
2855 5465 3186 5541 scripturas,
3219 5466 3394 5542 cujus
3423 5469 3620 5534 textus
3643 5465 3725 5524 ab

325 5559 429 5617 illo
458 5560 678 5634 prioris
707 5562 936 5630 codicis
955 5563 1018 5625 iu
1047 5563 1261 5637 paucis
1285 5563 1504 5633 differt,
1533 5567 1587 5628 3.
1614 5561 1679 5630 in
1715 5560 1924 5629 codice
1955 5563 2080 5630 632,
2109 5559 2253 5628 item
2281 5559 2622 5630 chartaceo,
2652 5555 2760 5623 sed
2793 5555 3130 5630 antiquiore
3143 5573 3163 5630 ς
3210 5554 3273 5615 in
3320 5571 3445 5631 quo
3474 5555 3726 5634 quidem

326 5651 622 5717 omittitur
644 5655 986 5729 exordium,
1014 5659 1080 5713 ut
1098 5653 1255 5715 infra
1275 5671 1390 5715 suo
1419 5655 1557 5714 loco
1583 5653 1809 5725 dicam,
1839 5655 2265 5715 verumtamen
2295 5649 2358 5712 iu
2379 5652 2544 5708 textu
2571 5645 2886 5723 permultae
2917 5650 3056 5702 sunt
3077 5643 3418 5703 additioues
3439 5661 3510 5703 ac
3531 5645 3726 5710 varie-

327 5745 504 5801 tates.
531 5743 801 5804 Primum
830 5745 1105 5806 codicem
1129 5761 1202 5806 ac
1231 5747 1473 5807 tertium
1502 5744 1740 5804 viderat
1763 5742 2011 5803 Allatius
2030 5744 2200 5817 (nam
2229 5741 2304 5799 de
2326 5739 2595 5799 secundo
2618 5736 3216 5810 silet),laudatosque
3243 5735 3322 5794 ab
3353 5751 3424 5794 eo
3454 5735 3622 5794 locos
3640 5735 3728 5794 in-
