4468 6440
782 429 888 484 415
1842 477 1858 489 ,
2061 422 2413 484 THEODORI
2452 428 2542 483 AN

2372 422 2413 482 ll
2452 426 2865 483 ANDIDENSIS
3534 429 3539 439 “
4037 427 4136 480 416

782 550 874 606 fra
901 564 1014 605 nos
1036 548 1484 604 adnotabimus.
1517 549 1740 605 Titulus
1770 554 1970 604 autem
1992 550 2188 620 operis
2215 550 2309 605 ille
2334 556 2440 614 est,
2474 565 2654 621 quem
2695 564 2805 604 nos
2835 548 2991 619 typis
3023 546 3405 618 impriminus
3438 565 3450 602 :
3488 546 3602 601 nisi
3641 546 3806 618 quod
3852 546 4138 600 mendose

781 638 844 692 in
892 635 1160 692 secundo
1217 636 1421 692 codice
1459 638 1746 692 Nicolaus
1788 637 2064 692 scribitur
2103 653 2213 708 pro
2261 639 2588 705 Theodoro,
2620 636 2846 692 librarii
2891 635 3174 690 nimirum
3207 633 3448 706 c267.z~,biqz,
3477 635 3578 706 qui
3613 640 3750 689 tunc
3787 633 4034 688 fortasse
4065 634 4138 687 de

784 724 1025 780 Nicolao
1056 724 1331 780 Cabasila
1360 725 1678 795 cogitabat,
1713 725 1884 796 cujus
1913 725 2222 794 liturgicus
2254 725 2721 781 commentarius
2747 723 2984 794 jamdiu
3015 722 3210 778 editus
3242 722 3630 794 subsequitur
3671 721 3731 776 in
3771 721 3975 776 codice
4005 727 4139 792 post

784 812 954 868 illum
979 812 1292 868 Theodori.

1281 991 1593 1060 Parergon
1631 990 1705 1046 de
1741 991 1869 1046 alia
1907 1006 2096 1047 sacrae
2132 993 2322 1046 missae
2361 991 2739 1059 expositione,
2785 995 2840 1046 et
2880 989 2953 1046 de
2988 1002 3207 1045 canone
3246 990 3313 1044 44
3350 989 3621 1045 Νῐοκηο.

854 1151 1193 1224 Stephanus
1225 1151 1558 1219 Aldoensis,
1595 1167 1755 1206 anno
1793 1157 1927 1208 1670
1958 1153 2151 1208 factus
2183 1151 2524 1225 patriarcha
2551 1150 2954 1205 Antiochenus
2977 1149 3417 1217 Maronitarum,
3443 1153 3500 1203 et
3522 1163 3683 1204 anno
3713 1151 3847 1202 1705
3877 1147 3999 1202 vita
4036 1145 4135 1201 de-

784 1239 1044 1310 functus,
1074 1245 1139 1294 ut
1170 1239 1346 1295 tradit
1375 1245 1742 1295 Assemanus
1769 1241 1829 1295 in
1862 1241 2144 1310 Catalogo
2167 1241 2441 1296 codicum
2475 1241 2577 1295 0r.
2625 1241 2752 1294 Vat.
2782 1243 2820 1293 t.
2853 1242 2940 1306 IlI,
2973 1253 3036 1309 p.
3069 1241 3192 1299 503,
3226 1235 3541 1308 complura
3598 1235 3817 1305 ingenii
3849 1240 4027 1308 atque
4053 1235 4139 1289 in-

783 1327 1028 1383 dustriae
1059 1343 1183 1382 suae
1206 1333 1600 1384 monumenta
1632 1329 1885 1400 reliquit,
1920 1346 2137 1401 nempe
2162 1329 2423 1384 Annales
2453 1327 2770 1383 orientales
2804 1326 2915 1390 ;de
2945 1325 3173 1395 origine
3209 1325 3628 1380 Maronitarum
3666 1340 3680 1388 ;
3712 1324 3928 1378 horum
3953 1323 4141 1377 vindi-

783 1416 907 1471 cias
935 1434 949 1482 ;
978 1415 1118 1470 item
1143 1415 1219 1472 de
1249 1421 1438 1470 metro
1461 1417 1797 1471 carminum
1834 1436 1846 1480 ;
1881 1433 1989 1472 nec
2020 1433 2141 1472 non
2170 1417 2505 1473 Orationale
2533 1417 2705 1486 juxta
2731 1415 2912 1470 ritum
2943 1414 3393 1480 Maronitarum,
3422 1416 3485 1468 ut
3511 1411 3707 1467 videre
3740 1416 3829 1466 est
3857 1413 3918 1466 in
3940 1416 4144 1466 nostro

782 1504 1053 1576 praedicti
1081 1504 1341 1575 Catalogi
1363 1504 1780 1576 supplemento
1810 1506 2016 1577 Script.
2051 1512 2162 1560 vet.
2199 1511 2236 1559 t.
2271 1509 2328 1558 V.
2365 1506 2544 1560 codd.

2381 1506 2544 1560 :Odd.
2579 1507 2707 1574 Syr.
2742 1506 2865 1569 392,
2899 1505 3023 1568 393,
3051 1505 3177 1568 394,
3210 1505 3331 1564 395,
3367 1504 3487 1570 396,
3516 1504 3640 1566 397,
3664 1503 3787 1564 411,
3821 1502 3946 1554 444.
3974 1498 4145 1560 Quod

784 1607 926 1648 vero
954 1591 1028 1648 ad
1062 1608 1188 1648 rem
1214 1598 1574 1664 prtesentem
1607 1594 1829 1663 attinet,
1864 1595 1924 1648 in
1951 1594 2320 1648 carsciunico
2348 1593 2512 1665 apud
2594 1609 2706 1647 nos
2741 1591 2945 1646 codice
2987 1593 3089 1645 400
3130 1590 3464 1644 continetur
3508 1588 3780 1658 ejusdem
3833 1587 4146 1642 Aldoensis

784 1695 1077 1752 magnum
1112 1696 1266 1753 opus
1291 1681 1365 1736 de
1392 1681 1685 1737 sacriﬁcio
1713 1683 1934 1751 missas,
1961 1683 2202 1737 duobus
2237 1683 2413 1738 tomis
2449 1682 2977 1752 comprehensum,
3009 1695 3270 1750 quorum
3302 1682 3506 1733 tamen
3539 1677 3773 1749 primus
3808 1675 3993 1731 deest.
4029 1675 4147 1730 Sed

783 1784 939 1840 ecce,
972 1768 1226 1825 fortunae
1267 1768 1581 1832 beneﬁcio,
1637 1770 2008 1826 desideratus
2051 1772 2146 1826 hic
2173 1773 2580 1826 carsciunicus
2629 1775 2846 1834 tomus,
2882 1767 3193 1840 suppletur
3235 1766 3313 1823 ab
3352 1765 3630 1836 ejusdem
3661 1765 4148 1837 interpretatione

784 1857 1011 1926 Latina,
1038 1873 1174 1930 quas
1196 1859 1255 1913 in
1285 1858 1488 1914 codice
1512 1858 1793 1915 Vaticano
1825 1860 1964 1914 7410
1996 1865 2404 1916 conservatur.
2430 1863 2660 1931 Reapse
2693 1874 2830 1914 cum
2858 1861 3046 1912 totum
3069 1872 3224 1928 opus
3247 1857 3306 1911 in
3329 1855 3538 1910 decem
3562 1858 3761 1927 partes
3781 1854 3912 1926 (seu
3934 1853 4148 1909 cande-

780 1945 976 2013 labra,
1009 1952 1074 2002 ut
1112 1947 1437 2004 Orientales
1487 1947 1720 2004 malunt
1763 1949 1980 2020 dicere)
2018 1949 2429 2018 distribuatur,
2462 1965 2564 2004 sex
2612 1948 2860 2020 quidem
2898 1947 3127 2019 priores
3172 1950 3374 2017 partes
3414 1944 3474 2000 in
3508 1944 3713 2000 Latino
3745 1944 4147 2007 continentur,

783 2040 1043 2107 quatuor
1096 2052 1240 2091 vero
1285 2042 1604 2109 postremae
1655 2037 1714 2092 in
1766 2039 2138 2094 carsciunico
2173 2058 2184 2094 :
2237 2056 2359 2111 quo
2389 2039 2454 2094 fit
2494 2043 2555 2093 ut
2593 2037 2671 2093 ab
2703 2042 2956 2108 utroque
2992 2035 3360 2105 conjunctim
3408 2033 3612 2090 codice
3652 2033 3995 2104 liturgicum
4032 2032 4148 2086 hoc

785 2124 1099 2181 Aldoensis
1124 2142 1279 2198 opus
1308 2126 1484 2182 nobis
1526 2132 1714 2182 totum
1757 2129 2191 2200 suppeditetur.
2222 2129 2507 2194 Quisnam
2539 2142 2677 2182 vero
2707 2125 2882 2181 fuerit
2927 2124 3166 2179 Latinus
3205 2124 3522 2194 interpres,
3551 2121 3741 2178 codex
3779 2137 3902 2177 non
3928 2121 4105 2176 docet
4131 2138 4144 2187 ;

785 2213 890 2268 sed
923 2214 1217 2286 suspicari
1247 2214 1382 2269 licet
1417 2216 1491 2270 de
1525 2216 1694 2271 Petro
1727 2217 2042 2273 Benedicto
2074 2218 2172 2273 illo
2203 2220 2257 2274 S.
2294 2216 2610 2288 Ephraemii
2638 2214 2950 2270 notissimo
2976 2214 3316 2284 interprete.
3347 2216 3614 2284 Namque
3651 2211 3944 2267 Naironus
3983 2209 4148 2282 apud

783 2307 1208 2365 Assemanum,
1241 2303 1374 2359 loco
1422 2305 1789 2376 supradicto,
1816 2305 2159 2362 afﬁrmabat
2186 2310 2387 2362 Romae
2417 2321 2478 2361 se
2515 2304 2801 2377 quaedam
2840 2303 3151 2358 Aldoensis
3181 2301 3548 2374 exemplaria
3576 2301 3884 2373 accepisse
3915 2315 3951 2355 a
3983 2302 4149 2354 Petro

782 2391 1096 2448 Benedicto
1145 2394 1430 2448 Maronita
1486 2395 1893 2451 commodata.
1948 2399 2014 2450 Et
2059 2412 2169 2450 nos
2217 2395 2465 2467 quidem
2513 2394 2591 2450 ab
2641 2393 2954 2449 Aldoensis
2999 2408 3177 2465 opere
3220 2393 3377 2464 typis
3420 2391 3733 2460 tradendo,
3768 2389 3978 2458 moles,
4019 2389 4152 2461 ipsa

788 2481 1045 2538 deterret
1071 2499 1083 2548 ;
1119 2481 1264 2537 nihil
1292 2487 1493 2538 tamen
1526 2487 1703 2555 vetat,
1734 2486 2060 2556 quominus
2079 2485 2260 2555 hujus
2289 2489 2526 2540 tenuem
2555 2483 2763 2539 saltem
2794 2482 3118 2552 imaginem
3143 2481 3534 2537 delineemus.

861 2607 1085 2662 Etenim
1108 2608 1306 2680 operis
1335 2609 1596 2680 partium
1628 2608 1858 2674 decem,
1879 2614 1942 2664 ut
1968 2610 2253 2679 diximus,
2281 2610 2343 2665 in
2366 2609 2566 2681 plures
2591 2623 2974 2680 unaquaeque
2997 2611 3281 2663 tractatus
3300 2605 3721 2675 subdividitur,
3743 2606 3925 2678 hique
3945 2620 4154 2661 rursus

787 2697 849 2752 in
882 2697 1197 2765 sectiones,
1233 2703 1517 2770 tantaque
1549 2704 1636 2754 est
1666 2701 2006 2769 argumenti
2039 2699 2431 2764 abundantia,
2461 2702 2515 2754 et
2535 2703 2655 2754 tam
2684 2699 2934 2769 copiosa
2973 2696 3265 2763 tractatio,
3299 2700 3363 2751 ut
3390 2695 3538 2750 nihil
3565 2696 3679 2751 hac
3711 2710 3890 2767 super
3919 2711 3980 2750 re
4005 2693 4155 2750 indi-

789 2790 953 2840 ctum
984 2785 1378 2858 relinquatur.
1408 2790 1447 2841 I.
1478 2789 1617 2842 Pars
1649 2787 1722 2842 de
1753 2788 1936 2843 missa
1956 2787 2074 2842 fere
2103 2787 2455 2857 generatim,
2479 2787 2537 2841 id
2566 2788 2746 2842 estde
2777 2787 2906 2857 ejus
2929 2785 3306 2851 nominibus,
3337 2784 3702 2852 definitione,
3735 2784 4152 2856 partibus,etc.

789 2877 854 2930 II.
881 2878 960 2930 De
990 2875 1123 2931 loco
1163 2876 1551 2931 conveniente
1583 2877 1958 2933 celebrandre
2000 2878 2221 2943 missae,
2253 2877 2312 2932 id
2344 2879 2434 2931 est
2473 2875 2548 2930 de
2588 2875 2874 2942 ecclesiis,
2907 2890 3239 2947 earumque
3270 2873 3564 2946 partibus,
3607 2873 3917 2939 altaribus,
3953 2871 4156 2944 supel-

785 2963 997 3029 lectile,
1031 2969 1142 3020 etc.
1174 2968 1264 3020 III.
1298 2968 1376 3020 De
1409 2965 1716 3020 sacerdote
1752 2967 1951 3021 missae
1981 2967 2268 3023 ministro.
2304 2969 2361 3020 et
2388 2965 2462 3019 de
2490 2965 2808 3021 sacerdotii
2845 2964 3154 3034 gradibus,
3196 2963 3428 3032 ofﬁciis,
3461 2968 3568 3019 etc.
3605 2966 3691 3018 ιν.
3736 2966 3814 3018 De
3843 2977 4157 3035 praepara-

788 3052 946 3107 tione
976 3052 1359 3108 sacerdotum
1392 3053 1469 3108 ad
1499 3053 1768 3118 missam,
1803 3055 2090 3121 vestibus,
2123 3060 2235 3109 etc.
2271 3055 2330 3108 V.
2368 3053 2720 3125 Singillatim
2754 3053 2826 3109 de
2857 3054 3056 3109 missa:
3085 3053 3376 3124 partibus.
3420 3053 3509 3107 VI.
3543 3053 3752 3108 Adhuc
3795 3052 3869 3106 de
3909 3050 4153 3122 reliquis

787 3142 993 3198 missae
1019 3141 1317 3213 partibus.
1337 3145 1632 3198 Hactenus
1651 3143 1839 3198 codex
1869 3143 2129 3199 Latinus.
2157 3148 2219 3198 In
2237 3143 2606 3199 carsciunico
2632 3148 2853 3210 autem,
2869 3147 3036 3214 parte
3059 3143 3180 3196 VII.
3204 3142 3543 3198 Prosecutio
3569 3146 3657 3197 est
3673 3140 3900 3196 ordinis
3927 3139 4149 3206 missae,

788 3230 1028 3297 scilicet,
1062 3231 1136 3285 de
1168 3245 1317 3303 pace
1339 3231 1564 3296 danda,
1594 3236 1649 3287 et
1673 3231 1748 3287 de
1770 3231 1973 3287 altaris
1993 3232 2312 3299 velamine,
2345 3247 2455 3287 nec
2484 3247 2607 3288 non
2634 3233 2938 3304 apertione
2961 3232 3406 3303 mysteriorum.
3441 3233 3575 3285 VIII.
3604 3233 3682 3286 De
3706 3230 4152 3286 consecratione

789 3319 1173 3386 sacramenti,
1205 3319 1368 3391 quod
1401 3325 1493 3375 est
1513 3320 1847 3376 secundum
1875 3322 2070 3376 missae
2097 3325 2498 3392 segmentum.
2525 3323 2608 3377 IX.
2636 3324 2715 3377 De
2735 3320 3046 3391 signaculo
3070 3321 3261 3377 crucis
3288 3336 3468 3393 super
3485 3319 3754 3384 calicem,
3778 3319 3852 3374 de
3876 3317 4153 3375 Oratione

787 3407 1116 3475 Dominica,
1164 3413 1220 3463 et
1264 3409 1619 3464 sacramenti
1654 3409 1981 3466 elevatione
2015 3413 2074 3466 X.
2120 3413 2195 3465 De
2227 3410 2515 3468 fractione
2549 3413 2884 3483 specierum
2911 3411 3106 3484 panis,
3141 3415 3197 3466 et
3227 3411 3575 3483 aspersione
3606 3408 3991 3466 sacratissimi
4022 3423 4158 3462 san-

788 3497 986 3567 guinis
1016 3513 1196 3569 super
1226 3497 1377 3568 illas,
1401 3504 1457 3554 et
1486 3498 1560 3554 de
1603 3501 1964 3555 sacramenti
1990 3500 2405 3556 distributione
2429 3499 2727 3556 ﬁdelibus.

857 3624 990 3678 Jam
1012 3637 1154 3677 vero
1184 3623 1246 3677 in
1277 3627 1532 3678 tractatu
1563 3628 1684 3680 tam
1707 3623 1908 3689 ubere,
1936 3625 2127 3681 multa
2157 3641 2284 3680 esse
2313 3625 2471 3681 bona
2503 3629 2557 3681 et
2579 3625 2764 3692 utilia,
2787 3630 2843 3681 et
2869 3626 3237 3699 quandoque
3261 3625 3440 3682 etiam
3463 3624 3801 3697 peregrina,
3835 3621 3968 3694 quis
3987 3621 4162 3676 dubi-

786 3712 916 3767 tet?
947 3711 1248 3782 Imprimis
1271 3712 1612 3769 testimonia
1642 3713 1975 3770 clarissima
2005 3715 2079 3770 de
2108 3715 2318 3770 Christi
2349 3731 2598 3786 corpore
2628 3715 2688 3769 in
2721 3715 3088 3771 Eucharistia
3113 3717 3428 3787 praesente,
3457 3718 3513 3769 et
3532 3712 3696 3786 quod
3728 3711 3940 3768 Christi
3965 3710 4158 3783 ipsius

787 3800 1141 3856 institutoris
1167 3801 1363 3856 verbis
1393 3801 1497 3858 fiat
1524 3803 1918 3858 consecratio.
1954 3806 2098 3859 Item
2135 3804 2208 3859 de
2237 3803 2389 3859 Petri
2421 3808 2473 3858 et
2506 3803 2760 3860 Romani
2791 3803 3090 3875 pontiﬁcis
3117 3804 3400 3876 primatu,
3434 3819 3620 3875 quem
3650 3800 3903 3858 summis
3934 3799 4161 3855 viribus

786 3895 1150 3962 propugnat,
1167 3896 1223 3946 et
1243 3890 1320 3946 ad
1348 3892 1691 3948 universam
1721 3893 2064 3963 Ecclesiam,
2090 3898 2270 3965 prout
2291 3894 2349 3947 in
2373 3893 2706 3948 Florentino
2727 3894 3098 3949 oecumenico
3121 3893 3434 3948 deﬁnitum
3447 3896 3551 3962 est,
3570 3890 3851 3948 extendit.
3869 3893 4001 3961 (Par
4019 3903 4162 3958 erga

787 3980 936 4036 Petri
960 3995 1376 4036 successorem
1399 3982 1713 4054 proﬁtetur
1728 3982 2088 4055 obsequium
2114 3983 2291 4039 etiam
2315 3981 2669 4038 auctorlibri
2689 3999 2799 4037 ms.
2820 3998 3003 4054 quem
3021 3998 3144 4055 prae
3161 3982 3444 4038 manibus
3466 3981 3660 4037 habeo
3674 3979 4161 4036 caerimoniarum

787 4068 1066 4125 Ecclesiae
1092 4070 1472 4140 Maroniticae,
1491 4071 1593 4128 ubi
1615 4072 1677 4126 in
1706 4072 1957 4144 prologo
1981 4071 2196 4128 dicitur
2219 4074 2372 4128 Deus
2401 4071 2689 4128 fundasse
2723 4071 3043 4128 Ecclesiam
3070 4088 3140 4128 ac
3171 4071 3530 4129 stabilivisse
3553 4086 3738 4143 supra
3768 4074 3999 4142 patrem
4023 4067 4162 4122 ﬁdei

786 4159 982 4230 Petri).
1014 4159 1237 4215 Deinde
1268 4159 1342 4215 de
1373 4161 1784 4232 patriarchatu
1811 4162 2181 4218 Antiocheno
2203 4163 2326 4234 agit
2356 4161 2669 4217 Aldocnsis
2699 4180 2711 4230 ;
2745 4161 2819 4217 de
2845 4163 2939 4218 SS.
2977 4163 3316 4232 imaginum
3346 4161 3726 4216 veneratione
3753 4176 3765 4225 ;
3789 4159 3863 4214 de
3893 4156 4163 4212 vestibus

787 4252 968 4321 atque
985 4249 1300 4305 ornatibus
1323 4251 1787 4322 pontiﬁcalibus,
1819 4257 1928 4306 etc.
1954 4255 2258 4308 Postremo
2283 4251 2524 4322 c0piose
2551 4251 2861 4307 disseritur
2893 4251 2967 4307 de
2985 4251 3250 4322 trisagio,
3276 4251 3448 4322 cujus
3474 4250 3653 4306 etiam
3675 4249 3905 4305 celebre
3927 4247 4160 4303 addita-

785 4344 1061 4394 mentum
1111 4340 1215 4410 qui
1261 4342 1593 4409 cruciﬁxus
1631 4347 1714 4397 est
1754 4358 1864 4411 pro
1905 4343 2092 4410 nobis,
2123 4343 2181 4397 in
2209 4341 2478 4397 Ecclesiis
2519 4340 2918 4396 Orientalibus
2947 4340 3131 4410 vulgo
3161 4345 3546 4412 usurpatum,
3581 4338 3894 4394 Aldoensis
3926 4341 4160 4402 tuetur;

785 4443 912 4486 non
942 4427 1022 4483 ad
1050 4428 1394 4484 Trinitatem
1427 4434 1631 4485 tamen
1652 4429 1926 4501 relatum,
1963 4431 2071 4486 sed
2103 4431 2178 4486 ad
2214 4430 2422 4486 Filium
2461 4445 2473 4495 ;
2528 4430 2652 4486 imo
2679 4445 2804 4487 non
2836 4430 3321 4487 additamentum
3368 4428 3814 4498 tantummodo,
3849 4427 3954 4482 sed
3996 4427 4162 4482 trisa-

788 4518 955 4587 gium
988 4521 1200 4584 totum,
1230 4519 1308 4574 ad
1333 4517 1530 4573 solum
1563 4519 1773 4574 Filium
1806 4520 1883 4576 ab
1914 4520 2308 4576 Orientalibus
2333 4519 2535 4575 referri
2564 4523 2771 4576 narrat
2809 4538 2821 4588 ;
2868 4535 3039 4576 secus
3069 4535 3209 4576 vero
3239 4535 3274 4576 a
3307 4520 3523 4576 Graecis
3563 4525 3620 4575 et
3659 4515 4161 4580 Occidentalibus,

786 4607 1017 4663 omisso
1050 4623 1290 4680 semper
1317 4607 1748 4678 additamento,
1780 4609 1842 4664 id
1875 4610 1953 4664 ad
1985 4609 2178 4666 solam
2209 4610 2552 4690 Trinitatem
2574 4609 2776 4664 referri
2809 4609 2998 4666 solere
3031 4627 3043 4665 :
3074 4625 3197 4682 qua
3222 4608 3606 4665 distinctione
3632 4607 3922 4676 adhibita,
3947 4621 4164 4678 pacem

787 4696 1184 4753 Ecclesiarum
1239 4697 1398 4753 circa
1447 4699 1606 4755 hanc
1664 4700 2133 4756 controversiam
2192 4698 2496 4756 conciliari
2537 4714 2717 4771 posse
2769 4699 3020 4770 judicat.
3065 4698 3306 4756 Interim
3344 4715 3456 4772 pro
3493 4698 3596 4754 illa
3633 4697 3844 4753 ultima
3873 4695 4167 4768 particula

783 4786 1013 4858 profert
1039 4786 1383 4842 testimonia
1410 4791 1455 4842 I.
1483 4788 1822 4859 Ephraamii,
1845 4787 2203 4862 patriarchae
2224 4788 2600 4845 Antiocheni.
2630 4792 2685 4845 2.
2709 4789 2957 4845 Joannis
2978 4789 3233 4845 Maronis
3249 4790 3390 4846 item
3407 4787 3764 4861 patriarchae
3787 4785 4162 4842 Antiocheni.

787 4881 839 4932 5.
873 4875 1140 4948 Dionysii
1165 4875 1473 4942 Barsalibi,
1505 4877 1843 4933 Amidensis
1862 4878 2160 4951 episcopi;
2193 4883 2244 4933 4.
2270 4877 2507 4934 concilii
2536 4879 2954 4935 Armeniorum
2987 4880 3317 4936 Tarsensis.
3339 4884 3389 4936 3.
3413 4878 3707 4934 librorum
3727 4876 4162 4946 liturgicorum.

788 4964 1074 5022 Concedit
1104 4969 1309 5020 tamen
1340 4968 1576 5022 Petrum
1607 4967 1917 5023 Fullonem
1960 4983 2142 5024 sensu
2177 4968 2459 5024 haeretico
2519 4967 2686 5023 illam
2736 4967 3074 5024 clausulam
3117 4983 3490 5041 usurpasse;
3545 4971 3727 5038 atque
3776 4965 3914 5020 hinc
3965 4968 4166 5020 ortum

788 5059 980 5111 totum
999 5055 1132 5126 ejus
1161 5055 1244 5110 rei
1276 5055 1482 5111 odium
1511 5061 1567 5112 et
1586 5056 2108 5129 disceptationem.
2144 5060 2276 5113 Haec
2307 5057 2381 5113 de
2413 5057 2759 5130 patriarcha
2788 5059 3237 5115 Maronitarum.
3261 5058 3459 5114 Alium
3488 5073 3632 5113 vero
3654 5071 3827 5129 reque
3858 5055 4165 5125 ingentem

786 5145 1290 5200 commentarium
1322 5144 1666 5216 liturgicum
1697 5147 1960 5202 Nersetis
1998 5147 2492 5219 Lamprunensis,
2535 5148 2956 5204 Armeniorum
2989 5149 3212 5205 saeculo
3241 5147 3606 5204 duodecimo
3637 5144 3921 5218 episcopi,
3949 5144 4167 5200 Latina:

785 5233 929 5290 item
953 5232 1222 5290 Ecclesia
1249 5235 1741 5301 reverentissimi,
1775 5235 1892 5292 alio
1924 5252 2036 5292 nos
2065 5241 2332 5310 tempore
2365 5237 2618 5292 fortasse
2658 5253 3058 5310 exponemus.

859 5360 1219 5417 Notissimus
1240 5365 1329 5416 est
1373 5376 1569 5416 canon
1602 5364 1669 5416 44
1693 5361 1968 5417 Nicaanus
1999 5361 2312 5431 Arabicus,
2346 5363 2521 5434 cujus
2549 5362 2885 5419 clausulam
2910 5362 2983 5420 de
3011 5363 3264 5419 Romani
3287 5362 3583 5436 pontiﬁcis
3601 5359 3952 5417 auctoritate
3985 5373 4171 5430 supra

787 5466 1000 5508 omnes
1016 5451 1197 5508 etiam
1215 5452 1616 5525 patriarchas,
1634 5468 1858 5524 ponam
1883 5457 2161 5510 accurate
2186 5453 2543 5509 translatam
2566 5468 2638 5508 ex
2664 5453 2920 5510 Arabico
2937 5457 3121 5520 textu,
3136 5469 3319 5527 quem
3341 5453 3548 5509 recitat
3564 5453 3785 5524 Coptus
3811 5449 4166 5514 Ben-Assali,

787 5541 992 5598 saeculi
1021 5559 1101 5600 xu
1133 5540 1556 5615 Monophysita
1581 5547 1808 5605 auctor,
1835 5544 1892 5599 in
1921 5543 2125 5599 codice
2156 5542 2418 5601 Arabico
2446 5543 2729 5601 Vaticano
2754 5549 2874 5611 151,
2905 5543 3009 5601 ubi
3035 5544 3165 5616 ejus
3193 5547 3482 5602 tractatus
3504 5539 4085 5611 cononicuslegitur.
4117 5542 4168 5594 Is

786 5648 932 5703 ergo
962 5632 1022 5689 in
1048 5637 1216 5706 parte
1247 5649 1286 5699 ι,
1315 5648 1449 5705 cap.
1478 5636 1531 5700 4,
1566 5636 1894 5707 postquam
1923 5633 2094 5702 dixit,
2113 5634 2405 5706 primum,
2432 5634 2556 5691 imo
2578 5639 2635 5691 et
2661 5639 2863 5707 caput,
2897 5634 3382 5707 patriarcharum
3411 5649 3542 5690 esse
3571 5629 4169 5695 Romanum,diserte

788 5723 1030 5782 scribit:
1066 5747 1092 5774 «
1129 5725 1289 5782 Sicut
1313 5722 1933 5798 patriarchaimperio
1960 5728 2018 5782 et
2046 5725 2396 5784 auctoritate
2433 5739 2580 5799 erga
2617 5723 2731 5783 sibi
2769 5724 3070 5801 subjectos
3089 5725 3379 5800 prmdltus
3413 5727 3522 5791 est,
3555 5722 3638 5782 ita
3662 5724 3859 5780 Romae
3900 5721 4170 5778 Domnus
