4468 6440
308 382 413 436 H7

1522 373 2026 431 COMMENTATIO
2076 373 2462 430 LlTURGlCA.

3566 377 3669 436 418

304 502 661 560 auctoritate
690 516 837 573 erga
862 515 1077 557 omnes
1105 498 1480 573 patriarchas
1509 497 1691 570 pollet
1714 517 1727 553 :
1750 499 2045 570 quoniam
2101 497 2227 569 ipse
2261 498 2490 568 primus
2521 500 2628 563 est,
2662 502 2950 570 tanquam
2985 501 3217 567 Petrus;
3246 505 3545 572 quatenus
3574 502 3670 558 hic

304 590 581 648 videlicet
604 590 953 648 auctoritate
984 603 1165 661 super
1186 602 1398 644 omnes
1429 586 1884 644 Christianitatis
1908 588 2190 659 prtesules
2230 587 2559 656 fruebatur,
2586 594 2643 643 et
2681 604 2820 658 erga
2846 588 3308 654 multitudinem,
3342 607 3408 647 ex
3429 609 3552 665 qua
3571 593 3672 650 illa

305 680 635 736 conﬂatur:
665 683 872 750 utpote
899 677 1110 735 Christi
1134 676 1368 733 Domini
1396 676 1583 731 nostri
1614 692 1943 748 successor,
1978 676 2205 748 papulo
2240 677 2369 746 ejus
2414 678 2802 749 Ecclesiisque
2832 680 3218 749 praepositus.
3265 701 3292 729 ››
3325 680 3412 750 (Et
3442 681 3525 736 sic
3558 684 3671 738 Leo

306 772 514 825 noster
543 781 824 837 magnus,
853 780 1033 822 serm.
1064 778 1156 831 Iv,
1188 769 1255 819 2:
1291 785 1319 814 ι(
1352 766 1556 819 Petrus
1580 763 1807 819 cunctis
1832 763 2099 819 Ecclesia:
2129 764 2405 819 Patribus
2446 765 2825 837 praepositus.
2859 788 2886 815 ››
2922 768 2987 821 Et
3015 767 3184 828 Joan,
3216 768 3671 827 Cmsariensisin

305 856 530 912 inedito
557 870 737 928 opere
766 854 839 909 de
870 868 1041 909 conc.
1070 852 1265 908 Chalc.
1289 852 1432 907 dicit
1457 852 1658 924 ipsum
1687 854 1943 907 Leonem
1975 858 2156 924 caput
2180 854 2787 924 episcoporum).0uo
2818 869 3048 910 canone
3070 860 3206 927 post
3236 857 3487 929 Coptum
3521 859 3638 915 Ben

305 944 497 1001 Assali
524 960 665 999 usus
694 947 787 999 est
817 942 997 998 etiam
1018 941 1315 998 Naironus
1346 940 1629 996 Maronita
1655 940 1714 995 in
1745 941 2111 1013 Evoplia,p.
2150 941 2251 995 '276
2278 944 2471 997 et293.
2500 944 2709 997 Praeter
2726 941 2827 998 illa
2856 958 2992 1015 qua:
3016 942 3090 998 de
3112 943 3374 1015 primatu
3399 948 3671 1003 Romano

306 1032 637 1105 disputavit
660 1030 809 1087 alter
824 1030 1021 1087 clarus
1050 1031 1360 1097 Maronita,
1382 1028 1763 1084 Abrahamus
1782 1029 2198 1097 Ecchellensis,
2224 1031 2284 1085 iu
2308 1034 2560 1085 tractatu
2583 1032 2663 1087 De
2683 1032 2914 1102 origine
2932 1032 3182 1088 nominis
3198 1048 3398 1103 papae.
3420 1034 3673 1109 Addesis

306 1138 444 1195 qua:
461 1119 1143 1178 S.AnselmusLucencis
1172 1117 1543 1188 amplissime
1560 1118 1635 1172 de
1656 1118 1768 1173 hac
1797 1133 1859 1173 re
1886 1117 2094 1173 scribit
2144 1116 2247 1172 lib.
2280 1120 2444 1173 Ietll.
2480 1119 2538 1173 in
2583 1135 2692 1173 sua
2746 1118 3090 1175 collectione
3130 1122 3442 1191 canonica,
3499 1125 3673 1195 cujus

306 1227 418 1267 nos
444 1209 644 1266 titulos
694 1206 1015 1264 edidimus.
1044 1206 1210 1262 Adde
1236 1206 1376 1262 item
1410 1205 1535 1262 duo
1555 1221 1717 1263 nova
1736 1206 2074 1263 testimonia
2102 1206 2159 1261 in
2183 1208 2401 1262 nostris
2430 1207 2743 1278 Augustini
2772 1208 3149 1264 sermonibus
3178 1210 3473 1267 Vaticanis
3501 1213 3612 1281 LII,
3644 1219 3667 1269 I

307 1304 366 1354 et
404 1300 553 1366 CXX,
590 1299 677 1353 I3.
703 1296 968 1367 Denique
1000 1295 1193 1352 Casin.
1250 1294 1601 1350 Parisiensis
1630 1310 1829 1350 sermo
1870 1296 2051 1361 XXIII,
2093 1296 2238 1367 quia
2264 1295 2442 1351 nobis
2474 1296 2535 1351 in
2567 1296 2709 1353 item
2747 1297 2883 1353 cod.
2918 1300 3044 1353 Vat.
3079 1298 3274 1355 Ottob.
3299 1304 3423 1368 977,
3474 1300 3515 1357 f.
3543 1304 3668 1370 262,

306 1386 636 1457 legebatur,
671 1385 755 1441 ita
776 1383 1173 1440 concluditur.
1216 1404 1245 1433 α
1274 1383 1686 1440 Communicet
1714 1386 1902 1455 Petro,
1935 1384 2042 1457 qui
2073 1384 2199 1440 vult
2225 1389 2457 1457 partem
2486 1385 2709 1442 habere
2739 1402 2880 1442 cum
2911 1386 3164 1445 Christo.
3198 1408 3227 1437 ››

741 1707 1527 1825 ΘΕΟΔΩΡΟΥ
1601 1705 2489 1819 ΕΠΙΣΚΟΠΟΥ
2565 1706 3246 1821 ΑΝΔΙΔΩΝ

1547 1891 1925 1939 ΙΙΡΟΘΕΩΡΙΑ
1969 1891 2434 1940 ΚΕΦΑΛΑῙΩΔΗΣ

668 2019 817 2069 HEPI
858 2021 991 2068 ΤΩΝ
1034 2020 1119 2067 ΕΝ
1157 2020 1243 2086 ἰᾚ
1285 2018 1441 2085 ΘΕΙᾼ
1486 2017 1880 2089 ΛΕΙΤΟΥΡΓΙᾼ
1924 2017 2321 2066 ΓΙΝΟΜΕΝΩΝ
2362 2018 2723 2066 ΣΥΜΒΟΛΩΝ
2767 2021 2877 2067 ΚΑΙ
2920 2020 3302 2070 ΜΥΣΤΗΡΙΩΝ

1859 2142 1993 2193 ῐιονη
2005 2137 2154 2189 θεῖσα

882 2264 939 2317 ἑκ
969 2271 1265 2339 προτροπῆς
1295 2267 1384 2315 καὶ
1418 2260 1674 2324 ἀξιώσεως
1703 2269 1794 2314 τοῦ
1827 2261 2218 2333 θεοφιλεστάτου
2251 2261 2536 2315 ἐπισκόπου
2570 2262 2783 2325 Φυτείας
2814 2264 3085 2317 Βασιλείου

587 2534 1449 2660 THEODORI
1537 2530 2289 2654 EPISCOPI
2378 2532 3411 2657 ANDIDORUM

1611 2738 1857 2784 BREVIS
1894 2738 2380 2783 COMMENTATIO

1162 2856 1249 2909 DE
1289 2852 1542 2913 DIVINE
1587 2852 1927 2907 LlTURGle
1970 2851 2308 2907 SYMBOLIS
2345 2852 2435 2907 AC
2472 2852 2834 2908 MYSTERHS

1824 2974 1968 3031 Com
1978 2976 2172 3048 posita

941 3105 1218 3161 hortante
1249 3118 1320 3159 ac
1348 3100 1694 3175 postulante
1718 3102 1837 3156 Deo
1867 3099 2221 3157 charissimo
2249 3102 2535 3174 episcopo
2576 3100 2799 3174 Phytiaa
2830 3102 3070 3159 Basilio.

384 3414 452 3468 α’.
514 3411 697 3465 Πολλοὶ
751 3418 851 3463 τῶν
922 3411 1162 3483 ἱερᾶσθαι
1222 3407 1538 3486 ἠξιωμένων⁹
1592 3408 1747 3457 ἴσασι
1822 3405 1911 3476 μεν
1943 3405 1988 3456 Α

308 3508 403 3556 καὶ
450 3501 765 3576 ὁμολογοῦσι
814 3502 881 3554 τὰ
929 3502 976 3552 ἑν
1032 3507 1095 3572 τῇ
1152 3500 1263 3571 θείᾳ
1322 3500 1585 3573 ἱερουργίᾳ
1636 3493 1914 3562 τελούμενα

311 3596 476 3645 τύπον
535 3592 661 3644 εἰναι
713 3599 804 3643 τοῦ
871 3594 1135 3663 Σωτηρίον
1190 3590 1389 3649 πάθους
1440 3591 1530 3639 καὶ
1585 3594 1676 3646 τῆς
1745 3593 1913 3657 ταφῆς

312 3688 405 3735 καὶ
434 3690 526 3741 τῆς
596 3680 929 3739 ἀναστάσεως
978 3686 1068 3731 τού
1124 3684 1351 3750 Χριοτοῦ
1410 3681 1500 3729 καὶ
1554 3682 1688 3728 Θεοῦ
1743 3676 1910 3747 ἡμῶν·

312 3774 394 3824 ὅτι
426 3766 486 3822 δι
524 3774 613 3821 καὶ
637 3770 817 3830 πάσης
844 3775 939 3829 τῆς
980 3766 1140 3819 αὐτοῦ
1170 3769 1301 3841 πρὸς
1353 3768 1492 3837 ἡμᾶς
1543 3759 1913 3839 σωτηριῳδους

310 3857 602 3931 ἔπιδημίας
652 3877 707 3911 τε
762 3862 851 3910 καὶ
900 3856 1193 3929 οἰκονομίας
1253 3859 1575 3928 σημαίνουσι
1625 3856 1689 3905 τὰ
1744 3872 1913 3927 παρη-

312 3948 673 4006 κολουθηκότα
718 3952 1082 4022 γνωρίσματα,
1118 3944 1200 3997 ἀπ’
1231 3946 1396 4005 αὐτῆς
1445 3942 1620 4017 ἀρχῆς
1665 3950 1756 4003 τῆς
1793 3941 1911 3993 συ).-

305 4039 515 4110 λήψεως
553 4038 757 4108 τούτου,
804 4042 1088 4109 γεννήσεώς
1118 4054 1172 4088 τε
1201 4040 1291 4086 καὶ
1323 4033 1591 4105 ὼαλωγῆς
1617 4040 1712 4093 τῆς
1755 4051 1909 4103 τρια-

304 4136 622 4189 κονταετοῦς·
669 4130 800 4195 πρὸς
855 4121 913 4179 δε
965 4130 1055 4177 καὶ
1093 4133 1187 4187 τῆς
1237 4131 1329 4176 τοῦ
1379 4119 1692 4198 Προδρομου
1748 4121 1907 4174 αὐτοῦ

302 4218 651 4289 λειτουργίας,
702 4221 793 4268 καὶ
837 4223 927 4275 τῆς
974 4212 1022 4266 ἐν
1072 4223 1145 4285 τῷ
1204 4212 1536 4285 βαπτίσματι
1581 4211 1739 4263 αὐτοῦ
1789 4209 1907 4262 ἁνα-

308 4304 537 4370 ὃείξεως·
590 4311 674 4358 ναὶ
726 4310 829 4377 μὴν
878 4309 1103 4365 καὶτῆς
1155 4310 1255 4354 τῶν
1310 4300 1611 4354 ἀποστόλων
1671 4300 1905 4373 ἐκλογῆς,

302 4400 391 4449 καὶ
436 4403 527 4449 τοῦ
573 4404 674 4447 τῶν
727 4396 1033 4466 θαυμασίων
1090 4398 1324 4466 τριετούς
1379 4395 1598 4464 χρόνον,
1652 4390 1705 4454 ἐξ
1756 4400 1825 4442 ῶν
1881 4394 1907 4444 ὁ

303 4488 489 4558 φθόνος
521 4486 627 4553 (al.
679 4484 805 4540 cod.
838 4484 1004 4555 φόνος)
1029 4487 1119 4535 καὶ
1163 4483 1188 4533 ὀ
1241 4484 1468 4556 σταυρὸς
1519 4483 1908 4534 κατεσκεύαστο

302 4574 399 4627 οὐκ
452 4569 556 4625 οἷδ’
606 4572 765 4633 ὂίπως
822 4568 978 4637 επεῖν,
1030 4573 1100 4633 ὡς
1141 4566 1289 4643 οἶμαί
1319 4576 1588 4641 αγνοοῦσι.
1637 4574 1821 4623 Καίτοι
1849 4590 1910 4642 γε

301 4660 428 4716 οὐδὲ
471 4671 625 4734 σῶμα
678 4661 877 4713 καλοῖτ’
924 4661 985 4712 ἄν
1015 4678 1139 4713 ποτε
1190 4663 1248 4711 τὸ
1306 4664 1467 4731 μόνην
1521 4658 1707 4717 κεαλήν
1763 4663 1909 4731 ἔχον,

299 4749 481 4806 ποδῶν
520 4748 578 4804 δε
630 4756 721 4803 καὶ
769 4758 963 4825 χειρῶν
1007 4754 1097 4802 καὶ
1142 4756 1240 4801 τῶν
1286 4748 1448 4806 ἄλλων
1479 4748 1644 4822 μελῶν
1686 4748 1907 4803 ἀπεστε-
1940 4757 1984 4809 Β

297 4845 544 4919 ρημένον.
588 4840 707 4893 Ὀτι
757 4836 817 4893 δε
876 4847 1030 4911 σῶμα
1074 4838 1259 4892 τελειον
1307 4842 1365 4891 τὸ
1426 4840 1688 4911 θυόμενον,
1740 4841 1909 4892 ἄκον-

302 4942 406 4986 Χον
437 4932 598 4983 αὐτοῦ
628 4937 719 4982 τού
768 4930 996 5003 χριστοᾶ
1034 4928 1292 4999 λέγοντος·
1338 4950 1366 4977 (ι
1420 4928 1637 4994 Λάϐετε,
1699 4930 1905 5001 φάγετε·

294 5026 454 5075 τοῦτό
497 5023 613 5073 ἐστι
638 5023 694 5072 τὸ
727 5021 880 5091 σῶμά
927 5038 1087 5092 μου.»
1118 5016 1254 5071 Ἀλλ’
1305 5015 1428 5071 add“:
1461 5016 1583 5091 βίου
1633 5023 1724 5071 καὶ
1763 5018 1909 5072 πολι-

292 5116 432 5171 τείας
488 5110 638 5163 εἰκὼν
712 5111 739 5167 ἡ
789 5107 967 5180 λογικὴ
1026 5109 1237 5183 ἱστορία
1288 5110 1431 5182 παρά
1483 5128 1621 5171 τινος
1678 5110 1884 5183 ύπογρά

292 5219 461 5274 φοιτο,
495 5198 540 5251 εἰ
571 5198 645 5271 μή
672 5199 739 5250 τὰ
785 5196 837 5261 ἐξ
877 5195 1053 5271 ἀρχῆς
1103 5195 1151 5249 ἄν
1179 5205 1238 5270 τῇ
1291 5202 1528 5269 γεννήσει
1577 5198 1905 5271 παρηκολου-

293 5293 515 5355 θηκότα,
546 5292 637 5339 καὶ
691 5290 757 5340 τὰ
809 5285 857 5339 ἐν
907 5290 1051 5359 μέσῳ
1096 5291 1366 5359 γεγονότα,
1418 5291 1508 5339 καὶ
1556 5286 1604 5339 ἐν
1649 5296 1720 5357 τῷ
1775 5288 1905 5341 τέλει

292 5376 688 5451 συμϐεϐηκότα,
758 5375 1177 5449 ἑνσημανθῶσιν.
1238 5376 1299 5430 Εἰ
1355 5384 1444 5429 οὖν
1500 5379 1644 5451 παρά
1712 5376 1905 5450 ἀνθρὼ-

286 5490 399 5523 πων
449 5471 698 5539 γενόμενα
744 5466 881 5519 οὕτω
943 5464 1350 5539 συμπλέκονται,
1405 5469 1474 5529 ὡς
1532 5470 1662 5520 εἶναι
1732 5467 1899 5527 πάντη

290 5556 729 5632 συμπεπλεγμένα
797 5561 887 5609 καὶ
969 5554 1314 5631 ἀνιστόρητα,
1368 5566 1479 5618 πῶς
1543 5558 1603 5610 οἷν
1666 5560 1733 5610 τὰ
1783 5565 1901 5633 περὶ

364 5688 379 5721 ⁸
414 5681 616 5742 Matth.
641 5695 801 5749 xxvn,
828 5683 919 5735 27.

2108 3404 2156 3457 II.
2192 3404 2349 3461 Multi
2377 3405 2483 3477 qui
2514 3404 2833 3461 sacerdotii
2853 3404 3051 3461 omcio
3085 3404 3438 3477 funguntur,
3492 3410 3685 3467 sciunt

2026 3498 2305 3572 equidem
2337 3501 2393 3551 et
2418 3493 2798 3561 conﬁtentur,
2830 3509 2902 3550 ea
2937 3510 3075 3567 quas
3100 3496 3159 3551 in
3212 3495 3418 3553 divina
3445 3497 3686 3568 liturgia

1968 3616 1979 3627 -
2026 3589 2193 3655 fiunt,
2222 3586 2482 3657 ﬁguram
2508 3599 2640 3639 esse
2670 3581 2994 3640 Salvatoris
3025 3585 3348 3656 passionis,
3400 3591 3457 3643 et
3486 3588 3686 3660 sepul-

2024 3682 2170 3735 tura:
2200 3692 2270 3733 ac
2300 3672 2750 3731 resurrectionis
2779 3671 3099 3728 Salvatoris
3128 3672 3340 3730 Christi
3364 3676 3683 3734 Deinostri.

2025 3766 2195 3833 Quod
2218 3769 2419 3821 autem
2450 3761 2726 3833 ejusdem
2779 3776 3023 3833 quoque
3078 3761 3355 3819 salutaris
3387 3764 3691 3822 adventus

2024 3861 2081 3913 et
2103 3852 2531 3912 incarnationis
2562 3867 2684 3924 pra:
2724 3867 2785 3907 se
2818 3850 3011 3907 ferant
3039 3859 3512 3925 consequentem
3541 3856 3689 3911 noti-

2025 3948 2187 4017 tiam,
2209 3946 2337 4018 jam
2368 3944 2506 3999 inde
2536 3943 2613 3999 ab
2641 3942 2828 4007 initio,
2855 3943 3264 4015 conceptionis
3317 3945 3467 4016 ejus,
3500 3949 3556 4002 et
3578 3960 3687 4002 na-

2024 4037 2235 4102 tivatis,
2265 4039 2535 4106 actaeque
2593 4048 2701 4105 per
2731 4031 2970 4102 triginta
2998 4047 3196 4089 annos
3218 4033 3350 4089 vitae
3376 4053 3391 4099 ;
3424 4048 3534 4091 nec
3564 4050 3687 4091 non

2024 4130 2079 4181 et
2108 4125 2298 4197 ipsius
2330 4125 2797 4188 Praecursoris,et
2816 4120 3029 4177 Christi
3060 4121 3122 4177 in
3160 4122 3526 4194 baptismate
3553 4140 3689 4180 ma-

2024 4214 2454 4281 nifestationis;
2487 4216 2773 4284 praeterea
2828 4214 2885 4266 et
2914 4209 3219 4266 electionis
3248 4212 3687 4284 apostolorum,

2024 4310 2080 4360 et
2106 4302 2410 4360 triennalis
2462 4304 2835 4374 patratorum
2882 4298 3315 4355 miraculorum
3376 4302 3690 4375 temporis:

2020 4393 2288 4467 quaeipsi
2308 4391 2545 4448 invidiae
2566 4395 2623 4446 et
2644 4389 2836 4445 crucis
2866 4388 3417 4447 causaexstiterunt
3442 4408 3455 4457 ;
3487 4391 3570 4459 id,
3602 4392 3693 4448 in-

2019 4499 2231 4555 quam,
2260 4480 2426 4537 haud
2456 4479 2581 4535 scio
2610 4494 2716 4533 cur
2741 4477 2857 4543 isti,
2886 4482 2951 4533 ut
2996 4482 3164 4549 puto,
3189 4477 3484 4547 ignorent.
3514 4482 3692 4553 Atqui

2020 4586 2095 4627 ne
2127 4587 2345 4643 corpus
2386 4568 2632 4642 quidem
2681 4565 2827 4622 illud
2886 4565 3286 4638 appellabitur
3314 4567 3478 4641 quod
3512 4574 3695 4642 caput

2022 4658 2445 4717 tantummodo
2483 4654 3016 4729 babens,pedibus
3035 4671 3105 4711 ac
3136 4656 3423 4713 manibus
3437 4657 3692 4731 aliisque

2023 4751 2310 4807 membris
2333 4754 2555 4806 careat.
2585 4750 2738 4804 Sane
2765 4746 2933 4818 quod
2981 4761 3203 4819 corpus
3234 4747 3565 4820 perfectum
3598 4749 3691 4815 sit,

2020 4840 2189 4914 quod
2214 4840 2583 4901 immolatur,
2606 4834 2749 4893 audi
2781 4834 3080 4892 Christum
3110 4836 3316 4908 ipsum
3354 4835 3689 4896 dicentem:

2023 4952 2048 4979 α
2082 4928 2365 5001 Accipite,
2399 4926 2784 4991 manducate,
2840 4923 2957 4980 hoc
2982 4930 3073 4980 est
3102 4941 3325 4997 corpus
3356 4941 3562 4982 meum
3592 4930 3629 4983 '.
3666 4950 3695 4979 ››

2022 5018 2135 5075 Sed
2168 5034 2278 5074 nec
2310 5020 2457 5072 actas
2489 5016 2619 5071 vitae
2667 5015 2869 5085 imago
2927 5010 3262 5085 probabilis
3292 5028 3331 5071 a
3379 5028 3693 5088 quoquam

2018 5106 2410 5172 descrihelur,
2478 5105 2598 5161 nisi
2644 5102 2723 5159 ab
2757 5101 2922 5158 initio
2972 5118 3065 5157 res
3124 5117 3261 5174 quae
3320 5103 3694 5161 nativitatem

2018 5197 2315 5254 comitatae
2368 5198 2527 5261 sunt,
2559 5199 2615 5250 et
2644 5209 2780 5266 quae
2811 5193 2870 5246 in
2894 5191 3095 5248 medio
3136 5207 3321 5247 cursu
3338 5200 3690 5281 evenerunt,

2017 5292 2227 5359 etquae
2257 5286 2317 5341 in
2347 5286 2464 5340 Iine
2495 5282 2895 5352 contigerunt,
2918 5280 3301 5337 adnotantur.
3337 5280 3395 5337 Si
3426 5297 3571 5352 ergo
3599 5298 3693 5339 re-

2013 5378 2299 5433 humame
2331 5376 2413 5431 ita
2444 5376 2842 5431 conectuntur
2871 5377 2937 5427 ut
2969 5372 3089 5427 sint
3117 5369 3298 5444 plane
3330 5371 3484 5428 inter
3512 5388 3575 5428 se
3599 5389 3696 5431 (εο-

2014 5466 2233 5538 pulatm
2258 5472 2438 5538 atque
2463 5462 2766 5529 involutae,
2791 5462 2927 5534 quis
2949 5476 3041 5525 ca,
3075 5476 3212 5533 quae
3246 5460 3492 5517 divinus
3516 5463 3693 5535 Spiri-

2015 5564 2108 5613 tus
2134 5557 2357 5628 ﬁgui-at
2378 5572 2447 5613 ac
2468 5556 2991 5627 representat,tam
3022 5548 3447 5623 imperfectam
3474 5551 3694 5626 ‘imagi‘
