4468 6440
775 415 884 473 419

2052 399 2417 460 THEODORI
2455 399 2866 458 ANDIDENSIS

4035 410 4142 465 ιιο

777 554 920 597 nem
947 534 1172 594 habere
1201 531 1398 588 dicat?
1418 533 1572 602 Ergo
1625 544 1701 586 ne
1729 529 1911 600 hujus
1939 527 2187 601 quidem
2217 524 2440 589 viviﬁci
2466 524 2516 580 Α

2379 531 2440 589 .ci
2466 524 2516 580 Α
2550 531 2643 577 τοῦ
2709 525 2849 578 θείου
2913 526 3206 599 Πνεῦματος
3271 532 3569 600 τυπούμενοι
3642 537 3733 586 καὶ
3794 533 4143 605 είσηγούμενα

780 625 1049 700 corporis
1073 637 1179 696 per
1203 621 1410 678 omnia
1439 618 1646 675 similis
1697 619 1922 688 imago,
1983 631 2205 671 manca
2234 613 2440 670 ullate-

778 733 897 774 nus
921 711 1341 785 comperietur,
1369 724 1565 781 neque
1604 706 1724 763 ullo
1768 705 2042 762 membro
2068 703 2437 760 destituetur.

781 807 1221 862 Verumtamem
1252 799 1397 872 quia
1454 797 1783 869 adoperata
1809 799 1948 851 sunt
1976 794 2162 850 divini
2193 792 2442 865 Spiritus

782 893 1049 963 oracula,
1073 896 1128 947 et
1157 889 1300 964 quia
1330 887 1441 944 sub
1467 886 1752 942 brevibus
1801 900 1960 956 saepe
2001 883 2200 940 verbis
2259 886 2440 954 atque

779 984 1012 1055 ﬁguris,
1046 981 1246 1038 multa;
1279 994 1562 1034 sensuum
1604 975 1994 1047 difﬁcilesque
2025 972 2324 1029 intellectu
2346 971 2442 1026 di-

780 1073 939 1129 vitiae
970 1068 1565 1143 comprehenduntur
1589 1081 1603 1132 ;
1629 1065 1713 1133 id,
1739 1064 2032 1136 inquiam,
2059 1067 2277 1118 nostras
2310 1065 2447 1116 asta-

781 1164 856 1221 tis
883 1159 1231 1218 hominibus
1260 1161 1583 1230 purgatam
1638 1159 1900 1209 mentem
1936 1152 2182 1207 minime
2219 1149 2446 1205 haben-

781 1251 961 1317 tibus,
991 1243 1528 1313 otfenditnebulas,
1556 1248 1614 1300 et
1633 1241 1981 1315 imperfecta
2000 1257 2129 1297 esse
2151 1255 2284 1312 quae
2307 1241 2448 1294 sunt

781 1339 1047 1415 perfecta
1069 1336 1302 1393 suadet.

853 1434 906 1485 2.
950 1427 1124 1494 Quod
1163 1430 1365 1481 autem
1422 1421 1657 1495 prolata
1699 1420 1827 1476 haec
1880 1419 2132 1474 indubia
2200 1417 2447 1473 veritate

781 1519 989 1587 verba,
1021 1514 1303 1572 maximis
1333 1509 1948 1568 demonstrationibus
1974 1507 2316 1562 firmissime
2341 1504 2448 1561 ful-

782 1607 1035 1673 ciantur,
1060 1603 1198 1659 inde
1222 1602 1287 1658 ﬁt
1307 1600 1703 1673 exploratum,
1765 1598 1907 1670 quia
1937 1597 2222 1668 graphica
2251 1610 2448 1650 sacro-

781 1713 917 1753 rum
975 1692 1484 1763 evangelistarum
1535 1688 1802 1752 historia,
1851 1693 2141 1759 tanquam
2207 1687 2285 1741 ab
2317 1686 2448 1758 ipso

783 1787 1010 1842 Christo
1045 1787 1161 1840 Deo
1185 1787 1390 1839 nostro
1426 1780 1739 1852 inspirata,
1772 1777 1854 1833 sic
1887 1779 2009 1849 iam
2041 1777 2178 1831 inde
2210 1775 2290 1832 ab
2315 1776 2448 1846 ejus

2551 612 2710 674 οὕτως
2757 612 2934 673 ἕλλιπῆ
2967 618 3062 673 τήν
3093 615 3264 670 εἰκόνα
3292 621 3441 690 φαιη’
3469 639 3547 682 τις
3595 620 3656 673 ἄν
3685 618 3936 685 δέξασθαι
3973 639 3986 689 ;
4042 624 4144 674 Οὐ·

2550 709 2672 755 κοῦν
2705 698 2830 755 οὐδε
2859 707 2890 761 ἠ
2939 711 3031 756 τοῦ
3089 704 3399 780 ζωαρχικοῦ
3443 712 3630 762 τούτου
3673 716 3764 763 καὶ
3798 713 3936 764 θείου
3969 715 4144 782 σώμαι

2550 811 2634 852 τος
2686 790 3083 864 ἀπαράλλακτος
3130 794 3277 847 εἰκὼν
3334 794 3543 860 ἐλλιπής
3589 798 3712 860 ὅλως
3780 800 4138 873 εὑρεθήσεται,

2552 881 2597 934 εἰ
2633 889 2732 933 τῶν
2757 880 2920 953 μελῶν
2971 901 3023 935 τι
3069 887 3171 957 ίρει
3219 904 3615 960 περιηρημενονο
3669 886 3776 939 ἀλλ’
3808 887 3856 940 ἕν
3899 897 3972 960 τῷ
4021 885 4144 940 εἶνοι

2554 970 3017 1044 συγκεκαλυμμένοι
3059 974 3125 1024 τὰ
3173 981 3266 1026 τοῦ
3317 977 3454 1028 θείου
3503 980 3800 1050 Πνεῦματος
3825 977 3998 1049 λόγια,
4053 981 4143 1029 καὶ

2554 1057 2602 1110 ἰν
2659 1057 2896 1132 βραχέσι
2951 1059 3196 1122 πολλάκις
3242 1064 3449 1136 ῥήμασι
3490 1070 3580 1117 καὶ
3612 1069 3794 1127 τύποις
3843 1065 4002 1118 πολὺν
4059 1083 4146 1117 πε-

2554 1150 2832 1222 ριέχεσθαι
2859 1152 3129 1221 νοημάτων
3175 1151 3394 1204 πλοῦτον
3442 1159 3531 1206 καὶ
3561 1150 3946 1230 δυσθεώρητον,
3995 1161 4147 1206 τοῦτο

2556 1245 2666 1298 τοίς
2729 1238 2844 1289 κατ’
2908 1237 2994 1311 ἔμε
3058 1248 3159 1292 τῶν
3222 1248 3335 1294 θοῦν
3401 1247 3472 1315 μὴ
3541 1246 3910 1318 καθαρομένοις
3963 1247 4150 1315 γνόφος

2556 1328 2893 1394 καθίσταται,
2948 1334 3037 1381 καὶ
3075 1327 3257 1388 ἀτελήν
3309 1328 3438 1383 εἶναι
3493 1335 3558 1384 τὰ
3597 1332 3762 1386 τέλεια
3814 1334 4149 1390 ὑποτίθησιν.

2631 1415 2706 1489 β”
2763 1416 2883 1469 Ὀτι
2918 1415 2977 1471 δε
3024 1421 3090 1470 τὰ
3143 1420 3532 1494 προϐεϐλημένοι
3581 1428 3736 1474 ταυτί
3786 1422 4000 1497 ῥήματα
4029 1421 4154 1480 ἀλη-

2561 1507 2674 1577 θείᾳ
2740 1505 3116 1581 ἀναμφηρίστῳ
3181 1515 3445 1581 μεγίστοις
3525 1512 3863 1585 στηρίξονται
3902 1508 4154 1582 ὑποδείγ-

2560 1613 2692 1666 μασι
2748 1601 3122 1669 κραταιότατα,
3179 1597 3404 1651 ἐντεῦθέν
3459 1599 3575 1652 ἐστι
3615 1596 3793 1658 δήλονο
3855 1599 4010 1675 όγάρ
4056 1603 4153 1662 ζω-

2557 1686 2757 1756 γράφος
2788 1694 2885 1736 τῶν
2935 1688 3080 1738 θείων
3129 1687 3507 1760 εῦαῃελιστῶν
3551 1689 3718 1761 λόγος,
3775 1693 3842 1751 ὡς
3891 1689 3943 1752 ἐξ
3994 1688 4155 1740 αὐτοῦ

2562 1781 2797 1846 Χριστοῦ
2825 1783 2917 1826 τοῦ
2965 1783 3099 1829 Θεοῦ
3125 1779 3270 1850 ἡμῶν
3309 1779 3720 1850 ῦποσημανθεὶς,
3751 1780 3886 1832 οὕτω
3933 1781 3999 1831 τὰ
4053 1780 4153 1830 ὑπὸ

782 1874 1194 1946 conceptione,
1262 1870 1443 1926 utitur
1497 1867 1862 1938 imaginibus
1914 1865 2074 1922 vocis
2149 1869 2205 1922 et
2259 1865 2444 1932 verbi,
2479 1868 2523 1924 Β

2389 1865 2444 1932 )i,
2479 1868 2523 1924 Β
2561 1871 2655 1926 τῆς
2688 1864 3012 1936 συλλήψεως,
3042 1886 3139 1929 της
3186 1876 3352 1940 φωνῆς
3394 1873 3483 1922 καὶ
3532 1876 3624 1921 τοῦ
3662 1870 3835 1942 λόγου,
3869 1877 3959 1922 τοῦ
4007 1868 4153 1942 φίλου

782 1966 960 2023 amici
988 1968 1044 2020 et
1074 1963 1305 2035 sponsi,
1336 1961 1594 2016 lucernae
1626 1962 1682 2013 et
1712 1956 1870 2028 solis,
1909 1972 2096 2029 usque
2116 1954 2194 2011 ad
2223 1959 2449 2028 postre-

782 2071 948 2112 mam
994 2051 1202 2108 Christi
1259 2051 1320 2106 in
1369 2048 1552 2105 caelos
1593 2046 2031 2111 ascensionem,
2070 2049 2125 2100 et
2173 2043 2450 2116 ejusdem

782 2129 941 2200 illinc
958 2141 1290 2197 novissimo
1306 2138 1517 2202 reditu,
1538 2152 1660 2192 non
1676 2135 1937 2208 sparsim
1955 2149 2150 2207 neque
2175 2134 2448 2206 abrupte,

786 2234 893 2290 sed
927 2232 1106 2289 simul
1136 2230 1343 2286 omnia
1389 2226 1820 2299 complectitur.
1874 2226 1976 2282 Cui
2021 2225 2106 2280 rei
2155 2224 2456 2296 sapienter

783 2328 1048 2382 mentem
1106 2320 1481 2377 intendentes
1539 2318 1598 2384 ii,
1648 2317 1752 2389 qui
1805 2315 2079 2389 primitus
2127 2313 2455 2387 pontiﬁcali

782 2427 1033 2471 munere
1077 2411 1244 2481 digni
1275 2409 1532 2478 fuerunt,
1589 2412 1645 2464 et
1674 2407 1777 2479 qui
1807 2410 1944 2478 post
1987 2421 2089 2460 eos
2120 2403 2309 2460 sancti
2348 2406 2454 2458 Pa-

783 2520 903 2581 tres
962 2502 1330 2567 exstiterunt,
1382 2514 1574 2571 usque
1601 2497 1679 2553 ad
1730 2502 2004 2568 tempora
2048 2495 2272 2567 quibus
2326 2499 2459 2549 orta

786 2598 926 2652 sunt
955 2607 1183 2664 magna
1227 2589 1569 2656 luminaria,
1593 2592 1651 2644 et
1701 2586 2092 2643 ecclesiarum
2138 2586 2237 2641 Dei
2268 2584 2454 2640 aediﬁ-

785 2689 1040 2746 catores,
1070 2681 1338 2750 Basilius,
1368 2680 1427 2735 in
1451 2691 1660 2752 quam,
1702 2682 1760 2733 et
1792 2679 2052 2734 Joannes
2110 2677 2458 2747 Chrysosto-

787 2790 948 2842 mus,
980 2772 1160 2845 primi
1191 2769 1490 2843 pontiﬁcis
1517 2769 1674 2825 circa
1698 2767 1879 2823 ritum
1927 2768 2090 2823 hunc
2149 2765 2454 2831 mandata,

787 2866 998 2919 sancto
1025 2861 1247 2933 Spiritu
1280 2858 1635 2922 deducente,
1669 2856 1926 2912 exsecuti
1959 2859 2118 2913 sunt.
2171 2857 2457 2920 Quaenam

789 2954 990 3006 autem
1044 2950 1172 3004 haec
1234 2946 1526 3003 mandata
1573 2945 1860 3001 fuerunt?
1889 2943 2079 3000 multa
2124 2943 2370 3015 quidem
2403 2945 2459 2997 et

789 3039 928 3107 alia,
972 3039 1078 3095 sed
1119 3037 1420 3110 praecipue
1448 3051 1584 3108 quae
1616 3035 1694 3090 ad
1742 3035 2164 3106 purgationem
2187 3035 2458 3088 nostram

787 3133 846 3186 et
879 3129 1057 3201 quasi
1084 3127 1345 3184 reditum
1374 3126 1436 3181 in
1485 3125 1671 3181 vitam
1739 3123 2067 3195 pertinent:
2108 3145 2128 3172 ι
2172 3121 2457 3193 Accipite,

2559 1957 2646 2005 καὶ
2669 1960 2762 2006 τοῦ
2787 1960 3031 2027 νυμφίου,
3073 1964 3163 2009 τοῦ
3186 1957 3372 2010 λύκνου
3403 1963 3608 2012 καὶτοῦ
3647 1959 3816 2031 ἡλίου,
3871 1960 4004 2032 ἆχρι
4061 1966 4159 2020 τῆς

2559 2044 2851 2104 τελευταίας
2905 2041 3096 2125 ἀνόδου
3171 2055 3406 2120 Χριστοῦ
3463 2057 3554 2110 τῆς
3620 2049 3692 2112 είς
3747 2050 4013 2125 οὐρανοὺς,
4068 2052 4158 2100 καὶ

2561 2142 2655 2195 τῆς
2704 2132 2890 2186 ἐκεῖθεν
2943 2135 3104 2187 αὐτοῦ
3160 2132 3405 2212 δευτέρας
3456 2145 3772 2213 παρουσίας,
3815 2142 4009 2214 ἄριστα
4038 2137 4159 2201 ἐξει-

2563 2227 2782 2288 κόνισεν,
2838 2223 2896 2275 οῦ
2957 2221 3369 2300 διεσπαρμένως,
3417 2225 3532 2280 οὐδ’
3582 2228 3999 2304 ἀπεῤῥηγμένως,
4053 2226 4159 2279 ἀλλ’

2565 2312 2647 2384 ὑφ’
2699 2312 2746 2364 ἓν
2777 2317 2909 2387 πρός
2953 2316 3119 2366 πάντα
3169 2322 3598 2390 κατηρτισμένος,
3651 2318 3718 2390 ᾫ.
3767 2315 3835 2377 δὴ
3896 2323 3986 2370 καὶ
4035 2337 4151 2369 νου-

2566 2405 2870 2476 νεχέστερον
2931 2408 3282 2475 προσεχόντες
3309 2407 3358 2456 οἱ
3397 2412 3615 2480 πρώτως
3666 2405 4043 2482 ἀρχιερατικοῦ
4074 2426 4165 2457 κα-

2567 2490 2900 2553 ταξιωθέντες
2959 2498 3314 2567 χαρίσματος,
3373 2501 3462 2548 καὶ
3518 2497 3568 2548 ὁὶ
3619 2495 3729 2569 μετ’
3789 2497 3976 2557 αὐτοὺς
4040 2497 4168 2548 θεῖοι

2567 2584 2811 2654 Πατέρες,
2857 2582 2993 2656 ἄχρι
3039 2591 3139 2634 τῶν
3187 2589 3392 2656 χρόνων
3444 2593 3541 2646 τῆς
3591 2589 3878 2657 γεννήσεως
3923 2593 4023 2637 τῶν
4081 2603 4170 2656 με·

2566 2669 2735 2741 γάλων
2787 2676 3074 2744 φωστήρων
3105 2676 3192 2724 καὶ
3221 2681 3552 2748 τεχνουργςῦν
3604 2683 3700 2736 τῆς
3754 2682 3846 2727 τοῦ
3899 2682 4033 2727 Θεοῦ
4081 2673 4171 2727 Ἐκ

2566 2758 2803 2825 κλησίας,
2849 2760 3140 2830 Βασιλείου,
3190 2768 3343 2835 φημὶ,
3395 2769 3484 2816 καὶ
3528 2764 3764 2817 Ἰωάννου
3813 2772 3905 2818 τοῦ
3963 2772 4171 2838 Χρυσο-

2570 2854 2785 2921 στὸμου,
2845 2853 2939 2913 τὰς
2994 2850 3043 2903 ἓν
3097 2852 3276 2914 αὐτοῖς
3323 2852 3521 2916 ἐντολὰς
3584 2862 3675 2908 τοῦ
3730 2859 3934 2930 πρώτου
3974 2853 4169 2928 ἀρχιε-

2565 2942 2688 3013 ρέως
2767 2942 3028 3012 Πνεῦματι
3116 2942 3234 3012 θείῳ
3315 2939 3704 3016 ποδηγούμενοι
3795 2942 4168 3017 ἀνεπλήρωσαν

2564 3035 2707 3090 Τίνες
2776 3024 2836 3080 δε
2902 3027 3003 3102 ἀρα
3053 3032 3110 3082 αἱ
3161 3029 3395 3098 ἐντολαί;
3452 3031 3642 3085 Πολλαὶ
3840 3038 3931 3085 καὶ
3988 3031 4165 3096 ἄλλαὶ,

2565 3116 2837 3193 ἐξαιρέτως
2892 3115 2952 3171 δε
2999 3121 3055 3171 αἱ
3095 3121 3227 3192 πρός
3281 3125 3375 3179 τήν
3433 3124 3685 3195 ἡμετέραν
3750 3124 4008 3198 κάθαρσιν
4071 3142 4162 3175 και

786 3219 1171 3287 manducate,
1229 3217 1329 3282 ait,
1381 3216 1496 3271 hoc
1549 3220 1641 3270 est
1693 3229 1911 3285 corpus
1959 3229 2192 3268 meum.
2230 3235 2250 3261 ι
2305 3212 2456 3267 Nihil
2486 3230 2525 3284 ρ

2393 3212 2456 3267 1i]
2486 3230 2525 3284 ρ
2565 3211 2716 3260 οἱονεὶ
2765 3207 3091 3271 ἀναζώωσιν.
3118 3232 3146 3259 ι(
3196 3209 3382 3264 Λάϐετε
3439 3214 3625 3284 φάγετε
3656 3234 3708 3280 ››,
3739 3214 3890 3283 φήσιι
3924 3234 3952 3261 ‹‹
3985 3208 4076 3264 τοῦ
4131 3215 4157 3263 ὁ

788 3308 949 3365 enim
977 3311 1159 3372 vetat,
1185 3305 1512 3377 quominus
1541 3303 1742 3358 denuo
1763 3302 2099 3357 necessaria
2119 3301 2248 3356 haec
2275 3300 2459 3356 verba

786 3403 1155 3470 repetamus.
1192 3397 1257 3450 Et
1309 3393 1493 3466 paulo
1542 3398 1712 3466 post:
1742 3415 1769 3443 «
1805 3395 1924 3447 Hoc
1963 3391 2138 3446 facite
2163 3391 2226 3445 in
2256 3406 2457 3446 meam

788 3484 1499 3544 commemorationem.»
1552 3482 1734 3552 Igitur
1785 3484 2095 3552 tantopere
2140 3479 2307 3536 cordi
2354 3479 2462 3534 fuit

787 3578 881 3634 his
909 3576 1100 3632 beatis
1118 3573 1760 3630 commemorationem
1783 3572 1993 3627 Christi
2042 3570 2255 3633 facere,
2305 3574 2370 3625 ut
2406 3574 2463 3624 et

790 3681 1008 3738 corpus
1032 3679 1140 3736 per
1166 3662 1370 3718 divina
1392 3660 1673 3734 symbols
1691 3659 1990 3716 incolume
2011 3659 2463 3732 perfectumque

793 3753 1175 3823 conﬁcerent,
1201 3754 1401 3808 mente
1431 3756 1611 3823 atque
1637 3751 1841 3806 anima
1872 3749 2212 3822 praeditum,
2247 3748 2464 3819 injecto

791 3829 853 3902 in
891 3860 1161 3901 massam
1185 3843 1498 3910 fermento,
1527 3847 1586 3897 et
1609 3839 2079 3896 substantialiter
2108 3838 2325 3895 deitate
2339 3839 2475 3912 ple-.

795 3932 1154 4002 num;adeo
1203 3931 1400 4004 utqui
1453 3931 1635 4001 digne
1700 3929 2078 4002 participent,
2127 3928 2465 3984 sanctifica-

791 4026 951 4082 tione
967 4027 1025 4079 et
1045 4022 1237 4093 gratia
1252 4021 1574 4087 donentur,
1599 4034 2082 4092 magnarumque
2109 4019 2465 4092 passionum

792 4113 1098 4172 medelam
1124 4115 1592 4184 consequantur.

864 4208 916 4259 3.
949 4200 1063 4259 Sed
1094 4199 1255 4256 enim
1283 4201 1454 4256 tertia
1504 4213 1749 4272 quoque
1782 4197 2012 4254 accedit
2041 4197 2467 4270 praedictarum

790 4305 991 4350 rerum
1035 4289 1432 4358 conﬁrmatio,
1467 4305 1602 4361 quae
1672 4305 1811 4344 cum
1866 4304 2039 4345 sacra
2076 4289 2317 4359 liturgia
2365 4304 2466 4344 ec-

791 4380 988 4438 clesiis
1017 4379 1117 4435 Dei
1147 4378 1430 4452 praeclare
1469 4377 1688 4450 pieque
1735 4376 1956 4434 tradita
2002 4382 2110 4434 est.
2173 4380 2465 4444 Quisnam

788 4485 930 4528 vero
961 4469 1139 4525 hinc?
1171 4470 1492 4524 Sacrarum
1520 4467 1805 4523 nimirum
1836 4468 2171 4536 imaginum
2221 4483 2335 4540 ope
2367 4483 2466 4523 co-

788 4558 987 4616 lorum
1014 4555 1323 4614 exhibitio.
1360 4559 1424 4611 In
1451 4555 1546 4612 his
1574 4556 1736 4611 enim
1787 4555 2221 4612 incarnationis
2253 4555 2464 4611 Christi
2495 4585 2538 4638 ι)

791 4647 894 4705 Dei
919 4646 1107 4704 nostri
1137 4647 1426 4719 mysteria
1464 4647 1671 4702 omnia
1695 4662 1732 4702 a
1777 4645 2068 4717 religiosis
2114 4646 2466 4703 hominibus
2507 4692 2514 4702 .

790 4741 1120 4795 cernuntur
1139 4736 1434 4809 exposita,
1461 4734 1540 4791 ab
1564 4735 1903 4805 archangeli
1933 4735 2217 4792 Gabrielis
2249 4734 2328 4792 ad
2357 4736 2464 4791 vir-

791 4827 994 4897 ginem
1025 4825 1290 4882 adventu
1313 4840 1504 4897 usque
1532 4823 1612 4880 ad
1643 4823 1878 4880 Domini
1907 4824 1968 4880 in
2008 4824 2193 4881 caelos
2225 4840 2459 4880 assum-

790 4915 1060 4989 ptionem
1093 4925 1164 4972 ac
1219 4913 1616 4971 novissimum
1645 4913 1922 4970 reditum.
1958 4912 2154 4970 Habes
2185 4917 2244 4970 et
2273 4913 2462 4971 alium

863 5057 941 5127 (1)
966 5059 1086 5113 Hoc
1115 5057 1261 5113 dicit
1293 5057 1630 5112 secundum
1681 5061 2057 5113 constantem
2114 5057 2464 5115 Graecorum

793 5130 1150 5186 sententiam
1204 5145 1275 5185 ac
1298 5129 1479 5184 ritum
1538 5128 1932 5200 consecrandi
1989 5127 2460 5200 fermentatum;

791 5217 977 5274 quem
1037 5201 1216 5257 ritum
1266 5216 1408 5274 non_
1439 5199 1746 5274 improbat
1789 5198 1993 5255 Latina
2049 5199 2329 5274 Ecclesia,
2382 5198 2467 5258 ita

792 5269 997 5329 tamen
1030 5277 1094 5328 ut
1136 5289 1173 5329 a
1230 5272 1445 5344 Graecis
1469 5269 2057 5344 vi'cissimrazymum
2080 5269 2464 5344 nolletidam-

792 5344 960 5424 nari._
980 5346 1185 5424 Itaque
1216 5343 1401 5416 paulo
1425 5342 1858 5424 vehementius
1882 5342 2144 5423 loquitur
2168 5345 2222 5399 S.
2258 5343 2464 5424 Petrus

792 5413 1157 5472 Damianiin
1188 5413 1300 5471 sua
1327 5414 1699 5487 praeolat-aet
1735 5413 2186 5487 religiosissima
2215 5417 2464 5487 canonis

791 5487 1006 5559 missa:
1027 5485 1399 5559 expositione
1429 5491 1513 5552 (n.
1553 5486 1634 5554 1.)
1659 5501 1694 5541 a
1720 5485 1894 5559 nobis
1917 5485 2076 5541 edita
2105 5486 2322 5556 Script.
2349 5494 2460 5542 vet.

791 5566 832 5615 t.
859 5561 920 5613 Vl
943 5575 956 5614 :
981 5556 1170 5615 Panis
1197 5560 1601 5628 fermentatus
1633 5573 1745 5612 non
1778 5556 1944 5613 debet
1972 5559 2180 5627 o/I'errt'
2209 5559 2268 5613 in
2283 5560 2466 5615 sacri-

789 5630 1017 5700 ﬁcium,
1051 5635 1174 5686 tum
1218 5631 1453 5686 ratione
1475 5630 1650 5702 facti,
1701 5636 1822 5684 tum
1879 5629 2116 5686 ratione
2170 5632 2464 5700 mysterii.

791 5703 992 5763 Gra’ci
1017 5710 1215 5760 tamen
1245 5703 1310 5758 in
1350 5718 1456 5758 suo
1478 5703 1817 5773 pertinaces
1845 5717 2048 5758 errore
2077 5701 2151 5758 de
2175 5704 2466 5774 fermento

2565 3297 2678 3350 ἐστι
2707 3302 2758 3349 τὶ
2789 3300 2943 3370 σῶμά
2989 3317 3115 3369 μουο
3159 3295 3310 3351 οὐδὲν
3338 3302 3440 3375 γὰρ
3486 3301 3670 3354 κωλύει
3717 3305 3804 3354 καὶ
3859 3301 4010 3362 αὖθις
4053 3309 4164 3362 τοίς

2568 3387 2874 3459 ἀναγκαίοις
2919 3395 3072 3439 τοῦτο
3129 3386 3587 3462 ἐπαναλαμϐάνειν·
3641 3397 3731 3444 καὶ
3792 3392 3905 3464 μετ’
3970 3391 4163 3463 ὀλιγον·

2571 3499 2600 3527 ‹‹
2643 3483 2806 3529 Τοῦτο
2838 3484 3029 3530 ποιεῖτε
3081 3477 3153 3540 εἰς
3205 3483 3299 3536 τήν
3352 3483 3478 3552 ἐμὴν
3535 3479 3844 3553 ἀνάμνησιν.
3888 3504 3916 3531 ››
3965 3481 4169 3534 Οὐκοῦν

2570 3570 2730 3627 οὕτως
2790 3569 3049 3618 ἔσπευσαν
3105 3571 3154 3620 οὶ
3210 3571 3464 3644 μακάριοι
3517 3573 3763 3623 ποείσθαι
3819 3575 3912 3629 τήν
3978 3569 4172 3623 ἐκείνου

2574 3657 2884 3731 ἀνάμνησιν,
2918 3659 2982 3718 ὡς
3013 3663 3102 3711 καὶ
3159 3662 3217 3711 τό
3269 3669 3422 3732 σῶμα
3452 3657 3545 3713 διὰ
3574 3670 3673 3713 τῶν
3706 3663 3852 3714 θείων
3901 3660 4174 3734 συμϐόλων

2577 3757 2708 3802 σῶον
2739 3754 2828 3801 καὶ
2860 3750 3038 3824 ἄρτιον
3096 3748 3377 3818 ἀποτελεῖν,
3411 3752 3580 3803 ἔννουν
3624 3756 3715 3804 καὶ
3773 3750 4036 3824 ἔμψυχον,
4080 3747 4176 3804 δια

2573 3846 2664 3899 τῆς
2718 3839 2886 3912 ζύμης
2933 3838 3314 3913 ἐμϐαλλομένης
3366 3848 3438 3910 τῷ
3479 3843 3746 3915 φυράματι
3777 3840 3880 3913 (1),
3926 3845 4016 3893 καὶ
4067 3842 4177 3894 θεόν

2574 3948 2725 3991 τητος
2774 3928 2885 3980 κατ’
2930 3928 3112 3981 οῦσίαν
3167 3929 3583 4002 πεπληρωμενον⁸
3659 3931 3793 3983 ὥστε
3859 3933 3978 3992 τοὺς
4024 3928 4175 3993 ἀξίως

2574 4016 3062 4092 μεταλαμϐάνοντας
3109 4016 3373 4091 ἀγιασμοῦ
3431 4023 3521 4072 καὶ
3585 4020 3806 4094 χάριτος
3870 4015 4175 4090 ἀξιοῦσθαι,

2575 4113 2664 4160 καὶ
2685 4106 2920 4180 μεγάλων
2951 4109 3127 4161 παθῶν
3157 4111 3299 4161 ἴασιν
3332 4105 3612 4180 δέχεσθαι.
3767 4095 3788 4112 ⁵

2645 4195 2714 4268 γ’.
2748 4195 2878 4248 Ἀλλ’
2931 4199 3044 4248 ἔστι
3099 4201 3188 4249 καὶ
3226 4202 3377 4272 τρίτη
3431 4195 3717 4270 βεϐαίωσις
3765 4206 3865 4251 τῶν
3915 4201 4180 4272 προτεθει-

2576 4289 2757 4359 μένων,
2823 4286 2932 4346 ἣτις
2991 4289 3124 4358 μετά
3183 4295 3279 4348 τῆς
3354 4288 3488 4349 θείας
3558 4291 3848 4364 ἱερουργίας
3913 4295 4026 4350 ταῖς
4085 4298 4178 4344 τοῦ

2579 4383 2713 4430 Θεοῦ
2753 4373 3056 4437 ἐκκλησίαις
3103 4376 3266 4437 καλῶς
3341 4376 3430 4428 καί
3485 4377 3730 4450 θεοφιλῶς
3788 4373 4180 4452 παραδίδοται.

2576 4470 2667 4527 Τίς
2717 4461 2776 4518 δὲ
2815 4465 2944 4523 αὕτη
2996 4464 3101 4533 ;’Π
3149 4473 3246 4518 τῶν
3298 4467 3441 4538 ἱερῶν
3495 4468 3700 4519 εἰκόνων
3733 4462 3828 4519 διά
3883 4470 4182 4540 χρωμάτων

2580 4553 2946 4616 ἀναστήλωσις
3159 4553 3207 4606 ἂν
3273 4558 3491 4616 ταύταις
3528 4558 3631 4631 γὰρ
3678 4559 3741 4609 τά
3779 4565 3869 4618 τῆς
3929 4556 4181 4631 ἕνανθρω-

2578 4651 2787 4707 πήσεως
2831 4651 2921 4696 τοῦ
2973 4645 3210 4720 Χριστοῦ
3247 4648 3336 4697 καὶ
3395 4653 3529 4698 Θεοῦ
3574 4650 3712 4718 ὴμῶν
3743 4645 3948 4699 ἅπαντα
3979 4653 4186 4720 μυστή-

2577 4754 2668 4807 ρια
2695 4740 2804 4796 τοῖς
2854 4731 3117 4787 εῦσεϐίσιν
3166 4735 3386 4808 ὁρῶνται
3433 4737 3891 4810 καθιστοροῦμενα
3941 4734 4030 4788 ἀπ’
4090 4757 4183 4789 αυ-

2576 4831 2672 4886 τῆς
2710 4831 2802 4886 τῆς
2849 4832 2949 4876 τσῦ
2995 4822 3330 4898 ἀρχαγγελου
3391 4823 3622 4899 Γαϐριὴλ
3672 4827 3803 4900 πρὸς
3845 4829 3938 4884 τὴν
3989 4828 4188 4902 Παρθέ-

2575 4933 2657 4966 νον
2707 4912 2923 4987 ἀφίξεως
2969 4918 3135 4989 μέχρι
3177 4919 3266 4967 καὶ
3317 4921 3408 4976 τῆς
3457 4914 3527 4976 εἰς
3577 4914 3828 4990 οὐρανοὺς
3890 4913 4190 4988 ἀναλήψεως

2575 5059 2918 5129 conﬁciunt.
2944 5059 3364 5114 Verumtamen
3378 5058 3541 5114 idem
3561 5059 3767 5116 Petrus
3781 5064 3970 5117 semet
3982 5076 4190 5116 emen-

2575 5131 2680 5186 dat
2708 5134 2810 5187 aut
2839 5130 3103 5206 explicat
3126 5130 3186 5184 in
3236 5129 3626 5206 Collectaneis
3648 5135 3796 5187 tom.
3837 5131 3936 5190 cit.
3977 5148 4040 5206 p.
4063 5133 4188 5205 243,

2577 5218 2717 5257 cum
2757 5177 2962 5257 nostra
2991 5201 3400 5259 adnotatione.
3652 5177 3670 5187 '
3838 5177 3936 5190 ω’
3977 5177 4040 5206 τ’
4065 5177 4188 5205 ’-ν’

2649 5274 2726 5344 (2)
2764 5273 2943 5328 Graeci
2973 5274 3170 5344 prima
3202 5273 3694 5343 Quadragesimae
3736 5274 4046 5330 Dominica
4080 5275 4199 5332 fes-

2576 5344 3145 5414 tumgvenerationis
3170 5344 3504 5414 imaginum
3555 5345 3880 5409 celebrant,
3909 5346 4200 5404 subtitulo

2577 5412 2906 5490 όρθοδοξίας,
2927 5415 3006 5490 ob
3027 5412 3601 5490 eamndog'maticam
3615 5416 3997 5490 disciplinam
4023 5419 4086 5474 in
4111 5434 4198 5476 se-

2575 5487 2765 5561 ptimo
2797 5487 3049 5561 concilio
3071 5487 3405 5561 deﬁnitam.
3436 5491 3513 5544 De
3539 5505 3663 5561 quo
3693 5487 3846 5545 festo
3869 5489 4072 5546 multae
4095 5507 4200 5547 ex-

2577 5559 2713 5632 tant
2732 5559 3014 5630 homiliaa,
3045 5575 3208 5632 quas,
3232 5559 3391 5632 inter
3406 5630 3412 5632 _
3433 5559 3682 5617 memini
3714 5578 3811 5617 me
3832 5561 4035 5632 legere
4074 5565 4198 5621 Ma-

2577 5631 2720 5687 carii
2747 5629 3234 5712 Chrysocephali,
3267 5634 3324 5688 et
3341 5629 3525 5689 aliam
3551 5633 3612 5689 in
3635 5629 3984 5691 collectione
4006 5634 4201 5710 Agapi

2577 5702 2875 5762 monachi
2895 5702 3206 5763 Cretensis.
