  <div class='ocr_page' id='page_1' title='image "/cluster/home/n/w/nwhite01/storage/ocr_20150623/140/nnc1.0046979905/222.png"; bbox 0 0 4468 6440; ppageno 0'>
   <div class='ocr_carea' id='block_1_1' title="bbox 318 379 431 440">
    <p class='ocr_par' dir='ltr' id='par_1_1' title="bbox 318 379 431 440">
     <span class='ocr_line' id='line_1_1' title="bbox 318 379 431 440; baseline 0 0"><span class='ocrx_word' id='word_1_1' title='bbox 318 379 431 440; x_wconf 71' lang='grc' dir='ltr'><strong>εει</strong></span> 
     </span>
    </p>
   </div>
   <div class='ocr_carea' id='block_1_2' title="bbox 1536 365 2474 426">
    <p class='ocr_par' dir='ltr' id='par_1_2' title="bbox 1536 365 2474 426">
     <span class='ocr_line' id='line_1_2' title="bbox 1536 365 2474 426; baseline -0.005 0"><span class='ocrx_word' id='word_1_2' title='bbox 1536 365 2030 426; x_wconf 70' lang='grc' dir='ltr'><strong>ΟΟΙΙΕΝΤΑΤΙΟ</strong></span> <span class='ocrx_word' id='word_1_3' title='bbox 2077 365 2474 424; x_wconf 80' lang='lat' dir='ltr'><strong>LITURGICA.</strong></span> 
     </span>
    </p>
   </div>
   <div class='ocr_carea' id='block_1_3' title="bbox 3585 374 3692 428">
    <p class='ocr_par' dir='ltr' id='par_1_3' title="bbox 3585 374 3692 428">
     <span class='ocr_line' id='line_1_3' title="bbox 3585 374 3692 428; baseline 0 0"><span class='ocrx_word' id='word_1_4' title='bbox 3585 374 3692 428; x_wconf 63' lang='lat' dir='ltr'><strong>L22</strong></span> 
     </span>
    </p>
   </div>
   <div class='ocr_carea' id='block_1_4' title="bbox 321 490 2085 579">
    <p class='ocr_par' dir='ltr' id='par_1_4' title="bbox 321 490 2085 579">
     <span class='ocr_line' id='line_1_4' title="bbox 321 490 2085 579; baseline -0.01 -20"><span class='ocrx_word' id='word_1_5' title='bbox 321 513 415 558; x_wconf 85' lang='grc' dir='ltr'><strong>τοῦ</strong></span> <span class='ocrx_word' id='word_1_6' title='bbox 459 507 678 579; x_wconf 74' lang='grc' dir='ltr'><strong>Κυρίου·</strong></span> <span class='ocrx_word' id='word_1_7' title='bbox 719 507 810 556; x_wconf 68' lang='grc' dir='ltr'><strong>καὶ</strong></span> <span class='ocrx_word' id='word_1_8' title='bbox 852 509 948 564; x_wconf 66' lang='grc' dir='ltr'><strong>τῆς</strong></span> <span class='ocrx_word' id='word_1_9' title='bbox 999 497 1244 572; x_wconf 77' lang='grc' dir='ltr'><strong>δευτέρας</strong></span> <span class='ocrx_word' id='word_1_10' title='bbox 1291 496 1452 547; x_wconf 80' lang='grc' dir='ltr'><strong>αὑτοῦ</strong></span> <span class='ocrx_word' id='word_1_11' title='bbox 1493 496 1785 564; x_wconf 74' lang='grc' dir='ltr'><strong>παρουσίας</strong></span> <span class='ocrx_word' id='word_1_12' title='bbox 1957 492 2004 546; x_wconf 72' lang='grc' dir='ltr'>Α</span> <span class='ocrx_word' id='word_1_13' title='bbox 2041 491 2085 545; x_wconf 75' lang='lat' dir='ltr'><strong>si</strong></span> 
     </span>
    </p>
   </div>
   <div class='ocr_carea' id='block_1_5' title="bbox 1929 490 3693 579">
    <p class='ocr_par' dir='ltr' id='par_1_5' title="bbox 1957 490 3693 567">
     <span class='ocr_line' id='line_1_5' title="bbox 1957 490 3693 567; baseline 0.003 -21"><span class='ocrx_word' id='word_1_14' title='bbox 1957 492 2004 546; x_wconf 73' lang='grc' dir='ltr'>Α</span> <span class='ocrx_word' id='word_1_15' title='bbox 2041 491 2167 546; x_wconf 86' lang='lat' dir='ltr'><strong>sine</strong></span> <span class='ocrx_word' id='word_1_16' title='bbox 2191 490 2540 562; x_wconf 81' lang='lat' dir='ltr'><strong>exceptione</strong></span> <span class='ocrx_word' id='word_1_17' title='bbox 2563 495 2789 559; x_wconf 78' lang='lat' dir='ltr'><strong>testem,</strong></span> <span class='ocrx_word' id='word_1_18' title='bbox 2812 493 2916 565; x_wconf 87' lang='lat' dir='ltr'><strong>qui</strong></span> <span class='ocrx_word' id='word_1_19' title='bbox 2933 496 2988 548; x_wconf 89' lang='lat' dir='ltr'><strong>te</strong></span> <span class='ocrx_word' id='word_1_20' title='bbox 3007 492 3085 548; x_wconf 91' lang='lat' dir='ltr'><strong>ad</strong></span> <span class='ocrx_word' id='word_1_21' title='bbox 3101 492 3264 549; x_wconf 81' lang='lat' dir='ltr'><strong>illam</strong></span> <span class='ocrx_word' id='word_1_22' title='bbox 3287 493 3467 549; x_wconf 77' lang='lat' dir='ltr'><strong>totius</strong></span> <span class='ocrx_word' id='word_1_23' title='bbox 3482 511 3693 567; x_wconf 88' lang='lat' dir='ltr'><strong>corpo-</strong></span> 
     </span>
    </p>
   </div>
   <div class='ocr_carea' id='block_1_6' title="bbox 321 579 1928 666">
    <p class='ocr_par' dir='ltr' id='par_1_6' title="bbox 321 579 1928 666">
     <span class='ocr_line' id='line_1_6' title="bbox 321 579 1928 666; baseline -0.011 -18"><span class='ocrx_word' id='word_1_24' title='bbox 321 595 509 666; x_wconf 78' lang='grc' dir='ltr'><strong>Ἔχεις</strong></span> <span class='ocrx_word' id='word_1_25' title='bbox 560 598 651 646; x_wconf 78' lang='grc' dir='ltr'><strong>καὶ</strong></span> <span class='ocrx_word' id='word_1_26' title='bbox 708 591 860 645; x_wconf 83' lang='grc' dir='ltr'><strong>ἄλλον</strong></span> <span class='ocrx_word' id='word_1_27' title='bbox 922 588 1332 663; x_wconf 66' lang='grc' dir='ltr'><strong>ἁπαρέγραπτον</strong></span> <span class='ocrx_word' id='word_1_28' title='bbox 1392 583 1632 656; x_wconf 72' lang='grc' dir='ltr'><strong>μάρτυρα</strong></span> <span class='ocrx_word' id='word_1_29' title='bbox 1685 579 1928 651; x_wconf 74' lang='grc' dir='ltr'><strong>ἐνάγοντὰ</strong></span> 
     </span>
    </p>
   </div>
   <div class='ocr_carea' id='block_1_7' title="bbox 323 669 1927 756">
    <p class='ocr_par' dir='ltr' id='par_1_7' title="bbox 323 669 1927 756">
     <span class='ocr_line' id='line_1_7' title="bbox 323 669 1927 756; baseline -0.011 -20"><span class='ocrx_word' id='word_1_30' title='bbox 323 702 382 736; x_wconf 89' lang='grc' dir='ltr'><strong>σε</strong></span> <span class='ocrx_word' id='word_1_31' title='bbox 431 686 559 756; x_wconf 77' lang='grc' dir='ltr'><strong>πρὸς</strong></span> <span class='ocrx_word' id='word_1_32' title='bbox 599 686 694 740; x_wconf 74' lang='grc' dir='ltr'><strong>τὴν</strong></span> <span class='ocrx_word' id='word_1_33' title='bbox 737 688 840 733; x_wconf 76' lang='grc' dir='ltr'><strong>τῶν</strong></span> <span class='ocrx_word' id='word_1_34' title='bbox 887 681 1033 733; x_wconf 86' lang='grc' dir='ltr'><strong>θείων</strong></span> <span class='ocrx_word' id='word_1_35' title='bbox 1075 678 1380 748; x_wconf 77' lang='grc' dir='ltr'><strong>μυστηρίων</strong></span> <span class='ocrx_word' id='word_1_36' title='bbox 1408 678 1500 724; x_wconf 86' lang='grc' dir='ltr'><strong>τοῦ</strong></span> <span class='ocrx_word' id='word_1_37' title='bbox 1536 669 1654 722; x_wconf 82' lang='grc' dir='ltr'><strong>ὅλου</strong></span> <span class='ocrx_word' id='word_1_38' title='bbox 1687 675 1927 741; x_wconf 80' lang='grc' dir='ltr'><strong>σώματος</strong></span> 
     </span>
    </p>
   </div>
   <div class='ocr_carea' id='block_1_8' title="bbox 323 757 1929 840">
    <p class='ocr_par' dir='ltr' id='par_1_8' title="bbox 323 757 1929 840">
     <span class='ocr_line' id='line_1_8' title="bbox 323 757 1929 840; baseline -0.01 -16"><span class='ocrx_word' id='word_1_39' title='bbox 323 773 506 824; x_wconf 77' lang='grc' dir='ltr'><strong>ἕνωσιν</strong></span> <span class='ocrx_word' id='word_1_40' title='bbox 550 775 640 822; x_wconf 68' lang='grc' dir='ltr'><strong>καὶ</strong></span> <span class='ocrx_word' id='word_1_41' title='bbox 689 770 988 840; x_wconf 53' lang='lat' dir='ltr'><strong>euripum,</strong></span> <span class='ocrx_word' id='word_1_42' title='bbox 1039 768 1126 816; x_wconf 80' lang='grc' dir='ltr'><strong>τον</strong></span> <span class='ocrx_word' id='word_1_43' title='bbox 1174 766 1335 835; x_wconf 82' lang='grc' dir='ltr'><strong>μέγαν</strong></span> <span class='ocrx_word' id='word_1_44' title='bbox 1393 764 1528 832; x_wconf 63' lang='grc' dir='ltr'><strong>φημὶ</strong></span> <span class='ocrx_word' id='word_1_45' title='bbox 1570 757 1620 811; x_wconf 81' lang='grc' dir='ltr'><strong>έν</strong></span> <span class='ocrx_word' id='word_1_46' title='bbox 1671 757 1929 828; x_wconf 71' lang='grc' dir='ltr'><strong>θεολόγοις</strong></span> 
     </span>
    </p>
   </div>
   <div class='ocr_carea' id='block_1_9' title="bbox 325 846 1928 934">
    <p class='ocr_par' dir='ltr' id='par_1_9' title="bbox 325 846 1928 934">
     <span class='ocr_line' id='line_1_9' title="bbox 325 846 1928 934; baseline -0.009 -22"><span class='ocrx_word' id='word_1_47' title='bbox 325 863 634 934; x_wconf 81' lang='grc' dir='ltr'><strong>Γρηγόριον,</strong></span> <span class='ocrx_word' id='word_1_48' title='bbox 683 857 740 919; x_wconf 84' lang='grc' dir='ltr'><strong>ὃς</strong></span> <span class='ocrx_word' id='word_1_49' title='bbox 786 856 836 908; x_wconf 81' lang='grc' dir='ltr'><strong>έν</strong></span> <span class='ocrx_word' id='word_1_50' title='bbox 879 863 952 925; x_wconf 80' lang='grc' dir='ltr'><strong>τῷ</strong></span> <span class='ocrx_word' id='word_1_51' title='bbox 999 861 1099 905; x_wconf 85' lang='grc' dir='ltr'><strong>τῶν</strong></span> <span class='ocrx_word' id='word_1_52' title='bbox 1148 856 1383 926; x_wconf 68' lang='grc' dir='ltr'><strong>Χριστοῦ</strong></span> <span class='ocrx_word' id='word_1_53' title='bbox 1407 847 1674 920; x_wconf 79' lang='grc' dir='ltr'><strong>γενεθλίων</strong></span> <span class='ocrx_word' id='word_1_54' title='bbox 1703 846 1837 917; x_wconf 78' lang='grc' dir='ltr'><strong>λόγῳ</strong></span> <span class='ocrx_word' id='word_1_55' title='bbox 1867 847 1928 898; x_wconf 82' lang='grc' dir='ltr'><strong>οὐ</strong></span> 
     </span>
    </p>
   </div>
   <div class='ocr_carea' id='block_1_10' title="bbox 324 934 1926 1021">
    <p class='ocr_par' dir='ltr' id='par_1_10' title="bbox 324 934 1926 1021">
     <span class='ocr_line' id='line_1_10' title="bbox 324 934 1926 1021; baseline -0.01 -20"><span class='ocrx_word' id='word_1_56' title='bbox 324 953 478 1021; x_wconf 72' lang='grc' dir='ltr'><strong>μένον</strong></span> <span class='ocrx_word' id='word_1_57' title='bbox 526 949 594 1000; x_wconf 79' lang='grc' dir='ltr'><strong>τὰ</strong></span> <span class='ocrx_word' id='word_1_58' title='bbox 634 945 684 999; x_wconf 67' lang='grc' dir='ltr'><strong>ἐν</strong></span> <span class='ocrx_word' id='word_1_59' title='bbox 735 954 799 1019; x_wconf 76' lang='grc' dir='ltr'><strong>τῇ</strong></span> <span class='ocrx_word' id='word_1_60' title='bbox 845 947 1084 1016; x_wconf 79' lang='grc' dir='ltr'><strong>γεννήσει</strong></span> <span class='ocrx_word' id='word_1_61' title='bbox 1120 938 1642 1014; x_wconf 67' lang='grc' dir='ltr'><strong>παρηκολουθηκότα,</strong></span> <span class='ocrx_word' id='word_1_62' title='bbox 1674 934 1801 987; x_wconf 73' lang='grc' dir='ltr'><strong>ἀλλὰ</strong></span> <span class='ocrx_word' id='word_1_63' title='bbox 1837 939 1926 987; x_wconf 69' lang='grc' dir='ltr'><strong>καὶ</strong></span> 
     </span>
    </p>
   </div>
   <div class='ocr_carea' id='block_1_11' title="bbox 323 1023 1928 1105">
    <p class='ocr_par' dir='ltr' id='par_1_11' title="bbox 323 1023 1928 1105">
     <span class='ocr_line' id='line_1_11' title="bbox 323 1023 1928 1105; baseline -0.009 -17"><span class='ocrx_word' id='word_1_64' title='bbox 323 1039 390 1088; x_wconf 72' lang='grc' dir='ltr'><strong>τὰ</strong></span> <span class='ocrx_word' id='word_1_65' title='bbox 435 1045 532 1098; x_wconf 70' lang='grc' dir='ltr'><strong>τῆς</strong></span> <span class='ocrx_word' id='word_1_66' title='bbox 575 1035 697 1097; x_wconf 71' lang='grc' dir='ltr'><strong>ὅλης</strong></span> <span class='ocrx_word' id='word_1_67' title='bbox 749 1034 1042 1105; x_wconf 62' lang='grc' dir='ltr'><strong>οἰκονομίας</strong></span> <span class='ocrx_word' id='word_1_68' title='bbox 1100 1028 1360 1091; x_wconf 74' lang='grc' dir='ltr'><strong>συνέταξε·</strong></span> <span class='ocrx_word' id='word_1_69' title='bbox 1411 1032 1502 1078; x_wconf 73' lang='grc' dir='ltr'><strong>καὶ</strong></span> <span class='ocrx_word' id='word_1_70' title='bbox 1539 1023 1688 1085; x_wconf 84' lang='grc' dir='ltr'><strong>αὖθις</strong></span> <span class='ocrx_word' id='word_1_71' title='bbox 1751 1025 1799 1076; x_wconf 85' lang='grc' dir='ltr'><strong>έν</strong></span> <span class='ocrx_word' id='word_1_72' title='bbox 1855 1032 1928 1094; x_wconf 73' lang='grc' dir='ltr'><strong>τῷ</strong></span> 
     </span>
    </p>
   </div>
   <div class='ocr_carea' id='block_1_12' title="bbox 320 1113 1922 1195">
    <p class='ocr_par' dir='ltr' id='par_1_12' title="bbox 320 1113 1922 1195">
     <span class='ocr_line' id='line_1_12' title="bbox 320 1113 1922 1195; baseline -0.007 -19"><span class='ocrx_word' id='word_1_73' title='bbox 320 1133 412 1176; x_wconf 80' lang='grc' dir='ltr'><strong>τοῦ</strong></span> <span class='ocrx_word' id='word_1_74' title='bbox 463 1126 664 1195; x_wconf 78' lang='grc' dir='ltr'><strong>Πάσχα</strong></span> <span class='ocrx_word' id='word_1_75' title='bbox 700 1127 790 1175; x_wconf 76' lang='grc' dir='ltr'><strong>καὶ</strong></span> <span class='ocrx_word' id='word_1_76' title='bbox 843 1130 935 1183; x_wconf 78' lang='grc' dir='ltr'><strong>τῆς</strong></span> <span class='ocrx_word' id='word_1_77' title='bbox 965 1120 1322 1180; x_wconf 78' lang='grc' dir='ltr'><strong>ἀναστάσεως,</strong></span> <span class='ocrx_word' id='word_1_78' title='bbox 1353 1120 1443 1168; x_wconf 74' lang='grc' dir='ltr'><strong>καὶ</strong></span> <span class='ocrx_word' id='word_1_79' title='bbox 1472 1117 1537 1168; x_wconf 75' lang='grc' dir='ltr'><strong>τα</strong></span> <span class='ocrx_word' id='word_1_80' title='bbox 1562 1113 1611 1166; x_wconf 69' lang='grc' dir='ltr'><strong>ἕν</strong></span> <span class='ocrx_word' id='word_1_81' title='bbox 1637 1121 1700 1186; x_wconf 65' lang='grc' dir='ltr'><strong>τῇ</strong></span> <span class='ocrx_word' id='word_1_82' title='bbox 1735 1117 1922 1185; x_wconf 78' lang='grc' dir='ltr'><strong>γεννή·</strong></span> 
     </span>
    </p>
   </div>
   <div class='ocr_carea' id='block_1_13' title="bbox 324 1199 1926 1284">
    <p class='ocr_par' dir='ltr' id='par_1_13' title="bbox 324 1199 1926 1284">
     <span class='ocr_line' id='line_1_13' title="bbox 324 1199 1926 1284; baseline -0.008 -19"><span class='ocrx_word' id='word_1_83' title='bbox 324 1228 402 1265; x_wconf 83' lang='grc' dir='ltr'><strong>σει</strong></span> <span class='ocrx_word' id='word_1_84' title='bbox 445 1213 691 1284; x_wconf 76' lang='grc' dir='ltr'><strong>εἰρημένα</strong></span> <span class='ocrx_word' id='word_1_85' title='bbox 736 1214 898 1282; x_wconf 72' lang='grc' dir='ltr'><strong>αὐτῷ,</strong></span> <span class='ocrx_word' id='word_1_86' title='bbox 950 1208 1237 1281; x_wconf 77' lang='grc' dir='ltr'><strong>ἀμετάθετα</strong></span> <span class='ocrx_word' id='word_1_87' title='bbox 1283 1209 1472 1259; x_wconf 77' lang='grc' dir='ltr'><strong>εῑασεν·</strong></span> <span class='ocrx_word' id='word_1_88' title='bbox 1514 1205 1541 1256; x_wconf 82' lang='grc' dir='ltr'><strong><em>ὃ</em></strong></span> <span class='ocrx_word' id='word_1_89' title='bbox 1580 1199 1649 1260; x_wconf 74' lang='grc' dir='ltr'><strong>δὴ</strong></span> <span class='ocrx_word' id='word_1_90' title='bbox 1698 1207 1789 1254; x_wconf 76' lang='grc' dir='ltr'><strong>καὶ</strong></span> <span class='ocrx_word' id='word_1_91' title='bbox 1828 1221 1926 1273; x_wconf 70' lang='grc' dir='ltr'><strong>φα-</strong></span> 
     </span>
    </p>
   </div>
   <div class='ocr_carea' id='block_1_14' title="bbox 318 1297 1928 1376">
    <p class='ocr_par' dir='ltr' id='par_1_14' title="bbox 318 1297 1928 1376">
     <span class='ocr_line' id='line_1_14' title="bbox 318 1297 1928 1376; baseline -0.007 -23"><span class='ocrx_word' id='word_1_92' title='bbox 318 1308 594 1376; x_wconf 79' lang='grc' dir='ltr'><strong>νερώτερον</strong></span> <span class='ocrx_word' id='word_1_93' title='bbox 636 1297 970 1366; x_wconf 76' lang='grc' dir='ltr'><strong>ἀποδεικνὺς,</strong></span> <span class='ocrx_word' id='word_1_94' title='bbox 1019 1301 1255 1350; x_wconf 79' lang='grc' dir='ltr'><strong>τοιοῦτον</strong></span> <span class='ocrx_word' id='word_1_95' title='bbox 1304 1313 1436 1368; x_wconf 72' lang='grc' dir='ltr'><strong>φησι</strong></span> <span class='ocrx_word' id='word_1_96' title='bbox 1483 1297 1542 1346; x_wconf 84' lang='grc' dir='ltr'><strong>τὸ</strong></span> <span class='ocrx_word' id='word_1_97' title='bbox 1604 1299 1696 1344; x_wconf 85' lang='grc' dir='ltr'><strong>τοῦ</strong></span> <span class='ocrx_word' id='word_1_98' title='bbox 1743 1311 1928 1363; x_wconf 83' lang='grc' dir='ltr'><strong>γεννη-</strong></span> 
     </span>
    </p>
   </div>
   <div class='ocr_carea' id='block_1_15' title="bbox 321 1381 1929 1462">
    <p class='ocr_par' dir='ltr' id='par_1_15' title="bbox 321 1381 1929 1462">
     <span class='ocr_line' id='line_1_15' title="bbox 321 1381 1929 1462; baseline -0.008 -18"><span class='ocrx_word' id='word_1_99' title='bbox 321 1393 489 1449; x_wconf 76' lang='grc' dir='ltr'><strong>θέντος</strong></span> <span class='ocrx_word' id='word_1_100' title='bbox 554 1389 834 1462; x_wconf 64' lang='grc' dir='ltr'><strong>γενέθλιον,</strong></span> <span class='ocrx_word' id='word_1_101' title='bbox 897 1391 988 1440; x_wconf 69' lang='grc' dir='ltr'><strong>καὶ</strong></span> <span class='ocrx_word' id='word_1_102' title='bbox 1041 1394 1133 1439; x_wconf 79' lang='grc' dir='ltr'><strong>τοῦ</strong></span> <span class='ocrx_word' id='word_1_103' title='bbox 1185 1388 1444 1446; x_wconf 74' lang='grc' dir='ltr'><strong>παθόντος</strong></span> <span class='ocrx_word' id='word_1_104' title='bbox 1508 1382 1764 1454; x_wconf 72' lang='grc' dir='ltr'><strong>ἄντάφιον.</strong></span> <span class='ocrx_word' id='word_1_105' title='bbox 1833 1381 1929 1432; x_wconf 75' lang='grc' dir='ltr'><strong>Διὰ</strong></span> 
     </span>
    </p>
   </div>
   <div class='ocr_carea' id='block_1_16' title="bbox 317 1469 1926 1553">
    <p class='ocr_par' dir='ltr' id='par_1_16' title="bbox 317 1469 1926 1553">
     <span class='ocr_line' id='line_1_16' title="bbox 317 1469 1926 1553; baseline -0.008 -20"><span class='ocrx_word' id='word_1_106' title='bbox 317 1486 487 1532; x_wconf 73' lang='grc' dir='ltr'><strong>ταῦτα</strong></span> <span class='ocrx_word' id='word_1_107' title='bbox 530 1480 930 1553; x_wconf 65' lang='grc' dir='ltr'><strong>προηγουμένως</strong></span> <span class='ocrx_word' id='word_1_108' title='bbox 975 1480 1066 1548; x_wconf 64' lang='grc' dir='ltr'><strong>μεν</strong></span> <span class='ocrx_word' id='word_1_109' title='bbox 1111 1476 1248 1526; x_wconf 71' lang='grc' dir='ltr'><strong>κατὰ</strong></span> <span class='ocrx_word' id='word_1_110' title='bbox 1296 1475 1382 1526; x_wconf 68' lang='lat' dir='ltr'><strong>rh</strong></span> <span class='ocrx_word' id='word_1_111' title='bbox 1437 1475 1722 1546; x_wconf 74' lang='grc' dir='ltr'><strong>πρόχειρον</strong></span> <span class='ocrx_word' id='word_1_112' title='bbox 1776 1469 1926 1541; x_wconf 80' lang='grc' dir='ltr'><strong>λόγον</strong></span> 
     </span>
    </p>
   </div>
   <div class='ocr_carea' id='block_1_17' title="bbox 315 1557 1921 1636">
    <p class='ocr_par' dir='ltr' id='par_1_17' title="bbox 315 1557 1921 1636">
     <span class='ocr_line' id='line_1_17' title="bbox 315 1557 1921 1636; baseline -0.006 -16"><span class='ocrx_word' id='word_1_113' title='bbox 315 1572 407 1620; x_wconf 69' lang='grc' dir='ltr'><strong>καὶ</strong></span> <span class='ocrx_word' id='word_1_114' title='bbox 443 1575 534 1618; x_wconf 80' lang='grc' dir='ltr'><strong>νῦν</strong></span> <span class='ocrx_word' id='word_1_115' title='bbox 579 1574 736 1620; x_wconf 75' lang='grc' dir='ltr'><strong>τοῦτο</strong></span> <span class='ocrx_word' id='word_1_116' title='bbox 783 1568 861 1636; x_wconf 61' lang='grc'><strong>(4)</strong></span> <span class='ocrx_word' id='word_1_117' title='bbox 917 1571 1020 1627; x_wconf 76' lang='grc' dir='ltr'><strong>πᾶς</strong></span> <span class='ocrx_word' id='word_1_118' title='bbox 1071 1566 1262 1624; x_wconf 73' lang='grc' dir='ltr'><strong>πιστὸς</strong></span> <span class='ocrx_word' id='word_1_119' title='bbox 1304 1557 1498 1615; x_wconf 73' lang='grc' dir='ltr'><strong>εἰδέναι</strong></span> <span class='ocrx_word' id='word_1_120' title='bbox 1549 1559 1736 1631; x_wconf 67' lang='grc' dir='ltr'><strong>ὀφείλει</strong></span> <span class='ocrx_word' id='word_1_121' title='bbox 1785 1561 1850 1620; x_wconf 76' lang='grc' dir='ltr'><strong>ὡς</strong></span> <span class='ocrx_word' id='word_1_122' title='bbox 1891 1561 1921 1616; x_wconf 81' lang='grc' dir='ltr'><strong>ἠ</strong></span> 
     </span>
    </p>
   </div>
   <div class='ocr_carea' id='block_1_18' title="bbox 318 1646 1924 1730">
    <p class='ocr_par' dir='ltr' id='par_1_18' title="bbox 318 1646 1924 1730">
     <span class='ocr_line' id='line_1_18' title="bbox 318 1646 1924 1730; baseline -0.007 -20"><span class='ocrx_word' id='word_1_123' title='bbox 318 1664 414 1717; x_wconf 68' lang='grc' dir='ltr'><strong>τῆς</strong></span> <span class='ocrx_word' id='word_1_124' title='bbox 473 1658 614 1718; x_wconf 75' lang='grc' dir='ltr'><strong>θείοις</strong></span> <span class='ocrx_word' id='word_1_125' title='bbox 678 1657 970 1730; x_wconf 67' lang='grc' dir='ltr'><strong>ἱερουργίας</strong></span> <span class='ocrx_word' id='word_1_126' title='bbox 1027 1654 1211 1706; x_wconf 74' lang='grc' dir='ltr'><strong>ἅπασα</strong></span> <span class='ocrx_word' id='word_1_127' title='bbox 1264 1649 1438 1708; x_wconf 75' lang='grc' dir='ltr'><strong>τελετή</strong></span> <span class='ocrx_word' id='word_1_128' title='bbox 1500 1648 1662 1707; x_wconf 73' lang='grc' dir='ltr'><strong>αὐτὴν</strong></span> <span class='ocrx_word' id='word_1_129' title='bbox 1730 1646 1924 1705; x_wconf 62' lang='grc' dir='ltr'><strong>ἐκείνην</strong></span> 
     </span>
    </p>
   </div>
   <div class='ocr_carea' id='block_1_19' title="bbox 319 1732 1925 1816">
    <p class='ocr_par' dir='ltr' id='par_1_19' title="bbox 319 1732 1925 1816">
     <span class='ocr_line' id='line_1_19' title="bbox 319 1732 1925 1816; baseline -0.006 -19"><span class='ocrx_word' id='word_1_130' title='bbox 319 1749 416 1804; x_wconf 74' lang='grc' dir='ltr'><strong>τὴν</strong></span> <span class='ocrx_word' id='word_1_131' title='bbox 480 1745 602 1803; x_wconf 65' lang='grc' dir='ltr'><strong>ελον</strong></span> <span class='ocrx_word' id='word_1_132' title='bbox 666 1744 963 1816; x_wconf 61' lang='grc' dir='ltr'><strong>οἰκονομίαν</strong></span> <span class='ocrx_word' id='word_1_133' title='bbox 1023 1750 1120 1803; x_wconf 77' lang='grc' dir='ltr'><strong>τῆς</strong></span> <span class='ocrx_word' id='word_1_134' title='bbox 1179 1744 1296 1815; x_wconf 77' lang='grc' dir='ltr'><strong>περὶ</strong></span> <span class='ocrx_word' id='word_1_135' title='bbox 1349 1741 1494 1812; x_wconf 71' lang='grc' dir='ltr'><strong>ἡμῶν</strong></span> <span class='ocrx_word' id='word_1_136' title='bbox 1551 1732 1925 1810; x_wconf 79' lang='grc' dir='ltr'><strong>σωτηριωδονς</strong></span> 
     </span>
    </p>
   </div>
   <div class='ocr_carea' id='block_1_20' title="bbox 322 1831 1923 1905">
    <p class='ocr_par' dir='ltr' id='par_1_20' title="bbox 322 1831 1923 1905">
     <span class='ocr_line' id='line_1_20' title="bbox 322 1831 1923 1905; baseline -0.006 -17"><span class='ocrx_word' id='word_1_137' title='bbox 322 1833 766 1905; x_wconf 62' lang='grc' dir='ltr'><strong>συγκαταθέσεως</strong></span> <span class='ocrx_word' id='word_1_138' title='bbox 840 1839 933 1886; x_wconf 82' lang='grc' dir='ltr'><strong>τοῦ</strong></span> <span class='ocrx_word' id='word_1_139' title='bbox 1011 1831 1259 1889; x_wconf 75' lang='grc' dir='ltr'><strong>ἀληθινοῦ</strong></span> <span class='ocrx_word' id='word_1_140' title='bbox 1338 1836 1473 1883; x_wconf 75' lang='grc' dir='ltr'><strong>θεοῦ</strong></span> <span class='ocrx_word' id='word_1_141' title='bbox 1536 1831 1624 1880; x_wconf 73' lang='grc' dir='ltr'><strong>ια)</strong></span> <span class='ocrx_word' id='word_1_142' title='bbox 1693 1834 1923 1900; x_wconf 79' lang='grc' dir='ltr'><strong>Σωτῆρος</strong></span> 
     </span>
    </p>
   </div>
   <div class='ocr_carea' id='block_1_21' title="bbox 319 1913 1923 1997">
    <p class='ocr_par' dir='ltr' id='par_1_21' title="bbox 319 1913 1923 1997">
     <span class='ocr_line' id='line_1_21' title="bbox 319 1913 1923 1997; baseline -0.007 -21"><span class='ocrx_word' id='word_1_143' title='bbox 319 1925 467 1997; x_wconf 77' lang='grc' dir='ltr'><strong>ἡμῶν</strong></span> <span class='ocrx_word' id='word_1_144' title='bbox 525 1923 702 1981; x_wconf 81' lang='grc' dir='ltr'><strong>Ἰησοῦ</strong></span> <span class='ocrx_word' id='word_1_145' title='bbox 757 1928 1016 1994; x_wconf 74' lang='grc' dir='ltr'><strong>Χριστοῦ,</strong></span> <span class='ocrx_word' id='word_1_146' title='bbox 1064 1923 1131 1982; x_wconf 82' lang='grc' dir='ltr'><strong>ὡς</strong></span> <span class='ocrx_word' id='word_1_147' title='bbox 1182 1923 1512 1992; x_wconf 80' lang='grc' dir='ltr'><strong>προείρηται,</strong></span> <span class='ocrx_word' id='word_1_148' title='bbox 1571 1913 1664 1968; x_wconf 79' lang='grc' dir='ltr'><strong>διὰ</strong></span> <span class='ocrx_word' id='word_1_149' title='bbox 1712 1923 1813 1966; x_wconf 78' lang='grc' dir='ltr'><strong>τῶν</strong></span> <span class='ocrx_word' id='word_1_150' title='bbox 1875 1913 1923 1966; x_wconf 64' lang='lat' dir='ltr'><strong>tv</strong></span> 
     </span>
    </p>
   </div>
   <div class='ocr_carea' id='block_1_22' title="bbox 321 2001 1924 2085">
    <p class='ocr_par' dir='ltr' id='par_1_22' title="bbox 321 2001 1924 2085">
     <span class='ocr_line' id='line_1_22' title="bbox 321 2001 1924 2085; baseline -0.007 -20"><span class='ocrx_word' id='word_1_151' title='bbox 495 2011 806 2084; x_wconf 73' lang='grc' dir='ltr'><strong>τελουμένων</strong></span> <span class='ocrx_word' id='word_1_152' title='bbox 837 2013 1142 2084; x_wconf 74' lang='grc' dir='ltr'><strong>μυστηρίων</strong></span> <span class='ocrx_word' id='word_1_153' title='bbox 1174 2006 1504 2080; x_wconf 69' lang='grc' dir='ltr'><strong>συμϐολικῶς</strong></span> <span class='ocrx_word' id='word_1_154' title='bbox 1553 2001 1708 2062; x_wconf 82' lang='grc' dir='ltr'><strong>δηλοῖ</strong></span> <span class='ocrx_word' id='word_1_155' title='bbox 1745 2006 1841 2074; x_wconf 83' lang='grc'><strong>(5)·</strong></span> <span class='ocrx_word' id='word_1_156' title='bbox 1881 2003 1924 2054; x_wconf 83' lang='grc' dir='ltr'><strong>εἰ</strong></span> 
     </span>
    </p>
   </div>
   <div class='ocr_carea' id='block_1_23' title="bbox 318 2096 1923 2173">
    <p class='ocr_par' dir='ltr' id='par_1_23' title="bbox 318 2096 1923 2173">
     <span class='ocr_line' id='line_1_23' title="bbox 318 2096 1923 2173; baseline -0.005 -21"><span class='ocrx_word' id='word_1_157' title='bbox 318 2105 412 2154; x_wconf 67' lang='grc' dir='ltr'><strong>καὶ</strong></span> <span class='ocrx_word' id='word_1_158' title='bbox 456 2101 688 2173; x_wconf 76' lang='grc' dir='ltr'><strong>χαλεπόν</strong></span> <span class='ocrx_word' id='word_1_159' title='bbox 735 2099 808 2173; x_wconf 56' lang='grc' dir='ltr'><strong>ἕν’</strong></span> <span class='ocrx_word' id='word_1_160' title='bbox 861 2099 1064 2170; x_wconf 70' lang='grc' dir='ltr'><strong>ἑκάστῳ</strong></span> <span class='ocrx_word' id='word_1_161' title='bbox 1107 2105 1208 2150; x_wconf 76' lang='grc' dir='ltr'><strong>τῶν</strong></span> <span class='ocrx_word' id='word_1_162' title='bbox 1239 2099 1381 2171; x_wconf 81' lang='grc' dir='ltr'><strong>παρὰ</strong></span> <span class='ocrx_word' id='word_1_163' title='bbox 1409 2099 1601 2168; x_wconf 75' lang='grc' dir='ltr'><strong>Κυρίου</strong></span> <span class='ocrx_word' id='word_1_164' title='bbox 1641 2096 1923 2164; x_wconf 82' lang='grc' dir='ltr'><strong>γεγενημέ-</strong></span> 
     </span>
    </p>
   </div>
   <div class='ocr_carea' id='block_1_24' title="bbox 317 2184 1919 2264">
    <p class='ocr_par' dir='ltr' id='par_1_24' title="bbox 317 2184 1919 2264">
     <span class='ocr_line' id='line_1_24' title="bbox 317 2184 1919 2264; baseline -0.007 -21"><span class='ocrx_word' id='word_1_165' title='bbox 317 2209 437 2254; x_wconf 78' lang='grc' dir='ltr'><strong>νων,</strong></span> <span class='ocrx_word' id='word_1_166' title='bbox 495 2195 586 2243; x_wconf 73' lang='grc' dir='ltr'><strong>καὶ</strong></span> <span class='ocrx_word' id='word_1_167' title='bbox 628 2197 730 2242; x_wconf 86' lang='grc' dir='ltr'><strong>τῶν</strong></span> <span class='ocrx_word' id='word_1_168' title='bbox 783 2184 1214 2264; x_wconf 76' lang='grc' dir='ltr'><strong>παρὰίουδαίοις</strong></span> <span class='ocrx_word' id='word_1_169' title='bbox 1243 2185 1314 2246; x_wconf 85' lang='grc' dir='ltr'><strong>είς</strong></span> <span class='ocrx_word' id='word_1_170' title='bbox 1348 2184 1500 2237; x_wconf 69' lang='grc' dir='ltr'><strong>αὐτὸν</strong></span> <span class='ocrx_word' id='word_1_171' title='bbox 1528 2185 1919 2255; x_wconf 71' lang='grc' dir='ltr'><strong>πεπραγμένων,</strong></span> 
     </span>
    </p>
   </div>
   <div class='ocr_carea' id='block_1_25' title="bbox 315 2271 1921 2353">
    <p class='ocr_par' dir='ltr' id='par_1_25' title="bbox 315 2271 1921 2353">
     <span class='ocr_line' id='line_1_25' title="bbox 315 2271 1921 2353; baseline -0.006 -20"><span class='ocrx_word' id='word_1_172' title='bbox 315 2285 442 2353; x_wconf 81' lang='grc' dir='ltr'><strong>μίαν</strong></span> <span class='ocrx_word' id='word_1_173' title='bbox 491 2284 581 2332; x_wconf 64' lang='grc' dir='ltr'><strong>καὶ</strong></span> <span class='ocrx_word' id='word_1_174' title='bbox 630 2284 725 2338; x_wconf 70' lang='grc' dir='ltr'><strong>τήν</strong></span> <span class='ocrx_word' id='word_1_175' title='bbox 769 2278 934 2337; x_wconf 75' lang='grc' dir='ltr'><strong>αὐτὴν</strong></span> <span class='ocrx_word' id='word_1_176' title='bbox 960 2277 1255 2350; x_wconf 66' lang='grc' dir='ltr'><strong>ἀναφῦσαι</strong></span> <span class='ocrx_word' id='word_1_177' title='bbox 1282 2276 1470 2350; x_wconf 82' lang='grc' dir='ltr'><strong>πρᾶξιν</strong></span> <span class='ocrx_word' id='word_1_178' title='bbox 1501 2273 1550 2326; x_wconf 73' lang='grc' dir='ltr'><strong>ἂν</strong></span> <span class='ocrx_word' id='word_1_179' title='bbox 1579 2280 1686 2335; x_wconf 82' lang='grc' dir='ltr'><strong>τοῖς</strong></span> <span class='ocrx_word' id='word_1_180' title='bbox 1718 2271 1921 2344; x_wconf 76' lang='grc' dir='ltr'><strong>συμϐό-</strong></span> 
     </span>
    </p>
   </div>
   <div class='ocr_carea' id='block_1_26' title="bbox 314 2363 1923 2442">
    <p class='ocr_par' dir='ltr' id='par_1_26' title="bbox 314 2363 1923 2442">
     <span class='ocr_line' id='line_1_26' title="bbox 314 2363 1923 2442; baseline -0.006 -20"><span class='ocrx_word' id='word_1_181' title='bbox 314 2369 446 2432; x_wconf 74' lang='grc' dir='ltr'><strong>λοις·</strong></span> <span class='ocrx_word' id='word_1_182' title='bbox 497 2369 745 2431; x_wconf 52' lang='lat' dir='ltr'><strong>«elidit;</strong></span> <span class='ocrx_word' id='word_1_183' title='bbox 792 2371 895 2442; x_wconf 73' lang='grc' dir='ltr'><strong>γὰρ</strong></span> <span class='ocrx_word' id='word_1_184' title='bbox 938 2371 997 2420; x_wconf 87' lang='grc' dir='ltr'><strong>τὸ</strong></span> <span class='ocrx_word' id='word_1_185' title='bbox 1051 2368 1099 2420; x_wconf 62' lang='grc' dir='ltr'><strong>ἓν</strong></span> <span class='ocrx_word' id='word_1_186' title='bbox 1144 2373 1244 2418; x_wconf 78' lang='grc' dir='ltr'><strong>τῶν</strong></span> <span class='ocrx_word' id='word_1_187' title='bbox 1293 2364 1342 2418; x_wconf 61' lang='grc' dir='ltr'><strong>ἂν</strong></span> <span class='ocrx_word' id='word_1_188' title='bbox 1372 2373 1433 2437; x_wconf 77' lang='grc' dir='ltr'><strong>τῇ</strong></span> <span class='ocrx_word' id='word_1_189' title='bbox 1474 2366 1589 2436; x_wconf 81' lang='grc' dir='ltr'><strong>θείᾳ</strong></span> <span class='ocrx_word' id='word_1_190' title='bbox 1625 2363 1923 2437; x_wconf 72' lang='grc' dir='ltr'><strong>λειτουργίᾳ</strong></span> 
     </span>
    </p>
   </div>
   <div class='ocr_carea' id='block_1_27' title="bbox 313 2455 1922 2531">
    <p class='ocr_par' dir='ltr' id='par_1_27' title="bbox 313 2455 1922 2531">
     <span class='ocr_line' id='line_1_27' title="bbox 313 2455 1922 2531; baseline -0.006 -18"><span class='ocrx_word' id='word_1_191' title='bbox 313 2458 627 2531; x_wconf 71' lang='grc' dir='ltr'><strong>τελουμένων</strong></span> <span class='ocrx_word' id='word_1_192' title='bbox 661 2458 746 2511; x_wconf 70' lang='lat' dir='ltr'><strong>hri</strong></span> <span class='ocrx_word' id='word_1_193' title='bbox 791 2455 920 2510; x_wconf 68' lang='grc' dir='ltr'><strong>δυσί</strong></span> <span class='ocrx_word' id='word_1_194' title='bbox 966 2461 1057 2509; x_wconf 71' lang='grc' dir='ltr'><strong>καὶ</strong></span> <span class='ocrx_word' id='word_1_195' title='bbox 1100 2460 1244 2531; x_wconf 81' lang='grc' dir='ltr'><strong>τρισὶ</strong></span> <span class='ocrx_word' id='word_1_196' title='bbox 1288 2462 1389 2507; x_wconf 82' lang='grc' dir='ltr'><strong>τῶν</strong></span> <span class='ocrx_word' id='word_1_197' title='bbox 1418 2458 1534 2507; x_wconf 84' lang='grc' dir='ltr'><strong>τότε</strong></span> <span class='ocrx_word' id='word_1_198' title='bbox 1571 2460 1806 2505; x_wconf 82' lang='grc' dir='ltr'><strong>νοοῦνται</strong></span> <span class='ocrx_word' id='word_1_199' title='bbox 1831 2457 1922 2504; x_wconf 78' lang='grc' dir='ltr'><strong>καὶ</strong></span> 
     </span>
    </p>
   </div>
   <div class='ocr_carea' id='block_1_28' title="bbox 313 2538 1916 2622">
    <p class='ocr_par' dir='ltr' id='par_1_28' title="bbox 313 2538 1916 2622">
     <span class='ocr_line' id='line_1_28' title="bbox 313 2538 1916 2622; baseline -0.004 -22"><span class='ocrx_word' id='word_1_200' title='bbox 313 2547 674 2622; x_wconf 64' lang='grc' dir='ltr'><strong>ἀναφέρονται,</strong></span> <span class='ocrx_word' id='word_1_201' title='bbox 718 2549 788 2609; x_wconf 72' lang='grc' dir='ltr'><strong>ὡς</strong></span> <span class='ocrx_word' id='word_1_202' title='bbox 843 2551 1038 2619; x_wconf 75' lang='grc' dir='ltr'><strong>προϊὼν</strong></span> <span class='ocrx_word' id='word_1_203' title='bbox 1091 2544 1116 2597; x_wconf 83' lang='grc' dir='ltr'><em>δ</em></span> <span class='ocrx_word' id='word_1_204' title='bbox 1167 2544 1319 2615; x_wconf 79' lang='grc' dir='ltr'><strong>λόγος</strong></span> <span class='ocrx_word' id='word_1_205' title='bbox 1370 2538 1532 2606; x_wconf 79' lang='grc' dir='ltr'><strong>δείξει</strong></span> <span class='ocrx_word' id='word_1_206' title='bbox 1584 2546 1916 2614; x_wconf 65' lang='grc' dir='ltr'><strong>σαφέστερον.</strong></span> 
     </span>
    </p>
   </div>
   <div class='ocr_carea' id='block_1_29' title="bbox 387 2630 1920 2707">
    <p class='ocr_par' dir='ltr' id='par_1_29' title="bbox 387 2630 1920 2707">
     <span class='ocr_line' id='line_1_29' title="bbox 387 2630 1920 2707; baseline -0.005 -18"><span class='ocrx_word' id='word_1_207' title='bbox 387 2632 462 2691; x_wconf 73' lang='grc' dir='ltr'><strong>δ’.</strong></span> <span class='ocrx_word' id='word_1_208' title='bbox 505 2636 707 2688; x_wconf 52' lang='grc' dir='ltr'><strong>Αὐτίκα</strong></span> <span class='ocrx_word' id='word_1_209' title='bbox 746 2642 869 2707; x_wconf 70' lang='grc' dir='ltr'><strong>γοῦν</strong></span> <span class='ocrx_word' id='word_1_210' title='bbox 900 2636 931 2693; x_wconf 79' lang='grc' dir='ltr'><strong>ἠ</strong></span> <span class='ocrx_word' id='word_1_211' title='bbox 983 2635 1096 2687; x_wconf 82' lang='grc' dir='ltr'><strong>θεία</strong></span> <span class='ocrx_word' id='word_1_212' title='bbox 1141 2638 1232 2686; x_wconf 72' lang='grc' dir='ltr'><strong>καὶ</strong></span> <span class='ocrx_word' id='word_1_213' title='bbox 1282 2633 1394 2707; x_wconf 82' lang='grc' dir='ltr'><strong>ίερει</strong></span> <span class='ocrx_word' id='word_1_214' title='bbox 1439 2632 1697 2705; x_wconf 67' lang='grc' dir='ltr'><strong>τράπεζα,</strong></span> <span class='ocrx_word' id='word_1_215' title='bbox 1736 2635 1827 2682; x_wconf 73' lang='grc' dir='ltr'><strong>καὶ</strong></span> <span class='ocrx_word' id='word_1_216' title='bbox 1854 2630 1920 2691; x_wconf 86' lang='grc' dir='ltr'><strong>είς</strong></span> 
     </span>
    </p>
   </div>
   <div class='ocr_carea' id='block_1_30' title="bbox 314 2719 1919 2801">
    <p class='ocr_par' dir='ltr' id='par_1_30' title="bbox 314 2719 1919 2801">
     <span class='ocr_line' id='line_1_30' title="bbox 314 2719 1919 2801; baseline -0.004 -23"><span class='ocrx_word' id='word_1_217' title='bbox 314 2729 378 2778; x_wconf 76' lang='grc' dir='ltr'><strong>τὸ</strong></span> <span class='ocrx_word' id='word_1_218' title='bbox 428 2726 747 2801; x_wconf 68' lang='grc' dir='ltr'><strong>ἐστρωμένον</strong></span> <span class='ocrx_word' id='word_1_219' title='bbox 797 2724 1029 2797; x_wconf 64' lang='grc' dir='ltr'><strong>ἀνώγεων</strong></span> <span class='ocrx_word' id='word_1_220' title='bbox 1082 2725 1187 2796; x_wconf 78' lang='lat' dir='ltr'><strong>[aL</strong></span> <span class='ocrx_word' id='word_1_221' title='bbox 1234 2723 1363 2780; x_wconf 80' lang='lat' dir='ltr'><strong>cod.</strong></span> <span class='ocrx_word' id='word_1_222' title='bbox 1421 2721 1698 2794; x_wconf 79' lang='grc' dir='ltr'><strong>ἅνώγαιον]</strong></span> <span class='ocrx_word' id='word_1_223' title='bbox 1724 2719 1919 2793; x_wconf 76' lang='grc' dir='ltr'><strong>ίιλαμ-</strong></span> 
     </span>
    </p>
   </div>
   <div class='ocr_carea' id='block_1_31' title="bbox 318 2813 1920 2888">
    <p class='ocr_par' dir='ltr' id='par_1_31' title="bbox 318 2813 1920 2888">
     <span class='ocr_line' id='line_1_31' title="bbox 318 2813 1920 2888; baseline -0.004 -20"><span class='ocrx_word' id='word_1_224' title='bbox 318 2815 547 2883; x_wconf 73' lang='grc' dir='ltr'><strong>ϐοὲνεται,</strong></span> <span class='ocrx_word' id='word_1_225' title='bbox 605 2819 696 2868; x_wconf 67' lang='grc' dir='ltr'><strong>καὶ</strong></span> <span class='ocrx_word' id='word_1_226' title='bbox 752 2816 914 2888; x_wconf 60' lang='grc' dir='ltr'><strong>φάτνῃ</strong></span> <span class='ocrx_word' id='word_1_227' title='bbox 969 2813 1398 2886; x_wconf 76' lang='grc' dir='ltr'><strong>κατονομάζεται,</strong></span> <span class='ocrx_word' id='word_1_228' title='bbox 1447 2815 1538 2864; x_wconf 72' lang='grc' dir='ltr'><strong>και</strong></span> <span class='ocrx_word' id='word_1_229' title='bbox 1589 2813 1750 2884; x_wconf 69' lang='grc' dir='ltr'><strong>τάφος</strong></span> <span class='ocrx_word' id='word_1_230' title='bbox 1786 2817 1920 2883; x_wconf 72' lang='grc' dir='ltr'><strong>Χρι-</strong></span> 
     </span>
    </p>
   </div>
   <div class='ocr_carea' id='block_1_32' title="bbox 322 2897 1917 2976">
    <p class='ocr_par' dir='ltr' id='par_1_32' title="bbox 322 2897 1917 2976">
     <span class='ocr_line' id='line_1_32' title="bbox 322 2897 1917 2976; baseline -0.004 -19"><span class='ocrx_word' id='word_1_231' title='bbox 322 2912 450 2958; x_wconf 77' lang='grc' dir='ltr'><strong>στοῦ</strong></span> <span class='ocrx_word' id='word_1_232' title='bbox 492 2911 585 2957; x_wconf 68' lang='grc' dir='ltr'><strong>τοῦ</strong></span> <span class='ocrx_word' id='word_1_233' title='bbox 621 2911 757 2957; x_wconf 69' lang='lat' dir='ltr'><strong>sua</strong></span> <span class='ocrx_word' id='word_1_234' title='bbox 789 2907 936 2976; x_wconf 72' lang='grc' dir='ltr'><strong>ἡμῶν</strong></span> <span class='ocrx_word' id='word_1_235' title='bbox 977 2901 1312 2962; x_wconf 64' lang='grc' dir='ltr'><strong>ἐπικέκληται</strong></span> <span class='ocrx_word' id='word_1_236' title='bbox 1361 2902 1462 2973; x_wconf 76' lang='grc' dir='ltr'><strong>(Β).</strong></span> <span class='ocrx_word' id='word_1_237' title='bbox 1502 2907 1681 2954; x_wconf 77' lang='grc' dir='ltr'><strong>Ταῦτα</strong></span> <span class='ocrx_word' id='word_1_238' title='bbox 1718 2897 1797 2969; x_wconf 74' lang='grc' dir='ltr'><strong>δι,</strong></span> <span class='ocrx_word' id='word_1_239' title='bbox 1830 2899 1917 2952; x_wconf 78' lang='grc' dir='ltr'><strong>εὐ-</strong></span> 
     </span>
    </p>
   </div>
   <div class='ocr_carea' id='block_1_33' title="bbox 2038 579 3692 653">
    <p class='ocr_par' dir='ltr' id='par_1_33' title="bbox 2038 579 3692 653">
     <span class='ocr_line' id='line_1_33' title="bbox 2038 579 3692 653; baseline 0.004 -19"><span class='ocrx_word' id='word_1_240' title='bbox 2038 579 2120 634; x_wconf 87' lang='lat' dir='ltr'><strong>ris</strong></span> <span class='ocrx_word' id='word_1_241' title='bbox 2142 579 2202 634; x_wconf 93' lang='lat' dir='ltr'><strong>in</strong></span> <span class='ocrx_word' id='word_1_242' title='bbox 2225 579 2442 635; x_wconf 85' lang='lat' dir='ltr'><strong>divinis</strong></span> <span class='ocrx_word' id='word_1_243' title='bbox 2471 581 2768 653; x_wconf 81' lang='lat' dir='ltr'><strong>mysteriis</strong></span> <span class='ocrx_word' id='word_1_244' title='bbox 2797 581 3081 637; x_wconf 91' lang='lat' dir='ltr'><strong>unionem</strong></span> <span class='ocrx_word' id='word_1_245' title='bbox 3103 587 3160 636; x_wconf 90' lang='lat' dir='ltr'><strong>et</strong></span> <span class='ocrx_word' id='word_1_246' title='bbox 3206 581 3692 653; x_wconf 90' lang='lat' dir='ltr'><strong>conjunctionem</strong></span> 
     </span>
    </p>
   </div>
   <div class='ocr_carea' id='block_1_34' title="bbox 2040 667 3691 740">
    <p class='ocr_par' dir='ltr' id='par_1_34' title="bbox 2040 667 3691 740">
     <span class='ocr_line' id='line_1_34' title="bbox 2040 667 3691 740; baseline 0.003 -18"><span class='ocrx_word' id='word_1_247' title='bbox 2040 667 2299 733; x_wconf 87' lang='lat' dir='ltr'><strong>deducit,</strong></span> <span class='ocrx_word' id='word_1_248' title='bbox 2329 683 2622 738; x_wconf 87' lang='lat' dir='ltr'><strong>magnum</strong></span> <span class='ocrx_word' id='word_1_249' title='bbox 2647 669 2782 724; x_wconf 89' lang='lat' dir='ltr'><strong>dico</strong></span> <span class='ocrx_word' id='word_1_250' title='bbox 2811 670 2962 725; x_wconf 91' lang='lat' dir='ltr'><strong>inter</strong></span> <span class='ocrx_word' id='word_1_251' title='bbox 2988 669 3299 739; x_wconf 80' lang='lat' dir='ltr'><strong>theologos</strong></span> <span class='ocrx_word' id='word_1_252' title='bbox 3323 672 3691 740; x_wconf 84' lang='lat' dir='ltr'><strong>Gregorium,</strong></span> 
     </span>
    </p>
   </div>
   <div class='ocr_carea' id='block_1_35' title="bbox 2038 757 3692 832">
    <p class='ocr_par' dir='ltr' id='par_1_35' title="bbox 2038 757 3692 832">
     <span class='ocr_line' id='line_1_35' title="bbox 2038 757 3692 832; baseline 0.003 -21"><span class='ocrx_word' id='word_1_253' title='bbox 2038 757 2144 829; x_wconf 88' lang='lat' dir='ltr'><strong>qui</strong></span> <span class='ocrx_word' id='word_1_254' title='bbox 2167 758 2227 812; x_wconf 94' lang='lat' dir='ltr'><strong>in</strong></span> <span class='ocrx_word' id='word_1_255' title='bbox 2259 772 2535 813; x_wconf 84' lang='lat' dir='ltr'><strong>sermone</strong></span> <span class='ocrx_word' id='word_1_256' title='bbox 2551 758 2626 813; x_wconf 92' lang='lat' dir='ltr'><strong>de</strong></span> <span class='ocrx_word' id='word_1_257' title='bbox 2644 758 2854 813; x_wconf 88' lang='lat' dir='ltr'><strong>Christi</strong></span> <span class='ocrx_word' id='word_1_258' title='bbox 2871 758 3074 826; x_wconf 79' lang='lat' dir='ltr'><strong>natali,</strong></span> <span class='ocrx_word' id='word_1_259' title='bbox 3104 774 3226 814; x_wconf 94' lang='lat' dir='ltr'><strong>non</strong></span> <span class='ocrx_word' id='word_1_260' title='bbox 3255 758 3450 815; x_wconf 87' lang='lat' dir='ltr'><strong>solum</strong></span> <span class='ocrx_word' id='word_1_261' title='bbox 3471 776 3542 816; x_wconf 89' lang='lat' dir='ltr'><strong>ea</strong></span> <span class='ocrx_word' id='word_1_262' title='bbox 3554 776 3692 832; x_wconf 69' lang='lat' dir='ltr'><strong>quae</strong></span> 
     </span>
    </p>
   </div>
   <div class='ocr_carea' id='block_1_36' title="bbox 2039 845 3693 915">
    <p class='ocr_par' dir='ltr' id='par_1_36' title="bbox 2039 845 3693 915">
     <span class='ocr_line' id='line_1_36' title="bbox 2039 845 3693 915; baseline 0.002 -15"><span class='ocrx_word' id='word_1_263' title='bbox 2039 845 2411 901; x_wconf 80' lang='lat' dir='ltr'><strong>nativitatem</strong></span> <span class='ocrx_word' id='word_1_264' title='bbox 2461 847 2746 902; x_wconf 87' lang='lat' dir='ltr'><strong>comitata</strong></span> <span class='ocrx_word' id='word_1_265' title='bbox 2804 851 2966 915; x_wconf 91' lang='lat' dir='ltr'><strong>sunt,</strong></span> <span class='ocrx_word' id='word_1_266' title='bbox 3025 863 3231 902; x_wconf 89' lang='lat' dir='ltr'><strong>verum</strong></span> <span class='ocrx_word' id='word_1_267' title='bbox 3288 852 3470 904; x_wconf 83' lang='lat' dir='ltr'><strong>etiam</strong></span> <span class='ocrx_word' id='word_1_268' title='bbox 3513 850 3693 906; x_wconf 86' lang='lat' dir='ltr'><strong>totius</strong></span> 
     </span>
    </p>
   </div>
   <div class='ocr_carea' id='block_1_37' title="bbox 2039 933 3696 1010">
    <p class='ocr_par' dir='ltr' id='par_1_37' title="bbox 2039 933 3696 1010">
     <span class='ocr_line' id='line_1_37' title="bbox 2039 933 3696 1010; baseline 0.003 -20"><span class='ocrx_word' id='word_1_269' title='bbox 2039 933 2507 1007; x_wconf 79' lang='lat' dir='ltr'><strong>dispensationis</strong></span> <span class='ocrx_word' id='word_1_270' title='bbox 2563 951 2659 991; x_wconf 91' lang='lat' dir='ltr'><strong>res</strong></span> <span class='ocrx_word' id='word_1_271' title='bbox 2717 938 3014 992; x_wconf 90' lang='lat' dir='ltr'><strong>conexuit.</strong></span> <span class='ocrx_word' id='word_1_272' title='bbox 3067 939 3416 1010; x_wconf 85' lang='lat' dir='ltr'><strong>Rursusque</strong></span> <span class='ocrx_word' id='word_1_273' title='bbox 3470 939 3531 994; x_wconf 91' lang='lat' dir='ltr'><strong>in</strong></span> <span class='ocrx_word' id='word_1_274' title='bbox 3581 954 3696 995; x_wconf 89' lang='lat' dir='ltr'><strong>ser-</strong></span> 
     </span>
    </p>
   </div>
   <div class='ocr_carea' id='block_1_38' title="bbox 2039 1023 3696 1098">
    <p class='ocr_par' dir='ltr' id='par_1_38' title="bbox 2039 1023 3696 1098">
     <span class='ocr_line' id='line_1_38' title="bbox 2039 1023 3696 1098; baseline 0.003 -20"><span class='ocrx_word' id='word_1_275' title='bbox 2039 1038 2219 1079; x_wconf 92' lang='lat' dir='ltr'><strong>mone</strong></span> <span class='ocrx_word' id='word_1_276' title='bbox 2241 1023 2316 1079; x_wconf 93' lang='lat' dir='ltr'><strong>de</strong></span> <span class='ocrx_word' id='word_1_277' title='bbox 2343 1025 2627 1081; x_wconf 86' lang='lat' dir='ltr'><strong>Paschate</strong></span> <span class='ocrx_word' id='word_1_278' title='bbox 2656 1030 2713 1081; x_wconf 88' lang='lat' dir='ltr'><strong>et</strong></span> <span class='ocrx_word' id='word_1_279' title='bbox 2741 1027 3192 1094; x_wconf 84' lang='lat' dir='ltr'><strong>resurrectione,</strong></span> <span class='ocrx_word' id='word_1_280' title='bbox 3223 1041 3294 1082; x_wconf 90' lang='lat' dir='ltr'><strong>ea</strong></span> <span class='ocrx_word' id='word_1_281' title='bbox 3322 1041 3458 1098; x_wconf 64' lang='lat' dir='ltr'><strong>quas</strong></span> <span class='ocrx_word' id='word_1_282' title='bbox 3484 1027 3544 1082; x_wconf 93' lang='lat' dir='ltr'><strong>in</strong></span> <span class='ocrx_word' id='word_1_283' title='bbox 3592 1043 3696 1084; x_wconf 87' lang='lat' dir='ltr'><strong>na-</strong></span> 
     </span>
    </p>
   </div>
   <div class='ocr_carea' id='block_1_39' title="bbox 2039 1111 3697 1183">
    <p class='ocr_par' dir='ltr' id='par_1_39' title="bbox 2039 1111 3697 1183">
     <span class='ocr_line' id='line_1_39' title="bbox 2039 1111 3697 1183; baseline 0.003 -16"><span class='ocrx_word' id='word_1_284' title='bbox 2039 1111 2140 1167; x_wconf 89' lang='lat' dir='ltr'><strong>tali</strong></span> <span class='ocrx_word' id='word_1_285' title='bbox 2174 1111 2424 1183; x_wconf 82' lang='lat' dir='ltr'><strong>dixerat,</strong></span> <span class='ocrx_word' id='word_1_286' title='bbox 2481 1113 2612 1169; x_wconf 93' lang='lat' dir='ltr'><strong>loco</strong></span> <span class='ocrx_word' id='word_1_287' title='bbox 2671 1129 2785 1169; x_wconf 89' lang='lat' dir='ltr'><strong>suo</strong></span> <span class='ocrx_word' id='word_1_288' title='bbox 2832 1129 2956 1170; x_wconf 93' lang='lat' dir='ltr'><strong>non</strong></span> <span class='ocrx_word' id='word_1_289' title='bbox 3013 1116 3354 1171; x_wconf 85' lang='lat' dir='ltr'><strong>commovit.</strong></span> <span class='ocrx_word' id='word_1_290' title='bbox 3410 1115 3585 1182; x_wconf 85' lang='lat' dir='ltr'><strong>Quod</strong></span> <span class='ocrx_word' id='word_1_291' title='bbox 3634 1121 3697 1173; x_wconf 88' lang='lat' dir='ltr'><strong>ut</strong></span> 
     </span>
    </p>
   </div>
   <div class='ocr_carea' id='block_1_40' title="bbox 2038 1200 3697 1275">
    <p class='ocr_par' dir='ltr' id='par_1_40' title="bbox 2038 1200 3697 1275">
     <span class='ocr_line' id='line_1_40' title="bbox 2038 1200 3697 1275; baseline 0.002 -21"><span class='ocrx_word' id='word_1_292' title='bbox 2038 1201 2305 1271; x_wconf 83' lang='lat' dir='ltr'><strong>apertius</strong></span> <span class='ocrx_word' id='word_1_293' title='bbox 2333 1200 2644 1270; x_wconf 84' lang='lat' dir='ltr'><strong>signiﬁcet,</strong></span> <span class='ocrx_word' id='word_1_294' title='bbox 2676 1200 2832 1270; x_wconf 87' lang='lat' dir='ltr'><strong>talis,</strong></span> <span class='ocrx_word' id='word_1_295' title='bbox 2868 1202 3078 1274; x_wconf 90' lang='lat' dir='ltr'><strong>inquit,</strong></span> <span class='ocrx_word' id='word_1_296' title='bbox 3104 1201 3213 1258; x_wconf 92' lang='lat' dir='ltr'><strong>fuit</strong></span> <span class='ocrx_word' id='word_1_297' title='bbox 3248 1203 3430 1272; x_wconf 87' lang='lat' dir='ltr'><strong>geniti</strong></span> <span class='ocrx_word' id='word_1_298' title='bbox 3485 1203 3697 1275; x_wconf 71' lang='lat' dir='ltr'><strong>Christi</strong></span> 
     </span>
    </p>
   </div>
   <div class='ocr_carea' id='block_1_41' title="bbox 2037 1289 3696 1363">
    <p class='ocr_par' dir='ltr' id='par_1_41' title="bbox 2037 1289 3696 1363">
     <span class='ocr_line' id='line_1_41' title="bbox 2037 1289 3696 1363; baseline 0.002 -19"><span class='ocrx_word' id='word_1_299' title='bbox 2037 1289 2335 1354; x_wconf 86' lang='lat' dir='ltr'><strong>nativitas,</strong></span> <span class='ocrx_word' id='word_1_300' title='bbox 2365 1289 2499 1345; x_wconf 88' lang='lat' dir='ltr'><strong>talis</strong></span> <span class='ocrx_word' id='word_1_301' title='bbox 2529 1294 2586 1344; x_wconf 91' lang='lat' dir='ltr'><strong>et</strong></span> <span class='ocrx_word' id='word_1_302' title='bbox 2628 1289 2903 1360; x_wconf 84' lang='lat' dir='ltr'><strong>ejusdem</strong></span> <span class='ocrx_word' id='word_1_303' title='bbox 2960 1291 3125 1362; x_wconf 86' lang='lat' dir='ltr'><strong>passi</strong></span> <span class='ocrx_word' id='word_1_304' title='bbox 3177 1291 3506 1363; x_wconf 89' lang='lat' dir='ltr'><strong>sepultura.</strong></span> <span class='ocrx_word' id='word_1_305' title='bbox 3551 1294 3696 1348; x_wconf 91' lang='lat' dir='ltr'><strong>Pro-</strong></span> 
     </span>
    </p>
   </div>
   <div class='ocr_carea' id='block_1_42' title="bbox 2037 1377 3694 1451">
    <p class='ocr_par' dir='ltr' id='par_1_42' title="bbox 2037 1377 3694 1451">
     <span class='ocr_line' id='line_1_42' title="bbox 2037 1377 3694 1451; baseline 0.002 -19"><span class='ocrx_word' id='word_1_306' title='bbox 2037 1381 2242 1448; x_wconf 89' lang='lat' dir='ltr'><strong>pterea</strong></span> <span class='ocrx_word' id='word_1_307' title='bbox 2272 1377 2676 1450; x_wconf 88' lang='lat' dir='ltr'><strong>principaliter</strong></span> <span class='ocrx_word' id='word_1_308' title='bbox 2728 1379 2901 1449; x_wconf 89' lang='lat' dir='ltr'><strong>juxta</strong></span> <span class='ocrx_word' id='word_1_309' title='bbox 2945 1384 3300 1451; x_wconf 69' lang='lat' dir='ltr'><strong>praesentem</strong></span> <span class='ocrx_word' id='word_1_310' title='bbox 3353 1383 3694 1447; x_wconf 87' lang='lat' dir='ltr'><strong>tractatum,</strong></span> 
     </span>
    </p>
   </div>
   <div class='ocr_carea' id='block_1_43' title="bbox 2038 1466 3696 1538">
    <p class='ocr_par' dir='ltr' id='par_1_43' title="bbox 2038 1466 3696 1538">
     <span class='ocr_line' id='line_1_43' title="bbox 2038 1466 3696 1538; baseline 0.002 -17"><span class='ocrx_word' id='word_1_311' title='bbox 2038 1480 2200 1522; x_wconf 91' lang='lat' dir='ltr'><strong>nunc</strong></span> <span class='ocrx_word' id='word_1_312' title='bbox 2225 1466 2418 1522; x_wconf 87' lang='lat' dir='ltr'><strong>tidelis</strong></span> <span class='ocrx_word' id='word_1_313' title='bbox 2446 1468 2644 1522; x_wconf 89' lang='lat' dir='ltr'><strong>omnis</strong></span> <span class='ocrx_word' id='word_1_314' title='bbox 2685 1468 2832 1522; x_wconf 88' lang='lat' dir='ltr'><strong>scire</strong></span> <span class='ocrx_word' id='word_1_315' title='bbox 2859 1467 3039 1524; x_wconf 89' lang='lat' dir='ltr'><strong>debet</strong></span> <span class='ocrx_word' id='word_1_316' title='bbox 3083 1483 3120 1523; x_wconf 89' lang='lat' dir='ltr'><strong>a</strong></span> <span class='ocrx_word' id='word_1_317' title='bbox 3170 1467 3389 1523; x_wconf 62' lang='lat' dir='ltr'><strong>divinas</strong></span> <span class='ocrx_word' id='word_1_318' title='bbox 3444 1468 3696 1538; x_wconf 65' lang='lat' dir='ltr'><strong>liturgiai</strong></span> 
     </span>
    </p>
   </div>
   <div class='ocr_carea' id='block_1_44' title="bbox 2039 1555 3696 1629">
    <p class='ocr_par' dir='ltr' id='par_1_44' title="bbox 2039 1555 3696 1629">
     <span class='ocr_line' id='line_1_44' title="bbox 2039 1555 3696 1629; baseline 0.002 -19"><span class='ocrx_word' id='word_1_319' title='bbox 2039 1555 2317 1612; x_wconf 80' lang='lat' dir='ltr'><strong>universo</strong></span> <span class='ocrx_word' id='word_1_320' title='bbox 2346 1555 2481 1622; x_wconf 88' lang='lat' dir='ltr'><strong>ritu,</strong></span> <span class='ocrx_word' id='word_1_321' title='bbox 2509 1556 2676 1612; x_wconf 85' lang='lat' dir='ltr'><strong>illam</strong></span> <span class='ocrx_word' id='word_1_322' title='bbox 2706 1556 2901 1629; x_wconf 84' lang='lat' dir='ltr'><strong>ipsam</strong></span> <span class='ocrx_word' id='word_1_323' title='bbox 2937 1561 3122 1613; x_wconf 87' lang='lat' dir='ltr'><strong>totam</strong></span> <span class='ocrx_word' id='word_1_324' title='bbox 3178 1556 3696 1629; x_wconf 88' lang='lat' dir='ltr'><strong>dispensationem</strong></span> 
     </span>
    </p>
   </div>
   <div class='ocr_carea' id='block_1_45' title="bbox 2039 1643 3692 1704">
    <p class='ocr_par' dir='ltr' id='par_1_45' title="bbox 2039 1643 3692 1704">
     <span class='ocr_line' id='line_1_45' title="bbox 2039 1643 3692 1704; baseline 0.002 -6"><span class='ocrx_word' id='word_1_325' title='bbox 2039 1643 2316 1700; x_wconf 87' lang='lat' dir='ltr'><strong>salutaris</strong></span> <span class='ocrx_word' id='word_1_326' title='bbox 2341 1645 2873 1701; x_wconf 89' lang='lat' dir='ltr'><strong>condescensionis</strong></span> <span class='ocrx_word' id='word_1_327' title='bbox 2923 1646 3048 1701; x_wconf 90' lang='lat' dir='ltr'><strong>veri</strong></span> <span class='ocrx_word' id='word_1_328' title='bbox 3092 1648 3194 1702; x_wconf 91' lang='lat' dir='ltr'><strong>Dei</strong></span> <span class='ocrx_word' id='word_1_329' title='bbox 3248 1662 3320 1702; x_wconf 89' lang='lat' dir='ltr'><strong>ac</strong></span> <span class='ocrx_word' id='word_1_330' title='bbox 3378 1645 3692 1704; x_wconf 80' lang='lat' dir='ltr'><strong>salvatoris</strong></span> 
     </span>
    </p>
   </div>
   <div class='ocr_carea' id='block_1_46' title="bbox 2038 1733 3695 1808">
    <p class='ocr_par' dir='ltr' id='par_1_46' title="bbox 2038 1733 3695 1808">
     <span class='ocr_line' id='line_1_46' title="bbox 2038 1733 3695 1808; baseline 0.002 -21"><span class='ocrx_word' id='word_1_331' title='bbox 2038 1735 2225 1788; x_wconf 89' lang='lat' dir='ltr'><strong>nostri</strong></span> <span class='ocrx_word' id='word_1_332' title='bbox 2251 1735 2390 1789; x_wconf 78' lang='lat' dir='ltr'><strong>lesu</strong></span> <span class='ocrx_word' id='word_1_333' title='bbox 2417 1733 2645 1801; x_wconf 86' lang='lat' dir='ltr'><strong>Christi,</strong></span> <span class='ocrx_word' id='word_1_334' title='bbox 2693 1734 2778 1789; x_wconf 89' lang='lat' dir='ltr'><strong>uti</strong></span> <span class='ocrx_word' id='word_1_335' title='bbox 2835 1735 3060 1790; x_wconf 90' lang='lat' dir='ltr'><strong>dictum</strong></span> <span class='ocrx_word' id='word_1_336' title='bbox 3118 1738 3228 1802; x_wconf 89' lang='lat' dir='ltr'><strong>est,</strong></span> <span class='ocrx_word' id='word_1_337' title='bbox 3282 1750 3390 1807; x_wconf 90' lang='lat' dir='ltr'><strong>per</strong></span> <span class='ocrx_word' id='word_1_338' title='bbox 3438 1750 3511 1792; x_wconf 91' lang='lat' dir='ltr'><strong>ea</strong></span> <span class='ocrx_word' id='word_1_339' title='bbox 3557 1751 3695 1808; x_wconf 69' lang='lat' dir='ltr'><strong>quas</strong></span> 
     </span>
    </p>
   </div>
   <div class='ocr_carea' id='block_1_47' title="bbox 1955 1794 3690 1896">
    <p class='ocr_par' dir='ltr' id='par_1_47' title="bbox 1955 1794 3690 1896">
     <span class='ocr_line' id='line_1_47' title="bbox 1955 1794 3690 1896; baseline 0.003 -21"><span class='ocrx_word' id='word_1_340' title='bbox 1955 1794 1998 1868; x_wconf 59' lang='grc' dir='ltr'>δ</span> <span class='ocrx_word' id='word_1_341' title='bbox 2035 1819 2268 1878; x_wconf 86' lang='lat' dir='ltr'><strong>ﬂuntin</strong></span> <span class='ocrx_word' id='word_1_342' title='bbox 2291 1821 2505 1878; x_wconf 90' lang='lat' dir='ltr'><strong>eodem</strong></span> <span class='ocrx_word' id='word_1_343' title='bbox 2536 1794 2652 1878; x_wconf 86' lang='lat' dir='ltr'><strong>ritu</strong></span> <span class='ocrx_word' id='word_1_344' title='bbox 2682 1823 2986 1896; x_wconf 88' lang='lat' dir='ltr'><strong>mysteria,</strong></span> <span class='ocrx_word' id='word_1_345' title='bbox 3015 1794 3346 1896; x_wconf 72' lang='lat' dir='ltr'><strong>symbolice</strong></span> <span class='ocrx_word' id='word_1_346' title='bbox 3407 1794 3646 1880; x_wconf 70' lang='lat' dir='ltr'><strong>ostendi</strong></span> <span class='ocrx_word' id='word_1_347' title='bbox 3677 1844 3690 1890; x_wconf 88' lang='lat'><strong>;</strong></span> 
     </span>
    </p>
   </div>
   <div class='ocr_carea' id='block_1_48' title="bbox 2034 1911 3696 1986">
    <p class='ocr_par' dir='ltr' id='par_1_48' title="bbox 2034 1911 3696 1986">
     <span class='ocr_line' id='line_1_48' title="bbox 2034 1911 3696 1986; baseline 0.002 -19"><span class='ocrx_word' id='word_1_348' title='bbox 2034 1926 2391 1984; x_wconf 87' lang='lat' dir='ltr'><strong>quanquam</strong></span> <span class='ocrx_word' id='word_1_349' title='bbox 2419 1911 2658 1969; x_wconf 80' lang='lat' dir='ltr'><strong>diﬂicile</strong></span> <span class='ocrx_word' id='word_1_350' title='bbox 2679 1918 2787 1981; x_wconf 88' lang='lat' dir='ltr'><strong>est,</strong></span> <span class='ocrx_word' id='word_1_351' title='bbox 2810 1913 2967 1969; x_wconf 89' lang='lat' dir='ltr'><strong>circa</strong></span> <span class='ocrx_word' id='word_1_352' title='bbox 2981 1912 3222 1984; x_wconf 90' lang='lat' dir='ltr'><strong>singula</strong></span> <span class='ocrx_word' id='word_1_353' title='bbox 3244 1929 3381 1986; x_wconf 63' lang='lat' dir='ltr'><strong>quae</strong></span> <span class='ocrx_word' id='word_1_354' title='bbox 3407 1914 3696 1971; x_wconf 89' lang='lat' dir='ltr'><strong>Dominus</strong></span> 
     </span>
    </p>
   </div>
   <div class='ocr_carea' id='block_1_49' title="bbox 2035 2003 3695 2076">
    <p class='ocr_par' dir='ltr' id='par_1_49' title="bbox 2035 2003 3695 2076">
     <span class='ocr_line' id='line_1_49' title="bbox 2035 2003 3695 2076; baseline 0.002 -18"><span class='ocrx_word' id='word_1_355' title='bbox 2035 2003 2172 2074; x_wconf 88' lang='lat' dir='ltr'><strong>egit,</strong></span> <span class='ocrx_word' id='word_1_356' title='bbox 2202 2004 2290 2058; x_wconf 86' lang='lat' dir='ltr'><strong>vel</strong></span> <span class='ocrx_word' id='word_1_357' title='bbox 2318 2003 2507 2059; x_wconf 65' lang='lat' dir='ltr'><strong>Judaei</strong></span> <span class='ocrx_word' id='word_1_358' title='bbox 2537 2009 2748 2061; x_wconf 87' lang='lat' dir='ltr'><strong>contra</strong></span> <span class='ocrx_word' id='word_1_359' title='bbox 2776 2020 2914 2060; x_wconf 91' lang='lat' dir='ltr'><strong>eum</strong></span> <span class='ocrx_word' id='word_1_360' title='bbox 2938 2009 3272 2076; x_wconf 87' lang='lat' dir='ltr'><strong>gesserunt,</strong></span> <span class='ocrx_word' id='word_1_361' title='bbox 3296 2020 3484 2061; x_wconf 92' lang='lat' dir='ltr'><strong>unum</strong></span> <span class='ocrx_word' id='word_1_362' title='bbox 3529 2021 3695 2062; x_wconf 90' lang='lat' dir='ltr'><strong>eum-</strong></span> 
     </span>
    </p>
   </div>
   <div class='ocr_carea' id='block_1_50' title="bbox 2035 2092 3695 2168">
    <p class='ocr_par' dir='ltr' id='par_1_50' title="bbox 2035 2092 3695 2168">
     <span class='ocr_line' id='line_1_50' title="bbox 2035 2092 3695 2168; baseline 0.003 -21"><span class='ocrx_word' id='word_1_363' title='bbox 2035 2092 2296 2165; x_wconf 89' lang='lat' dir='ltr'><strong>demque</strong></span> <span class='ocrx_word' id='word_1_364' title='bbox 2328 2099 2597 2166; x_wconf 87' lang='lat' dir='ltr'><strong>spectare</strong></span> <span class='ocrx_word' id='word_1_365' title='bbox 2627 2095 2688 2150; x_wconf 93' lang='lat' dir='ltr'><strong>in</strong></span> <span class='ocrx_word' id='word_1_366' title='bbox 2710 2095 3003 2168; x_wconf 85' lang='lat' dir='ltr'><strong>symbolis</strong></span> <span class='ocrx_word' id='word_1_367' title='bbox 3033 2099 3257 2152; x_wconf 89' lang='lat' dir='ltr'><strong>actum.</strong></span> <span class='ocrx_word' id='word_1_368' title='bbox 3310 2094 3483 2167; x_wconf 65' lang='lat' dir='ltr'><strong>Saepe</strong></span> <span class='ocrx_word' id='word_1_369' title='bbox 3534 2096 3695 2152; x_wconf 87' lang='lat' dir='ltr'><strong>enim</strong></span> 
     </span>
    </p>
   </div>
   <div class='ocr_carea' id='block_1_51' title="bbox 2039 2181 3694 2257">
    <p class='ocr_par' dir='ltr' id='par_1_51' title="bbox 2039 2181 3694 2257">
     <span class='ocr_line' id='line_1_51' title="bbox 2039 2181 3694 2257; baseline 0.002 -20"><span class='ocrx_word' id='word_1_370' title='bbox 2039 2197 2227 2237; x_wconf 90' lang='lat' dir='ltr'><strong>unum</strong></span> <span class='ocrx_word' id='word_1_371' title='bbox 2259 2181 2486 2254; x_wconf 89' lang='lat' dir='ltr'><strong>aliquid</strong></span> <span class='ocrx_word' id='word_1_372' title='bbox 2506 2182 2568 2238; x_wconf 93' lang='lat' dir='ltr'><strong>in</strong></span> <span class='ocrx_word' id='word_1_373' title='bbox 2597 2183 2806 2240; x_wconf 91' lang='lat' dir='ltr'><strong>divina</strong></span> <span class='ocrx_word' id='word_1_374' title='bbox 2848 2200 3010 2240; x_wconf 91' lang='lat' dir='ltr'><strong>nunc</strong></span> <span class='ocrx_word' id='word_1_375' title='bbox 3064 2184 3305 2257; x_wconf 90' lang='lat' dir='ltr'><strong>liturgia</strong></span> <span class='ocrx_word' id='word_1_376' title='bbox 3357 2187 3694 2254; x_wconf 90' lang='lat' dir='ltr'><strong>operatum,</strong></span> 
     </span>
    </p>
   </div>
   <div class='ocr_carea' id='block_1_52' title="bbox 2033 2271 3697 2348">
    <p class='ocr_par' dir='ltr' id='par_1_52' title="bbox 2033 2271 3697 2348">
     <span class='ocr_line' id='line_1_52' title="bbox 2033 2271 3697 2348; baseline 0.002 -20"><span class='ocrx_word' id='word_1_377' title='bbox 2033 2271 2109 2328; x_wconf 93' lang='lat' dir='ltr'><strong>de</strong></span> <span class='ocrx_word' id='word_1_378' title='bbox 2133 2271 2376 2328; x_wconf 89' lang='lat' dir='ltr'><strong>duobus</strong></span> <span class='ocrx_word' id='word_1_379' title='bbox 2402 2272 2495 2329; x_wconf 88' lang='lat' dir='ltr'><strong>vel</strong></span> <span class='ocrx_word' id='word_1_380' title='bbox 2525 2273 2714 2329; x_wconf 89' lang='lat' dir='ltr'><strong>tribus</strong></span> <span class='ocrx_word' id='word_1_381' title='bbox 2738 2279 2879 2330; x_wconf 89' lang='lat' dir='ltr'><strong>tunc</strong></span> <span class='ocrx_word' id='word_1_382' title='bbox 2911 2275 3196 2348; x_wconf 89' lang='lat' dir='ltr'><strong>temporis</strong></span> <span class='ocrx_word' id='word_1_383' title='bbox 3235 2273 3473 2331; x_wconf 87' lang='lat' dir='ltr'><strong>actibus</strong></span> <span class='ocrx_word' id='word_1_384' title='bbox 3521 2274 3697 2331; x_wconf 84' lang='lat' dir='ltr'><strong>intel-</strong></span> 
     </span>
    </p>
   </div>
   <div class='ocr_carea' id='block_1_53' title="bbox 2033 2360 3694 2436">
    <p class='ocr_par' dir='ltr' id='par_1_53' title="bbox 2033 2360 3694 2436">
     <span class='ocr_line' id='line_1_53' title="bbox 2033 2360 3694 2436; baseline 0.001 -20"><span class='ocrx_word' id='word_1_385' title='bbox 2033 2360 2253 2432; x_wconf 88' lang='lat' dir='ltr'><strong>ligitur,</strong></span> <span class='ocrx_word' id='word_1_386' title='bbox 2287 2361 2366 2418; x_wconf 90' lang='lat' dir='ltr'><strong>ad</strong></span> <span class='ocrx_word' id='word_1_387' title='bbox 2406 2378 2632 2436; x_wconf 89' lang='lat' dir='ltr'><strong>eosque</strong></span> <span class='ocrx_word' id='word_1_388' title='bbox 2662 2363 2932 2434; x_wconf 80' lang='lat' dir='ltr'><strong>refertur,</strong></span> <span class='ocrx_word' id='word_1_389' title='bbox 2988 2364 3143 2420; x_wconf 88' lang='lat' dir='ltr'><strong>sicut</strong></span> <span class='ocrx_word' id='word_1_390' title='bbox 3193 2365 3255 2420; x_wconf 92' lang='lat' dir='ltr'><strong>in</strong></span> <span class='ocrx_word' id='word_1_391' title='bbox 3305 2363 3694 2435; x_wconf 88' lang='lat' dir='ltr'><strong>sequentibus</strong></span> 
     </span>
    </p>
   </div>
   <div class='ocr_carea' id='block_1_54' title="bbox 2033 2448 2394 2508">
    <p class='ocr_par' dir='ltr' id='par_1_54' title="bbox 2033 2448 2394 2508">
     <span class='ocr_line' id='line_1_54' title="bbox 2033 2448 2394 2508; baseline 0.008 -3"><span class='ocrx_word' id='word_1_392' title='bbox 2033 2448 2134 2508; x_wconf 81' lang='lat' dir='ltr'><strong>ﬂet</strong></span> <span class='ocrx_word' id='word_1_393' title='bbox 2154 2450 2394 2508; x_wconf 90' lang='lat' dir='ltr'><strong>clarius.</strong></span> 
     </span>
    </p>
   </div>
   <div class='ocr_carea' id='block_1_55' title="bbox 2105 2632 3691 2709">
    <p class='ocr_par' dir='ltr' id='par_1_55' title="bbox 2105 2632 3691 2709">
     <span class='ocr_line' id='line_1_55' title="bbox 2105 2632 3691 2709; baseline 0.003 -21"><span class='ocrx_word' id='word_1_394' title='bbox 2105 2635 2159 2688; x_wconf 79' lang='grc'><strong>4.</strong></span> <span class='ocrx_word' id='word_1_395' title='bbox 2194 2635 2340 2688; x_wconf 90' lang='lat' dir='ltr'><strong>Ecce</strong></span> <span class='ocrx_word' id='word_1_396' title='bbox 2360 2635 2525 2690; x_wconf 90' lang='lat' dir='ltr'><strong>enim</strong></span> <span class='ocrx_word' id='word_1_397' title='bbox 2545 2632 2749 2690; x_wconf 90' lang='lat' dir='ltr'><strong>divina</strong></span> <span class='ocrx_word' id='word_1_398' title='bbox 2775 2634 2832 2690; x_wconf 87' lang='lat' dir='ltr'><strong>et</strong></span> <span class='ocrx_word' id='word_1_399' title='bbox 2855 2649 3020 2690; x_wconf 75' lang='lat' dir='ltr'><strong>sacra</strong></span> <span class='ocrx_word' id='word_1_400' title='bbox 3048 2650 3261 2692; x_wconf 89' lang='lat' dir='ltr'><strong>mensa</strong></span> <span class='ocrx_word' id='word_1_401' title='bbox 3290 2640 3347 2692; x_wconf 88' lang='lat' dir='ltr'><strong>et</strong></span> <span class='ocrx_word' id='word_1_402' title='bbox 3367 2652 3475 2709; x_wconf 90' lang='lat' dir='ltr'><strong>pro</strong></span> <span class='ocrx_word' id='word_1_403' title='bbox 3503 2640 3691 2693; x_wconf 89' lang='lat' dir='ltr'><strong>strato</strong></span> 
     </span>
    </p>
   </div>
   <div class='ocr_carea' id='block_1_56' title="bbox 2032 2721 3694 2795">
    <p class='ocr_par' dir='ltr' id='par_1_56' title="bbox 2032 2721 3694 2795">
     <span class='ocr_line' id='line_1_56' title="bbox 2032 2721 3694 2795; baseline 0.001 -16"><span class='ocrx_word' id='word_1_404' title='bbox 2032 2721 2345 2779; x_wconf 73' lang='lat' dir='ltr'><strong>cmnaculo</strong></span> <span class='ocrx_word' id='word_1_405' title='bbox 2367 2721 2673 2794; x_wconf 88' lang='lat' dir='ltr'><strong>accipitur,</strong></span> <span class='ocrx_word' id='word_1_406' title='bbox 2707 2728 2764 2778; x_wconf 92' lang='lat' dir='ltr'><strong>et</strong></span> <span class='ocrx_word' id='word_1_407' title='bbox 2787 2735 3056 2795; x_wconf 64' lang='lat' dir='ltr'><strong>praesepe</strong></span> <span class='ocrx_word' id='word_1_408' title='bbox 3077 2723 3432 2795; x_wconf 88' lang='lat' dir='ltr'><strong>appellatur,</strong></span> <span class='ocrx_word' id='word_1_409' title='bbox 3485 2729 3539 2780; x_wconf 90' lang='lat' dir='ltr'><strong>et</strong></span> <span class='ocrx_word' id='word_1_410' title='bbox 3607 2740 3694 2779; x_wconf 88' lang='lat' dir='ltr'><strong>se-</strong></span> 
     </span>
    </p>
   </div>
   <div class='ocr_carea' id='block_1_57' title="bbox 2030 2810 3695 2884">
    <p class='ocr_par' dir='ltr' id='par_1_57' title="bbox 2030 2810 3695 2884">
     <span class='ocr_line' id='line_1_57' title="bbox 2030 2810 3695 2884; baseline 0.002 -18"><span class='ocrx_word' id='word_1_411' title='bbox 2030 2811 2309 2884; x_wconf 88' lang='lat' dir='ltr'><strong>pulcrum</strong></span> <span class='ocrx_word' id='word_1_412' title='bbox 2335 2825 2581 2883; x_wconf 90' lang='lat' dir='ltr'><strong>quoque</strong></span> <span class='ocrx_word' id='word_1_413' title='bbox 2610 2810 2822 2867; x_wconf 86' lang='lat' dir='ltr'><strong>Christi</strong></span> <span class='ocrx_word' id='word_1_414' title='bbox 2865 2811 2974 2880; x_wconf 35' lang='lat' dir='ltr'><strong>,Dei</strong></span> <span class='ocrx_word' id='word_1_415' title='bbox 3024 2812 3210 2868; x_wconf 86' lang='lat' dir='ltr'><strong>nostri</strong></span> <span class='ocrx_word' id='word_1_416' title='bbox 3263 2814 3572 2869; x_wconf 87' lang='lat' dir='ltr'><strong>vocitatur.</strong></span> <span class='ocrx_word' id='word_1_417' title='bbox 3630 2815 3695 2869; x_wconf 88' lang='lat' dir='ltr'><strong>Et</strong></span> 
     </span>
    </p>
   </div>
   <div class='ocr_carea' id='block_1_58' title="bbox 2029 2900 3697 2974">
    <p class='ocr_par' dir='ltr' id='par_1_58' title="bbox 2029 2900 3697 2974">
     <span class='ocr_line' id='line_1_58' title="bbox 2029 2900 3697 2974; baseline -0.001 -13"><span class='ocrx_word' id='word_1_418' title='bbox 2029 2909 2233 2962; x_wconf 77' lang='lat' dir='ltr'><strong>tamen</strong></span> <span class='ocrx_word' id='word_1_419' title='bbox 2286 2900 2418 2956; x_wconf 56' lang='lat' dir='ltr'><strong>haec</strong></span> <span class='ocrx_word' id='word_1_420' title='bbox 2471 2900 2567 2973; x_wconf 89' lang='lat' dir='ltr'><strong>pie</strong></span> <span class='ocrx_word' id='word_1_421' title='bbox 2618 2901 2876 2970; x_wconf 89' lang='lat' dir='ltr'><strong>cogitata</strong></span> <span class='ocrx_word' id='word_1_422' title='bbox 2931 2903 2987 2956; x_wconf 90' lang='lat' dir='ltr'><strong>et</strong></span> <span class='ocrx_word' id='word_1_423' title='bbox 3030 2904 3299 2974; x_wconf 90' lang='lat' dir='ltr'><strong>accepta,</strong></span> <span class='ocrx_word' id='word_1_424' title='bbox 3356 2902 3697 2959; x_wconf 85' lang='lat' dir='ltr'><strong>nullatenus</strong></span> 
     </span>
    </p>
   </div>
   <div class='ocr_carea' id='block_1_59' title="bbox 324 2988 2088 3066">
    <p class='ocr_par' dir='ltr' id='par_1_59' title="bbox 324 2988 2088 3066">
     <span class='ocr_line' id='line_1_59' title="bbox 324 2988 2088 3066; baseline 0 -19"><span class='ocrx_word' id='word_1_425' title='bbox 324 2993 486 3055; x_wconf 73' lang='grc' dir='ltr'><strong>οιεῶς</strong></span> <span class='ocrx_word' id='word_1_426' title='bbox 529 2994 780 3066; x_wconf 72' lang='grc' dir='ltr'><strong>νοούμενά</strong></span> <span class='ocrx_word' id='word_1_427' title='bbox 815 3010 871 3045; x_wconf 86' lang='grc' dir='ltr'><strong>τε</strong></span> <span class='ocrx_word' id='word_1_428' title='bbox 905 2998 995 3045; x_wconf 61' lang='grc' dir='ltr'><strong>ναι</strong></span> <span class='ocrx_word' id='word_1_429' title='bbox 1043 2989 1327 3064; x_wconf 73' lang='grc' dir='ltr'><strong>δεχομενα,</strong></span> <span class='ocrx_word' id='word_1_430' title='bbox 1371 2988 1524 3044; x_wconf 59' lang='lat' dir='ltr'><strong>nam</strong></span> <span class='ocrx_word' id='word_1_431' title='bbox 1552 2997 1625 3061; x_wconf 81' lang='grc' dir='ltr'><strong>τῷ</strong></span> <span class='ocrx_word' id='word_1_432' title='bbox 1655 2990 1790 3061; x_wconf 75' lang='grc' dir='ltr'><strong>λόγῳ</strong></span> <span class='ocrx_word' id='word_1_433' title='bbox 1827 2997 1918 3049; x_wconf 72' lang='grc' dir='ltr'><strong>τῆς</strong></span> <span class='ocrx_word' id='word_1_434' title='bbox 2027 3003 2088 3054; x_wconf 76' lang='grc' dir='ltr'><strong>ιιι</strong></span> 
     </span>
    </p>
   </div>
   <div class='ocr_carea' id='block_1_60' title="bbox 1934 2988 3698 3066">
    <p class='ocr_par' dir='ltr' id='par_1_60' title="bbox 2027 2989 3698 3064">
     <span class='ocr_line' id='line_1_60' title="bbox 2027 2989 3698 3064; baseline 0 -17"><span class='ocrx_word' id='word_1_435' title='bbox 2027 2993 2212 3054; x_wconf 72' lang='lat' dir='ltr'><strong>rectae</strong></span> <span class='ocrx_word' id='word_1_436' title='bbox 2234 2989 2538 3059; x_wconf 86' lang='lat' dir='ltr'><strong>religionis</strong></span> <span class='ocrx_word' id='word_1_437' title='bbox 2563 2990 2895 3046; x_wconf 85' lang='lat' dir='ltr'><strong>doctrinam</strong></span> <span class='ocrx_word' id='word_1_438' title='bbox 2923 2989 3171 3062; x_wconf 67' lang='lat' dir='ltr'><strong>laedunt,</strong></span> <span class='ocrx_word' id='word_1_439' title='bbox 3193 2995 3336 3047; x_wconf 89' lang='lat' dir='ltr'><strong>tunc</strong></span> <span class='ocrx_word' id='word_1_440' title='bbox 3366 2991 3698 3064; x_wconf 63' lang='lat' dir='ltr'><strong>praisertim</strong></span> 
     </span>
    </p>
   </div>
   <div class='ocr_carea' id='block_1_61' title="bbox 327 3079 2091 3154">
    <p class='ocr_par' dir='ltr' id='par_1_61' title="bbox 327 3079 2091 3154">
     <span class='ocr_line' id='line_1_61' title="bbox 327 3079 2091 3154; baseline -0.004 -19"><span class='ocrx_word' id='word_1_441' title='bbox 327 3082 592 3143; x_wconf 73' lang='grc' dir='ltr'><strong>εὐσεϐείαις</strong></span> <span class='ocrx_word' id='word_1_442' title='bbox 637 3082 961 3154; x_wconf 73' lang='grc' dir='ltr'><strong>λυμαίνεται,</strong></span> <span class='ocrx_word' id='word_1_443' title='bbox 1030 3085 1120 3134; x_wconf 72' lang='lat' dir='ltr'><strong>ut</strong></span> <span class='ocrx_word' id='word_1_444' title='bbox 1162 3080 1352 3154; x_wconf 83' lang='grc' dir='ltr'><strong>μᾶλλον</strong></span> <span class='ocrx_word' id='word_1_445' title='bbox 1409 3079 1531 3132; x_wconf 78' lang='grc' dir='ltr'><strong>ὅταν</strong></span> <span class='ocrx_word' id='word_1_446' title='bbox 1554 3082 1580 3132; x_wconf 76' lang='grc' dir='ltr'><strong>ὁ</strong></span> <span class='ocrx_word' id='word_1_447' title='bbox 1608 3085 1942 3154; x_wconf 70' lang='grc' dir='ltr'><strong>προκείμενος</strong></span> <span class='ocrx_word' id='word_1_448' title='bbox 1973 3085 2014 3140; x_wconf 89' lang='lat' dir='ltr'><strong>C</strong></span> <span class='ocrx_word' id='word_1_449' title='bbox 2051 3093 2091 3136; x_wconf 51' lang='grc' dir='ltr'><strong>οη</strong></span> 
     </span>
    </p>
   </div>
   <div class='ocr_carea' id='block_1_62' title="bbox 1939 3079 3703 3154">
    <p class='ocr_par' dir='ltr' id='par_1_62' title="bbox 1939 3079 3703 3153">
     <span class='ocr_line' id='line_1_62' title="bbox 1939 3079 3703 3153; baseline -0.001 -15"><span class='ocrx_word' id='word_1_450' title='bbox 1939 3102 1942 3138; x_wconf 85' lang='grc'>;</span> <span class='ocrx_word' id='word_1_451' title='bbox 1973 3085 2014 3140; x_wconf 91' lang='lat' dir='ltr'><strong>C</strong></span> <span class='ocrx_word' id='word_1_452' title='bbox 2051 3087 2191 3136; x_wconf 86' lang='lat' dir='ltr'><strong>cum</strong></span> <span class='ocrx_word' id='word_1_453' title='bbox 2219 3079 2567 3151; x_wconf 86' lang='lat' dir='ltr'><strong>propositus</strong></span> <span class='ocrx_word' id='word_1_454' title='bbox 2588 3089 2788 3136; x_wconf 88' lang='lat' dir='ltr'><strong>sermo</strong></span> <span class='ocrx_word' id='word_1_455' title='bbox 2816 3080 3102 3152; x_wconf 89' lang='lat' dir='ltr'><strong>temporis</strong></span> <span class='ocrx_word' id='word_1_456' title='bbox 3126 3081 3369 3153; x_wconf 87' lang='lat' dir='ltr'><strong>propria</strong></span> <span class='ocrx_word' id='word_1_457' title='bbox 3389 3086 3444 3138; x_wconf 88' lang='lat' dir='ltr'><strong>et</strong></span> <span class='ocrx_word' id='word_1_458' title='bbox 3464 3097 3703 3137; x_wconf 90' lang='lat' dir='ltr'><strong>accom-</strong></span> 
     </span>
    </p>
   </div>
   <div class='ocr_carea' id='block_1_63' title="bbox 334 3171 1940 3244">
    <p class='ocr_par' dir='ltr' id='par_1_63' title="bbox 334 3171 1940 3244">
     <span class='ocr_line' id='line_1_63' title="bbox 334 3171 1940 3244; baseline -0.002 -21"><span class='ocrx_word' id='word_1_459' title='bbox 334 3171 489 3233; x_wconf 81' lang='grc' dir='ltr'><strong>λοθος</strong></span> <span class='ocrx_word' id='word_1_460' title='bbox 553 3171 704 3232; x_wconf 65' lang='lat' dir='ltr'><strong>Cura</strong></span> <span class='ocrx_word' id='word_1_461' title='bbox 756 3174 816 3223; x_wconf 85' lang='grc' dir='ltr'><strong>τὸ</strong></span> <span class='ocrx_word' id='word_1_462' title='bbox 865 3173 1051 3223; x_wconf 73' lang='grc' dir='ltr'><strong>οἰκεῖον</strong></span> <span class='ocrx_word' id='word_1_463' title='bbox 1106 3175 1198 3222; x_wconf 68' lang='grc' dir='ltr'><strong>καὶ</strong></span> <span class='ocrx_word' id='word_1_464' title='bbox 1261 3173 1558 3244; x_wconf 67' lang='grc' dir='ltr'><strong>πρόσφορον</strong></span> <span class='ocrx_word' id='word_1_465' title='bbox 1622 3176 1692 3239; x_wconf 77' lang='grc' dir='ltr'><strong>τῷ</strong></span> <span class='ocrx_word' id='word_1_466' title='bbox 1753 3176 1940 3239; x_wconf 63' lang='grc' dir='ltr'><strong>καιρῷ.</strong></span> 
     </span>
    </p>
   </div>
   <div class='ocr_carea' id='block_1_64' title="bbox 331 3257 1946 3330">
    <p class='ocr_par' dir='ltr' id='par_1_64' title="bbox 331 3257 1946 3330">
     <span class='ocr_line' id='line_1_64' title="bbox 331 3257 1946 3330; baseline -0.002 -17"><span class='ocrx_word' id='word_1_467' title='bbox 331 3266 425 3313; x_wconf 63' lang='grc' dir='ltr'><strong>καὶ</strong></span> <span class='ocrx_word' id='word_1_468' title='bbox 467 3263 534 3314; x_wconf 76' lang='grc' dir='ltr'><strong>τὰ</strong></span> <span class='ocrx_word' id='word_1_469' title='bbox 580 3260 714 3313; x_wconf 70' lang='grc' dir='ltr'><strong>ἄλλα</strong></span> <span class='ocrx_word' id='word_1_470' title='bbox 764 3257 824 3313; x_wconf 63' lang='grc' dir='ltr'><strong>οι</strong></span> <span class='ocrx_word' id='word_1_471' title='bbox 875 3261 1086 3325; x_wconf 78' lang='grc' dir='ltr'><strong>ὁμοίως·</strong></span> <span class='ocrx_word' id='word_1_472' title='bbox 1126 3267 1268 3313; x_wconf 77' lang='lat' dir='ltr'><strong>am</strong></span> <span class='ocrx_word' id='word_1_473' title='bbox 1306 3263 1350 3313; x_wconf 80' lang='grc' dir='ltr'><strong>εἶ</strong></span> <span class='ocrx_word' id='word_1_474' title='bbox 1392 3277 1472 3321; x_wconf 85' lang='grc' dir='ltr'><strong>τις</strong></span> <span class='ocrx_word' id='word_1_475' title='bbox 1501 3271 1600 3311; x_wconf 72' lang='grc' dir='ltr'><strong>των</strong></span> <span class='ocrx_word' id='word_1_476' title='bbox 1631 3258 1679 3311; x_wconf 83' lang='grc' dir='ltr'><strong>έν</strong></span> <span class='ocrx_word' id='word_1_477' title='bbox 1717 3266 1791 3330; x_wconf 83' lang='grc' dir='ltr'><strong>τῷ</strong></span> <span class='ocrx_word' id='word_1_478' title='bbox 1815 3258 1946 3323; x_wconf 74' lang='grc' dir='ltr'><strong>τέλει</strong></span> 
     </span>
    </p>
   </div>
   <div class='ocr_carea' id='block_1_65' title="bbox 328 3347 1946 3424">
    <p class='ocr_par' dir='ltr' id='par_1_65' title="bbox 328 3347 1946 3424">
     <span class='ocr_line' id='line_1_65' title="bbox 328 3347 1946 3424; baseline -0.002 -20"><span class='ocrx_word' id='word_1_479' title='bbox 328 3347 473 3421; x_wconf 81' lang='grc' dir='ltr'><strong>τῷδε</strong></span> <span class='ocrx_word' id='word_1_480' title='bbox 522 3352 854 3423; x_wconf 71' lang='grc' dir='ltr'><strong>συντάγματι</strong></span> <span class='ocrx_word' id='word_1_481' title='bbox 911 3349 1264 3422; x_wconf 73' lang='grc' dir='ltr'><strong>έντυγχάνων,</strong></span> <span class='ocrx_word' id='word_1_482' title='bbox 1314 3352 1524 3424; x_wconf 73' lang='grc' dir='ltr'><strong>εὑρήσει</strong></span> <span class='ocrx_word' id='word_1_483' title='bbox 1576 3352 1693 3402; x_wconf 78' lang='grc' dir='ltr'><strong>τινὰ</strong></span> <span class='ocrx_word' id='word_1_484' title='bbox 1761 3348 1946 3423; x_wconf 70' lang='grc' dir='ltr'><strong>ἑτέρως</strong></span> 
     </span>
    </p>
   </div>
   <div class='ocr_carea' id='block_1_66' title="bbox 333 3439 1943 3513">
    <p class='ocr_par' dir='ltr' id='par_1_66' title="bbox 333 3439 1943 3513">
     <span class='ocr_line' id='line_1_66' title="bbox 333 3439 1943 3513; baseline -0.002 -20"><span class='ocrx_word' id='word_1_485' title='bbox 333 3440 689 3513; x_wconf 72' lang='grc' dir='ltr'><strong>ὀνομασθέντα</strong></span> <span class='ocrx_word' id='word_1_486' title='bbox 741 3442 886 3511; x_wconf 79' lang='grc' dir='ltr'><strong>παρά</strong></span> <span class='ocrx_word' id='word_1_487' title='bbox 930 3459 1085 3503; x_wconf 86' lang='grc' dir='ltr'><strong>τινος,</strong></span> <span class='ocrx_word' id='word_1_488' title='bbox 1129 3443 1221 3491; x_wconf 73' lang='grc' dir='ltr'><strong>καὶ</strong></span> <span class='ocrx_word' id='word_1_489' title='bbox 1267 3439 1327 3491; x_wconf 76' lang='grc' dir='ltr'><strong>οὗ</strong></span> <span class='ocrx_word' id='word_1_490' title='bbox 1370 3454 1466 3491; x_wconf 65' lang='grc' dir='ltr'><strong>παν</strong></span> <span class='ocrx_word' id='word_1_491' title='bbox 1515 3442 1642 3497; x_wconf 78' lang='grc' dir='ltr'><strong>τὴνὰ</strong></span> <span class='ocrx_word' id='word_1_492' title='bbox 1690 3442 1943 3512; x_wconf 73' lang='grc' dir='ltr'><strong>ἡμετέραν</strong></span> 
     </span>
    </p>
   </div>
   <div class='ocr_carea' id='block_1_67' title="bbox 332 3521 1942 3602">
    <p class='ocr_par' dir='ltr' id='par_1_67' title="bbox 332 3521 1942 3602">
     <span class='ocr_line' id='line_1_67' title="bbox 332 3521 1942 3602; baseline -0.001 -20"><span class='ocrx_word' id='word_1_493' title='bbox 332 3528 609 3601; x_wconf 64' lang='grc' dir='ltr'><strong>ἐξήγησιν</strong></span> <span class='ocrx_word' id='word_1_494' title='bbox 664 3521 927 3602; x_wconf 68' lang='grc' dir='ltr'><strong>μηδαμῶς</strong></span> <span class='ocrx_word' id='word_1_495' title='bbox 971 3528 1267 3599; x_wconf 52' lang='lat' dir='ltr'><strong>Emme“,</strong></span> <span class='ocrx_word' id='word_1_496' title='bbox 1325 3532 1479 3600; x_wconf 86' lang='grc' dir='ltr'><strong>μόνον</strong></span> <span class='ocrx_word' id='word_1_497' title='bbox 1530 3527 1574 3580; x_wconf 80' lang='grc' dir='ltr'><strong>έί</strong></span> <span class='ocrx_word' id='word_1_498' title='bbox 1623 3530 1751 3601; x_wconf 81' lang='grc' dir='ltr'><strong>πρὸς</strong></span> <span class='ocrx_word' id='word_1_499' title='bbox 1799 3531 1942 3580; x_wconf 80' lang='grc' dir='ltr'><strong>εὐσε-</strong></span> 
     </span>
    </p>
   </div>
   <div class='ocr_carea' id='block_1_68' title="bbox 333 3617 1943 3693">
    <p class='ocr_par' dir='ltr' id='par_1_68' title="bbox 333 3617 1943 3693">
     <span class='ocr_line' id='line_1_68' title="bbox 333 3617 1943 3693; baseline 0 -23"><span class='ocrx_word' id='word_1_500' title='bbox 333 3617 476 3680; x_wconf 79' lang='grc' dir='ltr'><strong>ϐείας</strong></span> <span class='ocrx_word' id='word_1_501' title='bbox 514 3618 666 3690; x_wconf 82' lang='grc' dir='ltr'><strong>λόγον</strong></span> <span class='ocrx_word' id='word_1_502' title='bbox 703 3623 794 3670; x_wconf 76' lang='grc' dir='ltr'><strong>καὶ</strong></span> <span class='ocrx_word' id='word_1_503' title='bbox 829 3626 996 3670; x_wconf 85' lang='grc' dir='ltr'><strong>ταῦτα</strong></span> <span class='ocrx_word' id='word_1_504' title='bbox 1036 3619 1153 3693; x_wconf 80' lang='grc' dir='ltr'><strong>ὁρᾷ·</strong></span> <span class='ocrx_word' id='word_1_505' title='bbox 1199 3617 1365 3670; x_wconf 85' lang='grc' dir='ltr'><strong>πολλά</strong></span> <span class='ocrx_word' id='word_1_506' title='bbox 1409 3619 1511 3690; x_wconf 83' lang='grc' dir='ltr'><strong>γὰρ</strong></span> <span class='ocrx_word' id='word_1_507' title='bbox 1557 3623 1648 3670; x_wconf 82' lang='grc' dir='ltr'><strong>καὶ</strong></span> <span class='ocrx_word' id='word_1_508' title='bbox 1692 3625 1784 3669; x_wconf 85' lang='grc' dir='ltr'><strong>τοῦ</strong></span> <span class='ocrx_word' id='word_1_509' title='bbox 1827 3622 1943 3670; x_wconf 83' lang='grc' dir='ltr'><strong>τότε</strong></span> 
     </span>
    </p>
   </div>
   <div class='ocr_carea' id='block_1_69' title="bbox 329 3709 1948 3783">
    <p class='ocr_par' dir='ltr' id='par_1_69' title="bbox 329 3709 1948 3783">
     <span class='ocr_line' id='line_1_69' title="bbox 329 3709 1948 3783; baseline -0.001 -23"><span class='ocrx_word' id='word_1_510' title='bbox 329 3717 520 3783; x_wconf 77' lang='grc' dir='ltr'><strong>καιροῦ</strong></span> <span class='ocrx_word' id='word_1_511' title='bbox 564 3711 632 3761; x_wconf 76' lang='grc' dir='ltr'><strong>τὰ</strong></span> <span class='ocrx_word' id='word_1_512' title='bbox 679 3711 970 3781; x_wconf 73' lang='grc' dir='ltr'><strong>θαυμάσια·</strong></span> <span class='ocrx_word' id='word_1_513' title='bbox 1016 3712 1109 3760; x_wconf 71' lang='grc' dir='ltr'><strong>καὶ</strong></span> <span class='ocrx_word' id='word_1_514' title='bbox 1160 3711 1287 3770; x_wconf 85' lang='grc' dir='ltr'><strong>ῖσως</strong></span> <span class='ocrx_word' id='word_1_515' title='bbox 1330 3715 1437 3770; x_wconf 80' lang='grc' dir='ltr'><strong>τοῖς</strong></span> <span class='ocrx_word' id='word_1_516' title='bbox 1488 3711 1641 3780; x_wconf 69' lang='grc' dir='ltr'><strong>ἱεροῖς</strong></span> <span class='ocrx_word' id='word_1_517' title='bbox 1671 3712 1761 3761; x_wconf 68' lang='grc' dir='ltr'><strong>καὶ</strong></span> <span class='ocrx_word' id='word_1_518' title='bbox 1793 3709 1948 3782; x_wconf 78' lang='grc' dir='ltr'><strong>θείοις</strong></span> 
     </span>
    </p>
   </div>
   <div class='ocr_carea' id='block_1_70' title="bbox 331 3797 1942 3872">
    <p class='ocr_par' dir='ltr' id='par_1_70' title="bbox 331 3797 1942 3872">
     <span class='ocr_line' id='line_1_70' title="bbox 331 3797 1942 3872; baseline -0.002 -21"><span class='ocrx_word' id='word_1_519' title='bbox 331 3797 664 3862; x_wconf 74' lang='grc' dir='ltr'><strong>ἀποστόλοις.</strong></span> <span class='ocrx_word' id='word_1_520' title='bbox 741 3802 833 3850; x_wconf 69' lang='grc' dir='ltr'><strong>καὶ</strong></span> <span class='ocrx_word' id='word_1_521' title='bbox 907 3797 1086 3860; x_wconf 78' lang='grc' dir='ltr'><strong>αὐτοῖς</strong></span> <span class='ocrx_word' id='word_1_522' title='bbox 1157 3803 1264 3858; x_wconf 79' lang='grc' dir='ltr'><strong>τοῖς</strong></span> <span class='ocrx_word' id='word_1_523' title='bbox 1340 3799 1604 3869; x_wconf 69' lang='grc' dir='ltr'><strong>θεοφόροίς</strong></span> <span class='ocrx_word' id='word_1_524' title='bbox 1670 3797 1942 3872; x_wconf 81' lang='grc' dir='ltr'><strong>Πατρεὶσιν</strong></span> 
     </span>
    </p>
   </div>
   <div class='ocr_carea' id='block_1_71' title="bbox 331 3884 1944 3959">
    <p class='ocr_par' dir='ltr' id='par_1_71' title="bbox 331 3884 1944 3959">
     <span class='ocr_line' id='line_1_71' title="bbox 331 3884 1944 3959; baseline -0.001 -19"><span class='ocrx_word' id='word_1_525' title='bbox 331 3884 482 3950; x_wconf 71' lang='grc' dir='ltr'><strong>ἔδοξε</strong></span> <span class='ocrx_word' id='word_1_526' title='bbox 529 3891 588 3940; x_wconf 84' lang='grc' dir='ltr'><strong>τὸ</strong></span> <span class='ocrx_word' id='word_1_527' title='bbox 643 3887 692 3940; x_wconf 64' lang='grc' dir='ltr'><strong>ἂν</strong></span> <span class='ocrx_word' id='word_1_528' title='bbox 756 3894 858 3939; x_wconf 80' lang='grc' dir='ltr'><strong>τῶν</strong></span> <span class='ocrx_word' id='word_1_529' title='bbox 915 3893 1002 3938; x_wconf 80' lang='grc' dir='ltr'><strong>νῦν</strong></span> <span class='ocrx_word' id='word_1_530' title='bbox 1056 3885 1358 3958; x_wconf 78' lang='grc' dir='ltr'><strong>λεγομένων,</strong></span> <span class='ocrx_word' id='word_1_531' title='bbox 1412 3891 1482 3948; x_wconf 82' lang='grc' dir='ltr'><strong>ὡς</strong></span> <span class='ocrx_word' id='word_1_532' title='bbox 1533 3888 1760 3959; x_wconf 79' lang='grc' dir='ltr'><strong>είρηται,</strong></span> <span class='ocrx_word' id='word_1_533' title='bbox 1812 3888 1944 3958; x_wconf 64' lang='grc' dir='ltr'><strong>πρὸς</strong></span> 
     </span>
    </p>
   </div>
   <div class='ocr_carea' id='block_1_72' title="bbox 331 3972 1952 4047">
    <p class='ocr_par' dir='ltr' id='par_1_72' title="bbox 331 3972 1952 4047">
     <span class='ocr_line' id='line_1_72' title="bbox 331 3972 1952 4047; baseline -0.002 -17"><span class='ocrx_word' id='word_1_534' title='bbox 331 3977 545 4030; x_wconf 79' lang='grc' dir='ltr'><strong>πλείονα</strong></span> <span class='ocrx_word' id='word_1_535' title='bbox 589 3984 690 4030; x_wconf 74' lang='grc' dir='ltr'><strong>τῶν</strong></span> <span class='ocrx_word' id='word_1_536' title='bbox 728 3979 848 4031; x_wconf 78' lang='grc' dir='ltr'><strong>τότε</strong></span> <span class='ocrx_word' id='word_1_537' title='bbox 896 3972 1334 4029; x_wconf 78' lang='grc' dir='ltr'><strong>ίναποδίδοσθαι·</strong></span> <span class='ocrx_word' id='word_1_538' title='bbox 1392 3975 1422 4034; x_wconf 62' lang='grc' dir='ltr'>ἡ</span> <span class='ocrx_word' id='word_1_539' title='bbox 1463 3981 1733 4029; x_wconf 77' lang='grc' dir='ltr'><strong>καὶτοῦτο</strong></span> <span class='ocrx_word' id='word_1_540' title='bbox 1773 3975 1952 4047; x_wconf 78' lang='grc' dir='ltr'><strong>αὐτοῖς</strong></span> 
     </span>
    </p>
   </div>
   <div class='ocr_carea' id='block_1_73' title="bbox 333 4063 1952 4138">
    <p class='ocr_par' dir='ltr' id='par_1_73' title="bbox 333 4063 1952 4138">
     <span class='ocr_line' id='line_1_73' title="bbox 333 4063 1952 4138; baseline -0.001 -20"><span class='ocrx_word' id='word_1_541' title='bbox 333 4065 614 4137; x_wconf 71' lang='grc' dir='ltr'><strong>ἀναγκαῖον</strong></span> <span class='ocrx_word' id='word_1_542' title='bbox 675 4069 996 4138; x_wconf 80' lang='grc' dir='ltr'><strong>νενόμισται,</strong></span> <span class='ocrx_word' id='word_1_543' title='bbox 1067 4063 1202 4117; x_wconf 81' lang='grc' dir='ltr'><strong>ὣστε</strong></span> <span class='ocrx_word' id='word_1_544' title='bbox 1249 4067 1316 4117; x_wconf 81' lang='grc' dir='ltr'><strong>τὰ</strong></span> <span class='ocrx_word' id='word_1_545' title='bbox 1375 4064 1591 4137; x_wconf 81' lang='grc' dir='ltr'><strong>μείζονα</strong></span> <span class='ocrx_word' id='word_1_546' title='bbox 1647 4070 1735 4116; x_wconf 81' lang='grc' dir='ltr'><strong>καὶ</strong></span> <span class='ocrx_word' id='word_1_547' title='bbox 1807 4081 1952 4116; x_wconf 82' lang='grc' dir='ltr'><strong>συνε-</strong></span> 
     </span>
    </p>
   </div>
   <div class='ocr_carea' id='block_1_74' title="bbox 335 4152 1954 4230">
    <p class='ocr_par' dir='ltr' id='par_1_74' title="bbox 335 4152 1954 4230">
     <span class='ocr_line' id='line_1_74' title="bbox 335 4152 1954 4230; baseline -0.001 -23"><span class='ocrx_word' id='word_1_548' title='bbox 335 4174 622 4228; x_wconf 77' lang='grc' dir='ltr'><strong>κτικωτερα</strong></span> <span class='ocrx_word' id='word_1_549' title='bbox 666 4161 763 4216; x_wconf 71' lang='grc' dir='ltr'><strong>τῆς</strong></span> <span class='ocrx_word' id='word_1_550' title='bbox 816 4159 1067 4228; x_wconf 71' lang='grc' dir='ltr'><strong>ἡμετέρας</strong></span> <span class='ocrx_word' id='word_1_551' title='bbox 1127 4155 1394 4230; x_wconf 83' lang='grc' dir='ltr'><strong>σωτηρίας</strong></span> <span class='ocrx_word' id='word_1_552' title='bbox 1459 4152 1666 4216; x_wconf 78' lang='grc' dir='ltr'><strong>έντοίξαι</strong></span> <span class='ocrx_word' id='word_1_553' title='bbox 1722 4161 1784 4224; x_wconf 75' lang='grc' dir='ltr'><strong>τῇ</strong></span> <span class='ocrx_word' id='word_1_554' title='bbox 1843 4155 1954 4226; x_wconf 83' lang='grc' dir='ltr'><strong>θείᾳ</strong></span> 
     </span>
    </p>
   </div>
   <div class='ocr_carea' id='block_1_75' title="bbox 1337 4242 1952 4314">
    <p class='ocr_par' dir='ltr' id='par_1_75' title="bbox 1337 4242 1952 4314">
     <span class='ocr_line' id='line_1_75' title="bbox 1337 4242 1952 4314; baseline -0.003 -19"><span class='ocrx_word' id='word_1_555' title='bbox 1337 4243 1484 4295; x_wconf 85' lang='grc' dir='ltr'><strong>θείων</strong></span> <span class='ocrx_word' id='word_1_556' title='bbox 1573 4242 1952 4314; x_wconf 75' lang='grc' dir='ltr'><strong>εὐαγγελιστῶν</strong></span> 
     </span>
    </p>
   </div>
   <div class='ocr_carea' id='block_1_76' title="bbox 334 4245 1260 4317">
    <p class='ocr_par' dir='ltr' id='par_1_76' title="bbox 334 4245 1260 4317">
     <span class='ocr_line' id='line_1_76' title="bbox 334 4245 1260 4317; baseline -0.002 -21"><span class='ocrx_word' id='word_1_557' title='bbox 334 4249 704 4317; x_wconf 83' lang='grc' dir='ltr'><strong>μυσταγωγίᾳ,</strong></span> <span class='ocrx_word' id='word_1_558' title='bbox 780 4245 913 4297; x_wconf 75' lang='grc' dir='ltr'><strong>κατὰ</strong></span> <span class='ocrx_word' id='word_1_559' title='bbox 987 4249 1082 4302; x_wconf 84' lang='grc' dir='ltr'><strong>τὴν</strong></span> <span class='ocrx_word' id='word_1_560' title='bbox 1157 4251 1260 4296; x_wconf 84' lang='grc' dir='ltr'><strong>τῶν</strong></span> 
     </span>
    </p>
   </div>
   <div class='ocr_carea' id='block_1_77' title="bbox 2052 3168 3705 3240">
    <p class='ocr_par' dir='ltr' id='par_1_77' title="bbox 2052 3168 3705 3240">
     <span class='ocr_line' id='line_1_77' title="bbox 2052 3168 3705 3240; baseline 0 -16"><span class='ocrx_word' id='word_1_561' title='bbox 2052 3168 2301 3225; x_wconf 87' lang='lat' dir='ltr'><strong>modata</strong></span> <span class='ocrx_word' id='word_1_562' title='bbox 2344 3168 2610 3240; x_wconf 86' lang='lat' dir='ltr'><strong>requirit.</strong></span> <span class='ocrx_word' id='word_1_563' title='bbox 2663 3169 2728 3225; x_wconf 84' lang='lat' dir='ltr'><strong>Et</strong></span> <span class='ocrx_word' id='word_1_564' title='bbox 2780 3168 3049 3224; x_wconf 89' lang='lat' dir='ltr'><strong>similiter</strong></span> <span class='ocrx_word' id='word_1_565' title='bbox 3099 3174 3336 3226; x_wconf 67' lang='lat' dir='ltr'><strong>caetera.</strong></span> <span class='ocrx_word' id='word_1_566' title='bbox 3403 3171 3598 3236; x_wconf 86' lang='lat' dir='ltr'><strong>Quare</strong></span> <span class='ocrx_word' id='word_1_567' title='bbox 3653 3170 3705 3225; x_wconf 91' lang='lat' dir='ltr'><strong>si</strong></span> 
     </span>
    </p>
   </div>
   <div class='ocr_carea' id='block_1_78' title="bbox 2053 3256 3706 3332">
    <p class='ocr_par' dir='ltr' id='par_1_78' title="bbox 2053 3256 3706 3332">
     <span class='ocr_line' id='line_1_78' title="bbox 2053 3256 3706 3332; baseline 0 -18"><span class='ocrx_word' id='word_1_568' title='bbox 2053 3259 2190 3332; x_wconf 89' lang='lat' dir='ltr'><strong>quis</strong></span> <span class='ocrx_word' id='word_1_569' title='bbox 2216 3271 2428 3315; x_wconf 87' lang='lat' dir='ltr'><strong>eorum</strong></span> <span class='ocrx_word' id='word_1_570' title='bbox 2442 3258 2546 3330; x_wconf 86' lang='lat' dir='ltr'><strong>qui</strong></span> <span class='ocrx_word' id='word_1_571' title='bbox 2568 3271 2740 3313; x_wconf 89' lang='lat' dir='ltr'><strong>sacra</strong></span> <span class='ocrx_word' id='word_1_572' title='bbox 2759 3256 3047 3328; x_wconf 87' lang='lat' dir='ltr'><strong>dignitate</strong></span> <span class='ocrx_word' id='word_1_573' title='bbox 3068 3257 3288 3328; x_wconf 91' lang='lat' dir='ltr'><strong>cluent,</strong></span> <span class='ocrx_word' id='word_1_574' title='bbox 3310 3259 3474 3314; x_wconf 88' lang='lat' dir='ltr'><strong>hunc</strong></span> <span class='ocrx_word' id='word_1_575' title='bbox 3500 3269 3706 3314; x_wconf 91' lang='lat' dir='ltr'><strong>meum</strong></span> 
     </span>
    </p>
   </div>
   <div class='ocr_carea' id='block_1_79' title="bbox 2052 3345 3706 3421">
    <p class='ocr_par' dir='ltr' id='par_1_79' title="bbox 2052 3345 3706 3421">
     <span class='ocr_line' id='line_1_79' title="bbox 2052 3345 3706 3421; baseline -0.001 -17"><span class='ocrx_word' id='word_1_576' title='bbox 2052 3348 2259 3418; x_wconf 90' lang='lat' dir='ltr'><strong>legens</strong></span> <span class='ocrx_word' id='word_1_577' title='bbox 2289 3346 2816 3416; x_wconf 88' lang='lat' dir='ltr'><strong>commentarium,</strong></span> <span class='ocrx_word' id='word_1_578' title='bbox 2838 3345 2985 3402; x_wconf 87' lang='lat' dir='ltr'><strong>forte</strong></span> <span class='ocrx_word' id='word_1_579' title='bbox 3011 3346 3216 3419; x_wconf 87' lang='lat' dir='ltr'><strong>aliqua</strong></span> <span class='ocrx_word' id='word_1_580' title='bbox 3235 3346 3346 3403; x_wconf 89' lang='lat' dir='ltr'><strong>abs</strong></span> <span class='ocrx_word' id='word_1_581' title='bbox 3366 3348 3580 3421; x_wconf 89' lang='lat' dir='ltr'><strong>quovis</strong></span> <span class='ocrx_word' id='word_1_582' title='bbox 3606 3346 3706 3403; x_wconf 90' lang='lat' dir='ltr'><strong>ali-</strong></span> 
     </span>
    </p>
   </div>
   <div class='ocr_carea' id='block_1_80' title="bbox 2055 3435 3710 3508">
    <p class='ocr_par' dir='ltr' id='par_1_80' title="bbox 2055 3435 3710 3508">
     <span class='ocr_line' id='line_1_80' title="bbox 2055 3435 3710 3508; baseline 0 -15"><span class='ocrx_word' id='word_1_583' title='bbox 2055 3441 2141 3493; x_wconf 88' lang='lat' dir='ltr'><strong>ter</strong></span> <span class='ocrx_word' id='word_1_584' title='bbox 2168 3437 2482 3494; x_wconf 87' lang='lat' dir='ltr'><strong>nominata</strong></span> <span class='ocrx_word' id='word_1_585' title='bbox 2500 3435 2844 3508; x_wconf 89' lang='lat' dir='ltr'><strong>comperiet,</strong></span> <span class='ocrx_word' id='word_1_586' title='bbox 2871 3440 2927 3492; x_wconf 91' lang='lat' dir='ltr'><strong>et</strong></span> <span class='ocrx_word' id='word_1_587' title='bbox 2945 3450 3070 3492; x_wconf 91' lang='lat' dir='ltr'><strong>non</strong></span> <span class='ocrx_word' id='word_1_588' title='bbox 3086 3436 3422 3493; x_wconf 88' lang='lat' dir='ltr'><strong>secundum</strong></span> <span class='ocrx_word' id='word_1_589' title='bbox 3441 3442 3710 3493; x_wconf 89' lang='lat' dir='ltr'><strong>nostram</strong></span> 
     </span>
    </p>
   </div>
   <div class='ocr_carea' id='block_1_81' title="bbox 2054 3525 3714 3600">
    <p class='ocr_par' dir='ltr' id='par_1_81' title="bbox 2054 3525 3714 3600">
     <span class='ocr_line' id='line_1_81' title="bbox 2054 3525 3714 3600; baseline -0.001 -17"><span class='ocrx_word' id='word_1_590' title='bbox 2054 3527 2516 3600; x_wconf 87' lang='lat' dir='ltr'><strong>expositionem,</strong></span> <span class='ocrx_word' id='word_1_591' title='bbox 2540 3541 2633 3591; x_wconf 89' lang='lat' dir='ltr'><strong>ne,</strong></span> <span class='ocrx_word' id='word_1_592' title='bbox 2656 3541 2886 3598; x_wconf 76' lang='lat' dir='ltr'><strong>quaeso,</strong></span> <span class='ocrx_word' id='word_1_593' title='bbox 2906 3525 3514 3593; x_wconf 89' lang='lat' dir='ltr'><strong>miretur,dummodo</strong></span> <span class='ocrx_word' id='word_1_594' title='bbox 3526 3530 3582 3581; x_wconf 90' lang='lat' dir='ltr'><strong>et</strong></span> <span class='ocrx_word' id='word_1_595' title='bbox 3601 3527 3714 3582; x_wconf 89' lang='lat' dir='ltr'><strong>ista</strong></span> 
     </span>
    </p>
   </div>
   <div class='ocr_carea' id='block_1_82' title="bbox 2053 3614 3716 3687">
    <p class='ocr_par' dir='ltr' id='par_1_82' title="bbox 2053 3614 3716 3687">
     <span class='ocr_line' id='line_1_82' title="bbox 2053 3614 3716 3687; baseline -0.001 -14"><span class='ocrx_word' id='word_1_596' title='bbox 2053 3621 2228 3673; x_wconf 71' lang='lat' dir='ltr'><strong>rectas</strong></span> <span class='ocrx_word' id='word_1_597' title='bbox 2306 3615 2610 3686; x_wconf 88' lang='lat' dir='ltr'><strong>religionis</strong></span> <span class='ocrx_word' id='word_1_598' title='bbox 2690 3614 3025 3671; x_wconf 90' lang='lat' dir='ltr'><strong>doctrinam</strong></span> <span class='ocrx_word' id='word_1_599' title='bbox 3101 3615 3447 3687; x_wconf 88' lang='lat' dir='ltr'><strong>respiciant.</strong></span> <span class='ocrx_word' id='word_1_600' title='bbox 3536 3615 3716 3672; x_wconf 81' lang='lat' dir='ltr'><strong>Multa</strong></span> 
     </span>
    </p>
   </div>
   <div class='ocr_carea' id='block_1_83' title="bbox 2056 3703 3715 3777">
    <p class='ocr_par' dir='ltr' id='par_1_83' title="bbox 2056 3703 3715 3777">
     <span class='ocr_line' id='line_1_83' title="bbox 2056 3703 3715 3777; baseline 0.001 -17"><span class='ocrx_word' id='word_1_601' title='bbox 2056 3705 2218 3760; x_wconf 85' lang='lat' dir='ltr'><strong>enim</strong></span> <span class='ocrx_word' id='word_1_602' title='bbox 2246 3704 2402 3761; x_wconf 89' lang='lat' dir='ltr'><strong>illius</strong></span> <span class='ocrx_word' id='word_1_603' title='bbox 2430 3719 2675 3777; x_wconf 88' lang='lat' dir='ltr'><strong>quoque</strong></span> <span class='ocrx_word' id='word_1_604' title='bbox 2700 3703 2986 3777; x_wconf 89' lang='lat' dir='ltr'><strong>temporis</strong></span> <span class='ocrx_word' id='word_1_605' title='bbox 3037 3703 3401 3760; x_wconf 88' lang='lat' dir='ltr'><strong>admiranda</strong></span> <span class='ocrx_word' id='word_1_606' title='bbox 3452 3704 3715 3762; x_wconf 88' lang='lat' dir='ltr'><strong>fuerunt.</strong></span> 
     </span>
    </p>
   </div>
   <div class='ocr_carea' id='block_1_84' title="bbox 2058 3792 3718 3867">
    <p class='ocr_par' dir='ltr' id='par_1_84' title="bbox 2058 3792 3718 3867">
     <span class='ocr_line' id='line_1_84' title="bbox 2058 3792 3718 3867; baseline -0.001 -16"><span class='ocrx_word' id='word_1_607' title='bbox 2058 3796 2123 3851; x_wconf 83' lang='lat' dir='ltr'><strong>Et</strong></span> <span class='ocrx_word' id='word_1_608' title='bbox 2151 3793 2402 3851; x_wconf 80' lang='lat' dir='ltr'><strong>fortasse</strong></span> <span class='ocrx_word' id='word_1_609' title='bbox 2452 3793 2638 3850; x_wconf 86' lang='lat' dir='ltr'><strong>sacris</strong></span> <span class='ocrx_word' id='word_1_610' title='bbox 2689 3792 2964 3865; x_wconf 82' lang='lat' dir='ltr'><strong>divisque</strong></span> <span class='ocrx_word' id='word_1_611' title='bbox 3020 3793 3328 3866; x_wconf 88' lang='lat' dir='ltr'><strong>apostolis,</strong></span> <span class='ocrx_word' id='word_1_612' title='bbox 3379 3793 3648 3867; x_wconf 87' lang='lat' dir='ltr'><strong>ipsisque</strong></span> <span class='ocrx_word' id='word_1_613' title='bbox 3680 3808 3718 3850; x_wconf 90' lang='lat' dir='ltr'><strong>a</strong></span> 
     </span>
    </p>
   </div>
   <div class='ocr_carea' id='block_1_85' title="bbox 2061 3881 3718 3955">
    <p class='ocr_par' dir='ltr' id='par_1_85' title="bbox 2061 3881 3718 3955">
     <span class='ocr_line' id='line_1_85' title="bbox 2061 3881 3718 3955; baseline -0.001 -15"><span class='ocrx_word' id='word_1_614' title='bbox 2061 3884 2180 3940; x_wconf 89' lang='lat' dir='ltr'><strong>Deo</strong></span> <span class='ocrx_word' id='word_1_615' title='bbox 2210 3884 2514 3955; x_wconf 89' lang='lat' dir='ltr'><strong>inspiratis</strong></span> <span class='ocrx_word' id='word_1_616' title='bbox 2540 3882 2828 3949; x_wconf 90' lang='lat' dir='ltr'><strong>Patribus,</strong></span> <span class='ocrx_word' id='word_1_617' title='bbox 2880 3881 3048 3955; x_wconf 90' lang='lat' dir='ltr'><strong>quod</strong></span> <span class='ocrx_word' id='word_1_618' title='bbox 3093 3898 3256 3938; x_wconf 90' lang='lat' dir='ltr'><strong>nunc</strong></span> <span class='ocrx_word' id='word_1_619' title='bbox 3299 3898 3420 3938; x_wconf 91' lang='lat' dir='ltr'><strong>uno</strong></span> <span class='ocrx_word' id='word_1_620' title='bbox 3472 3883 3718 3939; x_wconf 91' lang='lat' dir='ltr'><strong>nomine</strong></span> 
     </span>
    </p>
   </div>
   <div class='ocr_carea' id='block_1_86' title="bbox 2061 3969 3719 4046">
    <p class='ocr_par' dir='ltr' id='par_1_86' title="bbox 2061 3969 3719 4046">
     <span class='ocr_line' id='line_1_86' title="bbox 2061 3969 3719 4046; baseline -0.001 -17"><span class='ocrx_word' id='word_1_621' title='bbox 2061 3969 2609 4046; x_wconf 88' lang='lat' dir='ltr'><strong>comprehenditur,</strong></span> <span class='ocrx_word' id='word_1_622' title='bbox 2633 3976 2697 4027; x_wconf 92' lang='lat' dir='ltr'><strong>ut</strong></span> <span class='ocrx_word' id='word_1_623' title='bbox 2715 3971 2996 4039; x_wconf 83' lang='lat' dir='ltr'><strong>diximus,</strong></span> <span class='ocrx_word' id='word_1_624' title='bbox 3023 3975 3165 4027; x_wconf 89' lang='lat' dir='ltr'><strong>tunc</strong></span> <span class='ocrx_word' id='word_1_625' title='bbox 3186 3973 3264 4028; x_wconf 91' lang='lat' dir='ltr'><strong>ad</strong></span> <span class='ocrx_word' id='word_1_626' title='bbox 3285 3971 3459 4044; x_wconf 90' lang='lat' dir='ltr'><strong>plura</strong></span> <span class='ocrx_word' id='word_1_627' title='bbox 3500 3971 3719 4028; x_wconf 86' lang='lat' dir='ltr'><strong>referre</strong></span> 
     </span>
    </p>
   </div>
   <div class='ocr_carea' id='block_1_87' title="bbox 2061 4061 3722 4136">
    <p class='ocr_par' dir='ltr' id='par_1_87' title="bbox 2061 4061 3722 4136">
     <span class='ocr_line' id='line_1_87' title="bbox 2061 4061 3722 4136; baseline -0.001 -17"><span class='ocrx_word' id='word_1_628' title='bbox 2061 4062 2303 4136; x_wconf 90' lang='lat' dir='ltr'><strong>placuit.</strong></span> <span class='ocrx_word' id='word_1_629' title='bbox 2333 4061 2440 4117; x_wconf 91' lang='lat' dir='ltr'><strong>Vel</strong></span> <span class='ocrx_word' id='word_1_630' title='bbox 2468 4062 2650 4118; x_wconf 89' lang='lat' dir='ltr'><strong>etiam</strong></span> <span class='ocrx_word' id='word_1_631' title='bbox 2675 4061 2789 4118; x_wconf 91' lang='lat' dir='ltr'><strong>hoc</strong></span> <span class='ocrx_word' id='word_1_632' title='bbox 2818 4061 3225 4118; x_wconf 90' lang='lat' dir='ltr'><strong>necessarium</strong></span> <span class='ocrx_word' id='word_1_633' title='bbox 3249 4061 3365 4116; x_wconf 91' lang='lat' dir='ltr'><strong>illis</strong></span> <span class='ocrx_word' id='word_1_634' title='bbox 3400 4061 3598 4117; x_wconf 87' lang='lat' dir='ltr'><strong>visum</strong></span> <span class='ocrx_word' id='word_1_635' title='bbox 3629 4066 3722 4118; x_wconf 88' lang='lat' dir='ltr'><strong>est</strong></span> 
     </span>
    </p>
   </div>
   <div class='ocr_carea' id='block_1_88' title="bbox 2062 4150 3720 4224">
    <p class='ocr_par' dir='ltr' id='par_1_88' title="bbox 2062 4150 3720 4224">
     <span class='ocr_line' id='line_1_88' title="bbox 2062 4150 3720 4224; baseline -0.001 -17"><span class='ocrx_word' id='word_1_636' title='bbox 2062 4167 2280 4224; x_wconf 90' lang='lat' dir='ltr'><strong>nempe</strong></span> <span class='ocrx_word' id='word_1_637' title='bbox 2307 4155 2371 4207; x_wconf 89' lang='lat' dir='ltr'><strong>ut</strong></span> <span class='ocrx_word' id='word_1_638' title='bbox 2389 4151 2624 4222; x_wconf 86' lang='lat' dir='ltr'><strong>majora</strong></span> <span class='ocrx_word' id='word_1_639' title='bbox 2653 4154 2709 4207; x_wconf 89' lang='lat' dir='ltr'><strong>et</strong></span> <span class='ocrx_word' id='word_1_640' title='bbox 2738 4150 3073 4206; x_wconf 85' lang='lat' dir='ltr'><strong>summaria</strong></span> <span class='ocrx_word' id='word_1_641' title='bbox 3105 4150 3315 4206; x_wconf 88' lang='lat' dir='ltr'><strong>salutis</strong></span> <span class='ocrx_word' id='word_1_642' title='bbox 3349 4157 3571 4206; x_wconf 66' lang='lat' dir='ltr'><strong>nostrae</strong></span> <span class='ocrx_word' id='word_1_643' title='bbox 3610 4151 3720 4206; x_wconf 91' lang='lat' dir='ltr'><strong>do-</strong></span> 
     </span>
    </p>
   </div>
   <div class='ocr_carea' id='block_1_89' title="bbox 2063 4240 3721 4312">
    <p class='ocr_par' dir='ltr' id='par_1_89' title="bbox 2063 4240 3721 4312">
     <span class='ocr_line' id='line_1_89' title="bbox 2063 4240 3721 4312; baseline -0.001 -15"><span class='ocrx_word' id='word_1_644' title='bbox 2063 4247 2346 4297; x_wconf 89' lang='lat' dir='ltr'><strong>cumenta</strong></span> <span class='ocrx_word' id='word_1_645' title='bbox 2361 4243 2420 4296; x_wconf 91' lang='lat' dir='ltr'><strong>in</strong></span> <span class='ocrx_word' id='word_1_646' title='bbox 2442 4240 2708 4296; x_wconf 86' lang='lat' dir='ltr'><strong>divinam</strong></span> <span class='ocrx_word' id='word_1_647' title='bbox 2734 4240 3178 4311; x_wconf 89' lang='lat' dir='ltr'><strong>mystagogiam</strong></span> <span class='ocrx_word' id='word_1_648' title='bbox 3197 4241 3569 4312; x_wconf 89' lang='lat' dir='ltr'><strong>insererent,j</strong></span> <span class='ocrx_word' id='word_1_649' title='bbox 3581 4245 3721 4296; x_wconf 86' lang='lat' dir='ltr'><strong>uxta</strong></span> 
     </span>
    </p>
   </div>
   <div class='ocr_carea' id='block_1_90' title="bbox 333 4329 2097 4408">
    <p class='ocr_par' dir='ltr' id='par_1_90' title="bbox 333 4335 2097 4408">
     <span class='ocr_line' id='line_1_90' title="bbox 333 4335 2097 4408; baseline -0.003 -20"><span class='ocrx_word' id='word_1_650' title='bbox 333 4339 728 4408; x_wconf 70' lang='grc' dir='ltr'><strong>παρατὴρησινο</strong></span> <span class='ocrx_word' id='word_1_651' title='bbox 778 4336 974 4386; x_wconf 81' lang='grc' dir='ltr'><strong>τούτων</strong></span> <span class='ocrx_word' id='word_1_652' title='bbox 1030 4335 1132 4405; x_wconf 79' lang='grc' dir='ltr'><strong>γὰρ</strong></span> <span class='ocrx_word' id='word_1_653' title='bbox 1187 4335 1216 4392; x_wconf 78' lang='grc' dir='ltr'><em>ὴ</em></span> <span class='ocrx_word' id='word_1_654' title='bbox 1273 4335 1569 4406; x_wconf 73' lang='grc' dir='ltr'><strong>σαφεστέρα</strong></span> <span class='ocrx_word' id='word_1_655' title='bbox 1619 4338 1954 4404; x_wconf 85' lang='grc' dir='ltr'><strong>πραγματεία</strong></span> <span class='ocrx_word' id='word_1_656' title='bbox 1989 4393 2029 4408; x_wconf 61' lang='lat' dir='ltr'><strong>n</strong></span> <span class='ocrx_word' id='word_1_657' title='bbox 2063 4349 2097 4387; x_wconf 83' lang='lat' dir='ltr'><strong>s.</strong></span> 
     </span>
    </p>
   </div>
   <div class='ocr_carea' id='block_1_91' title="bbox 1955 4329 3719 4408">
    <p class='ocr_par' dir='ltr' id='par_1_91' title="bbox 1989 4329 3719 4408">
     <span class='ocr_line' id='line_1_91' title="bbox 1989 4329 3719 4408; baseline -0.001 -20"><span class='ocrx_word' id='word_1_658' title='bbox 1989 4393 2029 4408; x_wconf 49' lang='grc' dir='ltr'>ἢ</span> <span class='ocrx_word' id='word_1_659' title='bbox 2063 4336 2408 4388; x_wconf 84' lang='lat' dir='ltr'><strong>sanctorum</strong></span> <span class='ocrx_word' id='word_1_660' title='bbox 2461 4329 2966 4400; x_wconf 89' lang='lat' dir='ltr'><strong>evangelistarum</strong></span> <span class='ocrx_word' id='word_1_661' title='bbox 3031 4331 3435 4386; x_wconf 86' lang='lat' dir='ltr'><strong>traditionem.</strong></span> <span class='ocrx_word' id='word_1_662' title='bbox 3494 4332 3719 4387; x_wconf 87' lang='lat' dir='ltr'><strong>Horum</strong></span> 
     </span>
    </p>
   </div>
   <div class='ocr_carea' id='block_1_92' title="bbox 331 4419 1951 4496">
    <p class='ocr_par' dir='ltr' id='par_1_92' title="bbox 331 4419 1951 4496">
     <span class='ocr_line' id='line_1_92' title="bbox 331 4419 1951 4496; baseline -0.002 -20"><span class='ocrx_word' id='word_1_663' title='bbox 331 4444 391 4477; x_wconf 86' lang='grc' dir='ltr'><strong>τε</strong></span> <span class='ocrx_word' id='word_1_664' title='bbox 424 4429 516 4477; x_wconf 76' lang='grc' dir='ltr'><strong>καὶ</strong></span> <span class='ocrx_word' id='word_1_665' title='bbox 565 4421 775 4482; x_wconf 69' lang='grc' dir='ltr'><strong>σπουδὴ</strong></span> <span class='ocrx_word' id='word_1_666' title='bbox 830 4422 925 4476; x_wconf 73' lang='grc' dir='ltr'><strong>οὐκ</strong></span> <span class='ocrx_word' id='word_1_667' title='bbox 973 4422 1096 4475; x_wconf 76' lang='grc' dir='ltr'><strong>ἄλλο</strong></span> <span class='ocrx_word' id='word_1_668' title='bbox 1146 4441 1199 4475; x_wconf 90' lang='grc' dir='ltr'><strong>τι</strong></span> <span class='ocrx_word' id='word_1_669' title='bbox 1265 4421 1634 4496; x_wconf 83' lang='grc' dir='ltr'><strong>έναργίστερον</strong></span> <span class='ocrx_word' id='word_1_670' title='bbox 1688 4419 1951 4474; x_wconf 75' lang='grc' dir='ltr'><strong>δείκνυσιν</strong></span> 
     </span>
    </p>
   </div>
   <div class='ocr_carea' id='block_1_93' title="bbox 337 4509 1951 4586">
    <p class='ocr_par' dir='ltr' id='par_1_93' title="bbox 337 4509 1951 4586">
     <span class='ocr_line' id='line_1_93' title="bbox 337 4509 1951 4586; baseline -0.001 -22"><span class='ocrx_word' id='word_1_671' title='bbox 337 4513 449 4565; x_wconf 78' lang='grc' dir='ltr'><strong>ἀλλ’</strong></span> <span class='ocrx_word' id='word_1_672' title='bbox 499 4514 528 4572; x_wconf 72' lang='grc' dir='ltr'><strong>ᾖ</strong></span> <span class='ocrx_word' id='word_1_673' title='bbox 571 4517 629 4566; x_wconf 89' lang='grc' dir='ltr'><strong>τὸ</strong></span> <span class='ocrx_word' id='word_1_674' title='bbox 688 4512 742 4565; x_wconf 66' lang='lat' dir='ltr'><strong>ix</strong></span> <span class='ocrx_word' id='word_1_675' title='bbox 796 4515 1089 4585; x_wconf 83' lang='grc' dir='ltr'><strong>Πνεύμειτος</strong></span> <span class='ocrx_word' id='word_1_676' title='bbox 1137 4511 1292 4584; x_wconf 76' lang='grc' dir='ltr'><strong>ἁγίου</strong></span> <span class='ocrx_word' id='word_1_677' title='bbox 1331 4516 1420 4564; x_wconf 76' lang='grc' dir='ltr'><strong>καὶ</strong></span> <span class='ocrx_word' id='word_1_678' title='bbox 1466 4516 1673 4586; x_wconf 86' lang='grc' dir='ltr'><strong>Μαρίας</strong></span> <span class='ocrx_word' id='word_1_679' title='bbox 1719 4520 1809 4572; x_wconf 79' lang='grc' dir='ltr'><strong>τῆς</strong></span> <span class='ocrx_word' id='word_1_680' title='bbox 1841 4509 1951 4563; x_wconf 78' lang='grc' dir='ltr'><strong>ἀει-</strong></span> 
     </span>
    </p>
   </div>
   <div class='ocr_carea' id='block_1_94' title="bbox 331 4600 1950 4678">
    <p class='ocr_par' dir='ltr' id='par_1_94' title="bbox 331 4600 1950 4678">
     <span class='ocr_line' id='line_1_94' title="bbox 331 4600 1950 4678; baseline -0.001 -22"><span class='ocrx_word' id='word_1_681' title='bbox 331 4605 593 4678; x_wconf 81' lang='grc' dir='ltr'><strong>παρθένου</strong></span> <span class='ocrx_word' id='word_1_682' title='bbox 650 4621 705 4656; x_wconf 90' lang='grc' dir='ltr'><strong>τε</strong></span> <span class='ocrx_word' id='word_1_683' title='bbox 757 4608 847 4655; x_wconf 78' lang='grc' dir='ltr'><strong>καὶ</strong></span> <span class='ocrx_word' id='word_1_684' title='bbox 899 4604 1139 4654; x_wconf 72' lang='grc' dir='ltr'><strong>θεοτόκου</strong></span> <span class='ocrx_word' id='word_1_685' title='bbox 1197 4600 1558 4673; x_wconf 74' lang='grc' dir='ltr'><strong>συλληφθῆναι</strong></span> <span class='ocrx_word' id='word_1_686' title='bbox 1607 4619 1659 4654; x_wconf 86' lang='grc' dir='ltr'><strong>τε</strong></span> <span class='ocrx_word' id='word_1_687' title='bbox 1708 4606 1796 4653; x_wconf 78' lang='grc' dir='ltr'><strong>καὶ</strong></span> <span class='ocrx_word' id='word_1_688' title='bbox 1841 4621 1950 4673; x_wconf 88' lang='grc' dir='ltr'><strong>γεν-</strong></span> 
     </span>
    </p>
   </div>
   <div class='ocr_carea' id='block_1_95' title="bbox 336 4691 1952 4766">
    <p class='ocr_par' dir='ltr' id='par_1_95' title="bbox 336 4691 1952 4766">
     <span class='ocr_line' id='line_1_95' title="bbox 336 4691 1952 4766; baseline -0.002 -22"><span class='ocrx_word' id='word_1_689' title='bbox 336 4693 561 4752; x_wconf 78' lang='grc' dir='ltr'><strong>νηθῆναι</strong></span> <span class='ocrx_word' id='word_1_690' title='bbox 609 4696 696 4745; x_wconf 87' lang='grc' dir='ltr'><strong>τὸν</strong></span> <span class='ocrx_word' id='word_1_691' title='bbox 743 4699 838 4744; x_wconf 76' lang='grc' dir='ltr'><strong>τοῦ</strong></span> <span class='ocrx_word' id='word_1_692' title='bbox 883 4693 1227 4766; x_wconf 74' lang='grc' dir='ltr'><strong>προανάρχου</strong></span> <span class='ocrx_word' id='word_1_693' title='bbox 1269 4694 1468 4765; x_wconf 83' lang='grc' dir='ltr'><strong>Πατρός</strong></span> <span class='ocrx_word' id='word_1_694' title='bbox 1521 4691 1798 4763; x_wconf 84' lang='grc' dir='ltr'><strong>ὁμοούσιον</strong></span> <span class='ocrx_word' id='word_1_695' title='bbox 1837 4693 1952 4743; x_wconf 88' lang='grc' dir='ltr'><strong>Υίὸν</strong></span> 
     </span>
    </p>
   </div>
   <div class='ocr_carea' id='block_1_96' title="bbox 336 4778 1951 4855">
    <p class='ocr_par' dir='ltr' id='par_1_96' title="bbox 336 4778 1951 4855">
     <span class='ocr_line' id='line_1_96' title="bbox 336 4778 1951 4855; baseline -0.003 -19"><span class='ocrx_word' id='word_1_696' title='bbox 336 4787 430 4836; x_wconf 81' lang='grc' dir='ltr'><strong>καὶ</strong></span> <span class='ocrx_word' id='word_1_697' title='bbox 505 4785 696 4854; x_wconf 89' lang='grc' dir='ltr'><strong>Λόγον·</strong></span> <span class='ocrx_word' id='word_1_698' title='bbox 776 4778 888 4834; x_wconf 83' lang='grc' dir='ltr'><strong>εἶτα</strong></span> <span class='ocrx_word' id='word_1_699' title='bbox 962 4779 1326 4853; x_wconf 78' lang='grc' dir='ltr'><strong>βαπτισθῆναι</strong></span> <span class='ocrx_word' id='word_1_700' title='bbox 1393 4783 1812 4855; x_wconf 82' lang='grc' dir='ltr'><strong>μαρτυρούμενον</strong></span> <span class='ocrx_word' id='word_1_701' title='bbox 1851 4782 1951 4832; x_wconf 80' lang='grc' dir='ltr'><strong>ὑπὸ</strong></span> 
     </span>
    </p>
   </div>
   <div class='ocr_carea' id='block_1_97' title="bbox 337 4870 1954 4942">
    <p class='ocr_par' dir='ltr' id='par_1_97' title="bbox 337 4870 1954 4942">
     <span class='ocr_line' id='line_1_97' title="bbox 337 4870 1954 4942; baseline -0.002 -17"><span class='ocrx_word' id='word_1_702' title='bbox 337 4881 429 4926; x_wconf 77' lang='grc' dir='ltr'><strong>τοῦ</strong></span> <span class='ocrx_word' id='word_1_703' title='bbox 502 4875 763 4934; x_wconf 82' lang='grc' dir='ltr'><strong>ζωοποιοῦ</strong></span> <span class='ocrx_word' id='word_1_704' title='bbox 801 4874 892 4923; x_wconf 74' lang='grc' dir='ltr'><strong>καὶ</strong></span> <span class='ocrx_word' id='word_1_705' title='bbox 931 4871 1210 4923; x_wconf 81' lang='grc' dir='ltr'><strong>ὁουουσίου</strong></span> <span class='ocrx_word' id='word_1_706' title='bbox 1261 4870 1423 4922; x_wconf 75' lang='grc' dir='ltr'><strong>αὐτοῦ</strong></span> <span class='ocrx_word' id='word_1_707' title='bbox 1463 4872 1778 4942; x_wconf 85' lang='grc' dir='ltr'><strong>Πνεύματος·</strong></span> <span class='ocrx_word' id='word_1_708' title='bbox 1823 4871 1954 4922; x_wconf 75' lang='grc' dir='ltr'><strong>ἔπει-</strong></span> 
     </span>
    </p>
   </div>
   <div class='ocr_carea' id='block_1_98' title="bbox 412 5031 1953 5103">
    <p class='ocr_par' dir='ltr' id='par_1_98' title="bbox 412 5031 1953 5103">
     <span class='ocr_line' id='line_1_98' title="bbox 412 5031 1953 5103; baseline 0 -15"><span class='ocrx_word' id='word_1_709' title='bbox 412 5035 490 5102; x_wconf 86' lang='lat'><strong>(3)</strong></span> <span class='ocrx_word' id='word_1_710' title='bbox 533 5034 637 5090; x_wconf 92' lang='lat' dir='ltr'><strong>SS.</strong></span> <span class='ocrx_word' id='word_1_711' title='bbox 710 5033 1047 5103; x_wconf 86' lang='lat' dir='ltr'><strong>imaginum</strong></span> <span class='ocrx_word' id='word_1_712' title='bbox 1108 5032 1479 5088; x_wconf 88' lang='lat' dir='ltr'><strong>venerationi</strong></span> <span class='ocrx_word' id='word_1_713' title='bbox 1557 5031 1953 5088; x_wconf 86' lang='lat' dir='ltr'><strong>addictissimi</strong></span> 
     </span>
    </p>
   </div>
   <div class='ocr_carea' id='block_1_99' title="bbox 339 5103 1951 5178">
    <p class='ocr_par' dir='ltr' id='par_1_99' title="bbox 339 5103 1951 5178">
     <span class='ocr_line' id='line_1_99' title="bbox 339 5103 1951 5178; baseline -0.004 -15"><span class='ocrx_word' id='word_1_714' title='bbox 339 5105 535 5178; x_wconf 10' lang='lat' dir='ltr'><strong>Graeci!</strong></span> <span class='ocrx_word' id='word_1_715' title='bbox 551 5108 712 5178; x_wconf 86' lang='lat' dir='ltr'><strong>sunt,</strong></span> <span class='ocrx_word' id='word_1_716' title='bbox 733 5119 1087 5178; x_wconf 74' lang='lat' dir='ltr'><strong>eorumun</strong></span> <span class='ocrx_word' id='word_1_717' title='bbox 1109 5103 1376 5178; x_wconf 67' lang='lat' dir='ltr'><strong>ecclesias</strong></span> <span class='ocrx_word' id='word_1_718' title='bbox 1396 5104 1490 5159; x_wconf 88' lang='lat' dir='ltr'><strong>his</strong></span> <span class='ocrx_word' id='word_1_719' title='bbox 1504 5103 1951 5178; x_wconf 77' lang='lat' dir='ltr'><strong>passimornan-</strong></span> 
     </span>
    </p>
   </div>
   <div class='ocr_carea' id='block_1_100' title="bbox 337 5175 1953 5246">
    <p class='ocr_par' dir='ltr' id='par_1_100' title="bbox 337 5175 1953 5246">
     <span class='ocr_line' id='line_1_100' title="bbox 337 5175 1953 5246; baseline -0.002 -12"><span class='ocrx_word' id='word_1_720' title='bbox 337 5185 454 5234; x_wconf 91' lang='lat' dir='ltr'><strong>tur.</strong></span> <span class='ocrx_word' id='word_1_721' title='bbox 482 5176 575 5232; x_wconf 90' lang='lat' dir='ltr'><strong>Sic</strong></span> <span class='ocrx_word' id='word_1_722' title='bbox 597 5177 776 5233; x_wconf 88' lang='lat' dir='ltr'><strong>etiam</strong></span> <span class='ocrx_word' id='word_1_723' title='bbox 807 5176 869 5231; x_wconf 93' lang='lat' dir='ltr'><strong>in</strong></span> <span class='ocrx_word' id='word_1_724' title='bbox 897 5175 1213 5233; x_wconf 77' lang='lat' dir='ltr'><strong>occidente</strong></span> <span class='ocrx_word' id='word_1_725' title='bbox 1245 5176 1348 5231; x_wconf 89' lang='lat' dir='ltr'><strong>toti</strong></span> <span class='ocrx_word' id='word_1_726' title='bbox 1369 5175 1731 5246; x_wconf 85' lang='lat' dir='ltr'><strong>templorum</strong></span> <span class='ocrx_word' id='word_1_727' title='bbox 1766 5177 1953 5246; x_wconf 88' lang='lat' dir='ltr'><strong>parie-</strong></span> 
     </span>
    </p>
   </div>
   <div class='ocr_carea' id='block_1_101' title="bbox 340 5247 1951 5318">
    <p class='ocr_par' dir='ltr' id='par_1_101' title="bbox 340 5247 1951 5318">
     <span class='ocr_line' id='line_1_101' title="bbox 340 5247 1951 5318; baseline -0.002 -13"><span class='ocrx_word' id='word_1_728' title='bbox 340 5255 432 5306; x_wconf 86' lang='lat' dir='ltr'><strong>tes</strong></span> <span class='ocrx_word' id='word_1_729' title='bbox 446 5248 593 5304; x_wconf 87' lang='lat' dir='ltr'><strong>olim</strong></span> <span class='ocrx_word' id='word_1_730' title='bbox 607 5248 936 5304; x_wconf 79' lang='lat' dir='ltr'><strong>studiosius</strong></span> <span class='ocrx_word' id='word_1_731' title='bbox 951 5247 1430 5304; x_wconf 86' lang='lat' dir='ltr'><strong>venustabantur</strong></span> <span class='ocrx_word' id='word_1_732' title='bbox 1442 5247 1662 5303; x_wconf 77' lang='lat' dir='ltr'><strong>Veteris</strong></span> <span class='ocrx_word' id='word_1_733' title='bbox 1683 5247 1951 5318; x_wconf 83' lang='lat' dir='ltr'><strong>Novique</strong></span> 
     </span>
    </p>
   </div>
   <div class='ocr_carea' id='block_1_102' title="bbox 338 5319 1949 5404">
    <p class='ocr_par' dir='ltr' id='par_1_102' title="bbox 338 5319 1949 5404">
     <span class='ocr_line' id='line_1_102' title="bbox 338 5319 1949 5404; baseline -0.002 -27"><span class='ocrx_word' id='word_1_734' title='bbox 338 5321 708 5404; x_wconf 72' lang='lat' dir='ltr'><strong>Testamenti</strong></span> <span class='ocrx_word' id='word_1_735' title='bbox 729 5325 793 5404; x_wconf 66' lang='lat' dir='ltr'><strong>et</strong></span> <span class='ocrx_word' id='word_1_736' title='bbox 819 5323 1155 5391; x_wconf 84' lang='lat' dir='ltr'><strong>martyrum</strong></span> <span class='ocrx_word' id='word_1_737' title='bbox 1191 5323 1660 5404; x_wconf 73' lang='lat' dir='ltr'><strong>sanctorumque</strong></span> <span class='ocrx_word' id='word_1_738' title='bbox 1682 5319 1949 5374; x_wconf 90' lang='lat' dir='ltr'><strong>virorum</strong></span> 
     </span>
    </p>
   </div>
   <div class='ocr_carea' id='block_1_103' title="bbox 337 5389 1949 5544">
    <p class='ocr_par' dir='ltr' id='par_1_103' title="bbox 337 5389 1949 5544">
     <span class='ocr_line' id='line_1_103' title="bbox 337 5389 1949 5519; baseline -0.001 -71"><span class='ocrx_word' id='word_1_739' title='bbox 337 5393 515 5472; x_wconf 81' lang='lat' dir='ltr'><strong>pictis</strong></span> <span class='ocrx_word' id='word_1_740' title='bbox 534 5390 793 5447; x_wconf 84' lang='lat' dir='ltr'><strong>historiis</strong></span> <span class='ocrx_word' id='word_1_741' title='bbox 811 5410 834 5474; x_wconf 51' lang='grc' dir='ltr'><em>β</em></span> <span class='ocrx_word' id='word_1_742' title='bbox 866 5389 1051 5519; x_wconf 47' lang='lat' dir='ltr'><strong>(Eam</strong></span> <span class='ocrx_word' id='word_1_743' title='bbox 1067 5405 1300 5472; x_wconf 79' lang='lat' dir='ltr'><strong>morem</strong></span> <span class='ocrx_word' id='word_1_744' title='bbox 1327 5391 1386 5445; x_wconf 91' lang='lat' dir='ltr'><strong>in</strong></span> <span class='ocrx_word' id='word_1_745' title='bbox 1408 5389 1839 5446; x_wconf 80' lang='lat' dir='ltr'><strong>hodiernarum</strong></span> <span class='ocrx_word' id='word_1_746' title='bbox 1861 5407 1949 5446; x_wconf 82' lang='lat' dir='ltr'><strong>ec-</strong></span> 
     </span>
     <span class='ocr_line' id='line_1_104' title="bbox 340 5461 1949 5544; baseline -0.001 -25"><span class='ocrx_word' id='word_1_747' title='bbox 340 5463 661 5544; x_wconf 53' lang='lat' dir='ltr'><strong>clesragum</strong></span> <span class='ocrx_word' id='word_1_748' title='bbox 693 5469 888 5544; x_wconf 68' lang='lat' dir='ltr'><strong>pariet</strong></span> <span class='ocrx_word' id='word_1_749' title='bbox 988 5479 1023 5544; x_wconf 74' lang='grc' dir='ltr'><strong>ρ</strong></span> <span class='ocrx_word' id='word_1_750' title='bbox 1053 5477 1177 5544; x_wconf 80' lang='lat' dir='ltr'><strong>non</strong></span> <span class='ocrx_word' id='word_1_751' title='bbox 1207 5468 1290 5519; x_wconf 85' lang='lat' dir='ltr'><strong>ita</strong></span> <span class='ocrx_word' id='word_1_752' title='bbox 1310 5462 1755 5544; x_wconf 82' lang='lat' dir='ltr'><strong>frequentatum</strong></span> <span class='ocrx_word' id='word_1_753' title='bbox 1791 5461 1949 5544; x_wconf 85' lang='lat' dir='ltr'><strong>dole-</strong></span> 
     </span>
    </p>
   </div>
   <div class='ocr_carea' id='block_1_104' title="bbox 341 5530 1948 5606">
    <p class='ocr_par' dir='ltr' id='par_1_104' title="bbox 341 5530 1948 5606">
     <span class='ocr_line' id='line_1_105' title="bbox 341 5530 1948 5606; baseline -0.004 -13"><span class='ocrx_word' id='word_1_754' title='bbox 341 5550 503 5593; x_wconf 88' lang='lat' dir='ltr'><strong>mus.</strong></span> <span class='ocrx_word' id='word_1_755' title='bbox 527 5530 946 5606; x_wconf 42' lang='lat' dir='ltr'><strong>Ceﬂe‘nullum</strong></span> <span class='ocrx_word' id='word_1_756' title='bbox 966 5530 1246 5592; x_wconf 87' lang='lat' dir='ltr'><strong>decorius</strong></span> <span class='ocrx_word' id='word_1_757' title='bbox 1263 5530 1710 5606; x_wconf 80' lang='lat' dir='ltr'><strong>ornamentum,</strong></span> <span class='ocrx_word' id='word_1_758' title='bbox 1727 5538 1831 5590; x_wconf 90' lang='lat' dir='ltr'><strong>aut</strong></span> <span class='ocrx_word' id='word_1_759' title='bbox 1847 5549 1948 5606; x_wconf 89' lang='lat' dir='ltr'><strong>po-</strong></span> 
     </span>
    </p>
   </div>
   <div class='ocr_carea' id='block_1_105' title="bbox 340 5605 1950 5683">
    <p class='ocr_par' dir='ltr' id='par_1_105' title="bbox 340 5605 1950 5683">
     <span class='ocr_line' id='line_1_106' title="bbox 340 5605 1950 5683; baseline -0.001 -19"><span class='ocrx_word' id='word_1_760' title='bbox 340 5608 492 5683; x_wconf 85' lang='lat' dir='ltr'><strong>pulo</strong></span> <span class='ocrx_word' id='word_1_761' title='bbox 513 5605 846 5667; x_wconf 76' lang='lat' dir='ltr'><strong>Christiano</strong></span> <span class='ocrx_word' id='word_1_762' title='bbox 868 5607 1179 5669; x_wconf 77' lang='lat' dir='ltr'><strong>edocendo</strong></span> <span class='ocrx_word' id='word_1_763' title='bbox 1206 5607 1426 5681; x_wconf 83' lang='lat' dir='ltr'><strong>aptius,</strong></span> <span class='ocrx_word' id='word_1_764' title='bbox 1453 5605 1729 5665; x_wconf 83' lang='lat' dir='ltr'><strong>adhiberi</strong></span> <span class='ocrx_word' id='word_1_765' title='bbox 1769 5605 1950 5679; x_wconf 79' lang='lat' dir='ltr'><strong>posse</strong></span> 
     </span>
    </p>
   </div>
   <div class='ocr_carea' id='block_1_106' title="bbox 346 5685 693 5739">
    <p class='ocr_par' dir='ltr' id='par_1_106' title="bbox 346 5685 693 5739">
     <span class='ocr_line' id='line_1_107' title="bbox 346 5685 693 5739; baseline -0.003 0"><span class='ocrx_word' id='word_1_766' title='bbox 346 5685 693 5739; x_wconf 59' lang='lat' dir='ltr'><strong>censemus:</strong></span> 
     </span>
    </p>
   </div>
   <div class='ocr_carea' id='block_1_107' title="bbox 1987 4393 2032 4447">
    <p class='ocr_par' dir='ltr' id='par_1_107' title="bbox 1987 4393 2032 4447">
     <span class='ocr_line' id='line_1_108' title="bbox 1987 4393 2032 4447; baseline 0 0"><span class='ocrx_word' id='word_1_767' title='bbox 1987 4393 2032 4447; x_wconf 91' lang='lat' dir='ltr'><strong>D</strong></span> 
     </span>
    </p>
   </div>
   <div class='ocr_carea' id='block_1_108' title="bbox 2061 4417 3721 4492">
    <p class='ocr_par' dir='ltr' id='par_1_108' title="bbox 2061 4417 3721 4492">
     <span class='ocr_line' id='line_1_109' title="bbox 2061 4417 3721 4492; baseline -0.001 -17"><span class='ocrx_word' id='word_1_768' title='bbox 2061 4421 2286 4492; x_wconf 92' lang='lat' dir='ltr'><strong>quippe</strong></span> <span class='ocrx_word' id='word_1_769' title='bbox 2299 4419 2684 4475; x_wconf 84' lang='lat' dir='ltr'><strong>manifestum</strong></span> <span class='ocrx_word' id='word_1_770' title='bbox 2700 4417 2997 4489; x_wconf 68' lang='lat' dir='ltr'><strong>praecipue</strong></span> <span class='ocrx_word' id='word_1_771' title='bbox 3010 4419 3318 4488; x_wconf 88' lang='lat' dir='ltr'><strong>negotium</strong></span> <span class='ocrx_word' id='word_1_772' title='bbox 3331 4418 3721 4490; x_wconf 90' lang='lat' dir='ltr'><strong>studiumque</strong></span> 
     </span>
    </p>
   </div>
   <div class='ocr_carea' id='block_1_109' title="bbox 2060 4506 3718 4580">
    <p class='ocr_par' dir='ltr' id='par_1_109' title="bbox 2060 4506 3718 4580">
     <span class='ocr_line' id='line_1_110' title="bbox 2060 4506 3718 4580; baseline -0.001 -17"><span class='ocrx_word' id='word_1_773' title='bbox 2060 4509 2210 4564; x_wconf 88' lang='lat' dir='ltr'><strong>nihil</strong></span> <span class='ocrx_word' id='word_1_774' title='bbox 2239 4507 2402 4564; x_wconf 89' lang='lat' dir='ltr'><strong>aliud</strong></span> <span class='ocrx_word' id='word_1_775' title='bbox 2429 4507 2692 4580; x_wconf 88' lang='lat' dir='ltr'><strong>apertius</strong></span> <span class='ocrx_word' id='word_1_776' title='bbox 2726 4506 3116 4573; x_wconf 88' lang='lat' dir='ltr'><strong>demonstrat,</strong></span> <span class='ocrx_word' id='word_1_777' title='bbox 3185 4524 3373 4579; x_wconf 89' lang='lat' dir='ltr'><strong>quam</strong></span> <span class='ocrx_word' id='word_1_778' title='bbox 3428 4507 3589 4580; x_wconf 90' lang='lat' dir='ltr'><strong>quod</strong></span> <span class='ocrx_word' id='word_1_779' title='bbox 3643 4508 3718 4562; x_wconf 91' lang='lat' dir='ltr'><strong>de</strong></span> 
     </span>
    </p>
   </div>
   <div class='ocr_carea' id='block_1_110' title="bbox 2062 4597 3721 4669">
    <p class='ocr_par' dir='ltr' id='par_1_110' title="bbox 2062 4597 3721 4669">
     <span class='ocr_line' id='line_1_111' title="bbox 2062 4597 3721 4669; baseline -0.001 -17"><span class='ocrx_word' id='word_1_780' title='bbox 2062 4603 2270 4654; x_wconf 89' lang='lat' dir='ltr'><strong>sancto</strong></span> <span class='ocrx_word' id='word_1_781' title='bbox 2292 4597 2510 4669; x_wconf 88' lang='lat' dir='ltr'><strong>Spiritu</strong></span> <span class='ocrx_word' id='word_1_782' title='bbox 2541 4597 2720 4654; x_wconf 79' lang='lat' dir='ltr'><strong>Maria</strong></span> <span class='ocrx_word' id='word_1_783' title='bbox 2741 4612 2977 4668; x_wconf 91' lang='lat' dir='ltr'><strong>semper</strong></span> <span class='ocrx_word' id='word_1_784' title='bbox 3009 4597 3182 4666; x_wconf 91' lang='lat' dir='ltr'><strong>Virgo</strong></span> <span class='ocrx_word' id='word_1_785' title='bbox 3215 4602 3271 4652; x_wconf 91' lang='lat' dir='ltr'><strong>et</strong></span> <span class='ocrx_word' id='word_1_786' title='bbox 3300 4597 3553 4668; x_wconf 88' lang='lat' dir='ltr'><strong>Deipara</strong></span> <span class='ocrx_word' id='word_1_787' title='bbox 3583 4612 3721 4652; x_wconf 92' lang='lat' dir='ltr'><strong>con-</strong></span> 
     </span>
    </p>
   </div>
   <div class='ocr_carea' id='block_1_111' title="bbox 2062 4685 3718 4758">
    <p class='ocr_par' dir='ltr' id='par_1_111' title="bbox 2062 4685 3718 4758">
     <span class='ocr_line' id='line_1_112' title="bbox 2062 4685 3718 4758; baseline -0.001 -16"><span class='ocrx_word' id='word_1_788' title='bbox 2062 4688 2284 4758; x_wconf 81' lang='lat' dir='ltr'><strong>ceperit</strong></span> <span class='ocrx_word' id='word_1_789' title='bbox 2306 4685 2694 4757; x_wconf 86' lang='lat' dir='ltr'><strong>genueritque</strong></span> <span class='ocrx_word' id='word_1_790' title='bbox 2716 4685 3296 4741; x_wconf 81' lang='lat' dir='ltr'><strong>consubstantialem</strong></span> <span class='ocrx_word' id='word_1_791' title='bbox 3317 4690 3536 4741; x_wconf 83' lang='lat' dir='ltr'><strong>aeterno</strong></span> <span class='ocrx_word' id='word_1_792' title='bbox 3561 4685 3718 4742; x_wconf 89' lang='lat' dir='ltr'><strong>Patri</strong></span> 
     </span>
    </p>
   </div>
   <div class='ocr_carea' id='block_1_112' title="bbox 2065 4774 3719 4846">
    <p class='ocr_par' dir='ltr' id='par_1_112' title="bbox 2065 4774 3719 4846">
     <span class='ocr_line' id='line_1_113' title="bbox 2065 4774 3719 4846; baseline -0.001 -14"><span class='ocrx_word' id='word_1_793' title='bbox 2065 4777 2273 4832; x_wconf 81' lang='lat' dir='ltr'><strong>Filium</strong></span> <span class='ocrx_word' id='word_1_794' title='bbox 2305 4791 2375 4831; x_wconf 85' lang='lat' dir='ltr'><strong>ac</strong></span> <span class='ocrx_word' id='word_1_795' title='bbox 2418 4775 2711 4840; x_wconf 86' lang='lat' dir='ltr'><strong>Verbum;</strong></span> <span class='ocrx_word' id='word_1_796' title='bbox 2737 4775 2830 4830; x_wconf 92' lang='lat' dir='ltr'><strong>cui</strong></span> <span class='ocrx_word' id='word_1_797' title='bbox 2857 4774 3074 4829; x_wconf 90' lang='lat' dir='ltr'><strong>deinde</strong></span> <span class='ocrx_word' id='word_1_798' title='bbox 3099 4775 3400 4846; x_wconf 89' lang='lat' dir='ltr'><strong>baptizato</strong></span> <span class='ocrx_word' id='word_1_799' title='bbox 3454 4775 3719 4832; x_wconf 89' lang='lat' dir='ltr'><strong>testimo-</strong></span> 
     </span>
    </p>
   </div>
   <div class='ocr_carea' id='block_1_113' title="bbox 2061 4863 3722 4937">
    <p class='ocr_par' dir='ltr' id='par_1_113' title="bbox 2061 4863 3722 4937">
     <span class='ocr_line' id='line_1_114' title="bbox 2061 4863 3722 4937; baseline -0.002 -14"><span class='ocrx_word' id='word_1_800' title='bbox 2061 4867 2229 4923; x_wconf 91' lang='lat' dir='ltr'><strong>nium</strong></span> <span class='ocrx_word' id='word_1_801' title='bbox 2261 4865 2488 4921; x_wconf 89' lang='lat' dir='ltr'><strong>dederit</strong></span> <span class='ocrx_word' id='word_1_802' title='bbox 2511 4863 2780 4920; x_wconf 84' lang='lat' dir='ltr'><strong>viviﬁcus</strong></span> <span class='ocrx_word' id='word_1_803' title='bbox 2807 4868 2863 4919; x_wconf 90' lang='lat' dir='ltr'><strong>et</strong></span> <span class='ocrx_word' id='word_1_804' title='bbox 2883 4863 3410 4921; x_wconf 85' lang='lat' dir='ltr'><strong>consubstantialis</strong></span> <span class='ocrx_word' id='word_1_805' title='bbox 3451 4864 3722 4937; x_wconf 85' lang='lat' dir='ltr'><strong>ejusdem</strong></span> 
     </span>
    </p>
   </div>
   <div class='ocr_carea' id='block_1_114' title="bbox 2136 5025 3458 5101">
    <p class='ocr_par' dir='ltr' id='par_1_114' title="bbox 2136 5025 3458 5101">
     <span class='ocr_line' id='line_1_115' title="bbox 2136 5025 3458 5101; baseline -0.004 -16"><span class='ocrx_word' id='word_1_806' title='bbox 2136 5031 2210 5101; x_wconf 76' lang='grc'><strong>(4)</strong></span> <span class='ocrx_word' id='word_1_807' title='bbox 2237 5029 2380 5086; x_wconf 82' lang='lat' dir='ltr'><strong>Hinc</strong></span> <span class='ocrx_word' id='word_1_808' title='bbox 2410 5025 2832 5101; x_wconf 83' lang='lat' dir='ltr'><strong>tantummodo</strong></span> <span class='ocrx_word' id='word_1_809' title='bbox 2864 5025 3071 5101; x_wconf 80' lang='lat' dir='ltr'><strong>incipit</strong></span> <span class='ocrx_word' id='word_1_810' title='bbox 3116 5026 3308 5101; x_wconf 80' lang='lat' dir='ltr'><strong>codex</strong></span> <span class='ocrx_word' id='word_1_811' title='bbox 3336 5029 3458 5082; x_wconf 85' lang='lat'><strong>632.</strong></span> 
     </span>
    </p>
   </div>
   <div class='ocr_carea' id='block_1_115' title="bbox 2133 5096 3725 5171">
    <p class='ocr_par' dir='ltr' id='par_1_115' title="bbox 2133 5096 3725 5171">
     <span class='ocr_line' id='line_1_116' title="bbox 2133 5096 3725 5171; baseline -0.001 -15"><span class='ocrx_word' id='word_1_812' title='bbox 2133 5096 2210 5171; x_wconf 81' lang='grc'><strong>(5)</strong></span> <span class='ocrx_word' id='word_1_813' title='bbox 2239 5102 2328 5156; x_wconf 90' lang='lat' dir='ltr'><strong>Sic</strong></span> <span class='ocrx_word' id='word_1_814' title='bbox 2360 5100 2609 5167; x_wconf 79' lang='lat' dir='ltr'><strong>Algerus</strong></span> <span class='ocrx_word' id='word_1_815' title='bbox 2637 5096 3025 5171; x_wconf 82' lang='lat' dir='ltr'><strong>scholasticus</strong></span> <span class='ocrx_word' id='word_1_816' title='bbox 3043 5098 3121 5171; x_wconf 83' lang='lat' dir='ltr'><strong>_in_</strong></span> <span class='ocrx_word' id='word_1_817' title='bbox 3136 5097 3302 5171; x_wconf 83' lang='lat' dir='ltr'><strong>brevi</strong></span> <span class='ocrx_word' id='word_1_818' title='bbox 3323 5097 3617 5171; x_wconf 90' lang='lat' dir='ltr'><strong>opusculo</strong></span> <span class='ocrx_word' id='word_1_819' title='bbox 3641 5100 3725 5156; x_wconf 88' lang='lat' dir='ltr'><strong>De</strong></span> 
     </span>
    </p>
   </div>
   <div class='ocr_carea' id='block_1_116' title="bbox 2061 5168 3724 5240">
    <p class='ocr_par' dir='ltr' id='par_1_116' title="bbox 2061 5168 3724 5240">
     <span class='ocr_line' id='line_1_117' title="bbox 2061 5168 3724 5240; baseline -0.002 -12"><span class='ocrx_word' id='word_1_820' title='bbox 2061 5168 2355 5240; x_wconf 63' lang='lat' dir='ltr'><strong>sacriﬁcio</strong></span> <span class='ocrx_word' id='word_1_821' title='bbox 2382 5174 2598 5234; x_wconf 69' lang='lat' dir='ltr'><strong>missae,</strong></span> <span class='ocrx_word' id='word_1_822' title='bbox 2631 5168 2798 5240; x_wconf 92' lang='lat' dir='ltr'><strong>quod</strong></span> <span class='ocrx_word' id='word_1_823' title='bbox 2829 5184 2940 5223; x_wconf 88' lang='lat' dir='ltr'><strong>nos</strong></span> <span class='ocrx_word' id='word_1_824' title='bbox 2989 5168 3289 5223; x_wconf 89' lang='lat' dir='ltr'><strong>edidimus</strong></span> <span class='ocrx_word' id='word_1_825' title='bbox 3343 5168 3402 5223; x_wconf 86' lang='lat' dir='ltr'><strong>in</strong></span> <span class='ocrx_word' id='word_1_826' title='bbox 3454 5175 3617 5224; x_wconf 87' lang='lat' dir='ltr'><strong>tomo</strong></span> <span class='ocrx_word' id='word_1_827' title='bbox 3658 5173 3724 5225; x_wconf 88' lang='lat' dir='ltr'><strong>IX</strong></span> 
     </span>
    </p>
   </div>
   <div class='ocr_carea' id='block_1_117' title="bbox 2060 5241 3725 5313">
    <p class='ocr_par' dir='ltr' id='par_1_117' title="bbox 2060 5241 3725 5313">
     <span class='ocr_line' id='line_1_118' title="bbox 2060 5241 3725 5313; baseline -0.002 -13"><span class='ocrx_word' id='word_1_828' title='bbox 2060 5246 2273 5313; x_wconf 82' lang='lat' dir='ltr'><strong>Script.</strong></span> <span class='ocrx_word' id='word_1_829' title='bbox 2312 5249 2423 5299; x_wconf 80' lang='lat' dir='ltr'><strong>vet.</strong></span> <span class='ocrx_word' id='word_1_830' title='bbox 2454 5243 2535 5297; x_wconf 84' lang='lat' dir='ltr'><strong>ait</strong></span> <span class='ocrx_word' id='word_1_831' title='bbox 2563 5242 2893 5310; x_wconf 40' lang='lat' dir='ltr'><strong>:!:Sotemnis</strong></span> <span class='ocrx_word' id='word_1_832' title='bbox 2922 5241 3242 5295; x_wconf 76' lang='lat' dir='ltr'><strong>celebratio</strong></span> <span class='ocrx_word' id='word_1_833' title='bbox 3266 5243 3442 5296; x_wconf 77' lang='lat' dir='ltr'><strong>totius</strong></span> <span class='ocrx_word' id='word_1_834' title='bbox 3469 5244 3725 5297; x_wconf 71' lang='lat' dir='ltr'><strong>missead</strong></span> 
     </span>
    </p>
   </div>
   <div class='ocr_carea' id='block_1_118' title="bbox 2062 5313 3724 5380">
    <p class='ocr_par' dir='ltr' id='par_1_118' title="bbox 2062 5313 3724 5380">
     <span class='ocr_line' id='line_1_119' title="bbox 2062 5313 3724 5380; baseline -0.002 -9"><span class='ocrx_word' id='word_1_835' title='bbox 2062 5317 2174 5372; x_wconf 83' lang='lat' dir='ltr'><strong>hoc</strong></span> <span class='ocrx_word' id='word_1_836' title='bbox 2198 5317 2479 5370; x_wconf 77' lang='lat' dir='ltr'><strong>instituta</strong></span> <span class='ocrx_word' id='word_1_837' title='bbox 2504 5318 2679 5380; x_wconf 84' lang='lat' dir='ltr'><strong>est,ut</strong></span> <span class='ocrx_word' id='word_1_838' title='bbox 2706 5313 3047 5367; x_wconf 80' lang='lat' dir='ltr'><strong>memoriam</strong></span> <span class='ocrx_word' id='word_1_839' title='bbox 3060 5314 3360 5380; x_wconf 72' lang='lat' dir='ltr'><strong>epxrimat</strong></span> <span class='ocrx_word' id='word_1_840' title='bbox 3383 5313 3615 5368; x_wconf 78' lang='lat' dir='ltr'><strong>Christi</strong></span> <span class='ocrx_word' id='word_1_841' title='bbox 3639 5329 3724 5369; x_wconf 88' lang='lat' dir='ltr'><strong>ve—</strong></span> 
     </span>
    </p>
   </div>
   <div class='ocr_carea' id='block_1_119' title="bbox 2061 5387 2812 5448">
    <p class='ocr_par' dir='ltr' id='par_1_119' title="bbox 2061 5387 2812 5448">
     <span class='ocr_line' id='line_1_120' title="bbox 2061 5387 2812 5448; baseline -0.005 -5"><span class='ocrx_word' id='word_1_842' title='bbox 2061 5389 2279 5443; x_wconf 82' lang='lat' dir='ltr'><strong>nientis</strong></span> <span class='ocrx_word' id='word_1_843' title='bbox 2310 5387 2372 5441; x_wconf 83' lang='lat' dir='ltr'><strong>in</strong></span> <span class='ocrx_word' id='word_1_844' title='bbox 2409 5400 2672 5448; x_wconf 81' lang='lat' dir='ltr'><strong>carnem,</strong></span> <span class='ocrx_word' id='word_1_845' title='bbox 2699 5388 2812 5439; x_wconf 89' lang='lat' dir='ltr'><strong>etc.</strong></span> 
     </span>
    </p>
   </div>
   <div class='ocr_carea' id='block_1_120' title="bbox 2133 5454 3729 5530">
    <p class='ocr_par' dir='ltr' id='par_1_120' title="bbox 2133 5454 3729 5530">
     <span class='ocr_line' id='line_1_121' title="bbox 2133 5454 3729 5530; baseline -0.003 -15"><span class='ocrx_word' id='word_1_846' title='bbox 2133 5461 2204 5530; x_wconf 71' lang='grc' dir='ltr'><strong>(ὃ)</strong></span> <span class='ocrx_word' id='word_1_847' title='bbox 2253 5457 2494 5513; x_wconf 89' lang='lat' dir='ltr'><strong>Concha</strong></span> <span class='ocrx_word' id='word_1_848' title='bbox 2547 5471 2670 5510; x_wconf 73' lang='lat' dir='ltr'><strong>srva</strong></span> <span class='ocrx_word' id='word_1_849' title='bbox 2714 5455 2965 5510; x_wconf 89' lang='lat' dir='ltr'><strong>lacunar</strong></span> <span class='ocrx_word' id='word_1_850' title='bbox 3022 5454 3454 5530; x_wconf 61' lang='lat' dir='ltr'><strong>Graecialtaris</strong></span> <span class='ocrx_word' id='word_1_851' title='bbox 3479 5456 3729 5511; x_wconf 86' lang='lat' dir='ltr'><strong>denotat</strong></span> 
     </span>
    </p>
   </div>
   <div class='ocr_carea' id='block_1_121' title="bbox 2064 5525 3726 5598">
    <p class='ocr_par' dir='ltr' id='par_1_121' title="bbox 2064 5525 3726 5598">
     <span class='ocr_line' id='line_1_122' title="bbox 2064 5525 3726 5598; baseline -0.002 -12"><span class='ocrx_word' id='word_1_852' title='bbox 2064 5525 2382 5586; x_wconf 81' lang='lat' dir='ltr'><strong>Bethleemi</strong></span> <span class='ocrx_word' id='word_1_853' title='bbox 2441 5535 2681 5585; x_wconf 88' lang='lat' dir='ltr'><strong>antrum</strong></span> <span class='ocrx_word' id='word_1_854' title='bbox 2733 5543 2834 5581; x_wconf 90' lang='lat' dir='ltr'><strong>seu</strong></span> <span class='ocrx_word' id='word_1_855' title='bbox 2890 5540 3181 5598; x_wconf 63' lang='lat' dir='ltr'><strong>praesepe.</strong></span> <span class='ocrx_word' id='word_1_856' title='bbox 3232 5525 3461 5598; x_wconf 83' lang='lat' dir='ltr'><strong>Ibidem</strong></span> <span class='ocrx_word' id='word_1_857' title='bbox 3523 5532 3726 5583; x_wconf 87' lang='lat' dir='ltr'><strong>autem</strong></span> 
     </span>
    </p>
   </div>
   <div class='ocr_carea' id='block_1_122' title="bbox 2063 5596 3727 5672">
    <p class='ocr_par' dir='ltr' id='par_1_122' title="bbox 2063 5596 3727 5672">
     <span class='ocr_line' id='line_1_123' title="bbox 2063 5596 3727 5672; baseline -0.001 -14"><span class='ocrx_word' id='word_1_858' title='bbox 2063 5602 2247 5658; x_wconf 88' lang='lat' dir='ltr'><strong>modo</strong></span> <span class='ocrx_word' id='word_1_859' title='bbox 2281 5599 2666 5658; x_wconf 82' lang='lat' dir='ltr'><strong>casnaculum</strong></span> <span class='ocrx_word' id='word_1_860' title='bbox 2724 5596 2908 5672; x_wconf 75' lang='lat' dir='ltr'><strong>pingi</strong></span> <span class='ocrx_word' id='word_1_861' title='bbox 2943 5596 3112 5667; x_wconf 81' lang='lat' dir='ltr'><strong>solet,</strong></span> <span class='ocrx_word' id='word_1_862' title='bbox 3152 5596 3337 5654; x_wconf 93' lang='lat' dir='ltr'><strong>modo</strong></span> <span class='ocrx_word' id='word_1_863' title='bbox 3383 5600 3727 5672; x_wconf 87' lang='lat' dir='ltr'><strong>sepulcrum</strong></span> 
     </span>
    </p>
   </div>
   <div class='ocr_carea' id='block_1_123' title="bbox 2066 5673 2329 5734">
    <p class='ocr_par' dir='ltr' id='par_1_123' title="bbox 2066 5673 2329 5734">
     <span class='ocr_line' id='line_1_124' title="bbox 2066 5673 2329 5734; baseline -0.008 -2"><span class='ocrx_word' id='word_1_864' title='bbox 2066 5673 2329 5734; x_wconf 86' lang='lat' dir='ltr'><strong>Domini.</strong></span> 
     </span>
    </p>
   </div>
  </div>
