4468 6440
816 388 919 446 423

2098 393 2456 450 THEODORI
2495 395 2911 451 ANDIDENSIS

4075 402 4182 457 424

817 513 1089 585 Spiritus.
1114 516 1318 570 Postea
1367 517 1610 586 propter
1656 515 2008 572 triennalem
2047 517 2475 573 miraculorum
2507 520 2553 572 Α

2419 533 2475 572 m
2507 520 2553 572 Α
2586 537 2650 569 τα
2710 521 2768 570 τὸ
2830 518 2914 571 έπί
2970 526 3141 592 τρισὶν
3199 521 3454 586 ἐνιαυτοῖς
3514 527 4009 600 θαυματουργοῦντα
4073 525 4183 578 ἇπι-

814 619 1080 671 cursum,
1099 601 1447 658 Judmorum
1471 603 1761 660 invidiam
1785 603 2130 671 incurrisse,
2154 611 2209 660 et
2236 622 2272 660 a
2303 605 2478 661 disci-

810 695 954 769 pulo
983 692 1308 766 proditum,
1332 691 1694 764 illusumque
1716 698 1773 747 et
1793 693 2172 761 cruciﬁxum,
2199 693 2475 764 sepulcro

813 783 1142 846 conditum,
1171 780 1427 851 denique
1456 780 1517 834 in
1547 781 1734 835 vitam
1767 787 2139 848 revocatum,
2172 783 2233 836 in
2255 781 2474 837 cmlum

815 870 1254 935 conscendisse,
1287 873 1344 924 et
1363 868 1629 938 judicem
1657 868 1857 924 denuo
1905 875 2226 925 venturum
2267 887 2476 942 exspe-

814 963 978 1020 ctari.
1017 963 1159 1026 Quae
1192 958 1396 1014 omnia
1428 958 1743 1030 perspicue
1771 959 1976 1014 divina
2034 960 2275 1030 liturgia
2322 961 2477 1016 sistit

815 1070 922 1128 per
943 1049 1239 1123 eaquaain
1269 1047 1588 1119 ipsaﬁunt,
1639 1049 1972 1104 secundum
2023 1050 2258 1106 Domini
2301 1051 2476 1106 tradi-

815 1144 1041 1200 tionem
1075 1144 1131 1194 et
1157 1135 1449 1193 mandata
1480 1136 1736 1206 singula.

890 1237 940 1286 5.
1012 1231 1228 1283 Verum
1280 1225 1409 1280 haec
1473 1225 1720 1297 quidem
1777 1231 2069 1297 tanquam
2114 1227 2478 1285 adumbrata

812 1317 1096 1394 quadam
1114 1314 1452 1370 futurarum
1473 1329 1670 1368 rerum
1687 1322 2108 1386 proponuntur
2132 1315 2474 1387 descriptio.

813 1412 885 1464 At
908 1410 1118 1461 nostra
1147 1401 1544 1473 particulatim
1567 1402 1789 1456 rituum
1825 1404 1921 1457 Dei
1984 1405 2174 1471 gratia
2234 1408 2478 1460 statuto-

814 1511 950 1552 rum
972 1491 1334 1565 explanatio,
1352 1495 1648 1561 quantum
1671 1490 2148 1546 inﬁrmissimum
2164 1492 2477 1560 ingenium

814 1588 1088 1641 nostrum
1119 1579 1388 1647 valuerit,
1418 1578 1535 1632 vim
1560 1578 1792 1634 interim
1817 1594 2025 1634 eorum
2049 1579 2254 1651 palam
2281 1581 2475 1639 faciet.

814 1686 1078 1744 quorum
1106 1665 1383 1739 symbola
1415 1664 1772 1721 intellexisse
1830 1665 2217 1722 arbitramur.
2279 1671 2479 1739 Neque

816 1759 978 1814 enim
992 1759 1187 1812 mente
1202 1753 1382 1810 talem
1396 1757 1749 1825 tantumque
1763 1759 2050 1810 conatum
2068 1756 2478 1828 concepimus,

817 1851 1021 1920 utpote
1045 1844 1222 1900 nimis
1245 1843 1795 1914 contemplativum,
1816 1848 1880 1899 ut
1900 1843 2153 1899 fortasse
2212 1844 2274 1900 in
2340 1860 2480 1900 cun-

817 1936 926 1992 ctis
983 1939 1204 1990 nostrae
1257 1930 1581 1987 audaciam
1629 1931 2020 2003 expositionis
2061 1932 2480 1988 ostendamus.

815 2028 943 2081 Imo
972 2029 1028 2080 et
1047 2023 1262 2078 diserte
1294 2020 1534 2075 veniam
1590 2035 1627 2076 a
1669 2020 2008 2090 legentibus
2061 2021 2479 2094 imploramus,

814 2129 968 2188 quos
991 2113 1139 2168 scire
1168 2110 1465 2175 volumus,
1498 2125 1609 2165 nos
1639 2110 1963 2165 obediendi
1988 2116 2290 2182 praecepto
2313 2111 2482 2166 obse-

814 2205 1087 2274 quentes,
1118 2199 1210 2255 vel
1236 2199 1434 2270 potius
1457 2198 1584 2252 viro
1611 2214 1718 2270 per
1740 2199 1948 2254 omnia
1969 2202 2086 2254 Deo
2109 2198 2358 2254 amabili
2381 2198 2482 2255 ad-

813 2290 1076 2348 hortanti
1111 2288 1408 2353 cedentes,
1443 2288 1751 2356 negotium
1796 2287 1947 2342 ultra
1978 2289 2138 2342 vires
2198 2288 2483 2344 audacter

815 2379 1061 2451 aggredi
1091 2393 1250 2447 ;non
1271 2385 1472 2434 autem
1505 2376 1753 2432 scientia
1784 2376 2046 2442 inﬂatos,
2076 2394 2171 2432 res
2210 2377 2479 2433 humano

817 2469 971 2525 nisui
1001 2468 1259 2524 intactas
1308 2467 1619 2535 attingere.
1656 2466 1826 2530 Quod
1878 2468 1927 2520 si
1983 2466 2132 2538 quid
2185 2467 2275 2520 vel
2321 2467 2478 2521 circa

816 2557 1186 2631 pontiﬁcalia
1207 2556 1580 2619 indumenta,
1607 2553 1701 2609 vel
1730 2553 1846 2609 alia
1870 2555 2097 2626 aliquot
2127 2555 2187 2610 in
2211 2555 2477 2610 ecclesias

815 2661 985 2703 more
1010 2645 1226 2718 posita,
1254 2660 1453 2700 sermo
1483 2649 1684 2700 noster
1705 2643 2068 2715 praeterierit,
2099 2643 2178 2710 id,
2203 2644 2474 2716 inquam,

814 2740 982 2797 haud
1005 2739 1236 2809 absque
1267 2752 1452 2791 causa
1482 2735 1708 2791 factum
1741 2739 1851 2790 est.
1889 2737 2034 2789 Cum
2066 2734 2226 2790 enim
2259 2735 2476 2790 harum

813 2846 1036 2898 rerum,
1063 2828 1350 2900 scriptam
1385 2825 1722 2898 quamdam
1753 2825 1866 2880 sub
1893 2826 2099 2894 magni
2132 2824 2331 2881 Basilii
2365 2840 2476 2880 no-

812 2920 975 2976 mine
1004 2917 1554 2990 interpretationem
1585 2915 2010 2981 invenerimus,
2035 2914 2110 2969 de
2160 2914 2232 2968 iis
2273 2914 2474 2969 dicen-

811 3009 960 3066 dum
991 3024 1028 3064 a
1057 3006 1232 3063 nobis
1261 3022 1382 3062 non
1399 3005 1828 3076 judicavimus.
1854 3004 2474 3075 Quamobrem,'circa

809 3099 912 3155 illa
931 3097 1112 3155 etiam
1140 3097 1214 3153 de
1245 3095 1468 3168 quibus
1497 3094 1662 3167 loqui
1687 3095 1840 3165 jussi
1872 3094 2116 3162 fuimus,
2147 3096 2198 3148 si
2219 3094 2468 3166 quando

809 3188 1078 3244 invenire
1102 3185 1277 3241 nobis
1321 3184 1485 3240 licuit
1539 3183 2009 3255 praecedentium
2068 3183 2312 3239 Patrum
2368 3182 2470 3238 ali-

807 3292 996 3350 quam
1026 3275 1465 3347 expositionem
1499 3278 1603 3328 aut
1627 3273 2094 3328 declarationem
2111 3285 2134 3342 ,'
2191 3272 2267 3328 ad
2313 3272 2472 3328 hanc

809 3365 1010 3440 potius
1039 3365 1405 3420 hortatorem
1428 3367 1706 3418 nostrum
1760 3362 2112 3434 episcopum
2169 3361 2473 3432 ablegavi-

808 3472 980 3512 mus:
1014 3453 1162 3510 dum
1188 3469 1301 3508 nos
1324 3452 1560 3509 interim
1590 3451 1863 3523 quietum
1923 3457 2238 3523 tutumque
2300 3451 2471 3505 silen-

808 3545 956 3601 tium
989 3548 1188 3600 tenere
1222 3542 1567 3598 maluimus.
1613 3540 1727 3596 Sed
1754 3541 1952 3610 agesis
1988 3541 2088 3595 Dei
2117 3540 2472 3609 benignitati

806 3632 1187 3706 propositum
1211 3629 1663 3700 aggrediamur.

879 3721 1192 3778 6.1nitium
1223 3719 1510 3775 doctrinae
1558 3734 1816 3786 arcanae,
1866 3723 1921 3773 et
1951 3718 2471 3773 sanctissimorum

804 3808 1245 3882 symbolorum,
1277 3807 1426 3862 illud
1454 3806 1654 3878 ipsum
1691 3806 1972 3878 spiritalis
2002 3822 2199 3861 sermo
2249 3821 2471 3877 propo-

802 3901 905 3970 nit,
931 3897 1097 3971 quod
1124 3902 1249 3952 tum
1278 3897 1544 3951 humana
1576 3899 1792 3950 natura
1815 3911 1923 3950 ceu
1945 3895 2278 3966 quamdam
2306 3894 2469 3950 obla-

801 3989 1028 4044 tionem
1059 4003 1132 4042 ex
1161 3987 1444 4042 universa
1474 3985 1746 4040 humana
1778 4000 1980 4040 massa
2035 3983 2292 4039 Domino
2349 3986 2469 4039 Deo

799 4084 1006 4134 nostro
1046 4076 1218 4133 offert
1250 4092 1264 4140 ;
1293 4081 1420 4130 tum
1463 4074 1811 4146 prophetica
1842 4074 2035 4142 gratia
2063 4075 2249 4130 divini
2293 4073 2469 4148 Spiri-

801 4172 896 4222 tus
925 4166 1129 4223 multis
1159 4164 1533 4236 diversisque
1557 4162 1864 4218 vocabulis
1887 4163 2268 4232 signiﬁcavit,
2328 4182 2467 4221 con-

801 4272 982 4326 gruas
1011 4259 1260 4328 Operato
1288 4251 1577 4324 mysterio
1630 4251 2062 4323 appellationes
2123 4253 2463 4326 imponens,

801 4345 960 4417 typis
981 4343 1353 4417 quibusdam
1381 4357 1452 4396 ac
1485 4339 1775 4411 symbolis
1796 4348 2314 4412 prmmonstratas.
2352 4344 2467 4400 Sed

799 4450 1070 4505 congrua
1092 4439 1148 4490 et
1176 4430 1595 4490 connaturalia
1625 4429 1876 4484 nomina
1915 4431 1998 4485 rei
2039 4437 2220 4500 gesta:
2279 4433 2464 4490 modo

869 4566 948 4628 (7)
981 4559 1295 4614 Verissime
1321 4552 1669 4629 TheodOrus
1698 4559 1901 4629 noster
1927 4555 2070 4629 dicit
2108 4556 2462 4629 inscriptum

2585 608 2765 678 φθονον
2819 611 3061 676 γενέσθαι
3117 619 3226 672 τοῖς
3284 610 3584 680 Ἰουδαίοις,
3643 621 3734 667 καὶ
3797 618 3897 667 ύπό
3943 616 4182 686 μαθητοῦ

2583 692 2928 768 προδοθῆναι,
2990 697 3353 771 ὶμπαιχθῆναι
3403 722 3456 755 τε
3508 708 3596 755 καὶ
3653 706 4038 778 σταυρωθῆναι·
4075 705 4186 756 εἶτα

2584 788 2674 835 καὶ
2732 782 3028 838 ἀναστάντα
3089 785 3466 860 ἀναληφθῆναι,
3527 795 3614 842 καὶ
3679 794 3742 852 ὡς
3805 795 3985 865 κριτὴν
4022 811 4186 864 προσ-

2588 868 2878 944 δοκώμενον
2929 874 3081 926 πάλιν
3122 874 3440 930 ἐλεύσεσθαι·
3482 878 3516 930 ἃ
3572 883 3741 931 πάντα
3796 889 3971 952 σαφῶς
4020 885 4110 931 καὶ
4150 881 4179 937 ἡ

2589 963 2700 1014 θεία
2751 962 3014 1037 ἱερουργία
3062 970 3348 1023 συνίστησι
3397 965 3491 1019 ὃιά
3537 968 3710 1020 τῶνέν
3757 969 3887 1041 αὐτῆ
3949 965 4181 1040 τελουμέ.

2585 1071 2700 1116 νων,
2761 1054 2895 1104 κατά
2936 1057 3030 1110 τὴν
3078 1073 3169 1106 του
3226 1060 3418 1130 Κυρίου
3467 1054 3785 1130 παράδοσιν,
3837 1060 4037 1118 καὶτὰς
4067 1055 4186 1129 διη-

2585 1143 2810 1214 ρημένας
2842 1140 3047 1202 ἐντολάς
3060 1183 3073 1197 .

2657 1229 2715 1283 ε’.
2763 1228 2918 1280 Ἀλλὰ
2964 1237 3131 1282 ταῦτα
3176 1234 3266 1302 μὶν
3319 1235 3386 1294 ὡς
3435 1237 3758 1308 σκιαγραφία
3812 1242 3911 1286 τῶν
3965 1233 4187 1305 μελλόσ-

2585 1337 2684 1369 των
2741 1320 3042 1390 προτίθεται
3088 1322 3118 1376 η
3177 1316 3235 1372 δὲ
3282 1323 3416 1373 κατά
3477 1327 3632 1396 μέρος
3694 1331 3794 1375 τῶν
3858 1323 3982 1395 παρ’
4041 1325 4186 1395 ἡμῶν

2587 1413 2719 1458 Θεοῦ
2786 1409 2976 1478 χάριτι
3018 1409 3458 1479 νομοθετηθέντων
3510 1411 3783 1482 ἐξήγησις,
3834 1414 3969 1462 κατά
3997 1431 4054 1482 γε
4093 1418 4186 1468 τῆν

2586 1496 2839 1568 ἡμετέραν
2893 1495 3274 1554 ἀσθενεστάτην
3330 1495 3585 1566 διάνοιαν,
3638 1497 3863 1557 δηλωσει
3920 1505 4046 1560 τέως
4091 1519 4187 1557 την

2589 1581 2835 1655 δύναμιν,
2884 1585 3047 1658 ὧνπερ
3108 1585 3378 1658 συμϐόλων
3427 1586 3694 1659 ἐφικέσθαι
3744 1590 4008 1659 ᾠήθημενθ
4064 1585 4189 1640 ούδὶ

2587 1675 2688 1744 γὰρ
2745 1672 2815 1732 εἰς
2865 1679 2982 1724 νοῦν
3037 1677 3283 1731 τοιαύτην
3340 1676 3506 1748 ὁρμὴν
3562 1673 3870 1750 έδεξάμεθα,
3930 1677 4000 1739 ὡς
4056 1679 4187 1747 οἰγαν

2595 1763 2912 1835 θεωρητικὴν
2967 1763 3104 1813 τάκα
3158 1761 3206 1813 ἐν
3267 1769 3396 1815 πᾶσι
3452 1768 3545 1822 τὴν
3603 1764 3794 1837 τόλμαν
3850 1774 3946 1827 τῆς
4003 1764 4187 1836 ἐξηγή-

2596 1860 2725 1912 σεως
2774 1847 3158 1913 ἐπιδείξασθαυ
3218 1851 3324 1904 ἐπεὶ
3380 1851 3474 1904 κάν
3505 1860 3614 1915 τοῖς
3668 1853 3842 1925 λόγοις
3871 1858 4188 1926 συγγνώμην

2591 1940 2831 2012 αἰτοῦμεν
2909 1947 3020 2002 τοῖς
3083 1939 3517 2012 ἐντυγχάνουσιν,
3595 1939 3796 1995 εἰδόσιν
3857 1945 3922 2003 ὡς
3983 1942 4092 1995 ἕντο
4157 1951 4187 2015 ᾗ

2591 2030 2826 2090 ὑπακοῆς
2873 2031 3186 2102 πειθόμενοι,
3233 2029 3424 2102 μᾶλλον
3472 2027 3532 2083 δι
3575 2040 3648 2103 τῷ
3686 2037 3812 2106 πρὸς
3863 2039 4028 2084 ταῦτα
4069 2050 4193 2105 προσ

2589 2119 2898 2193 τρεψαμάνῳ
2957 2117 3112 2192 ἀνδρὶ
3171 2123 3236 2172 τὰ
3277 2122 3448 2174 πάντα
3504 2126 3612 2174 ὅντε
3671 2122 3892 2195 θεοφιλεῖ
3950 2125 4189 2193 εἴκοντες,

2589 2216 2689 2259 τῶν
2732 2208 2858 2281 ὑπὲρ
2909 2205 3132 2280 δύναμιν
3186 2209 3658 2282 κατετολμήσαμενθ
3715 2209 3822 2263 ἀλλ’
3877 2211 4004 2282 ούχὶ
4061 2219 4195 2282 γνὼη

2592 2316 2669 2349 σει
2719 2296 3104 2372 βρενθυόμενοι,
3161 2305 3259 2348 τῶν
3284 2299 3401 2350 καθ’
3447 2302 3587 2372 ἡμᾶς
3646 2299 3931 2371 ἀψαύστων
3980 2303 4191 2376 ad.de

2591 2390 2674 2442 θα.
2730 2387 2792 2439 Εἰ
2847 2384 2906 2439 δέ
2952 2405 3071 2439 τινα
3128 2395 3228 2439 τῶν
3275 2392 3391 2461 περὶ
3422 2397 3521 2440 τῶν
3564 2387 3952 2464 ἀρχιερατικῶν
3985 2390 4190 2464 ἀμφίων

2587 2481 2677 2529 καὶ
2708 2475 2900 2548 ’ἐτέρων
2943 2484 3092 2527 τινῶν
3143 2484 3241 2528 τῶν
3289 2485 3351 2548 τῇ
3405 2475 3659 2550 ἐκκλησίᾳ
3713 2476 4002 2551 δεδομένων
4047 2483 4071 2532 ό
4110 2482 4194 2534 λό-

2585 2586 2674 2638 γος
2737 2573 2986 2639 παρῆκεν,
3055 2565 3149 2616 οὐκ
3203 2566 3323 2617 ἄνευ
3377 2565 3531 2636 λόγου
3593 2571 3878 2639 πρέποντος
3936 2565 4186 2643 δέδρακε.

2589 2655 2835 2729 sapam;
2881 2656 2982 2728 γάρ
3026 2658 3144 2728 περὶ
3194 2657 3387 2706 τούτων
3437 2654 3513 2706 ἐπ’
3562 2660 3778 2728 ὀνόματι
3823 2664 3911 2710 νοῦ
3959 2659 4188 2730 μεγάλου

2591 2743 2858 2797 Βασιλείου
2933 2743 3008 2813 (7)
3076 2748 3349 2816 ερμηνείαν
3414 2747 3532 2796 τινὰ
3601 2751 3998 2819 γεγραμμένην,
4068 2746 4194 2802 ούδε

2589 2833 2914 2906 φθέγξασθαι
2965 2836 3084 2903 περὶ
3131 2835 3326 2884 τούτων
3379 2831 3495 2885 δέον
3533 2833 3897 2907 ἐλογισάμεθα·
3952 2839 4086 2890 ὥστε
4146 2839 4190 2891 εἰ

2588 2927 2678 2974 καὶ
2735 2927 2852 2994 περὶ
2903 2923 2970 2973 ὧν
3019 2923 3175 2974 εἰπεῖν
3228 2924 3654 2994 ἠναγκάσθημεν,
3704 2925 3866 2996 εὑρεῖν
3923 2922 4195 2985 ἠδυνήθη-

2589 3018 2677 3086 μέν
2725 3033 2842 3065 τινα
2888 3022 2988 3065 τῶν
3041 3011 3424 3087 προειληφότων
3474 3017 3715 3086 Πατέρων
3775 3009 4005 3070 δήλωσιν
4038 3015 4066 3073 ῆ
4107 3034 4201 3067 σα-

2589 3109 2818 3175 φήνειαν,
2877 3106 3007 3176 πρὸς
3063 3103 3258 3159 ἐκείνην
3313 3099 3468 3152 αύτόν
3526 3102 3664 3172 ἡμᾶς
3726 3104 4065 3155 συνωθοῦντα
4111 3109 4203 3179 άρ-

2586 3194 2772 3264 χιερέα
2817 3188 3288 3265 παρεπεμψάμεθα·
3342 3188 3487 3240 αὐτοὶ
3540 3185 3600 3240 δε
3645 3193 3739 3248 τὴν
3788 3191 4055 3263 ἄπρακτον
4102 3209 4200 3260 καὶ

2585 3277 2860 3333 ἀκίνδυνον
2922 3279 3164 3351 εἱλόμεθα
3230 3283 3446 3336 σιωπὴνο
3507 3279 3637 3350 όμόῦ
3706 3287 3840 3333 Θεοῦ
3906 3280 4197 3352 φιλανθρω-

2582 3376 2678 3442 πίᾳ
2732 3371 3058 3444 θαρροῦντες,
3106 3372 3196 3420 καὶ
3243 3376 3355 3429 ταῖς
3406 3369 3589 3440 εὐχαῖς
3639 3376 3730 3421 τοῦ
3755 3370 4186 3445 προτρεψαμένου

2582 3469 2672 3519 τῆς
2711 3459 3004 3518 ὑποθέσεως
3028 3455 3292 3529 ἀρχόμεθα
3321 3453 3443 3508 ὧδεο

2581 3552 2638 3603 et
2678 3547 2997 3603 hortatoris
3043 3545 3232 3601 nostri
3268 3545 3550 3617 precibus
3593 3545 3804 3601 conﬁsi
3831 3553 4184 3620 susceptum

2655 3727 2720 3786 ζ.
2789 3726 2992 3800 Ἀρχὴν
3067 3729 3156 3797 μὲν
3227 3733 3321 3777 τῶν
3391 3727 3800 3797 μυστικωτάτων
3864 3726 4030 3798 λόγων
4095 3734 4189 3780 καὶ

2583 3819 2856 3868 θειοτάτων
2925 3813 3196 3887 συμϐόλων
3254 3814 3326 3884 (8)
3388 3814 3551 3873 αὐτὴν
3617 3813 3811 3872 ἐκείνην
3874 3817 3900 3866 ό
3957 3835 4189 3888 πνευμαο

2581 3909 2725 3966 τικός
2799 3905 3086 3961 ὑποτίθησι
3150 3902 3320 3974 λόγος,
3387 3904 3448 3962 ἦν
3516 3905 3615 3956 εἶτε
3684 3903 3978 3976 ἀνθρωπεία
4037 3909 4192 3977 φύσις

2581 3996 2686 4046 οἷον
2725 4014 2841 4046 τινα
2891 3995 3194 4065 προσφορὰν
3244 3991 3312 4063 έξί
3351 3992 3468 4044 ὅλου
3512 4000 3602 4044 τοῦ
3643 3991 3967 4068 ἀνθρωπίνου
4020 3998 4185 4067 φυρά-

2579 4104 2745 4157 ματος
2795 4087 2969 4156 Κυρίῳ
3008 4091 3080 4152 τῷ
3128 4090 3244 4152 Θεῷ
3288 4084 3432 4154 ἡμῶν
3474 4088 3802 4154 προσήγαγε·
3853 4088 3942 4135 καὶ
3971 4085 3999 4141 ἡ
4044 4104 4186 4158 προ-

2579 4169 2770 4237 φητικῆ
2817 4165 2977 4236 χάρις
3023 4171 3114 4214 τοῦ
3161 4164 3299 4215 θείου
3360 4165 3651 4236 Πνεῦματος
3698 4161 3905 4226 πολλοῖς
3951 4169 4042 4215 καὶ
4072 4184 4188 4216 ποι-

2578 4254 2740 4315 κίλοις
2791 4255 3012 4325 ὀνόμασι
3067 4249 3426 4326 παρεδήλωσε,
3478 4251 3830 4313 καταλλήλους
3871 4261 3933 4324 τῆ
3992 4255 4184 4329 ὑπουρ-

2575 4349 2669 4415 γία
2725 4350 2817 4394 τοῦ
2875 4347 3168 4414 μυστηρίου
3217 4344 3310 4403 τάς
3373 4346 3735 4417 προσηγορίας
3797 4341 4181 4414 ἔπιφημίσασα,

2575 4436 2759 4494 τύποις
2821 4432 2895 4501 (9)
2950 4436 3064 4483 τισὶ
3111 4436 3201 4483 καὶ
3236 4429 3518 4503 συμϐόλοις
3547 4431 4030 4504 προθεωρηθείσας.
4065 4432 4188 4484 Ἀλ-

2576 4561 2634 4615 in
2659 4558 2983 4628 Spicz’legio
3000 4573 3148 4612 rom.
3178 4561 3213 4612 t.
3232 4558 3682 4628 lV,quanquam
3698 4555 3814 4611 ﬁne
3833 4555 4176 4612 multatum.

800 4648 862 4687 se
879 4625 1109 4686 vidisse
1130 4630 1268 4685 divo
1293 4627 1507 4700 Basilio
1529 4625 1893 4700 opusculum
1916 4626 1989 4680 de
2013 4643 2137 4698 quo
2157 4625 2421 4700 loqu-itur
2445 4649 2458 4696 ;
2491 4629 2542 4683 D
2579 4625 2909 4687 Sed—exstat
2928 4630 2988 4683 in
3015 4629 3149 4684 cod.
3205 4630 3328 4683 Vat.
3348 4625 3362 4628 ⁷
3387 4625 3534 4700 79οξ
3554 4627 3594 4682 f.
3641 4626 3838 4695 36-40,
3886 4629 4180 4699 scriptum

799 4704 1017 4758 etenim
1059 4718 1171 4757 nos
1194 4699 1523 4773 quoquein
1547 4697 1683 4773 cod.
1712 4697 1835 4773 _Va_t.
1861 4701 1986 4764 430,
2013 4697 2458 4773 postTh'eodori

796 4779 1115 4830 tractatum
1142 4767 1398 4842 legimus
1430 4769 1468 4824 f.
1506 4770 1600 4822 151
1641 4785 1652 4822 :
1687 4767 1919 4842 titulum
1947 4767 2368 4842 excerptorum
2404 4771 2458 4824 ἐκ

797 4853 889 4906 τῆς
929 4853 1019 4897 τοῦ
1084 4845 1134 4896 έν
1202 4839 1369 4913 ἀγίοις
1417 4843 1630 4914 ⁸Πατρός
1697 4841 1841 4910 ἡμῶν
1907 4839 2178 4892 Βασιλείου
2237 4841 2455 4914 ἀρχιεπ,

800 4921 1116 4988 Καισαρείας
1205 4909 1615 4988 Καππαδοκίας-
1673 4909 2090 4988 μ-υσταγωγικῆς
2176 4909 2457 4972 ἐκκλῇ’σια-

799 4981 1005 5050 στικῆς.
1038 4990 1186 5042 Tum
1227 5001 1369 5040 vero
1403 4985 1462 5038 in
1507 4982 1640 5038 cod.
1680 4984 1799 5053 Vat.
1835 4986 1958 5051 662,
1999 4981 2044 5038 f.
2094 4987 2217 5053 238,
2267 4992 2460 5042 exstat

795 5060 956 5115 idem
981 5075 1136 5130 opus
1158 5057 1336 5130 plane
1366 5057 1668 5130 integrum
1693 5052 1806 5107 sub
1831 5053 2103 5122 ejusdem
2129 5057 2323 5130 Basilii
2352 5074 2459 5113 no-

797 5132 978 5197 mine,
1012 5125 1361 5184 dum-titulo
1413 5147 1424 5184 :
1481 5127 1712 5197 Ἰστορία
1754 5131 2137 5195 μυσταγωγικὴ
2181 5125 2459 5185 ἐκκλησια-

796 5196 972 5262 anxii.
999 5208 1273 5258 Attamen
1299 5198 1443 5255 nihil
1462 5197 1625 5252 aliud
1655 5196 1711 5250 id
1738 5201 1846 5256 est.
1865 5197 1978 5250 nisi
2003 5214 2140 5252 cum
2165 5202 2454 5256 varietati-

791 5275 1120 5346 bus.quam
1137 5271 1430 5346 opusculo
1443 5268 1660 5346 miliud
1683 5285 1708 5320 s
1720 5267 2166 5346 ub_patri_arcbte
2181 5271 2456 5346 Germani

792 5340 1037 5419 nomine
1059 5340 1387 5419 non'semel
1402 5340 1781 5419 vulgatum)”
1802 5340 2098 5419 imprimis
2131 5351 2344 5419 autem
2363 5415 2375 5419 _
2396 5344 2456 5398 in

792 5417 1199 5489 pulcherrima
1227 5413 1545 5489 Parisiensi
1569 5409 1785 5489 Mor_elii
1819 5410 2457 5489 edition_e._Richardus

836 5505 1035 5553 uoque
1062 5487 1365 5544 Simonius
1387 5483 1656 5540 codicem
1682 5482 1863 5550 hujus
1886 5483 2084 5553 operis
2107 5483 2321 5542 habuit
2342 5487 2456 5542 sub

839 5553 994 5638 asilii
1020 5559 1284 5638 uomine,
1309 5562 1373 5613 ut
1394 5555 1563 5638 ait-in
1584 5553 1875 5638 patulogo
1902 5569 1961 5625 p.
1990 5557 2114 5638 2B],
2166 5563 2303 5638 post
2352 5573 2455 5614 no-

791 5637 882 5688 tas
906 5631 987 5689 ad
1017 5630 1352 5688 Gabrielem
1394 5624 2000 5701 Philadelphiensem.
2035 5624 2320 5701 Ejusdem
2359 5645 2458 5701 ge-

791 5641 882 5688 tas
906 5641 987 5689 ad
1017 5641 1352 5688 Gabrielem
1397 5641 1660 5684 rnnaaei
1707 5641 2000 5681 mensem.
2035 5641 2076 5681 is
2106 5641 2320 5686 usaem
2359 5645 2454 5701 ge-

787 5703 950 5761 neris
979 5702 1152 5763 aliud
1176 5699 1540 5775 opusculum
1569 5699 1624 5756 S.
1661 5641 1982 5769 gophronii
2013 5642 2319 5762 edidimus
2339 5716 2454 5760 nos

2576 4701 2776 4758 aliud:
2831 4700 3114 4770 Ἐξὴγησις
3170 4707 3264 4760 τῆς
3296 4701 3462 4770 Ῠθείας
3514 4699 3855 4770 λειτουργίας,
3908 4715 4032 4770 quo
4079 4701 4179 4755 SO-

2577 4771 2813 4846 phronii
2835 4769 3099 4826 defectus
3132 4769 3733 4846 suppleri_utcunque
3763 4769 4020 4846 videtur.

2647 4845 2720 4916 (8)
2751 4845 3159 4916 Sacramenta,
3184 4840 3354 4916 etres
3379 4841 3554 4896 simul
3573 4840 4172 4912 et‘symbolumsunt.

2574 4913 2746 4970 Verbi
2777 4916 2968 4983 gratia
3001 4913 3394 4980 Eucharistia,
3426 4929 3519 4985 res
3550 4918 3639 4968 est
3675 4922 3923 4985 propter
3968 4928 4176 4985 veram

2571 4986 2783 5041 Christi
2816 4986 3233 5056 prtesentiam:
3270 4983 3693 5056 siinulque,rut‘
3716 4983 3805 5039 ait
3835 4983 4178 5054 Critopulus

2570 5060 2631 5113 in
2660 5055 2926 5113 Confess.
2951 5055 3094 5111 eccl.
3123 5071 3256 5126 cap.
3294 5059 3344 5122 9,
3387 5055 3737 5126 symbolum
3767 5063 3860 5116 τῆς
3885 5074 4180 5127 esseman-

2570 5136 2772 5188 τώσεως
2824 5133 2910 5179 καὶ
2971 5125 3338 5200 ἐγκεντρίσεως
3391 5129 3536 5197 ἡμῶν
3603 5131 3731 5198 πρὸς
3774 5130 3861 5178 τόν
3916 5125 4178 5201 ἐνανθρω-

2570 5207 2814 5258 πὴσαντα
2852 5203 2970 5252 Υίὸν
3001 5203 3090 5250 καὶ
3117 5199 3266 5269 λογον
3310 5206 3398 5250 τοῦ
3432 5205 3586 5251 Θεοῦ.

2641 5272 2712 5341 (9)
2745 5270 3171 5326 Priecludendo
3201 5285 3412 5325 eorum
3445 5270 3533 5341 ori
3563 5270 3668 5341 qui
3697 5285 3921 5340 panem
3962 5270 4180 5325 eucha-

2567 5344 2833 5398 risticum
2851 5348 3064 5414 typum
3082 5345 3313 5414 tantum
3328 5357 3432 5396 seu
3447 5340 3705 5414 ﬁguram
3729 5341 4001 5412 corporis
4022 5342 4184 5397 Chri-

2569 5415 2643 5493 sti
2665 5412 3110 5493 blasphemant,
3140 5412 3312 5493 adest
3336 5412 3792 5493 antiquissimus
3817 5417 4179 5493 quoquete-

2568 5487 2671 5542 stis
2693 5483 2946 5557 Cy_rillus
2969 5483 3250 5546 Hierosol,
3297 5485 3359 5539 in
3398 5483 3643 5555 Mystag.
3693 5484 3780 5547 IV,
3814 5483 3884 5557 3::
3919 5483 4001 5536 Ἐν
4032 5487 4178 5556 τύπῳ

2567 5553 2972 5630 ἀρτουόίδοταί
3028 5559 3227 5630 σοι-τό
3278 5553 3462 5628 σῶμαί
3498 5557 3562 5610 in
3604 5553 3748 5627 typo
3787 5554 3871 5626 (id
3923 5553 4179 5630 estspe-

2565 5625 2672 5700 cie)
2684 5630 2864 5700 panis
2873 5628 3062 5685 datur
3072 5627 3185 5701 tibi
3197 5625 3651 5701 corputhaqua
3660 5641 3784 5683 non
3797 5625 4068 5701 corporis
4086 5632 4180 5684 est

2565 5697 2781 5775 ﬁgura,
2791 5715 2900 5760 seu
2921 5699 3174 5774 species,
3191 5697 3370 5776 panis
3389 5703 3482 5757 est
3505 5697 3642 5768 ;sed
3663 5713 3885 5774 corpus
3903 5697 4021 5756 sub
4041 5714 4178 5776 spe-
