4468 6440
300 386 411 444 425

1522 391 2017 453 ΟΟΜΠΕΝΤΛΤΙΟ
2057 395 2443 455 LITURGICA.

3568 406 3674 463 £26

306 509 372 562 λὰ
409 513 477 563 τὰ
525 515 803 585 πρόσφορα
850 517 939 565 καὶ
990 521 1200 587 συμουῆ
1256 516 1487 588 ὀνόματα
1531 525 1593 590 τῇ
1639 518 1907 593 οἰκονομίᾳ
1939 531 1987 585 Α
2015 520 2070 577 in

1939 531 1987 585 Α
2015 520 2347 593 imponere,
2378 520 2460 577 ita
2480 522 2544 577 ut
2572 520 2776 594 ipsum
2806 522 3172 583 vocabulum
3194 529 3435 599 peracta
3453 533 3676 601 myste-

306 602 440 669 πρὸς
511 598 661 671 λόγον
737 607 1058 674 φερωνυμίας
1133 611 1233 656 τῶν
1307 605 1701 679 συντελουμένον
1770 627 1906 681 συμ-

307 685 468 739 ϐόλων
536 696 629 741 τοῦ
693 695 991 762 μυστηρίου
1056 699 1167 755 τοῖς
1234 695 1537 768 θεοκήρυξιν
1598 694 1908 759 ἀποστόλοις

304 782 396 829 καὶ
460 779 612 850 ἱεροῖς
671 782 921 853 Παπράσι
981 783 1324 854 πεφύλακται,
1384 786 1541 859 ἄρτον
1607 785 1762 838 αὑτὸν
1792 786 1909 839 ’ἱπ-

305 869 649 937 ονομοίσασιν,
704 868 955 940 εὐλογίαν,
1019 875 1339 945 προσφορὰν,
1412 872 1683 947 ἁπαρχὴνο
1752 877 1907 949 ἄρτον

305 958 396 1024 μὲν
443 957 579 1023 (10),
629 958 698 1016 ὡς
744 960 831 1009 τόν
858 958 1095 1030 οὐράνιον
1135 962 1309 1033 ἄρτον,
1343 961 1517 1032 αὐτόν,
1577 960 1787 1021 δηλαδή
1820 967 1909 1016 τὸν

305 1047 560 1113 Χριστόν,
618 1052 1046 1121 σωματικώτερον
1094 1051 1150 1100 ὶκ
1212 1058 1313 1101 τῶν
1363 1047 1511 1103 ἰδίων
1559 1053 1792 1124 αἱμοὶτων
1831 1052 1908 1105 αἱ·

307 1132 517 1193 σθητῶς
567 1131 1000 1205 ἁρτοποιησάσης
1049 1146 1147 1199 τῆς
1200 1141 1577 1213 πανὰχροίντου
1626 1145 1905 1194 Θεοτόκου·

307 1219 547 1292 εὐλογίαν
594 1218 654 1274 δε
710 1225 779 1285 ὡς
821 1233 916 1285 τῆ;
972 1224 1097 1298 ἀρᾶς
1147 1236 1244 1280 τῶν
1296 1229 1713 1303 πρωτοπλάστων
1769 1235 1912 1283 αναί-

305 1328 471 1383 ρεσιν·
524 1315 826 1385 προσφορὰν
882 1310 961 1382 δε,
1016 1316 1086 1377 ὡς
1137 1314 1189 1379 ἐξ
1241 1317 1358 1369 ὅλου
1426 1326 1518 1369 τοῦ
1587 1317 1909 1393 ἀνθρωπίνου

309 1400 613 1473 φυράματος
658 1402 771 1453 οἷαν
818 1405 934 1455 τινὰ
981 1410 1277 1477 φιλοτιμίαν
1310 1414 1383 1477 τῷ
1428 1415 1542 1477 Θεῷ
1586 1408 1677 1459 καὶ
1720 1412 1907 1480 κτίστη

311 1486 384 1548 εἰς
425 1490 494 1539 τὰ
532 1487 695 1560 Ἀγια
722 1497 821 1542 τῶν
852 1491 1013 1562 ἁγίων
1042 1496 1507 1566 προσενεχθεῖσαν·
1544 1495 1797 1571 ἀπαρχὴν
1830 1492 1908 1564 δε,

311 1578 381 1636 ὡς
427 1578 631 1628 πάντων
679 1576 1035 1651 ἀπαργμοὶτων
1090 1590 1203 1654 Θεῷ
1250 1588 1729 1658 προσενηνεγμένων
1780 1604 1910 1657 τυγ-

311 1666 583 1735 χάνουσαν
637 1668 905 1743 ἱερωτέραν
961 1675 1052 1722 καὶ
1113 1671 1419 1745 ἁγιωτὲραν.
1476 1676 1680 1731 Ταύτην
1741 1680 1912 1727 τοίνυν

311 1759 407 1811 τὴν
462 1755 695 1826 εὐλογίαν
754 1763 843 1810 καὶ
908 1763 1231 1833 προσφορὰν,
1301 1762 1390 1813 καὶ
1451 1770 1561 1823 τοῖς
1627 1763 1913 1835 εἰρημένοις

313 1843 485 1906 ἄλλοις
538 1844 786 1917 ὀνόμασιν
831 1847 1237 1922 ὀνομαζομένην,
1295 1851 1366 1913 εἱς
1412 1854 1573 1904 τύπον
1633 1861 1724 1914 τῆς
1778 1873 1912 1905 παν-

314 1939 546 2005 υμνήτου
597 1940 855 1989 Θεοτόκου
899 1938 1013 2009 (Η)
1061 1947 1262 2002 πιστῶς
1316 1936 1587 2013 δεχόμεθα
1624 1947 1712 1995 καὶ
1760 1938 1914 2005 δοξά-

319 2022 495 2095 ζομεν.

389 2129 457 2190 ξ’.
496 2131 559 2182 ’Π
590 2132 840 2205 πρόθεσις
888 2129 947 2185 δὲ
984 2142 1081 2196 τῆς
1123 2134 1241 2187 καθ’
1281 2136 1419 2208 ἡμᾶς
1469 2136 1781 2199 Ἐκκλησίας
1810 2138 1915 2191 ἰσο-

315 2215 551 2292 δυναμος
609 2240 802 2293 πεφυκε
855 2228 966 2283 τοῖς
1017 2232 1116 2274 τῶν
1173 2224 1333 2296 ἁγίων
1392 2226 1560 2297 ἁγίοις
1618 2235 1714 2289 τῆς
1764 2234 1917 2280 σκιώ-

317 2302 445 2369 δους
497 2306 739 2383 λατρείας
790 2318 890 2361 τῶν
944 2307 1235 2363 Ἰουδαίων·
1278 2314 1467 2385 μᾶλλον
1518 2311 1578 2367 δε
1624 2315 1754 2368 πολὺ
1797 2319 1919 2368 ταῦ-

313 2411 408 2456 της
463 2397 673 2468 μείζων·
715 2399 747 2455 ἡ
799 2401 898 2473 γὰρ
951 2401 1063 2453 θεία
1122 2402 1376 2476 τράπεζα,
1435 2402 1485 2455 έν
1554 2400 1583 2462 ἦ
1650 2405 1829 2457 θύεταί
1893 2406 1919 2457 ό

310 2486 503 2556 Ἀμνός
547 2487 573 2537 ό
623 2488 782 2559 αἴρων
831 2493 925 2545 την
974 2487 1235 2564 ἁμαρτίαν
1280 2498 1371 2542 τοῦ
1401 2496 1624 2564 κόσμου,
1668 2492 1922 2568 ἁσυγκρι-

314 2591 419 2635 τως
467 2573 606 2627 ἐστὶν
660 2574 957 2650 ὑψηλοτέρα
1006 2586 1101 2639 τῆς
1152 2578 1375 2641 παλαιᾶς
1422 2579 1617 2643 ἐκείνης
1656 2583 1922 2654 τραπέζης

315 2664 439 2715 ὅσον
490 2666 615 2736 πρὸς
663 2663 931 2737 ἁγιασμοῦ
984 2665 1135 2737 λόγον
1184 2672 1274 2720 καὶ
1321 2675 1672 2743 συγχώρησιν
1730 2690 1921 2723 πταισ-

314 2753 495 2824 μάτων
542 2758 650 2814 τοῖς
702 2756 834 2824 μετὰ
884 2759 1111 2817 πίστεως
1157 2760 1246 2808 καὶ
1295 2758 1527 2831 καθαρᾶς
1575 2756 1923 2821 συνειδήσεως

316 2845 764 2915 προσερχομένοις
805 2863 819 2875 ·
898 2842 955 2895 οὗ
1030 2849 1133 2915 μὴν
1200 2848 1331 2920 πρὸς
1402 2849 1680 2922 σύγκρισιν
1742 2848 1863 2909 am
1906 2870 1919 2882 ·

314 2939 509 3002 χρυσῷ
539 2934 641 3005 γὰρ
674 2929 837 2990 ἐκείνη
886 2929 1287 3007 διεκεκόσμητο,
1344 2939 1413 2988 Τό
1468 2933 1528 2989 δὲ
1569 2942 1692 3009 μίαν
1747 2938 1925 3000 αὐτοῖς

315 3020 546 3094 ὡρίσθαι
596 3021 880 3094 τράπεζαν,
933 3027 1023 3074 καὶ
1074 3022 1153 3094 ἐφ’
1182 3024 1256 3095 ἐφ’
1285 3024 1357 3077 ἑνὶ
1389 3028 1584 3083 ταύτην
1609 3030 1752 3099 τόπῳ
1782 3046 1923 3102 περι-

2014 608 2086 667 rii
2116 608 2400 682 symbola
2428 610 2669 681 proprie
2699 611 3033 684 denotaret,
3058 614 3138 686 id,
3162 615 3439 689 inquam,
3457 616 3676 673 divinis

2016 696 2397 769 prmconibus
2452 698 2761 768 apostolis,
2821 702 3166 776 sanctisque
3220 704 3484 760 Patribus
3515 720 3675 761 cura:

2015 784 2144 842 fuit.
2178 789 2381 859 Itaque
2434 786 2816 859 appellarunt
2867 806 3111 863 panem,
3171 792 3676 864 benedictionem,

2016 874 2405 948 oblationem,
2454 877 2781 949 primitias:
2821 895 3044 953 panem
3088 881 3355 954 quidem,
3387 886 3678 955 tanquam

2017 963 2313 1019 caelestem
2352 980 2593 1036 panem,
2628 964 2830 1037 ipsum
2885 968 3155 1025 videlicet
3185 969 3505 1039 Christum,
3538 970 3680 1025 soli-

2018 1051 2154 1108 dius
2200 1068 2273 1108 ex
2320 1054 2582 1125 propriis
2625 1056 3025 1125 sanguinibus
3058 1058 3413 1115 sensibiliter
3443 1059 3680 1115 confec-

2018 1142 2147 1195 tum
2177 1139 2256 1196 ab
2294 1141 2683 1199 immaculata
2741 1142 2994 1217 Deipara
3019 1162 3031 1211 ;
3059 1145 3563 1216 benedictionem,
3596 1152 3685 1203 ut-

2020 1233 2159 1302 pote
2188 1230 2627 1288 maledictionis
2659 1233 2868 1305 primis
2920 1236 3132 1292 creatis
3161 1236 3513 1293 hominibus
3572 1238 3684 1293 im-

2019 1323 2210 1392 pactus
2257 1321 2752 1394 exstinctionem;
2809 1324 3206 1395 oblationem,
3266 1331 3561 1399 tanquam
3597 1342 3676 1383 .ex

2020 1408 2300 1464 universa
2313 1409 2583 1467 humana
2596 1426 2805 1469 massa
2818 1428 3041 1469 munus
3058 1413 3369 1486 quoddam
3386 1417 3503 1471 Deo
3525 1430 3689 1471 crea-

2021 1495 2137 1551 tori
2163 1495 2241 1553 ad
2274 1501 2487 1555 sancta
2516 1503 2867 1556 sanctorum
2923 1501 3191 1558 delatum
3223 1521 3237 1571 ;
3267 1503 3558 1575 primitias
3589 1503 3688 1559 de-

2021 1585 2225 1657 nique,
2294 1590 2587 1660 tanquam
2662 1591 2937 1646 omnium
3001 1592 3497 1663 primigeniorum
3568 1595 3685 1648 Deo

2024 1672 2365 1731 oblatorum
2418 1692 2546 1732 rem
2600 1678 3080 1737 sacratissimam
3115 1685 3171 1736 et
3208 1680 3688 1737 sanctissimam-

2022 1764 2189 1819 Hanc
2212 1764 2390 1833 igitur
2413 1764 2897 1823 benedictionem
2936 1769 3184 1837 dictam,
3227 1774 3410 1842 atque
3440 1769 3686 1827 oblatio.

2023 1868 2184 1919 nem,
2217 1852 2469 1925 aliisque
2496 1855 2856 1926 supradictis
2904 1858 3255 1914 nominibus
3298 1858 3687 1931 appellatam,

2024 1942 2297 2011 angustis
2330 1942 2655 1999 exhibitam
2690 1945 2950 2017 templis,
2984 1952 3041 2003 et
3090 1947 3382 2020 prothesi,
3416 1952 3481 2004 ut
3529 1947 3692 2004 voci-

2024 2034 2225 2086 tamus
2252 2031 2619 2103 impositam,
2648 2049 2758 2090 ceu
2788 2034 3044 2104 ﬁguram
3084 2036 3523 2093 laudatissima:
3560 2038 3693 2094 Dci-

2025 2135 2209 2191 parre,
2244 2120 2496 2177 fideliter
2524 2122 2891 2195 suscipimus
2920 2129 2977 2181 et
3006 2126 3402 2183 honoramus.

2098 2214 2150 2263 7.
2176 2211 2401 2265 Nostrae
2433 2214 2636 2267 autem
2684 2212 2957 2269 Ecclesiae
2989 2216 3288 2286 prothesis
3343 2215 3473 2287 pari
3498 2215 3695 2287 digni-

2029 2302 2144 2355 tate
2170 2304 2259 2354 est
2305 2303 2485 2372 atque
2542 2306 2751 2358 sancta
2808 2306 3157 2359 sanctorum
3211 2304 3548 2361 umbratilis
3601 2306 3699 2363 Ju-

2028 2386 2302 2443 daeorum
2331 2388 2548 2459 cultus,
2578 2389 2703 2445 imo
2717 2405 2857 2446 vero
2878 2390 2971 2445 his
2999 2392 3287 2465 superior.
3322 2396 3473 2449 Nam
3493 2393 3700 2449 divina

2030 2491 2263 2543 mensa,
2276 2477 2337 2532 in
2351 2493 2473 2549 qua
2486 2477 2835 2535 immolatur
2848 2480 3077 2550 Agnus,
3096 2483 3200 2553 qui
3218 2480 3366 2537 tollit
3384 2485 3701 2554 peccatum

2030 2564 2262 2632 mundi,
2317 2566 2871 2639 incomparabiliter
2896 2569 3211 2626 sublimior
3240 2575 3329 2627 est
3357 2586 3569 2629 mensa
3600 2570 3702 2626 illa

2030 2658 2247 2725 vetere,
2273 2660 2516 2727 propter
2533 2657 2863 2713 sanctitatis
2884 2657 3201 2727 rationem,
3232 2664 3289 2716 et
3311 2664 3701 2733 peccatorum

2031 2744 2470 2813 remissionem,
2501 2760 2690 2817 quam
2716 2746 2789 2801 iis
2820 2746 3048 2803 confert
3075 2750 3180 2820 qui
3207 2765 3343 2805 cum
3376 2748 3496 2805 ﬁde
3516 2765 3700 2821 pura-

2034 2848 2152 2904 que
2195 2834 2563 2890 conscientia
2592 2834 2905 2891 accedunt.
2932 2839 3135 2908 Neque
3200 2842 3401 2893 tamen
3435 2838 3702 2894 materia:

2033 2921 2314 2977 facienda
2344 2926 2433 2979 est
2486 2924 2900 2996 comparatio;
2934 2924 3037 2981 illa
3095 2926 3319 2998 quippe
3381 2942 3529 2982 auro
3585 2931 3710 2982 tota

2035 3015 2325 3068 exornata
2354 3016 2499 3067 erat.
2520 3013 2695 3078 Quod
2713 3018 2915 3071 autem
2939 3030 3058 3071 una
3086 3015 3198 3070 illis
3216 3015 3513 3088 praeﬁnita
3534 3015 3712 3071 fuerit

314 3116 561 3183 γραπτῶς
636 3106 765 3161 εἶναι
840 3112 1271 3182 νομοθετεῖσθαι,
1351 3111 1587 3185 ἀλλαχοῦ
1665 3111 1724 3168 δὲ
1799 3100 1998 3188 μητεΟ
2036 3116 2078 3155 Π

1959 3124 1998 3178 C
2036 3116 2267 3167 mensa,
2300 3105 2361 3156 et
2385 3100 2634 3173 quidem
2665 3118 2787 3157 uno
2818 3103 2879 3158 in
2906 3102 3039 3159 loco
3072 3103 3488 3160 circumscribi
3510 3105 3704 3175 jussa,

320 3198 703 3269 θυσιαστήριον
778 3201 1083 3269 πήγνυσθαι
1162 3198 1572 3277 ἀπαγορεῦσαι,
1652 3199 1734 3278 ἆρ’
1800 3204 1928 3277 οὐχὶ

320 3290 479 3357 σαφές
531 3284 641 3338 ἐστι
692 3291 970 3363 γνώρισμα
1021 3295 1113 3341 τοῦ
1162 3294 1251 3343 καὶ
1315 3293 1510 3349 ταύτην
1577 3297 1667 3344 καὶ
1734 3296 1824 3355 τὰς
1879 3293 1927 3345 ἓν

318 3375 453 3447 αὐτῇ
499 3374 805 3448 τελουμένας
848 3379 1039 3441 θυσίας
1090 3387 1257 3451 καιρῷ
1298 3388 1372 3451 τῷ
1429 3386 1749 3454 προσήκοντι
1793 3402 1929 3435 παν-

318 3463 473 3526 τελῶς
532 3463 821 3537 ἀφανίσας
890 3466 969 3519 Ἐν
1035 3470 1126 3540 μὲν
1190 3470 1289 3542 γὰρ
1358 3467 1549 3542 ἀρχαῖς
1616 3479 1676 3543 τῇ
1746 3478 1925 3545 γνώμῃ

318 3562 422 3605 τῶν
480 3556 893 3629 γαστριμάργων
945 3561 1035 3608 καὶ
1086 3560 1411 3629 παχυτάτων
1471 3557 1745 3613 Ἰουδαίων
1799 3580 1930 3633 συγ-

320 3646 538 3712 κατιὼν,
612 3643 917 3707 Ἑλληνικῶς
995 3643 1266 3698 ἐθελόντων
1343 3645 1513 3719 βιοῦν,
1589 3657 1930 3724 συνεχώρησε

318 3734 414 3793 τὰς
464 3734 651 3795 θυσίας
702 3732 780 3785 ἐπ’
836 3732 1052 3807 ὀνόματι
1109 3740 1247 3807 μόνῳ
1297 3745 1393 3797 τῆς
1442 3740 1602 3790 αὑτοῦ
1635 3746 1769 3791 Θεοῦ
1799 3741 1930 3810 ἀγα-

322 3823 538 3882 θότητος
585 3824 781 3883 ταύτας
828 3825 1123 3898 καθιεροῦν,
1178 3825 1239 3876 ἶν’
1288 3828 1338 3877 ὲν
1376 3836 1543 3900 καιρῷ
1589 3837 1679 3888 τῆς
1709 3847 1932 3901 χριστο-

318 3916 527 3973 κτονίας
596 3909 781 3965 ἐκεῖθεν
848 3912 1183 3976 ἀπελαθέντες
1250 3910 1495 3987 οὐδαμῶς
1559 3918 1729 3987 ἔχοιεν
1796 3919 1931 3990 πάρ-

317 3997 443 4053 οδον
486 3999 534 4051 ἓν
581 4000 735 4077 ἑτέρῳ
785 4006 928 4074 τόπῳ
973 4011 1143 4056 ταῦτα
1201 4000 1352 4079 δρᾷν,
1399 4014 1473 4076 τῷ
1534 4015 1674 4079 σφῶν
1733 4008 1929 4060 κωλυό-

314 4109 461 4163 μενοι
539 4095 725 4164 νόμῳο
802 4090 1074 4146 κάντεῦθεν
1153 4091 1388 4147 ἐκποδών
1469 4099 1685 4166 γένηται
1745 4102 1835 4149 καὶ
1898 4100 1925 4156 ἡ

315 4189 406 4268 cie
462 4189 663 4261 panis.
684 4190 912 4268 _Pergit
937 4191 1187 4268 Cyrillus
1214 4192 1443 4249 dicere:
1474 4199 1559 4253 Μὴ
1594 4198 1930 4268 πρόσεχεᾷώς

313 4260 493 4330 ψιλοῖς
548 4270 619 4332 τῷ
666 4262 807 4335 ἄρτῳ
856 4269 944 4314 και
980 4260 1071 4315 ’τῶ
1131 4265 1269 4335 οῖνῳ·
1326 4273 1477 4337 σῶμα
1505 4260 1930 4339 γὰρ’καίηαῖμα

316 4340 555 4405 Χριστοῦ
608 4337 746 4385 κατὰ
808 4338 903 4391 τὴν
971 4341 1291 4393 Δεσποτικήν
1352 4337 1608 4408 τυγχάνει
1644 4337 1924 4411 ἀπόφασιν.

311 4403 449 4479 Jam
471 4410 535 4459 ut
555 4403 1271 4479 longinquiorisquoque
1296 4403 1556 4464 nationis
1585 4403 1931 4467 testimonia

313 4474 546 4553 aliquot
565 4474 838 4553 inaudita
875 4474 1468 4553 nobis—accersamus,
1494 4480 1665 4537 adest
1685 4483 1927 4553 sapiens

312 4546 846 4624 illeﬁfrmeniorum
864 4551 1188 4624 episcopus
1206 4552 1415 4624 Nerses
1437 4546 1575 4607 Lam
1584 4546 1926 4624 prunénsis,

312 4618 421 4689 qui
449 4617 511 4672 in
538 4617 1006 4695 saci‘ae'liturgiie
1046 4617 1489 4695 explanatione,
1550 4617 1744 4695 p'atrio
1802 4617 1925 4680 ser;

311 4704 497 4744 mone
535 4690 1162 4764 conscripta.’p._16f,
1218 4690 1435 4749 diserte
1486 4690 1593 4749 ait:
1626 4696 1813 4751 Panis
1859 4698 1928 4764 ﬁt

312 4774 530 4829 corpus
567 4761 807 4835 Christi.
840 4761 1118 4818 Similiter
1171 4777 1233 4833 p.
1275 4768 1378 4835 389
1410 4781 1421 4817 :
1456 4766 1691 4835 Spiritu
1724 4761 1927 4823 sancto

310 4838 619 4910 cperaute,
651 4832 726 4889 de
746 4848 908 4910 pane
934 4835 1003 4903 ﬁt
1021 4832 1237 4910 corpus
1263 4832 1511 4891 Christi;
1534 4838 1676 4893 Item
1699 4841 1885 4910 p.397
1909 4857 1921 4894 :

310 4904 575 4977 Materia
594 4907 890 4961 exanimis
920 4904 1141 4977 (panis)
1164 4908 1348 4962 vitam
1367 4912 1621 4976 suscepit
1649 4927 1661 4964 :
1697 4904 1926 4967 anima—

311 4981 439 5031 tum
470 4975 690 5045 idfuit,
722 4978 822 5032 cui
850 4975 1057 5033 deerat
1071 4975 1320 5047 spiritus
1346 4975 1925 5048 ;sym60tuminrem

310 5061 663 5103 conversum
690 5054 811 5104 est:
852 5050 1071 5117 species
1092 5051 1357 5117 corporis
1382 5050 1631 5117 Christi,
1655 5053 1926 5109 substan-

309 5119 545 5175 tialiter
582 5123 824 5175 omnino
863 5120 1089 5176 Christi
1118 5136 1333 5191 corpus
1365 5123 1575 5191 effecta
1621 5129 1725 5180 est.
1762 5124 1928 5179 Deni-

358 5205 430 5271 ue
467 5205 527 5271 ρ.
571 5193 708 5271 468_:
737 5193 860 5271 Per_
906 5192 1231 5271 sacerdotis
1271 5197 1600 5271 orationem
1628 5196 1927 5271 descendit

304 5207 430 5318 gue
467 5207 527 5271 p.
571 5207 708 5246 sou:
737 5207 846 5247 rer
906 5207 1231 5273 sacerdotis
1271 5207 1600 5251 orationem
1628 5207 1927 5276 aescendit

311 5333 318 5335 Α
350 5264 573 5335 piratas
600 5263 681 5318 ad
698 5265 949 5335 speciem
970 5266 1194 5335 (panis)
1220 5266 1665 5331 viviﬁcandum.
1700 5267 1927 5331 Quibus

306 5333 369 5389 in
399 5332 545 5388 locis
575 5334 887 5409 quomodo
906 5332 1046 5407 pars
1072 5332 1283 5409 aliqua
1306 5336 1696 5409 dubitationis
1727 5344 1924 5409 restet,

304 5419 557 5482 prorsus
598 5422 758 5482 non_
777 5406 964 5482 video
1028 5408 1118 5482 _Et
1148 5406 1395 5482 _dise_rte
1450 5408 1612 5482 alibi,
1670 5414 1734 5465 ut
1771 5406 1926 5482 per;

306 5476 461 5546 gunt
492 5477 688 5533 dicere
719 5476 835 5533 RR.
888 5481 997 5553 PP.
1026 5478 1434 5553 Mechjtaristee
1499 5480 1560 5535 in
1633 5476 1928 5553 Apologia

351 5565 417 5605 ro
457 5554 718 5617 Nersete,
757 5548 1101 5605 venerabile
1165 5549 1393 5620 dogma
1450 5548 1741 5608 veraciter
1807 5548 1925 5610 tra-

350 5623 411 5678 it.
437 5621 857 5703 Nimirum,_p.
892 5622 1018 5703 158_,
1038 5620 1313 5703 pluribus
1352 5622 1553 5703 verbis
1576 5624 1927 5703 asseritnon

300 5693 568 5767 ﬁguram
590 5693 808 5751 Christi
830 5709 959 5750 esse
972 5693 1427 5768 Eucharistiam,
1442 5696 1549 5753 sed
1570 5695 1774 5770 ipsum
1794 5698 1929 5771 ejus

628 5822 876 5879 PATBOL.
916 5818 1021 5879 Gn.
1058 5819 1223 5885 CXL.

2038 3188 2181 3245 alibi
2208 3204 2352 3245 vero
2382 3205 2578 3262 neque
2610 3206 2891 3247 mensam
2922 3207 3118 3264 neque
3151 3192 3339 3249 altare
3370 3193 3550 3250 statui
3576 3208 3711 3265 per-

2039 3280 2317 3346 missum,
2345 3295 2545 3336 nonne
2584 3281 2971 3337 manifestum
3034 3282 3325 3339 indicium
3379 3287 3524 3349 erat,
3582 3288 3711 3339 tum

2037 3369 2217 3436 hanc,
2248 3373 2378 3424 tum
2407 3369 2753 3427 immolatus
2783 3370 2866 3426 ibi
2920 3370 3213 3439 victimas,
3262 3387 3532 3443 congruo
3566 3376 3712 3428 tem-

2039 3474 2184 3531 pore
2208 3474 2455 3531 prorsus
2497 3458 2879 3531 antiquatum
2904 3459 2975 3515 iri
3004 3462 3030 3516 ?
3063 3466 3123 3517 Et
3152 3461 3297 3518 olim
3328 3461 3577 3534 quidem
3608 3478 3711 3519 vo-

2038 3548 2249 3605 luntati
2280 3548 2598 3619 indulgens
2666 3549 3023 3621 gulosorum
3073 3551 3559 3624 crassiorumque
3616 3555 3713 3608 Ju-

2039 3638 2335 3703 dasorum,
2368 3637 2607 3694 ethnico
2632 3654 2799 3695 more
2830 3639 3030 3695 vivere
3088 3640 3443 3710 volentium,
3478 3640 3609 3696 sivit
3648 3645 3713 3697 ut

2039 3726 2317 3782 victimas
2344 3726 2577 3781 nomini
2606 3730 2843 3782 tantum
2872 3726 3163 3783 bonitatis
3197 3729 3299 3785 Dei
3324 3729 3515 3801 ipsius
3535 3728 3713 3785 sacri-

2040 3816 2415 3882 ﬁcarent;ut
2466 3815 2705 3870 deicidii
2737 3820 3007 3888 tempore
3064 3818 3260 3889 patria
3320 3818 3573 3891 expulsi,
3609 3834 3710 3875 co-

2041 3908 2207 3979 piam
2229 3905 2478 3961 minime
2499 3904 2808 3974 haberent,
2847 3906 2964 3962 alio
2990 3907 3051 3962 in
3082 3907 3217 3964 loco
3248 3908 3360 3964 hos
3390 3909 3539 3964 ritus
3570 3925 3708 3981 per-

2042 3995 2282 4067 agendi,
2314 3994 2560 4066 propria
2600 3994 2875 4051 videlicet
2904 3996 3302 4067 ipsorummet
3357 3996 3487 4069 lege
3534 3998 3714 4054 inter-

2042 4085 2218 4142 dicti:
2283 4089 2462 4155 atque
2492 4083 2573 4139 ita
2648 4083 2781 4139 talis
2846 4084 3041 4140 cultus
3098 4086 3393 4142 memoria
3461 4103 3707 4159 quoque

2041 4176 2403 4232 aboleretur.
2468 4175 2631 4230 Certe
2684 4174 2799 4230 nisi
2850 4190 2925 4231 ex
2955 4191 3121 4232 mera
3179 4192 3325 4248 erga
3357 4177 3707 4235 Judaeorum

2043 4352 2262 4409 corpus
2280 4334 2748 4409 etsanguinem.
2768 4337 2835 4409 Et
2860 4351 3021 4401 mox,
3048 4352 3106 4408 p.
3128 4337 3443 4409 7160,negat
3461 4339 3705 4409 symbo-

2039 4406 2166 4465 luni
2193 4408 2292 4462 Dei
2326 4422 2457 4480 esse
2486 4421 2707 4480 panem
2742 4406 2827 4477 (id
2850 4406 3239 4480 estspeciem
3259 4406 3459 4480 panis)
3492 4406 3593 4465 sed
3623 4412 3706 4466 ibi

2041 4477 2759 4552 corporis‘substantiam
2805 4477 3095 4534 contineri
3143 4477 3505 4552 propugnat.
3560 4485 3704 4538 item

2040 4548 2372 4625 perspicuis
2385 4548 2883 4625 verbis‘adﬁrmat
2900 4552 3079 4605 etiam
3094 4548 3225 4622 pp.1
3242 4548 3331 4625 30,
3348 4548 3534 4625 1764,35
3551 4556 3563 4606 l
3580 4557 3697 4617 .361

2040 4621 2219 4695 atque
2243 4627 2531 4695 utnoster
2562 4621 2961 4695 Hieronymus
2986 4621 3297 4693 ep.146.ad
3321 4624 3702 4680 sacerdotum

2039 4692 2248 4767 preces
2270 4694 2351 4747 ait
2370 4692 2586 4767 Christi
2609 4708 2828 4767 corpus
2850 4692 3329 4767 sanguinemque
3357 4696 3594 4763 confici,
3620 4697 3704 4751 sic

2040 4762 2097 4822 et
2117 4770 2350 4838 Nerses,
2374 4766 2551 4838 p._45,
2568 4762 2947 4818 sacerdotum
2970 4762 3324 4833 dignitatem
3348 4762 3708 4838 suspicit,(li-

2038 4837 2271 4907 rigendi
2301 4835 2585 4907 Spiritum
2614 4839 2911 4907 sanctum,
2939 4840 2994 4890 et
3045 4838 3356 4893 materiam
3407 4835 3474 4892 iri
3517 4840 3704 4895 Deum

2038 4906 2451 4965 consecrandi.
2485 4906 2749 4980 Denique
2779 4907 3041 4962 Armenii
3084 4908 3146 4963 in
3175 4908 3408 4980 hymno
3437 4910 3705 4966 euchari-

2038 4982 2186 5036 stico
2217 4984 2475 5035 canunt:
2509 4979 2625 5035 Hic
2655 4979 2832 5047 panis
2856 4984 2939 5033 est
2965 4979 3329 5049 corpusJesu
3351 4981 3596 5037 Christi.
3624 4986 3703 5038 De

2038 5053 2152 5109 hoc
2192 5054 2585 5123 sacramento
2617 5050 2932 5123 praeclare
2969 5051 3147 5105 etiam
3205 5053 3544 5123 Stephanus
3614 5056 3703 5110 Al-

2038 5124 2280 5179 doensis
2310 5120 2654 5194 patriarcha
2712 5120 3140 5194 Maronitarum
3165 5123 3223 5178 in
3257 5120 3703 5182 Commentario

2038 5196 2112 5251 de
2145 5192 2354 5259 Missa,
2385 5193 2713 5265 quemjam
2741 5196 2896 5265 retro
2926 5192 3331 5251 laudavimus.

2110 5268 2225 5338 (10)
2254 5264 2460 5319 Petrus
2514 5264 2788 5338 Damiani
2840 5280 2941 5335 op.
2994 5266 3091 5323 cit.
3120 5282 3178 5320 n.
3209 5272 3275 5321 ‘2:
3310 5268 3441 5324 Iden
3485 5284 3702 5337 panem

2038 5342 2093 5394 et
2124 5342 2330 5393 vinum
2362 5338 2425 5410 in
2462 5337 2819 5410 sacriﬁcium
2877 5340 3141 5405 corporis
3173 5344 3228 5394 (ι
3265 5343 3579 5410 sanguinis
3610 5343 3707 5395 sui

2039 5411 2316 5465 Christus
2348 5409 2625 5475 instituit,
2661 5408 2819 5479 quod
2844 5410 3138 5478 sicutprre
3164 5408 3393 5466 caeteris
3418 5414 3560 5466 cibis
3582 5430 3705 5468 cor-

2034 5481 2550 5553 poralibuspanis
2581 5485 2634 5535 et
2691 5481 2895 5535 vinum
2924 5484 3216 5549 re/icmnt,
3254 5486 3335 5538 ita
3401 5500 3618 5553 rorpus
3650 5493 3705 5541 et

2038 5554 2286 5624 sanguis
2308 5551 2526 5625 Christi
2549 5553 2941 5625 praepceteris
2981 5554 3120 5609 cibis
3167 5562 3219 5610 et
3259 5551 3707 5625 potibus'spiri-

2038 5622 2303 5701 tualibus
2324 5624 2666 5701 iuterinrem
2689 5622 2983 5701 hominem
3012 5622 3287 5696 reﬁciunt
3310 5633 3364 5685 ct
3395 5622 3704 5701 sagiriant.

2110 5698 2217 5770 (11)
2242 5695 2456 5755 Confer
2482 5694 2661 5769 infra,
2692 5709 2755 5755 n.
2788 5699 2838 5757 9.

3310 5829 3380 5885 14
