4468 6440
848 409 960 469 ‘27

2122 423 2480 482 THEODORI
2516 421 2938 484 ANDIDENSIS

4107 434 4228 489 428

845 538 1257 597 inﬁrmitatem
1284 541 1657 614 indulgentia
1717 547 1872 600 Deus
1892 543 2005 601 illis
2079 547 2371 604 sacriﬁcia
2426 548 2510 603 in-
2539 552 2587 603 Α

2459 562 2510 603 n-
2539 552 2587 603 Α
2623 552 2802 620 μνήμη
2852 557 2944 610 τῆς
2985 553 3234 611 τοιαύτης
3281 551 3540 625 λατρείας·
3604 555 3648 606 εἰ
3695 555 3797 626 γὰρ
3844 558 3916 626 μή
3965 569 4223 626 συγκατα·

846 626 1116 697 dixisset,
1147 629 1298 702 quid
1327 647 1530 688 causai
1559 636 1708 698 erat,
1732 635 2061 706 quominus
2080 635 2142 690 in
2155 635 2510 694 universum

843 720 1140 774 terrarum
1181 719 1391 776 orbem
1420 720 1680 778 diffundi
1744 738 1817 779 ea
1831 722 2212 790 decrevisset,
2244 740 2417 796 teque
2437 740 2509 780 ac

842 804 964 871 illa,
991 822 1129 878 quae
1145 822 1254 880 per
1267 809 1760 881 praedicationem
1785 811 2221 882 apostolorum,
2255 813 2506 885 jubente

842 895 963 951 Deo
991 895 1261 953 instituta
1316 903 1475 962 sunt,
1534 915 1673 971 quas
1732 898 1841 954 soli
1873 905 1930 955 et
1981 900 2124 966 aeri,
2157 901 2504 974 caaterisque

839 985 1054 1041 mundi
1083 987 1393 1043 ornatibus
1424 988 1833 1045 assimilantur
1853 990 1882 1043 ?
1913 990 2047 1058 Sed,
2111 994 2176 1045 ut
2213 990 2499 1057 diximus,

840 1072 1186 1130 Iudaeorum
1217 1075 1512 1133 sacriﬁcia
1533 1076 2044 1133 condescensione
2077 1079 2176 1134 Dei
2208 1078 2504 1149 permissa

838 1159 1099 1219 fuerunt.
1151 1164 1381 1220 Etenim
1428 1165 1577 1220 dum
1632 1166 1762 1221 hac
1793 1165 1992 1221 adhuc
2034 1167 2500 1239 peragebantur,

835 1251 1051 1307 millies
1077 1252 1281 1308 divino
1303 1253 1520 1325 Spiritu
1547 1270 1656 1326 per
1687 1254 2014 1326 prophetas
2062 1255 2364 1327 loquente,
2413 1272 2502 1312 re-

833 1344 1218 1406 cusatasunt,
1267 1341 1793 1412 quemadmodum
1851 1343 2032 1398 Isaias
2098 1343 2255 1398 ait:«
2299 1346 2354 1401 Si
2384 1344 2501 1401 aﬁ‘e

831 1428 979 1484 ratis
1000 1429 1080 1485 ad
1104 1445 1201 1484 me
1223 1429 1504 1500 similam,
1529 1445 1690 1486 vana
1710 1435 1798 1486 est
1825 1430 2068 1500 oblatio,
2103 1432 2498 1497 abominatio,

829 1517 1125 1590 inquiam,
1171 1519 1315 1574 mihi
1362 1522 1472 1574 est.
1510 1518 1651 1584 Quis
1706 1519 1868 1574 enim
1923 1519 2054 1574 hinc
2101 1521 2177 1576 de
2216 1521 2498 1576 manibus

828 1607 1042 1662 vestris
1065 1606 1381 1679 exquisivit
1399 1609 1422 1642 ³
1441 1608 1470 1662 ?
1501 1627 1530 1656 »
1561 1607 1752 1662 David
1803 1613 2006 1664 autem
2035 1625 2048 1662 :
2072 1629 2100 1657 »
2129 1612 2282 1664 Num
2320 1625 2495 1665 man-

827 1695 1070 1752 ducabo
1099 1711 1311 1752 carnes
1339 1699 1674 1758 taurorum,
1703 1700 1761 1752 et
1789 1697 2149 1766 sanguinem
2187 1698 2494 1756 hircorum

825 1783 1120 1857 potabo‘?
1149 1805 1176 1834 ››
1207 1786 1273 1839 Ει
1296 1784 1476 1840 alibi:
1514 1806 1535 1834 ‹
1601 1783 1970 1874 Sacriﬁcium
2030 1791 2087 1874 et
2125 1785 2494 1844 oblationem
2521 1820 2563 1874 Β

825 1872 1088 1937 noluisti,
1151 1888 1369 1944 corpus
1424 1877 1627 1928 autem
1673 1873 1896 1944 aptasti
1948 1873 2168 1929 mihi‘.
2206 1896 2234 1924 »
2261 1875 2492 1940 Quibus

820 1961 1015 2018 verbis
1046 1961 1362 2033 Propheta,
1396 1961 1608 2018 Christi
1657 1961 1758 2017 Dei
1823 1963 2033 2032 nostri,
2090 1968 2228 2018 ante
2267 1969 2491 2019 veteres

824 2051 1240 2122 generationes
1267 2049 1627 2122 dispositum
1658 2049 2089 2106 incarnationis
2133 2052 2488 2122 mysterium

822 2139 1090 2196 denotat.
1126 2138 1444 2204 Quomodo
1470 2137 1649 2208 igitur
1672 2143 1810 2210 post
1842 2153 2014 2194 novae
2043 2141 2246 2208 gratiae
2261 2140 2487 2196 adven-

821 2233 977 2296 tum,
1043 2229 1363 2300 vestigium
1412 2226 1660 2300 aliquod
1709 2232 1976 2284 veterum
2027 2229 2482 2296 sacriﬁciorum,

819 2318 1168 2390 quicunque
1197 2317 1414 2373 mentis
1445 2321 1536 2372 est
1569 2316 2012 2387 compos,dicat
2064 2317 2437 2388 superfuisse
2458 2319 2486 2373 ?

823 2407 937 2464 Sed
969 2407 1096 2463 hinc
1118 2406 1412 2462 hactenus
1434 2404 1509 2460 de
1535 2404 1823 2476 legalium
1836 2405 2272 2462 sacriﬁciorum
2291 2422 2483 2463 cessa-

816 2496 979 2553 tione
1005 2495 1098 2552 vel
1123 2495 1458 2567 abjectione
1487 2500 1544 2550 et
1571 2495 1778 2550 vetito.

889 2589 946 2641 8.
1006 2586 1122 2643 Sed
1169 2585 1422 2641 fortasse
1468 2583 1625 2640 dicet
1683 2585 1899 2658 aliquis
1955 2602 2029 2642 ex
2071 2586 2476 2642 adversariis:

816 2677 952 2743 Vos,
980 2691 1053 2731 ex
1073 2674 1296 2747 quibus
1325 2673 1758 2746 prophetarum
1770 2674 2240 2730 indicationibus
2256 2691 2479 2748 panem

813 2765 1144 2837 vinumque
1165 2779 1277 2820 ceu
1305 2769 1521 2836 typum
1541 2763 1809 2835 corporis
1829 2779 1900 2819 ac
1930 2765 2240 2834 sanguinis
2267 2766 2479 2822 Christi

815 2853 1029 2910 offerre
1083 2853 1372 2909 didicistis
1402 2853 1430 2907 ?
1460 2852 1526 2906 In
1552 2852 1766 2923 primis
1803 2853 1984 2924 igitur
2011 2855 2476 2925 respondemus,

814 2943 1028 3001 Christi
1054 2943 1174 3009 Dei,
1205 2943 1312 3015 qui
1359 2946 1450 2997 est
1477 2941 1612 3013 ipsa
1652 2941 1892 3009 veritas,
1934 2943 2091 2998 facta
2120 2947 2178 2998 et
2205 2944 2477 3000 traditio-

813 3049 922 3090 nes
947 3033 1253 3088 neminem
1296 3046 1478 3103 posse
1518 3031 1773 3086 scrutari
1815 3048 1828 3084 :
1863 3052 1890 3079 «
1923 3030 2046 3086 Hoc
2085 3032 2248 3087 enim
2278 3032 2474 3102 facite,

812 3123 1007 3195 inquit
1036 3123 1122 3195 (ut
1151 3121 1353 3176 denuo
1385 3119 1606 3189 dicam)
1636 3119 1698 3174 in
1726 3135 1928 3175 meam
1941 3124 2472 3178 commemoratio-
2503 3159 2542 3212 Ο

810 3227 972 3267 nem.
1012 3233 1040 3260 »
1066 3209 1240 3276 Quod
1289 3209 1341 3263 si
1371 3208 1754 3280 propheticas
1812 3208 1889 3263 de
1930 3209 2024 3264 his
2053 3210 2473 3281 praedictiones

809 3300 1052 3372 quaeris,
1085 3298 1229 3354 audi
1253 3297 1445 3352 virum
1457 3296 1766 3368 prophetas
1787 3297 1969 3352 simul
1978 3298 2258 3371 regisque
2270 3306 2472 3356 aucto-

811 3387 1388 3445 ritatemhabentem
1417 3403 1431 3451 ;
1461 3386 1586 3441 imo
1612 3401 1756 3441 vero
1788 3386 1990 3457 ipsum
2017 3386 2317 3442 caelestem
2362 3391 2473 3445 Pa-

812 3483 987 3550 trem,
1021 3478 1221 3549 genito
1246 3475 1326 3532 ab
1357 3491 1419 3530 se
1467 3479 1605 3530 ante
1645 3473 1962 3531 luciferum
2016 3475 2394 3534 ineﬂ‘abiliter
2417 3483 2474 3534 et

813 3566 1263 3640 impassibiliter
1334 3563 1470 3620 Filio
1534 3563 1873 3619 dicentem:
1910 3585 1938 3612 «
1987 3565 2219 3620 Juravit
2268 3567 2472 3622 Domi-

813 3671 952 3724 nus,
983 3659 1042 3712 et
1089 3670 1212 3710 non
1249 3651 1566 3726 paenitebit
1619 3667 1779 3722 eum,
1839 3657 1903 3707 tu
1960 3669 2024 3708 es
2089 3655 2370 3711 sacerdos
2408 3656 2471 3711 in

814 3751 1108 3802 aeternum
1122 3742 1459 3799 secundum
1480 3739 1756 3797 ordinem
1771 3741 2154 3798 Melchisedec
2170 3745 2192 3777 ⁵
2205 3785 2218 3797 .
2259 3766 2279 3793 ι
2315 3744 2472 3810 Quid

812 3835 907 3890 hic
930 3849 1113 3906 porro
1139 3835 1260 3889 Deo
1287 3829 1612 3887 offerebat?
1639 3845 1864 3902 panem
1892 3846 1963 3886 ac
1989 3832 2219 3894 vinum,
2246 3834 2470 3905 quibus

811 3922 1227 3980 Abrahamum
1255 3919 1540 3976 divinitus
1585 3926 1938 3976 muneratus
1958 3927 2066 3982 est,
2098 3927 2235 3993 post
2287 3923 2469 3979 victo-

807 4013 963 4070 riam
991 4011 1071 4070 ab
1101 4027 1173 4068 eo
1227 4014 1549 4083 patratam.
1583 4008 1641 4064 Si
1669 4023 1813 4079 ergo
1842 4009 2135 4065 oriundus
2172 4026 2244 4066 ex
2273 4011 2469 4068 alieno

806 4101 1036 4176 populo
1060 4099 1464 4169 Melchisedec,
1524 4097 1720 4167 ﬁgura
1770 4098 1986 4154 Christi
2013 4099 2389 4157 existimatur
2413 4107 2472 4158 et

807 4192 1087 4255 creditur,
1119 4190 1326 4262 utique
1355 4186 1675 4258 expulsum
1704 4193 1796 4242 est
1839 4187 2141 4243 leviticum
2189 4191 2468 4247 sacerdo-

804 4282 978 4338 tium.
997 4277 1377 4352 Impossibile
1393 4276 1554 4332 enim
1571 4282 1660 4332 est
1673 4278 1859 4331 Deum
1871 4277 2127 4343 mentiri,
2145 4284 2469 4351 postquam

795 4367 1194 4443 jurejurando
1261 4365 1536 4439 promisit
1601 4381 1664 4420 se
1722 4365 2119 4421 excitaturum
2205 4367 2469 4440 aliquem

2620 634 2808 688 ϐαίνων
2849 645 2913 709 τῇ
2965 637 3206 710 ἀσθενείᾳ
3248 648 3348 692 τῶν
3393 638 3670 693 Ἰουδαίων
3715 644 3810 704 τὰς
3838 645 4027 704 θυσίας
4055 662 4225 716 προσ-

2616 725 2788 787 έταξεν
2830 727 2856 777 ὁ
2906 730 3054 795 Θεὸς,
3103 736 3214 790 πῶς
3257 729 3352 780 ούκ
3401 730 3474 791 εἰς
3519 737 3695 782 πᾶσαν
3724 735 3819 788 τὴν
3847 739 3946 801 γῆν
3975 730 4224 802 έφαπλοῦ-

2617 815 2741 865 σθαι
2782 813 2945 876 αύτάς
2996 812 3307 889 διωρίσατο,
3359 820 3428 878 ὡς
3472 823 3560 869 καὶ
3609 822 3703 880 τὰς
3748 819 3848 870 υπὸ
3892 827 3983 870 τοῦ
4030 823 4222 894 κηρύγ-

2612 921 2774 972 ματος
2820 911 2922 953 τῶν
2975 902 3133 974 ἁγίων
3187 903 3487 958 ἀποστόλων
3537 907 3648 959 κατ’
3702 906 3907 965 ἐντολὴν
3950 916 4040 959 τοῦ
4086 916 4220 961 Θεοῦ

2611 988 2925 1057 ἕκτεθείσας,
2983 994 3173 1054 αἳτινες
3229 992 3358 1063 ἡλίῳ
3414 1000 3504 1046 καὶ
3560 993 3671 1067 ἀέρι
3736 1001 3826 1047 καὶ
3881 1003 3991 1056 τοῖς
4047 996 4221 1058 ἄλλοις

2610 1086 2803 1138 κοινοῖς
2852 1077 3240 1151 ἇντρυφήμασιν
3297 1080 3690 1153 ἔξωμοίωνται;
3749 1083 3864 1134 Ἀλλ
3926 1084 3990 1144 ὡς
4047 1089 4218 1159 προεί-

2608 1184 2786 1236 ρηται,
2840 1166 3287 1236 συγκαταϐάσεως
3334 1171 3494 1222 ἕνεκεν
3521 1172 3576 1222 αἱ
3603 1173 3786 1230 θυσίας
3815 1180 3915 1222 τῶν
3943 1168 4218 1223 Ἰουδαίων

2611 1257 3088 1327 συνεχωρήθησαν·
3137 1255 3181 1307 εί
3236 1258 3338 1328 γὰρ
3386 1260 3462 1310 ἔτι
3510 1266 3705 1309 τοῦτων
3753 1258 4067 1329 τελουμένων
4118 1280 4218 1328 μυ-

2606 1343 2778 1415 ριάκις
2821 1343 2922 1394 ύπὸ
2969 1351 3063 1395 τοῦ
3115 1346 3252 1396 θείου
3306 1348 3600 1418 Πνεύματος
3650 1343 3745 1398 διὰ
3788 1355 3888 1398 τῶν
3938 1357 4216 1419 προφητῶν

2609 1429 2991 1504 ἀνετράπησαν,
3061 1435 3235 1494 καθὼς
3300 1430 3395 1485 διὰ
3458 1433 3678 1486 Ἡσαΐου
3747 1440 3926 1506 φησίν’
3999 1458 4026 1484 (ι
4100 1435 4214 1488 Ἐὰν

2609 1522 2790 1592 φέρητέ
2838 1539 2928 1590 μοι
2985 1517 3279 1591 σεμίδαλιν,
3333 1524 3553 1593 μάταιον
3615 1525 3875 1594 θυμίαμα,
3937 1520 4214 1595 βδέλυγμά

2604 1611 2695 1676 μοί
2744 1605 2874 1658 ἐστι·
2933 1609 3012 1669 τις
3071 1611 3170 1683 γὰρ
3230 1608 3512 1671 ἐξεζήτήσε
3557 1620 3722 1662 ταῦτα
3769 1609 3824 1662 έκ
3871 1619 3971 1662 τῶν
4018 1620 4212 1685 χειρῶν

2603 1695 2779 1765 ὑμῶν;
2836 1719 2864 1745 ››
2925 1699 3021 1748 Διά
3077 1694 3136 1748 δέ
3185 1694 3367 1749 Aetati"
3427 1719 3455 1748 «
3511 1703 3597 1756 Μή
3648 1700 3883 1770 φάγομαι
3931 1703 4056 1773 κρέα
4085 1703 4212 1751 ταύ-

2600 1802 2723 1854 ρων,
2785 1784 2812 1842 ἡ
2866 1786 2999 1857 αἷμα
3045 1788 3244 1858 τράγων
3292 1790 3526 1857 πίομαις
3574 1808 3602 1835 ››
3637 1793 3737 1839 Καὶ
3783 1787 4014 1862 ἑτέρωθι⁹
4049 1809 4076 1833 «ι
4107 1795 4211 1841 Θυ-

2603 1877 2720 1923 σίαν
2765 1878 2857 1924 καὶ
2917 1878 3218 1947 προσφορὰν
3269 1876 3362 1927 ὁύκ
3429 1876 3706 1944 ἠθέλησας,
3779 1897 3933 1949 σωμα
3993 1874 4052 1929 δὲ
4119 1898 4209 1929 κα-

2598 1967 2841 2035 τηρτίσω
2886 1979 3014 2034 μοι·
3061 1987 3089 2013 ››
3139 1969 3196 2016 τὸ
3242 1972 3336 2026 τῆς
3384 1974 3475 2016 τοῦ
3506 1973 3742 2040 Χριστοῦ
3773 1971 3860 2017 καὶ
3894 1974 4026 2018 Θεοῦ
4063 1969 4209 2038 ἡμῶν

2597 2052 2804 2101 πάντων
2865 2057 3223 2123 σωματῶσεως
3279 2057 3380 2126 πρὸ
3437 2062 3618 2124 γενεῶν
3671 2053 3910 2128 ἀρχαίων
3965 2054 4208 2128 ηὐτρεπι-

2599 2143 2782 2209 σμένον
2835 2142 3048 2211 φάσκων
3099 2147 3431 2213 μυστήριον·
3478 2151 3588 2204 πῶς
3635 2145 3738 2216 ἄρα
3783 2147 3912 2215 μετὰ
3955 2149 4049 2201 τήν
4099 2142 4207 2195 ἔπι-

2595 2230 2804 2298 φάνειαν
2866 2237 2957 2290 τῆς
3009 2234 3125 2290 νέας
3189 2233 3414 2304 χάριτος
3479 2235 3632 2302 ἴχνος
3697 2231 4055 2304 ὑπολελεῖφθαι
4105 2241 4206 2284 τῶν

2595 2315 2823 2368 παλαιῶν
2875 2320 3070 2370 θυσιῶν
3125 2325 3336 2391 φήσειεν
3392 2322 3452 2372 ἄν
3499 2340 3581 2380 τις
3628 2329 3727 2372 τῶν
3770 2341 3888 2373 νουν
3936 2320 4202 2393 ἕχόντωη

2591 2405 2748 2457 Ἀλλά
2811 2415 2980 2458 ταῦτα
3039 2410 3130 2480 μέν
3210 2413 3328 2483 περὶ
3392 2418 3489 2470 τῆς
3553 2419 3653 2460 τῶν
3718 2418 3940 2482 νομικῶν
4009 2412 4204 2462 θυσιῶν

2589 2495 2793 2558 παύλης
2819 2500 2848 2553 ἦ
2879 2495 3140 2560 ἀποϐολῆς
3163 2504 3253 2550 καὶ
3284 2497 3698 2570 ἀπαγορεύσεως.

2660 2583 2726 2643 η’.
2787 2584 2922 2638 Ἀλλ’
2981 2590 3110 2647 ἴσως
3161 2589 3329 2660 ἔροιτο
3386 2608 3468 2648 τις
3523 2597 3622 2640 τῶν
3677 2587 3988 2641 ἀντιθέτων·
4031 2588 4202 2661 Ὑμεῖς

2589 2669 2648 2725 δὲ
2692 2673 2747 2725 έκ
2790 2679 2954 2726 ποίων
3009 2695 3343 2750 προφητικων
3393 2673 3708 2740 ἀποδείξεων
3756 2681 3844 2730 τὸν
3891 2678 4014 2752 παρ’
4054 2679 4198 2750 ὑμῶν

2585 2768 2997 2836 προσφερόμενον
3056 2767 3210 2838 οἰρτον
3263 2771 3353 2818 καὶ
3413 2765 3545 2818 οἶνον
3596 2766 3667 2826 εἰς
3725 2770 3883 2818 τύπον
3945 2774 4037 2818 τοῦ
4099 2773 4200 2819 σώ-

2585 2871 2749 2922 ματος
2797 2858 2887 2905 καὶ
2937 2856 3155 2924 αἳματος
3201 2862 3294 2906 τοῦ
3343 2863 3577 2930 Χριστοῦ
3620 2860 3930 2929 προσφέρειν
3957 2856 4200 2930 ,κπαρελά,

2588 2939 2738 3009 ϐετε;
2797 2945 2964 3012 Φαμὲν
3023 2938 3110 2993 οὖν
3160 2946 3296 2995 κατά
3352 2953 3557 3018 πρῶτον
3613 2943 3765 3016 λόγον
3822 2944 3890 3005 ὡς
3940 2948 4007 2996 τὰ
4053 2948 4199 3018 παρὰ

2584 3037 2675 3090 τῆς
2732 3030 3104 3090 αῦτοαληθείας
3154 3039 3390 3105 Χριστοῦ
3443 3040 3535 3084 τοῦ
3595 3033 3729 3085 Θεοῦ
3770 3035 4079 3107 πραχθέντα
4108 3040 4199 3086 καὶ

2583 3116 2951 3192 παραδοθέντα
2995 3117 3166 3180 οὐδεὶς
3214 3121 3566 3184 ήντεξετάζειν
3617 3119 3872 3174 δύναται·
3934 3145 3962 3170 ‹‹
4029 3129 4198 3174 Τοῦτο

2582 3210 2683 3279 γὰρ
2741 3215 2952 3274 ποιεῖτε,
3013 3231 3041 3257 ››
3096 3215 3276 3280 φησὶν,
3336 3211 3418 3261 ἱνα
3460 3216 3548 3262 καὶ
3594 3211 3741 3271 αὖθις
3790 3209 3906 3285 ἐρῶ,
3943 3233 3969 3258 ‹‹
4003 3211 4071 3271 εἰς
4101 3217 4196 3270 τὴν

2583 3296 2710 3370 έμην
2771 3297 3082 3370 ἀνάμνησιν.
3133 3317 3165 3351 ν
3224 3299 3284 3350 Εἰ
3333 3295 3393 3351 δε
3446 3303 3770 3372 προφητικὰς
3825 3306 3942 3371 περὶ
3999 3304 4194 3352 τούτων

2581 3385 2893 3460 προρρήσεις
2947 3387 3138 3454 ζητεῖς,
3195 3389 3424 3439 ἄκουσον
3476 3395 3747 3463 προφήτου
3791 3394 3880 3440 καὶ
3929 3386 4195 3460 βασιλέως

2581 3475 2770 3546 ἀμφοῖν
2814 3479 2872 3527 τὸ
2922 3475 3228 3538 ἀξιόπιστον
3278 3479 3525 3547 ἓχοντος⁹
3571 3476 3763 3548 μᾶλλον
3815 3473 3873 3529 δὲ
3905 3477 4066 3529 αύτοῦ
4097 3488 4190 3530 τοῦ

2581 3561 2887 3637 ἐπουρανίου
2943 3569 3142 3638 Πατρός
3192 3569 3318 3637 πρὸς
3373 3570 3461 3617 τὸν
3519 3570 3620 3640 πρὸ
3688 3567 3954 3640 ἑωσφόρον
4011 3588 4190 3638 γεννη-

2583 3653 2732 3704 θέντα
2787 3651 2840 3714 ἐξ
2897 3653 3056 3705 αύτου
3105 3653 3341 3728 ἀρρήτως
3393 3659 3483 3706 καὶ
3545 3657 3762 3716 ἀπαθῶς
3805 3672 3818 3684 ⁸
3896 3679 3922 3706 ;‹
3987 3655 4190 3729 Ὠμοσε

2583 3745 2792 3814 Κύριος,
2841 3747 2929 3794 καὶ
2976 3743 3034 3793 ού
3083 3742 3605 3814 μεταμεληθήσεται·
3661 3747 3727 3794 σύ
3782 3744 3942 3816 ἱερεύς
3990 3745 4062 3806 εἰς
4098 3751 4188 3798 τὸν

2579 3830 2742 3882 αἰῶνα
2802 3834 2936 3884 κατὰ
2987 3837 3081 3888 τήν
3129 3831 3275 3894 τάξιν
3332 3828 3712 3904 Μελχισεδέκ,
3778 3856 3806 3882 ››
3865 3834 3965 3886 Καὶ
4019 3840 4070 3886 τί
4124 3838 4192 3886 τὰ

2578 3919 2701 3994 παρ’
2760 3920 2921 3971 αὐτοῦ
2959 3926 3352 3995 προσφερόμενα
3395 3929 3465 3990 τῷ
3513 3929 3670 3992 eus;
3718 3921 3910 3994 ”Αρτος
3967 3928 4056 3974 καὶ
4117 3923 4193 3976 οῖ-

2578 4029 2679 4075 νος,
2746 4011 2821 4071 οἷς
2890 4015 2976 4061 τον
3040 4008 3282 4082 Ἀϐραὰμ
3341 4006 3602 4072 ἐδεξιοῦτο
3671 4013 3983 4084 θεοπρεπῶς,
4039 4019 4190 4072 νίκην

2579 4097 3016 4171 έπεργασάμενον.
3077 4099 3137 4151 Εἰ
3203 4094 3289 4150 οὖν
3348 4097 3400 4160 ἐξ
3452 4098 3628 4174 ἑτέρας
3685 4099 3848 4170 φυλῆς
3899 4103 3924 4152 ο
3990 4102 4194 4175 Μελχι-

2583 4185 2756 4259 σεδὲκ,
2821 4192 2984 4248 τύπος
3052 4184 3111 4238 δὲ
3175 4196 3267 4238 τοῦ
3328 4195 3565 4261 Χριστοῦ
3631 4194 3721 4240 καὶ
3777 4189 4044 4260 λογίζεται
4099 4198 4192 4244 καὶ

2580 4283 2901 4344 πιστεύεται,
2970 4275 3275 4333 ἐκϐέϐληται
3336 4277 3441 4349 ἄρα
3502 4278 3531 4334 ἡ
3594 4276 3826 4334 λευῐτική
3887 4279 4142 4352 ἱερωσύνη
4173 4299 4186 4309 ’

2583 4363 2839 4418 ἀδύνατον
2887 4370 2989 4439 γὰρ
3030 4365 3334 4435 ψεύσασθαι
3383 4369 3534 4436 Θεὸν,
3566 4372 3655 4418 καὶ
3684 4374 3854 4418 ταῦτα
3881 4368 3996 4439 μεθ’
4026 4371 4187 4443 ὅρκου

801 4459 1140 4517 secundum
1182 4455 1460 4513 ordinem
1510 4453 1911 4524 Melchisedec,
1980 4457 2083 4526 qui
2149 4457 2468 4514 carnaliter
2495 4476 2542 4532 Ι)

2421 4474 2468 4514 3r
2495 4476 2542 4532 D
2580 4453 3011 4527 ἐπαγγειλάμενον
3059 4457 3196 4506 κατὰ
3236 4459 3330 4512 τὴν
3373 4455 3522 4516 τάξιν
3572 4452 3907 4526 Μελχισεδὲκ
3956 4456 4185 4516 ἀναστή-

803 4553 962 4606 esset
992 4547 1068 4604 de
1098 4544 1342 4602 Dav1dis
1369 4543 1598 4599 semine
1649 4542 1921 4615 pontifex
1980 4544 2161 4599 simul
2195 4547 2464 4617 Deusque

799 4645 940 4698 ante
971 4636 1209 4693 saacula.
1245 4635 1459 4705 Ejectis
1487 4633 1670 4702 igitur
1692 4632 1799 4705 qui
1821 4633 1898 4689 de
1927 4633 2057 4690 Levi
2087 4634 2247 4690 tribu
2272 4643 2493 4716 erant,l

797 4733 865 4784 ut
881 4725 1359 4800 suprascriptum
1391 4727 1498 4788 est,
1531 4737 1774 4777 necesse
1811 4721 2078 4777 vicissim
2135 4722 2244 4778 fuit
2275 4730 2336 4779 ut
2365 4741 2464 4781 ve-

796 4817 937 4874 teris
965 4822 1097 4872 tum
1117 4813 1265 4884 legis
1292 4817 1422 4868 tum
1451 4810 1646 4866 cultus
1700 4809 2041 4866 immutatio
2079 4811 2248 4868 ﬁeret
2271 4829 2284 4878 ;
2310 4813 2462 4872 sicut

797 4905 1018 4964 alicubi
1046 4919 1308 4975 magnus
1335 4915 1582 4974 quoque
1633 4900 1852 4956 Paulus
1897 4901 2072 4958 dicit:
2104 4902 2459 4961 Universum

794 4998 957 5055 enim
978 4994 1326 5051 Judaaorum
1357 4989 1583 5046 cultum
1613 5005 1722 5062 per
1753 4989 1964 5046 levitas
2001 4998 2062 5045 et
2091 4992 2458 5050 contribules

793 5085 1074 5152 exerceri,
1103 5083 1236 5154 lege
1287 5085 1533 5137 cautum
1588 5085 1713 5136 erat
1740 5098 1753 5148 ;
1781 5080 2005 5152 quibus
2057 5081 2454 5152 cessantibus,

792 5177 887 5234 lex
911 5191 1158 5249 quoque
1179 5173 1344 5230 irrita
1369 5171 1560 5226 evasit
1583 5172 1625 5224 ⁸.
1671 5170 1786 5227 Sed
1815 5176 1871 5226 et
1894 5186 2002 5244 per
2052 5170 2242 5227 alium
2303 5189 2452 5245 pro-

787 5268 1056 5341 phetam,
1108 5264 1184 5320 de
1212 5266 1420 5318 nostro
1469 5259 1764 5316 sacriﬁcio
1814 5266 1872 5317 et
1900 5259 2065 5316 cultu
2119 5261 2251 5317 haec
2299 5265 2454 5318 Deus

785 5356 1066 5432 praedixit
1092 5354 1299 5410 dicens
1323 5368 1336 5405 :
1368 5373 1396 5400 ‹‹
1429 5352 1574 5405 Ecce
1594 5350 1934 5422 thymiama
1962 5350 2110 5406 mihi
2139 5350 2455 5408 exhibetur

784 5448 846 5505 in
871 5447 1160 5504 universa
1189 5443 1410 5500 terra".
1446 5463 1475 5491 η
1523 5445 1714 5512 Atque
1768 5440 1898 5496 haec
1945 5439 2107 5496 dicta
2160 5446 2338 5498 sunto
2376 5441 2453 5498 de

783 5538 1110 5596 abolitione
1132 5533 1523 5590 Judaicorum
1566 5529 2002 5586 sacriﬁciorum
2042 5545 2113 5586 ac
2139 5531 2366 5588 rituum
2397 5536 2453 5588 et

2581 4547 2766 4597 σεσθαι
2832 4549 2918 4596 τὸν
2981 4543 3036 4595 ἐκ
3105 4549 3395 4616 σπέρματος
3461 4541 3630 4595 Δαϐὶδ
3685 4549 3743 4596 τὸ
3800 4548 3935 4596 κατά
3986 4549 4180 4619 σάρκα,

2575 4633 2830 4708 ἀρχιερέα
2871 4637 2957 4685 τὸν
3006 4632 3160 4684 αὑτὸν
3214 4637 3336 4684 ὄντα
3382 4638 3472 4683 καὶ
3522 4635 3650 4685 Θεὸν
3702 4639 4032 4705 προαιῶνιον.
4065 4642 4179 4688 Τῶν

2572 4722 2626 4774 ἐκ
2674 4729 2768 4784 τῆς
2830 4720 3091 4781 λευιτικῆς
3147 4725 3316 4770 τοίνυν
3393 4719 3558 4788 φυλῆς
3623 4718 4038 4793 ἐκϐεϐλημένων,
4106 4723 4179 4785 ὡς

2569 4815 2983 4885 προγέγραπται,
3045 4809 3327 4879 ἀναγκαῖον
3381 4807 3538 4860 πάλιν
3594 4810 3710 4860 εστὶ
3766 4814 3855 4860 καὶ
3919 4819 4012 4862 τοῦ
4077 4831 4178 4864 πα-

2567 4899 2715 4952 λαιοῦ
2762 4905 2920 4972 νόμου
2969 4903 3058 4950 καὶ
3117 4906 3211 4959 τῆς
3263 4896 3504 4972 λατρείας
3558 4899 3798 4968 γενέσθαι
3851 4901 4171 4970 μετάθεσιν⁶

2566 4993 2633 5052 ῶς
2683 5011 2782 5042 που
2832 4995 2921 5042 καὶ
2971 4988 3173 5050 Παῦλος
3224 4990 3250 5039 ὁ
3301 4992 3461 5060 μέγας
3508 5005 3674 5060 φησι’
3706 4994 3863 5040 Πᾶσα
3885 4993 3988 5063 γὰρ
4019 4993 4048 5048 ἡ
4081 5000 4177 5052 τῆς

2564 5080 2800 5154 λατρείας
2890 5088 2990 5130 τῶν
3069 5075 3342 5131 Ἰουδαίων
3421 5082 3760 5150 πραγματεία
3837 5083 3926 5130 καὶ
3995 5079 4170 5138 ἐντολή

2566 5167 2660 5223 διὰ
2714 5179 2813 5221 τῶν
2860 5168 3071 5220 λευίτῶν
3119 5174 3209 5219 καὶ
3259 5167 3590 5239 συμφυλετῶν
3641 5167 3810 5218 αὐτῶν
3851 5167 4176 5241 ἐνεργεῖσθαι

2563 5268 2636 5331 τῷ
2719 5265 2859 5332 νόμῳ
2940 5257 3259 5311 ἐκτέτακται.
3349 5261 3658 5328 Παυομένων
3753 5253 3813 5308 δε
3906 5257 4110 5310 ἐκείνῶν

2561 5355 2893 5424 κατήργηται
2938 5352 3029 5398 καὶ
3081 5347 3105 5398 ὁ
3153 5351 3325 5418 νόμος.
3383 5345 3538 5397 Ἀλλὰ
3584 5350 3675 5397 καὶ
3708 5343 3782 5398 δι’
3841 5345 4015 5422 ἐτέρου
4045 5368 4174 5423 προ-

2561 5446 2726 5512 φήτου
2774 5443 2893 5512 περὶ
2935 5446 3028 5489 τοῦ
3071 5438 3321 5511 ἡμετέρου
3373 5437 3598 5508 θύματος
3644 5441 3732 5488 καὶ
3783 5445 3878 5498 τῆς
3928 5437 4172 5514 λατρείας

2562 5537 2780 5582 τοιαῦτα
2839 5532 3199 5602 προαναφωνεῐ
3259 5525 3420 5597 λέγων
3455 5543 3466 5555 '
3528 5548 3549 5575 ι
3615 5521 3757 5578 Ἰδού
3809 5528 4050 5601 θυμίαμά
4078 5549 4174 5602 μοι

4155 5303 4172 5327 ν

854 5723 1093 5797 {133.1,
1127 5721 1216 5775 13.
1247 5717 1267 5752 ⁸
1298 5712 1452 5771 Psal.
1483 5727 1637 5784 nrv,
1666 5714 1757 5771 73.
1785 5712 1808 5747 ⁴
1846 5709 2003 5768 Psal.
2025 5727 2228 5782 xxxix,
2249 5718 2305 5774 7.
2331 5714 2353 5748 ⁵
2381 5711 2542 5774 Psal.
2564 5725 2618 5770 α

2053 5718 2305 5782 ιιιιχῆ.
2331 5714 2353 5748 ⁵
2381 5711 2542 5774 Psal.
2564 5714 2758 5782 (1x,4.
2790 5712 2811 5748 ⁶
2844 5709 3018 5767 Hebr.
3059 5725 3157 5777 vn,
3195 5707 3278 5765 11.
3310 5707 3330 5741 ’⁷
3373 5706 3623 5765 Malach.
3659 5724 3696 5776 ι,
3733 5712 3817 5764 11.
