4468 6440
294 422 399 477 429

1510 412 2004 478 COMMENTATIO
2046 416 2435 478 LITURGICA.

3556 423 3664 481 430

294 548 640 619 προσφέρεται
668 542 720 595 ἐν
770 538 915 616 πᾶση
965 548 1028 615 τῇ
1058 550 1156 614 γῇ.
1216 564 1245 592 ))
1274 549 1453 596 Ταῦτα
1493 542 1583 615 μέν
1634 543 1705 605 εἰς
1750 542 1891 596 ἆπα-
1919 548 1967 600 Α
2003 542 2058 600 dt

1919 548 1967 600 Α
2003 542 2077 600 de
2108 544 2454 616 praelatione
2493 547 2839 601 nostrorum
2855 559 2992 617 qua;
3051 543 3114 600 in
3166 545 3450 603 universa
3504 550 3663 603 terra

294 638 537 705 γόρευσιν
566 640 666 683 τῶν
697 629 1002 685 Ἰουδαϊκῶν
1044 637 1132 684 καὶ
1181 634 1375 684 θυσιῶν
1428 637 1518 685 καὶ
1566 630 1715 701 ἐθῶν,
1762 638 1893 706 πρό-

295 740 469 794 κρισιν
517 718 576 773 δε
616 729 713 772 τῶν
743 722 1003 793 ἡμετέρων
1045 726 1135 773 καὶ
1175 722 1321 793 πάσῃ
1373 728 1434 793 τῇ
1481 729 1548 793 γῇ
1582 720 1895 794 τελουμένων

300 807 333 861 δ
338 813 390 861 ιὰ
416 818 507 870 τῆς
538 809 859 881 ἀναιμάκτου
888 812 1094 870 θυσίας.

369 897 429 950 θ’.
502 898 634 951 Ἀλλ’
710 896 1019 949 ἐπανακτέον
1084 901 1171 949 τόν
1233 897 1384 969 λόγον
1447 900 1558 950 ὃθεν
1634 897 1892 971 ἐξέϐημεν

300 988 340 1039 εἰ
398 991 491 1038 xui
544 986 935 1060 παρεκϐατικῶς
1007 990 1208 1061 εἰρηται
1261 994 1446 1049 ταῦτα,
1510 983 1604 1038 διὰ
1659 990 1745 1039 τὸν
1797 996 1897 1038 τῶν

300 1080 688 1147 χρεστοκτόνων
737 1075 977 1145 ἐλεγχον.
1038 1074 1190 1126 Οὕτω
1219 1080 1389 1126 τοίνυν
1429 1080 1518 1126 καὶ
1551 1072 1643 1127 διὰ
1671 1078 1735 1127 τα
1763 1094 1897 1147 προ-

300 1168 543 1235 ειρημένα
580 1166 608 1221 ἡ
659 1167 955 1238 προσφορὰ,
1004 1169 1094 1216 καὶ
1144 1166 1170 1215 ό
1214 1166 1388 1237 οἰρτος,
1435 1168 1525 1215 καὶ
1572 1166 1601 1221 ἡ
1668 1164 1896 1234 εὐλογία,

299 1258 386 1304 καὶ
430 1254 458 1310 ἦ
515 1251 758 1326 ἀπαρχὴ,
792 1253 863 1313 εἰς
906 1256 1067 1304 τύπον
1096 1261 1192 1313 τῆς
1244 1251 1579 1326 ἀειπαρθένου
1628 1257 1715 1304 καὶ
1766 1260 1898 1304 Θεο-

300 1346 453 1393 τόκου
493 1339 811 1412 λαμϐάνεται
856 1342 989 1411 (12).
1040 1343 1156 1402 ἣτις
1199 1341 1313 1392 κατ’
1358 1338 1602 1392 εὐδοκίαν
1648 1349 1741 1392 τοῦ
1786 1348 1900 1393 [lu-

301 1434 440 1502 τρός,
486 1435 577 1481 καὶ
632 1430 839 1486 θέλησιν
883 1438 974 1481 τοῦ
1024 1435 1148 1483 Υίοῦ
1200 1430 1362 1481 αὐτοῦ
1410 1434 1500 1481 καὶ
1560 1434 1757 1500 Λόγου,
1810 1435 1900 1481 καὶ

301 1518 558 1570 ἐπελεύσει
609 1525 703 1569 τοῦ
753 1518 906 1588 ἁγίου
964 1520 1280 1589 Πνεύματος,
1331 1521 1414 1569 τόν
1466 1519 1553 1570 ἕνα
1603 1526 1693 1578 τῆς
1745 1518 1901 1588 ἁγίας

300 1603 525 1678 Τριάδος
575 1610 694 1658 Υἰὸν
748 1614 842 1658 τοῦ
894 1614 1029 1659 Θεοῦ
1075 1612 1165 1659 καὶ
1214 1611 1382 1677 Λόγον
1432 1603 1791 1679 εἰσδεξαμένη,
1826 1610 1902 1658 τέ-

302 1694 431 1745 λειον
476 1699 598 1748 Θεὸν
644 1700 734 1747 καὶ
790 1695 977 1747 τελειον
1020 1697 1291 1767 ἄνθρωπον
1353 1694 1664 1752 ἀπεκύησεν·
1725 1698 1899 1768 ὥσπερ

305 1779 364 1835 δὲ
417 1783 567 1834 πάλιν
596 1785 622 1834 6
652 1786 963 1856 ύπερούσιος
1019 1787 1160 1851 Θεὸς,
1222 1786 1393 1856 σάρκα
1442 1782 1497 1834 ἐκ
1550 1786 1746 1844 ταύτης
1806 1787 1900 1834 λα-

2004 647 2111 705 per
2137 633 2518 689 incruentum
2547 631 2909 689 sacriﬁcium
2938 632 3112 689 ﬁunt.

2077 902 2129 954 9.
2156 897 2269 953 Sed
2300 897 2460 953 enim
2484 897 2622 954 illuc
2641 898 2772 969 jam
2792 899 2980 954 oratio
3001 898 3347 955 revocanda
3372 902 3480 962 est,
3502 898 3664 955 unde

2007 986 2312 1041 discessit:
2346 987 2455 1042 etsi
2474 987 2601 1043 haec
2630 987 2762 1058 ipsa
2798 991 3177 1043 transeunter
3222 988 3381 1043 dicta
3428 987 3668 1043 fuerunt

2008 1075 2087 1130 ob
2125 1074 2465 1131 occisorum
2497 1076 2704 1131 Christi
2741 1075 3292 1147 reprehensionem.
3326 1076 3416 1131 Sic
3436 1076 3663 1148 itaque,

2010 1164 2093 1219 uti
2124 1164 2349 1219 dictum
2387 1169 2499 1229 est,
2522 1164 2772 1233 oblatio,
2799 1168 2855 1219 et
2875 1164 3070 1235 panis,
3114 1171 3172 1220 et
3218 1164 3579 1232 benedictio,
3609 1169 3668 1220 et

2010 1252 2306 1324 primitiie,
2338 1254 2397 1308 in
2425 1259 2639 1325 typum
2658 1269 2896 1325 semper
2926 1254 3179 1324 Virginis
3205 1253 3470 1325 Deiparae
3498 1270 3669 1309 assu-

2011 1347 2258 1397 muntur
2290 1360 2303 1407 ;
2336 1358 2475 1414 quae
2504 1341 2878 1414 beneplacito
2917 1342 3129 1403 Patris.
3186 1342 3493 1398 voluntate
3548 1342 3669 1398 Filii

2011 1431 2218 1503 ipsius,
2251 1435 2308 1486 et
2336 1431 2598 1487 adventu
2630 1432 2821 1487 sancti
2845 1432 3113 1503 Spiritus,
3137 1448 3329 1487 unum
3359 1432 3433 1487 de
3460 1437 3670 1487 sancta

2010 1520 2310 1584 Trinitate,
2341 1521 2548 1576 Filium
2578 1522 2677 1577 Dei
2707 1536 2778 1576 ac
2824 1520 3081 1576 Verbum
3128 1522 3189 1576 in
3238 1538 3301 1577 se
3341 1522 3666 1593 excipiens,

2012 1609 2340 1681 perfectum
2376 1610 2561 1663 Deum
2593 1615 2649 1664 et
2694 1608 3026 1681 perfectum
3083 1609 3394 1664 hominem
3415 1610 3665 1681 peperit.

2012 1697 2225 1769 Sicque
2247 1698 2470 1768 pariter
2500 1698 3092 1769 supersubstantialis
3120 1701 3273 1754 Deus
3303 1714 3548 1753 carnem
3597 1713 3670 1753 ex

2011 1786 2126 1841 hac
2149 1802 2419 1855 sumens,
2455 1786 2635 1842 unica
2665 1786 2779 1841 sub
2800 1786 3140 1858 hypostasi,
3171 1786 3471 1858 perlectus
3500 1802 3672 1859 aeque

305 1869 517 1942 ϐόμι-νος
559 1869 608 1921 ἐν
652 1877 748 1942 μιᾷ
787 1870 1097 1936 υποστάσει,
1147 1870 1333 1932 τέλειος
1382 1867 1443 1942 ᾖν
1490 1876 1581 1923 καὶ
1610 1869 1899 1945 ἄνθρωπος,
1931 1888 1976 1941 Β
2012 1876 2069 1929 ht

1931 1888 1976 1941 Β
2012 1876 2196 1929 homo
2227 1875 2354 1941 fuit,
2380 1874 2587 1929 similis
2610 1875 2785 1930 nobis
2806 1890 2912 1947 per
2926 1875 3134 1931 omnia
3150 1874 3380 1948 absque
3401 1880 3669 1947 peccato.

304 1962 483 2032 ὅμοιος
524 1961 649 2031 ἡμῖν
697 1962 829 2011 κατὰ
876 1962 1045 2011 πάντα
1095 1964 1262 2033 χωρὶς
1305 1959 1586 2033 ἁμαρτίας*
1632 1959 1764 2011 οὓτω
1814 1964 1904 2010 καὶ

303 2052 360 2099 τό
395 2051 657 2120 κυριακὸν
689 2056 862 2119 σῶμα,
890 2050 957 2109 ὡς
996 2050 1051 2099 ἐκ
1098 2066 1234 2109 τινος
1277 2047 1472 2108 κοιλίας
1514 2052 1604 2099 καὶ
1648 2049 1902 2119 αἱμάτων,

304 2142 393 2188 καὶ
445 2140 635 2209 σαρκὸς
681 2144 774 2188 τοῦ
820 2138 1134 2210 παρθενικοῦ
1201 2142 1459 2208 σώματος,
1508 2144 1600 2188 τοῦ
1649 2136 1769 2188 ὅλου
1818 2138 1909 2208 ἄρα

303 2245 416 2287 του,
466 2230 619 2296 φημὶ,
670 2234 762 2284 τῆς
805 2224 1038 2295 εὐλογίας
1085 2230 1174 2276 καὶ
1234 2233 1327 2285 τῆς
1380 2231 1705 2299 προσφορᾶς,
1766 2228 1909 2296 παρὰ

306 2322 394 2365 τοῦ
427 2310 697 2380 διακόνου,
726 2316 797 2376 ὡς
839 2317 870 2372 ἡ
904 2313 1116 2385 Μεγάλη
1150 2313 1438 2371 Ἐκκλησία
1479 2314 1592 2385 (13)
1632 2312 1905 2389 παρέλαϐε,

306 2401 635 2475 διατέμνεται
680 2402 887 2478 σιδήρῳ
943 2408 1065 2474 τινὶ,
1145 2405 1266 2478 ὅπερ
1307 2410 1394 2456 καὶ
1465 2404 1668 2476 λόγχην
1726 2403 1910 2474 λέγου-

308 2512 389 2545 σιν
418 2493 556 2565 (14),
605 2493 648 2545 εὶ
694 2498 784 2545 καὶ
837 2499 997 2565 μήπω
1051 2496 1250 2555 ταύτης
1301 2493 1442 2545 ἐστὶν
1487 2494 1513 2545 6
1560 2497 1763 2569 καιρός
1822 2497 1912 2545 καὶ

306 2582 475 2643 οὕτως
514 2578 929 2643 ἰδιοῦποστάτως
980 2584 1096 2652 (15)
1144 2581 1202 2634 ἐκ
1232 2586 1396 2654 μέσου
1426 2585 1618 2643 ταύτης
1671 2581 1912 2656 ἀφιεροῦ-

304 2689 413 2726 ται.
464 2670 524 2722 Ὀ
579 2673 755 2742 μέντοι
812 2665 1076 2737 διάκονος,
1137 2671 1164 2721 6
1210 2678 1365 2723 τοῦτο
1418 2668 1715 2746 διενεργῶν,
1771 2670 1912 2722 ἐτοι-

304 2762 485 2831 μάσας
520 2763 615 2811 σὺν
674 2759 817 2829 αὐτῷ
858 2762 1039 2811 καὶτὸ
1093 2758 1271 2831 μέλλον
1328 2758 1692 2811 ἀποτελεῖσθαι
1724 2766 1889 2812 Δεσπο

304 2870 449 2901 τικον
494 2850 628 2922 αἷμα
693 2848 742 2901 ἐν
805 2857 879 2920 τῷ
944 2854 1264 2925 προσήκοντι
1330 2858 1422 2901 τοῦ
1486 2852 1683 2910 πάθους
1747 2857 1913 2922 καιρῷ

306 2936 401 2991 διὰ
474 2947 568 2999 τῆς
640 2945 733 2990 τοῦ
809 2938 1069 2999 ζωοποιοῦ
1145 2942 1442 3011 Πνεύματος
1516 2937 1911 3011 ἐπιφοιτήσεως,

305 3025 497 3099 ἀφίησι
554 3035 723 3079 ταῦτα
775 3025 824 3078 ἐν
875 3034 939 3099 τῇ
999 3029 1262 3100 προθέσει,
1327 3032 1423 3085 τὴν
1490 3030 1683 3088 ταύτης
1748 3029 1915 3099 εὐχὴν

304 3114 627 3188 ἐπιλέγοντος
650 3123 744 3168 τοῦ
778 3118 967 3191 ἱερέως.

377 3204 427 3259 ι’.
487 3204 653 3266 Αὐτὸς
685 3200 745 3257 δὲ
788 3206 814 3255 6
842 3209 899 3256 τὸ
952 3207 1085 3257 θεῖον
1132 3213 1285 3277 σῶμα
1334 3201 1624 3278 διατέμνων
1671 3202 1915 3268 διάκονος
1945 3240 1985 3296 C

306 3292 405 3345 ἀπό
462 3302 561 3353 τῆς
632 3293 882 3364 εὐλογίας,
957 3298 1043 3345 τὸν
1092 3294 1309 3365 ἄγγελον
1371 3303 1632 3367 μιμεῖται,
1686 3298 1774 3347 τὸν
1847 3302 1910 3367 τῇ

306 3387 554 3457 Παρθένῳ
585 3388 643 3435 τὸ
677 3404 704 3431 ι(
731 3392 897 3456 Χαῖρε
932 3408 959 3434 ››
1000 3385 1505 3458 προσφθεθξάμενον.
1538 3386 1598 3439 Εἰ
1624 3382 1684 3438 δὲ
1713 3391 1801 3438 καὶ
1847 3388 1916 3438 ἱε-

303 3483 407 3548 ρεῖς
454 3482 614 3526 τοῦτο
664 3478 961 3545 τέμνουσιν,
1010 3472 1117 3525 ἀλλ’
1166 3473 1215 3525 ἐν
1262 3482 1324 3546 τῇ
1383 3474 1597 3547 Μεγάλη
1631 3474 1917 3547 Ἐκκλησία

304 3564 473 3626 οὕτως
524 3562 740 3615 ἐτελεῖτο
798 3563 979 3630 πάλαι,
1037 3569 1128 3615 καὶ
1192 3566 1339 3633 παρὰ
1400 3573 1499 3615 τῶν
1568 3561 1824 3616 διακόνων
1880 3567 1911 3623 ἡ

302 3654 589 3727 προσφορὰ
644 3648 952 3724 διετέμνετο.
1017 3652 1077 3703 Ὀ
1136 3657 1310 3724 μέντοι
1370 3649 1628 3721 διάκονος,
1693 3656 1719 3705 6
1780 3657 1917 3706 κατὰ

301 3745 389 3793 τὸν
454 3744 620 3793 τύπον
685 3749 779 3802 τῆς
843 3740 1085 3811 Μεγάλης
1149 3741 1470 3803 Ἐκκλησίας
1536 3742 1698 3794 πάλαι
1764 3751 1917 3794 τοῦτο

304 3828 612 3902 δίενεργών,
659 3830 941 3902 ἑτοιμάσας
986 3834 1083 3881 σύν
1130 3830 1272 3901 αὐτῷ
1318 3835 1503 3883 καὶτὸ
1550 3831 1729 3904 μέλλον
1792 3831 1918 3883 ἀπο-

302 3920 573 3973 τελεῖσθαι
622 3923 934 3971 Δεσποτικόν
976 3918 1110 3992 αἷμα
1156 3918 1206 3971 ἐν
1247 3929 1320 3991 τῷ
1378 3927 1701 3993 προσήκοντι
1749 3930 1916 3997 καιρῷ

298 4018 392 4061 τοῦ
423 4011 629 4069 πάθους
668 4005 703 4060 δ
709 4011 764 4060 ιὰ
798 4017 889 4069 τῆς
919 4017 1011 4060 τοῦ
1033 4010 1293 4069 ζωοποιοῦ
1327 4014 1621 4082 Πνεύματος
1651 4010 1916 4083 ἐπιφοίτή-

303 4118 449 4165 σεως,
504 4098 696 4170 ἀφίησι
736 4107 904 4150 ταῦτα
946 4097 993 4150 ἐν
1032 4107 1096 4172 τῇ
1137 4102 1404 4175 προθέσει,
1450 4106 1542 4158 τὴν
1591 4105 1787 4164 ταύτης
1838 4102 1917 4153 εὐ-

298 4194 408 4259 χὴν
435 4188 767 4259 ἐπιλέγοντος
815 4195 906 4240 τοῦ
940 4190 1133 4262 ἱερέως,
1184 4190 1337 4241 Οὐτω
1384 4198 1661 4264 τοιγαροῦν
1710 4190 1917 4263 ἀφίεται

297 4281 357 4329 τὸ
387 4275 528 4329 θεῖον
584 4285 737 4349 σῶμα
766 4275 815 4327 ἐν
845 4273 907 4349 τῇ
956 4279 1223 4350 προθέσει,
1273 4280 1447 4352 ὥσπερ
1492 4279 1742 4353 Βηθλεὲμ,
1787 4283 1915 4333 ὅπου

296 4372 615 4438 γεγέννηται
644 4367 669 4417 6
696 4369 948 4438 Χριστὸς,
981 4367 1041 4418 οὐ
1073 4371 1128 4418 αί
1175 4363 1350 4429 ἔξοδοι
1378 4366 1466 4419 ἀπ’
1506 4366 1685 4441 ἀρχῆς
1714 4372 1917 4443 ἡμερῶν

299 4456 512 4517 αἰῶνος.
568 4454 741 4527 ’Ὁμοῦ
776 4451 835 4507 δε
863 4460 953 4508 καὶ
982 4458 1047 4515 ὡς
1077 4453 1125 4507 ἐν
1156 4463 1217 4526 τῇ
1270 4457 1534 4532 Ναζαρὲτ,
1582 4462 1709 4533 πρὸς
1737 4455 1796 4511 δὲ
1826 4464 1917 4511 καὶ

298 4554 391 4606 τῆς
430 4546 485 4597 ἐν
545 4549 896 4619 Καπερναούμ
936 4541 1237 4618 διατριϐῆς,
1288 4549 1375 4598 τὸν
1410 4552 1565 4599 τόπον
1595 4550 1626 4605 ἡ
1670 4551 1918 4622 πρόθεσις

299 4634 582 4711 ἐκπληροῖθ
628 4637 816 4687 τούτου
846 4636 945 4709 γὰρ
989 4635 1148 4687 ἕνεκεν
1196 4634 1244 4687 ἐν
1282 4642 1576 4709 προοιμίοις
1602 4641 1916 4712 προέφημεν,

298 4726 381 4777 ὃτι
410 4730 473 4777 τό
507 4726 561 4777 ἓν
607 4732 707 4775 τῶν
733 4731 822 4775 νῦν
863 4729 1196 4796 τυπουμένων
1246 4724 1294 4776 ἐν
1340 4722 1470 4779 δυσὶ
1514 4732 1602 4779 καὶ
1631 4733 1777 4800 τρισὶ
1822 4737 1921 4780 τῶν

296 4820 413 4867 τότε
442 4814 673 4867 τελεῖται
699 4818 789 4866 καὶ
814 4813 988 4874 απλὼς
1019 4814 1178 4866 εἰπεῖν
1216 4818 1304 4867 τόν
1336 4825 1705 4889 τριακονταετῆ
1730 4820 1923 4889 χρόνον

369 4996 487 5065 (i2)
517 4996 610 5050 Ita
636 4993 1102 5067 Christophorus
1128 4993 1411 5065 Angelus,
1436 4997 1675 5052 Graecus
1712 4996 1919 5067 homo,

296 5067 357 5124 in
378 5065 754 5124 Enchiridio
784 5065 857 5122 de
872 5065 1048 5122 'statu
1094 5067 1521 5124 hodiernorum
1573 5069 1923 5127 Graecorum

296 5156 433 5212 cap.
468 5139 537 5193 14
572 5156 586 5192 :
618 5142 871 5212 Inpuivat
893 5134 1124 5212 δεούτος
1148 5141 1547 5212 Emungam...

402 5212 492 5279 l3)
502 5208 1007 5285 MagnaEcAclesia
1024 5208 1370 5285 intelligitur
1383 5212 1924 5285 Constantinopoli-

298 5279 476 5354 tana,
501 5281 569 5337 id
604 5286 695 5354 est
722 5281 778 5336 S.
811 5279 1047 5354 Sophia}
1070 5281 1382 5354 templum.

370 5352 491 5425 (14)
522 5351 870 5425 Stephanus
890 5351 1573 5425 Aldoensis'patriarcha
1611 5356 1925 5411 Antioche-

296 5441 413 5482 nus
454 5423 897 5496 Maronitarum
920 5424 979 5479 in
1001 5423 1389 5496 Expositione
1419 5426 1639 5495 missae,
1667 5432 1807 5483 sect.
1867 5431 1920 5490 3,

296 5498 432 5553 cod.
466 5496 615 5551 Vat.
649 5497 811 5555 7410,
834 5494 875 5550 f.
903 5499 973 5551 90
994 5494 1052 5552 b.
1083 5494 1185 5551 sic.
1247 5498 1363 5553 ait:
1419 5498 1635 5555 Cultro
1667 5504 1925 5554 utuntur

300 5569 505 5626 Graeci
515 5568 705 5641 quasi
714 5566 795 5641 a4
811 5569 1228 5641 cogitationem
1244 5570 1487 5637 lancem,
1505 5586 1623 5641 qua
1636 5572 1923 5640 transfos-

298 5656 428 5698 sum
451 5637 544 5698 est
564 5640 732 5695 latus
749 5637 1160 5705 Christi,unde
1177 5637 1704 5711 quandosacerdos
1726 5637 1927 5698 im'mo-

302 5715 388 5770 lat
396 5716 807 5784 panem,ante
820 5726 1003 5782 quam
1016 5712 1489 5784 sacriﬁcetferit
1500 5714 1680 5770 illum
1706 5716 1932 5771 acumi-

2018 1963 2109 2019 Sic
2138 1964 2316 2018 etiam
2334 1963 2709 2018 dominicum
2740 1979 2982 2035 corpus,
3001 1969 3292 2036 tanquam
3310 1979 3384 2019 ex
3402 1963 3673 2036 quodam

2018 2056 2183 2105 utero
2214 2056 2269 2106 et
2300 2050 2698 2119 sanguinibus
2723 2056 2781 2107 et
2804 2066 2984 2107 carne
3015 2051 3262 2121 virginei
3284 2052 3575 2124 corporis,
3600 2068 3675 2108 ex

2018 2144 2162 2207 toto,
2188 2139 2460 2211 inquam,
2493 2155 2650 2211 pane
2680 2145 2733 2195 et
2761 2138 3178 2195 benedictione
3237 2143 3295 2195 et
3343 2139 3672 2209 oblatione,

2020 2244 2057 2284 a
2082 2228 2362 2297 diacono,
2398 2228 2540 2284 utin
2562 2231 2772 2298 Magna
2804 2229 3066 2285 Ecclesia
3125 2245 3257 2284 mos
3315 2234 3422 2293 est,
3481 2228 3675 2285 ferreo

2018 2318 2416 2372 instrumento
2446 2315 2874 2388 secatur,quod
2898 2316 3173 2373 lanceam
3196 2316 3677 2383 vocant,etiamsi

2022 2406 2279 2462 necdum
2318 2406 2433 2462 hac
2460 2406 2666 2462 utendi
2693 2411 2933 2477 tempus
2955 2411 3081 2471 est;
3113 2410 3295 2478 atque
3324 2406 3406 2461 ita
3450 2422 3558 2478 per
3612 2423 3677 2464 se

2022 2495 2354 2551 subsistens
2386 2512 2460 2551 ex
2488 2494 2690 2552 media
2732 2495 2970 2565 eulogia
3012 2499 3417 2551 consecratur.
3450 2500 3513 2551 Et
3548 2494 3678 2552 dia-

2020 2599 2212 2639 conus
2243 2584 2515 2656 quidem,
2542 2583 2723 2654 hujus
2747 2583 3059 2639 divisionis
3084 2587 3313 2649 auctor,
3342 2599 3567 2656 parans
3604 2586 3679 2639 si-

2022 2673 2149 2729 mul
2168 2673 2336 2730 illum
2374 2674 2478 2746 qui
2500 2673 2947 2729 consecrandus
2976 2677 3067 2728 est
3100 2673 3479 2744 sanguinem,
3533 2688 3677 2730 con-

2022 2778 2173 2833 gruo
2201 2762 2504 2836 passionis
2533 2767 2827 2834 tempore,
2857 2777 2965 2834 per
3022 2761 3243 2817 viviﬁci
3287 2762 3536 2835 Spiritus
3575 2760 3680 2818 ad-

2021 2858 2290 2923 ventum,
2320 2852 2567 2925 deponit
2611 2853 2743 2908 baac
2781 2852 2843 2907 in
2892 2852 3177 2924 prothesi,
3236 2851 3386 2908 dum
3437 2851 3679 2908 interim

2022 2943 2334 3015 propriam
2363 2942 2545 3013 hujus
2571 2942 2656 2997 rei
2676 2941 3010 2998 orationem
3029 2940 3172 2997 dicit
3232 2940 3535 2998 sacerdos.

2098 3214 2183 3264 10.
2217 3209 2348 3281 Ipse
2367 3225 2508 3265 vero
2539 3208 2643 3282 qui
2671 3208 2943 3266 divinum
2987 3224 3207 3282 corpus
3260 3208 3503 3267 desecat
3557 3208 3682 3265 dia-

2024 3298 2317 3355 conusab
2354 3298 2609 3369 eulogia,
2639 3298 2925 3369 angelum
2966 3299 3251 3370 imitatur,
3311 3299 3415 3372 qui
3464 3298 3683 3369 virgini

2023 3388 2236 3444 dixit:«
2258 3395 2432 3444 Ave.»
2453 3388 2626 3454 Quod
2645 3388 2696 3444 si
2716 3389 2897 3444 etiam
2919 3388 3266 3444 sacerdotes
3295 3387 3358 3443 id
3373 3388 3681 3456 desecant,

2024 3482 2292 3534 attamen
2320 3478 2380 3533 in
2402 3479 2615 3546 Magna
2636 3477 2898 3533 Ecclesia
2927 3477 3013 3533 sic
3045 3476 3122 3533 ab
3179 3477 3426 3549 antiquo
3478 3476 3685 3548 ﬁebat,

2025 3572 2081 3623 et
2102 3583 2137 3622 a
2161 3566 2433 3623 diaconis
2459 3566 2683 3623 oblatio
2700 3567 3038 3623 secabatur.
3060 3566 3243 3636 Igitur
3270 3566 3564 3623 diaconus
3579 3567 3686 3639 qui

2026 3673 2097 3712 ex
2120 3658 2347 3725 Magna:
2370 3656 2641 3712 Ecclesiae
2672 3672 2839 3713 more
2870 3657 2953 3712 sic
2982 3655 3127 3712 olim
3158 3656 3400 3726 agebat,
3457 3671 3684 3729 parans

2027 3746 2138 3800 sim
2149 3745 2361 3801 ulmox
2374 3744 2641 3800 futurum
2656 3745 3035 3801 Dominicum
3049 3745 3408 3814 sanguinem
3422 3760 3684 3815 congruo

2028 3834 2331 3906 passionis
2364 3838 2654 3906 tempore,
2680 3849 2787 3906 per
2807 3832 3023 3888 viviﬁci
3078 3833 3330 3905 Spiritus
3384 3834 3687 3889 interven-

2026 3930 2175 3990 tum,
2202 3924 2482 3996 relinquit
2510 3925 2640 3979 haec
2661 3923 2723 3979 in
2761 3922 3205 3995 prothesi,dum
3236 3922 3418 3994 hujus
3444 3938 3686 3995 precem

2028 4014 2310 4069 sacerdos
2341 4014 2565 4068 recitat.
2612 4013 2703 4070 Sic
2752 4012 2954 4086 itaque
3000 4012 3356 4085 relinquitur
3410 4012 3687 4069 divinum

2026 4118 2246 4175 corpus
2276 4103 2337 4158 in
2367 4102 2654 4175 prothesi,
2688 4100 2867 4157 veluti
2891 4102 2954 4157 in
2986 4101 3325 4157 Bethlehem
3357 4100 3462 4158 ubi
3508 4106 3688 4159 natus

2026 4198 2113 4248 est
2135 4192 2424 4259 Christus,
2447 4191 2619 4262 cujus
2644 4192 2839 4247 exitus
2870 4190 2950 4246 ab
2978 4190 3144 4246 initio
3169 4190 3405 4245 dierum
3463 4190 3685 4247 saeculi.

2030 4281 2215 4338 Simul
2237 4281 2416 4337 etiam
2455 4285 2749 4352 tanquam
2780 4280 2841 4335 in
2880 4279 3559 4352 Nazareth,insuperque
3600 4280 3689 4336 in-

2028 4375 2149 4426 star
2176 4370 2472 4425 incolatus
2500 4369 2561 4425 in
2593 4370 3043 4442 Capharnaum,
3082 4368 3211 4424 vice
3250 4368 3520 4439 fungitur
3557 4385 3692 4441 pro-

2029 4459 2235 4515 thesis.
2275 4460 2469 4525 Quam
2494 4458 2575 4515 ob
2604 4475 2731 4514 rem
2762 4458 2823 4513 in
2874 4457 3171 4530 prooemio
3220 4457 3351 4527 jam
3397 4458 3687 4523 diximus,

2032 4550 2199 4621 quod
2229 4564 2387 4604 unus
2410 4548 2490 4603 ex
2507 4547 2904 4620 praesentibus
2921 4547 3100 4619 typis,
3118 4546 3359 4602 duobus
3384 4546 3479 4603 vel
3500 4547 3692 4604 tribus

2035 4644 2177 4694 tunc
2196 4638 2343 4693 actis
2367 4638 2549 4693 rebus
2593 4638 3016 4710 aequiparetur.
3081 4638 3150 4692 Ut
3212 4639 3564 4693 summatim
3607 4637 3694 4693 di-

2034 4744 2189 4793 cam,
2214 4726 2539 4784 tricennale
2569 4728 2831 4799 spatium
2861 4731 2919 4782 et
2936 4725 3123 4781 vitam
3152 4731 3289 4781 ante
3311 4726 3694 4800 baptismum

2032 4817 2333 4891 prothesis
2359 4820 2766 4889 repraesentat.
2798 4814 3080 4872 Concedit
3107 4822 3249 4884 ergo
3269 4819 3510 4889 tempus
3539 4831 3694 4889 pon-

2031 5013 2107 5054 ne
2136 4996 2320 5053 cultri
2345 4997 2409 5052 in
2448 5002 2626 5065 parte
2670 4995 3033 5063 dextera,ita
3055 5000 3122 5049 ut
3144 4995 3393 5063 capulus
3431 4996 3697 5066 attingat

2033 5070 2281 5126 calicem
2310 5083 2333 5135 ,'
2354 5068 3139 5139 appareatquesangainem
3166 5071 3363 5138 quiest
3396 5068 3457 5121 in
3485 5069 3694 5136 calice,

2033 5141 2300 5197 eumdem
2322 5155 2442 5196 esse
2470 5141 2576 5211 qui
2603 5155 2632 5195 e
2662 5138 2851 5211 latere
2875 5138 3103 5196 Christi
3126 5140 3427 5211 manavit.
3444 5140 3699 5211 Legatur

2032 5212 2213 5268 etiam
2245 5210 2494 5268 Allatius
2537 5211 2613 5267 de
2657 5210 2893 5283 templis
2948 5212 3311 5274 Graecorum,
3358 5210 3454 5266 ed.
3501 5210 3697 5266 Paris.

2032 5300 2710 5423 p.(ig‘3).Adverbialiter.
2753 5353 2867 5427 Sed
2891 5359 2948 5411 et
2973 5370 3085 5427 pro
3110 5354 3408 5423 adjectivo
3459 5350 3698 5427 ιθιούπόέ

2037 5447 2223 5489 στατος
2257 5428 2517 5483 citantur
2554 5442 2590 5482 a
2632 5426 2704 5481 cl.
2756 5426 3124 5482 Boissonado
3175 5427 3238 5482 in
3290 5442 3447 5482 nova
3504 5426 3702 5482 Lexici

2037 5500 2425 5571 Stephaniani
2491 5498 2749 5554 editione
2831 5499 3108 5571 exempla
3164 5498 3599 5571 Areopagitaep
3645 5502 3705 5553 et

2040 5570 2379 5627 scholiastaa
2417 5570 2497 5626 ad
2527 5571 2861 5642 Epictetum
2889 5589 2906 5642 ;
2945 5571 3042 5626 cui
3090 5570 3302 5627 Lexico
3352 5585 3515 5626 nunc
3586 5570 3707 5625 hoe

2040 5642 2403 5700 adverbium
2433 5643 2776 5713 adjiciatur.
