4468 6440
800 446 898 500 431

2075 431 2432 491 THEODORI
2466 428 2886 491 ANDIDENSIS

4051 440 4159 497 432

787 565 931 622 tifex
958 564 1157 639 primo
1186 563 1502 630 sacerdoti,
1521 560 1625 636 qui
1641 558 1909 618 divinam
1933 557 2196 630 incipere
2220 560 2445 630 mysta-
2472 556 2511 613 Α

2482 556 2519 613 Α
2556 557 2641 609 τὸν
2670 558 2771 628 πρὸ
2800 562 2892 609 τοῦ
2922 555 3296 631 βαπτίσματος
3334 561 3423 612 καὶ
3452 560 3541 621 τὰς
3586 554 3865 636 διατριϐὰς
3909 562 3940 620 ἡ
3973 565 4157 635 πρόθε-

786 654 1036 725 gogiam
1061 653 1276 710 debet:
1300 652 1365 709 id
1402 656 1605 710 autem
1624 646 1913 721 temporis
1944 646 2210 719 spatium
2267 644 2446 716 signi-

784 745 928 801 ﬁcat
952 743 1101 800 illud
1140 759 1178 801 a
1233 742 1531 817 propheta
1582 740 1739 797 Isaia
1794 737 2151 812 praedictum
2180 739 2443 808 tempus,

786 831 1110 888 nativitatis
1138 831 1410 889 videlicet
1436 829 1741 904 prophetae
1759 825 2005 885 Joannis
2032 824 2444 899 praecursoris,

788 920 1120 993 Christique
1146 919 1225 976 ad
1245 935 1357 976 nos
1378 919 1695 977 adventus.
1744 919 1968 973 Horum
2023 914 2185 970 enim
2228 911 2443 969 ambo-

784 1024 941 1073 rum,
982 1024 1206 1082 nempe
1228 1013 1284 1064 et
1312 1007 1633 1065 nativitatis
1667 1011 1925 1077 tempus,
1976 1007 2035 1059 et
2081 1001 2292 1060 Christi
2339 1001 2445 1057 ad-

784 1102 1051 1168 ventum,
1081 1101 1299 1169 praater
1317 1096 1466 1154 alios
1489 1095 1805 1168 deiloquos
1820 1092 2192 1160 viros,lsaias
2217 1090 2446 1163 perspi-

785 1202 896 1244 cue
919 1186 1282 1244 vaticinatus
1304 1190 1411 1259 est,
1440 1186 1515 1242 de
1540 1187 1767 1242 Joanne
1796 1182 2042 1255 quidem
2072 1180 2157 1238 ita
2196 1180 2404 1236 dicens
2429 1195 2442 1234 :

786 1298 815 1326 ‹‹
834 1278 981 1333 Ecce
1005 1291 1119 1347 ego
1135 1276 1307 1333 mitto
1325 1274 1609 1348 angelum
1633 1288 1838 1330 meum
1862 1275 2001 1328 ante
2026 1270 2239 1327 faciem
2253 1273 2443 1333 tuam,

783 1364 889 1437 qui
919 1365 1161 1438 parabit
1183 1365 1347 1422 viam
1374 1369 1543 1422 tuam
1580 1378 1787 1420 coram
1836 1377 1935 1418 me
1961 1362 2006 1416 θ.
2065 1378 2096 1414 ›
2126 1360 2272 1415 Item
2328 1358 2447 1416 alia

785 1458 1089 1527 quotquot
1117 1453 1193 1511 de
1226 1453 1444 1510 eodem
1490 1449 1935 1527 praenuntiavit.
1968 1451 2047 1505 De
2071 1449 2304 1505 Christo
2345 1463 2447 1504 au-

785 1548 944 1600 tem:
975 1565 1003 1593 ‹‹
1032 1546 1179 1600 Ecce
1208 1542 1377 1613 virgo
1400 1542 1463 1599 in
1501 1545 1671 1599 utero
1720 1538 1970 1596 habebit
2002 1541 2046 1594 θ.
2094 1561 2122 1588 ››
2154 1540 2221 1594 Et
2269 1536 2445 1609 quid-

783 1631 933 1704 quid
965 1631 1062 1688 ille
1087 1632 1163 1688 de
1187 1632 1493 1705 passione,
1522 1628 1856 1703 sepultura,
1888 1643 1959 1684 ac
2009 1625 2446 1684 resurrectione

783 1719 1082 1793 praedixit.
1117 1723 1390 1793 Namque
1417 1720 1535 1776 hoc
1562 1723 1851 1791 tempore,
1881 1715 2172 1773 reconditi
2201 1728 2447 1787 quoque

782 1824 819 1865 a
832 1808 1251 1866 constitutione
1276 1807 1491 1865 mundi
1506 1805 1778 1880 mysterii
1800 1803 2204 1863 manifestatio
2222 1802 2446 1859 exitum

781 1902 965 1955 nacta
993 1901 1100 1954 est.

2558 664 2638 706 σις
2686 644 2956 720 ἐκπληροῖ.
3007 642 3224 700 Δίδοται
3268 652 3439 701 τοίνυν
3464 651 3647 722 καιρὸς
3684 651 3830 723 παρὰ
3852 655 3946 703 τοῦ
3975 649 4158 725 ἀρχιε-

2554 736 2681 806 ρέως
2730 741 2803 805 τῷ
2858 740 3043 810 πρώτῳ
3090 743 3190 789 τῶν
3242 738 3411 813 ἱερέων
3461 737 3695 811 μέλλοντι
3740 740 4010 813 ἄρχεσθαι
4060 747 4158 802 τῆς

2558 824 2697 886 θείας
2747 829 3146 898 μυσταγωγίας’
3180 827 3329 890 οὗτος
3361 824 3419 881 δε
3449 828 3474 880 6
3505 830 3683 904 καιρὸς
3715 832 4042 901 σχηματιζει
4070 832 4155 882 τὸν

2554 913 2699 985 παρὰ
2787 921 2879 965 τοῦ
2968 920 3239 988 προφήτου
3339 914 3557 970 Ἠσαίου
3653 920 4158 991 προαναφωνηθέντα

2554 1004 2755 1074 καιρὸν,
2810 1009 2902 1063 τῆς
2948 1011 3039 1056 τοῦ
3087 1009 3351 1078 προφήτου
3405 1006 3640 1059 Ἰωάννου
3693 1011 3782 1059 καὶ
3840 1002 4154 1082 Προδρόμου

2554 1093 2859 1160 γεννήσεως,
2904 1097 2995 1144 καὶ
3045 1102 3140 1157 τῆς
3186 1102 3278 1147 τοῦ
3327 1102 3562 1169 Χριστοῦ
3604 1098 3733 1171 πρὸς
3776 1097 3917 1168 ἡμᾶς
3962 1091 4155 1153 ἐπιδη-

2554 1195 2695 1251 μιας·
2774 1178 3073 1256 ἀμφοτέρων
3145 1185 3243 1256 γὰρ
3310 1186 3505 1236 τούτων
3578 1192 3675 1248 τῆς
3747 1203 3802 1237 τε
3872 1188 4155 1256 γεννήσεως

2553 1269 2642 1321 τὸν
2689 1272 2889 1343 καιρόν,
2934 1275 3025 1322 καὶ
3088 1278 3183 1334 τῆς
3229 1278 3320 1326 τοῦ
3372 1279 3607 1347 Χριστοῦ
3657 1268 3959 1345 ἐπιδημίας,
4026 1275 4158 1345 μετά

2556 1363 2656 1407 τῶν
2711 1356 2876 1409 ἄλλων
2935 1360 3193 1433 θεηγόρων
3246 1361 3273 1412 6
3321 1360 3538 1422 Ἡσαΐας
3594 1358 3865 1434 ἁριδὴλως
3921 1366 4154 1434 προεφή-

2555 1463 2725 1499 τευσε’
2776 1452 2895 1519 περὶ
2947 1451 3037 1520 μὲν
3089 1457 3182 1502 τοῦ
3229 1449 3464 1503 Ἰωάννου
3532 1452 3694 1513 οὕτως
3744 1451 3917 1504 εἰπών’
3983 1448 4155 1503 (Ἰδοὺ

2556 1532 2653 1606 ἐγὼ
2699 1533 2996 1589 ἁποστελλω
3043 1540 3129 1591 τὸν
3178 1538 3395 1612 ἄγγελόν
3422 1559 3525 1613 μου
3577 1544 3679 1614 πρὸ
3722 1546 4006 1613 προσώπου
4036 1560 4151 1596 σου.

2556 1624 2607 1683 ὃς
2663 1627 3048 1679 κατασκευάσει
3112 1632 3201 1686 τὴν
3262 1624 3386 1680 ὀδόν
3445 1647 3540 1682 σου
3593 1631 3882 1704 ἔμπροσθέν
3939 1648 4063 1703 μου.
4121 1646 4153 1682 ν

2554 1714 2647 1763 καὶ
2702 1711 2866 1765 τᾶλλα
2917 1713 3019 1767 ὅσα
3069 1721 3208 1791 περὶ,
3267 1717 3428 1769 αὐτοῦ
3483 1722 3861 1793 προηγόρευσε*
3919 1723 4038 1791 περὶ
4095 1713 4156 1771 δε

2552 1807 2644 1853 τοῦ
2696 1809 2951 1875 Χριστοῦ,
3002 1823 3033 1859 ε
3089 1801 3227 1858 Ἰδού
3277 1811 3307 1864 ἠ
3350 1808 3603 1881 Παρθένος
3649 1809 3698 1859 ἐν
3727 1810 3923 1883 γαστρὶ
3970 1806 4089 1869 ἕξει.
4121 1825 4153 1861 ν

2555 1893 2645 1942 καὶ
2702 1892 2805 1943 ὅσα
2854 1890 3038 1955 ἐκεῖνος
3092 1899 3210 1968 περὶ
3265 1902 3357 1948 τοῦ
3411 1897 3627 1962 πάθους,
3677 1901 3766 1949 καὶ
3822 1903 3915 1957 τῆς
3961 1903 4150 1968 ταφῆς,

780 1990 872 2039 καὶ
923 1984 1262 2048 ἀναστάσεως
1309 1989 1717 2060 προηγόρευσενσ
1769 1982 1818 2037 ἐν
1864 1984 2029 2055 τούτῳ
2075 1984 2175 2058 γὰρ
2216 1989 2289 2054 τῷ
2337 1986 2504 2056 καιρῷ
2552 1982 2642 2032 καὶ
2682 1987 2775 2033 τοῦ
2825 1979 3329 2059 ἀποκεκρυμμένου;
3373 1989 3671 2059 μυστηρίου
3716 1987 3817 2062 πρὸ
3868 1984 4156 2045 καταϐολῆς

779 2079 984 2149 κόσμου
1015 2077 1045 2134 ἠ
1076 2079 1361 2149 φανέρωσις
1387 2077 1446 2128 τό
1478 2078 1638 2151 πέρας
1664 2070 1900 2138 ἐδέξατο.

854 2166 940 2222 ll.
963 2167 1096 2222 Jam
1115 2179 1260 2221 vero
1286 2163 1594 2233 sacerdos,
1625 2163 1731 2237 qui
1770 2162 2009 2220 initium
2038 2160 2260 2218 divinae
2284 2160 2445 2218 litur-
2477 2160 2517 2214 Β

780 2254 888 2327 giae
908 2253 1066 2325 facit,
1099 2253 1431 2325 imaginem
1463 2256 1655 2325 gestat
1690 2252 1939 2309 Joannis
1984 2251 2265 2323 Baptistae
2295 2266 2445 2322 prae‘

780 2341 1063 2409 cursoris,
1084 2342 1191 2415 qui
1222 2341 1501 2399 videlicet
1526 2340 2020 2414 praedicationem
2051 2355 2301 2396 exorsus
2356 2342 2446 2395 est

778 2431 989 2488 dicens
1012 2446 1072 2487 τα
1090 2429 1507 2489 Paenitentiam
1528 2430 1689 2503 agite
1710 2448 1723 2499 ;
1750 2428 2265 2503 appropinquavit
2284 2427 2445 2485 enim

778 2536 1037 2593 regnum
1052 2522 1401 2579 coelorum'0
1437 2540 1452 2591 ;
1480 2543 1507 2572 κ
1540 2525 1598 2578 et
1627 2520 1982 2578 accedentes
2009 2534 2222 2576 omnes
2249 2517 2446 2590 bapti-

778 2609 975 2668 zabat.
1020 2612 1224 2684 Coepta
1248 2609 1432 2681 igitur
1461 2609 1541 2667 ab
1560 2609 1678 2667 hoc
1705 2608 1965 2679 liturgia,
1984 2606 2282 2666 accedunt
2309 2610 2446 2680 post

777 2698 1045 2772 primam
1075 2713 1317 2773 precem
1346 2698 1712 2772 prophetica;
1739 2698 2048 2766 lectiones,
2078 2712 2234 2770 quas
2286 2695 2445 2752 Anti-

776 2788 988 2862 phona
1006 2787 1541 2862 appellamus,tum
1556 2788 1701 2861 quia
1716 2787 2026 2861 prophetas
2036 2785 2445 2860 prmdixerunt

780 2892 923 2935 eum
957 2878 1065 2952 qui
1085 2878 1217 2950 jam
1246 2881 1570 2946 natusest;
1616 2881 1745 2935 tum
1793 2876 1938 2951 quia
2000 2892 2216 2949 reapse
2262 2878 2442 2933 Vetus

776 2970 1225 3025 Testamentum
1256 2967 1579 3041 praecessit,
1609 2967 1785 3039 cujus
1836 2966 2143 3039 legislator
2190 2966 2300 3024 fuit
2343 2966 2443 3023 hic

776 3055 965 3114 modo
990 3060 1171 3114 natus
1201 3056 1263 3114 in
1292 3056 1415 3113 ﬁne
1444 3056 1701 3113 dierum.
1750 3056 2075 3113 Sciendum
2125 3072 2267 3113 vero
2330 3059 2440 3123 est,

781 3146 951 3221 quod
979 3145 1150 3203 initio
1201 3145 1521 3217 cujuslibet
1558 3144 1757 3214 ofﬁcii,
1808 3148 1936 3202 tum
1982 3145 2260 3203 matutini
2314 3148 2443 3201 tum

779 3234 1129 3309 vespertini,
1190 3235 1389 3308 primo
1432 3236 1658 3291 Veteris
1721 3235 2084 3292 Testamenti
2145 3240 2445 3292 canuntur

780 3323 1044 3392 Psalmi;
1073 3324 1291 3382 deinde
1336 3340 1514 3381 novre
1559 3324 1764 3397 gratiae
1821 3324 2075 3394 cantica,
2121 3328 2187 3381 ut
2232 3340 2444 3381 omnes

782 3418 1122 3487 agnoscant
1145 3429 1338 3471 unum
1366 3414 1774 3488 eumdemque
1804 3430 1934 3471 esse
1964 3414 2308 3484 Dominum,
2338 3414 2442 3488 qui

2630 2157 2716 2217 ια’.
2765 2158 2822 2213 Ὀ
2864 2157 2925 2215 δέ
2978 2181 3038 2234 γε
3086 2164 3244 2236 ἱερεύς
3300 2164 3325 2216 6
3376 2168 3471 2224 τὴν
3513 2164 3713 2241 ἓναρξιν
3750 2172 3845 2228 τῆς
3901 2166 4036 2226 θείας
4085 2166 4155 2218 ἱε-

2553 2253 2804 2323 ρουργίας
2869 2254 3175 2325 ποιούμενος
3248 2253 3420 2307 εῖκόνα
3483 2258 3621 2327 φέρει
3681 2261 3771 2307 τοῦ
3838 2250 4154 2330 Προδρόμου

2557 2337 2792 2391 Ἰωάννου
2846 2345 2936 2392 καὶ
2995 2348 3313 2413 Βαπτιστοῦ,
3371 2344 3863 2419 προκαταρξαμένου
3921 2351 4014 2397 τοῦ
4061 2363 4156 2401 κη-

2552 2429 2816 2500 ρύγματος
2872 2434 2961 2482 καὶ
3006 2430 3261 2504 λέγοντος,
3298 2454 3320 2482 ι
3382 2439 3705 2485 Μετανοεῖτε·
3760 2433 3948 2505 ἦγγικε
3992 2433 4091 2505 γὰρ
4119 2433 4151 2490 ἡ

2556 2514 2804 2589 βασιλεία
2848 2526 2950 2570 τῶν
3006 2519 3254 2593 ούρανων,
3310 2538 3341 2574 ›
3394 2526 3483 2574 καὶ
3546 2520 3896 2595 βαπτίζοντος
3958 2523 4156 2584 πάντας

2552 2610 2672 2667 τούς
2743 2613 3211 2682 προσερχομένους.
3299 2610 3620 2685 Ἀρχομένου
3683 2607 3741 2664 δε
3804 2612 3992 2664 τούτου
4058 2618 4155 2673 τῆς

2556 2698 2698 2757 θείας
2784 2696 3089 2771 ἱερουργίας,
3162 2702 3486 2775 παράγονται
3558 2701 3688 2774 μετὰ
3760 2704 3855 2760 τὴν
3942 2704 4155 2774 πρώτην

2555 2789 2764 2844 αἴτησιν
2836 2788 2903 2839 τὰ
2966 2792 3267 2864 προφητικὰ
3345 2789 3473 2865 ἅπερ
3541 2789 3800 2863 ἀντίφωνα
3876 2788 4152 2863 καλοῦμεν·

2553 2875 2665 2948 ἅμα
2709 2877 2801 2948 μὲν
2858 2877 2924 2937 ὡς
2985 2878 3488 2951 προανακηρύξαντα
3558 2883 3647 2932 τὸν
3711 2883 4154 2953 προαναφανέντα,

2553 2963 2663 3036 ἅμα
2712 2960 2772 3018 δὲ
2818 2970 2907 3018 καὶ
2955 2968 3025 3029 ὡς
3074 2971 3515 3041 προηγησαμένης
3544 2975 3636 3029 τῆς
3688 2968 3924 3031 Παλαιᾶς
3965 2968 4157 3026 Διαθή-

2553 3073 2666 3119 κης,
2697 3062 2761 3116 ἧς
2809 3056 3086 3128 νομοθέτης
3142 3056 3332 3118 ούτοςό
3373 3059 3632 3129 γεννηθεὶς
3661 3056 3739 3110 ἐπ’
3787 3056 4001 3130 ἐσχάτω
4051 3064 4156 3109 τῶν

2554 3143 2759 3218 ἡμερῶν
2799 3142 3175 3217 ἐχρημάτισεν.
3225 3150 3339 3220 Χρὴ
3383 3142 3444 3199 δε
3488 3151 3765 3218 γινώσκειν
3813 3148 3892 3199 ὅτι
3925 3144 3973 3199 ἐν
4004 3148 4152 3220 ἀρχῆ

2554 3233 2732 3293 πάσης
2794 3232 2999 3295 τελετης
3054 3224 3298 3309 ὀρθρινῆς
3360 3253 3415 3288 τε
3477 3239 3569 3288 καὶ
3631 3237 3887 3308 λυχνικῆς
3950 3243 4158 3311 πρῶτον

2554 3328 2645 3382 τῆς
2702 3320 2934 3384 Ηαλαιᾶς
2983 3318 3197 3392 ᾅδονται
3254 3323 3304 3376 οἰ
3354 3322 3576 3397 ψαλμοὶ,
3629 3323 3740 3377 εἶτα
3793 3327 3858 3378 τὰ
3903 3331 3994 3386 τῆς
4043 3328 4158 3387 νέας

2553 3413 2779 3483 χάριτος
2825 3412 3060 3484 ᾄσματα,
3094 3412 3156 3464 ἵν’
3188 3410 3359 3485 ἒχοίεν
3390 3410 3582 3467 εἰδέναι
3631 3416 3815 3476 πάντες
3844 3416 3909 3475 ὡς
3960 3420 4032 3477 εἰς
4061 3418 4155 3466 καὶ

782 3510 839 3563 et
866 3505 996 3563 haec
1018 3509 1075 3562 et
1097 3504 1201 3562 illa
1230 3504 2207 3571 mandavit,Christum.Canuntur
2242 3504 2442 3576 igitur,
2475 3513 2511 3568 c

2482 3513 2515 3568 ε
2554 3500 2706 3561 αὐτὸς
2756 3505 3015 3562 Δεσπότης
3063 3501 3204 3555 ἐστίν
3244 3504 3269 3555 6
3322 3510 3490 3556 ταῦτα
3539 3505 3752 3557 κάκεῖνα
3806 3505 4157 3577 νομοθετήσας

781 3598 849 3651 ut
866 3593 1154 3661 diximus,
1181 3597 1321 3667 post
1339 3593 1601 3667 primam
1628 3606 1871 3665 precem
1890 3594 2237 3667 Antiphona
2270 3610 2444 3668 ;quae

779 3683 978 3757 primo
1001 3682 1301 3755 ingerunt,
1326 3682 1495 3756 quod
1522 3683 1759 3740 bonum
1783 3682 1857 3740 sit
1886 3684 2155 3740 conﬁteri
2173 3687 2315 3740 nato
2333 3685 2445 3740 Do-

781 3770 950 3828 mino
969 3786 1081 3844 pro
1104 3769 1357 3828 humani
1381 3771 1617 3841 generis
1643 3770 1833 3828 salute
1856 3771 2107 3838 ;deinde
2128 3771 2283 3829 elata
2301 3788 2445 3829 voce

782 3861 1051 3919 clamant
1083 3859 1267 3919 illud:
1301 3883 1331 3913 ‹‹
1360 3862 1654 3918 Dominus
1674 3862 1953 3933 regnavit
1984 3881 1997 3932 ;
2029 3885 2057 3913 »
2096 3862 2157 3919 id
2179 3866 2267 3919 est
2283 3878 2446 3919 nunc

781 3952 982 4021 magis
1018 3953 1232 4022 regnat
1255 3954 1514 4008 aeternus
1535 3953 1655 4007 Rex
1681 3954 1740 4007 et
1766 3951 2075 4018 Dominus,
2117 3956 2447 4025 postquam

780 4038 1078 4099 humilem
1098 4040 1254 4097 hanc
1272 4039 1389 4097 sibi
1414 4055 1661 4097 carnem
1694 4040 1912 4112 induit,
1935 4056 2123 4114 quam
2150 4041 2447 4098 fortitudi-

781 4144 927 4188 nem
946 4128 1441 4203 appellaverunt:
1478 4130 1631 4186 sicut
1658 4129 1863 4186 multis
1894 4130 2251 4187 aestimatam
2275 4130 2449 4203 igno-

782 4218 1062 4288 miniam,
1088 4218 1283 4276 crucis
1309 4217 1551 4291 scilicet,
1578 4218 1835 4290 gloriam
1884 4219 2153 4277 Salvator
2179 4221 2453 4278 nomina-

783 4309 871 4367 vit
893 4311 960 4365 υ.
981 4307 1143 4366 Sicut
1179 4308 1340 4365 enim
1360 4323 1485 4380 rex,
1508 4324 1864 4383 quanquam
1895 4324 2133 4382 semper
2186 4311 2455 4384 potentia

785 4413 856 4457 ac
885 4396 1232 4457 fortitudine
1258 4397 1566 4471 praeditus,
1598 4398 1766 4454 haud
1795 4398 2098 4455 interdum
2128 4399 2224 4455 his
2269 4400 2454 4457 utitur

785 4488 868 4547 ad
885 4487 1302 4562 reprimendos
1328 4488 1533 4545 hostes
1561 4487 1667 4561 qui
1696 4487 1950 4545 subditis
1980 4490 2103 4544 suis
2131 4489 2251 4545 vim
2306 4490 2453 4547 infe-

782 4581 927 4636 runt
952 4594 966 4646 ;
985 4580 1199 4652 postea
1216 4592 1358 4635 vero
1374 4576 1709 4634 ulciscendi
1730 4582 1906 4651 capto
1932 4578 2184 4635 consilio
2200 4595 2452 4636 consur-

784 4682 955 4741 gens,
978 4668 1199 4739 exigua
1226 4666 1433 4741 aliqua
1477 4683 1617 4723 cum
1666 4672 1998 4737 armatura,
2066 4669 2451 4743 propriarum
2508 4736 2511 4737 ν

782 4757 1003 4815 virium
1032 4756 1302 4830 pondere
1330 4757 1533 4814 hostes
1581 4757 1950 4830 prosternit;
2005 4762 2186 4831 atque
2246 4758 2342 4815 his
2390 4758 2452 4815 in

780 4845 1138 4905 barathrum
1160 4846 1513 4919 perditionis
1540 4846 1845 4919 projectis,
1870 4852 2119 4905 cunctos
2146 4864 2302 4922 quos
2360 4852 2452 4922 ty-

781 4936 1035 4995 rannide
1101 4934 1300 4992 hostili
1358 4934 1658 5003 liberavit,
1714 4936 1885 4993 audit
1955 4937 2066 4993 sibi
2136 4938 2447 4996 dicentes:

782 5049 813 5077 «
858 5030 1023 5083 Nunc
1051 5025 1327 5096 regnavit
1348 5025 1639 5082 Dominus
1662 5030 2051 5098 noster,nunc
2075 5027 2271 5085 induit
2293 5028 2452 5087 forti-

778 5115 1073 5184 tudinem,
1086 5137 1107 5167 ι
1142 5115 1288 5190 quia
1304 5115 1593 5173 nimirum
1611 5117 1993 5190 propositum
2012 5118 2063 5189 ej
2075 5135 2143 5174 us
2157 5134 2228 5176 ac
2240 5119 2450 5176 volun-

779 5211 967 5265 tatem
1012 5204 1367 5278 ulciscendi,
1435 5207 1612 5278 regni
1657 5210 1716 5263 et
1765 5208 2151 5278 fortitudinis
2205 5208 2450 5267 nomine

782 5297 1091 5373 appellant
1115 5297 1230 5366 ;sic
1257 5296 1437 5353 etiam
1454 5296 1751 5370 Propheta
1766 5295 2106 5371 prmvidens
2137 5300 2371 5357 venturi
2387 5301 2451 5356 in

782 5404 962 5447 carne
996 5386 1097 5444 Dei
1127 5385 1302 5444 Verbi
1327 5391 1588 5460 tempus,
1611 5391 1669 5443 et
1698 5386 1951 5444 humani
1970 5390 2203 5460 generis
2239 5389 2449 5447 defen-

780 5479 1035 5545 sionem,
1080 5476 1383 5550 simulque
1412 5477 1605 5533 hostis
1634 5480 1691 5534 et
1721 5478 2022 5535 sociorum
2053 5480 2184 5550 ejus
2225 5480 2450 5538 daemo-

777 5583 928 5627 num
982 5566 1222 5625 cladem
1277 5582 1649 5642 supremam,
1704 5566 1951 5642 insuper
1994 5569 2188 5643 ipsius
2241 5570 2450 5628 mortis

2553 3594 2809 3666 Χριστὸς.
2848 3587 3102 3644 ”Αδονται
3157 3600 3454 3667 τοιγαροῦν,
3488 3595 3557 3654 ὡς
3599 3595 3818 3668 εἴρηται,
3873 3594 4003 3666 μετὰ
4057 3596 4157 3652 τὴν

2553 3684 2764 3755 πρώτην
2818 3682 3030 3739 αἴτησιν
3085 3679 3361 3754 ἀντίφωνασ
3394 3690 3597 3755 πρῶτον
3627 3685 3717 3756 μὲν
3764 3686 4158 3757 προτρεπόμενοι

2554 3772 2612 3821 τό
2643 3772 2712 3831 ὡς
2761 3768 2957 3841 ἀγαθὸν
2999 3772 3057 3822 τό
3107 3769 3529 3844 ἐξομολογεῖσθαι
3575 3780 3648 3843 τῷ
3689 3774 3929 3844 τεχθέντι
3976 3777 4156 3847 Κυρίῳ

2557 3856 2640 3911 ἐπὶ
2700 3864 2936 3933 σωτηρίᾳ
2985 3867 3077 3913 τοῦ
3122 3860 3442 3934 ἀνθρωπείου
3499 3864 3677 3933 γένους
3733 3866 4155 3937 παραγενομένῳ·

2558 3945 2798 4024 δεύτερον
2836 3952 3183 4026 κηρύττονται
3227 3950 3600 4025 μεγαλοφὼνως
3638 3954 3719 4022 τὸ,
3772 3974 3795 4002 ε
3845 3950 3903 4004 Ὀ
3966 3955 4161 4019 Κύριος

2557 4037 2882 4106 ἐϐασῡευσε,
2933 4062 2963 4092 ››
3012 4045 3250 4094 τουτέστι
3292 4048 3379 4094 νῦν
3426 4042 3678 4114 μειζόνως
3709 4040 3978 4114 βασιλεύει
4008 4044 4160 4119 ὀπρὸ

2561 4129 2757 4181 αἰώνων
2811 4127 3062 4203 βασιλεύς
3109 4134 3201 4183 καὶ
3262 4133 3471 4207 Κύριος,
3523 4128 3867 4205 ἐνδυσάμενος
3924 4136 4017 4191 τὴν
4070 4152 4165 4185 τα-

2558 4224 2736 4278 πεινὴν
2783 4221 2975 4278 ταύτην
3033 4222 3222 4295 σάρκα,
3277 4223 3337 4280 ἣν
3392 4225 3481 4273 καὶ
3535 4217 3757 4295 δύναμιν
3804 4225 4165 4297 προσηγόρευ-

2563 4323 2679 4361 σαν⁶
2729 4310 2961 4383 καθάπερ
3011 4316 3121 4372 τοῖς
3167 4309 3376 4372 πολλοῖς
3441 4306 3704 4364 δοκοῦσαν
3758 4314 4023 4384 αἰσχύνην
4065 4317 4163 4371 τὴν

2560 4400 2643 4451 ἐπὶ
2691 4405 2783 4451 τοῦ
2838 4408 3069 4474 σταυροῦ
3118 4394 3275 4463 δόξαν
3342 4400 3367 4452 6
3426 4404 3603 4475 Σωτήρ
3663 4399 3995 4474 ἐπονόμασεν·
4056 4402 4166 4455 ὧσ-

2558 4508 2652 4562 περ
2700 4490 2802 4564 γάρ
2852 4508 2932 4552 τις
2989 4487 3254 4563 βασιλεὺς,
3314 4487 3393 4542 ἀεὶ
3446 4492 3537 4563 μὲν
3583 4492 3643 4543 τὸ
3693 4491 3882 4565 κράτος
3937 4494 4027 4544 καὶ
4068 4495 4165 4551 τὴν

2560 4574 2785 4651 δύναμιν
2833 4580 2971 4651 ἔχων
3024 4578 3072 4631 ἐν
3124 4579 3312 4651 ἐαυτῷ,
3366 4578 3426 4631 ού
3475 4583 3737 4654 κέχρηται
3782 4582 3982 4642 τούτοις
4032 4584 4165 4654 πρὸς

2559 4668 2759 4741 ἄμυναν
2806 4677 2904 4721 τῶν
2936 4667 3139 4742 ἐχθρῶν
3166 4678 3267 4722 τῶν
3314 4672 3699 4745 τυραννούντων
3738 4673 3860 4734 τούς
3902 4672 4164 4735 ὑπηκόους

2560 4757 2742 4811 αὐτοῦ·
2799 4759 3015 4834 ὕστερον
3090 4755 3149 4811 δὲ
3214 4757 3495 4832 βουληθείς
3567 4755 3856 4819 ἐκδικῆσαι
3920 4763 4164 4834 τούτους,

2482 4873 2526 4928 D
2562 4844 2852 4911 δίαναστὰς
2901 4847 2947 4901 ἐν
2998 4857 3172 4924 μικρῷ
3216 4869 3317 4901 τινι
3367 4849 3529 4921 ὅπλῳ,
3572 4853 3740 4923 οίκείᾳ
3786 4851 3920 4925 ῥοπῇ
3983 4853 4165 4925 θραύει

2562 4938 2679 5000 τούς
2733 4938 3031 5011 πολεμίους,
3091 4942 3180 4992 καὶ
3231 4937 3380 5012 βυθῷ
3430 4937 3672 5001 ἀπολεὶας
3729 4942 3941 5002 τούτους
3996 4960 4166 5016 παρα-

2564 5025 2711 5097 δούς,
2762 5026 2937 5081 ἀκούει
2986 5032 3130 5102 παρά
3175 5030 3380 5082 πάντων
3434 5037 3533 5081 τῶν
3589 5027 4021 5103 ἐλευθερωθέντων
4069 5039 4166 5094 τῆς

2558 5115 2883 5193 τυραννίδος,
2942 5140 2971 5169 ‹‹
3025 5125 3154 5182 Νῦν,
3214 5117 3547 5172 ἑϐασιλευσεν
3598 5120 3624 5171 6
3681 5124 3951 5181 Δεσπότης
3994 5122 4163 5194 ἡμῶν,

2559 5217 2647 5263 νῦν
2687 5206 2970 5263 ἐνεδύσατο
3024 5204 3307 5281 δύναμιν,››
3358 5212 3451 5268 τὴν
3488 5207 3684 5283 βουλὴν
3733 5209 3895 5263 αὐτοῦ
3936 5215 4025 5263 καὶ
4076 5216 4169 5270 τὴν

2564 5299 2771 5359 θέλησιν
2814 5307 2912 5362 τῆς
2948 5295 3271 5362 ἐκδικήσεως
3323 5297 3597 5372 βασιλείαν
3647 5302 3735 5351 καὶ
3785 5296 4011 5373 δύναμιν
4058 5301 4171 5354 ὀνο·

2560 5390 2851 5463 μαζόντων·
2904 5389 3039 5443 οὕτω
3084 5392 3172 5441 καὶ
3228 5391 3254 5442 6
3310 5393 3583 5463 προφήτης
3659 5398 3892 5462 προορῶν
3958 5398 4050 5450 τῆς
4115 5388 4166 5442 ἐν

2562 5485 2720 5554 σαρκὶ
2770 5483 3064 5555 παρουσίας
3106 5486 3198 5531 τοῦ
3247 5485 3381 5531 Θεοῦ
3430 5481 3606 5550 Λόγου
3663 5482 3751 5531 τόν
3804 5482 4017 5554 χρόνον,
4074 5484 4168 5533 καὶ

2558 5574 2652 5629 τὴν
2715 5565 2994 5630 ἐκδίκησιν
3016 5576 3110 5623 τοῦ
3166 5567 3491 5647 ἀνθρωπίνου
3546 5572 3743 5642 γένους,
3800 5573 3895 5629 τήν
3955 5587 4010 5623 τε
4070 5578 4167 5623 τοῦ

845 5750 872 5820 ξ
899 5750 1011 5813 lsa.
1042 5768 1138 5827 xL,
1170 5750 1225 5813 3.
1253 5752 1275 5789 9
1308 5753 1421 5809 Isa.
1454 5761 1560 5823 v11,
1596 5748 1687 5806 14.
1723 5748 1769 5787 ¹⁰
1799 5745 2003 5809 Matth.
2028 5766 2108 5821 ιιι,
2144 5753 2193 5809 1.
2239 5752 2282 5791 ιι
2312 5748 2491 5814 Joan.
2530 5769 2635 5819 xu,
2669 5757 2758 5813 32.

826 6310 1075 6403 Δ
