4468 6440
299 392 405 447 433

1515 387 2009 447 COMMENTATIO
2047 388 2437 447 LITURGICA.

3553 396 3659 451 434

303 513 505 587 ἕχθροῦ
551 514 642 565 καὶ
687 516 789 565 τῶν
838 512 932 565 σὺν
976 511 1119 584 αὑτῷ
1176 509 1437 585 δαιμόνων
1484 512 1788 579 κατάλυσιν,
1830 517 1906 566 ἔτι
1937 516 1986 569 Α
2016 529 2067 571 ei

1901 534 1906 565 ι
1937 516 1986 569 Α
2016 513 2487 579 exstinctionem,
2519 515 2576 569 et
2604 512 2683 570 ab
2725 527 2797 570 ea
2820 513 3197 573 detentorum
3224 515 3665 585 liberationem,

302 622 366 674 γε
385 607 490 675 μὴν
518 606 607 654 καὶ
630 605 724 659 τὴν
757 603 980 654 θανάτου
1020 605 1289 676 νέκρωσιν,
1350 606 1440 654 καὶ
1476 605 1572 660 τὴν
1620 609 1720 654 τῶν
1782 602 1905 675 παρ’

304 693 471 745 αὑτοῦ
498 694 861 763 κατεχομένων
917 691 1228 767 ἑλευθερίαν,
1260 696 1350 744 καὶ
1397 699 1499 744 τῶν
1557 698 1619 764 τῇ
1666 696 1906 763 γεννήσει

307 785 509 855 Κυρίου
530 783 694 853 παρὸν
741 782 800 832 τὸ
827 780 1107 847 σπήλαιον,
1138 784 1220 847 τὸ,
1270 801 1299 829 ‹‹
1342 786 1448 833 Νῦν
1480 778 1830 845 ἐϐασίλευσεν,
1874 801 1905 830 ››

305 870 647 943 ἐξεφώνησεν
681 873 772 922 καὶ
810 890 841 919 ‹‹
867 876 975 922 Νῦν
1014 866 1293 922 ἐνεδύσατο
1324 866 1566 942 δύναμιν·
1600 891 1629 919 »ι
1678 869 1784 941 οὑχ
1836 871 1905 933 ὡς

303 959 366 1012 ού
420 963 544 1031 πρὶν
591 963 662 1030 μὴ
723 960 1079 1031 ὑπάρχουσαν
1146 960 1270 1031 παρ’
1310 958 1472 1028 αύτῷ,
1534 957 1643 1009 ἁλλ’
1703 960 1771 1021 ὡς
1826 957 1904 1011 ἀεὶ

306 1055 589 1114 συνοῦσαν,
640 1048 714 1109 εἰς
754 1052 1151 1123 παρωρισμένον
1219 1044 1278 1101 δι
1307 1052 1490 1121 καιρὸν
1531 1052 1903 1121 ταμιευομένην

302 1135 589 1209 ἐκλάμψαι.
644 1139 807 1190 Εῐωθε
860 1133 919 1189 δε
968 1139 994 1195 ὁ
1047 1146 1139 1189 τοῦ
1204 1139 1343 1190 θείου
1401 1141 1699 1209 Πνεύματος
1746 1140 1905 1212 χάρις

301 1228 371 1278 τὰ
421 1224 671 1297 μελλοντα
724 1226 795 1286 ὡς
865 1224 1119 1279 ἐνεστῶτα
1173 1230 1263 1278 καὶ
1324 1230 1638 1298 γεγενημένα
1714 1225 1904 1285 ἀνακη-

298 1317 527 1388 ρύττειν,

376 1402 470 1475 ιβ’·
504 1407 850 1456 Συντίτακται
898 1400 957 1457 δὲ
1010 1412 1084 1474 τῷ
1111 1404 1242 1457 τέλει
1281 1412 1373 1457 τοῦ
1415 1410 1624 1479 πρώτου
1674 1403 1901 1477 ἁντιφὼ-

615 1513 644 1541 ‹‹
694 1499 802 1555 Τῆς
880 1492 1181 1567 πρεσϐείαις
1237 1501 1331 1555 τῆς
1404 1496 1662 1545 Θεοτόκου
1732 1513 1902 1546 σωσον

300 1582 521 1652 ἡμᾶς.»
567 1585 717 1643 Τίνος
777 1584 977 1656 χάριν;
1024 1583 1052 1641 ἦ
1125 1584 1333 1645 πάντως
1374 1585 1456 1634 ἵνα
1505 1581 1768 1654 βεϐαιωθῇ
1836 1587 1903 1635 τὰ

300 1672 553 1743 πρότερον
620 1669 866 1743 εἰρημένα
925 1675 1045 1740 περὶ
1102 1677 1196 1722 τοῦ
1262 1673 1426 1723 τύπου
1458 1678 1554 1733 τῆς
1597 1672 1900 1744 Ἀειπαρθί-

300 1777 413 1824 νου,
472 1759 553 1810 ὅτι
600 1759 733 1816 αύτή
786 1768 882 1819 τῆς
928 1762 1176 1821 τοιαύτης
1252 1767 1563 1833 προηγεῖται
1631 1757 1903 1823 διακονίας

298 1510 391 1544 νου
454 1496 531 1559 τὸ,

302 1852 396 1900 καὶ
450 1844 677 1910 ἀληθοῦς
714 1847 1025 1921 οἰκονομίας·
1080 1856 1171 1900 τοῦ
1222 1845 1466 1923 δευτέρου
1528 1847 1586 1901 δὲ
1642 1853 1701 1902 τὸ
1741 1850 1901 1923 ἕφύμ-
1932 1867 1974 1921 Β

302 1955 412 1988 νιον
443 1940 579 2009 (16),
651 1958 681 1986 ‹‹
712 1943 835 1997 Ταῖς
872 1936 1170 2011 πρεσϐείαις
1218 1946 1316 1989 τῶν
1357 1938 1518 2010 ἁγίων
1556 1954 1673 1991 σου·
1709 1961 1738 1988 ››
1796 1938 1904 1993 ἐπεὶ

303 2027 405 2099 γὰρ
438 2028 565 2100 ὑπερ
608 2030 872 2099 σωτηρίας
917 2026 1108 2098 ψυχῶν
1138 2032 1229 2079 καὶ
1259 2033 1657 2102 συγχωρήσεως
1715 2048 1905 2082 πταισ-

303 2116 481 2188 μάτων
563 2119 658 2173 τὴν
744 2117 883 2168 θείαν
949 2115 1189 2189 τελοῦμεν
1233 2122 1627 2189 μυσταγωγίαν,
1695 2118 1905 2182 εἰκότως

303 2208 377 2267 ὡς
432 2205 711 2277 ὑπερτέραν
770 2199 931 2257 οὖσαν
1015 2209 1109 2263 τὴν
1185 2210 1495 2279 Θεομὴτορα
1558 2208 1761 2257 πάντων
1805 2216 1905 2259 τῶν

251 2338 259 2343 .
302 2294 490 2365 ἁγίων,
558 2295 588 2353 ἦ
649 2299 740 2347 καὶ
779 2294 949 2347 αὑτῶν
1007 2298 1324 2368 ἑπουρανίων
1357 2292 1646 2367 δυνάμεων,
1694 2296 1759 2357 εἰς
1801 2299 1905 2350 ἱκε-

303 2389 425 2435 σίαν
472 2383 929 2457 προσκαλούμεθα·
991 2380 1100 2437 εἶτα
1164 2388 1282 2446 τοὺς
1328 2384 1776 2459 εύαρεστήσαντας
1832 2395 1905 2457 τῷ

298 2476 498 2535 ταύτης
543 2475 670 2543 Υὶῷ’
732 2472 777 2526 εἰ
830 2476 931 2546 γὰρ
991 2479 1080 2526 καὶ
1130 2480 1325 2547 προῖὼν
1379 2475 1404 2526 6
1460 2473 1610 2546 λόγος
1680 2476 1905 2549 εὑρίσκει

300 2568 425 2625 τούς
483 2563 668 2634 ἁγίους
725 2562 975 2630 ἅπαντας,
1032 2563 1162 2615 ἁλλὰ
1227 2568 1318 2616 καὶ
1388 2563 1551 2622 αύτὴν
1624 2570 1717 2622 τὴν
1770 2585 1904 2617 παν-

302 2651 570 2725 ἁχραντον
628 2653 782 2705 οἱονεὶ
836 2655 982 2726 παρὰ
1023 2661 1115 2705 τοῦ
1169 2652 1452 2728 ἀρχιερέως
1505 2660 1906 2726 μεσιτευομένην

302 2741 378 2803 εἰς
398 2744 481 2806 τὸ,
512 2763 540 2790 ι(
570 2740 686 2794 Ἐτι
714 2746 1067 2815 προσφέρομέν
1096 2761 1179 2794 σοι
1214 2747 1310 2800 την
1344 2741 1557 2813 λογικὴν
1617 2745 1729 2814 (17)
1779 2746 1907 2796 ταύ-

302 2850 400 2887 την
430 2829 691 2904 λατρείαν,
724 2849 755 2883 )
808 2829 965 2884 Ἀλλὰ
994 2833 1093 2883 καθ
1132 2833 1299 2906 ἕτερον
1355 2831 1505 2902 λόγον
1556 2831 1757 2903 λέγεται
1799 2841 1909 2894 τοῖς

305 2921 554 2993 Πατράσι
602 2927 771 2971 ταῦτα
846 2916 1201 2993 διορίζεσθαι,
1254 2921 1309 2972 ὃν
1360 2917 1705 2993 ἀποδώσομεν
1774 2928 1908 2973 Θεοῦ

303 3015 667 3081 χορηγοῦντος
742 3007 819 3060 ἐπ’
870 3010 995 3061 αὑτό
1063 3012 1121 3060 τό
1193 3014 1391 3082 χωρίον
1448 3018 1543 3070 τῆς
1600 3008 1908 3073 ἀκολουθίας

307 3097 535 3157 ἣκοντες.
581 3101 713 3150 Νυνὶ
757 3094 816 3149 δὲ
878 3106 978 3149 τῶν
1034 3096 1215 3170 ἕφεξῆς
1263 3100 1289 3150 6
1336 3098 1486 3169 λόγος
1536 3098 1765 3170 ὶχέσθω·
1802 3096 1906 3157 ἤδη

303 3189 406 3260 γὰρ
454 3189 587 3261 πρὸς
637 3189 696 3238 τό
740 3191 914 3258 τρίτον
961 3185 1240 3259 ἀντίφωνον
1286 3186 1692 3261 ἐπεραιώθημεν.
1736 3191 1806 3240 Τὸ
1851 3185 1911 3242 δὲ
1941 3228 1981 3284 C

302 3279 589 3350 τροπάριον
632 3279 692 3328 τό
736 3278 870 3329 κατά
911 3279 971 3328 τό
1024 3275 1163 3337 τεἿος
1213 3284 1306 3329 τοῦ
1334 3273 1580 3329 δευτέτου
1623 3275 1908 3350 ἁντιφὼνου

301 3364 594 3438 λεγόμενον,
653 3368 733 3432 τὸ,
801 3386 830 3414 ‹‹
858 3364 919 3417 Ὀ
965 3369 1241 3437 μονογενὴς
1296 3369 1414 3427 Υἱὸς
1466 3372 1555 3419 καὶ
1605 3371 1777 3438 Λόγος
1819 3375 1911 3420 τοῦ

302 3462 462 3525 Θεοῦ,
500 3475 529 3503 »
584 3456 729 3527 παρὰ
771 3461 863 3507 τοῦ
902 3462 964 3527 τῇ
1012 3456 1123 3526 θείᾳ
1179 3454 1322 3518 λήξει
1372 3453 1634 3528 βασιλέως
1690 3456 1911 3510 Ἰουστι-

299 3551 481 3596 νιανοῦ
566 3543 921 3616 ὶκπεφώνηται
963 3560 976 3575 °
1038 3541 1249 3617 σφόδρα
1306 3546 1407 3619 φάρ
1462 3550 1550 3597 καὶ
1605 3545 1733 3599 αύτό
1800 3553 1909 3610 τοῖς

303 3633 590 3706 συμϐόλοις
654 3638 743 3686 καὶ
806 3641 901 3687 τοῦ
969 3640 1206 3708 Χριστοῦ
1261 3640 1543 3706 γεννήσεως
1596 3634 1906 3710 ἐφαρμόζοψ

302 3725 475 3787 Οὗτος
500 3727 620 3799 γὰρ,
652 3728 831 3796 φησὶν,
864 3725 1194 3795 όγεννηθεὶς,
1249 3727 1275 3776 ό
1326 3730 1602 3797 μονογενὴς
1652 3728 1771 3788 Υἰος
1820 3732 1911 3778 καὶ

302 3819 474 3885 Λόγος
500 3822 593 3866 τοῦ
620 3815 964 3889 προανάρχον
1015 3818 1213 3889 Πατρός
1274 3815 1557 3886 ὑπάρχων,
1605 3812 1909 3878 καταδεξά-

300 3923 455 3977 μενος
511 3900 607 3956 διά
689 3907 782 3961 τὴν
825 3905 1078 3976 ἡμετέραν
1137 3908 1401 3978 σωτηρίαν
1465 3907 1801 3977 σαρκωθῆναι
1854 3903 1908 3957 ἐκ

300 4002 401 4057 τῆς
439 3994 587 4065 ἁγίας
636 3998 917 4062 Θεοτόκου,
970 3991 1225 4068 ἀτρέπτου
1284 3995 1539 4067 μεινάσης
1590 4002 1686 4056 τῆς
1730 3996 1908 4052 θεότη-

300 4103 388 4145 τος
428 4089 519 4136 καὶ
592 4082 928 4155 ἁσυγχύτου,
990 4083 1064 4144 εἷς
1142 4081 1257 4136 ἐστι
1315 4091 1412 4145 τῆς
1474 4084 1631 4155 ἁγίας
1682 4080 1909 4159 Τριάδος

299 4173 723 4248 ὲνανθρωπνόσας,
815 4177 906 4225 καὶ
1016 4174 1385 4247 σταυρωθῆναι
1466 4169 1903 4245 καταδεξάμενος’

300 4262 684 4336 ἀνεκφοιτητως
762 4264 863 4335 γὰρ
927 4266 1017 4314 καὶ
1076 4259 1387 4334 ἀχωρίστως
1462 4270 1562 4315 τῶν
1633 4270 1907 4337 Πατρικῶν

815 4177 906 4225 καὶ

2016 606 2073 658 et
2095 601 2220 657 nati
2250 601 2462 658 Christi
2491 600 2842 673 speluncam
2874 618 3081 659 coram
3111 604 3434 676 aspiciens,
3457 605 3664 661 verba:

2017 712 2047 741 «
2072 694 2240 747 Nunc
2264 690 2554 759 regnavit,
2592 711 2620 739 »
2644 690 2960 759 inclamat;
2994 698 3086 748 et:
3118 714 3147 743 ‹‹
3180 696 3345 749 Nunc
3391 693 3506 749 sibi
3526 694 3641 750 for-

2014 780 2334 837 titudinem
2352 778 2575 835 induit:
2611 802 2631 829 ι
2659 795 2783 837 non
2818 781 2986 852 quod
3017 785 3194 839 antea
3244 783 3374 838 hinc
3414 782 3496 838 illi
3540 799 3667 839 non

2014 868 2270 939 adesset,
2301 867 2408 925 sed
2432 868 2579 941 quia
2609 872 2901 941 tanquam
2928 875 3219 943 perpetuo
3245 871 3663 939 inhaerentem,

2013 963 2176 1015 certo
2192 961 2395 1014 tamen
2410 957 2665 1029 tempori
2683 964 3045 1014 reservatam
3059 958 3139 1014 ad
3160 959 3663 1031 comparendum.

2014 1046 2175 1103 Solet
2198 1046 2359 1102 enim
2384 1045 2572 1101 divini
2605 1045 2855 1117 Spiritus
2895 1048 3111 1115 gratia,
3142 1046 3343 1106 futura
3373 1053 3664 1119 tanquam

2012 1134 2335 1209 presentia
2355 1138 2411 1190 et
2429 1134 2559 1206 jam
2592 1138 2726 1192 acta
2753 1134 3105 1208 praedicare.

2086 1405 2171 1457 t2.
2207 1400 2665 1473 Subjunguntur
2693 1405 2896 1459 autem
2944 1403 3052 1458 ﬁni
3108 1403 3288 1476 primi
3338 1404 3665 1477 Antiphoni

2009 1490 2198 1547 verba
2227 1507 2239 1544 :
2264 1513 2290 1539 ‹‹
2356 1491 2885 1547 lntercessionibus
2928 1492 3217 1565 Deiparae,
3275 1491 3443 1549 salva
3470 1508 3605 1551 nos.
3637 1516 3665 1543 ››

2012 1580 2204 1644 Quam
2234 1579 2314 1636 ob
2341 1594 2592 1635 causam
2613 1580 2642 1635 ?
2679 1595 2927 1652 prorsus
2955 1585 3023 1636 ut
3050 1580 3480 1637 conﬁrmentur
3503 1582 3666 1638 dicta

2011 1673 2189 1725 antea
2214 1668 2288 1725 de
2319 1672 2464 1742 typo
2479 1673 2783 1742 perpetuas
2809 1669 3082 1739 Virginis,
3104 1670 3269 1742 quod
3291 1685 3509 1742 nempe
3529 1670 3665 1741 ipsa

2010 1757 2151 1813 huic
2180 1756 2511 1813 ministerio
2524 1763 2582 1814 et
2602 1758 2955 1814 oeconomiae
2976 1762 3218 1831 praeeat.
3248 1758 3506 1815 Secundi
3523 1774 3662 1815 vero

2013 1846 2338 1920 Antiphoni
2367 1846 2748 1919 subsequens
2778 1862 3025 1903 carmen
3054 1853 3173 1903 est:
3210 1869 3238 1897 «
3289 1847 3663 1903 Intercessio-

2012 1932 2192 1989 nibus
2224 1940 2573 1991 sanctorum
2602 1939 2865 1991 tuorum.
2901 1958 2929 1985 ››
2962 1936 3114 2001 Quia
3138 1935 3300 1991 enim
3330 1951 3441 2007 pro
3473 1935 3664 1991 salute

2014 2022 2351 2080 animarum
2362 2028 2440 2090 ,et
2452 2028 2838 2096 peccatorum
2852 2025 3023 2080 venia
3033 2024 3304 2081 divinam
3318 2024 3666 2097 peragimus

2013 2114 2479 2185 mystagogiam,
2507 2114 2719 2171 merito
2744 2130 2853 2171 ceu
2884 2114 3265 2171 excelsiorem
3287 2115 3390 2171 Dei
3419 2117 3665 2171 Matrem

2014 2204 2236 2259 sanctis
2248 2203 2557 2271 omnibus,
2588 2203 2667 2259 ad
2697 2203 3191 2260 intercedendum
3211 2203 3667 2272 invocamus,et

2013 2291 2231 2348 deinde
2257 2292 2468 2349 charos
2490 2292 2768 2364 ejusdem
2792 2292 2934 2349 Filio
2958 2297 3220 2350 sanctos.
3249 2295 3398 2349 Nam
3431 2292 3539 2349 etsi
3570 2308 3658 2348 se-

2014 2396 2209 2454 quens
2236 2386 2441 2438 noster
2460 2397 2679 2454 sermo,
2708 2382 2983 2439 omnium
3013 2397 3260 2455 quoque
3319 2386 3666 2438 sanctorum

2012 2470 2275 2527 inveniet
2293 2471 2759 2543 invocationem,
2783 2476 3050 2527 attamen
3078 2471 3282 2543 ipsam
3309 2470 3668 2527 immacula-

2015 2565 2162 2629 tam,
2194 2565 2487 2634 tanquam
2517 2561 2594 2617 ab
2624 2561 2760 2633 ipso
2782 2560 3073 2633 episcopo
3094 2560 3512 2633 interpositam
3556 2558 3670 2615 illis

2014 2650 2249 2707 verbis:
2281 2674 2307 2701 ‹‹
2334 2651 2545 2706 Adhuc
2576 2650 2931 2706 exhibemus
2951 2650 3054 2706 tibi
3092 2650 3255 2705 hunc
3312 2648 3671 2705 rationalem

2016 2739 2264 2797 cultum.
2290 2761 2318 2789 ››
2350 2740 2465 2797 Sed
2495 2740 2656 2796 enim
2685 2740 2747 2795 id
2778 2756 2814 2795 a
2842 2739 3117 2811 patribus
3154 2739 3494 2795 institutum
3524 2738 3672 2793 dici-

2018 2833 2131 2896 tur,
2165 2830 2501 2886 secundum
2526 2828 2711 2885 aliam
2741 2830 2923 2885 etiam
2952 2828 3269 2896 rationem,
3292 2842 3481 2899 quam
3531 2842 3673 2882 cum

2020 2919 2099 2975 ad
2128 2920 2441 2992 proprium
2465 2920 2920 2991 pervenerimus
2952 2917 3134 2975 officii
3179 2917 3405 2987 locum,
3439 2920 3558 2973 Deo
3580 2916 3673 2973 fa-

2016 3014 2213 3080 vente,
2231 3009 2561 3065 trademus.
2582 3012 2750 3064 Nunc
2771 3007 3005 3080 reliqua
3026 3022 3225 3062 sermo
3246 3010 3674 3079 prosequatur.

2016 3100 2150 3153 Jam
2202 3098 2363 3154 enim
2411 3097 2492 3154 ad
2539 3098 2780 3154 tertium
2837 3096 3241 3168 antiphonum
3295 3094 3673 3152 devenimus.

2017 3189 2372 3261 Troparium
2396 3194 2598 3245 autem
2619 3188 2681 3243 in
2700 3188 2822 3244 ﬁne
2842 3186 3091 3243 secundi
3110 3184 3424 3257 antiphoni
3448 3185 3678 3241 dictum

2022 3300 2051 3329 ι(
2091 3278 2441 3348 Unigenitus
2474 3277 2651 3333 Filius
2681 3281 2739 3333 et
2766 3275 3034 3331 Verbum
3066 3275 3169 3331 Dei
3209 3298 3237 3325 »
3276 3290 3314 3331 a
3337 3273 3513 3331 beato
3536 3288 3679 3344 rege

2017 3366 2349 3422 Iustiniano
2416 3364 2687 3422 additum
2733 3364 2863 3434 fuit,
2905 3363 3072 3436 quod
3116 3363 3319 3436 ipsum
3343 3362 3673 3419 nativitatis

2021 3454 2235 3511 Christi
2264 3453 2556 3527 symbolis
2586 3452 2765 3509 valde
2795 3451 3218 3523 congruit:Hic
3240 3451 3423 3522 enim,
3456 3450 3671 3524 inquit,

2019 3544 2361 3617 unigenitus
2382 3543 2557 3600 Filius
2587 3547 2644 3599 et
2672 3542 2930 3599 Verbum
2962 3541 3169 3597 aeterni
3198 3540 3410 3607 Patris,
3466 3539 3677 3610 digna-

2018 3637 2113 3691 tus
2140 3649 2253 3706 pro
2281 3637 2489 3689 nostra
2519 3631 2708 3689 salute
2732 3630 3128 3688 incarnariex
3157 3630 3434 3702 Deipara,
3461 3629 3676 3686 immu-

2019 3723 2184 3779 tabili
2214 3727 2495 3779 manente
2524 3727 2580 3779 et
2617 3721 2941 3777 inconfusa
2970 3719 3209 3790 deitate,
3244 3734 3404 3775 unus
3454 3723 3544 3776 est
3598 3718 3676 3776 de

2018 3817 2227 3870 sancta
2251 3813 2547 3882 Trinitate,
2568 3812 2673 3886 qui
2703 3810 3094 3868 inhumanari
3122 3815 3180 3867 et
3200 3809 3471 3881 cruciﬁgi
3501 3809 3679 3867 susti-

2017 3904 2166 3959 nuit.
2202 3902 2432 3959 Etenim
2459 3902 2589 3959 sine
2641 3902 2909 3973 discessu
2940 3905 2998 3957 et
3046 3900 3174 3956 sine
3232 3900 3610 3973 separatione
3640 3916 3679 3957 a

2016 3992 2285 4067 paternis
2318 3993 2574 4048 sinubus
2601 3990 3001 4056 descendens,
3034 3990 3387 4047 incarnatus
3412 3994 3501 4046 est
3530 4006 3543 4046 :
3572 3990 3677 4062 qui

2018 4083 2197 4140 etiam
2227 4083 2288 4138 in
2309 4081 2556 4152 trisagio
2582 4082 2816 4154 hymno
2842 4096 2879 4137 a
2904 4078 3270 4153 spiritalibus
3301 4078 3676 4136 ccelestibus-

2016 4189 2136 4247 que
2164 4172 2484 4229 virtutibus
2511 4170 2928 4228 collaudatur:
2960 4169 3090 4243 ipse
3107 4184 3251 4241 ergo
3282 4173 3373 4227 est
3403 4168 3679 4227 Salvator

2017 4267 2239 4321 noster.

296 4351 506 4405 κόλπων
560 4350 810 4421 καταϐὰς,
872 4352 1225 4427 σεσάρκωται·
1280 4352 1307 4403 6
1347 4356 1438 4404 καὶ
1503 4350 1553 4404 ἐν
1610 4353 1684 4423 τῴ
1747 4356 2010 4427 τρισαγίῳ
2071 4353 2213 4427 ὑμνῳ
2274 4348 2723 4426 συνδοξαζόμενος
2766 4352 2867 4404 ὑπό
2916 4357 3016 4402 τῶν
3097 4356 3280 4424 νοερῶν
3351 4352 3443 4402 καὶ
3518 4349 3678 4403 ὑπου-

295 4446 491 4518 ρανίων
521 4438 809 4514 δυνὰμεων·
833 4441 988 4501 αὑτὸς
1008 4437 1097 4493 οὖν
1124 4439 1265 4493 ἔστιν
1291 4441 1316 4493 6
1348 4441 1532 4502 σώζων
1552 4443 1712 4513 ἡμᾶς.

376 4530 461 4604 ιγ’.
518 4532 671 4584 Οὑτω
740 4533 1104 4603 συνήρμοσται
1162 4532 1303 4604 παρὰ
1349 4536 1450 4581 τῶν
1522 4533 1764 4603 Πατέρων
1817 4534 1908 4583 καὶ
1944 4532 1988 4586 D

297 4623 324 4674 6
374 4623 649 4696 τρισάγιος
698 4621 877 4693 ὑμνος,
939 4621 1022 4671 ἶνα
1072 4624 1158 4672 καὶ
1210 4620 1235 4671 6
1284 4616 1377 4672 διὰ
1455 4626 1548 4672 τοῦ
1620 4624 1906 4695 τροπαρίου

296 4713 619 4785 ὑμνούμενος
674 4712 741 4771 εἷς
807 4714 875 4761 ὢν
931 4711 1183 4784 κηρυχθῇ
1248 4716 1346 4771 τῆς
1402 4707 1556 4780 ἁγίας
1656 4705 1905 4780 Τριάδος,

298 4804 585 4875 όμοούσιος
619 4807 693 4870 τῷ
727 4803 895 4875 Πατρὶ
924 4803 1015 4851 καὶ
1045 4806 1118 4869 τῷ
1170 4797 1301 4870 ἁγίῳ
1356 4800 1619 4871 Πνεὺματι
1649 4804 1739 4849 καὶ
1772 4817 1907 4871 συμ-

295 4896 431 4965 φυὴς
478 4896 568 4944 καὶ
607 4887 924 4965 ἀδιαίρετος·
967 4892 1026 4941 τό
1077 4891 1179 4962 γὰρ
1231 4887 1414 4960 Ἀγιος
1473 4892 1498 4940 ό
1554 4891 1681 4949 Θεὸς
1726 4890 1775 4941 οἱ
1814 4892 1906 4950 τὰς

294 4984 661 5044 ὑποστατικὰς
694 4977 962 5041 ἰδιότητας
1008 4976 1334 5055 διαιροῦντες
1389 4986 1462 5051 τῷ
1520 4983 1691 5053 Πατρὶ
1735 4998 1908 5055 προσ-

294 5074 535 5147 νέμουσι’
570 5075 628 5125 τὸ
660 5068 720 5124 δέ
766 5070 951 5144 “Apro;
996 5072 1227 5144 ἰσχυρὸς
1267 5076 1331 5128 τῆ
1385 5066 1618 5128 ἰδιότητι
1656 5076 1748 5131 τῆς
1779 5071 1908 5122 ὑπο-

374 5226 489 5296 (16)
520 5222 866 5296 Citatur_hic
894 5219 1256 5296 Andidensis
1278 5219 1450 5296 locus
1472 5236 1547 5276 ex
1576 5236 1693 5296 ms.
1716 5219 1795 5276 ab
1817 5219 1911 5275 Al-

293 5298 445 5355 latio
470 5291 681 5353 contra
709 5294 1130 5365 Hottingerum
1154 5294 1359 5366 p.182.
1390 5292 1539 5350 Item
1565 5291 1641 5348 de
1666 5295 1905 5362 Purgat.

294 5371 795 5520 pkitgilicolaus
823 5435 1133 5520 Cabasilas
1158 5435 1221 5520 in
1251 5451 1476 5492 comm.
1504 5450 1621 5520 cap
1639 5436 1735 5520 51,.
1759 5434 1898 5520 λογι-

293 5508 417 5579 κήν,
446 5508 615 5578 quod
644 5509 901 5567 dicimus
932 5509 1319 5576 rationalem,
1342 5508 1575 5563 mavuit
1606 5508 1907 5563 verbalem

296 5582 652 5654 intelligere,
709 5581 855 5654 quia
880 5579 1028 5654 nihil
1071 5578 1239 5636 aliud
1290 5595 1328 5635 a
1353 5578 1685 5654 sacerdote2
1717 5593 1908 5651 quam

294 5650 988 5715 verba'sacramentalia
1024 5666 1361 5727 precesque
1386 5650 1539 5710 ﬁant
1565 5650 1630 5709 in
1670 5650 1786 5710 hoc
1811 5666 1905 5709 sa-

2092 4532 2179 4589 13.
2212 4531 2305 4589 Sic
2327 4532 2379 4588 ei
2410 4526 2908 4587 accommodatus
2941 4533 3030 4586 est
3058 4544 3096 4586 a
3137 4526 3418 4585 Patribus
3448 4527 3679 4599 trisagii

2018 4639 2265 4697 quoque
2284 4622 2573 4695 hymnus,
2596 4624 2663 4677 ut
2687 4626 2742 4677 te
2758 4620 2855 4677 ille
2876 4620 2982 4694 qui
3003 4620 3065 4675 in
3084 4618 3347 4691 tropario
3369 4617 3673 4688 laudatur,

2022 4729 2179 4771 unus
2208 4712 2284 4769 de
2311 4716 2520 4768 sancta
2546 4710 2828 4768 Trinitate
2861 4708 3241 4782 praedicetur,
3276 4707 3678 4765 consubstan—

2019 4804 2172 4862 tialis
2195 4804 2351 4859 Patri
2372 4806 2429 4859 et
2454 4805 2664 4858 sancto
2687 4800 3196 4874 Spiritui,natura3
3219 4797 3494 4870 ejusdem
3517 4802 3575 4855 et
3592 4798 3679 4855 in-

2020 4892 2396 4967 separabilis.
2415 4893 2445 4946 J
2452 4907 2553 4948 am
2567 4889 2755 4947 verba
2773 4913 2793 4939 ‹
2813 4894 3056 4946 sanctus
3070 4891 3246 4959 Deus,
3268 4908 3289 4938 ο
3312 4887 3353 4944 ii
3368 4887 3475 4961 qui
3486 4888 3680 4959 hypo-

2020 4984 2261 5041 staticas
2289 4981 2684 5056 proprietates
2714 4979 3114 5050 distinguunt,
3142 4977 3297 5051 patri
3323 4977 3676 5035 attribuunt:

2020 5079 2150 5132 tum
2162 5073 2347 5131 verba
2360 5094 2387 5121 «
2403 5073 2658 5130 Sanctus
2670 5069 2895 5139 fortis,»
2912 5067 3174 5143 propriae
3186 5066 3503 5142 hypostasi
3548 5065 3673 5123 Filii

2020 5218 2263 5276 criﬁcio.
2304 5215 2597 5273 Nimirum
2650 5214 2825 5287 λόγος,
2876 5218 2935 5271 et
2981 5214 3138 5270 ratio
3170 5217 3274 5284 est,
3330 5215 3405 5287 et,
3433 5210 3679 5287 uerbum

2022 5307 2129 5347 seu
2161 5290 2395 5347 locutio.
2428 5282 2818 5344 Posteriorem
2839 5289 3041 5342 autem
3072 5282 3320 5343 sensum
3368 5282 3681 5341 Cabasilas

2018 5361 2295 5435 praetulit.
2327 5360 2504 5435 Aliter
2529 5363 2733 5416 tamen
2754 5361 3117 5435 _Ge_rmanus,
3154 5373 3263 5435 seu
3313 5354 3509 5429 quivis
3536 5353 3681 5435 “sub

2022 5430 2152 5505 ejus
2181 5432 2427 5491 nomine
2454 5431 2666 5505 latens,
2700 5430 2805 5505 ed.
2832 5430 3117 5505 Paris,_p.
3144 5431 3285 5505 l60:
3337 5433 3553 5505 Λατινοῑ
3582 5430 3676 5498 χέ-

2019 5498 2179 5580 γουσι
2257 5502 2608 5580 ραζιονάϐιλε*
2651 5498 2663 5505 ’
2701 5501 2943 5564 Ἕλληνες
3009 5498 3075 5555 δξ
3144 5502 3362 5575 λεγουσι
3425 5503 3681 5575 φρόνησιν

2021 5584 2111 5632 καὶ
2141 5578 2353 5651 167L677:
2363 5596 2448 5633 τα.
