4468 6440
798 400 905 457 435

2069 400 2429 459 THEODORI
2462 402 2881 468 ANDIDENSIS

4056 408 4159 463 436

800 522 977 579 Verbi
987 521 1316 594 assignant.
1334 521 1617 595 Denique:
1630 524 1916 579 «Sanctus
1928 523 2457 591 immortalis,vivi-
2483 526 2533 579 Α

2397 523 2457 580 ri—
2483 526 2533 579 Α
2566 526 2796 596 στάσεως
2858 531 2951 578 τοῦ
3027 530 3152 578 Υίοῦ
3211 531 3301 579 καὶ
3358 529 3532 598 Λόγου
3606 525 3937 600 ἀφορίζουσιο
3984 531 4044 580 τὸ
4102 524 4161 581 δε

801 611 901 669 ﬁci
928 614 987 668 et
1016 609 1547 666 consubstantialis
1578 611 1829 684 Spiritus
1857 626 2136 684 personas
2160 612 2453 671 tribuunt:

803 715 1159 773 quanquam
1187 704 1244 755 et
1265 699 1592 772 unicuique
1614 700 1794 756 trium
1842 716 2241 773 personarum
2278 701 2457 757 unius

804 787 1453 858 deitatis,triplicatum
1507 788 1624 845 hoc
1667 788 2039 845 vocabulum
2097 796 2397 846 «sanctus
2426 812 2456 840 »

805 877 1105 934 convenit.
1127 877 1356 932 Harum
1375 877 1536 933 enim
1564 892 1950 950 unaquaeque
1979 883 2037 934 et
2062 883 2272 935 sancta
2291 884 2382 935 est
2401 882 2461 934 et

803 965 974 1022 fortis
1003 970 1061 1021 et
1086 964 1468 1021 immortalis.
1500 966 1868 1036 Conjunctus
1891 971 2096 1022 autem
2125 967 2235 1023 fuit
2262 972 2462 1039 tropa-

804 1054 896 1110 rio
922 1052 1142 1123 trisagii
1175 1053 1462 1125 hymnus,
1486 1053 1567 1109 ob
1597 1053 2061 1123 signiﬁcandam
2080 1060 2310 1111 naturae
2332 1054 2460 1109 uni-

805 1144 1061 1212 tatemiet
1074 1141 1756 1198 consubstantialitatem
1773 1141 1894 1198 Filii
1917 1158 2054 1198 cum
2076 1142 2460 1215 duabuslper-

809 1230 974 1285 sonis
995 1229 1258 1300 reliquis.
1288 1232 1509 1285 Natura
1535 1245 1678 1285 sane
1702 1230 2317 1286 etsubstantiatribus
2340 1246 2462 1285 una

809 1323 921 1387 est,
948 1333 1172 1373 nomen
1188 1333 1330 1373 vero
1347 1333 1669 1373 commune
1695 1319 1943 1374 unicum
1966 1318 2159 1374 deitas
2181 1338 2198 1389 ;
2228 1319 2462 1374 etiamsi

810 1408 1063 1479 singulae
1092 1412 1209 1462 tres
1229 1422 1504 1478 personae
1534 1407 1912 1480 appellentur
1958 1409 2257 1479 perfectus
2304 1410 2460 1464 Deus

809 1501 875 1553 ln
902 1496 997 1553 his
1025 1511 1169 1552 vero
1223 1496 1507 1552 brevibus
1556 1497 1751 1552 verbis
1788 1496 2073 1569 praeclare
2118 1497 2464 1565 intelligitur

810 1585 992 1641 etiam
1012 1583 1161 1641 illud
1190 1584 1400 1654 magni
1415 1584 1698 1655 Tlleologi
1723 1585 1949 1641 dictum
1974 1604 1987 1641 :
2008 1588 2158 1641 Nam
2180 1585 2463 1640 dividitur

808 1672 1084 1739 indivise,
1107 1677 1173 1728 ut
1192 1672 1276 1727 ita
1302 1672 1537 1745 loquar,
1566 1679 1623 1729 et
1652 1673 2043 1744 conjungitur
2094 1673 2351 1729 divisim.
2399 1674 2463 1727 Et

810 1761 953 1818 alibi
980 1761 1145 1818 idem
1175 1764 1343 1817 Pater
1372 1778 1385 1817 :
1414 1764 1542 1818 Non
1564 1778 1823 1835 possum
1854 1762 1966 1818 tria
2013 1761 2303 1831 dividere,
2355 1759 2462 1816 sed

2561 611 2748 684 Ἀγιος
2822 611 3071 673 ἀθάνατος
3111 622 3174 685 τῇ
3229 621 3322 667 τοῦ
3380 614 3640 676 ξωοποιοῦ
3718 620 3808 668 καὶ
3879 616 4161 688 ὀμοουσίον

2565 705 2863 773 Πνεῦματος
2942 698 3261 775 ἀφιεροῦσιν.
3327 701 3600 777 Ἀρμόττει
3669 699 3729 756 δι
3814 708 3906 757 καὶ
3962 703 4039 776 ἔφ’
4092 704 4163 757 ἐνὶ

2566 789 2769 862 ἑκάστῳ
2844 798 2944 841 τῶν
3012 798 3167 863 τριῶν
3241 810 3536 864 προσωπων
3587 799 3683 853 τῆς
3760 798 3882 864 μιᾶς
3926 794 4164 854 θεότητος

2564 878 2632 931 τὰ
2713 882 2836 950 τρία
2931 882 3085 930 ταυτὶ
3135 878 3283 949 άγια·
3346 881 3564 931 ἕκαστον
3637 882 3739 953 γὰρ
3819 884 4016 933 τούτων
4071 886 4162 933 καὶ

2565 966 2710 1038 ἅγιός
2779 964 2909 1032 ἔστι,
2981 971 3071 1018 καὶ
3155 966 3377 1041 ἰσχυρὸς
3431 973 3521 1021 καὶ
3568 967 3843 1035 ἀθάνατος,
3901 977 4165 1029 Συνῆπται

2567 1057 2659 1126 μεν
2725 1049 2812 1106 οὖν
2868 1061 2941 1123 τῷ
2984 1060 3251 1128 τροπαρίῳ
3321 1060 3413 1108 καὶ
3468 1058 3494 1108 6
3532 1060 3807 1130 τρισάγιος
3860 1058 4039 1130 ὕμνος,
4095 1059 4164 1119 εἰς

2569 1140 2802 1201 δήλωσιν
2841 1150 2932 1203 τῆς
2978 1151 3238 1215 συμφυῑας
3281 1149 3371 1196 καὶ
3428 1146 3837 1217 όμοουσιοτητος
3892 1154 3984 1199 τοῦ
4040 1151 4164 1199 Υίοῦ

2567 1234 2698 1303 μετὰ
2743 1238 2844 1283 τῶν
2902 1230 3091 1282 λοιπῶν
3141 1233 3479 1284 ύποστάσεων
3530 1230 3647 1285 δύο·
3696 1237 3854 1306 φύσις
4062 1236 4165 1309 γὰρ

2569 1324 2658 1370 καὶ
2736 1318 2891 1369 οὐσία
2968 1325 3073 1379 τοῖς
3137 1325 3282 1391 τρισὶ
3349 1325 3463 1391 μία,
3536 1324 3698 1393 ὄνομα
3761 1319 3821 1374 δε
3881 1326 4050 1374 κοινόν
4117 1325 4167 1374 ἓν

2569 1409 2599 1464 ἠ
2674 1409 2869 1467 θεότης·
2921 1406 2965 1459 εἰ
3028 1412 3118 1459 καὶ
3182 1410 3398 1460 ἕκαστον
3469 1417 3569 1460 τῶν
3649 1418 3804 1483 τριῶν
3864 1416 4161 1484 προσώπων

2571 1499 2701 1557 Θεὸς
2740 1494 3057 1566 ὀναμάζεται
3096 1496 3304 1556 τέλειος.
3366 1496 3448 1548 Ἐν
3498 1500 3700 1558 τούτοις
3753 1494 3813 1550 δε
3870 1505 3980 1559 τοῖς
4027 1497 4169 1573 βρα-

2571 1587 2698 1654 χέσι
2747 1583 2952 1656 ῥήμασι
2994 1582 3165 1645 καλῶς
3192 1590 3384 1636 νοεῖται
3428 1590 3519 1636 καὶ
3575 1588 3635 1636 τό
3682 1586 3828 1659 παρά
3881 1593 3973 1637 τοῦ
4014 1587 4172 1657 μεγά-

2568 1671 2658 1723 λου
2729 1670 2967 1741 θεολόγου
3043 1672 3176 1723 οὕτω
3250 1691 3356 1732 πως
3393 1672 3677 1746 εἰρημένον·
3744 1680 4030 1747 Διαιρεῖται
4066 1676 4170 1745 γὰρ

2571 1756 2901 1833 ἁδιαιρέτως,
2955 1759 3016 1811 ἶν’
3066 1761 3229 1821 οὕτως
3277 1763 3422 1819 εῖπω,
3476 1766 3567 1813 καὶ
3617 1764 3933 1815 συνάπτεται
3973 1758 4171 1835 διῃρη-

807 1850 872 1907 in
892 1865 1085 1906 unum
1133 1849 1396 1907 confero.
1442 1853 1628 1907 Nemo
1664 1866 1807 1906 vero
1838 1850 2178 1907 testimonia
2206 1850 2336 1906 haec
2361 1848 2459 1905 tri-
2495 1868 2534 1921 Β

2409 1848 2459 1904 ’ἱ-
2495 1868 2534 1921 Β
2571 1852 2752 1920 μένως·
2807 1852 2897 1900 καὶ
2954 1847 3183 1920 ἁλλοχοῦ
3240 1851 3265 1901 6
3329 1850 3497 1911 αὐτός’
3568 1850 3643 1903 Οὐ
3696 1852 3871 1923 φθάνω
3939 1854 4006 1903 τὰ
4051 1856 4173 1925 τρία

812 1939 967 2008 sagii
996 1938 1270 1994 audiens.
1305 1938 1855 1995 existimetinitium
1887 1939 2120 2012 cepisse
2142 1938 2462 2008 trisagium

808 2027 1086 2084 aChristi
1142 2028 1241 2083 Dei
1299 2028 1491 2083 nostri
1542 2027 2068 2085 inhumanatione.
2124 2028 2462 2099 Antiquitus

810 2116 970 2173 enim
989 2132 1027 2171 a
1049 2115 1346 2189 deiloquis
1374 2116 1683 2188 prophetis
1712 2117 1965 2188 mystice
1990 2117 2051 2172 in
2083 2116 2289 2188 spiritu
2315 2132 2462 2187 pra:-

808 2209 1117 2262 cantatum
1147 2210 1293 2261 erat.
1325 2205 1515 2275 Hujus
1528 2205 1689 2261 cnim
1719 2205 1979 2261 formam
2003 2221 2075 2260 ac
2100 2205 2286 2261 verba
2306 2204 2462 2260 evol-

806 2310 955 2350 vens
1003 2293 1212 2360 David,
1284 2293 1545 2350 breviter
1604 2293 1783 2356 ,idem
1850 2290 2135 2350 exhibet:
2201 2293 2458 2358 «Sitivit,

806 2382 1038 2449 dicens,
1072 2382 1279 2439 anima
1307 2397 1444 2438 mea
1473 2382 1551 2438 ad
1582 2383 1771 2438 Deum
1795 2382 2008 2439 fortem
2025 2383 2224 2438 vivum
2252 2384 2317 2438 ³³,
2340 2404 2368 2433 ››
2397 2384 2464 2438 Et

807 2471 949 2528 alibi
982 2490 995 2527 ε
1048 2496 1075 2524 ς
1104 2472 1296 2527 Verbo
1336 2471 1577 2528 Domini
1627 2471 1759 2528 caeli
1811 2471 2028 2528 ﬁrmati
2061 2478 2219 2537 sunt,
2246 2477 2302 2527 et
2345 2470 2463 2543 spi-

806 2561 923 2617 ritu
942 2561 1062 2617 oris
1091 2561 1221 2632 ejus
1237 2561 1436 2617 omnis
1467 2561 1656 2616 virtus
1682 2576 1893 2617 eorum
1913 2562 1978 2612 ¹³.
2010 2582 2038 2610 ››
2071 2563 2139 2616 Et
2168 2561 2284 2615 alio
2305 2560 2458 2615 loco:

808 2671 836 2699 ‹‹
860 2652 926 2705 In
952 2650 1179 2705 lumine
1210 2653 1312 2705 tuo
1345 2649 1688 2705 videbimus
1732 2649 1943 2705 lumen
1988 2652 2052 2703 1‘.
2108 2674 2135 2700 ››
2191 2652 2323 2705 Jam
2367 2648 2464 2704 ille

806 2743 1083 2794 cantatus
1132 2738 1211 2794 ab
1242 2739 1396 2794 Isaia
1421 2738 1692 2810 hymnus
1725 2739 2074 2811 seraphicus
2104 2741 2173 2809 '5,
2194 2739 2299 2811 qui
2330 2753 2463 2794 san-

804 2832 902 2884 cta
932 2829 1046 2884 tria
1072 2832 1128 2884 et
1158 2843 1347 2884 unam
1376 2826 1853 2884 dominationem
1879 2827 2110 2884 confert
2132 2833 2313 2899 atque
2344 2826 2464 2883 dei-

804 2922 1010 2985 tatem,
1033 2933 1371 2990 quamnam
1402 2932 1527 2989 praa
1558 2932 1621 2973 se
1646 2917 1759 2974 fert
1812 2917 2214 2974 differentiam
2263 2916 2343 2973 ab
2394 2932 2462 2973 eo

805 3005 975 3078 quod
1004 3021 1042 3061 a
1070 3005 1249 3062 nobis
1279 3011 1554 3062 cantatur
1602 3005 1849 3075 trisagio
1875 3008 1902 3062 ?
1950 3006 2160 3079 Itaque
2216 3004 2464 3077 troparii

806 3110 948 3150 cum
978 3094 1224 3164 trisagio
1255 3094 1627 3151 connectitur
1673 3094 1877 3164 dictio,
1930 3099 2251 3167 propterea
2297 3092 2463 3166 quod

807 3188 1134 3274 utrumque
1154 3182 1235 3274 ad
1262 3182 1548 3274 deitatem
1574 3182 1823 3274 refertur
1852 3200 1866 3251 ;
1899 3199 2093 3256 eaque
2114 3182 2296 3274 dictio
2342 3198 2465 3238 me-
2495 3219 2535 3274 Ο

1732 3188 1823 3239 tur
1852 3200 1866 3251 ;
1899 3199 2093 3256 eaque
2114 3182 2296 3239 dictio
2342 3198 2465 3238 me-
2495 3219 2535 3274 Ο
2574 3183 2810 3252 συνάγων
2884 3189 2973 3236 καὶ
3062 3186 3300 3254 θεότητα,
3379 3188 3495 3235 τίνα

807 3270 975 3327 dium
1005 3271 1220 3327 dividit
1249 3271 1517 3344 episcopi
1537 3272 1965 3343 procedentem
1988 3272 2318 3328 introitum.

808 3364 1001 3435 παρίου
1082 3363 1213 3432 μετὰ
1274 3368 1365 3412 τοῦ
1436 3363 1715 3431 τρισαγίου
1776 3370 2041 3421 συνῆπται
2096 3362 2120 3412 6
2193 3360 2341 3432 λόγος
2398 3355 2491 3411 διὰ
2539 3363 2633 3417 τὴν
2689 3364 2819 3431 πρὸς
2874 3366 2968 3419 τὴν
3020 3364 3241 3420 θεότητα
3307 3365 3502 3415 τούτων
3554 3360 3834 3435 ἀναφορὰν,

808 3453 902 3507 τὴν
923 3446 971 3500 ἐν
993 3453 1136 3521 μέσῳ
1162 3447 1548 3524 προϐαίνουσαν
1568 3457 1658 3502 τοῦ
1684 3448 1970 3525 ἀρχιερέως
2001 3447 2228 3503 εἶσοδον*

886 3541 972 3594 14.
1006 3538 1087 3595 De
1115 3539 1231 3595 hoc
1258 3554 1402 3609 ergo
1455 3539 1721 3608 introitu,
1778 3545 1957 3611 prout
2015 3542 2169 3595 Deus
2217 3536 2469 3607 dederit,

812 3632 1157 3699 nostraeque
1181 3628 1382 3683 valent
1400 3628 1582 3697 vires,
1602 3628 1955 3701 loquamur.
1990 3631 2278 3683 Putamus
2308 3626 2471 3695 enim

815 3715 1026 3771 Christi
1058 3715 1159 3771 Dei
1182 3716 1375 3773 nostri
1399 3718 1807 3773 ostensionem
1839 3718 2006 3789 apud
2038 3718 2387 3783 Jordanem,
2420 3721 2477 3770 et

816 3803 1392 3873 manifestationem,
1426 3806 1505 3861 ab
1535 3807 1804 3879 episcopi
1838 3806 2079 3862 introitu
2108 3806 2297 3861 innui.
2331 3806 2476 3861 Hinc

815 3895 1039 3966 itaque,
1065 3898 1132 3949 ut
1158 3894 1420 3958 videtur,
1453 3894 1711 3951 ﬂumina
1743 3895 2128 3969 appellantur
2152 3895 2253 3951 illa
2279 3896 2339 3950 in
2366 3897 2478 3951 Ma-

819 3999 955 4055 gnae
975 3984 1252 4040 Ecclesia;
1278 3990 1624 4057 pavimento
1638 3986 1841 4042 stricta
1867 3992 1924 4041 et
1942 3986 2115 4055 nigra
2134 4000 2473 4041 marmorea

816 4074 995 4146 quasi
1047 4072 1313 4142 ordines,
1356 4074 1764 4130 mediocribus
1820 4074 2145 4131 intervallis
2204 4074 2357 4129 inter
2415 4090 2477 4128 se

818 4162 1124 4218 distantia.
1144 4166 1292 4219 Nam
1315 4179 1509 4236 usque
1532 4164 1607 4218 ad
1625 4164 1933 4219 introitum
1953 4180 2306 4236 quanquam
2331 4179 2478 4235 pon-

819 4250 965 4307 tifex
985 4251 1253 4307 Christus
1270 4228 1607 4317 erat,'haud
1640 4252 1926 4308 omnibus
1959 4228 2314 4308 manifestus
2333 4228 2481 4306 -erat
2508 4228 2553 4281 D

820 4345 879 4396 et
898 4342 1174 4410 cognitus
1200 4359 1213 4409 ;
1245 4342 1484 4396 tametsi
1506 4342 1567 4396 in
1590 4342 1791 4399 medio
1820 4358 2095 4410 versans,
2119 4348 2477 4414 supernatu-

819 4430 975 4487 ralia
1028 4435 1085 4487 et
1128 4431 1431 4488 immensa
1478 4431 1760 4487 faciebat.
1800 4435 1961 4487 Tunc
1991 4438 2167 4504 capto
2214 4439 2481 4502 tempore

824 4519 1130 4590 sacerdos,
1163 4522 1269 4594 qui
1294 4521 1355 4576 in
1381 4520 1583 4577 medio
1615 4521 1784 4576 altari
1817 4521 2184 4577 consistebat
2208 4527 2345 4577 ante
2361 4518 2483 4591 epi-

824 4610 994 4683 scopi
1020 4610 1353 4679 introitum,
1373 4609 1535 4665 velut
1566 4612 1904 4666 Praecursor
1932 4615 2074 4666 tunc
2104 4608 2485 4665 ministrabat

822 4699 1189 4774 paenitentiae
1214 4699 1543 4772 baptisma,
1604 4700 2010 4755 introeuntem
2061 4716 2313 4755 cernens
2364 4692 2515 4771 epi-'

825 4804 1104 4861 scopum,
1129 4788 1384 4854 secedit;
1414 4789 1859 4860 propemodum
1886 4789 2033 4844 illud
2058 4788 2229 4844 tacite
2254 4788 2481 4853 dicens,

822 4878 990 4953 quod
1006 4880 1269 4934 Joannes
1292 4877 1494 4933 aiebat
1523 4895 1535 4932 :
1561 4901 1587 4927 «ι
1623 4878 1795 4933 Hunc
1825 4884 2061 4953 oportet
2087 4893 2485 4945 crescere,me

823 4974 1027 5026 autem
1044 4968 1237 5024 minui
1262 4969 1336 5035 ¹⁶;
1359 4990 1380 5017 ι
1413 4966 1672 5041 ideoque
1699 4967 2011 5024 confestim
2030 4968 2486 5039 ceditepiscopo

822 5058 1063 5129 majora
1092 5058 1353 5130 operari.
1376 5059 1509 5112 Jam
1540 5074 1680 5113 cum
1706 5058 1768 5113 in
1794 5057 2037 5113 introitu
2063 5063 2285 5113 canunt
2327 5053 2485 5129 psal-

822 5154 931 5204 tae:
1001 5170 1030 5199 «
1077 5147 1281 5203 Venite
1335 5146 1708 5203 exsultemus
1766 5148 2040 5213 Domino,
2118 5146 2307 5202 verba
2354 5153 2488 5218 post

823 5238 1200 5311 baptismum
1224 5236 1523 5308 signiﬁcat
1536 5236 1972 5310 apostolorum,
1996 5253 2133 5310 quas
2160 5236 2235 5292 de
2258 5237 2487 5291 Christo

824 5328 1442 5399 dicebantzNamque
1474 5331 1613 5383 ante
1660 5326 2041 5383 vocationem
2092 5327 2190 5381 alii
2238 5326 2486 5399 quidem

824 5418 1115 5476 aiebant:
1170 5417 1447 5488 «Venite,
1491 5416 1855 5483 invenimus,
1913 5433 2096 5490 quem
2158 5416 2486 5489 exoptaba-

824 5524 996 5577 mus;
1050 5506 1150 5563 alii
1216 5522 1377 5564 vero.
1433 5506 1723 5564 «Veniet
1760 5506 1965 5563 vide.»
2020 5506 2131 5563 Alii
2185 5506 2482 5579 denique:

2573 1932 2778 2003 διελέῖν,
2832 1942 2922 1989 καὶ
2969 1937 3037 1999 εἰς
3093 1942 3152 1990 τό
3205 1941 3253 1990 ἓν
3302 1937 3642 2012 ἀναφέρομαι.
3714 1939 3868 1992 Ἀλλὰ
3940 1946 4012 2012 μή
4067 1959 4172 2008 τις,

2569 2027 2658 2085 τὰς
2709 2030 3001 2100 μαρτυρίας
3050 2030 3241 2088 ταύτας
3298 2034 3392 2079 τοῦ
3445 2033 3725 2101 τρισαγίου
3804 2026 4030 2097 ἀκούων,
4087 2047 4169 2080 νο-

2570 2118 2704 2187 μίσῃ
2764 2118 2858 2171 τὴν
2911 2114 3081 2188 ἀρχὴν
3138 2114 3308 2168 λαϐεῖν
3366 2114 3466 2168 ἀπὸ
3509 2124 3606 2178 τῆς
3652 2125 3745 2169 τοῦ
3788 2124 4027 2192 Χριστοῦ
4080 2120 4173 2168 καὶ

2570 2209 2704 2255 Θεοῦ
2787 2205 2935 2275 ἡμῶν
3012 2203 3467 2276 ἕνανθρωπὴσεως’
3528 2205 3692 2258 πάλαι
3762 2210 3861 2279 γὰρ
3922 2207 4020 2259 ὑπὸ
4072 2214 4172 2258 τῶν

2573 2293 2833 2364 θεηγόρων
2908 2301 3185 2365 προφητῶν
3255 2302 3525 2366 μυστικῶς
3602 2302 3674 2365 τῷ
3734 2298 3992 2365 πνεύματι
4047 2314 4174 2371 προ-

2572 2384 2987 2453 αναφωνούμενον
3047 2378 3128 2439 ἦν*
3186 2385 3371 2435 τούτου
3422 2385 3524 2456 γὰρ
3572 2387 3659 2435 τόν
3721 2386 3883 2436 τύπον
3949 2389 4039 2437 καὶ
4080 2386 4177 2445 τὰς

2570 2470 2749 2543 ῥήσεις
2809 2472 3028 2543 ἱστορῶν
3062 2472 3087 2522 6
3115 2468 3304 2538 Δαϐὶδ,
3344 2469 3437 2524 διά
3474 2470 3842 2544 βραχυλογίαν
3884 2478 4178 2544 παρίστησι

2570 2566 2771 2610 τοῦτον·
2844 2581 2871 2607 tt
2905 2556 3184 2631 Ἐδίψησε,
3217 2583 3245 2610 ››
3312 2560 3491 2631 λέγων,
3544 2583 3566 2610 ι
3600 2563 3629 2619 ἡ
3691 2561 3847 2633 ψυχή
3901 2581 4003 2634 μου
4046 2565 4177 2634 πρὸς

2571 2652 2658 2700 τόν
2715 2652 2844 2701 Θεὸν
2900 2653 2987 2701 τὸν
3036 2651 3281 2724 ἰσχυρόν,
3328 2654 3415 2702 τόν
3470 2652 3661 2711 ζῶντα·
3692 2674 3712 2700 ν
3774 2657 3864 2703 καὶ
3917 2650 4173 2723 ἀλλαχοῦ-

2577 2760 2599 2785 ι
2650 2744 2733 2807 Τῷ
2810 2737 2947 2809 λόγῳ
3035 2744 3230 2812 Κυρίου
3304 2740 3515 2812 οὐρανοὶ
3592 2742 4001 2815 ἐστερεώθησαν,
4086 2746 4178 2793 καὶ

2570 2833 2644 2895 τῷ
2688 2830 2945 2899 πνεύματι
2988 2836 3079 2879 τοῦ
3137 2834 3396 2900 στόματος
3453 2829 3614 2880 αὐτοῦ
3655 2835 3805 2881 πᾶσα
3859 2831 3889 2887 ἡ
3952 2826 4177 2901 δύναμις

2572 2914 2764 2966 αὐτῶν·
2797 2936 2826 2965 ››
2882 2922 2972 2968 καὶ
3051 2916 3283 2990 ἑτέρωθι,
3346 2940 3367 2965 ι
3423 2917 3504 2970 Ἐν
3568 2925 3639 2987 τῷ
3719 2922 3851 2989 φωτί
3893 2936 3988 2970 σου
4048 2916 4175 2988 όψό-

2572 3005 2705 3075 μεθα
2750 3012 2871 3076 φῶς.
2917 3027 2943 3054 η
2995 3006 3053 3058 Ὀ
3099 3003 3147 3058 δ’
3193 3008 3294 3059 ύπό
3341 3005 3560 3058 Ἠσαίου
3609 3005 3918 3079 ἐκφωνηθεὶς
3969 3026 4180 3079 σεραφι-

2572 3095 2665 3154 κός
2728 3092 2905 3165 ὕμνος,
2944 3100 3034 3147 χαὶ
3091 3098 3158 3147 τὰ
3213 3100 3337 3168 τρία
3381 3096 3511 3165 άγια
3555 3095 3628 3157 εἰς
3688 3100 3814 3167 μίαν
3894 3099 4181 3168 κυριότητα

3593 3180 3852 3257 διαφοράν
3908 3188 4046 3257 φέρει
4087 3191 4183 3235 τοῦ

2571 3269 2695 3343 παρ’
2755 3272 2899 3343 ἡμῶν
2947 3269 3204 3346 ᾀδομένου
3250 3277 3582 3347 τρισαγίου;
3643 3278 3745 3324 Τοῦ
3798 3276 3890 3344 μὲν
3935 3268 4022 3324 οὖν
4065 3291 4187 3345 τρο-

3919 3359 4182 3434 διατεμὼν

2654 3535 2740 3591 ιδ’·
2799 3543 3045 3611 Λεγέσθω
3104 3549 3381 3613 τοιγαροῦν
3434 3546 3551 3616 περὶ
3613 3545 3807 3603 ταύτης
3876 3541 3976 3593 ὃσα
4062 3537 4183 3597 δοίη

2583 3631 2705 3690 Θεὸς
2759 3632 2895 3681 κατὰ
2946 3633 2996 3681 τό
3046 3631 3171 3701 ἡμῖν
3240 3629 3533 3705 ἐγχωροῦν,
3620 3636 3889 3703 Λοκοῦμεν
3934 3632 4035 3705 γὰρ
4090 3633 4186 3686 τὴν

2584 3716 2669 3769 ἐπὶ
2737 3724 2829 3768 τοῦ
2889 3715 3155 3790 Ἰορδάνου
3226 3715 3489 3781 ἀνάδειξιν
3568 3724 3658 3771 καὶ
3734 3724 4019 3791 φανέρωσιν
4092 3725 4187 3768 τοῦ

2585 3813 2821 3879 Χριστοῦ
2874 3812 2963 3859 καὶ
3014 3814 3147 3860 Θεοῦ
3195 3809 3337 3879 ἡμῶν
3383 3812 3475 3865 τὴν
3519 3815 3611 3859 τοῦ
3658 3806 3934 3881 ἁργιερέως
3975 3803 4188 3858 εἰσοδον

2585 3896 3002 3951 ὑπαινίττεσθαι.
3079 3896 3167 3948 Ἐκ
3241 3899 3427 3948 τούτου
3488 3893 3596 3963 οὖν,
3650 3900 3715 3957 ὡς
3759 3895 3911 3961 ἔοικε,
3962 3902 4189 3966 ποταμοὶ

2587 3984 2933 4056 ὀνομάζονται
3013 3989 3076 4038 τὰ
3154 3984 3204 4037 έν
3282 3994 3354 4056 τῷ
3397 3982 3578 4058 ἐδάφει
3646 3994 3742 4048 τῆς
3794 3985 4036 4056 Μεγάλης
4076 3984 4189 4037 Ἐχ-

2586 4073 2809 4135 κλησίας
2901 4080 3108 4147 κείμενα
3200 4078 3508 4148 μααμάρινα
3581 4078 3735 4128 στενὰ
3812 4079 3903 4126 καὶ
3994 4073 4193 4147 μελανα

2591 4160 2747 4221 δίκην
2803 4160 3044 4239 ὁρδίνων,
3104 4169 3193 4215 καὶ
3259 4163 3484 4236 μετατξύ
3532 4169 3749 4239 μετρίων
3812 4160 4192 4236 διαστημάτων

2591 4252 2819 4312 ἀλλήλων
2892 4250 3253 4328 διαιρούμενα·
3319 4259 3483 4327 μέχρι
3552 4256 3653 4326 γὰρ
3714 4261 3805 4313 τῆς
3861 4249 4096 4322 εἰσόδου,
4151 4253 4197 4304 εἰ

2590 4349 2680 4395 καὶ
2728 4341 2788 4402 ἧν
2838 4342 3132 4418 ἀρχιερεύς,
3184 4342 3292 4393 ἀλλ’
3323 4342 3453 4414 οὐχὶ
3498 4349 3633 4395 πᾶσι
3691 4338 3852 4402 δῆλος
3924 4347 4014 4393 καὶ
4059 4348 4197 4413 γνώ-

2590 4453 2761 4508 ριμος·
2823 4432 2865 4485 εἰ
2935 4428 2995 4484 δε
3063 4432 3137 4493 εἰς
3193 4437 3350 4504 μέσον
3413 4431 3596 4497 ἑστὼς,
3665 4436 3753 4483 καὶ
3820 4432 3886 4482 τὰ
3957 4431 4193 4502 ὑπερφυῆ

2591 4527 2682 4574 καὶ
2738 4520 2946 4584 ἐξαίσια
3003 4517 3274 4573 διατελῶν
3330 4518 3438 4571 ἀλλ’
3519 4522 3544 4571 ό
3615 4523 3701 4572 τόν
3771 4518 3952 4594 καιρόν
4026 4516 4196 4570 λαϐὼν

2595 4614 2775 4685 ἱερεῦς,
2829 4610 2858 4662 ύ
2907 4616 2997 4663 καὶ
3068 4614 3225 4681 μέσον
3290 4617 3382 4661 τοῦ
3455 4610 3839 4681 θυσιαστηρίου
3900 4609 4195 4679 ἱστάμενος,

2589 4704 2689 4773 πρό
2753 4708 2848 4761 τῆς
2919 4696 3132 4751 εἰσόδου
3207 4706 3302 4750 τοῦ
3376 4697 3681 4771 ἀρχιερέως,
3754 4700 3825 4760 ὡς
3888 4693 4199 4772 Πρόδρομος

2593 4788 2795 4865 ἐνήργει
2843 4808 2900 4841 το
2943 4785 3037 4841 διὰ
3082 4792 3353 4860 μετανοίας
3416 4784 3725 4860 βάπτισμα·
3792 4786 3843 4847 ὃς
3899 4785 4200 4838 εἰσελθόντα

2597 4876 2722 4931 ἰδὼν
2787 4882 2874 4931 τὸν
2933 4877 3204 4951 ἀρχιερέα,
3265 4879 3602 4948 μεθίσταταισ
3685 4880 3972 4948 μονονουχὶ
4057 4875 4198 4927 τοῦτ’

2596 4969 2755 5021 ἐκεῖνο
2826 4970 2997 5042 ἡρέμα
3039 4964 3422 5039 διαλεγόμενος,
3495 4965 3618 5040 ὅπερ
3666 4967 3825 5037 ἔφησε
3880 4969 3970 5016 καὶ
4023 4963 4198 5017 Ἰωάν-

2596 5079 2709 5125 νης,
2739 5082 2766 5108 ‹‹
2793 5065 2987 5110 Τοῦτον
3018 5052 3100 5108 δεῖ
3130 5055 3468 5123 αὐξάνεσθαι,
3521 5053 3607 5127 ἐμέ
3665 5051 3724 5107 δε
3781 5053 4145 5106 ἱλαττοῦσθαι-
4168 5074 4197 5100 δι

2598 5144 2684 5199 διό
2742 5152 2833 5197 καὶ
2884 5145 3030 5204 εὐθὺς
3074 5150 3391 5217 παραχωρεῖ
3447 5150 3519 5213 τῷ
3586 5142 3825 5215 ἀρχιερεῖ
3869 5144 3933 5193 τὰ
3984 5145 4203 5213 μείζονα

2597 5236 2994 5308 τελεσιουργεῖν.
3034 5236 3134 5285 Τόν
3202 5229 3261 5284 δε
3308 5228 3559 5303 ᾀδόμενον
3615 5234 3761 5305 παρὰ
3813 5239 3909 5282 τῶν
3964 5231 4200 5300 ψαλτῶν,

2596 5350 2623 5376 ‹‹
2686 5333 2851 5395 Δεῦτε,
2906 5322 3346 5394 ἀγαλλιασὼμεθα
3414 5328 3485 5391 τῷ
3575 5325 3767 5395 Κυρίῳ,
3830 5342 3852 5369 ν
3912 5324 4031 5380 τοὺς
4074 5323 4206 5392 μετὰ

2595 5420 2653 5468 τό
2704 5414 2988 5488 βάπτισμα
3035 5412 3221 5483 λύγους
3262 5410 3496 5484 ἐμφαίνει
3570 5418 3671 5463 τῶν
3731 5408 4054 5475 ἀποστόλων,
4116 5410 4203 5469 οῦς

2593 5506 2765 5578 ἔλεγον
2816 5508 2935 5580 περὶ
2987 5508 3079 5558 τοῦ
3140 5507 3398 5576 Χριστοῦ·
3467 5503 3557 5552 καὶ
3615 5502 3716 5575 πρό
3779 5506 3872 5552 τοῦ
3942 5494 4203 5557 κληθῆναι

900 5690 946 5726 ¹²
968 5686 1249 5764 Psal,xu,
1280 5691 1334 5757 3,
1413 5686 1635 5749 "Psal.
1666 5702 1855 5761 χχιιι,
1883 5692 1935 5744 5.
2034 5688 2080 5724 ¹¹ο
2102 5685 2259 5747 Psal.
2282 5702 2453 5771 xxxv,
2490 5689 2574 5765 10.
2656 5687 2664 5722 ¹

1802 5702 1855 5761 u,
1883 5692 1935 5744 5.
2034 5688 2080 5724 ¹¹ο
2102 5685 2259 5747 Psal.
2282 5702 2453 5771 xxxv,
2490 5689 2574 5765 10.
2656 5686 2701 5725 ιδ
2731 5684 2845 5760 Isa.
2874 5698 2957 5753 vt,
2988 5685 3039 5742 3.
3076 5681 3121 5720 ιθ
3146 5682 3319 5742 Joan.
3357 5695 3443 5761 ut,
