4468 6440
300 395 404 450 837

301 518 350 567 οἱ
513 516 698 586 ἔλεγον,
733 536 761 563 ι(
800 520 967 581 Δεῦτε,
1015 514 1305 584 εὑρήκαμεν
1344 513 1430 562 τὸν
1476 509 1809 579 ποθούμενον
1862 528 1891 557 ››
1921 505 1966 559 Α

301 607 351 655 οἱ
378 601 459 668 δέ,
497 625 519 652 ε
551 602 756 674 Ἔρχου
787 607 872 652 καὶ
904 597 1006 652 ἴδε·
1043 623 1071 651 ι)
1098 607 1188 652 καὶ
1218 602 1404 673 ἕτεροι,
1436 619 1456 646 ε
1497 597 1706 661 Ἦλθον,
1740 614 1894 667 φησι,

302 696 392 742 καὶ
451 686 592 741 εἶδον
637 698 739 741 ποῦ
799 691 958 760 μένει,
1012 693 1102 739 καὶ
1156 688 1280 758 παρ’
1344 685 1485 753 αύτῷ
1550 687 1748 755 ἔμειναν
1804 687 1899 738 τήν

303 780 501 848 ἡμέραν
559 779 773 832 εκείνην·
839 796 867 825 ιι
921 781 1013 826 καὶ
1070 775 1235 827 τᾶλλα
1290 773 1459 833 ἁπλῶς
1514 772 1615 824 ὅσα
1675 770 1901 840 ἐχόμενα

303 873 396 917 τού
450 863 821 936 βαπτίσματος
885 867 986 937 πρό
1059 871 1157 923 τῆς
1212 861 1492 922 καθολικῆς
1558 859 1785 918 κλήσεως
1851 860 1900 909 οὶ

303 956 538 1026 μαθηται
592 959 724 1027 πρός
788 953 1036 1013 ἀλλήλους
1092 953 1282 1021 ἲλεγον.
1350 954 1420 1003 Τὸ
1471 947 1551 1016 δε,
1601 971 1628 998 ‹‹
1659 949 1900 1021 Προφθα-

305 1060 474 1113 σωμεν
503 1046 562 1093 τό
591 1047 872 1114 πρόσωπον
916 1041 1077 1092 αὑτοῦ
1133 1039 1182 1092 ἄν
1231 1038 1618 1110 ἐξομολογήσει,
1674 1059 1704 1086 ι»
1747 1043 1900 1087 τούτο

302 1128 477 1188 δηλοῖ·
543 1127 779 1197 Ἐπειδὴ,
850 1135 1030 1201 φησιν,
1097 1129 1245 1190 οὗτος
1308 1130 1335 1179 ὁ
1398 1135 1486 1178 νῦν
1547 1130 1714 1196 φανεὶς
1777 1143 1901 1197 προ-

301 1227 506 1280 αιωνιος
569 1222 658 1290 μεν
711 1219 828 1270 ἆστι
887 1222 1040 1279 Θεὸς,
1099 1224 1190 1269 καὶ
1239 1217 1459 1290 ούρανου
1515 1220 1604 1266 καὶ
1657 1222 1758 1284 γῆς
1811 1218 1897 1264 καὶ

303 1307 577 1368 Θαλάσσης
637 1305 983 1378 δημιουργός,
1063 1311 1238 1377 γέγονε
1317 1310 1407 1355 καὶ
1470 1311 1557 1354 νυν
1631 1304 1902 1374 ἄνθρωπος

299 1396 419 1446 καθ’
473 1398 634 1465 ἡμᾶς,
683 1397 856 1446 πάντα
910 1397 977 1446 τά
1031 1401 1128 1455 τῆς
1169 1393 1493 1464 ἀντρωπίνης
1543 1394 1742 1462 φύσεως
1785 1387 1903 1440 ἴδια

300 1485 460 1552 ἔχων,
517 1482 652 1538 πλήν
719 1487 877 1554 μόνης
945 1490 1041 1543 τῆς
1106 1482 1389 1554 ἁμαρτίας·
1451 1479 1620 1551 μελλει
1686 1475 1746 1530 δε
1803 1474 1902 1528 αὖ-

303 1571 384 1630 θις
429 1568 479 1620 έν
529 1572 768 1641 ὑστέροις
806 1577 1006 1640 καιροῖς
1062 1572 1192 1641 μετά
1247 1576 1338 1619 τοῦ
1397 1567 1558 1618 αὐτού
1617 1571 1902 1637 προσώπου

300 1663 391 1709 καὶ
436 1666 532 1719 τῆς
585 1658 749 1719 αὐτῆς
795 1659 1132 1716 ὑποστάπως
1183 1657 1438 1728 ἔρχεσθαι
1478 1662 1652 1725 κρίυαι
1709 1654 1904 1713 ζῶντας

299 1751 391 1797 καὶ
440 1751 676 1817 νεκρούς,
708 1746 882 1798 οὐκέτι
934 1749 1023 1817 μεν
1083 1749 1302 1814 τοιούτῳ
1362 1751 1588 1815 σώματι,
1637 1743 1731 1793 οὐκ
1761 1745 1902 1793 ἀσώ-

1507 384 2000 443 ΟΟΜΠΕΝΤΑΤΙΟ
2039 382 2434 440 LITURGICA.

3534 387 3644 442 438

2078 529 2106 556 ‹‹
2121 510 2374 575 lverunt,
2387 505 2601 577 inquit,
2618 508 2676 560 et
2693 504 2973 560 viderunt
2997 504 3098 560 ubi
3120 510 3391 562 maneret
3409 512 3468 564 et
3485 510 3654 579 apud

2005 610 2145 650 eum
2167 599 2520 648 manserunt
2550 592 2648 647 die
2676 591 2778 647 illa
2802 593 2841 626 ¹⁷
2873 609 2886 658 ;
2921 613 2949 640 ››
2980 596 3039 647 et
3065 591 3186 648 alia
3229 609 3650 667 quacumque,

2004 681 2163 736 circa
2191 685 2430 751 tempus
2481 678 2787 750 baptismi,
2818 684 2955 734 ante
3003 679 3344 747 generalem
3396 683 3656 738 vocatio-

2007 783 2166 826 nem.
2226 766 2470 839 dicipuli
2525 766 2679 820 inter
2732 781 2794 821 se
2869 765 3132 821 aiebant.
3188 769 3368 823 Porro
3418 768 3651 824 verba:

2011 879 2031 904 ι
2059 858 2552 926 Praeoccupemus
2576 853 2790 908 faciem
2817 853 2948 923 ejus
2975 853 3036 909 in
3056 854 3451 922 confessione,
3480 877 3510 904 »
3539 857 3658 914 hoc

2006 944 2274 1000 indicant
2309 942 2661 1011 :Quoniam,
2690 941 2904 1013 inquit,
2933 941 3031 996 hic
3059 942 3164 1014 qui
3187 944 3490 1014 apparuit,
3505 960 3658 1000 sem-

2006 1038 2274 1105 piternus
2301 1037 2389 1087 est
2418 1034 2593 1097 Deus,
2629 1029 2763 1086 coeli
2788 1034 2956 1085 terra;
2985 1031 3291 1102 marisque
3320 1037 3572 1100 creator,
3602 1038 3661 1090 et

2005 1137 2168 1177 nunc
2215 1121 2406 1176 factus
2437 1124 2525 1175 est
2577 1118 2789 1174 similis
2819 1118 2996 1174 nobis
3041 1119 3246 1188 homo,
3287 1121 3495 1177 omnia
3545 1121 3658 1176 hu-

2005 1227 2204 1266 mana:
2256 1215 2486 1265 natura:
2515 1209 2759 1280 propria
2787 1207 3043 1276 habens,
3073 1213 3325 1280 excepto
3355 1214 3602 1280 peccato
3643 1226 3658 1264 :

2007 1314 2335 1370 rursusque
2373 1296 2690 1369 postremis
2720 1296 3092 1368 temporibus
3123 1312 3263 1352 cum
3293 1297 3508 1353 eadem
3528 1312 3660 1368 per-

2009 1403 2159 1444 sona
2186 1393 2244 1442 et
2291 1385 2632 1440 substantia
2685 1384 2899 1440 eadem
2947 1389 3232 1440 venturus
3279 1390 3368 1440 est
3389 1386 3662 1455 judicare

2006 1476 2178 1532 vivos
2218 1480 2276 1532 et
2299 1479 2608 1530 mortuos:
2640 1472 2808 1528 haud
2845 1472 3130 1544 equidem
3177 1473 3240 1528 in
3292 1474 3664 1544 ejuscemodi

2009 1579 2281 1636 corpore,
2312 1577 2509 1634 neque
2541 1566 2742 1617 tamen
2761 1562 3172 1633 incorporeus,
3197 1561 3304 1617 sed
3333 1576 3408 1617 ea
3435 1562 3665 1618 ratione

2009 1668 2196 1725 quam
2225 1653 2356 1724 ipse
2381 1650 2544 1706 novit
2571 1650 2882 1705 divinioris
2920 1650 3190 1722 corporis
3221 1667 3234 1704 :
3263 1651 3480 1719 venite,
3511 1651 3667 1706 ado-

2010 1757 2215 1796 remus
2261 1740 2452 1806 illum,
2511 1738 2818 1794 credentes
2865 1737 2920 1793 ei
2972 1742 3038 1794 ut
3092 1740 3234 1806 Deo,
3287 1739 3668 1811 procidentes

301 1853 466 1904 ματος
518 1831 600 1888 δι.
646 1831 722 1894 οἷς
773 1830 914 1886 οἶδεν
962 1834 1120 1893 αὐτός
1176 1836 1341 1904 λόγοις
1374 1828 1753 1902 θεοειδεστίρου
1803 1834 1974 1900 acii-3
2013 1845 2065 1902 pl

1928 1845 1974 1900 Β
2013 1837 2255 1902 propter
2291 1844 2366 1884 ea
2394 1844 2530 1900 quas
2567 1826 2972 1897 peccavimus.
2997 1827 3436 1882 Praeveniamus
3463 1830 3667 1883 autem

301 1941 482 1992 ματος,
578 1919 727 1974 δευτε
818 1927 1264 1995 προσκυνήσωμεν
1335 1921 1500 1989 αὐτῷ,
1575 1922 1902 1978 πιστεύοντες

301 2015 371 2072 ὡς
423 2019 558 2080 Θεῷ,
618 2017 1029 2084 προσπίπτοντες
1086 2013 1212 2084 ὑπερ
1269 2008 1334 2061 ὧν
1392 2012 1706 2084 ἡμάρτομεν.
1769 2015 1900 2082 Προ-

302 2102 581 2172 φθάσωμεν
650 2096 708 2152 δε
783 2106 872 2152 καὶ
931 2098 1404 2172 προκαταλάϐωμεν
1479 2103 1538 2150 τό
1621 2102 1900 2172 πρόσωπον

302 2189 461 2240 αὐτοῦ
517 2188 566 2240 ἐν
620 2189 995 2261 ἐξομολογήσει
1049 2194 1139 2241 καὶ
1199 2187 1452 2262 συντριϐῇ
1513 2184 1756 2260 καρδίας·
1821 2189 1902 2237 ἱνα

300 2278 457 2330 αὐτόν
547 2277 734 2331 ἐκεῖνον
808 2279 996 2331 έκεῖθεν
1097 2278 1240 2330 ἵλεων
1317 2278 1540 2352 εὕρωμεν
1638 2281 1898 2347 κρίνοντω

299 2367 350 2418 έν
399 2369 500 2442 γὰρ
558 2377 631 2438 τῷ
682 2365 790 2440 ᾁδη
843 2369 937 2419 οὐκ
995 2368 1137 2420 ἔστιν
1194 2367 1588 2439 ἐξομολόγησις*
1645 2363 1732 2418 διό
1789 2371 1898 2440 χρή

297 2463 386 2506 νῦν
434 2461 524 2507 καὶ
553 2455 963 2529 προκαταλαϐεῖν
989 2460 1078 2507 καὶ
1103 2458 1425 2528 προφθάσαι.

373 2545 449 2596 ιε’·
505 2545 664 2606 Εἰθύς
717 2541 806 2596 οὖν
860 2547 992 2616 μετά
1047 2550 1142 2602 τήν
1205 2542 1436 2608 εἴσοδον,
1490 2550 1580 2598 καὶ
1635 2549 1693 2596 τό
1769 2544 1907 2603 τέλος

300 2641 393 2684 τού
424 2639 727 2706 τρισαγίου,
789 2636 817 2691 η
872 2633 976 2684 ἀνω
1032 2631 1268 2708 καθέδρα
1312 2635 1450 2704 (18),
1507 2638 1623 2694 ήτις
1661 2639 1756 2691 τήν
1805 2632 1907 2685 ἀπό

299 2730 398 2790 γῆς
449 2723 521 2782 εἰς
575 2723 788 2796 ούρανον
844 2719 1055 2789 ἄνοδον,
1123 2730 1212 2773 καὶ
1272 2729 1366 2779 τήν
1413 2722 1514 2775 ἀπό
1567 2732 1658 2784 τῆς
1708 2743 1908 2795 χαμαι-

303 2820 493 2883 ρεπους
550 2811 812 2871 πολιτείας
862 2821 962 2862 τῶν
1018 2808 1311 2880 Ἰουδαίων,
1379 2817 1470 2864 και
1531 2817 1624 2870 τὴν
1687 2812 1741 2864 ἐκ
1816 2820 1908 2864 τού

299 2904 461 2970 νόμον
528 2906 618 2952 καὶ
673 2909 769 2960 τῆς
836 2901 1066 2960 Παλαιᾱς
1132 2903 1393 2962 Διαθήκης
1441 2900 1908 2972 συγκαταϐατικῶς

301 2987 704 3060 ἇγχωρηθείσης
791 2990 988 3053 αυτοῖς,
1057 2985 1210 3046 δηλοί
1288 2989 1597 3061 μετάϐασιν
1676 2993 1743 3050 ὡς
1823 2990 1907 3042 έν-

300 3079 472 3127 τευθεν
540 3074 698 3136 δῆλον
764 3077 845 3128 ὅτι
910 3080 1041 3149 μετά
1090 3083 1184 3135 τήν
1241 3075 1504 3140 ἀνάδειξιν
1566 3086 1658 3130 τού
1718 3077 1907 3149 βαπτί-

2009 1926 2068 1975 et
2096 1932 2594 1991 praeoccupemus
2643 1915 2858 1970 faciem
2901 1915 3033 1986 ejus
3080 1916 3144 1970 in
3190 1915 3568 1972 confessione
3613 1922 3669 1973 et

2007 2008 2208 2064 cordis
2257 2005 2631 2070 contritione,
2667 2008 2730 2060 ut
2756 2019 2896 2059 eum
2933 2003 3052 2059 illic
3081 2005 3534 2060 misericordem
3577 2007 3671 2076 ju-

2005 2097 2202 2152 dicem
2242 2095 2732 2167 comperiamus:
2774 2093 2835 2147 in
2883 2092 3115 2148 inferno
3153 2093 3315 2148 enim
3367 2093 3533 2150 nulla
3583 2098 3672 2150 est

2006 2184 2306 2241 confessio
2335 2202 2347 2237 :
2374 2187 2691 2255 propterea
2729 2186 2965 2252 oportet
2982 2196 3144 2237 nunc
3161 2185 3219 2237 et
3243 2197 3671 2255 prmoccupare

2007 2280 2064 2330 et
2089 2273 2436 2345 praevenire.

2087 2545 2174 2598 t5.
2207 2543 2417 2599 Statim
2447 2542 2650 2614 itaque
2698 2546 2840 2614 post
2873 2541 3184 2599 introitum
3234 2548 3292 2599 et
3340 2544 3571 2614 trisagii
3608 2544 3675 2598 ﬁ-

2013 2648 2177 2701 nem,
2203 2632 2283 2687 ad
2311 2630 2666 2686 cathedram
2695 2630 3147 2702 conscenditur,
3176 2648 3313 2705 quas
3357 2648 3453 2688 res
3500 2649 3539 2688 a
3563 2637 3674 2688 ter-

2012 2738 2081 2778 ra
2109 2723 2168 2776 in
2191 2721 2409 2776 caelum
2441 2734 2866 2785 conscensum,
2903 2723 2961 2774 et
2988 2719 3068 2776 ab
3089 2719 3300 2776 inﬁma
3323 2721 3674 2778 Judmorum

2016 2813 2156 2875 vita,
2189 2816 2247 2865 et
2272 2826 2307 2865 a
2333 2809 2463 2878 lege
2492 2825 2564 2864 ac
2589 2813 2787 2863 vetere
2832 2809 3057 2866 foedere
3106 2809 3490 2880 indulgenter
3533 2811 3679 2883 ipsis

2016 2915 2327 2961 concesso,
2348 2897 2650 2968 significat
2665 2899 2984 2953 transitum
3006 2916 3018 2952 :
3042 2902 3107 2954 ut
3125 2899 3265 2954 hinc
3280 2899 3388 2955 ﬁat
3408 2899 3679 2970 explora-

2015 2994 2165 3058 tum,
2208 2987 2376 3060 quod
2424 2992 2562 3058 post
2605 2985 2896 3058 baptismi
2925 2986 3386 3056 institutionem,
3441 2989 3679 3044 initium

2016 3078 2173 3149 cepit
2213 3078 2417 3133 divina
2445 3079 2659 3147 gratia.
2695 3078 2872 3131 Porro
2901 3076 3050 3131 illud
3077 3077 3474 3148 interponitur
3514 3076 3683 3150 quod

301 3184 467 3234 ματος
524 3165 701 3237 ἀρχὴν
759 3165 1130 3237 λαμϐανούσης
1186 3175 1280 3227 τῆς
1341 3169 1482 3227 θείας
1539 3170 1778 3238 χάριτος·
1838 3168 1905 3217 ὧν
1937 3195 1978 3250 C
2015 3167 2065 3222 di

2015 3167 2230 3223 dicitur
2275 3186 2629 3238 προκείμενον,
2673 3171 2996 3240 propterea
3032 3166 3200 3238 quod
3238 3167 3466 3223 cunctis
3507 3183 3684 3225 nova:
3765 3207 3767 3209 ι

299 3257 459 3322 μέσον
543 3257 705 3306 ἔνεστι
807 3259 865 3306 τό
967 3254 1233 3326 λεγόμενον
1330 3260 1680 3330 προκείμενον·
1782 3259 1903 3330 ὅπερ

299 3346 465 3403 οὕτως
541 3347 764 3416 εἴρηται.
831 3340 971 3396 διότι
1022 3349 1294 3416 πρόκειται
1339 3347 1543 3396 πάντων
1606 3354 1704 3397 τῶν
1772 3365 1907 3417 συμο

301 3430 458 3482 ϐολῶν
516 3441 609 3491 τῆς
652 3437 766 3493 νέας
832 3435 1080 3506 χάριτοςο
1155 3437 1284 3504 μετά
1341 3436 1442 3508 γὰρ
1503 3441 1656 3486 τοῦτο
1722 3440 1810 3485 καὶ
1874 3436 1902 3492 ἡ

299 3529 398 3570 τῶν
488 3521 789 3572 ἀποστόλων
868 3521 1072 3590 κλῆσις,
1163 3528 1252 3574 καὶ
1314 3525 1344 3579 ἡ
1413 3519 1672 3585 ἀνάδειξις
1739 3523 1906 3574 αὐτῶν

301 3608 634 3680 ἀναφαίνεται
690 3606 785 3661 διά
841 3619 937 3671 τῆς
994 3621 1092 3662 τῶν
1147 3611 1390 3682 Πράξεῶν
1448 3613 1638 3680 αὐτῶν,
1698 3617 1727 3669 ή
1807 3620 1907 3664 τῶν

298 3697 587 3749 ἐπιστολῶν
644 3696 1004 3768 ἀναγνώσεως·
1054 3703 1184 3773 πρὸς
1244 3697 1324 3768 δε,
1388 3707 1477 3752 καί
1531 3703 1559 3758 η
1621 3700 1673 3763 ἐξ
1740 3701 1908 3752 αὐτῶν

297 3795 398 3838 τῶν
463 3793 799 3860 γεγραφότων
866 3791 934 3840 τά
1018 3791 1129 3840 θεῖα
1214 3789 1506 3860 Εὐαγγέλια
1586 3794 1770 3862 χάρις.
1851 3790 1906 3842 Ἠ

301 3871 358 3927 δὲ
419 3881 644 3949 σφραγὶς
700 3878 763 3934 ἣν
820 3879 846 3928 ό
900 3876 1179 3952 ἀρχιερεύς
1242 3881 1447 3943 ἔσωθεν¹
1499 3888 1665 3932 ποιεῖν
1735 3881 1908 3932 εἴωθεν

299 3964 346 4015 ἐν
403 3974 476 4035 τῷ
539 3965 671 4018 τέλει
735 3974 824 4018 τοῦ
886 3972 1190 4039 τρίσαγίου,
1253 3969 1320 4029 εἰς
1350 3969 1610 4042 πλήρωμα
1670 3973 1760 4041 μεν
1818 3977 1911 4023 καὶ

297 4056 452 4106 οἱονεὶ
510 4053 886 4127 ίκσφράγισμα
942 4066 1042 4107 τῶν
1120 4063 1235 4130 περὶ
1305 4065 1539 4131 Χριστοῦ
1603 4065 1911 4134 προειρημέο

295 4149 392 4194 νῶν
431 4153 769 4215 προφητικῶν
852 4154 1028 4217 φωνῶν
1118 4149 1599 4220 χαρακτηρίζεται·
1688 4151 1719 4205 ἡ
1808 4152 1909 4224 γάρ

298 4228 392 4283 διά
448 4237 649 4307 σαρκός
698 4234 862 4286 αὑτοῦ
911 4240 1182 4310 παρουσία
1240 4241 1466 4310 σφραγὶς
1541 4237 1736 4308 ἐγένετο
1793 4238 1910 4291 ἐπι-

294 4340 537 4394 κυρουσα
590 4326 656 4374 τά
713 4324 799 4374 ὑπ’
855 4323 1059 4376 ἐκείνων
1111 4332 1540 4400 προηγορευμένα
1586 4331 1654 4388 ὡς
1718 4327 1907 4386 ἀληθῆ·

295 4411 424 4467 αὕτη
493 4408 554 4463 δε
613 4416 703 4463 καὶ
765 4412 838 4472 εἰς
914 4412 1091 4487 ἀρχήν
1172 4422 1272 4466 τῶν
1359 4417 1651 4491 θεοπρεπών
1726 4421 1906 4491 ἔργων,

293 4506 382 4552 καὶ
450 4509 550 4562 τῆς
604 4508 698 4553 τοὺ
760 4501 1082 4576 ἀνθρωπείου
1168 4507 1345 4574 γένους
1431 4504 1768 4567 ἀναπλάσεως
1828 4513 1908 4559 τέ-

291 4607 502 4641 τακται·
572 4589 701 4642 ἀλλά
768 4597 858 4643 καὶ
927 4598 1157 4666 σφραγὶς
1234 4592 1395 4663 ἐστιν,
1467 4595 1713 4669 Εἰρήνης,
1798 4599 1910 4660 ήτις

293 4681 386 4739 τάς
413 4684 532 4732 τότε
571 4683 782 4752 μερικάς
835 4679 1012 4755 ἀρχὰς
1065 4682 1338 4752 κατελυσε,
1393 4690 1483 4737 καὶ
1540 4693 1651 4747 τοῖς
1703 4692 1910 4763 μακρὰν

290 4769 488 4821 ἔθνεσιν
589 4771 797 4842 εἰρήνην
895 4770 1223 4844 ἐϐράϐευσεν.
1311 4775 1423 4826 ὅθεν
1521 4781 1610 4828 καὶ
1713 4780 1890 4851 εἰρήνη

1984 4782 2147 4834 πᾶσιν
2240 4780 2376 4850 (19),
2481 4781 2507 4831 ό

2015 3256 2222 3325 gratiae
2245 3255 2537 3327 symbolis
2555 3258 2743 3327 praeit.
2769 3254 3047 3311 Posthinc
3068 3255 3231 3310 enim
3269 3256 3685 3327 apostolorum

2015 3361 2259 3418 quoque
2301 3347 2536 3401 vocatio
2566 3353 2626 3401 et
2670 3344 3008 3415 designatio
3037 3343 3403 3414 divulgatur,
3453 3346 3689 3402 actibus

2016 3434 2256 3490 illorum
2283 3440 2462 3506 atque
2489 3434 2757 3507 epistolis
2784 3432 3086 3505 legendis:
3118 3447 3230 3488 nec
3262 3448 3387 3490 non
3414 3435 3691 3506 ipsorum

2017 3540 2120 3596 qui
2150 3523 2356 3579 divina
2385 3524 2708 3594 Evangelia
2750 3524 3124 3594 scripserunt
3162 3522 3374 3592 gratia.
3431 3524 3689 3581 Benedi-

2020 3613 2196 3668 cendi
2222 3628 2364 3668 vero
2395 3619 2566 3669 actus
2601 3629 2708 3668 seu
2729 3611 3141 3682 signaculum,
3167 3612 3337 3684 quod
3366 3613 3688 3686 episcopus

2020 3705 2180 3759 intus
2211 3703 2406 3759 facere
2438 3705 2587 3759 solet
2609 3703 2671 3758 in
2699 3702 2819 3758 ﬁne
2868 3702 3115 3772 trisagii,
3149 3701 3588 3773 plenitudinem
3632 3709 3691 3760 et

2019 3793 2197 3865 quasi
2228 3792 2490 3862 sigillum
2523 3792 3016 3865 propheticorum
3047 3791 3123 3846 de
3156 3791 3386 3847 Christo
3433 3792 3688 3864 praelec-

2019 3889 2220 3938 torum
2251 3881 2575 3937 verborum
2605 3881 2872 3938 denotat.
2903 3883 3176 3953 Namque
3207 3881 3392 3952 hujus
3416 3881 3479 3936 in
3506 3898 3687 3940 carne

2020 3973 2338 4037 adventus,
2375 3956 2638 4043 sigillum
2667 3971 2778 4027 fuit
2800 3970 2969 4043 quod
2998 3970 3429 4044 praedictorum
3461 3970 3540 4027 ab
3560 3971 3677 4027 illis

2019 4063 2332 4118 veritatem
2367 4061 2729 4130 obsignavit.
2768 4065 2961 4133 Atque
2999 4059 3116 4116 hoc
3143 4059 3580 4117 benedictionis
3611 4062 3689 4117 si-

2021 4150 2349 4222 gnaculum
2364 4151 2532 4206 initio
2549 4166 2797 4222 quoque
2813 4150 3159 4206 divinorum
3171 4165 3428 4221 operum
3447 4155 3504 4207 et
3523 4167 3689 4208 crea-

2022 4241 2200 4297 tionis
2229 4240 2495 4296 hominis
2527 4239 2803 4296 adhitum
2856 4239 2983 4295 fuit.
3037 4241 3137 4295 Est
3187 4241 3436 4312 insuper
3488 4240 3692 4312 signa-

2021 4331 2226 4387 culum
2247 4332 2414 4402 pacis
2441 4331 2592 4400 ejus,
2616 4346 2755 4401 quas
2777 4329 3061 4402 partiales
3083 4329 3455 4402 principatus
3477 4330 3694 4387 dissol-

2021 4423 2125 4486 vit,
2158 4420 2512 4492 cunctisque
2539 4421 2666 4475 sive
2695 4420 2989 4492 proximis
3017 4420 3142 4475 sive
3161 4419 3518 4492 longinquis
3544 4436 3690 4492 gen-

2021 4510 2182 4566 tibus
2194 4524 2410 4588 pacem
2428 4510 2697 4565 sancivit.
2716 4507 2979 4581 Ideoque
3000 4528 3013 4564 :
3035 4511 3193 4565 «Pax
3208 4509 3557 4577 omnibus,»
3571 4510 3691 4583 epi-

2027 4615 2248 4670 scopus
2271 4598 2563 4655 inclamat
2585 4617 2598 4654 :
2626 4598 2887 4655 innucns
2913 4598 3207 4667 videlicet,
3229 4598 3398 4671 quod
3420 4600 3692 4657 Christus

2027 4692 2195 4764 pacis
2227 4689 2421 4754 Pater,
2453 4690 2755 4746 terrestria
2784 4705 2856 4746 ac
2886 4690 3150 4746 cmlestia
3173 4705 3366 4746 unum
3392 4690 3555 4746 fecit.

2611 4799 2889 4853 αρχιερευς

2983 4777 3219 4852 ἑκφωνεῖ,
3315 4781 3688 4853 αἰνιττόμενος,

293 4860 430 4919 ὄπῶς
462 4860 488 4909 ό
516 4863 747 4932 Χριστὸς
775 4862 800 4911 ό
831 4868 924 4922 τῆς
954 4861 1162 4936 εἰρήνης
1197 4868 1378 4936 Πατὴρ
1410 4864 1477 4924 εἰς
1510 4865 1745 4924 ἑνότητα.
1806 4871 1974 4943 ἤγαγε
1999 4878 2087 4925 καὶ
2120 4874 2185 4923 τά
2213 4869 2418 4941 ἐπίγεια
2442 4876 2531 4923 καὶ
2565 4873 2631 4922 τά
2659 4871 2896 4944 οὐράνια.

364 4948 441 5010 ις’.
507 4954 609 5001 Καὶ
667 4955 738 5021 μή
792 4969 874 5011 τις
938 4947 1377 5013 σκανδαλιζέσθω
1441 4953 1643 5007 ἀκουων
1712 4966 1904 5028 ταῦτα,

290 5043 378 5090 xui.
430 5037 618 5109 λέγων,
662 5045 780 5100 Πῶς
826 5043 894 5091 τά
950 5044 1078 5113 μετὰ
1146 5047 1235 5099 τὴν
1294 5041 1586 5096 ἀνάστασιν
1661 5053 1909 5118 γεγονότα

288 5132 432 5201 παρὰ
479 5137 582 5181 τῶν
639 5128 966 5201 ἀποστόλων,
1020 5139 1190 5184 ταῦτα
1250 5137 1316 5184 σὺ
1366 5132 1414 5185 ἐν
1469 5133 1612 5208 ἀρχῇ
1658 5145 1757 5189 τῶν
1805 5143 1907 5213 πρὸ

357 5274 399 5307 ¹⁷
441 5275 618 5330 Joan.
647 5291 681 5342 ι,
719 5276 816 5341 38,
847 5279 934 5331 39.

357 5454 471 5519 (18)
533 5452 994 5533 C_ath_ed_ra__hoc
1039 5453 1174 5511 loco
1231 5455 1419 5533 idem_
1447 5458 1683 5533 videtur
1736 5461 1906 5533 quod

290 5523 477 5591 bema,
505 5540 544 5580 a
577 5526 795 5605 Latinis
825 5526 1053 5605 dictum
1075 5529 1540 5605 presbyterium.
1571 5523 1901 5605 Alioquita-

288 5611 426 5673 men
456 5596 730 5673 pontifex
760 5604 898 5673 past
927 5596 1155 5673 dictum
1184 5596 1525 5673 introitum,
1585 5596 1797 5662 reve'ra
1847 5607 1908 5663 in

287 5669 643 5726 cathedram
667 5669 865 5739 suam,
885 5670 948 5726 id
977 5677 1068 5728 est
1095 5672 1327 5738 sedem,
1351 5669 1727 5733 conscendit.

2094 4963 2181 5017 16.
2216 4959 2332 5016 Nec
2361 4975 2501 5016 vero
2531 4961 2860 5033 quisquam
2888 4961 3017 5018 haec
3043 4961 3299 5018 audiens
3328 4961 3691 5019 scandalum

2019 5052 2302 5123 patiatur,
2329 5051 2610 5124 dicatque
2642 5069 2655 5106 :
2685 5052 2943 5108 Curnam
2966 5068 3106 5124 quae
3131 5051 3209 5108 ab
3235 5052 3532 5124 apostolis
3549 5058 3694 5125 post

2018 5140 2518 5196 resurrectionem
2544 5145 2680 5197 acta
2709 5140 2973 5212 fuerunt,
2999 5141 3132 5198 haec
3161 5141 3329 5198 initio
3379 5147 3517 5199 ante
3547 5157 3689 5215 pas-

2024 5535 2055 5546 “
2089 5464 2203 5534 (t9)
2229 5465 2471 5546 Latinus
2492 5465 2819 5546 episcopus
2851 5465 3186 5546 dicit:__Paa:
3203 5468 3370 5546 vobis
3389 5487 3402 5534 ;
3424 5470 3684 5546 Graecus,

2019 5539 2284 5612 itemque
2314 5539 2655 5603 Armenius,
2697 5539 2836 5595 Pax
2859 5539 3152 5610 omnibus,
3185 5556 3325 5612 quae
3356 5541 3578 5597 locutio
3607 5541 3690 5600 la-

2020 5608 2135 5682 tius
2173 5614 2368 5680 patet;
2402 5625 2758 5682 quanquam
2788 5618 2841 5667 et
2870 5613 3112 5668 Latinus
3141 5608 3470 5669 tat—Graecus
3529 5629 3686 5669 non-

2018 5680 2135 5736 nisi
2172 5680 2442 5739 astantes
2459 5680 2672 5739 omnes
2701 5682 3106 5757 alloquantur.
