4468 6440
819 378 930 437 439

2094 375 2457 435 THEODORI
2491 375 2908 436 ANDIDENSIS

4070 390 4178 446 ιω

818 501 1005 558 sionis
1028 500 1309 574 symbola
1333 501 1638 559 collocasti
1656 500 1773 557 ?At
1792 499 1974 557 velim
1997 500 2172 568 scias,
2189 501 2468 574 quisquis
2496 501 2538 555 A

2496 501 2545 556 Α
2581 509 2673 553 τοῦ
2702 503 2902 585 πάθους
2960 504 3230 577 συμϐόλων
3268 508 3546 575 τέθεικαςς
3592 506 3725 561 Ἀλλ’
3770 511 3883 563 ἴσθι
3929 511 3956 563 ὁ
4011 519 4177 567 ταῦτα

816 592 902 648 ita
926 591 1210 663 loqueris,
1238 607 1433 664 neque
1451 591 1734 661 aenigma,
1759 606 1954 663 neque
1976 590 2342 663 symbolum,
2367 606 2471 647 ne-

818 695 937 753 que
962 679 1317 751 parabolam
1341 696 1577 736 servare
1599 694 1781 751 posse
1801 679 2231 735 invariabiliter
2259 696 2470 737 eorum

818 783 956 840 quae
1009 767 1318 823 imitantur
1348 769 1688 839 paritatem,
1735 783 1930 840 neque
1984 768 2125 823 item
2173 784 2470 839 personae,

816 861 1178 927 temporum,
1231 856 1457 912 ordinis
1488 856 1702 929 prioris
1732 860 1836 912 aut
1862 857 2227 929 posterioris,
2280 862 2337 913 et
2382 874 2472 913 re-

814 946 1121 1019 liquorum
1148 946 1502 1017 hujusmodi
1541 946 2014 1017 similitudinem,
2052 947 2277 1003 nedum
2309 947 2471 1003 idem

816 1051 955 1091 cum
1002 1034 1114 1089 illis
1145 1050 1275 1091 esse
1319 1050 1534 1107 posse:
1566 1045 1775 1091 verum
1822 1036 1953 1091 haec
1995 1036 2076 1091 ita
2114 1036 2469 1107 ﬁgurantur,

814 1128 883 1179 ut
927 1123 1255 1193 imaginem
1286 1124 1588 1196 prototypi
1617 1127 1860 1193 gerant:
1892 1124 1993 1179 sed
2025 1130 2179 1180 certe
2230 1126 2472 1197 aequali-

817 1215 1001 1268 tatem
1059 1213 1281 1268 servari
1330 1212 1709 1284 impossibile
1743 1217 1850 1268 est.
1895 1213 2157 1269 Dicimus
2197 1229 2359 1283 ergo,
2390 1214 2472 1268 le-

814 1301 1075 1357 ctionem
1131 1301 1603 1373 apostolicorum
1646 1305 1901 1357 Actuum
1950 1307 2007 1358 et
2052 1302 2469 1373 Epistolarum,

817 1390 1168 1446 electionem
1198 1391 1380 1446 simul
1418 1395 1849 1463 repraesentare
1894 1396 1950 1447 et
1992 1392 2174 1447 ﬁnem
2221 1393 2473 1463 promis-

813 1477 1054 1533 sionum
1081 1477 1288 1533 Christi
1320 1478 1420 1533 Dei
1440 1479 1628 1533 nostri
1655 1496 1667 1533 :
1700 1478 1861 1533 unde
1891 1479 2073 1549 hujus
2108 1480 2393 1551 potentia,
2418 1484 2474 1536 et

812 1566 1075 1622 veritatis
1114 1566 1369 1621 ﬁrmitas
1400 1566 1845 1637 comprobatur.
1892 1568 2044 1622 Dixit
2095 1568 2256 1623 enim
2311 1568 2466 1623 illis:

813 1677 842 1706 ‹‹
894 1655 1094 1710 Venite
1146 1659 1285 1726 post
1321 1670 1439 1723 me,
1483 1654 1701 1711 faciam
1749 1671 1858 1710 vos
1901 1656 2231 1726 piscatores
2278 1657 2467 1713 homi-

809 1758 961 1799 num
990 1745 1055 1800 ‘3.
1091 1765 1118 1793 »
1153 1745 1362 1814 Specta
1392 1744 1596 1813 igitur,
1642 1744 1956 1816 quomodo
1988 1746 2285 1801 mundum
2340 1746 2468 1801 uni-

809 1848 1055 1889 versum
1096 1833 1349 1905 praedati
1375 1840 1512 1889 sunt
1541 1833 1616 1889 de
1662 1833 1886 1905 abysso
1913 1836 2128 1890 erroris
2175 1835 2234 1891 hi
2277 1837 2468 1908 pisca-
2498 1850 2538 1903 Β

810 1925 969 1979 tores
1003 1926 1061 1979 et
1114 1921 1404 1979 illiterati:
1439 1928 1619 1995 atque
1658 1922 1737 1979 ab
1778 1927 1913 1979 ortu
1943 1923 2085 1979 solis
2142 1940 2330 1997 usque
2389 1928 2468 1982 ad

811 2026 1095 2067 occasum
1110 2011 1328 2067 horum
1349 2012 1640 2081 dogmata
1652 2012 2076 2084 praedicantur,
2102 2029 2171 2069 ac
2194 2030 2316 2086 pra:
2339 2015 2469 2072 aliis

811 2100 1041 2157 cunctis
1080 2101 1312 2171 legibus
1343 2105 1400 2157 et
1451 2102 1681 2171 statuis,
1708 2102 1920 2157 horem
1950 2102 2150 2160 valent
2206 2104 2468 2162 traditio-

810 2206 937 2245 nes.
986 2190 1280 2262 Quodque
1331 2191 1605 2246 omnium
1654 2190 2178 2247 mirabilissimum
2226 2198 2333 2262 est,
2382 2195 2468 2250 vis

808 2280 1029 2336 horum
1116 2278 1411 2335 artiﬁcum
1476 2279 1643 2335 haud
1724 2285 1972 2336 eatenus
2039 2285 2275 2338 tantum
2326 2299 2468 2356 ope-

808 2371 943 2424 rata
977 2372 1085 2436 est,
1118 2372 1418 2441 quatenus
1447 2368 1486 2423 ii
1519 2368 1805 2438 vixerunt,
1855 2369 2023 2440 quod
2067 2370 2469 2440 piscatoribus

809 2456 1035 2512 caateris
1088 2456 1390 2521 usuvenit,
1441 2461 1496 2513 et
1544 2461 1675 2528 post
1723 2460 1981 2513 mortem
2030 2458 2315 2527 evanuit;
2364 2459 2470 2515 sed

806 2546 1027 2617 potius,
1050 2545 1207 2601 facta
1231 2546 1436 2618 aliqua
1453 2544 1531 2600 ab
1546 2546 1615 2600 iis
1637 2561 1744 2618 per
1766 2562 1979 2601 omnes
1999 2551 2204 2615 gentes
2218 2548 2465 2612 satione,

798 2637 1034 2708 jactum
1074 2652 1264 2692 manu
1308 2637 1580 2707 ipsorum
1614 2652 1839 2701 semen,
1874 2636 2202 2708 piscatores
2244 2639 2467 2695 multos

805 2726 982 2797 cepit,
1030 2729 1365 2795 venatores,
1418 2725 1653 2795 milites,
1711 2730 2092 2792 mercatores,
2147 2728 2465 2797 agricolas,

805 2813 1199 2885 multiplicem
1219 2814 1475 2870 Domino
1493 2819 1548 2869 et
1564 2814 1815 2869 creatori
1833 2814 2093 2870 fructum
2115 2816 2461 2873 reddentes:

804 2903 887 2958 ita
937 2906 1001 2958 ut
1032 2903 1231 2958 videre
1259 2903 1436 2959 liceat
1476 2918 1672 2975 usque
1713 2903 1792 2958 ad
1821 2904 2138 2959 hodierum
2172 2904 2353 2973 diem,
2410 2911 2467 2962 et

803 3007 1001 3063 usque
1023 2992 1101 3047 ad
1132 2992 1333 3048 saeculi
1353 2993 1536 3063 hujus
1557 2994 2169 3061 consummationem,
2193 2994 2465 3051 inﬁdeles

801 3080 1025 3136 multos
1054 3080 1130 3136 ad
1156 3081 1531 3153 baptismum
1562 3081 1935 3147 accedentes,
1968 3082 2340 3153 piscatorum
2363 3083 2467 3139 ho-

2579 589 2733 661 λέγων
2796 592 2865 654 ὡς
2929 596 3044 646 οὔτε
3108 598 3327 667 αἴνιγμα
3385 600 3501 649 οὔτε
3582 596 3837 669 σύμϐολον
3902 604 4015 654 οὔτε
4076 623 4175 656 πα-

2579 678 2770 752 ραϐολὴ
2830 677 3053 734 δύναται
3120 684 3344 755 φυλάξαι
3435 684 3842 756 ἀπαραλλάκτως
3922 698 4020 742 τῶν
4106 692 4174 744 ὧν

2578 774 2815 840 μιμεῖται
2875 772 3078 823 πάντων
3149 778 3242 831 τὴν
3317 772 3582 849 ἐμφέρειαν
3655 777 3788 849 (20)'
3862 777 3968 829 ἀλλ’
4051 776 4176 833 οὐδὲ

2578 862 2862 928 προσώπου
2938 865 3026 912 καὶ
3108 870 3300 936 καιρῶν
3370 868 3460 915 καὶ
3542 864 3732 927 τάξεως
3801 871 4011 939 πρώτης
4086 872 4176 920 καὶ

2581 942 2823 1021 δεύτερας
2870 952 2960 1000 καὶ
3020 957 3119 1001 τῶν
3178 950 3296 1013 ἑξῆς
3356 956 3449 1010 τὴν
3523 954 3794 1024 ὁμοίωσιν,
3851 954 4040 1027 μᾶλλον
4116 954 4176 1008 δε

2579 1038 2673 1092 τὴν
2726 1040 3043 1094 ταυτότητα’
3096 1038 3233 1092 ’Δλλ’
3292 1044 3455 1101 οὕτως
3504 1040 3921 1114 ἐσχημάτισται,
3969 1046 4038 1105 ὡς
4080 1049 4175 1103 τήν

2581 1122 2749 1175 εἰκόνα
2806 1129 2969 1197 φέρειν
3025 1135 3116 1179 τοῦ
3184 1134 3547 1203 πρωτοτῦπου’
3626 1134 3683 1183 τό
3762 1138 3935 1204 μέντοι
4010 1153 4179 1207 παρα-

2579 1212 2801 1270 πλησίον
2852 1219 3294 1289 παρατηρηθῆναι
3362 1216 3635 1275 ἀδύνατον.
3707 1225 3941 1294 Εἶπωμεν
4006 1228 4177 1275 τοίνυν

2580 1303 2645 1361 ὡς
2711 1303 2737 1359 ἡ
2807 1312 2907 1354 τῶν
2967 1303 3324 1358 ἀποστολικων
3388 1308 3627 1381 Πράξεων
3694 1307 4001 1381 ἀνάγνωσις,
4086 1316 4177 1364 καὶ

2579 1396 2679 1441 τῶν
2764 1389 3046 1444 ἐπιστολῶν
3122 1396 3311 1462 αὐτῶν,
3389 1402 3686 1470 παρίστησι
3761 1404 3855 1456 τὴν
3939 1399 4174 1471 ἐκλογὴν,

2579 1481 2668 1528 καὶ
2733 1481 2792 1529 τὸ
2850 1478 2992 1541 τέλος
3065 1490 3162 1533 τῶν
3236 1483 3576 1554 ὑποσχέσεων
3624 1493 3715 1537 τοῦ
3772 1494 4009 1559 Χριστοῦ
4082 1493 4175 1540 xui

2581 1573 2713 1617 Θεοῦ
2766 1568 2929 1639 ἡμῶν·
2965 1569 3017 1631 ἐξ
3074 1568 3139 1621 ὧν
3189 1573 3219 1629 ἡ
3277 1569 3502 1645 δύναμις
3555 1576 3761 1643 τούτου,
3796 1579 3974 1628 καὶτὸ
4028 1574 4177 1629 όδιά-

2576 1674 2778 1707 πτωτον
2826 1666 2921 1718 τῆς
2977 1657 3218 1720 ἀληθείας
3276 1665 3611 1716 συνίσταται.
3662 1665 3820 1734 ἔφησε
3892 1667 3993 1737 γὰρ
4050 1669 4177 1738 πρὸς

2578 1744 2786 1813 αὐτοὺς,
2849 1768 2877 1796 ι(
2950 1754 3099 1800 Δεῦτε
3158 1749 3327 1802 ὀπίσω
3409 1771 3531 1823 μου,
3595 1756 3685 1803 καὶ
3757 1758 3961 1810 ποιήσω
4042 1756 4177 1826 ὑμᾶς

2576 1834 2734 1896 ἁλιεῖς
2792 1836 3091 1910 ἀνθρώπων.
3151 1860 3179 1889 ››
3238 1839 3376 1912 ’Ὁρα
3425 1844 3595 1893 τοίνυν
3647 1850 3755 1903 πῶς
3813 1847 4009 1914 κόσμον
4063 1844 4177 1897 ὅλον

2577 1923 2877 1997 ἐξώγρησαν
2957 1925 3011 1977 ἐκ
3088 1926 3257 1999 βυθοῦ
3308 1936 3398 1989 τῆς
3466 1929 3663 1992 πλάνης
3736 1931 3785 1983 οἰ
3855 1931 4015 1994 ἁλιεῖς
4088 1938 4178 1985 καὶ

2576 2012 2932 2087 ἀγράμματοι·
2991 2020 3078 2067 καὶ
3135 2016 3189 2079 ἐξ
3241 2015 3494 2070 ἀνατολῶν
3551 2018 3699 2076 ἡλίου
3747 2024 3912 2094 μέχρι
3956 2018 4177 2094 δυσμῶν

2574 2105 2639 2154 τὰ
2724 2107 2912 2156 τούτων
2981 2108 3313 2177 κηρύττεται,
3388 2112 3477 2160 καὶ
3546 2128 3749 2161 παντων
3828 2118 3926 2161 τῶν
4010 2110 4176 2163 ἄλλων

2575 2196 2741 2264 νόμων
2795 2198 2885 2244 καί
2942 2197 3311 2267 θεσπισμάτων
3369 2199 3563 2249 τούτων
3620 2205 3900 2270 κρατοῦσιν
3929 2202 3983 2251 αὶ
4013 2220 4178 2273 παρα-

2579 2278 2773 2344 δόσεις·
2816 2288 2904 2334 καὶ
2957 2287 3015 2335 τὸ
3081 2281 3150 2342 δὴ
3213 2288 3417 2337 πάντων
3476 2289 3918 2361 θαυμασιώτερον,
3990 2291 4021 2347 ἡ
4081 2297 4174 2350 τῆς

2574 2374 2766 2442 τέχνης
2816 2374 3010 2424 τούτων
3067 2372 3313 2445 ἐνέργεια,
3371 2374 3464 2426 οὐκ
3521 2374 3578 2447 ἐφ
3636 2376 3647 2395 ⁹
3700 2378 3821 2428 ὅσον
3877 2381 4067 2451 χρόνον
4124 2377 4176 2429 ἐν

2576 2468 2647 2530 τῷ
2707 2458 2808 2532 βίῳ
2863 2456 3122 2533 διέτριϐον
3178 2461 3479 2535 ἐνήργησεν,
3544 2468 3614 2525 ὡς
3668 2470 3758 2517 καὶ
3818 2473 3919 2518 τῶν
3984 2465 4177 2519 λοιπῶν

2577 2549 2778 2613 ἀλιέων,
2844 2551 2955 2601 εἶτα
3010 2552 3139 2622 μετὰ
3199 2553 3415 2604 θάνατον
3473 2556 3802 2627 κατηργήθη’
3864 2553 3993 2607 ἀλλὰ
4051 2555 4181 2627 μάλ-

2575 2638 2659 2691 λον
2717 2642 2832 2690 τότε
2879 2642 3089 2713 μερικὸν
3138 2641 3290 2692 οἱονεί
3346 2646 3539 2715 σπόρον
3570 2642 3618 2694 ἐν
3675 2650 3809 2695 πᾶσι
3838 2651 3948 2705 τοῖς
4004 2645 4177 2697 ἑθνεσι

2574 2729 3030 2800 κατασπειράντων
3093 2728 3281 2797 αὐτῶν,
3346 2733 3403 2781 τό
3462 2731 3585 2803 παρ’
3653 2730 3853 2784 ἐκείνων
3914 2731 4179 2790 καταϐλη-

2577 2819 2657 2869 θὲν
2706 2820 2914 2891 σπέρμα
2964 2816 3181 2878 πολλοὺς
3237 2817 3397 2880 ἁλιεῖς
3447 2818 3716 2893 ἐζώγρησε
3772 2826 3862 2873 καὶ
3921 2822 4177 2895 θηρευτὰς

2574 2910 2664 2957 καὶ
2734 2910 3056 2977 στρατιώτας
3120 2912 3209 2958 καὶ
3273 2908 3527 2983 ἐμπόρους
3592 2914 3680 2960 καὶ
3741 2913 4021 2982 γεωργοὺς,
4083 2930 4176 2963 πο-

2572 2993 2769 3065 λύχουν
2827 2997 2913 3045 τόν
2991 2998 3188 3066 καρπὸν
3248 3004 3319 3066 τῷ
3385 3002 3616 3070 Δεσπότη
3693 3003 3783 3050 καὶ
3863 2996 4176 3071 δημιουργῷ

2572 3087 2974 3158 προσφέροντας·
3040 3087 3108 3144 ὡς
3174 3083 3361 3146 ἐξειναι
3424 3086 3547 3157 όρᾲν
3622 3088 3709 3146 ἓως
3774 3091 3864 3139 καὶ
3949 3092 4174 3162 σήμερον

799 3185 936 3225 rum
964 3184 1189 3237 sagena
1210 3174 1439 3241 captos.
1467 3174 1659 3241 Atque
1685 3170 1813 3224 haec
1839 3170 2084 3241 quidem
2109 3171 2183 3226 de
2209 3177 2464 3228 Actuum
2496 3198 2535 3253 (ι

2496 3198 2535 3253 C
2571 3179 2661 3225 xui
2705 3177 2867 3245 μέχρι
2914 3181 3010 3235 τῆς
3053 3173 3344 3235 συντελείας
3400 3182 3492 3227 τοῦ
3574 3175 3757 3236 αἰῶνος
3813 3178 3996 3228 τούτου
4050 3176 4177 3229 πολ-

800 3257 1213 3329 apostolorum
1231 3263 1412 3330 atque
1427 3258 1820 3330 Epistolarum
1842 3258 2094 3315 lectione
2117 3260 2240 3316 dita
2263 3265 2459 3319 sunto.

2572 3262 2693 3322 λοὺς
2753 3270 2851 3313 τῶν
2919 3260 3149 3313 ἀπίστων
3213 3270 3287 3332 τῷ
3367 3264 3481 3334 θείῳ
3546 3268 4002 3338 προσερχομένους
4079 3264 4179 3337 βα-

798 3352 1080 3417 πτίσματι,
1114 3355 1176 3419 τῇ
1214 3352 1417 3418 σαγὴνη
1449 3356 1549 3399 τῶν
1597 3347 1778 3400 ἀλιέων
1808 3351 1995 3400 τούτων
2048 3348 2441 3423 ἁγρευομένους,
2477 3357 2577 3405 Καὶ
2630 3360 2798 3402 ταῦτα
2845 3353 2933 3422 μὲν
2987 3354 3105 3421 περὶ
3154 3358 3247 3413 τῆς
3281 3350 3615 3423 ἀναγνώσεως
3662 3361 3762 3404 τῶν
3812 3352 4172 3406 ἁποστολικῶν

795 3436 1039 3509 Πράξεῶν
1070 3441 1160 3488 xui
1186 3445 1285 3487 τῶν
1315 3439 1460 3489 θείων
1487 3440 1683 3488 τούτων
1711 3436 1996 3489 ἐπιστολῶν
2023 3436 2349 3494 ἐπιδίδοται.

870 3526 953 3579 17.
986 3525 1121 3579 Jam
1151 3525 1588 3580 venerabilium
1620 3541 1689 3580 ac
1736 3526 2072 3581 divinorum
2109 3528 2459 3597 Evangelio-

792 3628 931 3669 rum
964 3613 1121 3669 elata
1148 3630 1295 3669 voce
1320 3614 1515 3681 lectio,
1544 3615 1738 3686 ipsius
1768 3616 1981 3670 Christi
2009 3616 2105 3670 Dei
2142 3618 2326 3673 nostri
2357 3619 2459 3673 de-

794 3708 1098 3759 monstrat
1121 3718 1451 3769 sermones,
1476 3703 1789 3771 mandata,
1811 3703 1969 3773 leges
1995 3704 2159 3776 ipsas
2189 3722 2341 3777 quas
2359 3723 2462 3763 no—

793 3790 888 3846 bis
917 3792 1069 3853 tulit,
1093 3792 1443 3863 passionem
1500 3792 1894 3864 sepulturam,
1938 3795 2458 3865 resurrectionem,

796 3882 1303 3954 assumptionem.
1341 3882 1493 3937 Nam
1524 3882 1953 3938 miraculorum
1990 3883 2185 3938 levem
2232 3886 2458 3957 oppido

798 3971 1169 4026 mentionem
1183 3970 1570 4039 evangelista:
1586 3970 1873 4037 fecerunt,
1890 3987 2013 4027 uno
2030 3977 2262 4028 tantum
2277 3974 2459 4030 verbo

792 4059 1300 4116 innumerabilem
1321 4060 1737 4133 prodigiorum
1761 4061 2205 4117 multitudinem
2236 4063 2460 4131 signiti-

794 4153 1018 4205 cantes.
1058 4150 1205 4213 Quia
1244 4165 1388 4205 vero
1418 4165 1601 4220 quem
1632 4150 2046 4216 decantamus,
2092 4154 2247 4206 Deus
2279 4153 2459 4210 simul

792 4238 1103 4311 homoque
1124 4244 1213 4294 est
1233 4240 1442 4293 mistos
1474 4239 1694 4309 pariter
1714 4240 1975 4310 hymnos
2006 4240 2057 4295 ei
2096 4257 2457 4313 composue-

791 4333 933 4383 runt
987 4328 1149 4383 beati
1196 4331 1411 4384 Patres.
1448 4330 1511 4383 Et
1555 4328 1707 4384 sicut
1748 4329 1978 4397 trisagii
2030 4330 2320 4401 hymnus,
2377 4331 2458 4388 ita

793 4417 973 4473 etiam
997 4417 1268 4485 Alleluia,
1286 4417 1560 4487 angelica
1579 4422 1665 4473 est
1683 4418 2048 4489 hymnodia;
2076 4424 2141 4474 ut
2162 4420 2459 4477 Christum

794 4509 985 4563 Deum
1034 4522 1162 4563 esse
1194 4522 1261 4562 ex
1303 4506 1610 4576 angelicis,
1643 4507 1955 4563 hominem
2003 4508 2145 4564 item
2184 4525 2337 4579 esse,
2385 4527 2457 4567 ex

792 4596 1011 4652 nostris
1066 4596 1312 4668 hymnis
1360 4595 1567 4668 palam
1605 4596 1732 4653 ﬁat.
1783 4596 2176 4653 Thuribolum
2230 4604 2454 4668 autem,

789 4686 956 4758 quod
969 4685 1115 4741 dum
1136 4686 1372 4741 canitur
1394 4685 1664 4751 Alleluia,
1688 4703 1828 4743 cum
1850 4686 2249 4758 thymiamate
2272 4688 2458 4757 agita-

788 4778 903 4841 tur,
950 4775 1208 4846 gratiam
1242 4774 1492 4846 Spiritus
1523 4776 1713 4832 sancti
1742 4775 1990 4833 denotat
2040 4776 2247 4833 datam
2278 4777 2455 4834 disci-

790 4865 973 4937 pulis,
1002 4865 1250 4937 quando
1282 4881 1388 4920 eos
1419 4865 1578 4921 misit
1613 4866 1693 4922 ad
1742 4881 1987 4921 omnem
2020 4866 2304 4922 morbum
2334 4868 2457 4924 lan-

789 4970 1164 5027 guoremque
1190 4954 1535 5010 sanandum
1553 4954 1614 5009 in
1645 4956 1844 5011 Israel.
1868 4959 2013 5011 Tum
2039 4961 2171 5028 post
2193 4973 2455 5026 evange-

784 5046 1005 5101 liorum
1027 5044 1343 5101 lectionem
1367 5061 1572 5116 preces
1592 5050 1649 5101 et
1684 5046 2139 5117 postulationes,
2162 5064 2357 5119 usque
2381 5049 2453 5103 ad

788 5134 1180 5190 cherubicum
1270 5135 1591 5205 hymnum,
1671 5134 1958 5190 triennale
2032 5136 2451 5205 magisterium

788 5224 997 5279 Christi
1037 5225 1138 5280 Dei
1168 5225 1358 5279 nostri
1401 5224 1680 5289 innuunt,
1715 5228 1772 5279 ct
1817 5229 2171 5296 paratorum
2224 5225 2301 5280 ad
2352 5226 2453 5282 ba-

784 5313 1009 5387 ptisma
1062 5313 1423 5370 catcchcsim
1452 5332 1463 5381 ;
1496 5314 1642 5385 quia
1691 5314 1801 5369 hos
1830 5311 2101 5369 videlicet
2158 5316 2447 5385 praedica-

861 5458 905 5491 ¹³
938 5456 1140 5513 Matth.
1176 5474 1254 5527 iv,
1296 5458 1381 5513 19.

856 5635 970 5706 (20)
1027 5638 1187 5692 lianc
1237 5634 1519 5707 regulam,
1576 5634 1850 5707 criticam
1913 5634 2441 5707 intclligcndarum

780 5707 1361 5780 parabolarumjam
1394 5706 1722 5766 tradiderat
1747 5707 1805 5761 S.
1842 5706 2123 5779 Cyrillus’
2150 5709 2213 5764 in
2269 5710 2440 5765 Com-

2648 3528 2724 3590 ις’·
2756 3528 2815 3580 Ἠ
2848 3524 2907 3580 δὲ
2958 3536 3057 3579 τῶν
3110 3537 3309 3581 σεπτῶν
3366 3533 3451 3581 xui
3518 3531 3663 3582 θείων
3716 3530 4036 3603 Εὐάγγελίων
4091 3530 4177 3583 ἑκ-

2572 3607 2821 3690 φῗόνησις,
2878 3617 3035 3669 αὑτοῦ
3065 3625 3161 3669 τοῦ
3212 3626 3447 3692 Χριστοῦ
3504 3624 3595 3672 καὶ
3638 3628 3772 3673 Θεοῦ
3821 3623 3965 3692 ημῶν
4021 3617 4180 3678 δηλοῖ

2570 3711 2693 3768 τοῦς
2751 3706 2957 3777 λόγους,
3010 3709 3098 3767 τὰς
3155 3706 3371 3774 ἐντολὰς,
3424 3712 3540 3769 τοὺς
3587 3713 3775 3782 νόμους
3822 3709 4031 3781 αὐτοὺς,
4087 3711 4179 3773 οὖς

2572 3798 2697 3867 ἡμῖν
2756 3799 2919 3864 ἔθετο,
2974 3797 3041 3847 τὰ
3092 3798 3257 3863 πάθη,
3317 3803 3411 3854 τὴν
3468 3803 3654 3869 ταφὴν,
3707 3803 3800 3856 τὴν
3859 3797 4174 3868 ἀνάστασιν,

2570 3891 2658 3938 καὶ
2704 3891 2795 3943 την
2851 3884 3126 3955 ἀνάληψιν·
3180 3894 3281 3937 τῶν
3334 3890 3435 3959 γὰρ
3489 3889 3765 3960 θαυμάτων
3808 3890 3857 3940 οὶ
3908 3888 4175 3959 εὐαγγελι-

2571 3980 2693 4027 σταὶ
2746 3975 2919 4046 ὀλίγον
2983 3978 3293 4033 ἐποιήσαντο
3358 3976 3529 4047 λόγον,
3597 3977 3669 4029 ενι
3733 3979 3928 4052 ῥήματι
3996 3978 4172 4037 πλήθη

2568 4063 2756 4139 ἄπειρα
2816 4065 3092 4135 θαυμάτων
3147 4060 3641 4137 παραδηλώσαντες.
3701 4064 3840 4118 Ἐπεὶ
3893 4062 3952 4118 δὲ
4001 4070 4026 4118 ὀ
4079 4068 4176 4139 ὑμ-

2568 4156 2808 4225 νούμενος
2860 4157 2993 4213 Θεός
3037 4150 3151 4205 ἐστι
3216 4158 3305 4205 xui
3354 4155 3625 4227 ἄνθρωπος
3676 4154 3806 4226 ἅμα,
3865 4174 4179 4229 συγκεκερα-

2572 4247 2785 4315 σμένους
2837 4246 2925 4293 καὶ
2979 4245 3097 4303 τοὺς
3156 4242 3348 4313 ὕμνους
3404 4243 3545 4313 αὐτῷ
3577 4240 3963 4315 διατετάχασιν
3994 4247 4041 4297 οἱ
4080 4266 4179 4317 μα-

2567 4334 2742 4406 κάριοι
2784 4336 3025 4405 ΙΙατέρες·
3070 4335 3159 4383 καὶ
3212 4330 3386 4405 ὡσπερ
3437 4333 3462 4383 ὁ
3519 4336 3792 4405 τρισάγιος
3822 4334 3995 4406 ὕμνος,
4040 4336 4178 4387 οὕτω

2495 4393 2533 4445 D
2568 4418 2636 4480 δὴ
2661 4427 2747 4473 καὶ
2779 4426 2836 4473 τὸ
2870 4420 3177 4478 ’Λλληλουία
3216 4420 3461 4492 ἀγγελική
3515 4421 3654 4474 ἐστιν
3699 4420 3961 4495 ὑμνῳδία,
3991 4425 4053 4474 ἶν’
4090 4424 4173 4477 ὅτι

2565 4514 2654 4583 μὲν
2706 4512 2815 4562 ἐστι
2865 4514 2997 4572 Θεὸς
3050 4510 3106 4562 ἐκ
3166 4518 3265 4563 τῶν
3329 4510 3615 4582 ἀγγελικὼν
3668 4514 3838 4584 ὕμνων
3902 4518 4167 4587 γνώριμον

2563 4604 2795 4671 γίνηται,
2830 4601 2909 4651 ὄτι
2951 4596 3009 4652 δε
3066 4598 3331 4671 ἅνθρωπος
3374 4599 3429 4651 ἐκ
3476 4608 3577 4651 τῶν
3628 4602 3751 4675 παρ’
3805 4603 3973 4673 ἡμῶν
4027 4603 4053 4653 ὁ
4114 4598 4177 4656 δὲ

2566 4692 2815 4762 θυμιατὸς
2841 4691 2867 4741 ὁ
2898 4688 2945 4741 ἐν
2994 4697 3065 4760 τῷ
3097 4697 3263 4763 καιρώ
3322 4697 3413 4741 τοῦ
3470 4688 3778 4748 Ἀλληλουῑα
3824 4692 3955 4761 μετὰ
3988 4692 4177 4763 θυμιά-

2563 4798 2727 4851 ματος
2785 4780 3075 4851 κινούμενος
3130 4782 3219 4836 τὴν
3278 4780 3441 4851 χάριν
3494 4786 3586 4829 τοῦ
3656 4777 3806 4850 ἁγίου
3873 4781 4172 4850 Πνεῦματος

2566 4866 2737 4935 δηλοῖ,
2790 4873 2882 4926 τὴν
2942 4864 3226 4939 δεδομένην
3284 4874 3392 4929 τοῖς
3452 4869 3735 4939 μαθηταῖς,
3805 4870 3888 4921 ὅτε
3953 4870 4171 4931 τούτους

2564 4956 2851 5025 ἀπέστειλε,
2912 4965 3003 5009 τοῦ
3059 4958 3314 5009 ἰάσασθαι
3384 4963 3560 5009 πᾶσαν
3616 4964 3767 5011 νόσον
3824 4963 3915 5011 καὶ
3994 4965 4171 5010 πᾶσαν

2562 5048 2821 5120 μαλακίαν
2870 5048 2920 5100 ἐν
2968 5056 3039 5117 τῷ
3094 5046 3334 5119 Ἰσραήλ’
3376 5050 3430 5098 αὶ
3482 5044 3541 5099 δε
3570 5050 3697 5120 μετὰ
3748 5053 3842 5107 τὴν
3890 5054 3989 5100 τῶν
4023 5050 4171 5100 θείων

2562 5136 2883 5209 Εὐαγγελίων
2942 5135 3232 5207 ἀνάγνωσιν
3299 5135 3457 5207 εὐχαί
3513 5156 3569 5189 τε
3624 5140 3711 5189 xui
3758 5136 3992 5197 αἰτήσεις
4034 5136 4171 5211 ἄχρι

2562 5235 2653 5278 τοῦ
2684 5226 3000 5302 χερουιῗικοῦ
3046 5227 3208 5297 ὕμνου
3266 5229 3360 5283 την
3409 5224 3491 5276 ἐπὶ
3542 5231 3687 5300 τρισὶ
3743 5230 3961 5300 χρόνοις
4009 5222 4169 5279 διδα·

2564 5315 2774 5367 σκολίαν
2805 5318 3187 5389 ῦπεμφαίνουσι
3234 5322 3327 5367 τοῦ
3375 5322 3611 5389 Χριστοῦ
3657 5320 3746 5368 καὶ
3807 5323 3940 5369 Θεοῦ
3999 5317 4162 5387 ἡμῶν,

2553 5637 2851 5765 magi/Snio
2886 5637 2965 5695 ad
2997 5638 3217 5702 Lucam
3252 5652 3386 5709 cap.
3446 5653 3561 5707 xw,
3633 5637 3800 5710 apud
3852 5653 3962 5713 n93
4013 5641 4052 5710 ι,
4116 5642 4164 5709 ll

2553 5724 2611 5765 n.
2757 5752 2768 5765 .

2551 5724 2611 5780 p.
2646 5724 2768 5765 δίη.
