4468 6440
291 406 389 463 Hi

1496 401 1990 465 COMMENTATIO
2028 404 2419 463 LITUBGICA.

3535 409 3642 464 442

293 534 377 584 xui
413 537 513 583 τῶν
535 529 662 602 πρὸς
697 529 756 581 τὸ
786 526 1069 600 βήπτισμα
1096 526 1502 602 ιύτριπισμένων
1527 532 1833 599 κατήχησιν
1860 545 1873 559 ·
1906 529 1953 585 Α
1982 529 2057 587 tio

1906 529 1953 585 Α
1982 529 2159 587 tionis
2209 530 2320 594 vis,
2361 532 2420 586 et
2460 528 2822 586 miraculum
2876 528 3147 602 operatio
3181 527 3444 587 attraxit.
3477 530 3639 585 Tunc

295 618 363 690 ἐφ’
468 621 685 680 τοὺτόυς
712 620 742 676 ἠ
785 624 885 669 τῶν
913 616 1077 687 λόγων
1111 613 1352 689 δύναμις,
1384 620 1471 668 xui
1491 618 1521 675 ἡ
1550 624 1648 669 τῶν
1689 618 1885 689 θαυμα-

294 726 389 759 των
427 706 653 781 ἐνέργεια
693 704 1065 776 συνιφιίλκετο.
1092 709 1218 757 Τότε
1258 701 1327 763 δὴ
1359 709 1448 757 xui
1478 708 1527 757 οἰ
1556 709 1887 779 κατηχούμεο

296 816 387 864 νοι,
429 801 518 847 καὶ
543 801 701 867 μήπω
725 794 1126 856 καταξιωθεντις
1156 801 1255 846 τῶν
1294 802 1385 847 τοῦ
1417 802 1653 868 Χριστοῦ
1678 814 1886 867 μυστη-

296 889 434 960 ρίων,
487 885 583 947 ἔξω
620 887 983 957 μεθίστανται.
1027 886 1089 936 Αἱ
1130 880 1188 937 δι
1247 882 1296 936 ἓν
1351 893 1423 955 τῷ
1462 884 1655 955 μεταξὺ
1694 888 1887 937 τούτων

295 978 551 1045 γινόμεναι
588 973 747 1045 ιι)χαί
775 975 902 1047 ὑπὲρ
942 972 1111 1024 αὐτῶν
1149 992 1204 1025 τι
1228 977 1461 1044 γίνονται
1485 982 1582 1025 τῶν
1621 993 1889 1046 κατηχου-

298 1065 473 1133 μένων,
503 1066 593 1113 xui
622 1070 721 1113 τῶν
758 1070 983 1127 πιστῶν,
1013 1067 1105 1114 xui
1134 1061 1293 1113 αὐτοῦ
1327 1058 1385 1113 δὲ
1420 1069 1513 1114 τοῦ
1552 1061 1838 1137 ἀρχιερέως
1872 1083 1885 1095 ·

299 1149 568 1212 ἐννοοῦντες
594 1154 693 1223 γὰρ
726 1154 775 1203 οἱ
816 1152 1083 1203 θεσπίσιοι
1127 1155 1372 1224 Πατέρις,
1412 1152 1593 1203 ὁποίαν
1622 1148 1749 1203 εἶναι
1776 1156 1885 1225 χρὴ

298 1243 381 1297 τὴν
410 1240 597 1311 ψυχὴν
621 1244 711 1292 xui
740 1245 835 1297 τὴν
872 1246 1033 1313 χεῖρα
1068 1248 1161 1292 τοὺ
1199 1238 1468 1311 μέλλοντος
1504 1240 1763 1292 ἅπτεσθαι
1798 1246 1888 1292 τοῦ

298 1330 662 1403 παναχράντου
688 1334 927 1401 σώματος
954 1335 1187 1399 Χριστοῦ
1212 1336 1302 1380 τοῦ
1334 1334 1466 1381 Θεοῦ
1491 1330 1657 1399 ἡμῶν,
1690 1330 1771 1380 ὅτι
1800 1348 1891 1380 xu-

300 1417 586 1488 θαρωτέραν
615 1424 715 1468 τῶν
747 1415 972 1474 ἡλιακῶν
1004 1414 1223 1467 ἀκτίνων
1253 1418 1445 1475 ταύτην
1473 1414 1555 1469 δεῖ
1584 1418 1886 1487 τυγχάνειν,

298 1506 385 1564 τὰς
431 1506 557 1576 ὑπὲρ
589 1513 680 1565 τῆς
726 1511 1124 1577 συγχωρήσεως
1160 1507 1354 1557 τούτων
1394 1506 1554 1576 εὐχὰς
1583 1502 1676 1557 diu
1713 1504 1888 1577 φιλαν-

302 1594 523 1665 θρωπίαν
551 1602 685 1647 Θεοῦ
724 1593 970 1665 ἐσομένης
1001 1593 1246 1656 ἐξέθεντο.

366 1681 453 1739 ιη’.
509 1682 565 1734 Ἠ
631 1680 690 1735 δε
741 1691 840 1734 τῶν
899 1682 1057 1754 ἀγίων
1119 1684 1416 1754 μετάθεσις,
1482 1690 1571 1734 τοῦ
1626 1689 1888 1755 σώματος,

301 1776 451 1842 φημὶ,
480 1778 572 1829 τοῦ
611 1776 927 1823 Δεσποτικοῦ
965 1775 1055 1822 καὶ
1106 1779 1197 1822 του
1237 1773 1454 1842 αἳματος
1498 1768 1598 1822 ἀπὸ
1638 1779 1732 1830 τῆς
1769 1790 1893 1845 προ-

303 1861 477 1919 θέσεως
517 1861 651 1929 (21),
683 1864 773 1911 καὶ
811 1862 840 1918 ἡ
874 1862 1066 1912 τούτων
1090 1863 1219 1932 πρὸς
1257 1863 1314 1911 τό
1357 1861 1734 1932 θυσιαστήριον
1761 1864 1894 1912 εἶσο-
1926 1878 1965 1932 Β

305 1942 390 2007 δος
419 1950 554 1999 κατά
578 1951 637 1999 τό
666 1947 1003 2022 χερουϐικόν,
1029 1953 1122 2007 τὴν
1153 1946 1254 2001 ἀπό
1290 1950 1539 2008 Βηθανίας
1566 1948 1893 2022 πρόςἹερου-

305 2035 472 2108 σαλὴμ
496 2033 651 2093 δηλοῖ
679 2044 771 2089 τοῦ
805 2042 997 2111 Κυρίου
1031 2037 1334 2090 εἰσελευσιν·
1370 2045 1658 2094 τηνικαῦτα
1681 2041 1781 2112 γὰρ
1806 2043 1895 2090 xui

303 2124 593 2185 όπλεῐστος
632 2125 793 2196 ὄχλος
832 2131 921 2179 καὶ
952 2128 1001 2178 οἱ
1039 2134 1137 2179 τῶν
1178 2124 1426 2199 Ἐϐραίων
1466 2123 1651 2189 παῖδες
1691 2130 1759 2189 ὡς
1799 2125 1892 2199 βα-

304 2212 430 2265 σιλεί
479 2219 570 2266 xui
632 2223 818 2287 νικητῇ
878 2223 969 2267 τοῦ
1036 2217 1255 2268 θανάτου
1313 2218 1399 2267 τόν
1452 2218 1607 2288 ὕμνον
1660 2215 1894 2289 ἀνέφερον

301 2304 563 2366 αἰσθητῶς
599 2325 612 2338 ο
668 2314 861 2366 νοητῶς
921 2303 980 2359 δὲ
1032 2305 1245 2377 ἄγγελοι
1310 2308 1439 2377 μετά
1494 2314 1595 2358 τῶν
1635 2306 1895 2379 χερουϐὶμ

298 2396 381 2445 τόν
443 2397 720 2467 τρισάγιον
783 2392 1111 2449 ἀπεδίδοσαν
1176 2396 1333 2468 ὕμνον
1366 2417 1377 2429 ·
1420 2401 1509 2448 xui
1547 2399 1614 2448 τὰ
1654 2405 1897 2470 σκῆπτρα

298 2488 381 2535 xui
439 2486 529 2545 τὰς
582 2486 843 2558 ῥομφαίας
900 2487 1037 2557 (22),
1079 2485 1141 2546 ἃς
1206 2489 1265 2538 τὸ
1324 2486 1541 2553 παλαιόν
1595 2488 1788 2560 ἔφερον,
1829 2489 1897 2548 ὡς

302 2572 534 2645 σύμϐολα
575 2574 845 2646 βασιλείας
893 2574 1222 2647 ἐπιφέρουσιν
1277 2576 1325 2626 οἱ
1388 2572 1621 2627 διάκονοι
1652 2591 1663 2603 ·
1705 2580 1794 2627 xui
1832 2578 1898 2630 τὰ

297 2659 524 2734 ῥιπίὸια,
550 2664 585 2714 ἂ
620 2669 709 2716 καὶ
747 2661 957 2738 ῥιπίδας
994 2666 1303 2737 γράφονται,
1344 2664 1414 2726 εἰς
1452 2668 1613 2715 τύπον
1653 2663 1757 2716 εἰσὶ
1799 2672 1896 2717 τῶν

298 2751 573 2824 χερουϐίμ.
640 2754 753 2824 (23)
800 2752 862 2804 Ὀ
929 2750 989 2805 δὲ
1053 2750 1302 2825 ᾁδόμενος
1366 2752 1681 2827 χερουϐικός
1746 2754 1899 2824 ὕμνος

298 2846 635 2912 προτρέπεται
690 2844 881 2903 πάντας
936 2845 1159 2895 ἐντεῦθεν
1225 2847 1314 2895 xui
1372 2847 1535 2914 μέχρι
1592 2850 1684 2894 τοῦ
1725 2842 1897 2905 τελους

300 2936 390 2991 τῆς
466 2934 763 3004 ἱερουργίας
837 2937 1309 3005 προσεκτικώτερον
1395 2934 1535 3002 ἔχειν
1622 2934 1709 2982 τόν
1782 2939 1898 2983 νοῦν

300 3024 468 3070 πᾶσαν
538 3018 797 3091 βιωτικὴν
847 3024 1097 3093 μέριμναν
1164 3020 1389 3071 κάτωθεν
1458 3017 1778 3091 ἀφιεμένους,
1837 3023 1901 3079 ὡς

302 3105 520 3179 βασιλέα
558 3113 720 3180 μέγαν
759 3108 1033 3181 μέλλοντας
1062 3106 1319 3181 δέχεσθαι
1352 3106 1445 3161 διὰ
1477 3116 1571 3170 τῆς
1610 3113 1897 3171 κοινωνίας.

297 3195 351 3248 Ἠ
381 3194 439 3248 δὲ
490 3202 618 3271 πρός
673 3203 766 3256 τὴν
806 3198 959 3269 ἁγίαν
999 3199 1260 3273 τράπεζαν
1301 3206 1399 3249 τῶν
1441 3198 1601 3269 ἀγίων
1651 3198 1900 3260 ἀπόθεσις
1933 3232 1970 3286 C

298 3289 519 3357 μίμησιν
576 3289 688 3357 ἔχει
744 3294 1033 3345 τηνικαῦτα
1089 3291 1177 3359 μὲν
1240 3294 1331 3339 τοῦ
1399 3287 1721 3360 ἐστρωμένον
1763 3290 1898 3339 ἀνω-

297 3379 435 3443 γέου,
472 3374 584 3447 μετ’
616 3375 784 3446 ὀλίγον
818 3372 875 3429 δὲ
914 3378 944 3434 ἡ
980 3376 1110 3434 αὐτὴ
1164 3380 1255 3428 xui
1283 3380 1375 3433 τὴν
1406 3374 1491 3428 ἐπὶ
1528 3384 1621 3428 τοῦ
1669 3383 1899 3451 σταυροῦ

304 3463 505 3532 ὖψωσιν
542 3486 553 3496 ·
614 3464 663 3516 ἐν
726 3462 785 3518 δὲ
835 3474 907 3536 τῷ
959 3465 1091 3517 τέλει
1147 3470 1241 3523 τήν
1302 3470 1469 3535 ταφὴν
1510 3465 1771 3533 εἰκονίζει,
1813 3472 1902 3518 καὶ

298 3556 388 3610 τὴν
442 3552 754 3623 ἀνάστασιν,
804 3559 893 3606 καὶ
940 3559 1035 3612 τὴν
1075 3553 1262 3607 ἐκεῖθεν
1331 3553 1587 3624 ἀνάληψιν
1624 3575 1635 3587 ο
1680 3555 1763 3605 ἵνα
1798 3556 1899 3628 γὰρ

298 3646 364 3712 μὴ
423 3645 483 3693 τό
522 3643 640 3694 καθ’
679 3644 896 3707 ἕκαστον
953 3651 1054 3694 τῶν
1110 3648 1225 3695 τότε
1276 3647 1556 3714 γενομένων
1612 3647 1703 3701 τὴν
1762 3644 1900 3716 ὥραν

297 3734 499 3783 καὶτὸν
528 3735 711 3806 καιρὸν
763 3736 848 3784 xui
894 3735 982 3784 τόν
1034 3736 1189 3784 τόπον
1241 3731 1573 3804 ἀφορίζοντες
1622 3734 1670 3784 οἱ
1727 3734 1902 3803 μακά-

296 3840 397 3893 ριοι
461 3825 702 3894 Πατέρες,
743 3824 820 3873 ἔτι
884 3826 974 3874 xui
1020 3824 1341 3894 μεταθέσεων
1410 3820 1591 3894 ἐτέρων
1653 3826 1741 3873 xui
1806 3824 1901 3874 θυ-

300 3915 625 3984 σιαστηρίων
684 3911 928 3964 πλειόνων
997 3908 1250 3980 δεηθῶσι,
1299 3909 1399 3962 κάκ
1460 3913 1651 3963 τούτων
1714 3913 1902 3963 ὡσανεὶ

296 4005 539 4073 μωμητόν
614 4004 673 4053 τὸ
743 4010 834 4062 τῆς
909 4001 1207 4073 οἰκονομίας
1271 4005 1563 4073 μυστήριον
1637 4008 1899 4071 καταστῇ,

294 4090 435 4153 ἀξιον
472 4099 573 4152 τῆς
613 4092 861 4164 θιουργοῦ
906 4087 1258 4164 δημιουργίας
1311 4094 1501 4163 τρόπον
1553 4088 1899 4161 ἐμιμήσαντο,

294 4182 355 4240 ὡς
411 4182 520 4233 οἷόν
579 4200 634 4232 τι
689 4179 942 4253 ἀνθρώπῳ
992 4183 1061 4232 τὰ
1112 4182 1223 4232 θεῖα
1278 4180 1556 4252 μιμεῖσθαι
1596 4184 1684 4230 καὶ
1723 4198 1902 4252 κατερ-

291 4270 575 4340 γάζεσθαι.
611 4275 712 4322 Καὶ
744 4266 812 4328 δὴ
866 4271 935 4330 ὡς
994 4270 1207 4343 οὐρανόν
1249 4271 1337 4340 μὲν
1391 4271 1447 4319 τό
1506 4266 1757 4320 ἑπάνωθεν
1809 4276 1905 4327 τῆς

294 4357 445 4428 ἁγίας
502 4358 772 4433 τραπέζης
830 4360 1038 4430 ὁρόφιον
1100 4357 1498 4431 ἀπαρτίζουσι·
1568 4362 1637 4418 ως
1677 4356 1796 4413 ὅλην
1845 4352 1903 4407 δὲ

292 4456 389 4518 γῆν
430 4449 702 4520 ὁρίζονται
739 4452 796 4500 τὸ
828 4450 927 4500 ὑπὸ
975 4449 1244 4521 τεσσάρων
1284 4451 1464 4498 κιόνων
1504 4453 1595 4498 τοῦ
1653 4445 1903 4517 κιϐωρίου

297 4537 695 4610 συγκλειόμενον
756 4538 785 4595 ἡ
848 4555 1287 4611 περιγραφομενον
1349 4538 1480 4608 ἱερὸν
1546 4530 1737 4606 ἔδαφος
1770 4550 1782 4562 ’
1854 4537 1902 4585 ἓν

295 4623 334 4695 ᾧ
384 4626 681 4698 πληροῦται
719 4632 810 4678 καὶ
865 4628 891 4678 ό
954 4628 1278 4701 προφητικὸς
1341 4624 1508 4695 λόγος,
1550 4625 1595 4694 ὁ,
1643 4648 1663 4674 ⁸
1708 4624 1903 4696 ΕίΡἹά“’

299 4734 424 4768 σατο
465 4721 736 4790 σωτηρίαν
784 4715 832 4768 ἐν
889 4720 1032 4788 μέσῳ
1072 4724 1163 4776 τῆς
1209 4724 1310 4786 γῆς
1349 4716 1375 4766 ὁ
1417 4718 1543 4774 Θεός
1578 4734 1588 4746 ·
1638 4735 1663 4762 n
1704 4715 1904 4765 πάντων

294 4807 391 4880 γὰρ
468 4805 859 4879 ὁμολογούντων
939 4804 987 4857 ἐν
1050 4803 1424 4876 Ἰεροσολύμοις
1491 4803 1905 4876 περιγεγράφθαι

294 4904 386 4958 τῆς
422 4906 528 4969 γῆς
566 4899 627 4949 τό
666 4901 998 4969 μεσαίτατον,
1058 4896 1177 4949 ἔνθα
1217 4890 1284 4953 δὴ
1324 4898 1414 4946 xui
1468 4893 1640 4946 πάντα
1686 4895 1752 4945 τὰ
1813 4899 1904 4944 τοῦ

367 5041 410 5073 ¹⁰
444 5039 601 5096 Psal.
632 5054 830 5108 Lxxm,
859 5043 941 5094 l2.

360 5204 477 5272 (2-1)
532 5201 623 5257 ΑΙ.
688 5200 879 5258 codex
928 5200 1097 5257 addit
1148 5200 1177 5258 ἦ
1209 5271 1214 5272 γ
1242 5198 1676 5272 σκευοφυλακίου,
1721 5204 1827 5254 aut
1866 5212 1904 5254 a

289 5270 793 5344 scevophylacio;
841 5272 1008 5344 quod
1038 5271 1333 5327 mendum
1392 5270 1713 5344 videretur,
1761 5286 1903 5344 cum

293 5360 411 5401 non
435 5341 660 5418 eadem
692 5341 905 5418 mensa
930 5343 1105 5418 fuerit
1123 5345 1376 5418 πρόθεσιςΔ
1397 5347 1454 5398 et
1475 5341 1900 5418 ﬂauo?uitufx_i.0v:

291 5416 455 5488 quod
476 5417 1074 5488 etiamgdiaconigcum
1107 5412 1381 5488 nonnulli
1409 5412 1745 5488 appellant.
1786 5412 1903 5488 Sed

291 5483 493 5544 tamen
534 5490 601 5543 in
626 5486 827 5543 libello
859 5486 1279 5543 Delineationis
1303 5483 1565 5541 ecclesias
1588 5483 1902 5540 Orientalis

292 5562 529 5627 Grercze,
579 5564 827 5614 auctore
869 5557 1206 5614 Eustrathio
1257 5556 1548 5613 Joannide
1606 5556 1896 5621 Rutheno,

293 5647 351 5703 p.
385 5636 509 5699 117,
540 5631 806 5700 legimus
835 5648 847 5685 :
897 5632 1074 5685 Prius
1099 5644 1279 5702 quam
1312 5629 1398 5703 ad
1435 5630 1661 5703 altare,
1701 5643 1900 5684 conse-

293 5701 583 5759 crationis
603 5704 831 5772 gratia,
853 5701 1237 5773 deferrentur
1267 5701 1616 5767 oblationes,
1639 5702 1701 5756 in
1726 5715 1899 5771 gazo-

288 5775 654 5846 phylacium
681 5773 869 5847 (idem
918 5772 1087 5848 quod
1115 5773 1667 5847 scevophylacium)
1694 5776 1899 5844 porta-

1993 634 2136 675 vero
2158 618 2867 685 catechumeni,nondum
2894 619 3105 677 Christi
3122 622 3640 676 sacramentorum

1995 708 2180 779 digni,
2214 713 2380 764 extra
2404 708 2735 763 mittuntur.
2762 710 2904 774 Quae
2932 713 3135 764 autem
3181 709 3297 764 hoc
3330 707 3641 763 intervallo

1995 798 2329 855 funduntur
2356 814 2583 871 preces,
2598 802 2726 854 tum
2746 799 3021 871 ipsorum
3047 799 3641 866 catechumenorum,

1994 905 2106 945 nec
2136 904 2259 945 non
2282 892 2338 944 et
2356 887 2647 953 ﬁdelium,
2665 892 2843 961 atque
2876 888 3063 961 ipsius
3084 888 3343 959 denique
3374 886 3644 959 episcopi

1997 994 2181 1034 causa
2204 977 2374 1033 ﬁunt.
2409 978 2745 1046 Cogitantes
2777 977 2938 1033 enim
2978 977 3101 1033 divi
3130 980 3350 1045 Patres,
3398 976 3643 1048 qualem

1997 1082 2126 1123 esse
2160 1070 2433 1139 oporteat
2461 1066 2730 1121 animam
2757 1066 3020 1138 itemque
3060 1081 3309 1121 manum
3342 1064 3499 1119 illius
3540 1064 3643 1135 qui

1996 1154 2451 1211 immaculatum
2483 1158 2891 1209 contreclurus
2934 1157 3023 1209 est
3068 1154 3278 1209 Christi
3311 1152 3411 1207 Dei
3458 1152 3645 1208 nostri

1998 1259 2235 1314 corpus,
2270 1257 2488 1314 nempe
2517 1246 2792 1313 oportere
2838 1242 3132 1297 solaribus
3170 1241 3354 1297 radiis
3383 1256 3511 1296 esse
3537 1255 3646 1312 pu~

1997 1331 2237 1398 riorem,
2293 1330 2429 1385 ideo
2477 1345 2684 1403 preces
2732 1346 2842 1403 pro
2880 1330 3259 1403 impetranda
3316 1329 3411 1385 his
3441 1330 3638 1400 venia,

1998 1436 2187 1494 quam
2218 1436 2253 1477 a
2282 1420 2382 1475 Dei
2408 1418 2723 1476 clementia
2743 1423 3115 1492 exspectant,
3137 1419 3535 1475 instituerunt.

2072 1690 2159 1743 18.
2184 1688 2305 1758 Age
2335 1701 2478 1743 vero
2505 1689 2847 1741 sanctarum
2876 1701 3077 1742 rerum
3110 1702 3146 1742 a
3174 1686 3440 1760 prothesi
3466 1688 3651 1742 trans-

1999 1777 2163 1845 latio,
2196 1776 2483 1847 corporis,
2512 1775 2782 1847 inquam,
2812 1775 3104 1831 Dominici
3133 1780 3190 1831 et
3216 1775 3551 1845 sanguinis,
3594 1778 3651 1830 et

2003 1868 2221 1923 horum
2244 1866 2323 1921 ad
2344 1865 2527 1922 altare
2556 1865 2830 1921 introitus
2850 1870 3166 1921 resonante
3192 1866 3424 1937 hymno
3441 1865 3647 1920 cheru-

2003 1957 2162 2025 bico,
2184 1955 2409 2012 indicat
2439 1955 2672 2011 Domini
2694 1971 2765 2010 ex
2796 1954 3085 2011 Bethania
3124 1954 3205 2010 ad
3234 1954 3449 2010 urbem
3478 1954 3649 2009 Jeru-

2005 2046 2191 2103 salem
2229 2060 2603 2118 processum.
2634 2046 2794 2099 Tunc
2826 2044 2986 2099 enim
3008 2047 3064 2099 et
3090 2043 3263 2099 turba
3284 2043 3564 2115 plurima,
3597 2046 3654 2099 et

2006 2134 2391 2191 Hebraeorum
2419 2133 2909 2205 pueri,tanquam
2932 2133 3058 2201 regi
3076 2133 3403 2204 mortisque
3422 2131 3650 2200 victori,

2004 2225 2303 2298 hymnum
2323 2239 2469 2280 voce
2499 2222 2764 2279 sensibili
2780 2224 3125 2277 cecinerunt
3148 2240 3160 2289 ;
3186 2221 3654 2277 intellectualiter

2006 2319 2206 2372 autem
2240 2314 2436 2383 angeli
2493 2329 2632 2368 cum
2683 2312 3025 2368 cherubinis
3075 2312 3299 2381 trisagii
3353 2312 3654 2383 hymnum

2006 2402 2376 2459 dixerunt.Et
2396 2406 2629 2473 sceptra
2654 2400 3032 2472 gladiosque,
3054 2415 3315 2472 quorum
3342 2399 3486 2455 olim
3508 2414 3654 2453 usus

2007 2497 2133 2549 erat
2160 2496 2449 2563 tanquam
2476 2490 2644 2560 regni
2674 2489 2949 2562 symbola
2969 2492 3205 2559 gestant
3231 2488 3491 2544 diaconi.
3508 2490 3656 2543 Tum

2007 2592 2064 2638 et
2086 2581 2441 2647 ventilabra,
2472 2580 2733 2649 ﬁguram
2764 2578 3234 2635 cherubinorum
3274 2579 3507 2650 gerunt.
3548 2576 3657 2641 Qui

2007 2675 2209 2728 autem
2241 2670 2472 2726 canitur
2510 2670 2768 2741 hymnus
2800 2667 3175 2732 cherubicus,
3203 2667 3491 2723 admonet
3523 2682 3657 2721 om-

2007 2776 2135 2829 nes,
2169 2764 2234 2815 ut
2263 2775 2443 2821 nunc,
2472 2762 2527 2814 ct
2575 2773 2769 2829 usque
2814 2756 2892 2812 ad
2938 2756 3185 2825 liturgia:
3235 2756 3445 2820 ﬁnem,
3477 2760 3661 2811 atten-

2009 2851 2154 2905 tiore
2176 2852 2380 2905 animo
2403 2847 2771 2915 sint,omissa
2790 2846 2957 2902 omni
2974 2845 3287 2901 mundana
3308 2849 3660 2916 terrenaque

2010 2954 2173 3004 cura,
2202 2953 2307 2993 ceu
2336 2937 2440 3009 qui
2468 2952 2762 3006 magnum
2813 2937 3036 3004 Regem
3065 2934 3126 2989 in
3169 2950 3340 2990 sacra
3394 2948 3661 2989 commu-

2009 3027 2189 3083 nione
2225 3025 2554 3097 suscepturi
2576 3028 2735 3081 sunt.
2764 3026 2894 3079 Jam
2916 3028 2973 3079 et
2995 3038 3197 3078 rerum
3223 3027 3571 3078 sanctarum
3600 3021 3665 3077 in

2011 3119 2217 3171 sancta
2246 3129 2458 3169 mensa
2476 3112 2780 3184 repositio,
2804 3112 3072 3166 imitatur
3101 3115 3353 3166 stratum
3382 3110 3527 3165 illud
3550 3125 3663 3165 coe-

2010 3203 2315 3273 naculum,
2349 3207 2405 3257 et
2434 3201 2615 3274 paulo
2645 3205 2802 3273 post,
2828 3200 2889 3255 in
2928 3215 3168 3254 crucem
3199 3198 3625 3254 exaltationem
3652 3217 3665 3267 ;

2008 3294 2145 3349 etin
2170 3292 2288 3347 ﬂne
2309 3291 2556 3347 demum
2583 3289 2955 3362 sepulturam
2979 3292 3456 3360 repraesentat,et
3474 3302 3667 3343 resur-

2006 3382 2332 3440 rectionem
2364 3386 2420 3436 et
2456 3379 2674 3435 deinde
2730 3378 3234 3450 assumptionem.
3288 3380 3368 3433 Ne
3425 3377 3587 3432 enim
3619 3376 3667 3431 si

2009 3473 2280 3529 omnium
2303 3469 2603 3540 sigillatim
2630 3474 2775 3524 tunc
2805 3472 3075 3523 actorum
3093 3467 3309 3522 horam
3331 3482 3401 3522 ac
3434 3470 3668 3538 tempus

2006 3561 2330 3632 locumque
2351 3558 2671 3614 deﬁnirent
2691 3557 2851 3613 beati
2875 3555 3303 3624 Patres,adhuc
3327 3555 3457 3611 aliis
3481 3559 3672 3611 trans-

2007 3649 2354 3717 lationibus,
2373 3647 2771 3720 pluribusque
2790 3644 3079 3701 altaribus
3108 3644 3464 3714 indigerent,
3490 3649 3669 3716 atque

2010 3740 2149 3795 hinc
2174 3738 2351 3811 quasi
2384 3736 2533 3792 risui
2565 3740 2901 3808 exposntum
2934 3733 3286 3790 aaconomiae
3317 3732 3670 3805 mysterium

2011 3828 2308 3889 evaderet,
2341 3827 2627 3882 decoram
2662 3824 2988 3880 mundanae
3021 3822 3121 3878 Dei
3162 3822 3477 3878 creationis
3497 3821 3665 3877 ratio—

2011 3935 2149 3975 nem
2190 3917 2402 3973 imitati
2442 3920 2599 3982 sunt,
2629 3919 2930 3987 quatenus
2957 3912 3189 3967 homini
3221 3912 3425 3967 divina
3453 3909 3674 3967 imitari

2010 4009 2145 4064 licet
2193 4012 2374 4079 atque
2423 4004 2687 4077 operari.
2744 4003 2949 4075 Itaque
2999 4001 3133 4056 caeli
3182 4000 3367 4056 instar
3397 3999 3674 4072 superius

2013 4103 2232 4153 sanctae
2259 4111 2484 4151 mensae
2504 4094 2756 4150 lacunar
2776 4092 3365 4165 fabricaruntJnstar
3379 4104 3521 4144 vero
3543 4089 3650 4144 uni
3670 4121 3676 4128 -

2011 4202 2199 4243 versas
2224 4191 2392 4241 terrae
2423 4199 2553 4239 esse
2584 4181 3018 4238 constituerunt
3038 4181 3153 4235 sub
3177 4184 3436 4251 quatuor
3466 4178 3674 4235 ciborii

2014 4277 2310 4335 columnis
2342 4276 2615 4331 clausum
2646 4279 2704 4329 et
2740 4270 3262 4344 circumscriptum
3296 4284 3539 4324 sacrum
3567 4284 3674 4341 pa-

2011 4368 2368 4423 vimentum.
2402 4366 2531 4430 Qua
2555 4364 2615 4418 in
2658 4378 2722 4418 re
2746 4360 3028 4432 impletur
3058 4358 3477 4431 propheticum
3525 4356 3675 4413 illud

2012 4456 2241 4512 dictum
2273 4473 2285 4509 :
2322 4476 2349 4503 ‹‹
2404 4453 2514 4519 Qui
2569 4455 2854 4524 operatus
2909 4453 3001 4505 est
3048 4448 3305 4503 salutem
3361 4448 3423 4501 in
3472 4445 3675 4503 medio

2018 4550 2185 4603 terrm
2215 4548 2282 4600 ‘9.
2312 4566 2340 4596 »
2365 4547 2513 4600 Nam
2544 4558 2684 4597 cum
2732 4556 2945 4597 omnes
2976 4538 3375 4595 confiteantur
3405 4536 3677 4593 Hieroso-

2016 4636 2248 4709 lymam
2281 4637 2341 4691 in
2386 4634 2588 4691 media
2641 4637 2807 4688 terra:
2852 4631 3105 4687 statione
3135 4645 3264 4686 esse
3294 4628 3672 4693 collocatam,

2014 4742 2137 4798 qua
2164 4726 2227 4782 in
2260 4725 2495 4782 civitate
2521 4723 2871 4778 universam
2912 4720 3259 4792 passionem
3292 4734 3465 4774 suam
3494 4717 3676 4773 susti-

2014 4818 2144 4874 nuit
2196 4816 2507 4884 Dominus,
2550 4812 2975 4885 proditionem,
3002 4809 3322 4881 judicium,
3354 4812 3411 4865 et
3440 4824 3510 4864 ea
3538 4823 3675 4880 qure

2015 4922 2256 4964 crucem
2279 4906 2720 4978 praecesserunt
2749 4918 2819 4958 ac
2852 4901 3181 4958 subsecuta
3213 4903 3388 4969 sunt;
3422 4914 3561 4955 cum
3592 4898 3677 4953 in-

2015 5196 2255 5265 banlur,
2274 5194 2460 5250 donec
2487 5192 2793 5263 inquisitio
2817 5190 2991 5265 Γαδίς
3004 5188 3238 5257 fuisset,
3259 5202 3404 5265 num
3417 5201 3504 5265 ea?
3530 5185 3679 5265 (ales

2013 5272 2223 5329 essent,
2244 5256 2383 5337 'qme
2421 5256 2665 5319 Domino
2695 5256 2874 5331 digne
2904 5256 3289 5337 olferrentugj.
3322 5258 3437 5337 S_ed
3466 5256 3679 5337 legesis

2012 5330 2297 5393 Allatiulii
2331 5340 2415 5392 De
2444 5330 2786 5391 Graecorum
2820 5332 3070 5401 (emptis,
3105 5330 3201 5386 ed.
3226 5330 3409 5385 Paris.
3441 5345 3504 5400 p.
3542 5331 3669 5384 136.

2084 5413 2192 5480 (22)
2240 5410 2383 5464 Hinc
2437 5408 2496 5480 in
2525 5406 2774 5478 picturis
2806 5407 3021 5480 Griecm
3051 5401 3456 5480 misszevides
3488 5414 3675 5467 ange-

2011 5472 2122 5552 los,
2157 5472 2417 5554 quorum
2446 5472 2640 5554 vicem
2672 5474 3179 5554 geruntdiaconi,
3215 5472 3436 5554 gladiis
3483 5487 3678 5554 arma-

2010 5543 2124 5609 tos:
2158 5543 2223 5608 Et
2242 5543 2737 5607 caeremoniarum
2758 5546 2923 5619 apud
2953 5562 3065 5602 nos
3085 5544 3391 5615 magistris
3421 5543 3677 5599 baculus

2009 5626 2198 5681 instar
2230 5623 2443 5695 sceptri
2474 5626 2583 5677 est.

2084 5698 2196 5775 (23)
2229 5688 2349 5775 Hic'
2368 5708 2613 5775 quoque
2639 5695 3113 5775 tractus,_usque
3144 5688 3224 5747 ad
3255 5691 3545 5757 κοινωνίας,
3582 5702 3681 5745 ex-

2010 5764 2211 5831 statin
2243 5766 2372 5827 solo
2387 5764 2603 5826 'codice
2634 5766 2760 5834 632,
2792 5779 2854 5837 p.
2892 5766 2944 5820 6.
2972 5778 3029 5821 a.
