4468 6440
803 395 908 451 UB
2068 397 2424 453 THEODORI
2457 391 2885 453 ANDIDENSIS
4051 401 4153 455 444

810 532 993 589 super
1019 521 1293 573 sanctam
1320 533 1599 574 mensam
1644 519 1914 575 medium
1951 519 2104 574 inter
2133 519 2351 574 caelum
2380 534 2450 574 ac
2479 519 2527 573 Α
2555 537 2574 570 1

2385 534 2450 574 ac
2479 519 2527 573 Α
2555 521 2756 580 πάθους
2784 522 2982 577 ὑπέστη
3024 522 3051 571 ό
3082 524 3289 594 Κύριος,
3321 525 3416 578 τὴν
3463 517 3781 594 προδοσίαν,
3821 525 3914 579 τὴν
3951 526 4149 593 κρίσιν,

806 610 1029 660 terram
1060 610 1258 660 tenere
1283 605 1486 662 locum
1522 613 1832 679 appareat,
1866 607 2201 678 eademque
2255 606 2452 661 media
2560 632 2570 642 -

2384 606 2452 661 lia
2560 613 2628 662 τὰ
2655 611 2755 682 πρὸ
2796 617 2888 660 τού
2917 617 3166 681 σταυροῦ,
3205 614 3295 660 xui
3332 613 3397 660 τὰ
3452 611 3578 680 μενὰ
3609 612 3695 660 τὸν
3727 614 3949 682 σταυρόν
3981 622 3996 638 ⁶
4038 607 4148 660 ἐπεὶ

806 693 961 748 inter
989 693 1304 748 columnas
1331 709 1402 748 ac
1431 695 1762 751 ventilabra
1801 696 1894 760 sit,
1918 695 2128 750 merito
2153 696 2285 766 ipsa
2303 693 2454 750 caelo
2563 718 2570 749 :

2393 693 2454 748 lo
2563 703 2646 749 xui
2714 700 2743 755 ἡ
2795 698 2922 768 ἁγία
2957 697 3193 771 τράπεζα
3257 699 3495 768 μεθόριον
3534 697 3754 768 ούρανοῦ
3806 701 3896 748 καὶ
3947 703 4049 767 γῆς
4086 698 4157 756 ὡς

809 781 1129 852 supposita
1157 797 1291 836 esse
1317 781 1577 837 dicetur:
1600 788 1780 854 atque
1811 783 1933 838 sive
1963 783 2025 837 in
2056 783 2226 838 India
2250 783 2373 837 sive
2394 783 2456 836 in
2563 807 2573 839 τ

2394 783 2456 836 in
2563 784 2992 857 παραδείκνυται,
3040 791 3130 838 καὶ
3180 790 3314 838 κατὰ
3358 789 3417 836 τό
3481 790 3638 857 μέσον
3675 795 3774 836 τῶν
3837 789 4018 837 κιόνων
4067 788 4158 835 καὶ

809 869 1160 925 Britannicis
1190 869 1404 926 insulis
1442 886 1515 926 ea
1543 872 1856 941 consistat,
1883 872 2136 928 salutem
2166 873 2228 928 in
2256 871 2456 928 medio
2563 895 2573 908 ι

2399 871 2456 926 i0
2563 884 2664 927 τῶν
2729 875 2900 946 κύκλῳ
2945 873 3170 949 ῥιπίδων
3227 877 3340 946 ἔχει
3402 880 3497 932 τὴν
3535 876 3766 944 στάσιν,
3827 874 4034 932 εἰκότως
4078 871 4158 924 ἐπ’

806 961 978 1013 terrea
1002 963 1301 1029 patratam
1329 959 1510 1016 fuisse
1534 960 1780 1017 denotat
1825 977 1931 1033 per
1959 977 2031 1017 ea
2058 977 2195 1033 quis
2220 963 2280 1016 in
2323 960 2458 1032 ipsa
2565 988 2570 1011 ε

2396 975 2458 1015 58.
2565 965 2781 1038 οὐρανόν
2843 967 2921 1021 εἴη
2969 963 3124 1024 αὕτη,
3191 967 3290 1015 εἴτε
3339 963 3391 1015 ἐν
3447 959 3634 1033 Ἰνδίᾳ,
3683 966 3777 1014 εἶτε
3833 961 3882 1013 ἐν
3922 967 4160 1034 Βρετανι-

804 1052 1179 1119 peraguntur
1205 1050 1700 1119 mysteria.0uod
1733 1050 1781 1105 si
1811 1051 1946 1121 quis
1975 1050 2158 1115 dicat,
2189 1065 2310 1104 non
2332 1064 2458 1104 om-
2567 1078 2568 1082 η

2396 1064 2458 1104 n-
2567 1062 2684 1114 καῖς
2742 1054 2851 1122 (24)
2877 1059 3072 1122 νήσοις,
3114 1053 3162 1104 έν
3212 1057 3355 1124 μέσῳ
3407 1061 3503 1112 τῆς
3538 1061 3635 1122 γῆς
3668 1053 3783 1121 (25)
3837 1055 3932 1108 τὴν
3983 1068 4160 1106 σωτη-

805 1149 946 1190 nem
984 1134 1298 1191 ecclesiam
1327 1136 1552 1192 habere
1582 1139 1880 1194 ciborium
1909 1143 1968 1193 et
1996 1138 2335 1209 crepidines
2366 1143 2460 1192 at-
2568 1207 2569 1213 κ

2398 1143 2460 1192 .t-
2568 1148 2685 1215 ρίαν
2743 1141 3054 1214 ἐργάζεσθαι
3102 1143 3408 1212 ύπεμφαίνει
3465 1136 3559 1192 διὰ
3607 1147 3708 1191 τῶν
3762 1139 4073 1209 τελουμένων
4113 1136 4162 1188 έν

804 1237 924 1293 que
948 1222 1286 1289 columnas,
1320 1227 1486 1292 satis,
1509 1226 1784 1297 inquam,
1807 1227 1915 1281 erit
1945 1227 1995 1281 si
2026 1225 2461 1282 semicirculare

2404 1239 2461 1279 re
2571 1233 2700 1303 αὑτῇ
2737 1248 2750 1261 ⁶
2801 1240 2873 1300 τῷ
2914 1227 2972 1282 δε
3010 1231 3228 1299 λέγοντι,
3263 1229 3394 1281 Ἀλλ’
3434 1237 3497 1280 οὐ
3526 1235 3676 1281 πᾶσα
3703 1228 3958 1284 ἐκκλησία
4004 1225 4164 1277 κιϐώ-

804 1309 987 1365 bema
1023 1310 1265 1382 habeat,
1297 1313 1465 1383 quod
1496 1314 1556 1368 in
1589 1313 1858 1385 qualibet
1878 1314 2128 1369 ecclesia
2157 1313 2284 1368 ﬁeri
2323 1328 2463 1368 con-

2402 1328 2463 1366 ῐι·
2570 1340 2680 1393 ριον
2733 1322 2846 1390 ἔχει
2897 1324 2985 1370 καὶ
3035 1315 3299 1389 κρηπῖδας
3350 1323 3439 1368 καὶ
3481 1322 3676 1385 κίονας,
3732 1315 3939 1388 ἀρκέσει
3975 1317 4036 1364 τὸ
4073 1322 4166 1366 τοῦ

807 1397 1078 1453 stitutum
1098 1404 1208 1468 est,
1251 1401 1426 1469 cujus
1455 1417 1708 1457 curvum
1745 1403 1994 1457 lacunar
2021 1402 2261 1456 cceleste
2282 1401 2466 1455 hemi-

2403 1401 2466 1454 Ii'
2573 1407 2810 1480 βήματος
2885 1407 3193 1478 ἡμικύκλιον
3245 1405 3293 1457 ἐν
3349 1409 3494 1477 πάσῃ
3562 1405 3818 1475 ἓκκλησίᾳ
3878 1405 4167 1474 νομοθετη-

805 1485 1134 1556 sphaerium
1165 1495 1572 1558 repraesentat,
1596 1491 1860 1545 mediam
1886 1490 2118 1545 habens
2149 1506 2221 1544 ex
2251 1489 2460 1544 adver-

2409 1505 2460 1543 l“
2573 1502 2654 1549 θέν
2684 1501 2827 1565 (26)·
2861 1497 2921 1548 οὗ
2951 1501 3040 1547 καὶ
3066 1498 3092 1546 ό
3130 1496 3268 1567 μύαξ
3296 1499 3354 1546 τό
3379 1495 3618 1567 ούράνιον
3649 1496 3995 1565 ἡμισφαίριον
4030 1511 4167 1562 σχη-

807 1591 876 1629 so
907 1581 1179 1630 sanctam
1203 1593 1501 1634 mensam.

2570 1587 2800 1658 ματίζει,
2860 1583 2908 1635 ἐν
2965 1589 3108 1655 μέσῳ
3169 1586 3292 1654 ἔχον
3339 1586 3654 1656 καταντικρὺ
3720 1586 3814 1638 τὴν
3855 1580 4005 1650 ἁγίαν
4043 1579 4170 1650 τρά-

2567 1675 2750 1735 πεζαν.

876 1755 1112 1810 19.Jam
1137 1760 1274 1827 post
1303 1762 1646 1813 sanctorum
1677 1759 1979 1816 donorum
2008 1761 2459 1832 repositionem,

2407 1777 2459 1829 n,
2645 1763 2729 1820 ιθ’.
2769 1764 2913 1815 Μετὰ
2970 1756 3030 1812 δε
3065 1765 3152 1817 τὴν
3197 1759 3450 1811 ἀπόθεσιν
3501 1765 3601 1809 τῶν
3632 1757 3793 1828 ἁγίων
3833 1752 4036 1827 δώρων,
4075 1757 4171 1810 τὴν

802 1859 1046 1914 precem
1075 1845 1395 1916 episcopus
1423 1862 1535 1918 pro
1566 1864 1630 1902 se
1646 1849 1944 1920 etpopulo
1964 1850 2458 1920 recitans,postu-
2486 1856 2532 1910 B
2562 1878 2566 1903 ι

2403 1865 2458 1904 u-
2486 1856 2532 1910 Β
2562 1853 2727 1924 εὐχὴν
2759 1853 2784 1902 ό
2825 1851 3099 1921 ἀρχιερεὺς
3137 1851 3264 1922 ὑπερ
3305 1848 3488 1900 ἑαυτοῦ
3534 1851 3625 1898 xui
3683 1852 3777 1896 τοῦ
3827 1845 3952 1896 λαοῦ
3981 1845 4167 1895 ποιού-

804 1931 889 1988 lat
917 1937 981 1988 ut
1009 1938 1248 2003 gratum
1281 1936 1357 1990 sit
1404 1938 1523 1991 Deo
1552 1938 1704 1992 Patri
1763 1938 2126 1993 sacriﬁcium
2172 1938 2292 1993 Filii
2329 1939 2459 2009 ejus
2567 2002 2568 2011 γ

2409 1954 2459 1993 Is
2567 1961 2733 2015 μενος,
2786 1939 3010 1991 αἰτεῖται
3069 1934 3494 2011 εύπροσδόκητον
3543 1937 3786 2006 γενέσθαι
3841 1938 3936 1990 τὴν
3994 1948 4173 2006 προτε-

804 2021 1095 2091 unigeniti
1136 2024 1241 2095 qui
1289 2023 1662 2082 immolatur.
1713 2028 1944 2083 Etenim
1987 2027 2085 2084 hic
2115 2027 2464 2083 immolatus

2402 2044 2464 2082 us
2572 2033 2747 2083 θεῖσαν
2785 2037 2857 2098 τῷ
2912 2037 3025 2098 Θεῷ
3080 2032 3171 2078 xui
3213 2031 3380 2100 Πατρὶ
3421 2027 3607 2076 θυσίαν
3645 2031 3738 2074 τοῦ
3798 2025 4046 2093 θυομένου
4078 2039 4166 2092 μο-

802 2108 1068 2164 hostiam
1096 2126 1159 2166 se
1211 2112 1270 2166 in
1302 2113 1392 2166 sui
1441 2115 1626 2168 Patris
1673 2115 1969 2170 honorem
1999 2114 2232 2184 obtulit,
2264 2130 2462 2186 quan-

2403 2130 2462 2169 :l-
2570 2126 2800 2189 νογενούς
2860 2119 2983 2169 Υὶού
3045 2116 3205 2167 αὑτοῦ
3238 2131 3252 2143 ·
3316 2114 3462 2173 οὗτος
3521 2115 3619 2185 γὰρ
3686 2113 3712 2162 ὁ
3775 2112 4018 2182 θυόμενος
4095 2108 4167 2170 εἰς

803 2212 992 2268 quam
1024 2198 1086 2252 id
1115 2200 1289 2255 Pater
1331 2216 1455 2256 non
1507 2203 1788 2271 exigeret.
1821 2208 2012 2274 Atque
2040 2204 2287 2273 sanguis
2334 2203 2464 2272 ejus

2407 2219 2464 2257 us
2570 2213 2728 2280 τιμὴν
2784 2214 2877 2258 τοῦ
2940 2206 3134 2257 οἰκείου
3199 2206 3418 2275 Πατρός,
3475 2201 3654 2253 ἑαυτόν
3721 2199 3789 2259 εἰς
3829 2201 4011 2251 θυσίαν
4073 2195 4171 2248 ἀπ-

802 2284 1120 2342 liberando
1143 2289 1423 2345 universo
1442 2290 1762 2346 hominum
1790 2293 1991 2360 generi
2008 2292 2266 2364 pretium
2293 2291 2465 2347 exsti-

2407 2291 2465 2346 li-
2571 2293 2758 2349 έδωκει
2795 2299 2884 2346 καὶ
2923 2302 3090 2346 ταὺτα
3137 2297 3208 2364 μὴ
3253 2292 3560 2350 αἰτήσαντος
3590 2296 3682 2341 τοῦ
3714 2293 3914 2359 Πατρός
3938 2307 3950 2319 ο
3983 2290 4073 2338 xui
4112 2288 4171 2337 τό

802 2374 888 2439 tit,
916 2379 974 2430 et
995 2376 1174 2447 quasi
1203 2376 1778 2450 redemptio.Postea
1803 2380 1959 2436 elata
1976 2396 2151 2436 voce:
2173 2382 2462 2436 Amemus

2408 2396 2462 2434 18
2573 2386 2644 2448 εἰς
2691 2389 2843 2457 τιμὴν
2879 2387 3140 2456 πατρικὴν
3191 2383 3355 2453 χυθεν
3414 2380 3565 2451 αἷμα,
3609 2385 3762 2429 τοῦτο
3800 2380 3927 2446 τιμὴ
3979 2377 4172 2446 ίγένετο

802 2463 1082 2532 invicem,
1138 2465 1363 2522 clamat
1411 2466 1747 2536 diaconus;
1782 2469 1863 2525 ita
1909 2475 1974 2525 ut
2002 2469 2297 2526 sensibilis
2326 2485 2463 2541 quae

2413 2485 2463 2525 ae
2570 2479 2699 2547 πρός
2773 2472 3058 2546 ἐλευθερίαν
3127 2473 3302 2531 πάσης
3363 2470 3784 2542 ἁνθρωπότητος,
3857 2469 3948 2516 καὶ
4023 2465 4175 2514 οἱονεί

805 2558 946 2608 tunc
973 2552 1042 2609 ﬁt
1069 2554 1368 2617 salutatio,
1407 2555 1884 2614 intellectualiter
1904 2559 2059 2614 intra
2083 2574 2184 2614 cor
2209 2558 2462 2628 recipia-

2409 2574 2462 2612 i-
2569 2583 2646 2623 τις
2703 2563 2949 2625 έξῶνησις
2984 2579 2995 2590 ·
3059 2557 3165 2612 εἶνα
3211 2563 3288 2627 τὸ,
3334 2581 3363 2608 ιι
3401 2559 3781 2629 Ἀγαπήσωμεν
3837 2552 4102 2618 ἀλλήλους,
4144 2573 4173 2599 ι)

802 2647 918 2710 tur,
970 2648 1028 2697 et
1079 2645 1276 2698 omnis
1327 2645 1685 2715 injuriarum
1737 2648 2036 2703 memoria
2064 2646 2460 2717 abstergatur.

2411 2664 2460 2705 ι’.
2571 2653 2782 2724 έκφωνεῖ
2843 2653 2868 2701 ό
2935 2647 3196 2713 διάκονος,
3257 2651 3392 2699 ὥστε
3452 2650 3538 2697 τόν
3597 2645 3850 2700 αἰσθητόν
3909 2646 4175 2712 γινόμενον

801 2732 950 2786 Tum
970 2730 1066 2785 bis
1090 2730 1385 2788 diaconus
1413 2735 1751 2792 inclamans
1779 2737 1888 2792 ait:
1916 2759 1942 2786 «
1977 2739 2203 2805 Portas,
2224 2741 2460 2808 portas;

2411 2753 2460 2802 3;
2571 2745 2854 2812 ἀσπασμόν
2913 2747 3106 2798 νοητῶς
3172 2737 3220 2789 εν
3281 2743 3344 2807 τῇ
3406 2731 3605 2806 καρδίᾳ
3657 2729 4025 2803 εἰσδέχεσθαι,
4085 2733 4175 2779 καὶ

801 2819 865 2874 in
894 2819 1189 2891 sapientia
1218 2823 1601 2879 attendamus
1631 2841 1645 2890 ;
1678 2847 1706 2875 »
1756 2826 1817 2880 id
1857 2831 1965 2891 est,
2000 2829 2080 2881 Ne
2110 2825 2463 2897 insipienter

2412 2840 2463 2880 ΞΓ
2569 2837 2743 2882 πᾶσαν
2809 2829 3056 2902 ἔξορίζειν
3127 2829 3500 2898 μνησικακίαν.
3572 2818 4038 2879 Ἀναδιπλασιάζει
4115 2814 4176 2868 δε

803 2923 999 2979 neque
1018 2908 1461 2968 inconsiderate
1487 2919 1698 2970 sancta
1726 2915 1855 2970 haec
1887 2919 2143 2970 tractare
2165 2914 2458 2977 ausimus,

2411 2931 2458 2977 8,
2568 2925 2998 2993 παρεγγυῶμενος
3055 2918 3080 2966 ό
3139 2911 3379 2975 διάκονος
3431 2913 3610 2982 λέγων,
3645 2934 3672 2960 ‹‹
3713 2912 3814 2969 Τὰς
3853 2911 4029 2978 θύρας,
4084 2908 4175 2966 τὰς

802 3012 914 3052 nec
940 3000 1116 3070 quasi
1135 3000 1493 3071 quotidiana
1520 3003 1957 3059 consuetudine
1983 3002 2326 3058 inviolabile
2347 3003 2461 3057 hoc

2409 3018 2461 3057 )C
2572 3011 2730 3082 θύρας
2767 3024 2778 3034 ⁸
2826 3007 2874 3058 έν
2929 3010 3086 3076 σοφίᾳ
3113 3011 3471 3076 πρόσσχωμεν
3496 3022 3508 3033 ο
3545 3021 3572 3050 ii
3619 3001 3877 3066 τουτέστι,
3926 3001 4010 3053 Μὴ
4044 2994 4173 3046 ἀσό-

801 3102 1169 3157 peragamus
1185 3090 1453 3147 ofﬁcium
1471 3098 1528 3148 et
1554 3098 1752 3148 actum
1765 3099 1850 3158 ,ut
1871 3093 2240 3165 acceptabile
2261 3093 2438 3147 videa

2410 3109 2438 3147 Β
2569 3118 2669 3170 φως
2707 3103 2797 3148 xui
2853 3095 3144 3164 ἀλογίστως
3194 3091 3459 3162 τολμῶμεν
3519 3094 3673 3140 ταυτὶ
3735 3090 3802 3138 τὰ
3847 3086 3995 3155 ἅγια,
4041 3080 4174 3155 μηδ’

801 3192 940 3232 mur
987 3179 1241 3233 Domino
1289 3181 1646 3237 sacriﬁcium
1684 3182 1899 3238 offerre
1933 3199 1944 3235 :
1997 3182 2102 3236 sed
2133 3186 2458 3254 postquam
2500 3203 2539 3258 ρ

2411 3197 2458 3235 ω
2500 3203 2539 3258 C
2570 3189 2669 3238 ὑπό
2712 3195 2808 3244 τῆς
2859 3186 2974 3235 καθ’
3007 3183 3232 3238 εκάστην
3290 3183 3485 3251 ἡμέραν
3526 3179 3800 3234 συνηθείας
3851 3178 3910 3226 τό
3964 3171 4175 3224 ἀνεπισ-

801 3279 942 3320 cum
993 3265 1250 3336 puritate
1307 3270 1772 3337 cognoverimus
1827 3271 1923 3325 cui
1953 3270 2045 3325 vel
2074 3270 2241 3341 quali
2272 3268 2456 3324 modo

2419 3285 2456 3323 Ο
2567 3275 2718 3348 φαλὲς
2774 3274 3140 3346 κατορθοῦντες
3192 3278 3289 3329 τῆς
3343 3268 3579 3340 πράξεως
3630 3271 3720 3317 καὶ
3777 3271 3868 3335 τῇς
3921 3261 4177 3332 ἐνεργείας

801 3353 1039 3424 singula
1060 3360 1546 3429 prototypa,qute
1568 3375 1729 3414 nunc
1755 3359 2151 3430 ﬁunt,utiliter
2169 3373 2457 3428 congrue-

2413 3373 2457 3412 Β·
2569 3365 2756 3432 αὐτῶν,
2828 3359 3060 3432 δοκῶμεν
3139 3361 3324 3411 θυσίαν
3401 3351 3784 3429 εὐπρόσδεκτον
3858 3359 3932 3421 τῷ
4001 3353 4177 3420 Κυρίῳ

799 3457 917 3513 que
965 3449 1334 3514 competant.
1368 3447 1610 3518 Oportet
1664 3448 1865 3520 itaque
1916 3454 1977 3503 ut
2033 3453 2245 3519 mystea
2277 3455 2460 3518 atque

2411 3461 2460 3500 ιθ
2569 3457 2912 3528 προσφέρειν·
2971 3450 3076 3501 ἀλλ’
3118 3450 3238 3500 ὅταν
3297 3451 3426 3518 μετά
3491 3447 3849 3518 καθαρότητος
3897 3441 4175 3509 ἐπιγινώσ-

797 3529 1126 3585 initiatores
1170 3532 1390 3587 harum
1417 3549 1638 3598 rerum,
1673 3535 2035 3600 sacerdotes,
2068 3537 2341 3606 inquam,
2376 3539 2457 3588 at-

2417 3539 2457 3588 Ῑ·
2569 3563 2770 3616 κωμεν,
2846 3562 2948 3594 τινι
3022 3545 3113 3591 καὶ
3187 3543 3320 3607 ποίῳ
3392 3540 3570 3609 τρόπῳ
3645 3541 3744 3584 τῶν
3818 3531 4177 3602 πρωτοτύπων

797 3633 918 3689 que
948 3619 1238 3692 episcopi,
1266 3623 1584 3694 cunctique
1614 3625 1893 3692 ministri,
1926 3625 2222 3680 rationem
2279 3639 2457 3678 nove-

2411 3639 2457 3677 3"
2569 3636 2785 3686 ἕκαστον
2824 3639 2920 3682 τῶν
2974 3637 3062 3680 νῦν
3112 3627 3422 3697 τελουμένων
3480 3626 3790 3697 προσφέρως
3836 3624 3926 3670 καὶ
3985 3615 4175 3668 καταλ-

797 3709 913 3764 rint
943 3708 1284 3765 ofﬁciorum
1313 3711 1553 3778 horum,
1587 3720 1644 3768 et
1668 3716 1764 3769 cui
1795 3714 2276 3787 unumquodque
2306 3712 2459 3768 refe-

2415 3728 2459 3768 3'
2569 3722 2736 3782 ληλως
2777 3723 3112 3772 συνάπτεται.
3177 3721 3289 3787 Χρὴ
3345 3710 3436 3765 οὖν
3488 3716 3605 3771 τούς
3657 3714 3865 3782 μύστας
3907 3711 3992 3758 xui
4043 3723 4179 3776 μυσ-

797 3803 982 3854 ratur.
1016 3799 1189 3864 Quod
1217 3806 1307 3856 est
1336 3802 1497 3857 enim
1525 3803 1832 3860 rationalis
1861 3810 2093 3859 naturae
2122 3803 2457 3876 proprium,

2413 3819 2457 3867 1,
2570 3815 2836 3882 ταγαγούς
2871 3817 2970 3860 τῶν
3019 3809 3287 3869 τοιούτων,
3347 3804 3514 3876 ἱερεῖς,
3550 3806 3704 3873 φημί,
3757 3803 3845 3850 καὶ
3891 3796 4177 3871 ἀρχιερεῖς,

795 3887 858 3943 id
887 3887 978 3943 his
1008 3888 1230 3955 verbis,
1266 3913 1293 3939 ‹‹
1324 3891 1389 3945 In
1420 3892 1718 3964 sapientia
1739 3893 2184 3962 attendamus,»
2207 3894 2462 3964 impera-

2415 3907 2462 3947 Ξ·
2571 3907 2659 3953 καὶ
2718 3903 2915 3959 πάντας
2964 3900 3082 3956 τοὺς
3139 3904 3305 3946 ταυτα
3344 3890 3795 3962 διακονουμένους,
3847 3883 4040 3939 εἰδέναι
4091 3888 4179 3936 τὸν

799 3982 912 4032 tur.
950 3978 1229 4049 Sequitur
1258 3997 1269 4033 :
1305 4002 1332 4029 «
1377 3981 1612 4036 Stemus
1642 3982 1919 4045 honeste,
1961 3990 2189 4038 stemus
2223 3998 2361 4037 cum
2391 3981 2458 4036 ti-

2417 3981 2458 4034 ί-
2569 3991 2719 4060 λόγον
2755 3997 2852 4040 τῶν
2901 3986 3231 4057 τελουμένων,
3295 3987 3384 4033 καὶ
3441 3984 3573 4053 πρός
3627 3986 3678 4031 τί
3733 3980 3950 4030 ἕκαστον
4000 3973 4181 4046 ἀναφέ-

797 4083 966 4123 more
998 4069 1386 4124 attendamus
1430 4078 1655 4127 sanctaa
1703 4073 2056 4145 anaphora.
2109 4095 2135 4123 ››
2167 4075 2460 4139 Quaenam

2417 4087 2460 4126 Π
2568 4099 2716 4155 ρεται
2743 4099 2755 4111 ·
2815 4084 2964 4152 τοῦτο
3006 4077 3107 4146 γὰρ
3141 4069 3277 4125 ἴδιον
3307 4080 3402 4131 τῆς
3431 4069 3644 4140 λογικῆς
3702 4071 3922 4139 φύσεως,
3973 4065 4038 4124 ὡς
4091 4067 4181 4114 καὶ

795 4172 979 4229 porro
1005 4159 1359 4230 anaphora?
1381 4163 1605 4231 Nempe
1627 4162 1705 4216 ad
1728 4170 2050 4235 prototypa
2066 4163 2458 4235 perﬁciendo-

2415 4177 2458 4216 )’
2569 4152 2648 4232 τό,
2692 4190 2720 4215 ‹‹
2763 4168 2844 4218 Ἐν
2911 4168 3070 4234 σοφίᾳ
3123 4165 3503 4236 πρόσσχωμεν,
3548 4180 3574 4207 ››
3632 4152 3990 4208 διεντέλλεται.
4050 4153 4179 4204 Τού-

794 4262 930 4301 rum
949 4247 1368 4318 symbolarum
1396 4253 2279 4322 respectus.Demoustrativum
2298 4251 2460 4306 enim

2419 4265 2460 4304 Il
2569 4277 2675 4316 τοις
2713 4257 2888 4307 ἕπεται
2941 4257 3031 4303 καὶ
3086 4255 3164 4320 τό,
3229 4272 3256 4298 ‹‹
3311 4256 3509 4318 Στὼμεν
3549 4245 3739 4311 καλῶς,
3797 4251 3996 4311 στῶμεν
4049 4243 4183 4312 μετὰ

795 4340 906 4399 est,
941 4342 998 4391 et
1028 4336 1436 4392 similitudinis
1467 4339 1881 4407 indicativum,
1926 4342 2254 4414 anaphoras
2284 4354 2458 4395 voca—

2414 4354 2458 4394 ὶ-
2570 4345 2728 4418 φόϐου
2761 4361 2772 4372 ⁶
2825 4347 3182 4414 πρόσσχωμεν
3222 4347 3284 4410 τῇ
3335 4336 3460 4408 ἁγίᾳ
3509 4334 3765 4407 ἀναφορᾷ,
3811 4355 3839 4382 ››
3897 4337 3988 4392 Τίς
4031 4328 4090 4382 δε
4148 4332 4178 4386 ἡ

793 4424 1026 4480 bulum.
1061 4425 1322 4498 Ideoque
1350 4433 1672 4484 trementes
1695 4433 1916 4500 pariter
1945 4437 2002 4486 et
2029 4431 2456 4502 lacrymantes.

2419 4446 2456 4488 Β.
2566 4435 2845 4506 ἀναφοράς
2894 4438 2952 4482 ‘H
3021 4435 3150 4503 πρός
3208 4432 3272 4480 τὰ
3346 4431 3668 4501 πρωτότυπα
3721 4431 3820 4474 τῶν
3869 4421 4183 4492 τελουμένων

792 4514 966 4586 quasi
995 4515 1195 4586 ipsum
1212 4532 1374 4572 nunc
1395 4532 1778 4574 cerneremus
1801 4520 2128 4590 patientem
2151 4537 2260 4593 pro
2282 4523 2457 4579 nobis
2493 4550 2536 4604 υ

2418 4524 2457 4579 is
2493 4550 2536 4604 Β
2571 4523 2843 4596 συμϐόλων
2869 4519 3054 4590 ἔποψις
3100 4515 3343 4575 δηλονότι
3373 4533 3384 4544 '
3435 4513 3696 4566 δεικτικὸν
3725 4515 3824 4586 γὰρ
3874 4515 3964 4562 καὶ
3993 4511 4182 4581 ὁμοιω-

793 4605 1288 4677 theanthropum,
1314 4607 1397 4662 ita
1440 4612 1668 4662 stemus
1698 4609 1894 4665 sobrie
1917 4615 1973 4664 et
2003 4614 2355 4683 composite,
2390 4619 2456 4669 ut
2493 4597 2554 4674 —.

2418 4619 2456 4669 lt
2493 4597 2786 4688 —,purix6v
2849 4614 2907 4661 τό
2973 4617 3062 4669 τῆς
3121 4606 3380 4681 ἀναφορᾶς
3456 4609 3655 4675 ὅνομα’
3716 4607 3806 4653 καὶ
3875 4597 3969 4652 διὰ
4028 4606 4182 4650 τοῦτο

794 4710 934 4749 cum
967 4710 1134 4766 pace,
1169 4706 1225 4749 et
1254 4695 1381 4751 sine
1436 4701 1806 4754 terrenarum
1865 4700 2298 4766 cogitationum
2331 4718 2458 4773 per-

2417 4720 2458 4758 r-
2568 4708 2840 4776 τρέμοντες
2893 4701 3023 4770 όμοῦ
3071 4702 3160 4749 καὶ
3213 4693 3549 4769 δακρύοντες,
3581 4693 3651 4753 ὠς
3677 4700 3765 4743 νύν
3820 4690 3977 4742 αὐτὸν
4021 4691 4181 4763 ὁρῶν-

795 4783 1157 4850 turbatione,
1177 4784 1306 4840 haec
1334 4785 1707 4851 exhibentes,
1732 4787 1897 4857 digni
1920 4789 2140 4844 ﬁamus
2170 4791 2460 4862 inclytam

2421 4809 2460 4847 n
2569 4813 2653 4853 τες
2727 4793 3012 4861 πάσχοντα
3086 4789 3212 4860 ὑπὲρ
3281 4788 3426 4857 ἡμῶν
3487 4787 3574 4835 τόν
3638 4783 3986 4854 θεάνθρωπον,
4047 4781 4185 4831 οὕτω

793 4875 924 4947 ejus
963 4875 1460 4931 resurrectionem
1506 4893 1770 4944 cernere,
1831 4887 2012 4949 atque
2043 4880 2184 4935 hinc
2237 4883 2462 4951 gaudio

2427 4899 2462 4938 ο
2574 4891 2772 4954 στῶμεν
2813 4897 3074 4950 νηφοντως
3125 4880 3215 4927 καὶ
3256 4875 3545 4936 εὐσταθῶς,
3600 4875 3738 4932 ὅπως
3777 4869 3826 4922 έν
3875 4869 4052 4943 εἰρήνη
4095 4874 4186 4920 καὶ

794 4964 1047 5037 repleri;
1080 4965 1382 5036 praecipue
1413 4966 1538 5038 qui,
1569 4973 1747 5039 prout
1775 4967 1890 5023 loci
1923 4971 2210 5025 sanctitas
2258 4978 2462 5042 postu-

2423 4989 2462 5026 l-
2575 4971 2835 5044 ἀταραξίᾳ
2865 4976 2964 5020 τῶν
3015 4967 3244 5019 κάτωθεν
3283 4965 3572 5036 λογισμῶν,
3602 4969 3769 5014 ταῦτα
3812 4963 4187 5034 προσφέροντες

793 5055 896 5120 lat,
929 5071 1152 5127 corpus
1188 5056 1550 5127 suscipiunt.
1608 5059 1670 5112 Hi
1719 5060 1881 5114 enim
1910 5066 1967 5115 et
1997 5061 2046 5116 ei
2082 5063 2466 5134 compatiun-

2424 5080 2466 5118 ι·
2576 5065 2604 5122 ἦ
2665 5062 3013 5133 ἀναφέροντες,
3056 5056 3459 5126 καταξιωθῶμεν
3513 5050 3641 5105 ἰδεῖν
3681 5051 3841 5104 αὑτοῦ
3894 5053 3989 5107 τὴν
4027 5050 4188 5110 ,θείαν

796 5152 911 5216 tur,
944 5153 998 5201 et
1026 5147 1383 5218 consepulti,
1417 5153 1628 5220 postea
1656 5149 1829 5204 simul
1854 5158 2194 5220 resurgunt.

2577 5151 2890 5219 ἀνάστασιν,
2938 5153 3027 5198 xui
3053 5154 3148 5208 τῆς
3180 5146 3401 5197 ἐντεῦθεν
3433 5149 3611 5218 χαρᾶς
3637 5141 4046 5215 ἐμπλησθῶμεν·
4098 5143 4188 5190 καὶ

794 5237 1029 5309 μάλιστα
1059 5239 1107 5288 οἱ
1138 5235 1296 5298 ἀξίως
1330 5246 1422 5288 τοὺ
1455 5240 1593 5289 θείου
1639 5244 1800 5291 τόπου
1844 5240 2324 5313 μεταλαμϐάνοντες
2366 5249 2608 5316 σώματος
2645 5264 2657 5275 -
2712 5242 2857 5293 οὗτοι
2896 5241 2995 5312 γὰρ
3036 5242 3126 5289 xui
3181 5237 3604 5308 συμπάσχουσιν
3649 5232 3810 5303 αύτῷ,
3853 5235 3942 5283 καὶ
3993 5231 4189 5282 συνθα-

798 5332 1049 5399 πτόμενοῐ
1077 5333 1505 5379 συνανίστανται.

872 5507 1398 5582 (24)_Male‘apud
1438 5509 1815 5582 Germanum
1863 5508 2169 5579 βενετικαῖς,
2222 5513 2461 5569 υεηειίε,
2576 5509 2636 5565 sl

2423 5527 2461 5568 ς.
2576 5508 2866 5582 sbyterio,
2898 5512 2963 5562 ut
2987 5503 3577 5582 apudAAllatiumpe
3603 5501 3840 5582 templis
3867 5499 4056 5582 Grec
4091 5498 4187 5554 ed.

800 5572 944 5658 “etp
1151 5572 1402 5651 ἀνωγαιον
1429 5580 1820 5658 ἐσταυρωμένον
1850 5572 1962 5658 pro
2001 5583 2338 5658 ἐστρωμένον.

2576 5572 2761 5639 Paris.
2799 5572 2861 5653 pL
2902 5572 3234 5658 l§§.'0uin_
3273 5576 3424 5657 adeo
3455 5575 3741 5658 decoram
3776 5574 3950 5658 lianc
3993 5572 4190 5658 legem

873 5655 987 5729 (25)
1020 5648 1269 5729 ρίου-οβ’
1289 5670 1429 5710 cum
1463 5648 1654 5729 poetis
1672 5648 1728 5706 Ea
1758 5648 1971 5729 όμφάλῳ
2001 5648 2240 5729 τῆξγῆς.
2294 5728 2302 5729 7
2578 5672 2637 5729 se

2578 5648 2880 5729 servatam
2907 5652 3184 5729 videmus
3220 5649 3530 5729 inpriscis
3561 5648 3744 5703 etiam
3776 5648 3979 5701 Romae
4011 5649 4069 5700 et
4106 5648 4189 5701 ci-

873 5655 967 5720 (25
1021 5655 1258 5707 Diceres
1289 5670 1429 5710 cum
1545 5656 1654 5709 etis
1680 5655 1728 5706 ἐι
1758 5655 1971 5727 όιιφάλῳ
2001 5655 2240 5729 τῆςγῆς.
2578 5659 2880 5710 servatam
2907 5655 3184 5708 videmus
3220 5655 3282 5704 in
3314 5655 3421 5721 pri:

873 5655 988 5800 (26;
1019 5724 1194 5785 Vides
1222 5725 1420 5798 legem
1451 5670 1722 5787 gemam
1760 5710 1836 5804 de
1876 5728 2310 5794 semicirculari
2337 5744 2469 5809 pre-
2577 5725 2774 5787 vitatis
2800 5725 3105 5784 Toscanias
3132 5721 3421 5783 basilicis.
