4468 6440
291 391 397 445 445

1511 377 2001 437 ΕΟΗΠΕΝΤΑΤῙΟ
2042 377 2430 435 LITURGICA.

3547 386 3655 441 446

363 510 431 566 κ’.
470 513 841 582 Παρεγγυᾶται
883 503 944 560 δε
980 508 1110 581 πρὸς
1150 507 1353 565 τούτοις
1400 504 1426 555 ὁ
1470 502 1747 578 ἀρχιερεύς
1794 503 1899 554 ἄνω
1934 503 1983 557 Α
2080 505 2127 557 2t

1892 525 1899 552 ι
1934 503 1983 557 Α
2080 505 2169 557 20.
2211 504 2488 559 Hortatur
2515 520 2657 560 mox
2685 484 3311 577 episcopus,'sursum
3349 506 3535 563 corda
3571 510 3656 563 to-

297 602 390 661 τάς
433 594 662 673 καρδίας
692 599 855 669 ἔχειν,
886 616 976 648 και
1018 594 1131 647 ὅλον
1177 596 1265 646 τὸν
1318 599 1457 648 νοῦν.
1491 594 1556 644 Oi
1597 610 1780 643 πιστοι
1818 586 1899 657 δε,

297 691 491 741 τούτων
546 686 848 757 λεγομένων,
890 682 1288 756 ἐπαγγέλλονται
1339 700 1648 756 προσφέρειν
1699 688 1902 753 πρῶτον

300 780 388 849 μεν
444 775 601 843 ἵλεον,
649 772 760 826 εἶτα
816 774 1023 847 εἰρήνην
1070 771 1141 834 ὡς
1190 772 1377 823 θυσίαν
1423 769 1690 830 αἰνέσεως,
1749 767 1905 838 Ὀμο-

299 865 514 937 λογοῦσι
558 859 618 917 δε
673 867 763 915 καὶ
813 864 907 924 τὰς
948 856 1173 935 καρδίας
1219 859 1383 919 οὕτως
1428 860 1570 929 ἔχειν
1617 860 1743 929 πρὸς
1802 858 1906 908 Κύ-

301 973 431 1028 ριον,
486 954 661 1025 ὧσπερ
712 949 1044 1004 έντέλλονται.
1098 948 1215 1002 Ἐπι
1266 949 1470 1008 τούτοις
1520 948 1577 997 τὸ
1629 946 1761 997 θεῖον
1810 952 1905 1006 τῆς

302 1037 586 1115 ὁρθοδόξου
642 1043 864 1099 πίστεως
929 1035 1185 1109 σύμϐολον
1241 1034 1488 1105 λέγεσθαι
1542 1029 1904 1100 διατέτακται,

304 1130 366 1181 ἶν’
412 1128 469 1180 έκ
510 1130 697 1179 τούτου
741 1131 1002 1198 γνώριμον
1050 1128 1127 1182 εἴη
1178 1130 1288 1184 τοῖς
1323 1128 1486 1176 πᾶσιν
1529 1122 1608 1173 ὅτι
1637 1122 1663 1172 ὁ
1704 1118 1770 1181 εἷς
1810 1128 1906 1181 τῆς

300 1212 530 1291 Τριάδος
584 1216 610 1267 ὁ
662 1219 943 1287 μονογενής
993 1215 1108 1274 Υἱὸς
1158 1232 1247 1263 και
1304 1216 1475 1281 Λόγος
1528 1216 1619 1261 τοῦ
1670 1207 1905 1282 ἀνάρχου

304 1308 528 1379 Πατρός,
576 1304 725 1363 οὗτος
776 1298 871 1354 διὰ
917 1306 1011 1359 τὴν
1068 1304 1322 1373 ἡμετέραν
1377 1303 1640 1371 σωτηρίαν
1689 1316 1779 1348 και
1822 1298 1906 1347 tiv-

304 1395 501 1467 θρωπος
552 1396 753 1464 γέγονε,
812 1391 1100 1464 σαρκωθιὶς
1158 1387 1206 1440 έν
1268 1396 1361 1446 τῆν
1416 1387 1572 1457 ἁγίας
1620 1387 1903 1457 Παρθένου,

302 1482 643 1557 σταυρωθεις,
687 1499 778 1532 και
826 1498 1022 1551 ταφεις,
1066 1497 1157 1529 και
1196 1475 1423 1537 ἀναστάς
1454 1496 1467 1508 ·
1518 1475 1578 1527 οὗ
1630 1477 1766 1525 κατά
1815 1475 1911 1537 τὰς

305 1572 445 1631 θείας
501 1568 709 1629 έντολὰς
758 1570 825 1619 τά
875 1567 1155 1639 τελούμενα
1203 1571 1373 1617 ταῦτα
1424 1566 1775 1637 πράττομενα,
1827 1562 1911 1612 ἵνα

305 1663 373 1730 μὴ
421 1658 598 1728 λόγοις
639 1660 816 1729 μόνον,
865 1653 993 1707 ἀλλά
1040 1674 1130 1705 και
1177 1656 1349 1727 ῖργοις
1398 1650 1559 1704 εἰσαει
1602 1658 1697 1711 τῆς
1743 1669 1911 1707 σωτη-

308 1751 421 1820 ρίας
488 1746 637 1817 ἡμῶν
704 1742 1098 1818 ἐνεργουμένης,
1166 1742 1301 1793 οὕτω
1366 1740 1665 1812 φαινώμεθα
1727 1738 1913 1799 ζῶντες

310 1837 438 1908 ὁμοῦ
499 1854 590 1887 και
650 1833 1074 1903 πολιτευόμενοι·
1143 1850 1234 1881 και
1291 1832 1357 1881 τά
1411 1832 1502 1901 μεν
1554 1830 1695 1884 πάθη
1758 1846 1915 1901 σαρκι

311 1931 488 1975 τοῦτον
548 1924 993 1995 ὑπομεμενηκέναι
1050 1919 1398 1991 ὁμολογῶμεν,
1444 1915 1618 1974 ἀπαθῆ
1681 1912 1740 1968 δε
1800 1918 1919 1967 τού-

312 2032 399 2064 του
454 2010 806 2083 φυλάττεσθαι
861 2013 955 2067 την
1012 2010 1267 2065 θεὸτητα·
1317 2006 1427 2078 ἅμα
1475 2001 1534 2058 δε
1584 2006 1668 2056 ἶνα
1716 2012 1779 2076 τῇ
1839 2001 1920 2055 έκ-

318 2105 536 2173 φωνήσει
586 2095 744 2151 τοῦδε
799 2105 891 2149 τοῦ
946 2099 1083 2150 θείου
1142 2094 1404 2168 συμϐόλου
1460 2113 1549 2145 και
1601 2095 1651 2145 οἱ
1699 2090 1920 2163 ἀγνῶτες

316 2209 403 2240 και
460 2186 702 2259 ἀμαθεῖς,
758 2189 946 2239 τούτου
1010 2184 1278 2245 ἀκούοντες
1334 2190 1424 2235 τοῦ
1482 2178 1762 2254 ἀδομένου,
1828 2176 1922 2233 διὰ

316 2280 502 2337 παντὸς
551 2276 601 2328 ἐν
656 2280 848 2347 γνώσει
896 2278 1066 2345 ἔχωσι
1121 2276 1185 2325 τὰ
1230 2276 1421 2347 ἔκφορα
1480 2278 1570 2323 τοῦ
1623 2274 1920 2343 μυστηρίου

315 2373 408 2428 τῆς
451 2369 681 2426 πίστεως
727 2382 817 2415 και
855 2370 965 2424 ταῖς
1014 2371 1115 2415 τῶν
1153 2361 1352 2415 πολλῶν
1395 2359 1580 2422 ἀκοαῖς
1624 2360 1718 2411 ούκ
1764 2357 1922 2433 ἀπόρ-

317 2456 477 2529 para.

386 2542 487 2596 κα’.
527 2542 585 2595 Ἠ
628 2538 688 2594 δε
726 2548 827 2594 τῶν
870 2543 1037 2613 θυρῶν
1080 2539 1292 2609 κλεῖσις,
1324 2558 1415 2590 και
1452 2540 1483 2596 ἡ
1531 2536 1699 2589 έπάνω
1728 2540 1923 2589 τούτων

320 2630 611 2693 ἐξάπλωσις
666 2636 759 2681 τοῦ
824 2630 1313 2701 καταπετάσματος,
1370 2628 1435 2687 ὡς
1492 2626 1539 2678 ἐν
1592 2632 1702 2687 τοῖς
1763 2644 1923 2697 μονα-

324 2724 558 2795 στηρίοις
611 2719 851 2783 εἰώθασι,
898 2738 988 2769 και
1036 2720 1065 2775 ἡ
1126 2725 1218 2769 τοῦ
1275 2716 1549 2789 λεγομένου
1612 2713 1760 2788 ἀέρος
1811 2714 1924 2783 ('37)

322 2818 420 2860 τῶν
474 2811 623 2862 θείων
673 2805 854 2880 δώρων
900 2808 1235 2877 έπικαλυψις,
1292 2807 1362 2868 ως
1414 2804 1582 2877 οἶμαι,
1634 2809 1730 2862 τὴν
1768 2806 1929 2854 νύκτα

325 2898 523 2955 ἐκείνην
591 2894 766 2962 δηλοῖ,
833 2896 951 2948 καθ’
997 2896 1058 2953 ἢν
1120 2897 1149 2952 ἡ
1209 2903 1300 2946 τοῦ
1368 2897 1604 2966 μαθητοῦ
1664 2888 1930 2966 προδοσία

324 2985 543 3061 προέϐη,
581 3006 670 3037 και
725 2988 754 3043 ἡ
810 2989 938 3060 πρὸς
984 2987 1221 3057 Καῐάφαν
1268 2983 1550 3053 ἀπαγωγὴ,
1586 3002 1675 3032 και
1718 2984 1746 3039 ἡ
1803 2984 1929 3054 πρὸς

326 3074 512 3127 Ἀνναν
577 3077 943 3149 παράστασις,
1012 3093 1102 3124 και
1168 3074 1222 3123 αἱ
1286 3068 1780 3144 ψευδομαρτυρίαι,
1846 3090 1931 3121 ναι

325 3168 425 3240 μὴν
465 3184 559 3215 και
601 3165 651 3214 οἱ
698 3161 1006 3235 έμπαιγμοι,
1040 3181 1125 3213 και
1173 3164 1221 3214 οἱ
1259 3160 1599 3233 κολαφισμοι,
1641 3179 1731 3210 και
1772 3158 1933 3210 τᾶλλα

327 3254 426 3305 ὅσα
470 3257 533 3305 τὸ
578 3259 868 3309 τηνικαῦτα
916 3250 1243 3323 συμϐέϐηκ’
1279 3247 1373 3302 διὰ
1414 3269 1467 3301 τι
1503 3250 1605 3321 γὰρ
1648 3251 1707 3299 τὸ
1739 3247 1935 3319 κάλυμ-

327 3363 400 3415 μα
431 3350 586 3395 τοῦτο
638 3340 738 3413 ἀὴρ
788 3342 1091 3413 ὠνομάσθη,
1134 3341 1163 3398 ἡ
1218 3342 1421 3399 πάντως
1460 3334 1553 3389 διὰ
1592 3341 1649 3389 τὸ
1695 3341 1781 3388 τὸν
1827 3336 1934 3388 έπι-

326 3433 711 3503 καλῦπτόμενον
753 3432 877 3505 παρ’
926 3430 1088 3483 αὐτοῦ
1148 3432 1410 3482 σκοτεινὸν
1468 3426 1593 3499 ἀέρα
1649 3436 1739 3487 τῆς
1787 3426 1933 3499 εἰρη-

328 3525 478 3593 μένης
537 3524 724 3581 νυκτὸς
782 3520 1165 3584 εὶκονίζεσθαι;
1223 3517 1340 3569 καθ’
1395 3516 1448 3568 ὃν
1510 3536 1599 3567 και
1666 3521 1854 3588 Πέτρος
1909 3518 1935 3566 0

331 3616 493 3683 μέγας
548 3611 645 3674 ἔξω
698 3618 791 3668 τῆν
848 3611 1007 3683 θύρας
1066 3608 1248 3673 ἑστὼς,
1296 3605 1547 3680 πρεσϐείᾳ
1602 3613 1694 3657 τοῦ
1748 3604 1937 3675 ἐγνωσ-

331 3706 480 3773 μένου
521 3710 595 3771 τῷ
651 3699 888 3773 ἀρχιερεῖ
943 3701 1208 3771 μαθητοῦ,
1249 3694 1395 3749 ἔνδον
1452 3696 1643 3767 ἐγένετο
1698 3704 1792 3757 τῆς
1847 3696 1938 3746 αύ-

330 3788 417 3850 λῆς
442 3811 455 3822 ο
492 3790 616 3841 ἔνθα
653 3808 744 3839 και
782 3789 813 3845 ἡ
855 3782 1119 3845 παιδίσκη
1166 3789 1335 3856 τούτῳ
1374 3784 1673 3856 ἐντυχοῦσα
1701 3800 1713 3811 ·
1756 3804 1843 3835 και
1890 3785 1939 3834 οἱ

332 3882 457 3952 πρὸς
516 3885 581 3951 τῇ
660 3882 804 3951 πυρᾴ
874 3884 1235 3948 παρεστῶτες,
1302 3870 1632 3944 διήλεγχον·

331 3966 487 4019 λοιπὰ
540 3968 711 4037 τούτῳ
764 3964 1192 4023 ἐπηκολούθησαν
1244 3965 1344 4015 ὅσα
1392 3966 1522 4036 πρὸς
1567 3966 1652 4015 τὸν
1714 3965 1941 4035 κρημνὸν

334 4064 423 4117 τῆς
480 4054 747 4130 ἀρνήσεως
786 4059 1184 4124 κατηπείγοντο,
1234 4048 1328 4104 διὰ
1382 4056 1441 4103 τὸ
1487 4060 1676 4125 πτῶμα
1731 4071 1944 4123 συγχω-

334 4146 543 4217 ρηθέντι
596 4144 733 4195 οὕτω
783 4144 1026 4213 γενέσθαι
1073 4150 1167 4203 τῆς
1219 4142 1485 4213 ἐπάρσεως
1526 4141 1555 4198 ᾗ
1606 4146 1940 4211 καυχήσεως,

1712 3893 1801 3923 και
1875 3874 1942 3924 τὰ

334 4236 653 4308 Αὶρουμένου
722 4228 781 4283 δε
836 4239 928 4282 τοῦ
982 4230 1125 4303 ἀέρος
1180 4250 1270 4280 και
1330 4236 1420 4280 τοῦ
1480 4231 1945 4300 καταπετάσματος

336 4322 765 4393 συστελλομένου,
819 4327 919 4371 τῶν
975 4321 1141 4391 θυρῶν
1186 4338 1235 4370 τε
1294 4316 1658 4390 ἀνοιγομένων,
1701 4320 1729 4375 ἡ
1776 4321 1948 4390 πρωῖα

336 4407 709 4477 διατυποῦται,
744 4408 860 4460 καθ’
903 4408 955 4459 ὃν
999 4406 1275 4478 ἀπήγαγον
1315 4407 1472 4458 αὑτὸν
1511 4427 1601 4458 και
1639 4404 1947 4480 παρέδωκαν

2008 594 2255 663 tamque
2286 596 2546 649 mentem
2577 592 2819 649 habere.
2851 593 3074 649 Fideles
3104 599 3327 665 autem,
3348 594 3497 652 dum
3525 596 3658 652 haac

2009 679 2312 747 dicuntur,
2343 682 2701 752 promittunt
2738 681 3017 738 exhibere
3041 684 3240 755 primo
3263 684 3509 756 quidem
3551 684 3658 739 mi-

2011 767 2419 831 sericordiam,
2454 769 2671 825 deinde
2712 785 2947 842 pacem,
2988 786 3099 827 ceu
3129 771 3487 828 sacriﬁcium
3530 772 3660 828 lau-

2011 855 2123 912 dis.
2167 859 2444 913 Fatentur
2480 858 2641 925 item,
2674 874 2737 914 se
2779 858 2860 914 ita
2886 858 3109 915 habere
3138 861 3325 916 corda
3366 876 3510 931 erga
3551 862 3660 916 Do-

2013 945 2267 1009 minum,
2314 950 2381 1000 ut
2425 946 2733 1016 jubentur.
2783 950 2919 1003 Post
2960 946 3090 1003 hinc
3138 947 3413 1004 divinum
3456 949 3659 1005 ortho-

2012 1034 2186 1089 doxa;
2225 1033 2363 1089 ﬁdei
2394 1034 2739 1106 symbolum
2771 1036 2887 1091 dici
2918 1036 3261 1093 ordinatum
3290 1043 3399 1100 est,
3426 1043 3492 1093 ut
3521 1037 3661 1093 hinc

2013 1121 2298 1177 omnibus
2324 1121 2427 1178 ﬁat
2461 1122 2863 1194 exploratum,
2896 1123 3063 1195 quod
3092 1140 3249 1179 unus
3280 1124 3357 1179 de
3384 1123 3662 1180 Trinitate

2013 1212 2355 1282 unigenitus
2406 1212 2581 1267 Filius
2631 1217 2688 1268 et
2737 1212 2998 1267 Verbum
3050 1213 3345 1285 principio
3408 1212 3664 1268 carentis

2015 1301 2218 1360 Patris,
2255 1305 2497 1370 propter
2534 1305 2800 1355 nostram
2835 1299 3091 1356 salutem
3128 1300 3315 1357 homo
3346 1301 3417 1357 sit
3445 1302 3660 1367 factus,

2014 1388 2361 1443 incarnatus
2385 1387 2459 1442 de
2490 1394 2699 1444 sancta
2722 1389 2980 1458 Virgine,
3004 1388 3349 1456 cruciﬁxus,
3370 1390 3661 1461 sepultus,

2016 1481 2074 1531 et
2102 1475 2490 1531 resuscitatus
2517 1492 2529 1530 :
2564 1476 2737 1546 cujus
2764 1476 2971 1533 divino
3015 1477 3305 1533 mandato
3334 1477 3463 1533 hinc
3493 1494 3667 1535 sacra

2017 1562 2273 1618 facimus
2307 1568 2367 1616 ut
2392 1564 2555 1618 haud
2588 1564 2784 1619 verbis
2814 1570 3067 1631 tantum,
3092 1581 3297 1621 verum
3323 1566 3502 1621 etiam
3528 1582 3666 1639 ope-

2018 1651 2184 1707 ribus
2211 1650 2467 1707 salutem
2499 1658 2770 1707 nostram
2800 1652 3042 1708 assidue
3072 1660 3416 1725 operantes,
3440 1655 3523 1711 sic
3546 1670 3666 1711 non

2020 1740 2220 1795 vivere
2262 1744 2495 1795 tantum
2528 1739 2632 1795 sed
2677 1756 2815 1795 cum
2858 1742 3070 1797 virtute
3100 1742 3296 1797 vivere
3322 1743 3664 1800 videamur:

1953 1849 1995 1904 B
2023 1834 2201 1900 atque
2223 1828 2521 1883 cruciatus
2549 1828 2749 1900 ipsum
2779 1829 3025 1901 quidem
3049 1846 3227 1885 carne
3256 1847 3506 1902 passum
3531 1848 3669 1887 con-

2022 1916 2317 1979 ﬁteamur,
2352 1916 2459 1971 sed
2491 1916 2760 1988 ejusdem
2792 1918 3223 1989 impassibilem
3264 1919 3557 1975 mansisse
3585 1919 3669 1975 di-

2023 2006 2363 2077 vinitatem;
2401 2004 2702 2077 simulque
2753 2011 2816 2061 ut
2852 2006 2999 2062 dum
3031 2008 3158 2063 haec
3188 2008 3373 2063 divini
3412 2008 3672 2080 symboli

2025 2094 2181 2151 elata
2210 2110 2356 2150 voce
2386 2094 2652 2151 recitatio
2680 2094 2766 2159 ﬁt,
2800 2095 3001 2151 idiota:
3032 2096 3345 2169 ignarique
3374 2097 3670 2169 homines,

2026 2184 2327 2240 canticum
2365 2184 2479 2239 hoc
2508 2184 2838 2250 audientes,
2866 2190 3065 2241 mente
3096 2186 3429 2258 percipiant
3458 2191 3675 2257 myste-

2026 2270 2097 2327 rii
2139 2272 2430 2343 notitiam,
2464 2288 2602 2345 qum
2640 2272 2764 2343 jam
2804 2272 3128 2329 multorum
3179 2274 3428 2330 auribus
3480 2272 3676 2329 divul-

2028 2366 2226 2432 gatur.

2102 2542 2189 2594 2t.
2231 2542 2539 2596 Portarum
2570 2555 2713 2595 vero
2756 2539 3057 2608 clausura,
3095 2556 3207 2597 nec
3255 2557 3375 2597 non
3418 2540 3533 2597 veli
3582 2540 3678 2597 his

2032 2626 2617 2699 superimpendentis
2648 2629 2897 2701 apertio,
2932 2633 2999 2685 ut
3034 2630 3095 2684 in
3126 2629 3509 2685 monasteriis
3556 2628 3685 2685 ﬂeri

2034 2714 2201 2779 solet,
2226 2720 2355 2770 tum
2388 2719 2443 2771 et
2471 2715 2617 2770 illud
2641 2716 2983 2771 divinorum
3018 2716 3317 2772 donorum
3348 2717 3685 2789 operimen-

2034 2810 2185 2871 tum,
2200 2804 2367 2875 quod
2387 2804 2569 2874 vulgo
2599 2804 2816 2860 dicitur
2838 2820 2959 2870 aer,
2988 2804 3173 2875 illam,
3189 2811 3256 2861 ut
3278 2821 3429 2870 reor,
3445 2810 3685 2862 noctem

2037 2892 2097 2948 in
2136 2908 2258 2963 qua
2301 2891 2578 2963 discipuli
2626 2893 2880 2964 proditio
2928 2893 3141 2959 evenit,
3173 2894 3480 2961 denotant,
3513 2899 3569 2949 et
3608 2893 3688 2948 ad

2039 2981 2331 3053 Caipham
2360 2980 2806 3050 deductionem,
2837 2988 2893 3038 et
2922 2998 3125 3038 coram
3156 2987 3328 3038 Anna
3367 2987 3690 3055 praesenta-

2039 3070 2283 3139 tionem,
2319 3076 2375 3124 et
2413 3069 2564 3125 falsa
2594 3071 2952 3135 testimonia,
2986 3076 3043 3127 et
3084 3071 3417 3140 illusiones,
3446 3076 3503 3126 et
3531 3070 3691 3126 cola-

1969 3191 2011 3246 ε
2040 3158 2217 3230 plios,
2245 3163 2301 3213 et
2326 3174 2703 3231 quascunque
2746 3159 3093 3230 hujusmodi
3126 3166 3266 3215 tunc
3296 3160 3690 3229 contigerunt.

2043 3250 2158 3304 Cur
2186 3248 2346 3303 enim
2377 3249 2818 3320 operimentum
2856 3249 2973 3305 hoc
3020 3248 3377 3321 appellatur,
3414 3265 3535 3312 aer,
3578 3248 3694 3304 nisi

2042 3339 2189 3409 quia
2208 3335 2536 3409 ad0pertus
2558 3337 2822 3393 tenebris
2845 3354 2947 3393 aer
2966 3338 3159 3393 noctis
3182 3338 3337 3393 illius
3355 3337 3433 3393 ab
3454 3353 3525 3393 eo
3545 3336 3696 3405 ﬁgu-

2044 3431 2209 3482 ratur
2229 3426 2257 3479 ‘?
2287 3442 2412 3498 qua
2440 3431 2497 3481 et
2526 3442 2787 3497 magnus
2818 3430 3039 3493 Petrus,
3073 3444 3212 3483 cum
3251 3433 3418 3483 extra
3442 3427 3696 3497 januam

2046 3519 2245 3577 staret,
2287 3519 2505 3583 rogatu
2555 3513 2855 3587 discipuli,
2889 3515 2992 3587 qui
3041 3520 3167 3571 erat
3196 3514 3463 3588 pontiﬁci
3492 3518 3696 3577 notus,

2045 3602 2426 3658 intromissus
2465 3604 2525 3658 in
2570 3604 2788 3659 atrium
2820 3603 2970 3659 fuit:
3006 3604 3110 3660 ubi
3149 3610 3206 3660 et
3256 3603 3472 3659 ancilla
3511 3603 3563 3658 ei
3591 3618 3698 3657 oc-

2048 3707 2314 3757 currens,
2357 3698 2409 3748 et
2461 3693 2564 3765 qui
2606 3692 2898 3748 sedebant
2938 3693 3017 3748 ad
3056 3708 3302 3765 prunas,
3357 3709 3497 3748 eum
3536 3707 3701 3748 coar-

2049 3786 2343 3851 guerunt;
2376 3786 2433 3837 et
2470 3781 2587 3837 alia
2638 3782 2690 3837 ei
2717 3787 3067 3851 evenerunt,
3089 3798 3227 3854 quin
3256 3781 3335 3838 ad
3360 3780 3701 3852 negationis

2048 3870 2445 3942 praecipitium
2472 3870 2874 3943 impulerunt;
2909 3869 3057 3926 dum
3091 3871 3202 3926 hos
3229 3870 3407 3942 lapsu
3428 3884 3704 3925 corruere

2049 3958 2380 4031 permissus
2419 3964 2511 4013 est
2551 3958 2823 4014 elationis
2862 3974 2983 4015 sum
3013 3974 3199 4014 causa
3228 3964 3284 4014 et
3314 3957 3705 4026 gloriationis.

2051 4049 2265 4106 Ablato
2323 4054 2525 4105 autem
2578 4065 2735 4117 aere,
2782 4054 2839 4105 et
2893 4053 3147 4106 retracto
3202 4049 3353 4117 velo,
3398 4048 3707 4122 portisque

2054 4138 2415 4211 patentibus,
2458 4154 2637 4193 mane
2688 4137 2835 4193 illud
2880 4138 3194 4208 ﬁguratur,
3234 4154 3358 4210 quo
3408 4137 3709 4194 Christum

2058 4229 2389 4284 abductum
2427 4227 2634 4283 Pontio
2663 4227 2845 4283 Pilato
2875 4227 3119 4300 praetori
3156 4226 3557 4283 tradiderunt.
3588 4229 3710 4282 Hoc

2057 4317 2214 4372 enim
2242 4324 2529 4388 tempore,
2562 4332 2777 4387 nempe
2809 4316 2957 4371 dum
2998 4321 3185 4386 portae
3217 4316 3436 4371 clausae
3471 4322 3629 4380 sunt,
3656 4319 3714 4371 et

2058 4406 2259 4461 velum
2302 4412 2689 4477 praetensum,
2726 4405 3133 4461 subdiaconos
3186 4405 3328 4460 foris
3370 4420 3612 4460 manere
3651 4405 3713 4460 in

336 4505 534 4573 Ποντίῳ
587 4496 796 4569 Πιλάτῳ
842 4505 915 4567 τῷ
961 4499 1216 4568 ἡγεμόνι·
1260 4494 1309 4547 έν
1357 4499 1524 4566 τούτῳ
1564 4500 1664 4569 γὰρ
1706 4506 1777 4566 τῷ
1832 4516 1948 4547 και·
1984 4529 2030 4583 D
2060 4512 2094 4550 ν

1984 4529 2030 4583 D
2060 4494 2419 4550 venerabilis
2471 4493 2676 4565 templi
2724 4495 2955 4566 spatiis,
2988 4495 3161 4566 quasi
3206 4494 3265 4549 in
3314 4495 3467 4549 sacri
3514 4493 3715 4548 altaris

336 4597 408 4663 ρῷ
472 4596 571 4650 τῆς
635 4595 736 4639 τῶν
806 4582 1035 4660 θυρίδων
1104 4580 1313 4642 δηλαδὴ
1382 4583 1622 4644 κλείσεως
1694 4604 1784 4636 και
1857 4594 1950 4637 τοῦ

337 4680 807 4749 καταπετάσματος
861 4680 980 4736 τούς
1036 4670 1419 4736 ὑποδιακόνους
1464 4674 1643 4736 ἔξωθεν
1700 4677 1952 4727 ῖστασθαι

340 4767 387 4819 έν
422 4776 493 4838 τῷ
537 4767 725 4819 πλάτει
772 4772 865 4817 τοῦ
895 4766 1033 4816 θείου
1081 4770 1227 4828 ναοῦ,
1279 4763 1348 4823 ὡς
1396 4762 1446 4813 ἐν
1492 4761 1620 4834 αὐλῇ
1674 4764 1822 4834 τάχα
1860 4772 1951 4814 τοῦ

343 4865 531 4910 σεπτοῦ
585 4858 996 4929 θυσιαστηρίου,
1029 4853 1078 4904 οἱ
1137 4853 1264 4904 θεῖοι
1314 4855 1531 4924 Πατέρες
1572 4846 1950 4923 διατετάχασι,

340 4949 406 4997 τὰ
453 4941 731 4998 σκάνδαλα
782 4942 837 4995 έκ
886 4946 1051 5014 μέσου
1110 4944 1362 5015 αἴροντες,
1410 4946 1500 4992 καὶ
1556 4944 1671 5000 τοῦς
1726 4938 1952 5003 ἀναιδῶς

341 5056 426 5087 και
483 5034 905 5109 ἀνερυθριάστως
966 5026 1071 5082 ὧδε
1126 5028 1338 5081 κάκεῖσε
1403 5034 1811 5104 περιτρέχοντας
1871 5030 1954 5083 ἐπι

344 5123 511 5197 βλάϐη
566 5132 670 5176 τῶν
724 5121 1092 5195 ἀφελεστέρων,
1135 5120 1219 5170 οἶά
1263 5138 1380 5170 τινα
1422 5115 1713 5181 παιδίσκην
1762 5118 1953 5172 ἀποσο-

343 5211 561 5273 ϐοῦντας
634 5231 726 5262 και
790 5206 1209 5275 ἀναστελλοντας,
1250 5209 1301 5259 οἱ
1374 5226 1433 5278 γε
1499 5212 1590 5259 καὶ
1629 5210 1763 5277 τὸ,‹‹
1798 5208 1954 5261 ~0am

342 5321 562 5369 πιστοι,
638 5323 669 5351 »
735 5298 1069 5371 ἐπιφωνοῦντες
1134 5300 1253 5354 τοὺς
1320 5304 1659 5370 παρεστῶτας
1738 5296 1955 5369 ἀσφαλίὲ

346 5390 561 5460 ζονται,
630 5398 726 5442 τοῦ
798 5394 1077 5460 πτώματος
1154 5393 1247 5438 τοῦ
1312 5390 1601 5458 κορυφαίου
1684 5396 1956 5459 μυστικῶς

344 5484 475 5533 κατά
546 5482 748 5539 ταύτην
810 5482 905 5541 τήν
970 5476 1109 5547 ὤραν
1174 5473 1690 5549 ἀναμιμνήσκοντες,
1762 5476 1826 5537 ὠς
1892 5475 1952 5528 ἂν

2062 4585 2235 4643 atrio.
2262 4582 2450 4639 sancti
2490 4586 2687 4638 Patres
2719 4583 3107 4648 mandarunt,
3133 4581 3422 4639 scandala
3452 4598 3483 4637 e
3513 4581 3716 4638 medio

2062 4674 2489 4743 subducentes,
2524 4679 2581 4728 et
2610 4688 2711 4726 eos
2738 4673 2843 4744 qui
2876 4672 3275 4728 inverecunde
3314 4672 3719 4744 impudenter-

2061 4779 2181 4835 que
2201 4762 2318 4817 huc
2336 4762 2472 4817 illuc
2495 4761 2839 4817 discurrunt
2857 4779 2992 4816 cum
3014 4762 3121 4815 sim
3133 4761 3447 4833 pliciorum
3469 4760 3716 4825 damno,

2063 4851 2291 4907 ancillae
2323 4851 2643 4923 cujusdam
2693 4851 2883 4907 instar
2913 4850 3222 4922 abigentes
3253 4857 3309 4906 et
3337 4847 3712 4905 cohibentes;

2064 4944 2207 4996 Item
2259 4940 2338 4998 illi
2378 4942 2479 5014 qui
2520 4940 2620 4996 illa
2651 4940 2834 4996 verba
2882 4928 3256 4995 inclamant:
3299 4963 3325 4989 ‹‹
3366 4940 3721 5011 Quicunque

2063 5030 2289 5091 ﬁdeles,
2308 5053 2335 5079 ››
2356 5036 2683 5103 praesentes
2706 5046 2919 5085 omnes
2942 5045 2977 5084 a
3002 5028 3180 5102 lapsu
3209 5043 3417 5084 cavere
3443 5028 3723 5095 mOnent;

2064 5120 2213 5174 dum
2258 5119 2373 5174 illis
2404 5117 2794 5191 cerypbaaum
2828 5118 2944 5174 hoc
2977 5123 3244 5190 tempore
3275 5118 3334 5172 in
3361 5118 3724 5173 memoriam

2065 5215 2389 5273 revocant;
2432 5224 2505 5263 ne
2554 5209 2693 5281 quis
2731 5209 2972 5275 horum,
3017 5216 3179 5263 metu
3220 5213 3321 5263 aut
3352 5206 3493 5263 dolo
3533 5206 3726 5262 subri-

2065 5299 2284 5371 piente,
2304 5298 2382 5353 ab
2414 5298 2484 5353 iis
2511 5299 2615 5370 qui
2648 5314 2887 5370 semper
2906 5298 2965 5352 in
2991 5297 3322 5369 punitionis
3347 5296 3556 5368 prunis
3587 5301 3727 5351 sunt

2065 5387 2478 5451 daemonibus,
2517 5387 2726 5457 igneas
2777 5387 3168 5456 cogitationes
3220 5384 3625 5456 injicientibus
3664 5384 3727 5439 in

2064 5477 2249 5534 corda
2311 5478 2696 5551 potissxmum
2755 5476 2970 5533 virtute
3020 5475 3465 5541 sublimiorum,
3527 5479 3726 5530 mente

414 5678 529 5763 (27)
567 5676 781 5743 Velum
806 5690 1029 5757 nempe
1054 5673 1406 5760 persubtile,
1437 5689 1561 5764 quo
1590 5690 1686 5737 res
1717 5690 1905 5741 sacra:
1932 5675 1998 5745 in
2034 5675 2208 5745 altari
2239 5676 2611 5758 operiuntur.
