4468 6440
816 407 922 463 44⁸7

2096 400 2455 459 THEODORI
2489 396 2910 457 ANDIDENSIS

4071 408 4182 464 448

817 530 1086 603 torpeat;
1124 524 1363 584 etiamsi
1400 540 1525 584 non
1571 527 1752 598 sputa
1794 526 2030 583 tantum
2070 528 2128 581 et
2182 524 2472 597 colaphos
2511 527 2558 581 Α

2417 540 2472 581 )s
2511 527 2558 581 Α
2586 529 2658 597 μή
2709 543 2788 586 τις
2834 524 3048 591 τούτων,
3102 523 3241 596 φόϐῳ
3292 525 3323 585 ἣ
3373 522 3509 600 δόλῳ
3551 527 3788 597 κλαπεὶς,
3838 530 3939 583 ύπό
3986 537 4085 583 τῶν
4133 530 4181 584 ἐν

816 621 1071 692 reputet,
1112 633 1323 674 verum
1379 616 1557 673 etiam
1613 614 1976 685 sanguinem
2023 619 2081 671 et
2126 614 2475 687 passionem

816 711 1196 779 mortemque
1227 704 1328 762 Dei
1353 703 1676 762 memorari
1715 704 1922 760 audiat
1950 722 1962 760 :
1998 706 2055 759 et
2081 702 2474 759 nihilominus

817 796 994 870 quasi
1038 786 1139 851 Dei
1182 793 1652 867 impassibilitati
1682 792 1913 862 favens,
1943 792 2193 849 omnino
2219 795 2276 848 et
2303 791 2473 848 indo—

814 885 1063 941 lentiam
1111 883 1344 956 absque
1382 882 1506 939 ulla
1542 882 1823 939 molestia
1865 881 2214 954 insipienter
2258 879 2474 949 largia-

817 977 943 1030 tur:
976 976 1156 1045 atque
1186 972 1268 1029 ita
1288 971 1351 1028 in
1375 970 1793 1027 haereticorum
1822 970 2341 1043 phantasticorum
2370 966 2477 1025 ba-

815 1064 1089 1121 rathrum
1136 1060 1459 1130 deferatur,
1491 1065 1548 1116 et
1598 1064 1784 1116 totam
1816 1059 2028 1115 Christi
2068 1056 2473 1115 oeconomiam

814 1153 875 1210 in
902 1166 1128 1210 arcana
1152 1150 1371 1206 mentis
1403 1166 1529 1206 suae
1561 1148 1805 1206 ofﬁcina
1832 1148 2109 1205 videatur
2138 1162 2381 1217 negare.

2582 619 2646 685 τῇ
2701 617 2846 685 πυρᾷ
2899 620 2996 674 τῆς
3051 611 3313 677 κολάσεως
3380 613 3458 668 ἀεὶ
3526 616 3819 677 ἑστηκότων
3881 615 4180 692 δαιμόνων,

2582 705 2837 774 πυρίνους
2886 704 3007 763 τοὺς
3051 701 3334 775 λογισμούς
3384 702 3613 758 ἐνιέντων
3660 707 3732 770 εἰς
3777 710 3873 770 τὰς
3920 705 4180 783 καρδίας,

2582 790 2815 864 μάλιστα
2843 798 2943 842 τῶν
2986 791 3316 865 ὑψηλοτέρων
3350 796 3467 847 κατ’
3495 794 3703 871 ἀρετήν,
3736 796 3934 871 όκλάσῃ
3973 801 4058 851 τὸν
4096 797 4183 851 λο-

2581 882 2774 951 γισμόν
2804 878 2863 931 ού
2893 883 3046 952 μόνον
3086 878 3417 953 ἐκπτυσμοὺς
3454 888 3543 935 καὶ
3582 884 3935 958 κολαφισμούς
3981 885 4178 950 ἐννοῶν,

2583 966 2712 1019 ἀλλά
2750 971 2838 1020 καὶ
2884 970 3015 1042 αἷμα
3062 974 3152 1022 καὶ
3190 972 3353 1033 πάθος
3391 971 3592 1025 ἀκούων
3636 982 3771 1028 Θεοῦ
3801 980 3893 1028 καὶ
3925 977 4141 1028 θάνατον
4165 996 4179 1009 ο

2580 1054 2851 1110 κάντεῦθεν
2912 1060 2981 1119 ὡς
3035 1063 3320 1133 συνήγορος
3385 1057 3543 1119 δῆθεν
3600 1067 3747 1130 Θεοῦ,
3805 1067 3863 1116 τό
3927 1063 4184 1125 παντελῶς

2584 1143 2868 1217 ἀνάλγητον
2918 1147 3058 1217 αύτῷ
3107 1152 3196 1200 καὶ
3254 1146 3515 1201 ἀνώδυνον
3569 1149 3793 1212 ἀνοήτως
3844 1157 4182 1226 χαρίσηται·

813 1247 902 1294 καὶ
942 1240 1102 1302 οὕτως
1133 1240 1199 1300 εἰς
1238 1242 1296 1292 τὸ
1337 1244 1701 1292 Φανταστικῶν
1731 1240 2110 1309 κατενεχθῆναι
2162 1235 2454 1311 βάραθρον,
2479 1236 2570 1286 καὶ
2612 1234 2832 1307 ἄρνησιν
2871 1234 3168 1308 οἰκονομίας
3204 1244 3296 1298 τῆς
3327 1236 3449 1300 ὅλης
3497 1246 3733 1312 Χριστοῦ
3764 1239 3813 1292 ἐν
3858 1248 3933 1311 τῷ
3970 1248 4186 1316 κρυπτῷ

812 1338 905 1391 τῆς
936 1327 1171 1391 διανοίας
1196 1327 1529 1404 ἐργαστηρίῳ
1562 1328 1738 1401 ὀφθείη
1771 1331 2096 1399 ποιούμενος.

884 1422 973 1473 22.
1007 1418 1240 1474 Videsis
1269 1420 1472 1474 autem
1498 1417 1810 1489 quomodo
1836 1416 1958 1472 divi
1992 1418 2192 1471 Patres
2218 1430 2315 1470 res
2342 1428 2465 1469 ma-

814 1509 919 1581 gni
953 1509 1105 1566 Petri
1150 1509 1268 1565 hoc
1296 1508 1431 1565 loco
1478 1506 1895 1581 repraesentari
1924 1505 2239 1571 voluerint,
2274 1508 2339 1561 ut
2382 1519 2469 1559 re-

813 1602 1025 1672 putare
1057 1598 1388 1670 possimus,
1411 1597 1577 1670 quod
1605 1597 1651 1653 si
1678 1596 1953 1652 Ecclesiae
1980 1594 2466 1660 fundamentum,

814 1703 995 1761 super
1024 1703 1148 1760 quo
1174 1688 1311 1760 ipsa
1348 1684 1709 1743 aediﬁcanda
1751 1702 1893 1742 mox
1920 1688 2064 1755 erat,
2093 1682 2471 1740 Providentia

814 1776 899 1833 sic
939 1776 1316 1849 disponente,
1352 1791 1525 1832 sacro
1576 1775 1925 1849 episcopatu
1974 1773 2237 1846 spoliari,
2272 1777 2328 1829 et
2368 1774 2471 1829 tali

812 1870 1104 1938 tantoque
1131 1865 1307 1939 lapsu
1332 1880 1614 1939 proruere
1647 1864 2045 1937 periclitatum
2074 1867 2181 1934 est,
2209 1862 2315 1936 qui
2342 1862 2471 1919 ﬁeri
2509 1895 2549 1949 Β

812 1956 1048 2029 poterit,
1097 1960 1164 2011 ut
1210 1954 1488 2011 hodierni
1530 1953 1717 2027 aliqui
1766 1969 2007 2011 sacrum
2052 1955 2469 2025 episcopatum

811 2043 1061 2100 minime
1107 2043 1220 2100 sibi
1268 2043 1726 2100 convenientem
1777 2042 1998 2115 adepti,
2027 2042 2089 2099 in
2134 2041 2251 2099 tale
2296 2041 2471 2097 bara-

811 2133 1013 2190 thrum
1044 2148 1168 2190 non
1194 2133 1509 2191 incidant?
1549 2132 1828 2190 Nonnulli
1856 2148 1996 2189 vero
2022 2132 2191 2189 aiunt
2220 2130 2470 2189 subdia-

811 2238 997 2279 conos
1023 2222 1197 2295 quasi
1226 2222 1551 2295 imaginem
1576 2227 1809 2293 gestare
1836 2222 2044 2293 legalis
2062 2222 2263 2293 virgae,
2281 2237 2467 2295 quam

810 2312 954 2370 olim
980 2328 1169 2369 manu
1212 2312 1498 2370 tenebant
1533 2313 1573 2369 ii
1604 2312 1707 2386 qui
1747 2312 1977 2385 pascha
2004 2311 2153 2367 illud
2195 2312 2470 2368 comede-

808 2402 991 2459 bant:
1023 2402 1170 2475 quia
1194 2402 1485 2459 nimirum
1517 2401 1872 2459 subdiaconi
1903 2401 2046 2457 foris
2072 2401 2466 2457 consistentes

808 2490 1071 2565 quietem
1120 2506 1157 2547 a
1207 2490 1487 2547 ﬁdelibus
1542 2491 1806 2563 exigunt,
1861 2495 1927 2547 ut
1975 2489 2468 2547 commoditatem

807 2578 1074 2637 habeant
1096 2580 1199 2652 qui
1229 2579 1390 2637 intus
1420 2584 1559 2636 sunt
1580 2580 1921 2637 sacerdotes
1949 2579 2153 2636 divina
2181 2579 2469 2652 mysteria

803 2667 1241 2740 imperturbate
1273 2668 1625 2739 peragendi.

877 2760 969 2814 23.
1011 2756 1169 2822 Quid
1204 2760 1406 2813 autem
1447 2755 1770 2813 dicendum
1797 2756 1873 2813 de
1913 2756 2285 2824 ventilabris,
2329 2773 2465 2830 quas

811 2844 1055 2902 diaconi
1084 2846 1321 2902 interim
1357 2862 1543 2902 manu
1572 2850 1796 2912 tenent,
1824 2851 1880 2903 et
1906 2846 2171 2903 celeriter
2199 2862 2467 2904 commo-

808 2938 951 2990 vent
994 2950 1180 3008 supra
1212 2951 1303 2991 res
1350 2940 1618 3006 sanctas,
1650 2936 1826 3007 quasi
1866 2936 2119 3003 attoniti,
2151 2952 2345 3009 usque
2386 2936 2467 2993 ad

806 3022 1319 3096 complementum
1352 3030 1629 3094 augustae
1675 3024 1904 3097 precis:
1940 3046 1967 3075 ‹‹
1996 3025 2148 3081 Mitte
2181 3024 2465 3098 Spiritum

807 3116 1087 3169 sanctum
1117 3117 1286 3169 tuum
1314 3128 1498 3185 super
1520 3128 1634 3170 nos
1668 3118 1724 3169 et
1755 3130 1936 3185 super
1964 3115 2274 3187 proposita
2302 3114 2466 3171 dona

802 3201 976 3258 haec?
998 3223 1026 3253 »
1048 3200 1310 3258 Audacis
1337 3217 1500 3258 sanae
1530 3201 1751 3272 lingua:
1779 3208 1866 3260 est
1886 3203 1961 3259 de
1990 3202 2083 3258 his
2112 3203 2329 3271 dicere,
2358 3203 2465 3260 sed

802 3290 949 3363 quia
989 3290 1175 3346 semel
1205 3290 1496 3347 mandato
1521 3290 1787 3363 jubentis
1814 3292 2128 3362 cessimus,
2158 3292 2358 3362 agesis
2388 3293 2464 3350 de

802 3378 898 3435 his
928 3394 1176 3451 quoque
1218 3380 1566 3452 loquamur,
1594 3385 1776 3453 prout
1808 3384 1962 3437 Deus
2006 3382 2373 3437 concesserit
2408 3386 2465 3439 et

802 3467 1104 3540 siquidem
1128 3467 1259 3524 aliis
1279 3484 1526 3542 quoque
1549 3469 1708 3526 dicta
1728 3475 1937 3526 nostra
1956 3468 2173 3526 fuerint
2192 3475 2459 3543 accepta,

803 3560 924 3614 Deo
955 3558 1071 3613 sint
1111 3559 1348 3628 gratiae;
1382 3563 1540 3616 certe
1571 3560 1741 3615 haud
1779 3560 2029 3617 omnino
2064 3560 2464 3633 vituperanda

801 3647 927 3703 fore
959 3647 1099 3716 scio,
1131 3663 1328 3720 neque
1372 3652 1541 3705 extra
1569 3647 1711 3705 ﬁdei
1751 3649 2093 3706 Christianae
2136 3649 2450 3720 dogmata.

802 3735 1067 3792 Dicimus
1092 3752 1255 3806 ergo,
1288 3736 1517 3811 ubique
1543 3742 1601 3794 et
1630 3754 1871 3809 semper
1900 3739 2161 3795 astitisse
2191 3739 2462 3797 cmlestes

799 3830 1127 3899 potestates
1167 3826 1397 3883 Christo
1440 3828 1715 3899 Domino,
1757 3828 1858 3884 illa
1895 3844 2038 3886 vero
2077 3829 2461 3902 potissimum

799 3919 976 3971 nocte
1018 3931 1142 3989 qua
1182 3916 1435 3973 traditus
1478 3916 1606 3975 fuit.
1641 3922 1791 3990 lpsse
1830 3918 2011 3988 igitur
2052 3917 2320 3975 videntes
2358 3918 2461 3977 ab-

798 4004 1147 4061 ductionem
1175 4004 1254 4062 ad
1281 4004 1593 4079 Caipham,
1618 4022 1820 4063 coram
1853 4013 2025 4064 Anna
2051 4009 2462 4081 prmsentatio-

798 4108 958 4164 nem,
990 4092 1145 4151 falsa
1175 4094 1536 4164 testimonia,
1568 4094 1751 4165 virgae
1782 4094 2226 4168 percussiones,
2260 4100 2458 4171 sputa,

799 4182 1111 4255 colaphos,
1153 4182 1255 4239 illa
1296 4183 1642 4240 Judmorum
1693 4185 1984 4257 convicia,
2029 4187 2379 4242 coccineum
2425 4203 2461 4243 a

797 4271 1087 4328 militibus
1112 4271 1465 4345 impositum
1504 4272 1952 4343 indumentum,
1995 4274 2270 4348 spineam
2296 4290 2462 4332 coro-

795 4376 962 4431 nam,
1005 4360 1389 4417 adorationes
1434 4378 1573 4417 cum
1624 4362 1771 4431 risu,
1814 4368 1870 4418 et
1916 4378 2296 4437 quaecunque
2344 4363 2463 4421 alia

794 4450 1141 4508 divinorum
1192 4450 1653 4521 evangeliorum
1707 4450 2023 4509 enumerat
2072 4455 2359 4523 narratio,
2405 4457 2463 4510 et

792 4545 1093 4614 quotquot
1116 4545 1365 4614 propter
1385 4541 1834 4599 multitudinem
1871 4543 2122 4599 fortasse
2149 4543 2457 4616 praeteriit;
2490 4575 2534 4629 Β

793 4630 873 4689 ad
902 4630 1031 4688 haec
1081 4630 1323 4702 singula
1354 4630 1752 4703 ambigentes,
1793 4637 1848 4689 et
1888 4632 2192 4705 patientiae
2223 4634 2459 4704 magni-
2515 4691 2523 4703 ,

791 4720 999 4778 tudine
1030 4719 1554 4794 obstupescentes,
1579 4721 1763 4777 facies
1794 4738 1937 4777 suas
1962 4722 2248 4789 velantes,
2272 4727 2461 4780 semet

791 4809 1184 4867 avertebant:
1247 4826 1581 4883 rursusque
1640 4811 1878 4867 Domini
1933 4811 2027 4867 sui
2080 4812 2457 4884 majestatem

790 4904 1151 4971 reverentes,
1175 4899 1475 4958 redibant.
1504 4900 1689 4974 quue
1716 4901 1980 4973 agebant
2009 4917 2201 4975 usque
2230 4900 2309 4958 ad
2339 4901 2457 4959 ela—

790 4990 1014 5048 tionem
1061 4990 1121 5047 in
1176 5006 1440 5047 crucem.
1492 4991 1647 5048 Finis
1696 4991 1859 5048 enim
1914 4991 2182 5065 corporis
2228 4992 2456 5049 crucia-

790 5085 984 5150 tuum,
1018 5084 1075 5137 et
1114 5080 1465 5153 ignominiae
1510 5096 1583 5137 ex
1635 5081 1731 5137 his
1768 5082 2095 5150 manantis,
2130 5098 2277 5139 crux
2303 5081 2454 5152 fuit;

789 5186 927 5243 quae
976 5185 1191 5243 reapse
1222 5168 1414 5239 gloria
1452 5169 1690 5235 exstitit,
1742 5185 1865 5227 non
1912 5170 2275 5242 ignominia;
2316 5170 2457 5228 hinc

790 5260 953 5316 enim
997 5259 1420 5333 operationum
1465 5275 1536 5315 ac
1580 5260 1871 5316 virtutum
1911 5260 2147 5318 deitatis
2178 5259 2453 5327 initium;

787 5348 930 5405 hinc
950 5348 1046 5405 ille
1074 5347 1369 5419 generalis
1395 5347 1756 5405 universalis
1779 5352 2175 5418 terraemotus,
2199 5353 2257 5406 et
2279 5349 2457 5406 trium

788 5436 1078 5495 horarum
1110 5436 1375 5494 tenebrae
1409 5436 1474 5493 in
1506 5436 1793 5495 universa
1819 5442 2013 5507 terra;
2046 5454 2158 5495 nec
2187 5454 2313 5495 non
2341 5438 2459 5495 veli

786 5545 858 5586 ac
899 5532 1210 5600 petrarum
1260 5527 1492 5599 scissio,
1520 5531 1579 5584 et
1625 5532 2162 5585 monumentorum
2206 5529 2455 5602 apertio,

786 5617 1050 5690 denique
1099 5620 1483 5674 mortuorum
1533 5617 1912 5687 resurrectio,
1961 5622 2019 5675 et
2074 5632 2458 5691 quaecunque

788 5708 863 5765 ad
899 5708 1124 5766 inferos
1156 5706 1535 5769 descendens
1568 5706 1842 5768 Salvator
1871 5706 2027 5767 fecit.

2649 1412 2755 1485 κβ.
2807 1417 2992 1467 Σκόπει
3044 1411 3104 1468 δὲ
3145 1423 3251 1477 πῶς
3298 1418 3348 1469 οἱ
3392 1418 3662 1471 θεσπέσιοι
3714 1423 3936 1494 Πατέρες
3987 1422 4055 1472 τὰ
4092 1427 4184 1472 τοῦ

2578 1501 2806 1571 μεγάλου
2866 1506 3062 1575 Πέτρου
3114 1501 3562 1577 παραδεδώκασιν
3618 1506 3841 1562 ἐνταῦθα
3906 1506 4185 1562 εἰδοποιεῖ-

2580 1590 2724 1655 σθαι,
2781 1588 2842 1641 ἶν’
2899 1593 3110 1664 ἔχοιμεν
3171 1591 3474 1664 λογίζεσθαι
3528 1597 3615 1666 ὡς,
3677 1599 3816 1669 εἴπερ
3876 1598 3901 1649 ό
3957 1596 4185 1670 θεμέλιος

2577 1686 2673 1739 τῆς
2713 1677 3048 1749 Ἐκκλησίας,
3100 1679 3175 1752 ἐφ’
3233 1681 3287 1733 ὃν
3340 1682 3472 1741 αῦτη
3522 1680 3921 1757 οἰκοδομεῖσθαι
3958 1683 4179 1758 ἔμελλεν,

2579 1765 2917 1839 οἰκονομικῶς
2958 1776 3050 1829 τῆς
3104 1770 3239 1830 θείας
3287 1768 3581 1833 ἐπισκοπῆς
3623 1770 3913 1846 ἀμοιρῆσαι
3956 1781 4029 1844 τῷ
4082 1793 4181 1832 τη-

2577 1862 2798 1908 νικαῦτα
2834 1861 2924 1909 καὶ
2975 1866 3166 1931 πτῶμα
3210 1866 3443 1911 τοιοῦτον
3480 1864 3810 1933 κατενεχθεὶς
3852 1860 4181 1916 ἀπόλλυσθαι

2578 1941 2886 2013 ἐκινδύνευε,
2939 1954 3049 2009 πῶς
3098 1944 3320 2001 δυνατόν
3371 1968 3517 2012 τινας
3570 1957 3672 2002 τῶν
3726 1958 3815 2003 νῦν
3866 1955 4044 2020 ὄντων,
4102 1957 4174 2024 μή

2577 2043 2669 2095 τῆς
2727 2038 3101 2108 προσηκούσης
3174 2038 3313 2098 θείας
3377 2037 3672 2100 ἐπισκοπῆς
3734 2044 3825 2092 καὶ
3890 2039 4179 2113 ἐπιμελείας

2576 2125 2953 2196 τυγχάνοντας,
3014 2128 3145 2200 πρὸς
3204 2133 3437 2180 τοιοῦτον
3498 2133 3570 2200 μὴ
3630 2137 3937 2182 καταπεσεῖν
4006 2128 4180 2202 βάρα-

2580 2214 2738 2287 θρον;
2787 2217 2931 2276 Τινὲς
2974 2211 3033 2267 δὲ
3070 2214 3309 2287 λέγουσιν
3360 2220 3425 2277 ὡς
3471 2220 3631 2271 τύπον
3680 2222 3844 2292 φέρειν
3887 2222 4008 2281 τοὺς
4050 2220 4181 2271 ύπο-

2579 2298 2853 2364 διακόνους
2897 2312 2989 2365 τῆς
3042 2313 3263 2377 νομικῆς
3309 2302 3511 2379 ῥάϐδου
3570 2315 3661 2367 τῆς
3716 2305 4180 2382 ἐγκεχειρισμένης

2576 2398 2687 2453 τοῖς
2723 2395 2781 2444 τό
2814 2395 3016 2466 Πάσχα
3045 2393 3206 2447 ἐκεῖνο
3251 2392 3491 2447 ἐσθίουσι
3518 2416 3530 2429 -
3574 2392 3717 2449 διότι
3754 2404 3855 2448 τῶν
3894 2393 4182 2449 ύποδιακό-

2575 2500 2672 2532 νων
2720 2481 2900 2544 ἔξωθεν
2945 2481 3296 2536 ἀπαιτούντων
3348 2488 3472 2547 τοὺς
3525 2488 3767 2551 πιστοὺς,
3808 2489 3904 2543 τήν
3951 2484 4038 2538 ὑπ’
4085 2486 4182 2539 αύ-

2575 2578 2674 2621 τῶν
2714 2568 2994 2645 ἀταραξίαν
3040 2575 3229 2626 ὡσανεὶ
3274 2572 3436 2645 βάσιν
3480 2576 3680 2647 ἔχοντες
3724 2570 3871 2627 ἔνδον
3919 2577 3969 2627 οἰ
4008 2576 4181 2648 ἱερεῖς,

2577 2657 2858 2732 ἀταράχως
2896 2670 2996 2713 τῶν
3043 2664 3187 2714 θείων
3231 2668 3539 2737 μυστηρίων
3577 2663 4057 2737 μεταλαμϐάνουσι.

2646 2748 2725 2820 κγ’
2762 2754 2825 2805 Τί
2875 2747 2927 2803 δ’
2974 2752 3035 2802 ἄν
3084 2771 3164 2813 τις
3212 2755 3348 2805 εἴποι
3393 2758 3511 2828 περὶ
3557 2762 3657 2805 τῶν
3708 2755 3853 2807 θείων
3904 2751 4178 2829 ῥιπιδίων,

2575 2838 2695 2911 ἄρτι
2738 2837 3203 2914 ἐγκεχειρισμένων
3259 2849 3369 2904 τοῖς
3408 2839 3695 2909 διακόνοις,
3744 2848 3834 2896 καὶ
3886 2842 3971 2895 ὑπ’
4009 2844 4180 2897 αὐτῶν

2578 2932 2928 2999 στρεφομένων
2994 2928 3162 2981 ἐπάνω
3227 2938 3327 2982 τῶν
3394 2931 3595 3004 ἁγίων,
3665 2934 3729 2993 ὡς
3794 2931 3843 2984 ἐν
3914 2932 4175 3002 ἐκπλήξει,

2575 3016 2710 3090 ἄχρι
2741 3017 3165 3092 συμπληρώσεως
3198 3019 3271 3082 εἰς
3312 3023 3392 3088 τὸ,
3423 3042 3452 3071 ‹‹
3487 3021 3839 3094 Κατάπεμψον
3877 3026 3936 3074 τὸ
3968 3026 4180 3096 Πνεῦμά

2577 3124 2670 3157 σου
2715 3110 2773 3158 τό
2821 3108 2969 3178 ἅγιον
3015 3107 3088 3180 ἐφ’
3136 3111 3276 3181 ἡμᾶς
3314 3114 3404 3162 καὶ
3444 3109 3528 3163 ἐπὶ
3570 3114 3638 3164 τὰ
3678 3115 3989 3184 προκείμενα
4030 3109 4182 3187 δῶρα

2506 3222 2547 3277 C
2574 3202 2759 3261 ταῦτα,
2808 3218 2836 3246 ››
2890 3205 2986 3257 τῆς
3036 3196 3300 3251 θεολέκτου
3346 3207 3702 3273 προσευχῆς;
3762 3200 4031 3274 Τολμηρόν
4086 3204 4180 3274 μὶν

2573 3279 2660 3335 οὖν
2707 3287 2765 3337 τὸ
2812 3289 2929 3360 περὶ
2990 3288 3185 3339 τούτων
3235 3290 3552 3359 φθέγγεσθαι
3601 3291 3712 3341 ἔτι’
3772 3287 3879 3342 ἐπεὶ
3929 3285 3982 3342 δ’
4036 3290 4182 3354 ἅπαξ

2572 3373 2848 3446 ύπείξαμεν
2898 3382 2961 3447 τῇ
3012 3374 3181 3447 ἐντολῇ
3233 3382 3325 3428 τοῦ
3383 3376 3738 3445 κελεύσαντος,
3772 3382 3889 3452 φέρε
3926 3382 4017 3431 καὶ
4059 3384 4181 3453 περί

2570 3464 2765 3514 τούτων
2792 3467 3030 3535 εῑπωμεν,
3066 3460 3313 3527 διδόντος
3352 3473 3486 3519 Θεοῦ
3508 3484 3522 3499 ·
3566 3466 3610 3519 εἰ
3641 3470 3733 3538 μὲν
3759 3471 3846 3519 καὶ
3878 3474 3983 3528 τοῖς
4008 3467 4181 3530 ἀλλοις

2572 3548 2753 3618 δεκτὰ,
2782 3560 2854 3623 τῷ
2909 3560 3022 3613 Θεῶ
3070 3555 3232 3628 χάρις
3253 3572 3265 3585 ·
3300 3554 3359 3607 οὗ
3393 3556 3495 3631 γὰρ
3528 3557 3696 3614 πάντη
3736 3555 3905 3627 ψεκτὰ
3938 3553 3991 3609 εὖ
4030 3553 4179 3625 οἴδα,

2572 3637 2686 3693 οὐδ’
2728 3641 2822 3704 ἔξω
2860 3650 2959 3694 τῶν
2992 3638 3267 3715 δογμάτων
3296 3652 3388 3705 τῆς
3424 3652 3524 3696 τῶν
3568 3653 3901 3719 Χριστιανῶν
3929 3651 4178 3709 πίστεως.

2572 3733 2738 3801 Φαμὲν
2782 3727 2869 3783 οὖν
2915 3732 2979 3792 ὠς
3026 3734 3247 3786 πάντοτε
3292 3736 3381 3806 μὲν
3421 3730 3759 3797 ἀδιαστάτως
3806 3744 4051 3810 παρῆσαν
4089 3742 4181 3789 καὶ

2572 3815 2820 3891 δυνάμεις
2872 3820 3109 3895 οὐράνιαι
3156 3830 3229 3892 τῷ
3287 3826 3519 3896 Δεσπότῃ
3586 3831 3842 3897 Χριστῷ,
3901 3823 4181 3898 ἐξαιρέτως

2572 3905 2631 3961 δὲ
2684 3907 2731 3960 ἐν
2784 3916 2846 3981 τῇ
2904 3915 3052 3963 νυκτὶ
3110 3914 3275 3985 ταύτῃ
3427 3908 3719 3985 παρεδόθη.
3781 3910 3948 3967 Αὗται
4002 3918 4178 3966 τοίνυν

2572 3998 2771 4072 ὁρῶσαι
2800 4002 2892 4056 τὴν
2920 4002 3052 4071 πρὸς
3085 4002 3322 4071 Καϊάφαν
3363 3998 3670 4073 ἀπαγωγήν,
3701 4005 3796 4060 τήν
3825 4005 3954 4077 πρὸς
3990 4000 4177 4056 Ἀνναν

2569 4089 2926 4163 παράστασιν,
2968 4092 3059 4149 τὰς
3106 4086 3587 4165 ψευδομαρτυρίας,
3630 4094 3697 4143 τὰ
3737 4092 4067 4166 ῥαπίσματα,
4111 4095 4181 4145 τά

2571 4174 2935 4249 ἐμπτύσματα,
2994 4180 3061 4231 τὰ
3116 4177 3501 4252 κολαφίσματα,
3572 4183 3666 4237 τήν
3723 4179 3919 4252 χλεύην
3982 4182 4179 4239 ἐκείνην

2571 4274 2669 4318 τῶν
2717 4262 3014 4337 Ἰουδαίων,
3042 4275 3141 4320 τῶν
3189 4276 3523 4343 στρατιωτῶν
3562 4273 3800 4321 κόκκινον
3838 4265 4058 4342 ἔνδυμα,
4089 4274 4180 4324 τὸν

2571 4353 2624 4418 ἐξ
2659 4354 2893 4409 ἀκανθῶν
2932 4361 3199 4429 στέφανον,
3231 4360 3324 4420 τὰς
3354 4361 3485 4431 μετά
3512 4358 3733 4430 γέλωτος
3761 4364 4172 4433 προσκυνήσεις,

2570 4444 2731 4498 τᾶλλα
2784 4447 2955 4499 πάντα
3007 4448 3109 4499 ὅσα
3160 4448 3190 4505 ἡ
3248 4454 3347 4499 τῶν
3408 4449 3555 4500 θείων
3602 4448 3925 4520 Εύαγγελίων
3982 4450 4183 4524 ἱστορεῖ

2572 4530 2843 4607 διήγησις,
2874 4540 2960 4587 καὶ
2990 4537 3090 4589 ὅσα
3128 4532 3223 4588 διά
3250 4539 3309 4589 τό
3340 4535 3537 4599 πλῆθος
3581 4539 3704 4598 ἴσως
3732 4536 4058 4612 παρελειψεν,
4104 4537 4179 4611 ἐφ’

2571 4623 2777 4696 ἑκάστῳ
2830 4633 2930 4677 τῶν
2988 4628 3267 4697 γινομένων
3336 4621 3691 4698 διαποροῦσαι
3745 4630 3836 4678 καὶ
3893 4624 4178 4684 ἐκπληττό-

2570 4733 2719 4787 μεναι
2761 4722 2854 4776 τῆς
2902 4715 3266 4787 μακροθυμίας
3304 4717 3362 4766 τό
3410 4716 3645 4787 μέγεθος,
3678 4714 4042 4767 καλύπτουσαι
4083 4718 4179 4779 τὰς

2571 4803 2765 4856 ἑαυτῶν
2806 4803 2970 4875 ὄψεις,
3002 4802 3414 4878 ἀπεστρέφοντο·
3447 4808 3536 4856 καὶ
3562 4803 3714 4857 πάλιν
3742 4809 3836 4863 τήν
3868 4800 4179 4859 δεσποτείαν

2571 4889 2900 4966 αἰδούμεναι,
2934 4892 3369 4965 ἀνθυπέστρεφον.
3398 4899 3562 4945 Τοῦτο
3595 4889 3655 4945 δὲ
3685 4891 3891 4946 ἐποίουν
3920 4894 4058 4967 οἷχρι
4086 4903 4180 4956 τῆς

2570 4980 2653 5035 ἐπι
2694 4989 2923 5057 σταυροῦ
2962 4980 3274 5053 ἀνυψώσεως
3299 4998 3313 5012 ’
3342 4982 3484 5045 τέλος
3522 4985 3624 5055 γὰρ
3662 4989 3761 5035 τῶν
3798 4989 3890 5035 τοῦ
3940 4988 4180 5056 σώματος

2568 5074 2746 5125 παθῶν
2777 5092 2866 5125 και
2894 5081 2990 5133 τῆς
3020 5070 3103 5125 ἐπι
3130 5074 3332 5133 τούτοις
3357 5072 3625 5144 αἰσχύνης
3656 5074 3682 5125 ό
3713 5075 3939 5148 σταυρὸς
3967 5077 4176 5145 γέγονεο

2569 5162 2626 5225 ὃς
2673 5158 2804 5225 δόξα
2846 5161 3038 5236 μᾶλλον
3081 5182 3171 5214 και
3216 5162 3310 5213 οὐκ
3359 5162 3593 5235 αἰσχύνη
3627 5179 3641 5193 ⁸
3691 5160 3835 5237 ἀρχή
3879 5164 3983 5235 γάρ
4032 5163 4181 5224 οὗτος

2568 5260 2668 5305 τῶν
2719 5250 2981 5325 ἐνεργειῶν
3024 5272 3114 5304 και
3166 5248 3435 5326 δυνάμεων
3482 5260 3573 5314 τῆς
3626 5253 3901 5313 θεότητος’
3953 5250 4180 5305 ἐντεῦθεν

2567 5346 2665 5419 γὰρ
2707 5344 2733 5395 ό
2770 5346 3026 5416 κοσμικός
3055 5341 3242 5405 ἐκεῖνος
3276 5344 3494 5416 σεισμός
3533 5362 3622 5395 και
3650 5344 3709 5395 τό
3740 5346 3959 5416 τρίωρον
3991 5347 4182 5405 σκότος

2569 5430 2653 5486 ἐπι
2684 5440 2858 5487 πᾶσαν
2899 5438 2992 5491 τήν
3020 5442 3143 5506 γῆν,
3176 5435 3206 5491 ἦ
3248 5451 3302 5485 τε
3330 5438 3424 5485 τοῦ
3454 5434 3921 5506 καταπετάσματος
3957 5452 4053 5484 και
4081 5441 4182 5484 τῶν

2567 5531 2763 5599 πετρῶν
2795 5519 3091 5599 διάῤῥηξις,
3120 5542 3210 5575 και
3251 5524 3281 5581 ἡ
3316 5530 3415 5574 τῶν
3460 5522 3745 5595 μνημάτων
3785 5520 4033 5585 ἐξάνοιξις
4058 5537 4071 5551 ⁸
4104 5524 4182 5574 ἔτι

2567 5634 2627 5687 γε
2673 5619 2775 5688 μήν
2819 5616 2849 5673 ἡ
2900 5634 2997 5667 των
3042 5621 3230 5688 νεκρῶν
3280 5611 3587 5680 ἀνάστασις,
3638 5632 3729 5666 και
3775 5612 3876 5665 ὅσα
3934 5609 3983 5664 ἐν
4041 5607 4178 5683 ᾅδου

2567 5705 2824 5761 κατελθὼν
2855 5707 2881 5761 ό
2911 5710 3088 5784 Σωτὴρ
3118 5705 3423 5781 εἰργάσατο.
