4468 6440
279 424 384 479 440

1490 419 1980 479 COMMENTATIO
2017 419 2412 479 LITURGICA.

3539 429 3648 485 450

347 542 452 602 κδ’,
496 548 597 599 Καὶ
626 542 661 598 δ
667 547 722 598 ιά
757 550 911 598 τοῦτο
952 543 1077 619 παρ’
1106 542 1248 614 αύτῷ
1306 545 1446 615 τόπῳ
1483 551 1579 607 τῆς
1636 551 1879 620 παυρὼ-
1910 553 1959 606 Α
2057 549 2111 602 24

1910 553 1959 606 Α
2057 549 2149 604 24.
2176 547 2498 618 Propterea
2521 546 2845 618 postquam
2890 545 2971 603 ad
3008 546 3414 604 cruxiﬁxionis
3442 548 3644 607 locum

280 652 404 695 σεως
466 637 720 706 γενομένῳ
757 642 830 705 τῷ
886 640 1105 707 Χριστῷ
1168 634 1235 685 τὰ
1280 639 1376 693 τῆς
1439 630 1727 697 έκπλήξεως
1787 640 1879 687 καὶ

278 729 369 773 τοῦ
423 723 683 795 θαύματος
727 718 843 781 εῖδη
895 724 950 775 αἰ
1010 723 1141 775 θεῖαι
1201 716 1451 794 δυνάμεις
1497 720 1761 781 ἀπέθεντο.
1794 723 1881 786 Εἰς

278 814 503 883 μίμησιν
543 807 631 864 οὖν
670 812 891 879 ἐκείνων,
934 812 999 872 ὡς
1055 814 1277 884 εἴρηται,
1321 813 1633 885 στρέφουσιν
1670 813 1721 864 οἱ
1754 807 1879 865 διά-

279 917 419 951 κονοι
476 902 544 952 τὰ
598 901 711 953 θεῖα
744 896 980 973 ¹ὀιπίδια.
1048 897 1329 952 Κάντεῦθεν
1370 894 1527 956 δῆλον
1567 901 1632 961 ὡς
1671 903 1733 953 τά
1779 903 1905 973 πρό’

277 994 369 1039 τοῦ
411 996 639 1061 σταυροῦ
668 991 839 1041 πάντα
891 983 1088 1057 ὀνείδη,
1112 990 1167 1040 αἱ
1196 987 1547 1059 χλευαστικαὶ
1576 994 1747 1061 τιμαὶ,
1791 994 1880 1042 καὶ

277 1078 326 1128 οἱ
360 1078 731 1149 καταγέλωτες,
777 1077 949 1131 πλεῖον
1010 1080 1234 1137 ἣπτοντο
1272 1084 1365 1129 τοῦ
1410 1080 1733 1151 πάσχοντος,
1774 1080 1877 1132 ὡσ-

275 1182 367 1239 περ
406 1170 497 1218 καὶ
535 1174 635 1218 τῶν
674 1173 859 1239 νοερῶν
919 1170 1009 1218 καὶ
1074 1167 1220 1219 θείων
1261 1162 1546 1238 δυνάμεων.
1591 1166 1735 1219 Ἐπεὶ
1791 1164 1880 1219 οὖν

280 1254 306 1304 ό
360 1260 527 1306 ταῦτα
602 1256 849 1327 πάσχων,
909 1256 1175 1327 ἄνθρωπος
1228 1258 1296 1305 ὧν
1351 1254 1557 1324 τέλειος,
1597 1260 1686 1308 καὶ
1754 1258 1879 1316 Θεὸς

276 1341 467 1414 ὁμοίως
521 1342 709 1404 τέλειος
746 1341 844 1413 ἦν,
890 1342 939 1395 έν
995 1349 1093 1416 μιᾷ
1130 1344 1419 1396 ὑποστάσει
1452 1346 1541 1405 τὰς
1582 1340 1679 1396 δύο
1719 1348 1877 1418 φέρων

280 1432 456 1500 φύσεις
490 1474 505 1496 ,
546 1430 905 1504 ἀσυγχύτους,
977 1431 1279 1507 ἀτρέπτους,
1314 1431 1722 1498 ἀναλλοιωτους,
1789 1442 1878 1493 τῆς

274 1522 362 1589 μἐν
416 1518 744 1595 ἀνθρωπίνης
792 1524 858 1574 τὰ
914 1523 1057 1579 πάθη
1112 1523 1491 1594 ὑφισταμένης,
1550 1530 1641 1581 τῆς
1705 1523 1880 1580 θεότη-

273 1623 361 1669 τος
400 1604 460 1661 δι
498 1608 729 1671 ἀπαθοῦς
766 1615 1084 1685 τηρουμένης
1126 1630 1138 1644 ·
1190 1615 1278 1663 καὶ
1329 1613 1465 1662 κατά
1501 1617 1655 1663 τοῦτο
1694 1616 1783 1663 καὶ
1832 1613 1879 1663 οἱ

277 1699 478 1766 μύσται
514 1706 606 1759 τῆς
646 1704 909 1774 σωτηρίας
963 1701 1107 1771 ἡμῶν
1160 1704 1251 1752 καὶ
1288 1701 1336 1751 οἱ
1374 1705 1718 1771 μυσταγωγοὶ
1756 1704 1878 1753 ποτε

274 1788 362 1856 μεν
424 1790 519 1845 τὴν
587 1782 684 1839 διὰ
742 1789 942 1849 πάθους
1008 1788 1307 1861 οἰκονομίαν
1366 1793 1456 1841 καὶ
1516 1790 1879 1862 μακροθυμίαν

272 1871 495 1945 ὑμνοῦσι
535 1891 549 1904 ⁶

274 1967 440 2035 ουσίῳ
480 1966 632 2036 φύσει
666 1968 759 2022 τὴν
800 1960 1108 2038 δοξο).ογίαν
1156 1970 1563 2041 προσφέρουσιν,
1593 1968 1661 2028 ὡς
1691 1966 1743 2029 ἐξ
1781 1968 1879 2019 αύ-

274 2061 372 2103 τῶν
432 2052 696 2126 χερουϐἱμ
751 2058 841 2106 καὶ
906 2063 1007 2106 τῶν
1066 2060 1294 2130 σεραφὶμ
1361 2051 1749 2128 ἀποδιδομένην
1790 2056 1883 2108 αύ⁴

271 2147 341 2211 τῷ
383 2161 397 2174 ·
438 2141 512 2204 εἰς
548 2149 701 2195 τοῦτο
739 2144 840 2218 γὰρ
882 2139 1069 2216 ὁδηγεί
1130 2146 1265 2216 ἡμᾶς
1321 2145 1351 2203 ἡ
1418 2143 1646 2216 λέγουσα
1717 2143 1878 2219 ἐκφω-

271 2248 421 2292 νησις
458 2234 545 2283 τόν
592 2229 843 2283 ἕπινίκιον
883 2232 1041 2305 ύμνον
1074 2254 1087 2267 ο
1118 2229 1201 2285 δεῖ
1235 2234 1337 2307 ⁹γὰρ
1378 2235 1512 2305 ἡμᾶς
1560 2230 1879 2308 ἀναδραμεῖν

271 2316 382 2371 ὅθεν
431 2317 574 2383 έξέϐη
581 2339 691 2392 μεν.

339 2424 428 2481 κε’.
472 2428 608 2501 Πρός
660 2423 719 2480 δε
755 2431 845 2479 καὶ
894 2427 919 2479 ό
958 2430 1091 2500 μετά
1138 2431 1232 2487 τὴν
1281 2426 1570 2501 έκφὼνησιν
1610 2432 1879 2505 τρισάγιος

270 2514 425 2586 εμνος
460 2530 475 2545 '
507 2516 695 2567 τούτου
738 2512 796 2568 δι
820 2512 1076 2589 ᾀδομένου
1101 2558 1115 2583 ,
1156 2518 1187 2576 ἡ
1218 2516 1351 2589 εὐχὴ
1408 2517 1636 2590 μάλιστα
1661 2522 1750 2592 μὲν
1788 2527 1878 2572 τοῦ

270 2602 495 2675 μεγάλου
561 2604 851 2672 Βασιλείου,
906 2603 1034 2658 ἀλλὰ
1095 2610 1185 2659 καὶ
1234 2614 1323 2658 τοῦ
1392 2608 1529 2659 θείου
1570 2612 1876 2681 Χρυσοστό-

272 2711 389 2765 μου,
448 2690 552 2745 διπό
596 2701 692 2756 τῆς
756 2695 896 2756 θείας
947 2694 1214 2769 ἀρχομένη
1258 2698 1459 2769 φύσεως
1498 2696 1570 2759 εἰς
1608 2701 1701 2755 τὴν
1743 2699 1877 2772 σάρ-

270 2799 429 2834 κωσιν
467 2782 716 2850 κάτεισι,
776 2787 865 2835 καὶ
902 2788 1077 2835 πᾶσαν
1125 2788 1219 2842 την
1270 2790 1524 2857 σωτήριον
1579 2786 1877 2859 οἰκονομίαν

272 2866 727 2945 διαγορεύσαντες,
770 2870 1059 2943 ἐκφωνοῦσι
1122 2876 1205 2942 τὸ,
1250 2895 1278 2922 ‹‹
1323 2872 1540 2943 Λάϐετε,
1590 2876 1794 2948 φάγετε.
1846 2897 1874 2926 ››

269 2965 502 3018 Ζητησιν
542 2960 631 3013 οὖν
671 2980 789 3013 τινα
828 2957 976 3015 δοκεῖ
1016 2964 1158 3034 εχειν
1198 2964 1227 3021 ἡ
1271 2962 1495 3035 ἰλλειψις
1545 2971 1637 3017 τοῦ
1682 2986 1711 3014 ‹‹
1747 2968 1878 3018 πάν-

268 3068 365 3115 τες,
401 3071 432 3100 »
469 3049 524 3103 ἐν
585 3056 659 3120 τῷ
708 3071 729 3101 ε
772 3048 993 3119 Λάϐετε,
1042 3052 1228 3124 φάγετε
1260 3073 1273 3085 ο
1309 3074 1336 3101 ››
1369 3058 1459 3105 καὶ
1520 3053 1671 3114 αὖθις
1716 3054 1763 3106 έν
1801 3062 1875 3126 τῷ

269 3160 297 3189 ‹‹
335 3144 489 3192 Πίετε
519 3139 573 3202 ἐξ
603 3138 763 3193 αὐτοῦ
810 3142 1018 3208 πάντες,
1064 3163 1095 3192 ››
1138 3143 1438 3217 προσθήκη.
1471 3146 1639 3216 Φαμὶν
1669 3151 1757 3196 οῦν
1796 3144 1876 3197 ὃτι

1990 633 2251 691 Christus
2270 634 2562 707 pervenit,
2612 638 2921 708 stuporem
2960 639 3017 692 et
3042 634 3505 694 admirationem
3531 654 3646 695 coe-

1986 722 2163 780 lestes
2212 721 2325 779 illm
2377 726 2701 795 potestates
2756 727 3178 795 seposuerunt.
3204 724 3445 783 Illorum
3503 742 3646 799 ergo

1988 812 2340 880 imitatione,
2372 810 2456 868 uti
2508 812 2737 869 dictum
2789 816 2899 880 est,
2932 813 3162 883 agitant
3206 813 3447 873 diaconi
3476 832 3649 875 sacra

1987 899 2338 957 ventilabra.
2385 902 2579 972 Atque
2634 900 2774 956 hinc
2828 899 3207 973 exploratum
3263 906 3389 973 est,
3431 908 3648 961 cuncta

1988 994 2127 1045 ante
2154 1004 2395 1045 crucem
2438 987 2786 1061 opprobria,
2820 988 3145 1046 derisorios
3185 989 3467 1057 honores,
3496 990 3645 1048 ludi-

1986 1076 2138 1144 bria,
2172 1077 2368 1148 magis
2400 1076 2669 1133 affecisse
2690 1078 3036 1149 patientem,
3059 1077 3324 1152 itemque
3354 1079 3648 1152 spiritales

1988 1166 2258 1223 caelestes
2322 1170 2664 1239 potestates.
2731 1166 3025 1232 Quoniam
3091 1167 3291 1238 igitur,
3352 1171 3457 1242 qui
3516 1169 3649 1226 haec

1987 1270 2205 1328 passus
2253 1260 2364 1325 est,
2387 1254 2685 1328 perfectus
2733 1254 2919 1311 homo
2961 1255 3307 1329 pariterque
3349 1256 3648 1330 perfectus

1987 1343 2142 1399 Deus
2171 1348 2317 1409 erat,
2344 1359 2469 1401 una
2506 1344 2566 1399 in
2593 1358 2851 1417 persona
2896 1344 3051 1400 duas
3105 1360 3318 1415 gerens
3375 1350 3646 1414 naturas,

1985 1433 2492 1502 incontusas,non
2509 1433 2846 1500 mutabiles,
2863 1433 3265 1504 invariabiles;
3286 1435 3647 1506 humanam,

1987 1520 2225 1578 dolores
2275 1521 2669 1594 excipientem
2699 1538 2712 1587 ;
2744 1522 3014 1578 divinam
3066 1523 3502 1596 impassibilem
3524 1541 3648 1582 ma-

1987 1614 2228 1667 nentem
2262 1630 2274 1666 :
2304 1610 2527 1667 idcirco
2576 1610 2815 1683 mystici
2863 1611 3068 1667 salutis
3120 1617 3344 1669 nostrae
3393 1614 3651 1671 ministri

1989 1703 2045 1755 et
2066 1700 2617 1772 mystagogi,modo
2646 1700 2893 1773 quidem
2922 1701 3223 1773 passionis
3253 1703 3651 1775 dispensatio-

1987 1802 2127 1844 nem
2158 1803 2229 1844 ac
2260 1788 2637 1845 tolerantiam
2668 1788 3007 1850 celebrant;
3040 1790 3226 1846 modo
3253 1793 3373 1847 Deo
3399 1792 3649 1863 dignam

600 1878 725 1928 ποτε
764 1872 825 1929 δε
863 1878 1114 1950 θεοπρεπῆ
1172 1882 1261 1929 καὶ
1327 1878 1560 1949 καθαρὰν
1614 1885 1676 1949 τῇ
1730 1879 1882 1953 ύπερ·
1914 1898 1958 1954 Β
1988 1891 2327 1949 puramque

1914 1898 1958 1954 Β
1988 1891 2327 1949 puramque
2370 1877 2937 1949 supersubstantiali
2984 1883 3215 1935 natura:
3260 1878 3648 1950 doxologiam

1988 1963 2299 2037 eXtollunt,
2332 1970 2627 2038 tanquam
2668 1965 2746 2022 ab
2803 1966 2951 2038 ipsis
3001 1968 3353 2024 Cherubinis
3380 1984 3451 2025 ac
3482 1972 3650 2026 Sera-

1988 2054 2192 2128 phinis
2220 2055 2273 2111 ei
2304 2054 2611 2111 tributam.
2634 2054 2723 2111 Ad
2751 2055 2867 2112 hoc
2898 2056 3059 2112 enim
3087 2072 3199 2114 nos
3225 2056 3469 2114 deducit
3494 2056 3651 2115 elata

1986 2142 2257 2216 prolatus
2280 2158 2428 2201 voce
2449 2144 2828 2217 triumphalis
2852 2144 3147 2217 hymnus;
3172 2160 3317 2204 nam
3338 2161 3452 2204 nos
3473 2162 3651 2220 opor-

1988 2236 2071 2290 tet
2096 2232 2255 2300 illuc,
2290 2232 2453 2289 unde
2478 2232 2887 2303 discessimus,
2919 2234 3174 2305 regredi.

2058 2433 2148 2489 25.
2189 2432 2326 2487 Post
2352 2428 2519 2487 vocis
2548 2430 2753 2503 itaque
2782 2428 3144 2503 Zelationem,
3167 2429 3395 2503 trisagii
3418 2430 3651 2489 canitur

1986 2519 2293 2592 hymnus;
2325 2535 2450 2593 quo
2498 2523 2757 2588 cantato,
2802 2520 2996 2577 oratio
3053 2520 3380 2593 praesertim
3438 2521 3651 2579 dicitur

1986 2608 2195 2680 magni
2250 2607 2445 2664 Basilii
2486 2609 2582 2664 vel
2629 2608 2812 2665 etiam
2840 2608 2963 2664 divi
2994 2608 3419 2681 Chrysostomi,
3450 2624 3584 2682 quae
3613 2626 3651 2668 a

1986 2696 2193 2754 divina
2220 2701 2439 2754 natura
2461 2696 2781 2753 exordiens
2811 2697 3007 2769 pergit
3036 2697 3113 2753 ad
3138 2697 3647 2755 incarnationem:

1987 2790 2298 2859 totamque
2326 2785 2649 2843 Salvatoris
2700 2786 3083 2843 oecononiam
3113 2786 3173 2842 hi
3207 2787 3401 2843 sancti
3433 2788 3650 2860 praedi-

1986 2879 2210 2941 cantes,
2245 2873 2403 2931 elata
2451 2889 2596 2931 voce
2641 2874 3064 2947 proclamant:
3103 2897 3123 2923 ι
3159 2874 3440 2947 Accipite,
3480 2891 3649 2932 man-

1983 2962 2221 3019 ducate.
2255 2984 2284 3012 »
2308 2962 2716 3028 Quaestionem
2749 2962 3089 3035 quamdam
3112 2962 3347 3018 videtur
3383 2978 3651 3021 commo-

1983 3067 2123 3109 vere
2175 3051 2443 3109 defectus
2495 3050 2777 3108 vocabuli
2834 3073 2862 3103 κ
2915 3066 3128 3109 omnes
3157 3070 3186 3101 ›
3227 3051 3291 3108 in
3345 3051 3646 3110 dictione:

1990 3140 2353 3214 «Accipite,
2394 3141 2759 3198 manducate
2816 3157 2829 3197 :
2889 3160 2920 3195 ›
2976 3140 3364 3213 vicissimque
3421 3140 3649 3199 additio

267 3227 437 3289 όιττήν
470 3231 585 3301 ἔχει
609 3233 705 3288 τὴν
743 3234 1014 3303 σημασίαν
1034 3232 1116 3301 τὸ,
1154 3253 1183 3282 ‹‹
1214 3232 1416 3303 πάντες,
1446 3234 1719 3305 ἱστορικῶς
1746 3229 1875 3306 ὁμοῦ
1904 3251 1947 3307 C
1987 3232 2031 3303 ej

1904 3251 1947 3307 ο
1987 3230 2263 3303 ejusdem
2314 3229 2589 3287 vocabuli
2618 3247 2639 3274 ι
2672 3245 2885 3287 omnes
2938 3253 2959 3279 ι
3014 3229 3094 3286 ad
3142 3228 3331 3286 verba
3363 3250 3376 3286 :
3413 3250 3440 3280 ‹‹
3470 3230 3652 3287 Bibite

267 3323 353 3371 καὶ
426 3327 791 3391 πνευματικῶς
841 3336 855 3351 ·
916 3321 1193 3396 ἱστορικῶς
1251 3323 1381 3393 μεν,
1443 3317 1538 3374 διὰ
1590 3324 1678 3375 τὸν
1734 3325 1877 3399 παρά

267 3413 356 3459 τοῦ
404 3404 675 3481 προδότου
737 3410 832 3461 κὰν
888 3416 996 3471 τοῖς
1044 3414 1362 3485 μυστηρίοις
1408 3413 1651 3483 γεγενότα
1703 3408 1872 3465 δόλον·

267 3505 633 3569 πνευματικῶς
683 3494 743 3551 δε
795 3500 862 3561 ὡς
911 3498 962 3551 οἰ
1026 3500 1239 3552 θεόπται
1278 3499 1561 3553 ἀπόστολοι
1612 3505 1701 3553 καὶ
1747 3502 1877 3555 θεῖυι

270 3590 508 3661 Πατέρες.
541 3583 671 3639 Εἶτα
724 3586 919 3641 λεκτέον
962 3590 1021 3641 τὸ
1077 3593 1557 3664 πνευματικώτερον
1609 3611 1622 3624 ·
1666 3592 1876 3643 Πάντων

268 3681 365 3726 τῶν
404 3676 657 3748 μαθητῶν
682 3678 769 3729 τὸν
810 3678 942 3730 θεῖον
981 3678 1138 3752 ἄρτον
1168 3679 1218 3731 ἓν
1241 3685 1357 3740 ταῖς
1386 3683 1549 3754 χερσὶ
1588 3676 1877 3753 δεξαμένων

268 3762 323 3815 έκ
372 3772 475 3817 τῶν
509 3772 707 3840 χειρῶν
744 3773 982 3839 Χριστοῦ
1020 3775 1113 3820 τοῦ
1152 3774 1287 3821 Θεοῦ
1326 3770 1493 3841 ἡμῶν,
1526 3767 1665 3841 φόϐῳ
1695 3788 1750 3821 τε
1788 3774 1877 3822 καὶ

266 3857 441 3907 πίστει
507 3855 923 3929 μετειληφότων,
972 3860 1126 3928 μόνος
1185 3854 1387 3918 Ἰοὸδας
1451 3856 1618 3909 λαϐὼν
1683 3859 1875 3932 ἔκρυψε

265 3948 465 4013 τοῦτον,
498 3949 588 3997 καὶ
649 3950 762 4007 τοῖς
813 3940 1093 4008 Ἰουδαίοις
1132 3945 1431 4017 ἐκφανίσας,
1485 3950 1544 3999 τό
1585 3953 1877 4021 μυστήριον

265 4029 614 4106 έξεπόμπευσε
652 4035 765 4105 (28)
800 4049 814 4063 '
862 4036 1049 4087 τούτου
1104 4038 1207 4109 γὰρ
1265 4037 1442 4106 ἕνεκα,
1479 4037 1546 4098 ὥς
1606 4056 1755 4108 φασι,
1795 4040 1873 4103 τό,

266 4143 293 4171 ‹‹
337 4121 412 4174 Ού
451 4127 528 4194 μὴ
571 4124 670 4198 γὰρ
703 4130 816 4185 τοῖς
853 4122 1067 4197 ἐχθροῖς
1100 4143 1194 4177 σου
1234 4127 1293 4177 τό
1335 4128 1627 4200 μυστήριον
1656 4129 1803 4198 εἴπω,
1845 4147 1874 4176 ››

262 4214 577 4286 πρόσκειται
595 4211 729 4283 [τῷ,]
752 4231 781 4266 ε
811 4211 928 4266 Ἐπι
955 4220 1050 4265 τοῦ
1069 4209 1281 4265 δείπνου
1313 4232 1406 4266 σου
1427 4222 1517 4267 τοῦ
1542 4222 1824 4287 μυστικοῦ.
1850 4238 1871 4265 ι

262 4303 329 4352 Τό
386 4304 569 4373 μέντοι
623 4303 755 4354 θεῖον
814 4300 946 4373 αἷμα
1004 4304 1073 4363 ὡς
1122 4301 1177 4367 ἐξ
1223 4302 1333 4365 ἑνός
1377 4308 1630 4379 ποτηρίου
1672 4305 1878 4377 [tam

263 4389 465 4442 πάντων
534 4410 625 4443 και
694 4395 926 4465 στόμασι
1008 4388 1305 4465 δεχομένων
1336 4437 1353 4460 ,
1416 4391 1719 4466 ἀποκρύψαι
1783 4394 1877 4448 οὐκ

264 4475 505 4539 ἠδυνήθη
541 4481 567 4533 ό
608 4476 782 4544 δόλιος
816 4524 829 4549 ,
890 4480 999 4535 ἀλλ’
1045 4483 1125 4535 ἐπ’
1167 4486 1286 4545 ἴσης
1342 4491 1451 4545 τοῖς
1488 4484 1661 4547 ἄλλοις
1712 4505 1874 4558 μετα-

265 4565 473 4640 λαϐὼν,
534 4572 671 4623 ἔπιεν
706 4591 719 4604 ·
751 4574 872 4646 ὅπερ
933 4568 1086 4634 εἰδὼς
1127 4573 1153 4623 ό
1211 4574 1383 4625 πάντα
1437 4578 1558 4646 πρὶν
1635 4576 1876 4645 γενέσθαι

266 4654 609 4733 ἕπεστάμετος
655 4663 841 4733 Κύριος
870 4704 884 4731 ,
928 4660 1012 4713 ἐπι
1059 4664 1149 4734 μεν
1188 4670 1276 4714 τοῦ
1329 4664 1490 4735 ἄρτου
1539 4666 1595 4716 τὸ
1621 4706 1636 4732 ,
1682 4686 1702 4713 ε
1740 4666 1875 4717 πάν-

267 4766 368 4818 τες,
398 4769 429 4799 n
456 4745 795 4824 παρέδραμεν
827 4772 839 4784 ·
873 4749 957 4803 im
1008 4747 1067 4804 δε
1125 4759 1216 4803 τοῦ
1280 4758 1567 4827 ποτηρίου,
1612 4756 1678 4816 ὡς
1716 4774 1875 4827 μετα-

265 4834 565 4911 ληψομένου
613 4859 703 4891 και
746 4847 838 4893 τοῦ
893 4836 1110 4907 Ἰούδα,
1168 4843 1521 4914 προστέθεικε.
1577 4850 1676 4897 Και
1724 4851 1875 4897 τοῦτο

268 4933 355 5000 μὲν
380 4929 550 4991 οὕτως
578 4931 800 5006 εἴρηται.

337 5305 445 5431 S28)
481 5305 750 5431 pultat-liti
777 5304 853 5363 sit
878 5304 953 5388 de
982 5305 1099 5363 hac
1123 5305 1413 5363 Theodori
1444 5306 1745 5379 opinione,
1773 5314 1878 5390 aut

337 5396 340 5430 Ι
367 5393 497 5431 nam
526 5384 616 5431 tra
664 5383 862 5431 mone-
880 5394 1039 5431 Cll‘ca
1064 5394 1303 5431 sacrum
1335 5394 1627 5431 arcanum
1656 5379 1877 5431 Judmls

264 5379 497 5449 vulgari
526 5379 863 5450 traditione,
880 5379 1039 5435 circa
1064 5394 1303 5435 sacrum
1335 5394 1627 5435 arcanum
1656 5379 1877 5436 Judazis

266 5448 375 5503 abs
404 5449 566 5506 Juda
593 5450 945 5524 revelatum,
970 5451 1172 5524 ipsum
1202 5450 1446 5523 quidem
1480 5452 1875 5524 participasse

266 5462 375 5503 abs
404 5462 566 5506 Juda
593 5462 945 5517 revelatum,
970 5465 1172 5523 ipsum
1202 5462 1446 5523 quidem
1480 5462 1875 5524 partietpasse

267 5521 654 5593 cumicteteris
672 5522 1072 5593 mysteria,ait
1086 5521 1267 5579 etiam
1283 5524 1485 5578 Petrus
1503 5522 1876 5579 Laodicenus

267 5592 431 5665 apud
468 5608 586 5667 nos
614 5607 673 5666 p.
708 5592 830 5650 5M.
854 5593 1001 5667 Item
1039 5594 1095 5649 S.
1130 5593 1336 5649 Petrus
1362 5595 1660 5667 Damiani,
1691 5611 1875 5667 quem

268 5679 452 5736 supra
470 5665 816 5735 citavimus,
847 5665 927 5722 ad
966 5680 1266 5723 canonem
1290 5665 1492 5723 missas
1517 5682 1578 5723 n.
1608 5670 1639 5722 6
1664 5686 1676 5725 :
1710 5665 1877 5725 Solet

266 5733 477 5809 inquit,
503 5733 863 5797 dubitarian
887 5737 1078 5797 Judas
1101 5739 1414 5812 acceperit,
1433 5739 1594 5812 quod
1614 5739 1872 5812 videtur,

1986 3334 2059 3376 ex
2085 3334 2176 3376 eo.
2212 3341 2239 3369 ››
2272 3318 2536 3375 Dicimus
2588 3333 2731 3389 ergo
2786 3317 3094 3391 duplicem
3146 3316 3371 3375 habere
3425 3317 3650 3389 signiﬁ-

1986 3412 2191 3465 catum
2218 3422 2420 3465 omnes
2452 3423 2466 3463 :
2493 3422 2716 3480 nempe
2741 3406 2858 3463 dici
2884 3406 3162 3464 historice
3190 3422 3261 3463 ac
3290 3406 3648 3479 spiritaliter.

1987 3497 2268 3555 Historice
2334 3496 2603 3570 quidem,
2649 3500 2897 3570 propter
2937 3496 3261 3570 proditoris
3316 3496 3471 3553 inter
3520 3495 3651 3553 haec

1985 3587 2121 3661 ipsa
2165 3586 2456 3659 mysteria
2512 3586 2761 3643 dolum:
2793 3585 3135 3658 spiritaliter
3192 3600 3372 3657 vero,
3426 3587 3494 3641 ut
3549 3585 3653 3642 Dei

1988 3680 2357 3749 spectatores
2422 3674 2701 3748 apostoli,
2756 3674 2999 3747 divique
3054 3678 3276 3731 Patres.
3340 3676 3651 3730 Postremo

1986 3763 2312 3820 dicendum
2361 3762 2423 3819 id
2474 3762 2642 3836 quod
2692 3762 2994 3835 praecipue
3043 3761 3305 3834 spiritale
3362 3765 3468 3818 est.
3498 3763 3649 3817 Cum

1987 3868 2198 3910 omnes
2253 3852 2532 3925 discipuli
2580 3851 2855 3907 divinum
2884 3866 3109 3924 panem
3150 3851 3212 3907 in
3259 3866 3479 3908 manus
3509 3866 3653 3907 suas

1984 3943 2349 4016 recepissent
2378 3957 2415 3999 a
2441 3940 2652 3997 Christi
2704 3941 2804 3997 Dei
2855 3941 3044 3997 nostri
3092 3939 3399 4004 manibus,
3427 3944 3651 3997 etcum

1985 4032 2197 4088 timore
2228 4047 2297 4087 ac
2317 4029 2439 4087 ﬁde
2461 4028 3039 4097 communicassent,
3074 4029 3240 4086 solus
3271 4029 3458 4085 ludas
3481 4044 3652 4085 acce-

1985 4126 2159 4196 ptum
2208 4136 2434 4195 panem
2476 4118 2820 4186 abscondit,
2851 4119 3193 4192 Judaaisque
3231 4118 3651 4188 manifestans,

1985 4212 2344 4285 mysterium
2374 4209 2723 4282 publicavit.
2750 4212 2913 4265 Hanc
2960 4209 3039 4264 ob
3066 4225 3338 4277 causam,
3366 4212 3431 4265 ut
3459 4208 3649 4275 aiunt,

1984 4302 2152 4369 illud,
2178 4324 2206 4352 ››
2240 4304 2368 4357 Non
2422 4299 2581 4356 enim
2641 4298 2900 4355 inimicis
2962 4299 3077 4355 tuis
3119 4298 3403 4356 revelabo
3429 4303 3653 4372 myste-

1984 4392 2163 4460 rium,
2190 4412 2219 4441 »
2256 4388 2499 4447 additur
2527 4388 2727 4445 verbis
2757 4406 2769 4445 :
2805 4410 2833 4439 «
2868 4391 3058 4461 Super
3085 4388 3342 4461 mystico
3373 4392 3477 4446 tuo
3507 4404 3652 4445 con-

1984 4481 2163 4538 vivio.
2192 4501 2220 4531 »
2255 4480 2529 4536 Divinum
2582 4478 2832 4551 quidem
2882 4478 3244 4548 sanguinem
3292 4493 3365 4534 ex
3402 4492 3528 4535 uno
3558 4494 3652 4535 ca-

1984 4568 2095 4626 lice
2114 4568 2292 4625 labiis
2315 4572 2373 4624 et
2396 4583 2498 4624 ore
2518 4567 2749 4623 cunctis
2770 4566 3262 4639 suscipientibus,
3294 4567 3454 4624 clam
3474 4582 3653 4638 agere

1986 4659 2257 4732 proditor
2304 4672 2429 4713 non
2474 4656 2691 4729 potuit,
2722 4655 2829 4711 sed
2876 4671 3049 4728 aeque
3087 4672 3158 4713 ac
3188 4656 3385 4712 caeteri
3415 4656 3655 4729 partici-

1986 4765 2141 4822 pans
2156 4747 2324 4805 bibit.
2352 4748 2546 4813 Quam
2566 4761 2696 4801 rem
2727 4759 3125 4817 cognoscens,
3155 4746 3261 4819 qui
3287 4745 3495 4802 omnia
3514 4749 3652 4803 ante

1986 4855 2174 4913 quam
2208 4838 2358 4895 ﬁant
2387 4838 2496 4893 scit
2525 4835 2837 4902 Dominus,
2868 4836 2943 4891 de
2972 4850 3131 4908 pane
3181 4850 3389 4906 agens,
3414 4840 3653 4909 praster-

1987 4929 2149 4986 misit
2193 4952 2220 4978 ‹‹
2277 4942 2527 4984 omnes:
2563 4945 2591 4975 ι
2640 4926 2716 4981 de
2770 4924 2955 4982 calice
3014 4929 3239 4998 autem,
3267 4925 3416 4998 quia
3468 4925 3653 4982 ludas

1985 5033 2231 5093 quoque
2271 5023 2623 5091 sumpturus
2669 5018 2814 5083 erat,
2844 5015 3328 5073 additamentum
3374 5014 3653 5074 vocabuli

1984 5108 2138 5165 fecit.
2171 5112 2363 5181 Atque
2392 5108 2683 5166 hactenus
2707 5105 2783 5162 de
2812 5104 2928 5162 hoc
2958 5105 3186 5163 dictum
3212 5108 3362 5164 esto.

1987 5323 2121 5365 cum
2161 5307 2355 5364 dicat:
2382 5305 2578 5362 Bibite
2596 5320 2672 5362 ea:
2711 5304 2822 5362 hoc
2840 5320 3059 5362 omnes.
3084 5306 3195 5361 Sed
3217 5307 3511 5378 quarum:
3530 5321 3651 5378 qua

1987 5381 2221 5437 ratione
2242 5379 2505 5451 medicus
2522 5378 2812 5451 salutaris
2833 5378 3190 5451 medicinam
3207 5378 3389 5434 dabat
3409 5385 3648 5451 aegroto,

1988 5466 2165 5524 quam
2185 5450 2481 5524 eisciebat
2502 5449 3025 5524 mortiferam?Act
3055 5450 3165 5505 hoc
3189 5451 3414 5524 scilicet
3440 5449 3645 5524 dabat,

1986 5521 2053 5579 ut
2080 5539 2184 5578 suo
2210 5523 2526 5579 doceretur
2556 5521 3016 5593 exemplo,quod
3040 5522 3318 5577 sacerdos
3340 5538 3460 5577 non
3481 5522 3649 5578 debet

1986 5595 2106 5651 ulli
2132 5595 2597 5651 communionem
2623 5608 2866 5664 negare,
2904 5594 3076 5663 cujus
3107 5594 3354 5663 crimen,
3401 5594 3511 5650 etsi
3539 5593 3652 5650 sibi

1984 5668 2059 5723 sit
2084 5677 2312 5737 notum,
2344 5681 2464 5722 non
2524 5670 2720 5721 tamen
2758 5665 3081 5737 Ecclesia;
3112 5680 3187 5724 ne
3228 5667 3391 5736 forte
3420 5681 3541 5723 non
3571 5666 3649 5724 sit

1985 5745 2302 5809 corrector,
2332 5738 2435 5797 sed
2457 5737 2751 5810 proditor.
