4468 6440
823 399 927 472 isi

825 626 1136 683 utilitatem
1159 639 1230 680 ac
1251 626 1666 696 magisterium
1692 631 1904 697 postea
1927 627 2163 698 mystici
2193 643 2480 699 exposue-

825 718 983 779 runt,
1032 713 1328 768 dicamus.
1370 713 1653 769 Absolute
1695 713 1923 769 dictum
1980 719 2085 770 est.
2120 737 2147 764 ‹‹
2194 715 2478 786 Accipite,

827 803 1208 871 manducate,
1242 825 1270 850 »
1303 802 1456 875 stylo
1510 802 1875 858 didascalico
1902 807 1960 858 et
1999 805 2328 859 hortatorio
2356 809 2482 858 tan-

825 909 1014 965 quam
1062 891 1140 948 ad
1170 907 1382 947 omnes
1425 891 1722 962 homines,
1759 908 1913 963 quos
1964 900 2217 964 paterno
2263 891 2481 948 aﬁ‘ectu

825 983 948 1037 divi
993 985 1189 1036 Patres
1241 980 1663 1046 cohortantur;
1700 987 1762 1035 ut
1804 980 2075 1037 inﬁdeles
2122 981 2370 1052 quidem
2401 980 2480 1036 ad

825 1071 1009 1126 ﬁdem
1031 1069 1341 1136 accedant,
1367 1068 1532 1124 haud
1579 1070 1639 1124 vi
1677 1069 1772 1126 vel
1797 1071 2144 1126 necessitate
2165 1070 2348 1138 ducti,
2373 1070 2481 1124 sed

826 1159 1223 1231 persuasione
1269 1157 1469 1229 potius
1528 1162 1707 1228 atque
1751 1158 1938 1214 animi
1988 1159 2314 1230 proposito,
2343 1173 2480 1229 quae

827 1261 1039 1318 reapse
1070 1250 1158 1301 est
1177 1244 1371 1300 cultus
1418 1245 1679 1312 ﬁdeique
1725 1246 1842 1301 lex.
1875 1247 2202 1317 Postquam
2229 1262 2366 1301 vero
2387 1262 2480 1300 ac-

828 1336 1270 1398 cesserimus,et
1290 1348 1461 1388 sacro
1481 1333 1844 1405 baptismate
1875 1335 2150 1390 mundati
2168 1334 2476 1402 fuerimus,

829 1425 913 1479 sic
942 1423 1189 1478 demum
1219 1422 1387 1491 digni
1418 1423 1605 1477 simus
1629 1423 1979 1478 solidiorem
2005 1423 2362 1493 dogmatum
2381 1423 2484 1478 ali-

829 1513 1101 1568 moniam
1132 1511 1412 1582 recipere.
1434 1511 1526 1566 Ait
1550 1512 1706 1566 enim
1740 1528 2001 1582 magnus
2032 1514 2280 1568 Basilius
2312 1528 2483 1568 sacro

827 1601 1191 1673 baptismate
1239 1599 1512 1654 nondum
1543 1599 1738 1654 tinctis
1773 1617 1786 1655 :
1821 1622 1848 1650 «
1883 1600 2061 1656 Mellis
2104 1600 2482 1656 dulcedinem

828 1689 1141 1762 quomodo
1187 1687 1519 1758 signiﬁcem
1556 1687 1972 1756 ignorantibus
1993 1691 2020 1744 ?
2049 1690 2292 1745 Gustate
2319 1695 2374 1745 et
2403 1692 2484 1745 vi-

830 1780 978 1841 dete,
1012 1779 1292 1849 quoniam
1332 1778 1532 1832 suavis
1562 1783 1644 1832 est
1671 1779 1959 1833 Dominus
1989 1779 2057 1831 ³ο.
2089 1801 2117 1827 ››
2145 1779 2254 1844 Qui
2283 1785 2484 1833 tamen

826 1868 955 1938 jam
971 1864 1432 1932 crediderunt,et
1460 1865 1778 1920 orthodoxi
1807 1872 1994 1920 coetus
2023 1867 2298 1922 membra
2321 1871 2482 1933 sunt,
2516 1888 2554 1941 Β

830 1972 904 2011 ne
927 1954 1176 2010 omnino
1201 1952 1604 2008 indifferenter
1619 1959 1675 2008 et
1698 1955 1824 2009 sine
1841 1955 2196 2026 probatione
2219 1960 2482 2010 sumant.

833 2043 980 2100 Dicit
1032 2043 1193 2098 enim
1233 2041 1598 2113 Apostolus:
1633 2062 1660 2090 ‹‹
1693 2043 1909 2098 Probet
1951 2050 2150 2099 autem
2197 2060 2258 2098 se
2283 2045 2483 2114 ipsum

831 2134 1271 2204 unusquisque,
1306 2138 1362 2187 et
1391 2133 1473 2187 sic
1512 2132 1587 2186 de
1607 2148 1765 2204 pane
1792 2133 1892 2188 illo
1936 2134 2094 2202 edat,
2119 2140 2172 2189 et
2199 2135 2272 2189 de
2304 2135 2486 2189 calice

829 2223 1084 2278 bibat".
1112 2243 1141 2269 »
1174 2223 1677 2291 Unumquemque
1699 2227 1901 2276 autem
1933 2222 2046 2277 hoc
2075 2223 2208 2277 loco
2251 2222 2393 2276 dicit
2421 2222 2488 2276 ﬁ-

831 2312 1047 2368 delem.
1077 2311 1189 2376 Qui
1227 2326 1368 2380 ergo
1419 2312 1693 2365 conscius
1739 2317 1828 2366 est
1888 2328 1952 2367 se
2006 2330 2137 2368 esse
2165 2313 2485 2382 indignum

832 2402 1046 2456 horum
1067 2399 1545 2472 participatione,
1560 2415 1754 2471 neque
1776 2416 2014 2456 sumere
2040 2402 2261 2457 audeat
2289 2417 2486 2472 neque

831 2489 1220 2547 manducare.
1247 2488 1469 2544 Idcirco
1494 2488 1737 2544 dictioni
1759 2511 1787 2538 ‹‹
1812 2491 2059 2562 accipite
2090 2512 2116 2539 »
2141 2507 2262 2547 non
2280 2501 2365 2547 est
2386 2491 2488 2546 ad-

833 2579 1024 2634 ditum
1055 2599 1084 2627 «
1138 2592 1373 2633 omnes.
1405 2599 1434 2626 ››
1480 2577 1541 2632 ld
1598 2584 1704 2644 est,
1758 2579 2027 2650 accipite,
2079 2580 2182 2651 qui
2232 2580 2490 2652 probata

835 2667 1201 2723 conscientia
1231 2667 1390 2720 estis.
1422 2669 1486 2720 ln
1531 2665 1832 2721 locutione
1859 2673 2060 2724 autem
2087 2691 2115 2719 ‹‹
2138 2668 2324 2724 bibite
2355 2685 2486 2724 om-

834 2771 942 2813 nes
974 2778 1002 2806 »
1024 2755 1117 2811 lex
1170 2754 1355 2810 fertur
1399 2755 1895 2827 participantibus
1934 2757 2207 2813 divinum
2247 2774 2486 2830 corpus,

835 2845 1139 2900 mandans
1169 2843 1260 2899 his
1298 2842 1629 2914 dicensque
1675 2861 1688 2898 :
1744 2847 1929 2900 Nemo
1986 2862 2196 2901 eorum
2246 2847 2353 2918 qui
2409 2847 2488 2901 ad

835 2949 1072 2990 sacram
1097 2932 1377 3004 synaxim
1411 2931 1827 3002 admittuntur,
1851 2949 2056 2990 secum
2085 2934 2264 3003 dicat,
2286 2951 2488 2991 neces—

835 3022 1064 3078 sarium
1113 3035 1235 3076 non
1278 3035 1408 3076 esse
1438 3020 1514 3075 de
1540 3021 1834 3091 sanguine
1862 3039 2107 3094 quoque
2133 3023 2356 3093 bibere,
2381 3025 2488 3080 sed

833 3125 1046 3167 omnes
1095 3114 1393 3182 quotquot
1442 3109 1717 3164 divinum
1757 3127 1977 3183 corpus
2021 3112 2386 3184 sumpsistis,
2412 3113 2487 3168 de

832 3199 1017 3255 calice
1045 3214 1290 3270 quoque
1323 3198 1600 3253 divinum
1626 3199 1981 3271 sanguinem
2010 3201 2195 3257 bibite
2229 3220 2240 3256 :
2278 3207 2341 3257 ut
2371 3203 2488 3258 hoc

831 3288 1015 3343 etiam
1040 3288 1158 3343 ritu
1187 3292 1434 3342 naturas
1462 3286 1616 3342 duas
1647 3288 1708 3342 in
1730 3303 1990 3359 persona
2010 3306 2132 3345 una
2153 3291 2362 3346 Christi
2387 3290 2486 3346 Dei

832 3375 1020 3432 nostri
1049 3374 1453 3431 conﬁteamini
1477 3393 1490 3443 ;
1521 3381 1702 3448 atque
1731 3377 1916 3437 hunc,
1938 3384 2228 3449 tanquam
2251 3378 2489 3434 liberta-

833 3465 907 3520 tis
971 3464 1184 3520 mundi
1236 3464 1494 3536 pretium
1543 3472 1758 3536 sponte
1815 3466 2100 3522 collatum
2158 3473 2483 3522 sumentes.

833 3559 1141 3627 postremo
1167 3569 1274 3609 vos
1318 3553 1432 3625 ipsi
1483 3553 1816 3610 libertatem
1867 3557 2340 3628 consequemini.
2369 3560 2488 3612 Hoc

833 3649 1034 3700 autem
1064 3643 1124 3698 in
1151 3642 1310 3698 illius
1348 3644 1987 3700 commemorationem
2035 3647 2231 3701 facere
2278 3646 2488 3701 admo-

833 3748 1084 3789 nemur.
1136 3734 1202 3786 Et
1249 3731 1497 3803 quidem
1546 3731 1766 3788 locutio
1829 3750 1841 3787 :
1909 3756 1937 3783 «
1998 3735 2487 3807 Quotiescunque

833 3821 1278 3878 manducabitis
1325 3837 1545 3893 panem
1592 3821 1755 3877 hunc
1793 3827 1851 3878 et
1891 3823 2140 3878 calicem
2196 3824 2485 3891 bibetis,»

831 3912 1225 3979 demonstrat,
1246 3909 1464 3965 debere
1520 3911 1634 3966 hoc
1685 3912 1951 3983 quotidie
2001 3913 2128 3967 ﬁeri
2171 3913 2250 3969 ab
2280 3913 2351 3968 iis
2383 3915 2488 3985 qui

830 4004 1108 4072 possunt,
1139 3999 1393 4070 ejusque
1414 4014 1524 4070 pro
1549 4000 1724 4055 nobis
1753 4001 2102 4072 passionem
2143 4001 2484 4071 gloriﬁcari,

830 4095 889 4146 et
917 4105 1111 4161 usque
1144 4088 1223 4144 ad
1268 4089 1602 4144 secundum
1635 4091 1764 4160 ejus
1795 4091 2122 4160 gloriosum
2156 4093 2487 4148 adventum

830 4177 1257 4235 concelebrari.

900 4362 988 4412 27.
1025 4359 1089 4411 Et
1114 4360 1250 4428 post
1273 4356 1581 4413 recitatam
1611 4372 1853 4428 precem
1879 4359 2142 4415 ostendit
2165 4361 2486 4432 episcopus

827 4463 924 4503 res
956 4451 1197 4501 sanctas
1227 4445 1436 4500 dicens
1462 4463 1474 4499 :
1511 4467 1538 4495 ι(
1564 4449 1629 4501 Et
1657 4445 1750 4501 fac
1772 4451 1837 4501 ut
1873 4449 2051 4518 panis
2078 4449 2174 4503 hic
2192 4449 2265 4503 sit
2285 4450 2486 4521 ipsum

828 4536 1157 4609 pretiosum
1189 4550 1410 4606 corpus
1435 4535 1671 4590 Domini
1705 4536 1804 4590 Dei
1844 4553 1913 4591 ac
1945 4539 2273 4593 Servatoris
2300 4538 2487 4593 nostri

825 4629 967 4682 Jesu
994 4625 1198 4680 Christi
1223 4643 1236 4692 ;
1269 4623 1436 4696 quod
1467 4629 1668 4680 autem
1697 4626 1862 4681 estin
1888 4627 2003 4681 hoc
2033 4626 2231 4697 calice,
2259 4627 2332 4682 sit
2356 4627 2486 4698 ipse

828 4715 1126 4788 pretiosus
1175 4713 1424 4783 sanguis
1476 4713 1688 4769 Christi
1739 4714 1844 4782 tui,
1894 4715 2225 4771 immutans
2277 4726 2486 4771 sancto

829 4804 1050 4877 Spiritu
1075 4807 1200 4870 tuo,
1225 4801 1331 4874 qui
1357 4801 1584 4858 effusus
1603 4801 1713 4858 fuit
1740 4819 1851 4875 pro
1881 4803 2096 4859 mundi
2134 4806 2278 4860 vita.
2309 4806 2485 4869 noue:

896 4921 947 4956 ²⁰
986 4919 1138 4975 Psal.
1165 4935 1353 4990 xxxm,
1377 4923 1430 4974 9.
1507 4920 1551 4953 ²¹
1596 4921 1615 4972 l
1644 4922 1776 4975 Cor.
1805 4936 1886 4985 x1,
1919 4923 2008 4975 28.

901 5037 1018 5108 (29)
1050 5035 1326 5109 Proponit
1365 5035 1463 5109 hic
1501 5035 1742 5109 Graecus
1783 5035 1974 5109 homo
2012 5041 2308 5109 tanquam
2355 5053 2487 5109 per-

827 5106 1197 5180 emptionem
1252 5106 1464 5180 Christi
1514 5106 1710 5180 legem
1760 5106 1834 5162 de
1891 5106 2319 5180 communione
2357 5106 2487 5164 sub

827 5178 1081 5252 utraque
1107 5180 1324 5252 specie.
1353 5178 1465 5235 Sed
1498 5178 1717 5232 videsis
1745 5179 1910 5252 apud
1942 5179 2254 5252 theologos
2284 5181 2488 5252 apolo-

827 5252 958 5334 gias
984 5250 1279 5334 plurimas
1301 5265 1444 5334 pro,
1466 5251 1913 5334 communionis
1940 5250 2055 5308 sub
2081 5252 2260 5334 unica
2289 5250 2488 5334 specie

824 5320 962 5386 ritu,
984 5320 1115 5395 quo
1142 5320 1391 5395 utuntur
1420 5320 1629 5395 Latini.
1654 5322 1853 5395 Exstat
1880 5338 2124 5393 quoque
2150 5320 2345 5379 Allatii
2373 5323 2488 5379 hac

825 5395 900 5451 de
929 5411 993 5450 re
1012 5393 1347 5466 disputatio
1386 5408 1497 5461 pro
1547 5393 1798 5458 Latinis;
1842 5409 2038 5466 neque
2088 5395 2250 5450 enim
2275 5411 2489 5451 omnes

822 5466 1011 5523 Graaci
1040 5465 1476 5521 contradicunt.

896 5541 1012 5607 (30)
1056 5541 1111 5594 S.
1160 5540 1363 5593 Petrus
1418 5535 1693 5592 Damiani
1745 5551 1845 5608 op.
1881 5537 1975 5592 cit.
2017 5552 2081 5593 ιι.
2129 5541 2161 5593 8
2205 5555 2217 5592 :
2273 5539 2488 5595 Faciat

823 5612 1235 5683 unusquisque
1255 5609 1416 5680 quod
1431 5610 1599 5683 pium
1620 5608 1942 5683 crediderit
1967 5625 2089 5683 esse
2105 5611 2485 5683 faciendum;

825 5679 1037 5740 horto’r
1073 5679 1281 5739 mum
1310 5679 1584 5736 omnibus
1631 5679 1838 5736 diebus
1882 5679 2211 5738 Dominicis
2245 5697 2366 5740 esse
2388 5699 2488 5739 su-

2090 400 2444 473 Tnaoootu
2480 399 2902 472 mnlbansis

897 542 987 594 26.
1016 536 1334 610 Reliquum
1360 542 1468 607 est,
1500 537 1768 595 utetiam
1792 539 1959 610 quod
1983 538 2062 595 ad
2091 555 2480 596 communem
2515 545 2562 596 Α

4078 399 4186 470 452

2661 537 2752 600 κς’.
2796 544 2992 591 Λοιπον
3052 532 3112 589 δι
3166 539 3256 588 καὶ
3314 526 3373 587 τό
3426 536 3494 596 εἰς
3559 540 3736 595 κοινὴν
3803 536 4045 607 ὠφέλειαν
4095 541 4187 588 καὶ

2591 623 2945 679 διδασκαλίαν
2988 627 3116 696 μετὰ
3159 631 3328 675 ταῦτα
3377 626 3478 676 ὑπὸ
3525 632 3626 675 τῶν
3673 624 4020 696 μυστηπόλων
4070 621 4191 676 δια-

2587 718 2905 786 τυπούμενον
2960 711 3259 784 διηγητέον.
3314 713 3495 774 Απλῶς
3543 715 3746 787 εἱρηται
3784 717 3842 764 τὸ
3903 734 3930 762 ι(
3972 712 4187 780 Λάϐετε,

2591 805 2796 874 φάγετε,
2835 823 2862 852 ››
2920 806 3059 873 νόμῳ
3117 797 3474 862 διδασκαλίας
3516 806 3604 852 καὶ
3663 806 4008 872 παραινέσεως
4059 805 4191 873 πρὸς

2587 893 2786 950 πάντας
2880 887 3184 963 ἀνθρώπους
3215 931 3228 952 ,
3303 895 3685 960 πατρικώτερον
3772 892 3990 950 τούτους
4088 897 4188 940 τῶν

2591 981 2736 1030 θείων
2799 982 3038 1050 Πατέρων
3096 976 3660 1051 παραχαλούντων,ἱνα
3713 981 3761 1029 οἱ
3823 982 3912 1049 μὲν
3978 977 4192 1030 ἄπιστοι

2588 1075 2650 1139 τῇ
2684 1072 2858 1119 πίστει
2904 1065 3282 1140 προσέλθωσιν,
3333 1066 3391 1117 οὐ
3433 1065 3529 1137 βίᾳ
3558 1072 3660 1118 τινὶ
3694 1068 3723 1124 ἡ
3757 1065 3954 1138 ἀνάγκη
3996 1068 4190 1138 ἀγόμε-

2588 1175 2667 1206 νοι
2694 1199 2707 1221 ,
2741 1156 2915 1206 πειθοῖ
2968 1151 3027 1205 δὲ
3084 1153 3274 1225 μᾶλλον
3314 1159 3402 1205 καὶ
3448 1158 3748 1228 προαιρέσει
3789 1153 3995 1224 ψυχῆς,
4030 1155 4191 1227 ὅσπερ

2591 1240 2659 1301 δή
2723 1248 2874 1313 νόμος
2929 1242 3168 1315 λατρείας
3219 1247 3309 1293 καὶ
3359 1247 3586 1302 πίστεως
3641 1263 3653 1275 ·
3704 1241 4070 1313 προσελθόντες
4111 1239 4191 1309 δὲ,

2590 1337 2679 1384 καὶ
2729 1328 2823 1382 διὰ
2866 1339 2958 1382 τοῦ
3014 1333 3150 1382 θείου
3216 1329 3590 1402 βαπτίσματος
3648 1333 4004 1404 καθορθέντες,
4059 1330 4194 1382 οὓτω

2590 1420 2987 1491 καταξιωθῶμεν
3060 1417 3314 1480 δέξασθαι
3365 1427 3457 1479 τῆς
3503 1426 3714 1492 στερεᾶς
3757 1428 3855 1471 τῶν
3916 1416 4195 1490 δογμάτων

2589 1516 2782 1582 τροφῆς
2811 1529 2822 1539 ·
2856 1507 2992 1577 λέγει
3036 1509 3136 1580 γὰρ
3186 1508 3211 1557 6
3260 1512 3423 1578 μέγας
3473 1507 3740 1569 Βασίλειος
3786 1516 3896 1568 τοῖς
3944 1507 4198 1579 ἀμυήτοις

2592 1605 2683 1647 τοῦ
2739 1598 2876 1646 θείου
2918 1593 3328 1666 βαπτίσματος,
3383 1616 3411 1643 ι(
3466 1595 3766 1653 Γλυκύτητα
3836 1595 4041 1667 μελιτος
4090 1602 4197 1654 πῶς

2594 1682 2880 1754 ἀναγγείλω
2950 1690 3058 1743 τοῖς
3134 1682 3419 1752 ἀγνοοῦσι;
3461 1686 3727 1736 Γεύσασθε
3787 1688 3877 1735 καὶ
3927 1680 4068 1735 ἴδετε
4115 1683 4193 1734 ὃτι

2593 1776 2835 1844 χρηστός
2890 1773 2915 1821 ό
2967 1774 3177 1844 Κύριος.
3213 1792 3239 1819 ››
3292 1774 3357 1823 Οἱ
3412 1776 3584 1842 μέντοι
3632 1769 3739 1829 ἤδη
3802 1775 4193 1835 πιστεύσαντες,

2594 1864 2684 1911 καὶ
2736 1868 2829 1911 τοῦ
2876 1869 2976 1910 τῶν
3042 1856 3334 1933 ὁρθοδοξων
3396 1866 3735 1932 συστήματος
3787 1864 3940 1933 μέρος
3982 1861 4196 1930 τυγχά-

2593 1968 2790 2014 νοντες,
2859 1953 2930 2019 μὴ
2992 1951 3196 2009 πάντως
3256 1947 3432 2008 ἁπλῶς
3499 1945 3871 2020 ἀδοκιμάστως
3944 1947 4146 1999 λάϐωσι
4179 1968 4192 1979 ·

2593 2037 2725 2108 λέγει
2762 2040 2860 2110 γὰρ
2893 2038 2919 2088 6
2961 2037 3280 2098 Ἀπόστολος
3324 2054 3337 2067 ’
3390 2059 3419 2086 ιι
3462 2038 3793 2100 Δοκιμαζέτω
3851 2034 3910 2089 δὲ
3981 2037 4197 2096 ἕκαστος

2596 2126 2819 2192 ἑαυτὸν,
2867 2145 2956 2176 και
3009 2125 3165 2185 οὓτως
3220 2125 3275 2177 ἐκ
3331 2133 3422 2176 τοῦ
3491 2124 3650 2200 ἄρτου
3710 2124 3943 2186 ἐσθιέτω,
3999 2131 4089 2177 καὶ
4141 2127 4197 2177 ἐκ

2594 2222 2687 2266 τοῦ
2751 2220 3004 2288 ποτηρίου
3061 2219 3266 2268 πινέτω.
3314 2237 3342 2262 ι)
3402 2213 3658 2267 Ἕκαστον
3717 2211 3776 2266 δε
3832 2213 4053 2266 ἐνταῦθα
4111 2218 4197 2266 τὸν

2595 2309 2780 2355 πιστόν
2842 2323 3019 2374 φησιν.
3079 2303 3170 2364 “Ος
3242 2311 3366 2374 γοῦν
3429 2300 3666 2355 σύνοιδεν
3737 2303 3918 2354 εαυτὸν
3991 2301 4198 2364 ἀνάξιον

2596 2393 2719 2444 ὂντα
2751 2399 2847 2452 τῆς
2901 2395 3090 2444 τούτων
3143 2391 3511 2462 μεταλήψεως,
3546 2397 3670 2463 μήτε
3719 2391 3890 2443 λαϐεῖν
3956 2392 4194 2463 τολμήσῃ

2596 2486 2728 2553 μήτε
2775 2488 2955 2552 φαγεῖν
3002 2501 3016 2513 ·
3062 2485 3249 2532 τούτου
3315 2483 3415 2552 γὰρ
3474 2480 3631 2532 ἕνεκεν
3697 2479 3971 2550 ἀπελειψον
4032 2479 4080 2530 ἐν
4126 2487 4199 2550 τῷ

2599 2594 2626 2620 ‹‹
2659 2570 2837 2622 λάϐετε
2867 2593 2895 2620 ››
2940 2573 3023 2633 τὸ,
3073 2591 3101 2619 (ς
3143 2572 3330 2630 πάντες
3363 2591 3376 2602 ·
3411 2591 3440 2620 »
3482 2574 3744 2637 τουτέστι,
3787 2569 3984 2622 Λάϐετε
4020 2571 4069 2620 οἱ
4109 2565 4198 2620 δε-

2599 2655 2974 2732 δοκιμασμένοι
3015 2663 3111 2716 τὴν
3152 2655 3479 2716 συνείδησιν.
3515 2663 3585 2710 Τό
3626 2656 3685 2710 δε
3733 2657 3782 2710 ἐν
3828 2667 3901 2729 τῷ
3927 2703 3941 2728 ,
3973 2680 4003 2708 ι(
4056 2663 4200 2710 πίετε

2596 2752 2804 2817 πάντες,
2846 2770 2875 2799 ››
2933 2753 3084 2820 νόμος
3132 2747 3244 2800 ἐστὶ
3313 2747 3418 2809 τοῖς
3481 2748 3815 2821 μετειληφόσι
3895 2756 3989 2800 τοῦ
4058 2750 4199 2800 θείου

2600 2844 2842 2911 σώματος
2869 2879 2883 2904 ,
2920 2837 3391 2911 παρακελευόμενος
3447 2841 3650 2899 τούτοις
3687 2843 3777 2890 καὶ
3841 2837 3999 2909 λέγων
4032 2858 4044 2870 ·
4078 2844 4200 2894 Μη-

2600 2925 2707 2989 δεὶς
2764 2935 2863 2978 τῶν
2901 2933 2992 2978 τοῦ
3044 2928 3181 2978 θείου
3237 2931 3477 2999 σώματος
3522 2925 3941 2989 καταξιωθέντων
3980 2925 4203 2998 μεταλα-

2598 3020 2702 3068 ϐεῖν
2749 3019 2886 3067 εἴποι
2912 3019 3043 3089 πρὸς
3073 3014 3253 3067 ἑαυτὸν
3311 3018 3377 3077 ὡς
3420 3015 3514 3066 οὐκ
3576 3019 3856 3086 ἀναγκαῖόν
3894 3014 4036 3066 ἐστὶν
4066 3022 4203 3066 πιεῖν

3371 3104 3528 3172 (29)·
3561 3103 3690 3156 ἀλλὰ
3754 3106 3940 3164 πάντες
3978 3104 4096 3155 ὂσοι
4149 3101 4205 3154 ἐκ

2597 3201 2688 3244 τοῦ
2726 3199 2964 3265 σώματος
3010 3190 3328 3264 μετελάϐετε,
3357 3197 3447 3244 καὶ
3494 3191 3550 3244 ἐκ
3602 3200 3695 3244 τοῦ
3751 3190 3798 3243 ἐν
3844 3200 3916 3261 τῷ
3965 3196 4204 3264 ποτηρίῳ

2597 3110 2686 3156 καὶ
2762 3103 2863 3155 ἀπὸ
2929 3111 3022 3156 τοῦ
3079 3105 3295 3175 αἳματος

2599 3283 2736 3334 θείου
2781 3281 2995 3353 αἳματος
3042 3286 3184 3333 πίετε
3216 3302 3228 3313 ·
3263 3279 3347 3332 ἳνα
3392 3285 3482 3332 καὶ
3520 3284 3685 3352 τούτῳ
3719 3283 3813 3341 τὰς
3872 3277 3969 3332 δύο
4023 3282 4204 3351 φύσεις

2595 3377 2686 3421 τοῦ
2746 3367 2795 3420 ἐν
2847 3375 2946 3441 μιᾲ
3005 3368 3297 3420 ὑποστάσει
3357 3376 3590 3444 Χριστοῦ
3665 3376 3798 3421 Θεοῦ
3863 3369 4010 3439 ἡμῶν
4073 3369 4200 3420 ὑπο-

2593 3457 2830 3532 γράψητε
2857 3479 2869 3490 ·
2912 3462 3001 3510 καὶ
3039 3460 3109 3518 ὡς
3161 3462 3318 3528 τιμήν
3372 3465 3525 3509 τοῦτο
3556 3459 3682 3531 ὑπερ
3721 3465 3815 3517 τῆς
3857 3463 3949 3508 τοῦ
3995 3460 4201 3527 κόσμου

2595 3545 2882 3618 ἐλευθερίας
2949 3546 3195 3606 ἑκουσίως
3247 3545 3663 3603 καταϐληθεῖσαν
3731 3543 4042 3617 δεχόμενοι,
4111 3564 4199 3598 τε-

2593 3635 2739 3697 λείως
2791 3641 2882 3688 καὶ
2933 3635 3081 3688 αὐτοὶ
3138 3636 3376 3698 τεύξεσθε
3420 3643 3514 3697 τῆς
3576 3635 3883 3708 ἐλευθερίας.
3925 3641 4089 3687 Τοῦτο
4139 3631 4200 3687 δε

2595 3733 2757 3777 ποιεῖν
2811 3721 2904 3776 δια
2983 3727 3169 3784 παντὸς
3226 3725 3293 3785 εἰς
3343 3730 3437 3783 τήν
3485 3724 3674 3777 ἐκείνου
3741 3723 4030 3797 ἀνάμνησιν
4101 3722 4198 3776 ἒπ-

2595 3815 2887 3886 ετράπημεν
2922 3834 2934 3846 ο
2966 3817 3024 3864 τό
3077 3816 3179 3887 γὰρ
3209 3835 3237 3861 ί(
3275 3815 3491 3874 Ὁσάκις
3549 3813 3609 3864 ἂν
3667 3812 3874 3870 ἐσθίητε
3906 3817 3993 3865 τόν
4042 3814 4198 3886 ἱρτον

2594 3910 2796 3967 τοῦτον,
2829 3906 2918 3952 καὶ
2949 3905 3006 3952 τό
3058 3907 3307 3976 ποτήριον
3348 3909 3498 3953 τοῦτο
3545 3906 3743 3972 πίνητε,
3775 3923 3802 3951 ››
3844 3909 3993 3953 τοῦτο
4021 3897 4196 3970 δηλοῖ,

2595 3993 2666 4051 ὡς
2710 3990 2828 4041 καθ’
2877 3989 3101 4046 ἑκάστην
3155 3992 3349 4063 ἡμέραν
3397 3994 3505 4061 χρὴ
3545 3998 3694 4041 τοῦτο
3758 3990 4016 4043 τελεῖσθαι
4057 3991 4203 4062 παρὰ

2594 4089 2694 4131 τῶν
2749 4076 3045 4150 δυναμένων
3078 4080 3215 4148 (30),
3247 4084 3338 4130 καὶ
3387 4082 3452 4130 τὰ
3498 4080 3624 4153 ὑπὲρ
3674 4082 3820 4150 ἡμῶν
3856 4078 4017 4131 αὐτοῦ
4056 4081 4199 4135 πάθη

2597 4166 2859 4236 δοξάζειν,
2889 4173 2979 4218 καὶ
3007 4166 3242 4238 ἀνυμνεῖν
3283 4167 3418 4239 ἄχρι
3465 4177 3560 4227 τῆς
3609 4164 3857 4242 δευτέρας
3913 4172 4075 4220 αὑτοῦ
4112 4175 4205 4220 καὶ

2595 4254 2809 4319 ἐνδόξου
2830 4261 3145 4330 παρουσίας.

2665 4363 2765 4424 κζ’.
2811 4369 2912 4416 Καὶ
2962 4367 3092 4435 μετὰ
3135 4369 3226 4421 τήν
3294 4363 3615 4436 ἐπαγομένην
3673 4364 3839 4436 εὐχήν
3893 4361 4202 4417 ἀναδείκνυ-

2596 4473 2678 4505 σιν
2705 4456 2731 4504 ό
2791 4452 3068 4526 ἀρχιερεύς
3110 4456 3176 4504 τὰ
3222 4453 3351 4524 ἁγια
3387 4496 3400 4519 ,
3460 4454 3618 4525 λέγων
3653 4472 3665 4483 °
3704 4460 3804 4506 Καὶ
3854 4460 4073 4512 ποίησον
4113 4459 4202 4506 τὸν

2594 4546 2683 4615 μὲν
2733 4542 2887 4616 ἆρτον
2935 4550 3116 4594 τοῦτον
3161 4543 3288 4593 αύτό
3342 4547 3400 4594 τὸ
3456 4548 3629 4614 τίμιον
3691 4551 3844 4614 σῶμα
3871 4552 3961 4595 τοῦ
4002 4549 4200 4617 Κυρίου

2529 4630 2559 4699 ξ’
2594 4637 2683 4683 καὶ
2709 4637 2834 4685 Θεου
2891 4637 2980 4684 καὶ
3020 4639 3258 4703 Σωτῆρος
3299 4634 3445 4704 ἡμῶν
3501 4633 3677 4689 Ἰησοῦ
3729 4640 3968 4705 Χριστοῦ
3995 4647 4010 4662 ⁶
4045 4637 4103 4684 τὸ
4141 4630 4202 4686 δε

2595 4719 2643 4771 ἐν
2707 4728 2780 4791 τῷ
2846 4726 3082 4793 ποτηρίῳ
3138 4724 3302 4791 τούτῳ
3374 4720 3501 4773 αὐτὸ
3558 4726 3616 4772 τό
3683 4727 3854 4794 τίμιον
3912 4724 4044 4794 αζιια
4107 4731 4201 4774 τοῦ

2594 4816 2830 4883 Χριστοῦ
2889 4829 3005 4876 σου,
3052 4807 3354 4881 μεταϐαλὼν
3391 4810 3504 4878 (31)
3543 4818 3616 4880 τῷ
3675 4813 3937 4882 Πνεῦματί
3993 4831 4088 4863 σου
4128 4820 4200 4882 τῷ

2595 5042 2894 5111 mendum,
2919 5042 2972 5095 si
3001 5047 3201 5113 tamen
3252 5057 3415 5097 mens
3465 5058 3587 5097 non
3617 5044 3693 5097 sit
3717 5044 3777 5097 in
3811 5044 4033 5113 affectu
4062 5059 4203 5113 pec-

2595 5114 2793 5169 candi.
2835 5112 3019 5167 Graeci
3063 5112 3358 5177 hodierni,
3392 5119 3456 5167 ut
3507 5113 3710 5180 audio,
3740 5112 3951 5185 quater
3988 5112 4202 5171 saltem

2594 5186 2655 5239 in
2687 5199 2848 5238 anno
2880 5185 3351 5238 communicant.

2668 5258 2779 5320 (31)
2820 5255 3203 5311 Concorditer
3233 5255 3417 5310 Graeci
3448 5256 3794 5311 mutationis
3815 5257 4043 5325 dogma
4064 5273 4203 5313 con-

2594 5325 2858 5399 ﬁtentur,
2890 5327 2995 5381 sed
3020 5342 3139 5399 non
3164 5342 3375 5381 omnes
3402 5326 3653 5399 modum
3679 5327 4002 5399 explicant.
4025 5329 4202 5384 Crito-

2594 5397 2776 5478 pulus
2835 5413 2971 5478 cap.
3012 5397 3258 5478 θζᾝστι
3323 5401 3423 5478 γὰρ
3483 5397 3683 5478 αληθὼς
3754 5397 3907 5472 σῶμα
3963 5407 4203 5478 Χριστοῦ

2597 5469 2622 5520 6
2665 5469 3084 5543 ἱερουργούμενος
3122 5471 3298 5552 ἄρτος,
3339 5469 3524 5552 καὶειτό
3585 5469 3633 5522 ἓν
3691 5479 3764 5541 τῷ
3802 5469 4038 5544 ποτηρίῲ
4071 5470 4204 5544 αἷμα

2595 5537 2854 5615 Χριστοῦ
2901 5537 3261 5615 ἀναμφιϐόλως
3297 5557 3310 5571 ⁸
3353 5543 3378 5592 6
3421 5537 3479 5615 δὲ
3540 5537 3743 5614 τρόπος
3791 5551 3883 5603 τῆς
3941 5537 4203 5604 ’τοιαύτης

2597 5611 2884 5694 μεταϐολῆς
2945 5611 3206 5694 οἰγνωστσς
3242 5617 3352 5694 ,καί
3402 5611 3804 5694 ἀνερμήνευτος.
3861 5618 4202 5694 En__tamen

2594 5684 2659 5742 in
2687 5685 2808 5744 alia
2842 5684 3107 5742 Ecclesia
3158 5684 3472 5742 Orientalis
3523 5684 3900 5744 Confessione
3947 5686 4204 5745 Nectarii
