4468 6440
263 359 364 420 453

1478 347 1973 420 censuram)
2013 347 2402 420 LlTURGlCA.

3512 346 3621 418 454

448 485 583 555 (32),
637 490 697 537 τὸ
742 484 963 556 ἐκχυθὲν
1013 487 1141 560 ὑπὶρ
1173 493 1376 546 τῆςτοῡ
1402 489 1604 557 κόσμου
1635 486 1796 548 ζωῆς·
1831 507 1859 534 n
1890 488 1938 540 Α

1986 485 2178 557 utique
2207 483 2594 555 agnoscimus
2615 489 2671 542 et
2700 485 3024 552 credimus,
3060 484 3144 540 ita
3173 485 3616 552 transmutaris,

266 575 298 624 ἃ
350 570 420 632 δὴ
480 580 569 626 καὶ
626 581 950 646 γινώσκομεν
1006 581 1095 626 καὶ
1147 578 1478 646 πιστεύομεν,
1529 578 1663 627 οὕτω
1710 594 1863 646 μετα-

268 665 511 714 ποεῑσθαι
565 665 630 722 ὡς
676 665 706 720 η
758 662 1028 722 ὶπίκλησις
1083 665 1218 733 ἔχει.
1278 662 1413 714 Ἀλλ’
1465 664 1490 713 6
1522 667 1682 734 μέγας
1713 667 1865 714 Βασί-

269 751 398 810 λιιος
447 749 560 801 ἀντὶ
610 753 726 820 (33)
768 759 861 802 τοῦ
903 750 1201 821 μεταϐαλὼν
1245 760 1315 820 τῲ
1363 755 1621 821 Πνενματί
1668 770 1761 802 σου
1793 758 1865 821 τῷ

270 839 423 909 ἁγιῳ,
491 843 549 890 τὸ
615 840 872 910 Ἐηχυθεν
904 840 1026 911 ὑπὲρ
1084 846 1175 890 τοῦ
1220 858 1420 909 κοσμου
1482 843 1615 900 ζωῆς
1653 841 1866 893 τέθεικε.

268 930 444 982 Ταῦτα
491 924 550 979 δε
592 927 687 979 οὐκ
726 931 865 978 ἔστιν
911 927 1149 986 ἀλληλοις
1196 927 1418 978 ἐναντία·
1462 929 1487 978 6
1527 932 1616 998 μὲν
1640 931 1742 1000 γὰρ
1774 932 1867 983 τὴν

273 1013 515 1072 ἰδιότητα
566 1024 658 1068 του
716 1016 1025 1087 ζωαρχικοῡ
1092 1012 1265 1072 δηλῶν
1333 1019 1649 1086 Πνεύματος,
1716 1024 1867 1067 τοῦτο

270 1105 505 1178 ἔγραψεν·
569 1106 596 1155 6
649 1101 709 1156 δε
756 1104 1149 1175 οὐρανοφάντωρ
1208 1109 1266 1155 τὸ
1311 1108 1499 1155 ταυτὸν
1541 1113 1636 1166 τῆς
1685 1105 1869 1165 οὐσίας

269 1199 358 1244 καὶ
412 1197 692 1264 ἐνεργείας,
747 1197 874 1264 πρὸς
924 1190 982 1244 δε
1038 1199 1126 1244 καὶ
1183 1193 1436 1254 θελησεως
1481 1189 1870 1264 καὶδυνάμεως

271 1289 358 1340 τῆς
407 1278 632 1355 Τριάδος
679 1287 1024 1352 παρίστησιν.
1079 1278 1372 1341 ἀποδιδοὺς
1421 1287 1513 1338 τὴν
1569 1286 1868 1355 συνίργειαν

270 1378 362 1429 τῆς
404 1375 801 1440 μεταποιήσεως
842 1377 912 1438 τῷ
973 1375 1165 1442 ΙΙατρίο
1225 1372 1495 1421 καντεῠθεν
1552 1379 1868 1422 συνιστὼσιν

272 1456 549 1530 ἀμφότεροι
595 1462 676 1521 τὸ,
729 1457 870 1509 Ὀσα
922 1459 948 1508 6
1002 1462 1182 1530 Πατὴρ
1232 1462 1441 1531 ενεργεῐ,
1492 1467 1654 1510 ταῦτα
1709 1464 1798 1510 καὶ
1841 1461 1868 1510 6

271 1546 390 1607 Υἱὸς
431 1551 520 1596 καὶ
566 1565 622 1597 το
679 1553 888 1617 Πνεῦμα
936 1549 994 1598 τὸ
1024 1546 1192 1616 ἅγιον·
1222 1552 1310 1597 καὶ
1342 1548 1442 1597 ὅσα
1471 1548 1496 1597 6
1537 1549 1670 1610 Υἱὸς,
1703 1555 1870 1599 ταῦτα

270 1641 356 1685 καὶ
406 1636 431 1685 6
481 1639 661 1706 Πατὴρ
695 1640 785 1685 καὶ
815 1636 840 1685 6
874 1634 1233 1708 Παράκλητος⁶
1264 1641 1352 1686 καὶ
1380 1637 1479 1686 ὅσα
1503 1635 1669 1703 οὗτος,
1703 1644 1871 1687 ταῦτα

270 1730 357 1774 καὶ
405 1725 430 1773 6
482 1727 662 1793 Πατὴρ
704 1728 792 1774 καὶ
838 1728 1140 1793 Μονογενης.
1176 1725 1430 1775 Ἐντευθεν
1468 1722 1646 1774 λοιπον
1677 1726 1706 1781 ἡ
1740 1727 1870 1795 μιτὰ

270 1817 361 1867 την
392 1807 657 1873 ἀνάδειξιν
690 1819 791 1862 τῶν
824 1813 968 1863 θείων
999 1809 1178 1882 δώρων
1209 1812 1451 1882 λεγομένη
1487 1813 1642 1882 εὐχὴ,
1677 1809 1869 1871 διπλῆν
1900 1807 1940 1859 Β

272 1905 499 1972 φέρουσα
550 1905 640 1951 καὶ
689 1900 818 1957 αὐτη
878 1906 973 1957 τὴν
1031 1905 1299 1972 σημασίαν
1342 1900 1440 1952 ἀπο
1499 1921 1550 1953 τε
1602 1910 1692 1953 τοῦ
1755 1907 1871 1963 νοὸς

270 1997 358 2040 τοῦ
415 1988 640 2060 μεγάλου
696 1988 965 2040 Βασιλείου
1013 1995 1099 2041 καὶ
1149 2000 1241 2040 του
1289 2000 1499 2061 χρυσοῦ
1548 1996 1736 2053 παντὸς
1795 2012 1872 2044 τι-

269 2084 520 2150 μιὼτερον
579 2081 790 2148 ἔχοντος
859 2082 1050 2147 στόμα,
1111 2079 1345 2130 Ἰωάννου
1402 2086 1494 2130 τοῦ
1547 2082 1701 2143 πάνυ,
1762 2088 1870 2142 τοῖς

273 2167 496 2226 ζητοῦσι
552 2169 618 2217 τὰ
673 2166 929 2218 κάλλιστα
984 2169 1298 2239 καθορᾶταυ
1354 2170 1380 2218 6
1438 2173 1527 2239 μεν
1588 2172 1690 2241 γὰρ
1739 2171 1872 2230 θεῖος

273 2253 537 2316 Βασιλειος
578 2259 673 2312 την
728 2259 937 2326 μνήμην
981 2263 1080 2304 τῶν
1125 2253 1285 2324 ἁγίων
1329 2256 1464 2306 οὑτω
1507 2264 1616 2317 πῶς
1659 2276 1849 2329 παριισ

270 2344 383 2414 άγει
443 2342 645 2414 λέγων·
720 2342 810 2395 Ἰν’
885 2343 1110 2414 εῦρωμεν
1173 2343 1307 2394 ἔλεον
1374 2351 1463 2396 καὶ
1519 2348 1681 2416 χάριν
1744 2349 1875 2417 μετὰ

272 2434 472 2483 πάντων
532 2440 630 2482 τῶν
685 2430 842 2502 ἁγίων
910 2434 1170 2504 Πατάρων,
1215 2438 1570 2506 προπατίρων,
1631 2439 1720 2485 καὶ
1773 2444 1873 2485 τῶν

271 2520 392 2581 ἐςῆς
449 2522 656 2571 πάντων
707 2516 966 2572 δικαίων·
1022 2522 1048 2570 6
1105 2516 1164 2572 δὲ
1213 2521 1627 2595 χρυσοῤῥήμων,
1682 2523 1746 2582 ὡς
1793 2529 1875 2593 γε,

270 2629 524 2681 γραπται,
568 2614 658 2660 καί
707 2610 834 2681 ὑπὲρ
881 2609 1048 2660 αὐτῶν
1093 2605 1297 2660 δικαιοῖ
1345 2613 1733 2685 προσφέρεσθαι
1782 2618 1874 2670 τὴν

275 2699 460 2750 θυσίαν
513 2699 645 2767 (34).
705 2704 806 2750 Καὶ
858 2697 1109 2758 εἰχότως’
1169 2703 1226 2749 οὺ
1265 2702 1366 2772 γὰρ
1413 2699 1537 2772 ὑπερ
1570 2700 1874 2774 ἁμαρτολών

273 2792 422 2858 μόνον
470 2790 530 2839 τὸ
579 2788 711 2858 αἷμα
757 2787 959 2857 εξὶχεεν
1008 2788 1034 2836 6
1079 2791 1280 2858 Ποιμήν
1331 2789 1356 2838 6
1396 2787 1570 2851 καλὸς,
1604 2794 1693 2840 καί
1717 2791 1876 2841 θυσία

1767 2877 1873 2929 ἀλλ’

271 2961 376 3021 ἤδη
437 2963 531 3015 καὶ
573 2965 700 3035 ὑπὲρ
759 2963 924 3014 αὐτῶν
975 2971 1076 3014 τῶν
1125 2960 1378 3015 δικαίων⁸
1434 2965 1492 3016 οὐ
1549 2967 1650 3040 γάρ
1711 2970 1872 3030 εστιν,

273 2885 341 2945 τῷ
405 2880 580 2948 Πατρί
642 2875 710 2934 εἰς
771 2874 1100 2945 καταλλαγὴν
1175 2879 1370 2926 τούτων
1442 2881 1690 2946 γέγονεν,

1973 591 2080 630 ceu
2101 574 2402 630 invocatio
2418 574 2619 630 habet.
2631 576 2744 632 Sed
2762 591 3023 646 magnus
3040 573 3294 629 Basilius
3309 572 3442 628 loco
3462 573 3618 629 illius

1973 662 2271 732 μεταϐαλών
2305 663 2518 733 Spiritu
2566 668 2774 719 sancto
2823 668 2946 728 tuo,
2991 662 3231 734 posuit:
3263 661 3365 732 qui
3391 661 3620 716 eﬂ‘usus

1973 755 2066 806 est
2091 767 2201 822 pro
2225 751 2433 805 mundi
2463 751 2600 807 vita.
2634 755 2760 807 Haec
2795 757 2996 808 autem
3050 752 3202 805 inter
3247 765 3309 804 se
3361 765 3482 804 non
3530 750 3621 805 di-

1974 845 2282 912 screpant;
2315 839 2412 894 ille
2458 840 2618 895 enim
2657 841 3161 912 (Chrysostomus)
3199 839 3622 910 proprietatem

1972 928 2189 983 viviﬁci
2208 928 2455 999 Spiritus
2477 928 2750 984 indicans
2769 929 3006 1000 scripsit
3029 944 3041 990 ;
3066 927 3383 998 deiloquus
3414 932 3619 982 autem

1977 1017 2274 1088 (Basilius)
2303 1033 2489 1072 unam
2539 1017 2940 1090 eamdemque
2979 1017 3301 1072 essentiam
3331 1019 3388 1071 et
3415 1031 3623 1087 opera-

1973 1107 2220 1169 tionem,
2285 1121 2394 1160 nec
2444 1110 2499 1160 et
2557 1106 2930 1162 voluntatem
2985 1121 3055 1161 ac
3117 1106 3397 1160 virtutem
3442 1105 3621 1160 Trini-

1975 1196 2113 1251 tatis
2143 1193 2550 1258 demonstrat;
2592 1195 3079 1266 cooperationem
3108 1193 3625 1248 transmutationis

1979 1283 2134 1339 Patri
2154 1298 2459 1352 regerens.
2493 1282 2754 1354 Indeque
2778 1288 3026 1354 uterque
3060 1281 3439 1353 comprobat,
3461 1297 3624 1354 quae-

1976 1386 2216 1442 cunque
2264 1370 2436 1426 Pater
2480 1377 2780 1441 operatur,
2829 1370 2931 1425 illa
2976 1370 3189 1425 eadem
3228 1373 3284 1424 et
3329 1369 3539 1425 Filium
3569 1374 3627 1426 et

1979 1460 2262 1532 Spiritum
2294 1464 2569 1514 sanctum
2597 1460 2831 1530 operari
2861 1477 2874 1513 :
2918 1464 2975 1514 et
3013 1473 3396 1531 quaecunque
3427 1458 3622 1529 Filius,

1977 1548 2190 1604 eadem
2220 1553 2277 1603 et
2312 1551 2543 1606 Patrem
2593 1554 2647 1604 et
2694 1549 3102 1604 Paracletum:
3149 1554 3206 1602 et
3247 1563 3628 1620 quaecunque

1979 1636 2340 1700 Paracletus,
2355 1636 2570 1690 eadem
2584 1641 2640 1690 et
2655 1639 2886 1691 Patrem
2905 1643 2960 1690 et
2980 1635 3359 1704 Unigenitum
3383 1636 3628 1691 .Deinde

1977 1728 2168 1782 oratio
2198 1731 2338 1797 post
2364 1725 2706 1780 divinorum
2737 1725 3039 1780 donorum
3073 1727 3481 1780 ostensionem
3510 1725 3630 1780 dici

1978 1814 2171 1882 solita,
2210 1830 2346 1885 qua:
2379 1819 2434 1868 et
2462 1815 2594 1886 ipsa
2642 1813 2945 1885 duplicem
2985 1813 3166 1868 habet
3203 1812 3629 1883 signiﬁcatum,

1979 1919 2196 1975 nempe
2237 1907 2293 1957 et
2335 1902 2502 1957 illum
2545 1903 2718 1971 juxta
2762 1909 3023 1957 mentem
3071 1903 3276 1969 magni
3307 1901 3522 1970 Basilii,
3569 1907 3627 1958 et

1980 1992 2164 2047 alium
2195 1991 2401 2060 magni
2426 1992 2671 2046 Joannis
2700 1990 3038 2062 prtetiosius
3067 1991 3232 2045 omni
3258 2005 3406 2045 auro
3433 2006 3500 2045 os
3524 1991 3630 2046 ha-

1979 2080 2177 2136 bentis
2203 2099 2220 2147 ;
2256 2086 2319 2134 ut
2344 2080 2576 2134 curiose
2604 2079 3013 2135 scrutantibus
3036 2079 3270 2149 egregie
3292 2079 3629 2151 apparebit.

1981 2173 2129 2225 Nam
2155 2169 2330 2223 divus
2364 2168 2615 2222 Basilius
2664 2173 3014 2223 sanctorum
3043 2168 3399 2222 memoriam
3429 2169 3511 2223 ita
3538 2168 3629 2223 in-

1981 2257 2147 2312 ducit
2204 2257 2410 2311 dicens
2452 2273 2467 2310 :
2513 2259 2582 2312 Ut
2634 2256 3012 2311 inveniamus
3045 2255 3522 2311 misericordiam
3570 2262 3628 2312 et

1983 2345 2238 2415 gratiam
2267 2361 2406 2400 cum
2429 2346 2652 2400 sanctis
2672 2345 2964 2411 Patribus,
2996 2344 3374 2416 patriarchis,
3403 2348 3461 2400 et
3489 2361 3631 2400 cun-

1984 2434 2091 2489 ctis
2125 2434 2412 2505 deinceps
2456 2434 2655 2504 justis.
2707 2433 3173 2504 Chrysostomus
3204 2438 3425 2499 autem,
3458 2438 3524 2489 ut
3550 2433 3630 2489 ibi

1983 2523 2274 2594 scriptum
2296 2526 2404 2587 est,
2430 2523 2610 2577 etiam
2626 2537 2732 2593 pro
2750 2522 2894 2593 ipsis
2915 2537 3159 2594 aequum
3177 2521 3412 2591 judicat
3432 2522 3634 2578 offerri

1984 2610 2367 2666 sacriﬁcium.
2401 2611 2462 2665 Et
2491 2610 2705 2664 merito
2736 2628 2747 2675 ;
2792 2624 2988 2681 neque
3021 2610 3182 2664 enim
3211 2625 3322 2682 pro
3357 2615 3636 2680 peccato-

1984 2699 2150 2753 ribus
2179 2703 2414 2753 tantum
2474 2697 2835 2766 sanguinem
2877 2698 3029 2752 fudit
3077 2699 3286 2752 Pastor
3325 2699 3546 2766 bonus,
3577 2704 3636 2755 et

1985 2787 2244 2842 hostiam
2272 2802 2332 2841 se
2356 2785 2509 2841 Patri
2542 2785 2622 2840 ob
2647 2785 2865 2840 horum
2887 2785 3432 2842 reconciliationem
3458 2786 3637 2843 obtu-

1983 2877 2068 2943 lit,
2087 2876 2192 2931 sed
2209 2891 2318 2948 pro
2341 2875 2487 2947 ipsis
2509 2891 2753 2947 quoque
2772 2874 2969 2944 justis.
2995 2877 3121 2929 Non
3145 2875 3307 2929 enim
3344 2879 3454 2941 est,
3487 2891 3636 2938 non,

1987 2965 2262 3036 inquam,
2308 2969 2413 3031 est,
2455 2965 2558 3034 qui
2604 2964 2781 3031 vivet,
2827 2970 2883 3017 et
2928 2978 3050 3018 non
3078 2964 3368 3034 peccabit,
3402 2963 3639 3020 etiamsi

271 3053 360 3104 οὐκ
386 3056 531 3104 ἔστιν
575 3052 631 3109 ὃς
684 3051 905 3112 ζὸσεται
955 3051 1045 3103 καί
1093 3052 1197 3123 οὐχ
1246 3052 1562 3125 ἁμαρτήσει,
1596 3051 1716 3105 σύδ⁹
1747 3055 1806 3105 ἆν
1834 3064 1877 3115 εἰ
1907 3089 1948 3145 C

1989 3054 2168 3108 unius
2199 3053 2316 3107 diei
2347 3052 2468 3107 vita
2485 3053 2613 3122 ejus
2662 3051 2869 3106 fuerit:
2899 3051 3034 3107 ideo
3078 3067 3220 3122 ergo
3249 3053 3391 3124 quia
3422 3069 3636 3110 omnes

273 3149 366 3213 μία
414 3143 589 3214 ἡμέρα
636 3143 666 3198 η
712 3141 818 3200 ζωὴ
869 3143 1030 3192 αὐτοῦ
1200 3141 1302 3193 ἔχει
1342 3138 1401 3193 δε
1431 3143 1708 3195 ὑπεύθυνοι
1751 3147 1879 3196 πάν·

274 3250 368 3296 τες,
420 3233 554 3304 ὑπὲρ
606 3231 811 3281 πάντων
870 3227 1158 3282 ἀπέθανεν’
1231 3231 1309 3282 ὅτι
1365 3230 1454 3281 καί
1501 3233 1548 3282 οὶ
1614 3236 1713 3304 πρὸ
1786 3240 1877 3284 τοῦ

278 3327 509 3392 σταυροῦ
558 3322 743 3378 πάντες
790 3321 845 3370 εκ
887 3325 980 3379 τῆς
1029 3326 1120 3370 τοῦ
1174 3319 1588 3391 πρωτοπλάστου
1643 3320 1878 3393 παραϐά-

280 3427 405 3469 σεως
473 3406 566 3458 καὶ
625 3415 724 3457 τῶν
783 3411 1202 3480 προσγινομένων
1261 3407 1424 3458 ἄλλων
1488 3417 1662 3460 κακῶν
1727 3412 1880 3462 ὑπευ-

280 3497 419 3548 θυνοι
478 3498 794 3566 ετυγχανον,
862 3495 952 3546 καὶ
1010 3491 1223 3566 δέσμιοι
1283 3505 1357 3566 τῷ
1426 3498 1648 3567 Θανάτῳ.
1716 3497 1880 3550 Ἀλλ’-

277 3581 397 3636 οὖδε
463 3589 622 3655 νόμος
676 3588 940 3644 Μωυσέως
1005 3587 1123 3635 τινὰ
1180 3587 1374 3635 τούτων
1437 3585 1744 3639 ὶτελιίωσεν.
1799 3587 1881 3647 Εἷς

279 3671 362 3726 οὖν
406 3680 527 3726 τοτε
574 3673 701 3749 ὑπέρ
749 3676 954 3726 πάντων
1000 3673 1270 3728 ἀπέθανεν.
1310 3679 1408 3726 Τὸν
1453 3676 1607 3727 αὐτὸν
1641 3673 1699 3728 δὲ
1731 3678 1882 3729 θάνα-

277 3783 360 3815 τον
415 3764 509 3815 χαί
566 3767 660 3821 τὴν
725 3761 1012 3814 ἀνάστασιν
1075 3763 1424 3836 ὁμολογοῦμεν
1478 3766 1600 3836 ορᾴν
1651 3762 1745 3816 διὰ
1783 3774 1883 3816 τῶν

277 3855 622 3924 μυστηρίων
681 3852 852 3902 πάντα
909 3847 1068 3908 δῆλον
1115 3851 1204 3902 καὶ
1251 3858 1340 3902 νυν
1409 3851 1701 3923 πληροῦται
1776 3859 1886 3913 τοῖς

277 3939 387 3990 κατ’
429 3939 582 4002 ἀξίαν
606 3943 1013 4014 προσφέρουσιν,
1058 3942 1159 3992 ὅσα
1179 3946 1271 3991 τοῦ
1299 3943 1412 3990 τότε
1433 3949 1638 4009 καιροῦ.

346 4028 449 4082 ιϐ’.
519 4027 622 4079 Καὶ
677 4034 747 4100 μη
805 4048 879 4088 τις
930 4027 1135 4100 λεγέτω,
1181 4028 1588 4090 Πὼςᾶναὺτοίς
1614 4028 1884 4104 ἀρχιερεῦ-

280 4136 358 4167 σιν
405 4120 516 4169 ενὸν
565 4116 691 4188 ὑπερ
751 4121 1000 4168 τοιούτων
1058 4121 1345 4189 μεσιτεύειν
1393 4117 1554 4189 ἁγίων
1581 4123 1738 4186 (35);
1773 4121 1887 4172 Μά-

283 4275 840 4358 Hierosolymorum
870 4277 1246 4358 patriarchge,
1274 4278 1377 4358 ubi
1402 4278 1477 4335 de
1520 4278 1642 4358 hoc
1689 4295 1961 4358 sacra-1)

283 4353 485 4403 mento
517 4348 716 4423 agitur
744 4349 826 4420 (p.
867 4350 984 4417 167)
1016 4351 1098 4405 ita
1119 4349 1487 4423 afﬁrmatur:
1515 4354 1657 4423 Μετὰ
1695 4354 1761 4402 τὰ
1787 4352 1879 4423 ῥή-

282 4438 422 4489 ματα
459 4428 635 4470 ταῦτα
677 4421 706 4477 η
749 4425 1096 4491 μετουσίωσις
1143 4421 1746 4490 (transubstantiatio)
1787 4421 1882 4474 πα-

282 4493 468 4563 ρευθὺς
516 4495 751 4560 γίνεται·
806 4492 895 4542 καί
945 4491 1194 4544 ἀλλάσσει
1240 4494 1266 4566 6
1309 4494 1462 4566 ἄρτος
1510 4493 1578 4566 εἰς
1621 4497 1678 4566 τὸ
1705 4493 1886 4550 ἀληθι-

283 4566 364 4634 νρν
394 4571 551 4634 σῶμα
581 4569 675 4634 τοῦ
707 4569 943 4634 Χριστοῦ
974 4570 1081 4617 etc.
1118 4565 1382 4634 Denique
1411 4565 1579 4620 tertia
1617 4565 1885 4621 Orienta-

285 4631 386 4706 lis_
420 4631 701 4706 Ecclesia
757 4631 1062 4706 confessio
1114 4650 1234 4706 seu
1285 4631 1601 4706 apologia,
1643 4643 1886 4691 auctore

287 4703 975 4780 Gabrieleumetropolita
1025 4703 1547 4780 PhiladelphienSi,
1603 4723 1662 4778 p.
1722 4711 1757 4780 4
1813 4711 1887 4780 (et

285 4791 443 4846 saepe
493 4774 663 4847 alibi)
693 4774 806 4829 ed.’
850 4775 1032 4830 Paris.
1089 4774 1542 4847 utitur—pariter
1586 4774 1888 4834 vocabulo

284 4845 986 4918 tra’nssubsfuntiationis
1016 4861 1039 4901 .'
1071 4849 1216 4899 Κατά
1245 4845 1617 4918 μετουσίωσιν,
1644 4851 1764 4900 ὅταν
1796 4854 1888 4907 τήν

285 4914 424 4991 ἰδίαν
475 4915 771 4991 ,ἀποϐάλλῃ
849 4917 1080 4991 ἅπασαν.
1131 4914 1314 4971 οὐσίαν
1381 4928 1475 4979 τῆς
1539 4914 1886 4991 ψωμότητος,

283 4990 369 5040 καί
443 4989 518 5049 εἰς
605 4987 781 5064 σαρκα
857 4989 948 5040 καί
1020 4987 1152 5062 αἷμα
1222 4997 1452 5063 Χριστοῦ
1515 4987 1888 5063 μετουσιωθῇ,

282 5061 393 5116 Sed
433 5060 511 5116 de
544 5060 662 5116 hac
677 5060 751 5116 're
780 5060 1323 5131 praeclare'diuque
1352 5060 1680 5117 Richardus
1703 5060 1890 5119 Simo-

282 5132 414 5186 nius
444 5133 507 5186 in
530 5133 693 5188 notis
724 5131 1101 5187 uberioribus
1123 5133 1200 5188 ad
1223 5131 1576 5190 Gabrielem.
1602 5136 1891 5190 Caeterum

281 5203 445 5274 quod
476 5204 561 5259 ait
590 5202 959 5272 Anglicanus
983 5203 1230 5260 Cavaeus
1254 5212 1363 5260 art.
1398 5206 1777 5260 Innocentius
1799 5206 1890 5260 III

282 5275 358 5329 ab
395 5276 512 5330 hoc
544 5289 714 5346 papa
742 5281 1142 5330 monstrosum
1192 5277 1891 5332 lranssubstantiationis

279 5347 633 5419 ﬁgmean
663 5347 817 5419 inter
844 5346 986 5401 ﬁdei
1016 5347 1297 5403 articulos
1324 5348 1508 5403 fuisse
1538 5351 1888 5419 repositum,

283 5432 440 5491 nunc
459 5417 748 5491 videmus
769 5416 834 5491 in
854 5419 1035 5491 citato
1058 5419 1206 5473 Petri
1230 5420 1503 5475 Damiani
1525 5416 1652 5491 (qui
1671 5416 1890 5491 saeculo

283 5488 467 5545 ferme
498 5505 572 5545 ac
599 5488 854 5544 dimidio
880 5490 1079 5545 senior
1099 5497 1208 5553 est)
1229 5505 1291 5545 n.
1314 5497 1369 5558 7,
1402 5498 1460 5546 et
1484 5488 1892 5558 “(vocabula

285 5561 1718 5631 transubstantiatio,ettransubsantiareBecole
1731 5562 1893 5619 dicta

283 5631 396 5688 hoc
427 5638 647 5689 nostro
694 5631 1007 5689 volumine
1043 5648 1108 5705 p,
1157 5637 1282 5690 449.
1325 5637 1540 5708 (supra
1597 5636 1710 5692 σοι.
1738 5635 1889 5707 419.)

1986 3142 2252 3209 obnoxii,
2275 3157 2384 3213 pro
2419 3141 2706 3196 omnibus
2749 3146 3026 3196 mortuus
3049 3147 3154 3196 est.
3193 3144 3341 3197 Nam
3359 3147 3416 3198 et
3435 3142 3668 3215 illiqui’

1987 3237 2126 3288 ante
2191 3245 2432 3286 crucem
2492 3230 2846 3284 exstiterunt
2910 3231 3230 3292 omnes,ob
3290 3230 3644 3304 protoplasti

1987 3320 2548 3390 transgressionem,
2604 3324 2662 3374 et
2705 3319 3191 3390 supervenientia
3229 3319 3347 3376 alia
3371 3326 3641 3392 peccata,

1988 3409 2233 3465 obnoxii
2289 3415 2477 3471 erant,
2549 3413 2606 3462 et
2665 3409 2842 3462 morti
2896 3407 3103 3464 dediti.
3171 3408 3284 3464 Sed
3318 3424 3512 3481 neque
3548 3410 3647 3467 lex

1990 3498 2204 3569 Moysis
2233 3511 2608 3569 quemquam
2656 3496 2876 3551 borum
2899 3496 3267 3566 justiﬁcavit.
3305 3499 3469 3553 Unus
3501 3503 3646 3554 tunc

1989 3588 2169 3656 igitur
2198 3601 2306 3658 pro
2339 3585 2624 3640 omnibus
2675 3590 2950 3640 mortuus
2997 3590 3104 3640 est.
3128 3586 3419 3642 Eamdem
3462 3603 3645 3660 porro

1991 3681 2247 3732 mortem
2271 3690 2340 3730 ac
2360 3674 2858 3729 resurrectionem
2877 3673 3233 3730 conﬁtemur
3252 3677 3647 3748 contemplari

1993 3766 2055 3820 in
2082 3763 2401 3834 mysteriis,
2430 3767 2610 3832 atque
2641 3763 2848 3818 omnia
2889 3778 3051 3817 nunc
3076 3763 3325 3835 perinde
3359 3764 3649 3837 compleri

1993 3851 2370 3924 exploratum
2417 3856 2505 3905 est
2556 3849 2634 3904 ab
2687 3850 2757 3904 iis
2810 3851 2914 3921 qui
2942 3849 3124 3919 digne
3148 3850 3425 3917 oﬂerunt,
3469 3858 3652 3925 prout

1993 3936 2094 3992 illo
2123 3941 2394 4007 tempore
2424 3938 2628 3990 actum
2655 3933 2780 3989 fuit.

2064 4030 2154 4082 28.
2205 4028 2320 4081 Nec
2364 4025 2693 4096 quisquam
2723 4023 2918 4080 dicat:
2967 4025 3287 4090 Quomodo
3325 4026 3475 4098 ipsis
3517 4027 3648 4099 epi-

1996 4118 2194 4189 scopis
2218 4115 2357 4170 licat
2385 4130 2496 4186 pro
2517 4113 2736 4170 talibus
2764 4115 2987 4171 sanctis
3014 4115 3422 4172 intercedere?
3452 4117 3650 4172 Enim-

2071 4278 2184 4349 (32)
2228 4275 2400 4330 Hunc
2446 4289 2690 4346 quoque
2741 4276 2944 4331 locum
2985 4275 3128 4331 citat
3155 4291 3229 4332 ex
3255 4293 3371 4332 ms.
3403 4276 3654 4333 Allatius

1998 4352 2085 4406 De
2100 4349 2481 4418 purgatorio,
2517 4361 2578 4417 p.
2611 4349 2729 4418 108.

2070 4415 2186 4492 (33)
2228 4415 2323 4492 Ἰζᾶ
2360 4415 2596 4473 codices
2637 4415 2777 4492 duri,
2821 4416 3657 4492 cujuslocomihivideretur

2001 4489 2391 4547 scribendum
2423 4493 2705 4560 npé,an_le.
2742 4489 2970 4560 Etenim
2997 4489 3056 4543 in
3101 4489 3467 4545 editionibus
3498 4495 3657 4546 certe

2001 4564 2199 4618 missas
2255 4558 2470 4633 sancti
2507 4558 2703 4613 Basilii
2765 4574 2888 4613 non
2932 4559 3153 4614 desunt
3197 4561 3384 4633 verba
3431 4561 3656 4633 μεταϐα-

1999 4635 2096 4687 λὼν
2151 4640 2286 4693 etc.,
2334 4630 2439 4685 sed
2468 4635 2932 4701 postponuntur.
2961 4636 3036 4685 At
3083 4636 3285 4686 noster
3309 4630 3658 4688 Theodorus

1999 4707 2171 4762 aliter
2215 4720 2280 4758 se
2328 4702 2540 4776 legisse
2593 4702 2999 4776 demonstrat,
3043 4702 3105 4757 id
3165 4708 3257 4757 est
3307 4704 3533 4759 omisso
3584 4713 3659 4776 τῷ

2002 4781 2265 4848 Πνεύματι
2312 4771 2556 4848 τῷίὰγίω
2604 4771 3106 4848 quandoquidem
3146 4789 3290 4830 mox
3319 4771 3660 4848 conversio-

1999 4829 2092 4905 nis
2119 4829 2479 4902 miraculum
2512 4829 2663 4898 Patri
2686 4829 2908 4898 tribuit.
2942 4829 3481 4901 Judicentieruditi.

2072 4922 2185 4990 (34)
2218 4917 2319 4972 Hic
2375 4915 2626 4990 in_cod.
2687 4917 2812 4990 430,
2868 4913 2922 4990 gf.
2959 4920 3108 4990 lli‘z,
3164 4917 3224 4983 b,
3277 4932 3389 4972 nec
3433 4931 3558 4990 non
3598 4917 3662 4973 in

1999 4986 2207 5047 codice
2260 4992 2384 5054 856,
2440 4986 2480 5042 f.
2538 4990 2662 5051 335,
2721 4987 2784 5051 b,
2844 4986 3219 5043 desideratur
3265 4988 3662 5045 nonullorum

1998 5077 2284 5118 versuum
2325 5057 2834 5132 comm_a;__quod
2872 5074 3012 5114 cum
3043 5075 3189 5132 casu
3229 5062 3663 5132 comperissem

2000 5132 2235 5213 recitari
2252 5148 2322 5186 ex
2345 5129 2556 5213 ms.‘ab
2575 5129 3016 5213 Allatio‘contra
3031 5129 3443 5213 preygtondm
3463 5137 3662 5213 p.519,

2001 5205 2222 5260 recurri
2249 5201 2472 5275 egoad
2506 5216 2671 5275 meos
2698 5200 2956 5275 codices,
2989 5200 3172 5274 idque
3201 5200 3416 5275 reapse
3458 5200 3664 5259 inveni

2000 5278 2060 5332 in
2094 5276 2224 5331 solo
2255 5271 2459 5330 cOdice
2492 5277 2594 5328 632
2622 5271 2662 5326 f.
2694 5274 2747 5333 9.
2779 5272 2840 5327 b.

2071 5348 2190 5419 (35)
2215 5345 2391 5419 Quod
2415 5345 2624 5419 attinet
2674 5343 2779 5419 ad__
2805 5359 3035 5415 preces,
3067 5345 3382 5419 quasipro
3417 5348 3661 5419 sanctis,

2001 5419 2064 5474 in
2083 5414 2334 5486 liturgia
2362 5415 2692 5489 praesertim
2724 5414 3131 5489 Chrysostomi
3155 5414 3433 5489 scriptas,
3452 5418 3665 5489 audia-

2001 5496 2099 5546 tur
2117 5486 2488 5559 Augustinus
2509 5487 2738 5560 mentisi
2758 5486 3032 5542 EcClesiaa
3059 5486 3360 5560 legitimus
3381 5487 3666 5559 explana-

2003 5567 2096 5618 tor
2152 5562 2212 5616 in
2261 5561 2432 5617 Joan.
2487 5564 2662 5614 tract.
2721 5559 2979 5631 LXXXIV,
3031 5559 3290 5616 1:’Ideo
3331 5561 3552 5631 quippe
3587 5561 3669 5618 ad

2003 5636 2198 5706 ipsam
2227 5647 2494 5690 mensam
2527 5646 2650 5687 non
2678 5630 2762 5687 sic
2785 5635 3089 5702 martyres
3114 5630 3666 5699 commeinoramus,
