4468 6440
883 403 989 459 4ὄὸ

2145 399 2502 458 THEODORI
2538 400 2847 458 ANDIDEN
2857 399 2963 459 SIS

4141 409 4247 465 456

886 540 1051 593 vero,
1073 524 1347 597 inquam,
1368 521 1662 596 quoniam
1682 518 1850 590 digni
1875 519 2012 576 facti
2035 525 2194 591 sunt,
2225 526 2292 579 ut
2327 524 2537 596 magni
2564 525 2610 580 A
2647 525 2650 534 ⁴

2485 524 2537 581 ni
2564 525 2610 580 A
2647 525 2804 578 λιστα
2849 529 2939 599 μεν
2984 523 3070 580 οὖν
3118 533 3228 590 τοῖς
3277 527 3457 598 ἀξίοις,
3504 530 3568 589 ὡς
3597 531 3654 581 τὸ
3683 536 3773 582 τοῦ
3802 529 4026 602 μεγάλου
4067 530 4249 606 ἀρχιε-

887 613 1184 687 pontiﬁcis
1224 627 1548 685 personam
1598 613 1827 680 gerant,
1881 609 1945 664 id
1973 610 2102 666 fieri
2139 615 2352 684 potest.
2387 617 2538 671 Nam

887 707 945 758 et
973 701 1241 774 alioquin
1265 700 1381 766 isti,
1412 715 1548 773 quin
1585 699 1835 772 quidem
1874 713 1947 754 ex
1995 715 2254 772 persona
2291 701 2540 774 propria

887 791 1094 847 dicunt
1137 790 1232 846 vel
1256 794 1444 861 agunt
1465 789 1527 845 in
1569 787 1773 844 divina
1813 786 2077 860 liturgia,
2109 789 2270 846 velut
2290 795 2539 863 accepta

888 879 966 935 ab
994 878 1342 935 hominibus
1367 878 1733 948 auctoritate;
1763 886 1828 938 ut
1866 879 2132 952 episcopi
2159 878 2427 936 factitare
2457 879 2539 934 vi-

887 967 1131 1036 dentur;
1147 966 1244 1024 illa
1261 972 1464 1024 tamen
1486 983 1623 1040 qua:
1647 985 1829 1042 supra
1845 967 2108 1026 hominis
2132 968 2537 1024 conditionem

887 1055 1190 1125 exhibent,
1225 1055 1388 1112 velut
1415 1056 1679 1128 hymnos
1705 1058 2061 1114 cherubicos
2094 1072 2164 1113 ac
2191 1056 2538 1129 seraphicos

888 1150 944 1201 et
969 1145 1089 1202 alia
1108 1145 1337 1214 omnia,
1377 1145 1584 1218 utique
1629 1147 1760 1203 haec
1802 1153 2020 1220 praeter
2047 1147 2316 1218 ipsorum
2342 1145 2539 1216 digni-

888 1237 1096 1302 tatem,
1128 1238 1257 1290 tum
1297 1235 1455 1291 elata
1484 1240 1613 1290 tum
1645 1235 1956 1291 submissa
1993 1250 2136 1291 voce
2163 1235 2541 1306 pronuntiari

887 1321 966 1378 ab
987 1322 1071 1378 eis
1115 1326 1370 1394 constat,
1419 1323 1570 1380 sicut
1622 1339 1882 1394 magnus
1932 1337 2176 1396 quoque
2223 1323 2541 1395 Dionysius

887 1411 1262 1468 manifestius
1319 1411 1498 1468 nobis
1539 1412 1705 1468 sistit.
1755 1417 1809 1468 is
1855 1414 2017 1469 enim
2061 1415 2332 1468 nostram
2381 1412 2540 1467 hanc

887 1501 1158 1558 divinam
1177 1501 1479 1571 liturgiam
1508 1502 1586 1558 ad
1615 1503 2010 1558 imitationem
2048 1501 2174 1557 ﬁeri
2206 1501 2540 1557 cmlestium

887 1595 1275 1663 potestatum.
1300 1594 1354 1647 et
1375 1591 1658 1646 ordinum
1681 1591 1943 1656 illorum,
1987 1604 2249 1662 quorum
2278 1590 2539 1659 ﬁguram

888 1683 1104 1750 gerunt
1133 1679 1285 1735 sacri
1312 1679 1590 1749 ministri,
1641 1679 1740 1735 alii
1779 1679 2029 1752 quidem
2061 1679 2319 1751 primam
2354 1677 2538 1733 sortiti

887 1770 1204 1826 stationem
1237 1773 1294 1825 et
1330 1768 1624 1832 ordinem,
1665 1768 1766 1825 alii
1818 1769 2179 1836 secundum,
2206 1772 2263 1824 et
2293 1769 2376 1822 sic
2401 1767 2539 1823 reli-

2647 618 2770 687 ρέως
2817 619 3030 690 φέρουσι
3083 619 3385 690 πρόσωπον,
3431 617 3525 669 ούκ
3574 613 3871 670 ἀδύνατον·
3931 624 4021 671 καὶ
4082 620 4249 680 ἄλλως

2650 699 2699 754 δ’
2741 704 2884 756 οὗτοι
2922 707 2988 757 τὰ
3025 708 3114 777 μεν
3162 715 3260 758 τῶν
3303 706 3425 777 παρ’
3475 710 3649 769 αὐτοῖς
3695 706 3974 780 λεγομένων
4020 709 4049 766 ἡ
4080 727 4247 783 πρατ-

2650 796 2868 864 τομένων
2943 793 2992 845 έν
3071 803 3132 867 τῇ
3213 797 3324 866 θείᾳ
3401 797 3663 869 ἱερουργίᾳ
3725 800 3793 858 ως
3849 795 3900 859 ἐξ
3963 796 4244 871 ἀνθρώπων

2647 881 3021 955 λαμϐανόμενοι
3096 883 3356 959 ἀρχιερεῖς
3428 893 3591 938 ποιεῖν
3667 892 3978 958 φαίνονται·
4055 889 4120 939 τά
4185 883 4245 939 δὲ

2649 970 2774 1043 ὑπὲρ
2846 973 3113 1046 ἄνθρωπον
3183 977 3447 1045 πεφυκότα
3512 978 3886 1048 προσφέρουσι,
3951 977 4069 1035 τούς
4142 993 4244 1046 χε-

2647 1058 2928 1133 ρουϐικούς
2984 1066 3072 1113 καὶ
3125 1066 3434 1134 σεραφικούς
3479 1062 3691 1134 ὕμνους,
3738 1068 3826 1115 καὶ
3865 1061 4029 1115 τᾶλλα
4074 1065 4247 1115 πάντα

2650 1151 2750 1200 ὅσα
2814 1149 2939 1223 ύπερ
2997 1155 3091 1208 τὴν
3159 1150 3350 1203 ἑαυτῶν
3419 1150 3566 1214 ἀξίαν
3629 1151 3965 1223 ἐπιφωνοῦντες
4027 1153 4056 1210 ἣ
4127 1151 4244 1203 καθ’

2651 1237 2862 1300 ἑαυτούς
2945 1237 3166 1300 ἓπιόντες
3233 1236 3575 1292 δείκνυνται·

2651 1329 2916 1387 Διονύσιος
2983 1324 3347 1404 ἀριδηλότερον
3421 1334 3740 1404 παρίστησιν
3807 1330 3974 1399 (36)·

2648 1419 2749 1490 γάρ
2794 1420 2887 1474 τὴν
2935 1424 3206 1490 παροῦσαν
3266 1419 3402 1469 θείαν
3449 1417 3775 1492 λειτουργίαυ
3833 1422 3968 1470 κατά
4019 1423 4248 1491 μίμησιν

3642 1242 3780 1292 καθά
3840 1245 3930 1292 καὶ
3997 1243 4023 1292 6
4084 1245 4247 1313 μέγας

4061 1329 4247 1392 ἐκεῖνος

2652 1507 2781 1577 φησί
2833 1503 3094 1557 τελεῖσθαι
3144 1515 3244 1558 τῶν
3291 1505 3605 1581 ἐπουρανίων
3661 1504 3950 1579 δυνάμεων,
4005 1511 4094 1559 καὶ
4148 1515 4250 1558 τῶν

2650 1596 2928 1664 ταγμάτων
2989 1593 3227 1658 ἐκείνων,
3279 1596 3346 1645 ὧν
3401 1599 3559 1647 τύπον
3617 1599 3860 1670 φέρουσιν
3924 1598 3973 1647 οἰ
4024 1594 4254 1669 λειτουρ-

2650 1690 2872 1755 γοῦντες,
2930 1685 2977 1734 οἰ
3043 1686 3132 1754 μὲν
3189 1692 3280 1744 τῆς
3330 1690 3533 1758 πρώτης
3579 1684 3827 1755 λαχόντες
3873 1687 4105 1746 στάσεως
4161 1689 4253 1736 καὶ

2651 1771 2860 1836 τάξεως,
2918 1772 2967 1823 οἰ
3017 1769 3075 1824 δὲ
3123 1782 3212 1833 τῆς
3262 1770 3527 1847 δευτέρας,
3587 1779 3676 1825 καὶ
3723 1783 3822 1825 τῶν
3855 1773 3992 1836 ἑξῆς.
4036 1778 4134 1826 Καὶ
4163 1777 4252 1825 τόν

883 1875 1058 1932 quos.
1093 1863 1157 1916 Et
1189 1859 1517 1916 diaconum
1560 1859 1809 1931 quidem
1839 1858 2107 1931 appellat
2159 1859 2538 1930 expiantem;
2573 1841 2612 1894 Β

2489 1874 2538 1922 ις
2573 1841 2612 1894 Β
2652 1864 2740 1933 μὲν
2818 1857 3060 1913 διάκονον
3134 1862 3448 1934 καθαρτικόν
3514 1863 3778 1932 ὀνομάζει,
3838 1867 3924 1914 τόν
3994 1858 4051 1914 δε
4117 1865 4253 1935 ἱερεα

887 1948 1281 2015 sacerdotem,
1317 1948 1795 2015 illuminantem;
1831 1948 2203 2021 episcopum,
2227 1947 2542 2020 perﬁcien-

890 2042 1038 2094 tem.
1071 2038 1218 2093 Cum
1239 2038 1442 2110 itaque
1464 2037 1652 2094 verba
1675 2037 1884 2094 audies
1909 2054 1920 2091 :
1953 2061 1972 2086 ι
2001 2037 2214 2093 Adhuc
2231 2036 2541 2092 offerimus

888 2127 993 2182 tibi
1007 2127 1364 2184 rationalem
1378 2126 1607 2184 cultum
1623 2126 1807 2198 hunc,
1829 2131 1886 2183 et
1907 2127 2163 2184 aliorum
2195 2130 2543 2183 sanctorum

887 2216 1138 2272 nomina
1156 2217 1409 2288 mystice
1429 2215 1738 2272 submissa
1753 2231 1900 2272 voce
1919 2216 2403 2272 insusurrantem
2420 2214 2544 2287 epi-

891 2320 1142 2377 scopum
1153 2323 1170 2377 ,'
1202 2311 1258 2362 et
1278 2322 1420 2362 mox
1439 2305 1601 2362 clara
1631 2321 1774 2362 voce
1787 2305 2176 2362 clamantem:
2202 2327 2228 2355 »
2241 2304 2545 2377 Praecipue

889 2395 1807 2466 sanctissimm,immaculatae,et
1826 2411 1950 2468 prae
1969 2393 2196 2451 centeris
2212 2393 2544 2450 benedicta:

888 2484 1155 2540 Domina:
1176 2489 1397 2540 nostrae
1417 2485 1745 2557 Deiparaa,»
1769 2483 2013 2554 qualem
2036 2488 2459 2557 quantumque
2483 2487 2545 2539 tu

889 2572 1018 2629 haec
1052 2573 1351 2629 dicentem
1385 2589 1518 2630 csse
1566 2573 1916 2629 arbitraris?
1946 2573 2081 2630 Mihi
2114 2577 2268 2629 certe
2311 2572 2440 2628 haec
2473 2587 2546 2627 ex

889 2661 1128 2718 Domini
1150 2677 1408 2733 persona
1427 2661 1663 2717 videtur
1684 2662 2093 2734 pronuntiare.
2127 2665 2401 2733 Namque
2429 2659 2547 2716 alia

891 2751 1133 2822 inprece
1154 2750 1296 2806 dicit
1322 2767 1335 2804 :
1362 2773 1389 2801 ‹‹
1411 2753 1496 2806 Tu
1532 2750 1692 2806 enim
1713 2765 1776 2806 es
1799 2751 1904 2822 qui
1939 2749 2119 2806 offers
2141 2753 2198 2806 et
2237 2748 2467 2805 offerris
2489 2752 2550 2804 et

895 2840 1119 2912 excipis
1131 2844 1187 2895 et
1201 2839 1331 2896 das.
1352 2860 1378 2890 »
1392 2840 1484 2896 Sic
1496 2854 1639 2909 ergo
1651 2839 2116 2908 demonstratur,
2133 2838 2335 2911 ipsum
2350 2837 2546 2893 solum

893 2944 1094 2986 carere
1141 2933 1388 3001 peccato
1443 2928 1912 3000 theanthropum
1967 2927 2304 2996 Dominum,
2357 2929 2415 2982 et
2437 2941 2547 2998 pro

893 3018 1178 3075 omnibus
1224 3016 1573 3090 simpliciter
1611 3018 2006 3084 satisfecisse;
2040 3022 2096 3073 et
2129 3015 2229 3072 illa
2249 3016 2379 3087 ejus
2406 3020 2548 3072 tem-

892 3108 1056 3180 poris
1072 3112 1227 3171 acta,
1243 3107 1620 3179 passionem,
1641 3107 1918 3178 inquam,
1941 3106 2332 3178 sepulturam,
2353 3120 2548 3160 resur-

2653 1955 2987 2023 φωτιστικόν,
3042 1955 3128 2003 τόν
3188 1947 3246 2004 δε
3313 1951 3561 2026 ἀρχιερέα
3613 1951 3922 2006 τελεστικόν.
3979 1951 4142 2004 Ὀταν
4201 1948 4256 2004 δ’

2654 2038 2886 2113 ἀκούσῃς
2957 2044 3035 2108 τό,
3113 2039 3224 2094 Ἐτι
3298 2045 3654 2116 προσφέρομέν
3731 2061 3815 2093 σοι
3889 2045 3982 2100 τὴν
4042 2041 4255 2113 λογικὴν

2652 2128 2889 2202 λατρείαν
2955 2131 3170 2200 ταύτην,
3239 2134 3328 2181 καὶ
3395 2139 3493 2181 τῶν
3551 2133 3640 2202 μὲν
3698 2129 3860 2182 ἄλλων
3928 2130 4090 2202 ἀγίων
4165 2132 4258 2191 τάς

2653 2220 2861 2281 κλήσεις
2932 2229 3201 2292 μυστικῶς
3276 2221 3728 2294 ύποψιθυρίζοντα
3801 2224 3887 2272 τὸν
3960 2219 4254 2296 ἀρχιερέα,

2654 2309 2977 2382 ἐκφωνοῦντα
3043 2306 3101 2362 δὲ
3161 2313 3462 2385 τρανότερον
3523 2313 3601 2380 τὸ,
3679 2331 3700 2359 ε
3776 2309 4082 2385 Ἐξαιρέτως
4160 2318 4259 2370 τῆς

2653 2404 2912 2472 παναγίας
3013 2398 3269 2472 ἀκράντου
3383 2397 3862 2471 ύπερευλογημένης
3974 2404 4260 2460 Δεσποίνης

2659 2491 2800 2561 ἡμῶν
2833 2493 3110 2558 Θεοτόκου,
3172 2511 3200 2538 ››
3252 2491 3484 2541 ποταπὸν
3532 2485 3655 2540 εἶνοι
3709 2492 3790 2561 οἵη
3843 2491 3930 2540 τόν
3975 2496 4127 2541 τοῦτο
4181 2489 4260 2542 λέ-

2654 2596 2845 2651 γοντα;
2901 2577 3045 2650 Ἐμοὶ
3087 2574 3233 2629 δοκεῖ
3280 2577 3349 2639 ὠς
3386 2577 3440 2628 ἐκ
3495 2581 3780 2651 προσώπου
3820 2585 3974 2630 τοῦτο
4012 2576 4260 2649 λέγεσθαι

2655 2678 2746 2722 τού
2799 2673 2991 2744 Κυρίου
3016 2681 3030 2696 ⁶
3081 2666 3214 2739 λέγει
3259 2669 3360 2739 γάρ
3407 2665 3455 2717 ἐν
3498 2666 3647 2740 ἑτέρα
3690 2666 3824 2738 εὐχῇ
3852 2683 3864 2696 ·
3900 2688 3928 2717 ι‹
3959 2670 4024 2718 Σύ
4054 2669 4156 2739 γὰρ
4189 2665 4261 2726 εἷς

2656 2762 2958 2832 προσφέρων
3023 2761 3114 2808 καὶ
3193 2759 3654 2830 προσφερόμενος,
3731 2757 3756 2808 6
3831 2752 4262 2828 προσδεχόμενος

2655 2852 2745 2898 καὶ
2792 2842 3162 2916 διαδισόμενος
3192 2860 3204 2873 ⁸
3261 2866 3289 2893 ››
3351 2843 3412 2894 ἶν’
3457 2841 3542 2896 οὖν
3593 2841 3785 2916 δειχθῇ
3838 2847 3918 2896 ὃτι
3959 2847 4114 2916 μόνος
4167 2848 4262 2896 αύ-

2657 2940 2740 2996 τὸς
2793 2937 2932 2995 ἰκιιτός
2989 2937 3250 3006 άμαρτίας
3307 2934 3332 2984 ό
3391 2935 3716 3007 θεάνθρωπος
3779 2935 3989 3006 Κύριος,
4039 2937 4126 2985 καὶ
4179 2935 4264 2985 ὅτι

3013 2398 3269 2474 ἀκράντου

2657 3027 2793 3100 ὑπάρ
2853 3027 3052 3077 πάντων
3117 3023 3296 3075 ἑαυτὸν
3364 3021 3536 3083 ἀπλῶς
3589 3018 3810 3093 δέδωκε,
3869 3027 3958 3075 καὶ
4017 3024 4097 3074 ὅτι
4159 3024 4267 3075 ὅσα

2657 3121 2792 3183 τότε,
2835 3119 2892 3168 τό
2939 3117 3124 3183 πάθος,
3175 3115 3204 3171 ἠ
3254 3118 3414 3185 ταφὴ,
3459 3118 3549 3165 καὶ
3579 3116 3608 3171 ἡ
3655 3112 3943 3174 ἀνάστασις
3978 3113 4266 3185 εἰργάσατο

891 3197 1243 3265 rectionem,
1275 3210 1440 3251 nunc
1470 3211 1578 3268 per
1608 3195 1889 3267 symbola
1919 3212 1954 3252 a
1984 3195 2364 3251 credentibus
2393 3197 2550 3250 recte
2582 3189 2621 3244 C

2506 3197 2550 3249 te
2582 3189 2621 3244 (ἶ
2659 3214 2826 3258 ταῦτα
2870 3224 3042 3257 παντά
3096 3207 3186 3255 καὶ
3243 3210 3330 3254 νῦν
3387 3199 3481 3254 διὰ
3537 3210 3636 3253 τῶν
3697 3201 3966 3274 συμϐόλων
4027 3200 4135 3262 τοίς
4178 3222 4270 3254 πι-

892 3285 1102 3342 omnia
1129 3284 1354 3357 perﬁci.
1384 3289 1574 3356 Atque
1607 3284 1770 3340 idem
1807 3285 1938 3357 pari
1983 3283 2167 3341 modo
2191 3299 2228 3340 a
2255 3282 2552 3355 deiloquis

891 3375 1195 3445 magistris
1226 3373 1498 3431 conﬁteri
1517 3378 1808 3431 statutum
1839 3374 1972 3430 fuit.

960 3558 1047 3610 29.
1074 3551 1414 3624 Simplicem
1436 3555 1638 3608 autem
1661 3552 1745 3608 rei
1767 3552 2220 3623 intelligentiam
2244 3567 2355 3608 nos
2376 3549 2554 3607 docet

891 3642 993 3698 illa
1006 3645 1138 3714 post
1151 3642 1460 3698 recitatam
1489 3641 1647 3698 hanc
1663 3643 1998 3698 orationem
2019 3641 2396 3707 exclamatio,
2414 3657 2551 3714 qua:

889 3734 1018 3786 tum
1049 3731 1232 3787 etiam
1255 3747 1291 3786 a
1312 3745 1536 3802 magno
1561 3731 1797 3801 Basilio,
1825 3735 1953 3787 tum
1975 3731 2155 3788 etiam
2189 3747 2226 3786 a
2262 3732 2548 3802 Chrysos-

891 3825 1057 3875 tomo
1078 3820 1312 3876 dicitur.
1341 3821 1660 3886 Quomodo
1683 3821 1844 3876 enim
1867 3821 2260 3876 concordabit
2281 3821 2506 3876 dictum
2531 3837 2544 3875 :

897 3932 917 3957 α
946 3909 1406 3965 Utinveniamus
1429 3909 1902 3965 misericordiam
1927 3910 2276 3980 etgratiam,
2300 3933 2326 3959 »
2347 3910 2549 3982 praeci-

888 4013 1007 4072 pue
1021 4015 1181 4066 cum,
1199 4019 1226 4047 «
1249 3998 1632 4055 sanctissima
1649 3999 2036 4055 immaculata
2060 4002 2087 4056 ?
2115 4022 2134 4048 ι
2156 3999 2217 4055 in
2236 4015 2358 4071 quo
2373 3998 2547 4054 etali-

889 4088 970 4143 ud
999 4103 1246 4160 prorsus
1274 4087 1571 4158 signiﬁcat
1599 4088 1953 4160 deiloquus:
1988 4104 2207 4160 nempe
2254 4088 2547 4160 quoniam

887 4192 1101 4233 omnes
1118 4177 1263 4248 justi
1288 4178 1349 4232 in
1379 4177 1589 4233 dextra
1603 4177 1825 4248 judicis
1855 4181 2025 4249 parte
2049 4178 2360 4233 constituri
2385 4180 2544 4244 sunt,

886 4266 1088 4340 ibique
1117 4272 1172 4322 et
1199 4266 1330 4339 ipsa
1355 4267 1738 4339 theanthropi
1769 4267 2004 4322 Domini
2026 4270 2221 4338 Mater,
2255 4271 2312 4322 et
2334 4267 2543 4322 unius-

888 4357 1182 4428 cujusque
1244 4356 1469 4425 gradus
1521 4361 1577 4411 et
1629 4356 1807 4412 statio
1856 4356 2174 4411 distinctus
2237 4357 2400 4424 erit;
2457 4356 2542 4411 ni-

884 4445 1582 4516 hilomniuus,tanquam
1606 4445 1667 4500 in
1690 4460 1812 4500 una
1831 4461 2045 4501 omnes
2068 4450 2269 4517 partes
2297 4445 2388 4500 siti
2420 4445 2542 4501 fue-
2571 4465 2616 4519 Ι)

1849 4461 2045 4501 ΠῙῙΠθε
2068 4450 2269 4517 partes
2297 4445 2388 4500 Siti
2420 4445 2542 4501 fue'
2571 4465 2616 4519 D
2658 4464 2839 4521 στάσις
2916 4459 3138 4512 ἑκάστου
3207 4453 3568 4530 ἀποδιῄρηται
3602 4475 3613 4488 ·

883 4535 1103 4601 rimus,
1145 4539 1319 4605 rogat
1368 4532 1653 4590 sacerdos
1693 4540 1758 4590 ut
1809 4534 2049 4590 illorum
2088 4534 2344 4590 statione
2371 4533 2540 4606 digni

881 4624 1239 4689 habeamur,
1271 4624 1377 4696 qui
1403 4623 1530 4679 sine
1555 4625 1804 4695 peccato
1843 4623 2120 4679 videlicet
2150 4623 2379 4681 Christo
2416 4624 2541 4696 pla-
2575 4679 2583 4688 ,

883 4718 1173 4781 cuerunt;
1221 4728 1346 4769 non
1395 4717 1597 4769 autem
1643 4729 1782 4768 cum
1833 4713 2083 4768 sinistris
2123 4718 2181 4768 et
2226 4713 2533 4770 damnatis

881 4819 1412 4861 connumeremur.
1440 4802 1554 4858 Sed
1575 4802 1752 4873 longe
1776 4807 1863 4858 est
1890 4803 2103 4860 melius
2138 4804 2262 4858 haec
2293 4804 2541 4874 intelligi

880 4900 1234 4967 tanquama
1261 4892 1487 4949 Christo
1526 4892 1682 4947 dicta
1726 4896 1782 4946 et
1825 4897 1981 4950 acta.
2014 4895 2113 4948 Est
2151 4893 2314 4949 enim
2358 4893 2539 4948 Filius

879 4990 937 5043 et
955 4983 1239 5051 Verbum,
1269 4982 1397 5038 sine
1420 4981 1833 5038 immolatione
1859 4983 2230 5051 immolatus,
2263 4999 2459 5054 agnus
2485 4989 2541 5040 et

877 5074 1124 5130 victima
1156 5072 1318 5128 idem
1359 5075 1416 5128 et
1461 5071 1727 5144 pontifex
1766 5071 1828 5127 in
1872 5077 2184 5128 aeternum.
2225 5077 2353 5145 Ipse
2393 5089 2537 5144 ergo

877 5168 1012 5220 orat
1050 5177 1160 5235 pro
1193 5160 1371 5216 nobis
1404 5161 1637 5216 Patrem
1676 5175 1878 5215 suum.
1926 5163 2154 5233 Reapse
2198 5161 2346 5216 dum
2396 5161 2539 5217 dicit

875 5252 1201 5309 sacerdos:
1233 5273 1260 5300 «
1298 5248 1582 5321 Accipite,
1628 5249 2014 5319 manducatc,
2047 5250 2162 5305 hoc
2201 5254 2286 5306 est
2318 5266 2536 5322 corpus

875 5355 1375 5409 meum;»nonne
1392 5338 1507 5394 hoc
1523 5342 1812 5411 tanquam
1836 5337 1913 5394 ab
1937 5340 2068 5410 ipso
2121 5339 2351 5394 Christo
2390 5339 2533 5394 dici-

873 5432 1095 5488 tnr?Sic
1109 5445 1246 5500 ergo
1261 5427 1980 5501 tripliciterintelliguntur
1993 5427 2070 5482 ab
2084 5429 2362 5500 episcopo
2377 5428 2534 5486 dicta

871 5523 930 5579 in
959 5522 1162 5578 divina
1192 5517 1578 5592 mystagogia
1599 5535 1611 5585 ;
1636 5516 1753 5574 alia
1778 5517 2026 5590 quidem
2057 5523 2174 5574 uta
2201 5518 2532 5576 mediatore

871 5646 1371 5721 quemadmodum
1400 5645 1549 5701 alios
1579 5644 1684 5715 qui
1697 5643 1765 5721 in
1807 5657 1958 5721 pa_ce
2013 5645 2442 5721 νειμιίθειτιληι,⁸
2466 5651 2529 5721 ιιι

868 5716 1050 5782 etiam
1073 5736 1188 5792 pro
1209 5720 1289 5778 eis
1315 5732 1572 5786 oremus,
1605 5716 1708 5774 sed
1731 5717 1924 5789 magis
1955 5723 2020 5773 ut
2045 5718 2160 5789 ipsi
2192 5734 2308 5790 pro
2338 5717 2528 5790 nobis,

2663 3297 2905 3348 στεύουσι
2979 3293 3327 3366 κάτορθούταί
3386 3308 3398 3320 ·
3504 3296 3594 3342 κᾶὶ
3670 3289 3825 3343 ταλτό
3898 3296 4007 3352 τοῖς
4083 3292 4270 3362 θεηγόο

2659 3403 2766 3458 ροις
2840 3388 2928 3435 καὶ
3003 3378 3352 3442 διδασκάλοις
3428 3383 3778 3453 τοιουτρόπως
3852 3379 4110 3432 τελεῖσθαι
4187 3399 4270 3432 τε-

2664 3477 2967 3530 θέσπισται.

2731 3563 2834 3619 κθ’.
2894 3563 2980 3624 Εἰς
3038 3566 3130 3620 τὴν
3188 3560 3354 3634 ἁπλῆν
3411 3557 3468 3614 δὲ
3535 3562 3722 3612 ἔινοιαν
3788 3561 3925 3632 ἡμᾶς
3986 3557 4162 3630 ἀνάγει
4227 3561 4261 3617 ἡ

2657 3655 2788 3725 μετά
2832 3657 2923 3710 τὴν
2974 3651 3352 3724 συμπλήρωσιν
3397 3658 3492 3711 τῆς
3543 3652 3787 3710 τοιαύτης
3836 3648 3988 3710 εύκῆς
4034 3646 4269 3719 ἐκφωνη-

2661 3762 2739 3803 σις
2795 3747 2958 3801 οὕτως
3012 3741 3282 3814 εἰρημένης
3338 3745 3426 3791 καὶ
3477 3742 3622 3811 ποιρά
3677 3746 3769 3790 τοῦ
3821 3737 4044 3810 μεγάλου
4107 3744 4270 3789 Βασι-

2657 3833 2816 3901 λείου,
2873 3836 2938 3892 ὡς
2983 3836 3073 3883 καὶ
3120 3835 3263 3902 παρά
3323 3837 3414 3882 τοῦ
3472 3833 3898 3902 Χρυσοστόμου·
3930 3836 4040 3888 πῶς
4069 3829 4168 3899 γάρ
4202 3825 4268 3878 ἆν

2660 3923 2981 3994 συνταχθείη
3027 3923 3082 3972 τὸ
3115 3920 3398 3994 εἰρημένον,
3429 3939 3457 3969 ιι
3484 3917 3592 3971 Ἵνα
3623 3918 3846 3993 εύρωμεν
3870 3917 4005 3977 ἔλεος
4035 3920 4125 3968 καὶ
4155 3917 4265 3988 χά-

2655 4032 2758 4087 ριν,
2791 4034 2817 4060 ν)
2851 4013 2982 4084 μετά
3005 4016 3118 4079 τοῦ,
3155 4031 3181 4058 ‹‹
3217 4009 3487 4082 ἐξαιρετως
3505 4017 3597 4068 τῆς
3617 4011 3876 4079 παναγίας
3901 4005 4170 4080 ἀχράντου
4196 4023 4209 4073 ;
4235 4028 4266 4055 ››

2657 4104 2683 4154 ὅ
2713 4104 2913 4162 πάντως
2945 4101 3091 4170 τάχα
3131 4098 3222 4150 καί
3275 4097 3395 4149 ἄλλο
3440 4099 3465 4148 6
3517 4099 3805 4171 θεοφάντωρ
3856 4097 4210 4168 ὑποσημαίνει
4250 4112 4264 4125 °

2659 4191 2725 4253 ὡς
2779 4190 2889 4242 ἐπεὶ
2934 4191 3117 4248 πάντες
3173 4190 3221 4239 οἱ
3264 4183 3463 4239 δικαιοι
3513 4185 3562 4238 ἐν
3618 4194 3724 4247 τοίς
3756 4182 3944 4247 δεξιοῖς
3964 4191 4056 4235 τοῦ
4081 4192 4270 4257 κριτοῦ

2657 4287 2838 4356 μέρεσι
2875 4279 3148 4353 μέλλουσιν
3189 4279 3464 4346 ἵστασθαι,
3516 4279 3646 4350 πρὸς
3702 4272 3761 4328 δε
3809 4275 3899 4326 καί
3948 4274 4079 4331 αὕτη
4114 4276 4144 4332 ἡ
4178 4293 4269 4326 τε-

2657 4375 2827 4423 κούσα
2875 4389 2960 4422 τον
3030 4370 3354 4442 θεάνθρωπον
3413 4368 3621 4441 Κύριον,
3678 4365 3769 4417 καί
3816 4367 3845 4422 ἡ
3903 4365 4066 4430 τάξις,
4108 4364 4196 4415 καί
4231 4367 4263 4422 ἡ

3687 4453 3790 4506 ἀλλ’
3860 4455 3998 4526 ὅμως
4072 4453 4136 4512 ὠς
4213 4451 4267 4504 ἐν

2654 4556 2797 4624 μέρει
2863 4552 3009 4608 ὄντας
3065 4547 3311 4616 ἅπαντας,
3370 4544 3502 4597 αἰτεῖ
3560 4550 3651 4596 τοῦ
3717 4547 3900 4616 μέρους
3966 4550 4061 4603 τῆς
4131 4542 4267 4592 στά-

2656 4659 2784 4702 σεως
2827 4639 2994 4691 αὐτῶν
3042 4635 3430 4698 καταξιωθῆναι
3491 4635 3632 4704 ἡμᾶς
3681 4641 3779 4684 τῶν
3830 4630 4107 4704 ἀμέμπτως
4161 4627 4266 4688 δη-

2649 4727 2785 4788 λαδὴ
2837 4728 3292 4800 εὐαρεστησάντων
3337 4723 3497 4793 αύτῷ,
3547 4722 3674 4774 ἀλλά
3723 4727 3794 4792 μὴ
3824 4729 3932 4782 τοῖς
3965 4719 4266 4794 ἀριστεροῖς

2648 4819 2739 4870 καί
2794 4813 3358 4887 καταδεδικασμένοις,
3418 4817 3738 4886 κυριώτερον
3790 4807 3848 4862 δε
3905 4818 4059 4861 τοῦτο
4103 4817 4260 4874 νοεῖν,

2648 4909 2717 4971 ὠς
2759 4910 2903 4982 παρά
2945 4914 3036 4959 τοῦ
3088 4910 3323 4979 Χριστοῦ
3371 4901 3607 4974 λέγονταί
3657 4920 3709 4952 τε
3757 4907 3924 4951 ταῦτα
3975 4899 4066 4950 καί
4097 4901 4264 4972 πράτ-

2647 5015 2841 5052 τοντάι’
2877 4999 2998 5059 Υἱός
3039 4996 3140 5068 γάρ
3172 4993 3263 5045 καί
3309 4996 3478 5063 Λόγος
3524 4993 3582 5042 τό
3632 4988 3834 5050 ἀθύτως
3867 4991 4135 5059 θυόμενον,
4167 4989 4267 5039 καί

2648 5087 2807 5161 ἀμνὸς
2855 5087 2944 5138 καί
3006 5087 3146 5156 θύμα
3203 5086 3228 5135 ό
3287 5082 3438 5141 αύτός
3495 5079 3886 5152 καίἀρχιερεύς
3918 5077 3991 5139 εἰς
4018 5080 4102 5129 τὸν
4139 5077 4266 5128 αἰῶ-

2644 5198 2732 5232 να.
2809 5177 2977 5236 Αύτός
3043 5174 3130 5226 ὀῦν
3189 5171 3494 5243 ἐντυγχάνει
3557 5170 3682 5242 ὑπὲρ
3745 5169 3891 5239 ἡμῶν
3960 5174 4034 5236 τῷ
4089 5166 4268 5240 Πατρί

2644 5270 2828 5324 αὑτοῦ.
2888 5265 3024 5318 Αύτό
3070 5259 3129 5316 δὲ
3176 5265 3234 5314 τό
3279 5261 3441 5332 λέγειν
3477 5262 3564 5311 τόν
3623 5257 3758 5331 ἱερέα
3785 5299 3799 5324 ,
3850 5278 3878 5306 ‹‹
3911 5255 4132 5323 Λάϐετε,
4166 5258 4264 5327 φάο

2642 5376 2779 5429 γετε,
2802 5359 2955 5408 τοῦτό
2985 5356 3085 5426 μού
3114 5351 3253 5404 ἐστιν
3284 5353 3339 5404 τό
3377 5357 3562 5422 σῶμα,
3614 5369 3640 5397 ››
3691 5346 3796 5418 ούχ
3829 5346 3895 5408 ὡς
3939 5345 4066 5419 παρ’
4098 5345 4260 5396 αὑτοῦ

2640 5447 2840 5518 λέγεται
2879 5453 2970 5498 τού
3030 5449 3309 5516 Χριστού;
3363 5440 3542 5500 Ούτως
3594 5438 3680 5489 οὖν
3731 5444 3929 5510 τριχῶς
3969 5443 4164 5486 νοεῖται
4195 5434 4262 5486 τά

2640 5541 2785 5612 παρά
2845 5543 2936 5588 τού
2999 5535 3287 5607 ἀρχιερέως
3356 5529 3606 5602 λεγόμενα
3659 5526 3743 5579 ἐπὶ
3801 5534 3862 5598 τῇ
3923 5527 4036 5598 θείᾳ
4093 5545 4258 5598 μυστ-

2640 5651 2708 5700 ut
2735 5659 2940 5700 eorum
2969 5641 3230 5710 vestigiis
3256 5635 3699 5710 adhaereamus,

2710 5717 2826 5790 (36)
2856 5717 2942 5773 De
2963 5705 3364 5772 ecclesiastica
3392 5705 3764 5778 hierarchia,
3795 5720 3932 5780 cap.
