4468 6440
268 365 369 432 457

1497 370 1866 436 COIIENTA
1875 376 1990 450 ’ΠΟ
2031 379 2404 445 LITURGICA

3525 416 3634 475 458

267 503 439 571 γωγίᾳ
462 515 476 530 ο
527 499 593 552 τὰ
638 499 730 571 μὶν
777 502 848 562 ὡς
895 499 1041 574 παρὰ
1085 501 1304 598 μεσίτου
1350 499 1404 564 ίξ
1447 499 1750 598 ἀνθρώπων,
1783 519 1875 570 και
1907 503 1956 558 Α
1985 502 2031 562 it

1871 557 1875 569 _
1907 503 1956 558 Α
1985 502 2140 564 inter
2177 508 2477 580 homines,
2504 518 2563 574 et
2588 517 2746 578 Patri
2774 522 3078 587 exhibita:
3106 531 3222 591 alia
3251 535 3331 592 ad
3357 537 3635 598 imitatio-

265 589 733 662 προχειριζομένου
787 594 860 658 τῷ
905 593 1097 663 "arpi,
1146 591 1213 643 τὰ
1258 586 1318 644 δὶ
1346 593 1482 644 κατὰ
1520 594 1746 664 μίμησιν
1772 599 1874 643 τῶν

267 676 581 750 ἐπουρανίων
633 673 904 750 δυνάμεων
932 698 946 710 ο
1003 680 1070 730 τὰ
1122 673 1218 744 di,
1269 680 1339 740 ὡς
1393 678 1517 751 παρ’
1569 683 1731 732 αὑτοῦ
1777 686 1870 731 τοῦ

268 773 500 838 Χριστοῦ
554 771 644 818 καὶ
683 773 818 820 Θεοῦ
875 768 1044 839 ἡμῶν.
1100 771 1252 829 Τίνος
1306 764 1366 820 δε
1418 768 1580 820 ἕνεκεν
1632 767 1872 838 συνῆψαν

267 858 380 915 τούς
426 863 520 916 τῆς
566 855 796 916 Παλαιᾶς
841 857 1036 916 πάντας
1095 855 1274 928 ἁγίους
1335 861 1426 909 καὶ
1469 861 1591 918 τοὺς
1619 865 1716 919 τῆς
1738 861 1870 919 Νέας

267 945 569 1010 Amanum;
622 952 830 1018 Πρῶτον
877 947 968 1016 μεν
1008 941 1103 998 διὰ
1151 947 1219 997 τὰ
1254 950 1604 1020 προειρημένα
1659 948 1868 1000 πάντα.

267 1035 441 1084 ἔπειτα
497 1029 790 1095 δεικνύντες
855 1035 934 1086 ὅτι
992 1032 1064 1094 εἷς
1125 1038 1254 1096 Θεός
1305 1033 1416 1087 έστι
1470 1033 1718 1087 κάκείνων
1777 1043 1870 1093 καὶ

265 1123 475 1187 τούτων,
523 1123 549 1172 ὁ
595 1126 651 1174 τὸ
699 1125 864 1198 παρὸν
912 1129 1066 1175 τοῦτο
1118 1128 1412 1198 μυστήριον
1453 1120 1746 1184 εὐδοκήσας
1780 1142 1867 1176 τε-

264 1209 410 1262 λέσαι
459 1215 561 1286 πρὸ
613 1220 713 1263 τῶν
761 1212 956 1264 αἰώνων
981 1233 994 1245 ·
1041 1216 1132 1264 καὶ
1180 1214 1258 1264 ὅτι
1308 1213 1494 1274 πάντες
1524 1221 1597 1283 τῷ
1649 1211 1865 1284 μώλωπι

263 1302 423 1352 αὺτοῦ
466 1299 705 1373 ἰάθημεν,
760 1305 850 1354 καὶ
892 1302 973 1354 ὅτι
1017 1302 1146 1375 ὑπερ
1185 1302 1387 1354 πάντων
1443 1300 1614 1374 έχύθη
1645 1304 1706 1354 τὸ
1732 1303 1864 1374 αἷμα

263 1388 422 1441 αὐτοῦ
434 1429 447 1443 .

327 1475 394 1532 λ’.
435 1473 562 1531 Εἶτα
604 1485 697 1531 τοῦ
745 1474 992 1531 διακόνου
1045 1481 1111 1530 τὰ
1158 1474 1406 1551 δίπτυχα
1433 1478 1863 1552 ύποψιθυρίζον-

262 1581 344 1625 τος
405 1574 506 1618 τῶν
561 1571 942 1640 κεκοιμημένων
979 1611 994 1637 ,
1050 1568 1078 1618 ὁ
1144 1566 1422 1640 ἀρχιερεύς
1478 1568 1632 1621 πάλιν
1687 1567 1863 1641 ἀρχὴν

261 1662 484 1707 ποιεῖται
538 1665 636 1708 τῶν
693 1665 788 1719 τῆς
816 1662 947 1718 Νέας
996 1659 1259 1720 Διαθήκης
1286 1658 1466 1730 ἁγίων,
1502 1661 1586 1710 τὸν
1621 1655 1864 1732 Προδρο-

1983 608 2125 703 nem
2150 598 2481 703 calamum
2507 609 2876 703 potestatum
2900 631 2915 682 ;
2959 616 3078 675 alia
3097 619 3359 696 denique
3387 627 3466 684 ab
3495 629 3633 703 ipso

1983 681 2212 776 9hristo
2241 686 2360 746 Deo
2390 696 2615 754 nostro.
2643 697 2758 754 Cur
2783 715 2927 760 vero
2957 681 3479 776 globatimomnes

1983 771 2199 864 Veteris
2221 780 2348 834 tum
2372 781 2518 838 Novi
2543 785 2898 847 Testamenti
2927 771 3168 854 sanctos
3190 771 3634 864 memoratui)?!

1982 859 2198 926 Primo,
2240 864 2319 922 ob
2349 883 2421 926 ea
2449 873 2656 930 omnia
2683 893 2822 949 qua:
2851 881 3113 941 diximus
3138 903 3152 954 ;
3183 859 3637 960 deinde,ut

1982 955 2391 1013 monstrarent
2443 975 2632 1019 unum
2662 980 2794 1022 esse
2825 971 2951 1026 tum
2982 971 3198 1032 horum
3233 983 3361 1035 tum
3390 981 3631 1044 illorum

1981 1039 2192 1106 Deum,
2217 1044 2314 1100 cui
2362 1051 2424 1103 ut
2452 1065 2718 1120 presens
2751 1061 3104 1130 mysterium
3135 1069 3436 1138 conﬁeret,
3491 1079 3631 1133 ante

1978 1128 2199 1187 saecula
2223 1132 2465 1203 placuit.
2496 1140 2719 1198 Deinde
2749 1128 2896 1217 quia
2923 1164 3136 1208 omnes
3167 1154 3354 1215 livore
3380 1160 3510 1231 ejus
3540 1180 3631 1222 sa-

1973 1216 2101 1324 ngti
2153 1219 2396 1324 fuimus,
2448 1232 2505 1284 et
2529 1231 2674 1302 quia
2701 1216 2813 1304 pro
2861 1239 3147 1298 omnibus
3205 1216 3627 1324 sanguis'ej‘uws

1973 1303 2199 1363 effusus
2226 1309 2355 1368 fuit.

2045 1487 2131 1582 ςςο.
2179 1489 2388 1548 Postea
2431 1493 2690 1586 diacono
2719 1498 3140 1565 defunctorum
3169 1509 3458 1586 diptycha
3488 1517 3632 1575 subs

1975 1572 2166 1631 missa
2184 1591 2330 1635 voce
2357 1582 2660 1653 recitante,
2682 1588 3004 1664 episcopus
3024 1572 3462 1675 rursus-incipit
3482 1607 3629 1663 Novi

1976 1663 2334 1723 Testamenti
2351 1677 2699 1731 sanctorum
2717 1663 3355 1746 commemorationem
3365 1663 3630 1767 ,ιρι-ωροο

261 1761 354 1813 μον
406 1745 643 1802 Ἰωάννην
691 1749 855 1818 ταύτῃ
927 1747 1208 1819 προτιθείς·
1267 1749 1440 1819 ὥσπερ
1498 1749 1547 1798 οἱ
1605 1747 1865 1818 εύαγγελι-
1899 1769 1938 1825 Β
1977 1751 2025 1804 si

366 1837 376 1849 ς
503 1841 521 1847 -
675 1842 695 1852 -
766 1833 776 1848 .
857 1831 880 1852 α
970 1840 980 1852 ,
1139 1844 1156 1851 -
1217 1843 1248 1852 ..
1337 1845 1357 1852 -
1621 1838 1678 1852 η
1973 1840 1988 1852 .

1864 1782 1865 1788 η
1899 1769 1938 1825 Β
1977 1751 2171 1808 sitoin
2204 1754 2316 1811 hac
2361 1761 2726 1821 Prtecursore
2764 1770 3015 1838 Joanne,
3050 1774 3202 1832 sicut
3240 1745 3628 1852 evangelista!

266 1837 384 1884 σταὶ
431 1841 583 1886 τοῦτο
635 1842 696 1906 τῇ
758 1831 1017 1908 ἐπιδημίᾳ
1065 1844 1158 1888 τοῦ
1217 1843 1450 1909 Σωτῆρος
1507 1838 1814 1911 προῦθηκαν
1845 1879 1859 1903 ,

261 1921 344 1972 οἵα
405 1931 608 1996 πρῶτον
671 1923 890 1995 ἄγγελον
954 1929 1044 1976 καὶ
1119 1928 1328 1999 κήρυκα
1390 1933 1484 1987 τῆς
1568 1931 1858 2000 παρουσίας

259 2017 527 2083 Χριστοῦ·
590 2017 681 2066 καὶ
753 2015 818 2074 ὡς
883 2011 1245 2089 έπικυροῦντες
1311 2018 1398 2066 τὸν
1463 2022 1553 2067 τοῦ
1621 2023 1857 2087 Χριστοῦ

259 2098 428 2170 λόγον,
482 2123 512 2150 ‹‹
561 2104 766 2163 Μείζων
817 2102 867 2155 έν
904 2111 1171 2176 γεννητοῖς
1207 2123 1467 2174 γυναικων
1514 2104 1608 2156 ούκ
1647 2103 1857 2178 έγήγερ-

257 2209 342 2241 ται
397 2194 603 2246 τούτου.
649 2214 676 2241 ››
729 2191 840 2244 εἶτα
875 2197 994 2255 τοὺς
1035 2191 1352 2254 ἀποστόλους
1383 2198 1472 2245 καὶ
1502 2197 1618 2254 τούς
1649 2194 1850 2264 ἁγίους,

257 2276 321 2330 ὧν
375 2285 472 2338 τὴν
523 2285 732 2352 μνήμην
798 2280 1154 2354 ἐπιτελοῦμεν.
1215 2285 1309 2334 Διὰ
1364 2287 1415 2334 τί
1473 2278 1532 2335 δί
1592 2285 1853 2341 Διαθήκην

251 2367 460 2440 λέγομεν
507 2370 678 2437 αύτά;
745 2367 955 2430 Ἐπειδὴ
1007 2373 1034 2424 ὁ
1090 2375 1252 2433 τύπος
1295 2375 1490 2433 ταύτης
1541 2374 1571 2430 ἠ
1637 2370 1855 2426 δοθεῖσα

253 2461 532 2530 νομοθεσία
566 2469 640 2530 τῷ
670 2466 903 2529 Μωύσεί,
949 2465 1038 2513 καὶ
1085 2465 1216 2520 αὑτὴ
1264 2463 1293 2520 ἡ
1331 2467 1495 2520 σκηνὴ
1524 2470 1617 2514 τοῦ
1657 2482 1854 2538 μαρτυ-

251 2553 364 2620 ρίου
401 2553 837 2624 προχαράγματα
887 2553 1078 2611 ταύτης
1135 2550 1445 2622 ἐτύγχανον,
1506 2554 1659 2604 ἅτινα
1710 2556 1856 2626 παρά

252 2646 340 2689 τοῦ
405 2636 696 2711 νομοδότου
755 2642 988 2698 Διαθήκη
1036 2639 1352 2698 ἐκλήθησαν.
1405 2642 1461 2695 Εἰ
1516 2642 1604 2694 οὖν
1636 2642 1662 2694 ὁ
1693 2646 1856 2704 τύπος

255 2729 484 2786 Διαθηκη
514 2771 527 2794 ,
585 2729 755 2800 πολλῷ
835 2729 1025 2802 μᾶλλον
1090 2731 1121 2788 ἡ
1192 2732 1546 2804 φανερωθεὶσα
1615 2730 1854 2790 ἀλήθεια.

255 2815 410 2887 Εἶχεν
477 2817 568 2870 οὖν
629 2818 792 2876 έκείνη
856 2827 1060 2892 πρῶτον
1128 2823 1317 2888 σκηνὴ,
1382 2822 1517 2872 κατὰ
1577 2823 1663 2872 τὸν
1721 2822 1854 2873 θεῖον

256 2907 454 2958 Παῦλον
487 2949 500 2973 ,

253 3002 556 3070 μυστηρίων
613 2999 922 3068 θαυμασίων
974 2999 1275 3070 μαρτύρια·
1322 2999 1436 3069 εἶχε
1493 2994 1552 3050 δε
1599 3003 1689 3050 καὶ
1719 2997 1856 3051 ἐντο-

581 2904 918 2980 δικαίωματα
1001 2907 1282 2980 λατρείας,
1367 2913 1456 2960 καὶ
1540 2909 1672 2962 ἄλλα
1753 2917 1854 2961 τῶν

1970 1840 2134 1898 hunc
2155 1844 2436 1904 adventui
2478 1852 2800 1913 Servatoris
2843 1873 3319 1940 praeposuerunt,
3356 1887 3467 1929 ceu
3513 1874 3628 1945 pri-

1969 1946 2140 1988 mum
2163 1935 2370 1992 Christi
2393 1939 2768 2001 adventantis
2781 1951 3060 2008 nuntium
3079 1935 3626 2033 etprtedicatorem;

1968 2025 2023 2075 et
2051 2022 2260 2080 Christi
2275 2026 2454 2084 verba
2466 2022 3283 2117 quasiconﬁrmantes;q_uod
3298 2050 3494 2121 major
3514 2022 3631 2108 hoc

1963 2108 2116 2166 inter
2131 2118 2302 2169 natos
2321 2117 2639 2177 mulierum
2653 2139 2774 2180 non
2789 2131 3128 2188 surrexerit.
3151 2135 3375 2193 Deinde
3396 2155 3631 2210 ponun~

1963 2203 2057 2254 tur
2077 2203 2407 2273 apostoliet
2434 2211 2642 2277 sancti,
2667 2229 2930 2285 quorum
2966 2223 3327 2281 memoriam
3362 2230 3628 2300 agimus.

1965 2289 2080 2344 Cur
2103 2296 2306 2348 autem
2346 2295 2474 2352 haec
2512 2300 2957 2362 Testamentum
2999 2289 3435 2382 appellamus;
3476 2320 3629 2384 Quia

1963 2380 2154 2436 nostri
2177 2381 2357 2453 hujus
2378 2385 2575 2455 ﬁgura
2594 2387 2725 2460 fuit,
2757 2393 2900 2450 data
2921 2411 2958 2452 a
2991 2380 3191 2472 M-ojrse
3218 2380 3517 2473 legislatio
3541 2427 3552 2475 ;
3574 2413 3632 2466 et

1963 2467 2166 2539 ipsum
2182 2473 2500 2530 testimonii
2515 2477 2988 2551 tabernaculum,
3004 2467 3325 2548 delineatio
3340 2467 3626 2566 quaedam

1962 2555 2144 2627 hujus
2161 2563 2385 2630 praevia
2405 2570 2552 2621 erat.
2567 2582 2702 2639 quae
2725 2585 2762 2626 a
2789 2570 2938 2641 legis
2954 2574 3164 2634 datore
3194 2555 3627 2641 dictaestTesc

1963 2650 2318 2706 tamentum.
2357 2655 2412 2709 Si
2443 2670 2587 2725 ergo
2612 2658 2807 2728 ﬁgura
2845 2667 2936 2718 est
2962 2670 3409 2740 testamentum,
3437 2675 3629 2732 multo

1966 2738 2161 2806 magis
2189 2739 2405 2798 veritas
2423 2759 2558 2816 qua:
2573 2751 2870 2819 apparuit.
2898 2753 3118 2811 Habuit
3134 2772 3276 2828 ergo
3288 2738 3630 2820 Testamen-

1965 2827 2093 2880 tum
2110 2825 2254 2882 illud
2271 2829 2744 2902 tabernaculum,
2756 2838 2931 2907 juxta
2943 2841 3148 2898 divum
3165 2825 3416 2905 Paulum
3429 2851 3519 2924 ".j
3532 2868 3627 2908 us-

1964 2915 2320 2974 titicationes
2352 2920 2548 2977 cultus
2573 2930 2630 2978 et
2663 2926 2782 2982 alla
2803 2931 3229 3000 mysteriorum
3258 2915 3629 2998 mirabilium

1974 3003 2332 3064 testimonia.
2363 3009 2576 3066 Habuit
2598 3014 2778 3070 etiam
2800 3025 3096 3091 praecepta
3121 3023 3219 3079 Dei
3236 3030 3293 3080 et
3314 3028 3626 3101 mandata,

253 3083 342 3145 λὰς
417 3093 553 3139 Θεοῦ
628 3091 718 3138 καὶ
773 3085 1162 3162 προστάγματα
1224 3091 1315 3138 καὶ
1380 3085 1688 3158 έπαγγελίας
1748 3095 1855 3149 τοῖς
1890 3097 1928 3152 C
1972 3098 2017 3148 et

1890 3097 1928 3152 C
1972 3098 2027 3149 et
2076 3096 2509 3164 promissiones
2531 3101 2660 3159 haec
2681 3083 3177 3180 observantibus;
3207 3083 3628 3187 dequibushle"

252 3180 416 3225 ταῦτα
491 3173 814 3246 φυλάττουσι
855 3195 868 3207 ·
945 3179 1065 3248 περὶ
1138 3175 1206 3224 ὧν
1281 3176 1306 3226 ὁ
1381 3178 1662 3247 νομοθέτης
1737 3179 1855 3250 ὅρον

254 3263 401 3326 ἔπηξε
453 3262 632 3334 λέγων,
689 3263 893 3317 ἀκούειν
946 3267 1037 3336 μεν
1092 3269 1253 3317 αὐτοῦ
1305 3270 1395 3317 καὶ
1447 3275 1546 3317 τῶν
1600 3263 1854 3320 δοθέντων

250 3355 688 3426 προσταγμάτων,
739 3355 902 3428 αἶχρις
941 3353 1002 3405 ἆν
1050 3355 1172 3427 ἔλθη
1326 3353 1622 3421 ἁποκειται,
1682 3360 1854 3419 καθώς

250 3461 404 3511 φησιν
451 3442 639 3496 Ἰακώϐ
671 3464 684 3476 ο
735 3444 893 3505 αὐτὸς
938 3440 997 3496 δε
1040 3451 1268 3505 Μωῡσῆς
1315 3447 1510 3498 οὑτωσὶ
1549 3449 1684 3498 κατὰ
1706 3448 1853 3520 ῥῆμα

249 3527 504 3594 διέξεισι·
576 3555 604 3581 «ι
665 3537 941 3607 Προφήτην
999 3535 1121 3606 ὑμῖν
1176 3532 1462 3593 ἀναστήσει
1535 3539 1721 3610 Κύριος
1786 3541 1852 3599 ὡς

247 3617 348 3690 ἐμέ·
418 3621 582 3674 αὐτοῦ
649 3621 939 3675 ἀκούσεσθε
1003 3625 1139 3674 κατὰ
1204 3626 1370 3676 πάντα
1435 3627 1537 3678 ὃσα
1601 3628 1662 3678 ἄν
1731 3630 1845 3701 εῖπη

247 3709 382 3780 ὑμῖν,
419 3731 449 3759 ››

310 3799 424 3855 λα’.
500 3807 605 3853 Τοῦ
678 3803 1114 3875 προφητευθέντος
1189 3808 1357 3855 τοίνυν
1431 3805 1521 3857 ὑπ’
1596 3807 1798 3859 ἐκείνων

1834 3851 1848 3876 ν

243 3897 332 3941 τοῦ
387 3909 443 3943 τε
499 3889 688 3944 Ἰακὼϐ
739 3896 828 3943 καί
880 3899 972 3943 τοῦ
1025 3897 1308 3961 Μωῦσέως,
1363 3898 1495 3967 πρὸς
1548 3892 1606 3948 δὲ
1632 3901 1850 3948 καὶτῶν

242 3981 368 4050 μετὰ
471 3987 641 4032 ταῦτα
715 3981 1064 4033 θεοπνεύστων
1137 3992 1447 4050 προφητῶν.
1547 3984 1849 4046 ἐληλυθότος

243 4071 326 4120 καὶ
381 4067 758 4144 πληρῶσαντος
822 4071 888 4121 τὰ
956 4069 1251 4123 ἐλλείποντα
1307 4080 1412 4133 τοῖς
1471 4073 1713 4136 παλαιοῖς
1771 4079 1853 4127 νό-

471 3987 641 4032 ταῦτα
715 3980 1064 4033 θεοπνεύστων
1137 3992 1447 4057 προφητῶν.

242 4176 376 4228 μοις,
444 4160 615 4219 καθὼς
674 4157 832 4220 αὐτὸς
889 4162 1004 4231 ἔφη,
1069 4181 1097 4210 (ι
1159 4160 1271 4213 Ούκ
1337 4163 1494 4220 ἦλθον
1551 4163 1850 4216 καταλῦσαι

246 4249 324 4297 τὸν
369 4252 548 4321 νόμον,
591 4246 720 4300 ἀλλὰ
769 4247 1048 4321 πληρῶσαι
1073 4270 1086 4282 ·
1141 4250 1507 4324 »πεπλήρωκε
1534 4249 1612 4323 δὲ,
1643 4254 1734 4305 air:
1775 4251 1843 4318 δὴ

237 4338 325 4398 τὰς
373 4338 530 4411 ῥίζας
565 4341 651 4390 καὶ
701 4341 792 4398 τὰς
839 4337 1010 4412 ἀρχὰς
1060 4347 1160 4392 τῶν
1217 4340 1604 4414 ἁμαρτημάτων
1661 4343 1847 4397 ἀποτε-

239 4444 343 4496 μων
375 4446 389 4460 ⁸

237 4515 375 4578 τέλος
448 4521 696 4592 χωρήσει
770 4523 892 4570 ποτέ
931 4539 945 4552 ·

470 4425 540 4478 ὧν
616 4426 1004 4500 φυλαττομένων
1048 4471 1061 4496 ,
1139 4427 1306 4491 οὐδεὶς
1380 4435 1509 4504 πρὸς
1585 4433 1846 4511 ἁμαρτίας

1024 4526 1114 4571 τοῦ
1187 4523 1288 4595 γὰρ
1364 4522 1588 4575 παλαιοῦ
1684 4531 1844 4599 νόμον

237 4605 492 4678 λέγοντος,
545 4631 573 4658 ‹‹
629 4609 706 4661 Ού
755 4613 1035 4682 φονεύσεις,
1077 4629 1106 4663 ι
1139 4613 1164 4663 ὁ
1191 4614 1379 4665 τούτου
1409 4634 1464 4666 τε
1490 4621 1580 4668 καὶ
1611 4627 1700 4679 τῆς
1730 4624 1844 4682 νέας

239 4692 399 4771 δοτὴρ
435 4702 692 4773 Χριστὸς,
729 4722 748 4749 ι
781 4697 924 4752 Ούδὶ
953 4699 1276 4776 ὀργισθήση,
1313 4725 1340 4752 ››
1373 4707 1675 4778 προσέθετο,
1705 4730 1734 4757 (ι
1769 4709 1844 4761 Ού

237 4790 565 4859 μοιχεύσεις,
621 4811 650 4838 ››
699 4787 905 4851 ἐκεῖνος·
941 4791 1114 4859 οὗτος,
1160 4815 1181 4843 ‹
1219 4791 1361 4846 Ούδε
1407 4793 1769 4869 ἐπιθυμήσεις⁹
1817 4819 1846 4847 ››

238 4877 334 4928 ὅσα
382 4877 506 4940 ἑξῆς
554 4887 654 4931 τῶν
705 4881 851 4932 θείων
905 4884 1145 4956 Πατέρων
1194 4883 1384 4954 μᾶλλον
1428 4887 1567 4937 ἔστιν
1619 4885 1842 4944 ἀκούειν.

238 4964 316 5018 Ἐν
363 4969 556 5041 αἷματι
613 4970 642 5026 ἡ
703 4973 929 5045 προτέρα
977 4969 1367 5043 έγκεκαίνισται
1424 4977 1656 5034 Διαθὴκη
1686 4999 1698 5011 ·
1754 4983 1845 5031 καὶ

237 5057 361 5114 αὕτη
434 5061 631 5130 ὁμοίως
695 5066 786 5111 τοῦ
854 5058 1143 5132 ἀμολύντου
1222 5061 1414 5135 Ἀμνοῦ
1491 5064 1845 5138 βεϐαιωθεῖσα

236 5142 317 5197 οἷά
367 5167 447 5210 τις
505 5149 740 5206 Διαθήκη
795 5148 845 5201 έν
899 5149 1133 5225 Ἐρυθρῷ
1172 5171 1273 5204 τινι
1321 5152 1608 5226 βασιλικῆς
1653 5156 1846 5232 βαφῆς,

236 5239 415 5310 χειρὸς
472 5239 750 5310 γράμματι
805 5235 882 5292 δι’
930 5238 1049 5292 ὅλου
1098 5249 1190 5292 τοῦ
1228 5242 1385 5314 ὕφους
1441 5253 1842 5322 σεσημασμένη,

237 5324 491 5399 ᾱῤῥηκτος
549 5331 642 5379 καὶ
695 5324 1022 5389 ἀδιάπτωτος
1089 5326 1323 5403 διαμένει
1379 5341 1442 5406 τῇ
1519 5335 1840 5412 Ἐκκλησία·

239 5420 409 5469 καίτοι
457 5417 651 5478 πολλὰς
697 5416 1072 5482 ἐπαναστάσεις
1118 5419 1322 5496 ἐχθρῶν
1377 5425 1678 5497 ύποστᾶσα,
1720 5428 1848 5483 ἀλλὰ

239 5512 325 5558 καὶ
375 5507 553 5561 πυλῶν
607 5503 742 5579 ᾅδου
786 5509 1111 5584 ἰσχυροτέρα
1164 5508 1434 5567 δέδεικται
1489 5525 1550 5590 τῇ
1624 5515 1846 5594 δυνάμει

1967 3183 2214 3254 gislator
2235 3187 2542 3245 decretum
2565 3191 2751 3250 edidit
2779 3195 2988 3253 dicens
3021 3183 3477 3263 obaudiendum
3495 3224 3626 3266 esse

1964 3273 2081 3344 ipsi
2112 3274 2392 3349 datisque
2426 3283 2760 3354 praeceptis,
2794 3284 2989 3343 donec
3022 3288 3114 3345 ille
3159 3293 3388 3350 veniret
3416 3297 3512 3352 cui
3540 3313 3627 3355 re-

1961 3362 2230 3433 positum
2273 3369 2380 3431 est,
2423 3373 2486 3424 ut
2523 3369 2606 3426 ait
2632 3373 2838 3429 Jacob.
2857 3379 2988 3447 Ipse
3011 3394 3152 3435 vero
3174 3383 3404 3453 Moyses
3429 3385 3512 3440 sic
3539 3385 3618 3442 ad

1959 3451 2213 3510 litteram
2236 3455 2469 3513 locutus
2491 3465 2605 3517 est:
2623 3463 2979 3536 Prophetam
2993 3467 3166 3524 vobis
3181 3451 3498 3530 suscitabit
3512 3477 3622 3533 Do-

1960 3545 2184 3615 minus,
2226 3551 2514 3620 tanquam
2556 3567 2682 3608 me:
2735 3553 2903 3611 illum
2931 3558 3212 3630 {audietis
3239 3561 3300 3618 in
3331 3565 3618 3623 omnibus

1958 3648 2094 3705 quae
2124 3635 2299 3692 vobis
2356 3638 2635 3712 loquetur
2653 3643 2724 3698 ³³.

2029 3817 2116 3868 31.
2147 3817 2298 3886 Ergo
2323 3816 2417 3872 ille
2439 3818 2519 3874 ab
2542 3819 2625 3875 eis
2645 3821 2988 3893 praedictus,
3010 3841 3046 3882 a
3074 3827 3302 3886 Jacobo
3324 3830 3614 3891 nimirum

1959 3908 2016 3958 et
2036 3906 2257 3975 Moyse,
2282 3906 2535 3980 aliisque
2549 3914 2757 3980 postea
2771 3911 3075 3984 inspiratis
3099 3931 3135 3971 a
3149 3916 3268 3974 Deo
3279 3920 3615 3993 prophetis,

1959 3994 2120 4050 venit
2172 3996 2615 4070 complevitque
2668 4016 2799 4072 quas
2828 4003 3041 4074 priscis
3073 4004 3312 4076 legibus
3343 4009 3614 4084 deerant,

1959 4081 2108 4137 sicut
2137 4081 2263 4155 ipse
2294 4084 2475 4140 dixit:
2510 4089 2672 4143 «Non
2702 4090 2831 4145 veni
2865 4090 3094 4149 solvere
3119 4094 3336 4165 legem,
3369 4098 3478 4155 sed
3504 4081 3615 4157 ad;

1956 4170 2204 4242 implere
2234 4174 2352 4228 ²¹δ.››
2385 4176 2452 4230 Et
2489 4191 2552 4231 re
2583 4192 2731 4233 sane
2761 4194 2899 4235 vera
2934 4180 3308 4254 adimplevit,
3339 4185 3492 4245 dum
3519 4204 3614 4247 ra-

1957 4260 2119 4317 dices
2149 4262 2529 4339 originesque
2560 4272 2948 4339 peccatorum
2992 4274 3368 4344 amputavit:
3403 4278 3502 4333 cui
3561 4279 3614 4335 si

1957 4366 2090 4406 mos
2119 4358 2573 4422 geratur,nemo
2604 4373 2876 4430 unquam
2889 4367 3207 4432 peccatum
3229 4379 3615 4426 consumma-

1872 4422 1917 4478 Ῑ)
1956 4438 2060 4495 bit.
2095 4444 2244 4498 Nam
2270 4448 2463 4500 vetere
2493 4446 2620 4516 lege
2645 4422 2912 4504 dicente}
2940 4471 2969 4499 «
2991 4453 3119 4506 Non
3150 4453 3412 4522 occides,
3449 4422 3614 4515 »Εῷ

1955 4533 2046 4585 tor
2065 4530 2219 4586 illius
2240 4548 2309 4588 ac
2326 4549 2500 4589 novae
2523 4535 2808 4603 Christus,
2835 4541 2998 4594 «Non
3022 4540 3317 4610 irasceris,
3344 4564 3364 4597 ι
3400 4545 3614 4618 adjun-

1952 4619 2053 4674 xit.
2092 4620 2212 4688 Illa,
2238 4642 2264 4672 ‹‹
2288 4625 2416 4678 Non
2447 4623 2817 4682 adulterabis
2842 4644 2852 4685 ;
2884 4649 2910 4677 »
2933 4627 3030 4684 hic
3057 4633 3185 4687 Non
3215 4635 3614 4706 concupisces

1955 4712 2032 4778 ἐς
2055 4733 2073 4758 ι
2098 4717 2153 4767 et
2173 4727 2555 4785 quaecunque
2569 4715 2686 4771 alia
2711 4731 2748 4771 a
2771 4718 2996 4774 sanctis
3018 4722 3318 4794 pracipue
3335 4723 3615 4782 Patribus

1955 4800 2244 4857 discenda
2263 4808 2420 4858 sunt.
2449 4807 2512 4860 Et
2531 4805 2697 4877 prius
2719 4806 2967 4879 quidem
2990 4812 3442 4870 Testamentum
3465 4830 3615 4872 san-

1956 4891 2133 4962 guine
2185 4892 2532 4950 dedicatum
2562 4894 2706 4964 fuit;
2757 4901 2814 4953 et
2841 4902 3117 4955 nostrum
3172 4901 3289 4958 hoc
3347 4903 3618 4961 similiter

1954 4980 2328 5038 immaculati
2355 4983 2506 5053 Agni
2537 4985 2830 5055 sanguine
2872 4987 3183 5047 ﬁrmatum
3221 4993 3397 5065 quasi
3425 4997 3614 5052 testa-

1956 5076 2226 5128 mentum
2253 5073 2314 5128 in
2342 5074 2646 5145 Erythraeo
2665 5076 2936 5148 quodam
2963 5080 3142 5151 regiae
3172 5081 3461 5151 tinctura,
3484 5099 3617 5141 ma-

1956 5162 2121 5218 nuali
2167 5162 2461 5235 scriptura
2500 5180 2605 5236 per
2653 5171 2844 5222 totum
2896 5174 3238 5227 contextum
3288 5172 3616 5243 signatum,

1955 5253 2229 5323 infragile
2255 5257 2312 5309 et
2340 5270 2462 5310 non
2500 5254 2797 5312 caducum
2837 5263 3042 5315 manet
3077 5260 3367 5328 Ecclesiae,
3397 5263 3621 5320 multas

1957 5358 2027 5399 ea
2050 5343 2186 5400 licet
2207 5344 2590 5401 inimicorum
2623 5347 3001 5416 agressiones
3024 5351 3358 5421 pertulerit;
3376 5353 3625 5412 ﬁrmior-

1957 5448 2075 5505 que
2106 5433 2292 5505 portis
2332 5433 2505 5489 inferi
2536 5435 2833 5507 apparuit,
2879 5437 3097 5495 virtute
3127 5439 3283 5495 illius
3328 5441 3434 5513 qui
3463 5443 3624 5497 hanc

1956 5523 2017 5578 in
2066 5523 2352 5580 cordibus
2402 5523 2673 5582 ﬁdelium
2716 5527 3039 5599 impressit.
3100 5529 3246 5588 Dicit
3292 5533 3453 5588 enim
3495 5532 3626 5600 ipse

311 5635 356 5671 ³³
379 5635 560 5695 Hebr.
591 5651 674 5708 ιι,
703 5637 807 5693 t.”
833 5639 1002 5695 Deut.
1035 5655 1190 5710 xvm,
1229 5643 1377 5703 15.“
1403 5642 1578 5702 Math.
1621 5662 1679 5713 v,
1722 5650 1858 5709 l7."
1899 5650 2087 5710 Exod.
2120 5667 2211 5723 xx,
2240 5650 2435 5722 13-17;
2469 5651 2669 5710 Matth.
2701 5668 2757 5724 v,
2787 5652 2850 5710 2t
2898 5669 3068 5729 seqq.

529 5762 784 5822 PATROL.
829 5762 937 5827 Ga.
974 5764 1135 5826 CXL.

3082 5786 3148 5841 15
