  <div class='ocr_page' id='page_1' title='image "/cluster/home/n/w/nwhite01/storage/ocr_20150623/140/nnc1.0046979905/241.png"; bbox 0 0 4468 6440; ppageno 0'>
   <div class='ocr_carea' id='block_1_1' title="bbox 855 374 2619 447">
    <p class='ocr_par' dir='ltr' id='par_1_1' title="bbox 855 375 2619 438">
     <span class='ocr_line' id='line_1_1' title="bbox 855 375 2619 438; baseline -0.001 0"><span class='ocrx_word' id='word_1_1' title='bbox 855 381 959 438; x_wconf 71' lang='grc'><strong>459</strong></span> <span class='ocrx_word' id='word_1_2' title='bbox 2127 375 2484 436; x_wconf 79' lang='lat' dir='ltr'><strong>THEODOBI</strong></span> <span class='ocrx_word' id='word_1_3' title='bbox 2520 379 2619 436; x_wconf 70' lang='grc' dir='ltr'><strong>ΔΝ</strong></span> 
     </span>
    </p>
   </div>
   <div class='ocr_carea' id='block_1_2' title="bbox 2461 374 4225 447">
    <p class='ocr_par' dir='ltr' id='par_1_2' title="bbox 2461 374 4225 447">
     <span class='ocr_line' id='line_1_2' title="bbox 2461 374 4225 447; baseline 0.006 -11"><span class='ocrx_word' id='word_1_4' title='bbox 2461 379 2484 436; x_wconf 84' lang='grc' dir='ltr'>Ι</span> <span class='ocrx_word' id='word_1_5' title='bbox 2520 379 2693 437; x_wconf 70' lang='grc' dir='ltr'><strong>ΔΝΒΙ</strong></span> <span class='ocrx_word' id='word_1_6' title='bbox 2723 374 2945 438; x_wconf 80' lang='lat' dir='ltr'><strong>)ENSIS</strong></span> <span class='ocrx_word' id='word_1_7' title='bbox 4121 389 4225 447; x_wconf 68' lang='grc'><strong>460</strong></span> 
     </span>
    </p>
   </div>
   <div class='ocr_carea' id='block_1_3' title="bbox 854 495 2618 586">
    <p class='ocr_par' dir='ltr' id='par_1_3' title="bbox 854 495 2581 576">
     <span class='ocr_line' id='line_1_3' title="bbox 854 495 2581 576; baseline -0.001 -16"><span class='ocrx_word' id='word_1_8' title='bbox 854 502 1164 576; x_wconf 71' lang='lat' dir='ltr'><strong>prophetis</strong></span> <span class='ocrx_word' id='word_1_9' title='bbox 1220 515 1358 559; x_wconf 87' lang='lat' dir='ltr'><strong>ore:</strong></span> <span class='ocrx_word' id='word_1_10' title='bbox 1392 523 1422 553; x_wconf 82' lang='lat'>«</span> <span class='ocrx_word' id='word_1_11' title='bbox 1445 503 1591 558; x_wconf 88' lang='lat' dir='ltr'><strong>Ecce</strong></span> <span class='ocrx_word' id='word_1_12' title='bbox 1623 495 1753 557; x_wconf 89' lang='lat' dir='ltr'><strong>dies</strong></span> <span class='ocrx_word' id='word_1_13' title='bbox 1801 501 2072 567; x_wconf 87' lang='lat' dir='ltr'><strong>veniunt,</strong></span> <span class='ocrx_word' id='word_1_14' title='bbox 2128 506 2188 557; x_wconf 89' lang='lat' dir='ltr'><strong>et</strong></span> <span class='ocrx_word' id='word_1_15' title='bbox 2243 507 2504 559; x_wconf 85' lang='lat' dir='ltr'><strong>statuam</strong></span> <span class='ocrx_word' id='word_1_16' title='bbox 2534 509 2581 559; x_wconf 74' lang='grc' dir='ltr'><strong>Α</strong></span> 
     </span>
    </p>
   </div>
   <div class='ocr_carea' id='block_1_4' title="bbox 2457 495 4221 586">
    <p class='ocr_par' dir='ltr' id='par_1_4' title="bbox 2457 507 4221 586">
     <span class='ocr_line' id='line_1_4' title="bbox 2457 507 4221 586; baseline 0.005 -27"><span class='ocrx_word' id='word_1_17' title='bbox 2457 516 2504 558; x_wconf 76' lang='lat'><strong>11</strong></span> <span class='ocrx_word' id='word_1_18' title='bbox 2534 509 2581 559; x_wconf 73' lang='grc' dir='ltr'><strong>Α</strong></span> <span class='ocrx_word' id='word_1_19' title='bbox 2619 510 2712 556; x_wconf 85' lang='grc' dir='ltr'><strong>τοῦ</strong></span> <span class='ocrx_word' id='word_1_20' title='bbox 2740 508 2937 562; x_wconf 78' lang='grc' dir='ltr'>ταύτην</span> <span class='ocrx_word' id='word_1_21' title='bbox 2985 513 3096 567; x_wconf 87' lang='grc' dir='ltr'>ταῖς</span> <span class='ocrx_word' id='word_1_22' title='bbox 3137 507 3348 579; x_wconf 73' lang='grc' dir='ltr'>ψυχαῖς</span> <span class='ocrx_word' id='word_1_23' title='bbox 3393 518 3492 561; x_wconf 84' lang='grc' dir='ltr'><strong>τῶν</strong></span> <span class='ocrx_word' id='word_1_24' title='bbox 3537 517 3739 564; x_wconf 79' lang='grc' dir='ltr'><strong>πιστῶν</strong></span> <span class='ocrx_word' id='word_1_25' title='bbox 3792 511 4186 586; x_wconf 78' lang='grc' dir='ltr'>έγχαράξαντος</span> <span class='ocrx_word' id='word_1_26' title='bbox 4209 533 4221 548; x_wconf 88' lang='grc'><strong>·</strong></span> 
     </span>
    </p>
   </div>
   <div class='ocr_carea' id='block_1_5' title="bbox 854 589 2618 674">
    <p class='ocr_par' dir='ltr' id='par_1_5' title="bbox 854 589 2618 661">
     <span class='ocr_line' id='line_1_5' title="bbox 854 589 2618 661; baseline -0.001 -13"><span class='ocrx_word' id='word_1_27' title='bbox 854 591 1074 659; x_wconf 71' lang='grc' dir='ltr'>ἰωάιιε,</span> <span class='ocrx_word' id='word_1_28' title='bbox 1128 605 1252 647; x_wconf 89' lang='lat' dir='ltr'><strong>non</strong></span> <span class='ocrx_word' id='word_1_29' title='bbox 1311 589 1649 646; x_wconf 85' lang='lat' dir='ltr'><strong>secundum</strong></span> <span class='ocrx_word' id='word_1_30' title='bbox 1700 589 1896 646; x_wconf 69' lang='lat' dir='ltr'><strong>{cadus</strong></span> <span class='ocrx_word' id='word_1_31' title='bbox 1932 589 2099 661; x_wconf 90' lang='lat' dir='ltr'><strong>quod</strong></span> <span class='ocrx_word' id='word_1_32' title='bbox 2155 590 2334 646; x_wconf 89' lang='lat' dir='ltr'><strong>statui</strong></span> <span class='ocrx_word' id='word_1_33' title='bbox 2363 606 2502 646; x_wconf 90' lang='lat' dir='ltr'><strong>cum</strong></span> <span class='ocrx_word' id='word_1_34' title='bbox 2617 593 2618 598; x_wconf 68' lang='grc'><em>“</em></span> 
     </span>
    </p>
   </div>
   <div class='ocr_carea' id='block_1_6' title="bbox 2460 589 4224 674">
    <p class='ocr_par' dir='ltr' id='par_1_6' title="bbox 2460 590 4224 674">
     <span class='ocr_line' id='line_1_6' title="bbox 2460 590 4224 674; baseline 0.007 -32"><span class='ocrx_word' id='word_1_35' title='bbox 2460 606 2502 646; x_wconf 90' lang='lat' dir='ltr'><strong>n</strong></span> <span class='ocrx_word' id='word_1_36' title='bbox 2617 591 2754 663; x_wconf 89' lang='grc' dir='ltr'>λέγει</span> <span class='ocrx_word' id='word_1_37' title='bbox 2795 595 2894 667; x_wconf 83' lang='grc' dir='ltr'><strong>γάρ</strong></span> <span class='ocrx_word' id='word_1_38' title='bbox 2946 590 3040 646; x_wconf 82' lang='grc' dir='ltr'>διὰ</span> <span class='ocrx_word' id='word_1_39' title='bbox 3083 602 3174 647; x_wconf 86' lang='grc' dir='ltr'><strong>τοῦ</strong></span> <span class='ocrx_word' id='word_1_40' title='bbox 3218 603 3487 669; x_wconf 73' lang='grc' dir='ltr'>προφήτου</span> <span class='ocrx_word' id='word_1_41' title='bbox 3511 615 3524 628; x_wconf 89' lang='grc'><strong>·</strong></span> <span class='ocrx_word' id='word_1_42' title='bbox 3564 621 3584 648; x_wconf 76' lang='grc' dir='ltr'><strong>ι</strong></span> <span class='ocrx_word' id='word_1_43' title='bbox 3646 596 3784 653; x_wconf 85' lang='grc' dir='ltr'>Ἰδοὺ</span> <span class='ocrx_word' id='word_1_44' title='bbox 3814 602 4005 674; x_wconf 76' lang='grc' dir='ltr'>ἡμέραι</span> <span class='ocrx_word' id='word_1_45' title='bbox 4044 605 4224 674; x_wconf 77' lang='grc' dir='ltr'>ἔρχον-</span> 
     </span>
    </p>
   </div>
   <div class='ocr_carea' id='block_1_7' title="bbox 852 677 2616 756">
    <p class='ocr_par' dir='ltr' id='par_1_7' title="bbox 852 677 2616 753">
     <span class='ocr_line' id='line_1_7' title="bbox 852 677 2616 753; baseline -0.002 -16"><span class='ocrx_word' id='word_1_46' title='bbox 852 679 1129 753; x_wconf 82' lang='lat' dir='ltr'><strong>patribus</strong></span> <span class='ocrx_word' id='word_1_47' title='bbox 1160 678 1371 734; x_wconf 78' lang='lat' dir='ltr'><strong>vestris</strong></span> <span class='ocrx_word' id='word_1_48' title='bbox 1401 679 1449 713; x_wconf 83' lang='grc'><strong>²⁶</strong></span> <span class='ocrx_word' id='word_1_49' title='bbox 1479 696 1491 746; x_wconf 89' lang='grc'><strong>;</strong></span> <span class='ocrx_word' id='word_1_50' title='bbox 1525 677 1630 733; x_wconf 92' lang='lat' dir='ltr'><strong>sed</strong></span> <span class='ocrx_word' id='word_1_51' title='bbox 1659 677 1822 734; x_wconf 86' lang='lat' dir='ltr'><strong>dabo</strong></span> <span class='ocrx_word' id='word_1_52' title='bbox 1850 678 2012 748; x_wconf 80' lang='lat' dir='ltr'><strong>leges</strong></span> <span class='ocrx_word' id='word_1_53' title='bbox 2039 691 2206 733; x_wconf 86' lang='lat' dir='ltr'><strong>meas</strong></span> <span class='ocrx_word' id='word_1_54' title='bbox 2228 678 2289 732; x_wconf 91' lang='lat' dir='ltr'><strong>in</strong></span> <span class='ocrx_word' id='word_1_55' title='bbox 2317 678 2500 733; x_wconf 87' lang='lat' dir='ltr'><strong>corda</strong></span> <span class='ocrx_word' id='word_1_56' title='bbox 2615 706 2616 711; x_wconf 58' lang='grc' dir='ltr'><strong>π</strong></span> 
     </span>
    </p>
   </div>
   <div class='ocr_carea' id='block_1_8' title="bbox 2459 677 4223 756">
    <p class='ocr_par' dir='ltr' id='par_1_8' title="bbox 2459 678 4223 756">
     <span class='ocr_line' id='line_1_8' title="bbox 2459 678 4223 756; baseline 0.005 -25"><span class='ocrx_word' id='word_1_57' title='bbox 2459 693 2500 733; x_wconf 87' lang='lat' dir='ltr'><strong>.a</strong></span> <span class='ocrx_word' id='word_1_58' title='bbox 2615 699 2721 745; x_wconf 84' lang='grc' dir='ltr'>ται,</span> <span class='ocrx_word' id='word_1_59' title='bbox 2773 687 2862 733; x_wconf 82' lang='grc' dir='ltr'>καὶ</span> <span class='ocrx_word' id='word_1_60' title='bbox 2918 678 3248 754; x_wconf 80' lang='grc' dir='ltr'><strong>διαθήσομαι</strong></span> <span class='ocrx_word' id='word_1_61' title='bbox 3298 681 3418 756; x_wconf 81' lang='grc' dir='ltr'>ὑμῖν</span> <span class='ocrx_word' id='word_1_62' title='bbox 3467 683 3730 745; x_wconf 75' lang='grc' dir='ltr'><strong>διαθήκην</strong></span> <span class='ocrx_word' id='word_1_63' title='bbox 3761 731 3774 753; x_wconf 86' lang='grc'><strong>,</strong></span> <span class='ocrx_word' id='word_1_64' title='bbox 3827 690 3885 740; x_wconf 88' lang='grc' dir='ltr'><strong>ού</strong></span> <span class='ocrx_word' id='word_1_65' title='bbox 3943 692 4080 742; x_wconf 88' lang='grc' dir='ltr'>κατὰ</span> <span class='ocrx_word' id='word_1_66' title='bbox 4129 695 4223 748; x_wconf 72' lang='grc' dir='ltr'>τὴν</span> 
     </span>
    </p>
   </div>
   <div class='ocr_carea' id='block_1_9' title="bbox 851 761 2615 850">
    <p class='ocr_par' dir='ltr' id='par_1_9' title="bbox 851 764 2505 840">
     <span class='ocr_line' id='line_1_9' title="bbox 851 764 2505 840; baseline -0.002 -16"><span class='ocrx_word' id='word_1_67' title='bbox 851 768 1144 840; x_wconf 88' lang='lat' dir='ltr'><strong>ipsorum,</strong></span> <span class='ocrx_word' id='word_1_68' title='bbox 1199 771 1258 823; x_wconf 93' lang='lat' dir='ltr'><strong>et</strong></span> <span class='ocrx_word' id='word_1_69' title='bbox 1295 772 1660 836; x_wconf 78' lang='lat' dir='ltr'><strong>cognoscent</strong></span> <span class='ocrx_word' id='word_1_70' title='bbox 1716 781 1814 821; x_wconf 90' lang='lat' dir='ltr'><strong>me</strong></span> <span class='ocrx_word' id='word_1_71' title='bbox 1870 767 2068 821; x_wconf 87' lang='lat' dir='ltr'><strong>cuncti</strong></span> <span class='ocrx_word' id='word_1_72' title='bbox 2124 781 2160 822; x_wconf 91' lang='lat' dir='ltr'><strong>a</strong></span> <span class='ocrx_word' id='word_1_73' title='bbox 2197 781 2389 836; x_wconf 88' lang='lat' dir='ltr'><strong>parvo</strong></span> <span class='ocrx_word' id='word_1_74' title='bbox 2425 764 2505 820; x_wconf 89' lang='lat' dir='ltr'><strong>ad</strong></span> 
     </span>
    </p>
   </div>
   <div class='ocr_carea' id='block_1_10' title="bbox 2457 761 4221 850">
    <p class='ocr_par' dir='ltr' id='par_1_10' title="bbox 2457 761 4221 850">
     <span class='ocr_line' id='line_1_10' title="bbox 2457 761 4221 850; baseline 0.006 -31"><span class='ocrx_word' id='word_1_75' title='bbox 2457 764 2505 820; x_wconf 72' lang='lat' dir='ltr'><strong>,d</strong></span> <span class='ocrx_word' id='word_1_76' title='bbox 2617 766 2879 827; x_wconf 83' lang='grc' dir='ltr'>διαθήκην</span> <span class='ocrx_word' id='word_1_77' title='bbox 2943 771 3005 828; x_wconf 80' lang='grc' dir='ltr'>ἣν</span> <span class='ocrx_word' id='word_1_78' title='bbox 3074 767 3317 843; x_wconf 78' lang='grc' dir='ltr'><strong>διεθέμην</strong></span> <span class='ocrx_word' id='word_1_79' title='bbox 3385 782 3494 836; x_wconf 89' lang='grc' dir='ltr'>τοῖς</span> <span class='ocrx_word' id='word_1_80' title='bbox 3550 779 3815 850; x_wconf 81' lang='grc' dir='ltr'><strong>πατράσιν</strong></span> <span class='ocrx_word' id='word_1_81' title='bbox 3886 780 4049 849; x_wconf 84' lang='grc' dir='ltr'>ὑμῶν,</span> <span class='ocrx_word' id='word_1_82' title='bbox 4114 761 4221 830; x_wconf 72' lang='grc' dir='ltr'><strong>ιῖιλλ¹</strong></span> 
     </span>
    </p>
   </div>
   <div class='ocr_carea' id='block_1_11' title="bbox 851 853 2615 939">
    <p class='ocr_par' dir='ltr' id='par_1_11' title="bbox 851 853 2615 922">
     <span class='ocr_line' id='line_1_11' title="bbox 851 853 2615 922; baseline -0.003 -8"><span class='ocrx_word' id='word_1_83' title='bbox 851 857 1210 922; x_wconf 81' lang='lat' dir='ltr'><strong>maximum,</strong></span> <span class='ocrx_word' id='word_1_84' title='bbox 1241 858 1299 910; x_wconf 92' lang='lat' dir='ltr'><strong>et</strong></span> <span class='ocrx_word' id='word_1_85' title='bbox 1324 859 1498 910; x_wconf 86' lang='lat' dir='ltr'><strong>erunt</strong></span> <span class='ocrx_word' id='word_1_86' title='bbox 1515 868 1730 909; x_wconf 88' lang='lat' dir='ltr'><strong>omnes</strong></span> <span class='ocrx_word' id='word_1_87' title='bbox 1751 853 2040 910; x_wconf 83' lang='lat' dir='ltr'><strong>docibiles</strong></span> <span class='ocrx_word' id='word_1_88' title='bbox 2078 854 2178 909; x_wconf 89' lang='lat' dir='ltr'><strong>Dei</strong></span> <span class='ocrx_word' id='word_1_89' title='bbox 2207 855 2275 908; x_wconf 75' lang='grc'><strong>⁸⁷.</strong></span> <span class='ocrx_word' id='word_1_90' title='bbox 2316 875 2336 903; x_wconf 78' lang='grc' dir='ltr'><strong><em>ι</em></strong></span> <span class='ocrx_word' id='word_1_91' title='bbox 2369 856 2504 909; x_wconf 87' lang='lat' dir='ltr'><strong>Pro-</strong></span> <span class='ocrx_word' id='word_1_92' title='bbox 2614 895 2615 898; x_wconf 57' lang='grc' dir='ltr'><strong>η</strong></span> 
     </span>
    </p>
   </div>
   <div class='ocr_carea' id='block_1_12' title="bbox 2452 853 4216 939">
    <p class='ocr_par' dir='ltr' id='par_1_12' title="bbox 2452 854 4216 939">
     <span class='ocr_line' id='line_1_12' title="bbox 2452 854 4216 939; baseline 0.005 -32"><span class='ocrx_word' id='word_1_93' title='bbox 2452 869 2504 908; x_wconf 74' lang='lat'><strong>3-</strong></span> <span class='ocrx_word' id='word_1_94' title='bbox 2614 859 2798 929; x_wconf 80' lang='grc' dir='ltr'>ἔσομαι</span> <span class='ocrx_word' id='word_1_95' title='bbox 2867 854 3051 921; x_wconf 85' lang='grc' dir='ltr'>διδούς</span> <span class='ocrx_word' id='word_1_96' title='bbox 3115 865 3305 932; x_wconf 89' lang='grc' dir='ltr'>νόμους</span> <span class='ocrx_word' id='word_1_97' title='bbox 3351 881 3451 933; x_wconf 89' lang='grc' dir='ltr'><strong>μου</strong></span> <span class='ocrx_word' id='word_1_98' title='bbox 3500 863 3572 924; x_wconf 85' lang='grc' dir='ltr'>εἰς</span> <span class='ocrx_word' id='word_1_99' title='bbox 3624 867 3713 925; x_wconf 84' lang='grc' dir='ltr'><strong>τὰς</strong></span> <span class='ocrx_word' id='word_1_100' title='bbox 3765 862 3986 939; x_wconf 79' lang='grc' dir='ltr'><strong>καρδίας</strong></span> <span class='ocrx_word' id='word_1_101' title='bbox 4011 866 4216 918; x_wconf 75' lang='grc' dir='ltr'>αὐτῶν·</span> 
     </span>
    </p>
   </div>
   <div class='ocr_carea' id='block_1_13' title="bbox 853 942 2617 1027">
    <p class='ocr_par' dir='ltr' id='par_1_13' title="bbox 853 942 2617 1018">
     <span class='ocr_line' id='line_1_13' title="bbox 853 942 2617 1018; baseline -0.005 -16"><span class='ocrx_word' id='word_1_102' title='bbox 853 951 1058 1018; x_wconf 89' lang='lat' dir='ltr'><strong>pterea</strong></span> <span class='ocrx_word' id='word_1_103' title='bbox 1085 944 1235 1000; x_wconf 86' lang='lat' dir='ltr'><strong>nihil</strong></span> <span class='ocrx_word' id='word_1_104' title='bbox 1264 945 1552 1014; x_wconf 89' lang='lat' dir='ltr'><strong>scriptum</strong></span> <span class='ocrx_word' id='word_1_105' title='bbox 1580 942 1820 1015; x_wconf 84' lang='lat' dir='ltr'><strong>reliquit</strong></span> <span class='ocrx_word' id='word_1_106' title='bbox 1849 943 2134 1008; x_wconf 82' lang='lat' dir='ltr'><strong>Christus,</strong></span> <span class='ocrx_word' id='word_1_107' title='bbox 2165 942 2269 998; x_wconf 92' lang='lat' dir='ltr'><strong>sed</strong></span> <span class='ocrx_word' id='word_1_108' title='bbox 2299 942 2502 997; x_wconf 88' lang='lat' dir='ltr'><strong>verba-</strong></span> <span class='ocrx_word' id='word_1_109' title='bbox 2614 966 2617 994; x_wconf 72' lang='grc' dir='ltr'><strong><em>ς</em></strong></span> 
     </span>
    </p>
   </div>
   <div class='ocr_carea' id='block_1_14' title="bbox 2455 942 4219 1027">
    <p class='ocr_par' dir='ltr' id='par_1_14' title="bbox 2455 943 4219 1027">
     <span class='ocr_line' id='line_1_14' title="bbox 2455 943 4219 1027; baseline 0.006 -30"><span class='ocrx_word' id='word_1_110' title='bbox 2455 958 2502 997; x_wconf 59' lang='grc' dir='ltr'><strong>Α·</strong></span> <span class='ocrx_word' id='word_1_111' title='bbox 2614 951 2703 997; x_wconf 74' lang='grc' dir='ltr'>καὶ</span> <span class='ocrx_word' id='word_1_112' title='bbox 2757 943 3036 1004; x_wconf 81' lang='grc' dir='ltr'>εἰδήσουσι</span> <span class='ocrx_word' id='word_1_113' title='bbox 3090 968 3153 1020; x_wconf 88' lang='grc' dir='ltr'><strong>με</strong></span> <span class='ocrx_word' id='word_1_114' title='bbox 3202 951 3386 1011; x_wconf 85' lang='grc' dir='ltr'>πάντες</span> <span class='ocrx_word' id='word_1_115' title='bbox 3446 951 3547 1004; x_wconf 79' lang='grc' dir='ltr'>ἀπὸ</span> <span class='ocrx_word' id='word_1_116' title='bbox 3603 962 3796 1027; x_wconf 81' lang='grc' dir='ltr'><strong>μικροῦ</strong></span> <span class='ocrx_word' id='word_1_117' title='bbox 3852 956 3946 1015; x_wconf 79' lang='grc' dir='ltr'>ἕως</span> <span class='ocrx_word' id='word_1_118' title='bbox 3993 954 4219 1027; x_wconf 83' lang='grc' dir='ltr'>μεγάλου</span> 
     </span>
    </p>
   </div>
   <div class='ocr_carea' id='block_1_15' title="bbox 853 1031 2617 1103">
    <p class='ocr_par' dir='ltr' id='par_1_15' title="bbox 853 1031 2617 1103">
     <span class='ocr_line' id='line_1_15' title="bbox 853 1031 2617 1103; baseline -0.003 -12"><span class='ocrx_word' id='word_1_119' title='bbox 853 1034 960 1091; x_wconf 89' lang='lat' dir='ltr'><strong>tim</strong></span> <span class='ocrx_word' id='word_1_120' title='bbox 990 1034 1329 1090; x_wconf 82' lang='lat' dir='ltr'><strong>doctrinam</strong></span> <span class='ocrx_word' id='word_1_121' title='bbox 1380 1037 1559 1103; x_wconf 89' lang='lat' dir='ltr'><strong>atque</strong></span> <span class='ocrx_word' id='word_1_122' title='bbox 1588 1031 1900 1099; x_wconf 86' lang='lat' dir='ltr'><strong>mandata,</strong></span> <span class='ocrx_word' id='word_1_123' title='bbox 1932 1032 1993 1086; x_wconf 89' lang='lat' dir='ltr'><strong>id</strong></span> <span class='ocrx_word' id='word_1_124' title='bbox 2032 1037 2123 1086; x_wconf 88' lang='lat' dir='ltr'><strong>est</strong></span> <span class='ocrx_word' id='word_1_125' title='bbox 2173 1032 2369 1101; x_wconf 91' lang='lat' dir='ltr'><strong>legem</strong></span> <span class='ocrx_word' id='word_1_126' title='bbox 2398 1046 2505 1086; x_wconf 92' lang='lat' dir='ltr'><strong>no-</strong></span> <span class='ocrx_word' id='word_1_127' title='bbox 2616 1065 2617 1076; x_wconf 59' lang='grc' dir='ltr'><strong>ι</strong></span> 
     </span>
    </p>
   </div>
   <div class='ocr_carea' id='block_1_16' title="bbox 2457 1031 4221 1103">
    <p class='ocr_par' dir='ltr' id='par_1_16' title="bbox 2457 1034 4221 1100">
     <span class='ocr_line' id='line_1_16' title="bbox 2457 1034 4221 1100; baseline 0.005 -14"><span class='ocrx_word' id='word_1_128' title='bbox 2457 1046 2505 1086; x_wconf 82' lang='grc'><strong>)-</strong></span> <span class='ocrx_word' id='word_1_129' title='bbox 2616 1034 2815 1085; x_wconf 58' lang='grc' dir='ltr'>αὐτῶν</span> <span class='ocrx_word' id='word_1_130' title='bbox 2876 1040 2965 1086; x_wconf 85' lang='grc' dir='ltr'>καὶ</span> <span class='ocrx_word' id='word_1_131' title='bbox 3018 1038 3223 1088; x_wconf 78' lang='grc' dir='ltr'>ἔσονται</span> <span class='ocrx_word' id='word_1_132' title='bbox 3278 1041 3462 1100; x_wconf 87' lang='grc' dir='ltr'>πάντες</span> <span class='ocrx_word' id='word_1_133' title='bbox 3533 1037 3782 1093; x_wconf 82' lang='grc' dir='ltr'>διδακτοὶ</span> <span class='ocrx_word' id='word_1_134' title='bbox 3840 1050 3996 1099; x_wconf 86' lang='grc' dir='ltr'>Θεοῦ.</span> <span class='ocrx_word' id='word_1_135' title='bbox 4047 1064 4073 1092; x_wconf 78' lang='lat' dir='ltr'><em>n</em></span> <span class='ocrx_word' id='word_1_136' title='bbox 4128 1047 4221 1095; x_wconf 82' lang='grc' dir='ltr'><strong>Διὰ</strong></span> 
     </span>
    </p>
   </div>
   <div class='ocr_carea' id='block_1_17' title="bbox 854 1120 2618 1202">
    <p class='ocr_par' dir='ltr' id='par_1_17' title="bbox 854 1120 2618 1193">
     <span class='ocr_line' id='line_1_17' title="bbox 854 1120 2618 1193; baseline -0.003 -15"><span class='ocrx_word' id='word_1_137' title='bbox 854 1129 1059 1190; x_wconf 88' lang='lat' dir='ltr'><strong>stram,</strong></span> <span class='ocrx_word' id='word_1_138' title='bbox 1113 1122 1321 1189; x_wconf 81' lang='lat' dir='ltr'><strong>dedit;</strong></span> <span class='ocrx_word' id='word_1_139' title='bbox 1354 1127 1412 1176; x_wconf 94' lang='lat' dir='ltr'><strong>et</strong></span> <span class='ocrx_word' id='word_1_140' title='bbox 1436 1136 1545 1193; x_wconf 93' lang='lat' dir='ltr'><strong>per</strong></span> <span class='ocrx_word' id='word_1_141' title='bbox 1572 1122 1900 1190; x_wconf 91' lang='lat' dir='ltr'><strong>practicam</strong></span> <span class='ocrx_word' id='word_1_142' title='bbox 1933 1120 2334 1182; x_wconf 82' lang='lat' dir='ltr'><strong>traditionem,</strong></span> <span class='ocrx_word' id='word_1_143' title='bbox 2377 1136 2504 1191; x_wconf 72' lang='lat' dir='ltr'><strong>my-</strong></span> <span class='ocrx_word' id='word_1_144' title='bbox 2613 1144 2618 1152; x_wconf 59' lang='grc' dir='ltr'><strong>λ</strong></span> 
     </span>
    </p>
   </div>
   <div class='ocr_carea' id='block_1_18' title="bbox 2456 1120 4220 1202">
    <p class='ocr_par' dir='ltr' id='par_1_18' title="bbox 2456 1121 4220 1202">
     <span class='ocr_line' id='line_1_18' title="bbox 2456 1121 4220 1202; baseline 0.006 -30"><span class='ocrx_word' id='word_1_145' title='bbox 2456 1136 2504 1188; x_wconf 67' lang='grc' dir='ltr'><strong>γ’</strong></span> <span class='ocrx_word' id='word_1_146' title='bbox 2613 1131 2767 1174; x_wconf 90' lang='grc' dir='ltr'>τοῦτο</span> <span class='ocrx_word' id='word_1_147' title='bbox 2833 1121 2983 1175; x_wconf 65' lang='grc' dir='ltr'>οὐδὲν</span> <span class='ocrx_word' id='word_1_148' title='bbox 3050 1124 3312 1197; x_wconf 72' lang='grc' dir='ltr'><strong>ἐγγράφως</strong></span> <span class='ocrx_word' id='word_1_149' title='bbox 3368 1129 3634 1181; x_wconf 87' lang='grc' dir='ltr'>κατέλιπεν</span> <span class='ocrx_word' id='word_1_150' title='bbox 3691 1131 3716 1181; x_wconf 93' lang='lat'><strong>6</strong></span> <span class='ocrx_word' id='word_1_151' title='bbox 3775 1135 4023 1202; x_wconf 80' lang='grc' dir='ltr'>Χριστός,</span> <span class='ocrx_word' id='word_1_152' title='bbox 4095 1129 4220 1183; x_wconf 84' lang='grc' dir='ltr'><strong>ἀλλά</strong></span> 
     </span>
    </p>
   </div>
   <div class='ocr_carea' id='block_1_19' title="bbox 855 1207 2619 1287">
    <p class='ocr_par' dir='ltr' id='par_1_19' title="bbox 855 1210 2619 1282">
     <span class='ocr_line' id='line_1_19' title="bbox 855 1210 2619 1282; baseline -0.003 -13"><span class='ocrx_word' id='word_1_153' title='bbox 855 1213 1124 1269; x_wconf 91' lang='lat' dir='ltr'><strong>sterium.</strong></span> <span class='ocrx_word' id='word_1_154' title='bbox 1177 1216 1425 1282; x_wconf 88' lang='lat' dir='ltr'><strong>Insuper</strong></span> <span class='ocrx_word' id='word_1_155' title='bbox 1454 1211 1728 1282; x_wconf 89' lang='lat' dir='ltr'><strong>promisit</strong></span> <span class='ocrx_word' id='word_1_156' title='bbox 1756 1211 1961 1267; x_wconf 90' lang='lat' dir='ltr'><strong>dicens</strong></span> <span class='ocrx_word' id='word_1_157' title='bbox 1992 1228 2003 1265; x_wconf 92' lang='lat'>:</span> <span class='ocrx_word' id='word_1_158' title='bbox 2037 1233 2063 1260; x_wconf 83' lang='lat'><strong>«</strong></span> <span class='ocrx_word' id='word_1_159' title='bbox 2105 1212 2246 1267; x_wconf 88' lang='lat' dir='ltr'><strong>Cum</strong></span> <span class='ocrx_word' id='word_1_160' title='bbox 2278 1210 2506 1264; x_wconf 87' lang='lat' dir='ltr'><strong>venerit</strong></span> <span class='ocrx_word' id='word_1_161' title='bbox 2616 1237 2619 1255; x_wconf 80' lang='grc' dir='ltr'><strong>ι</strong></span> 
     </span>
    </p>
   </div>
   <div class='ocr_carea' id='block_1_20' title="bbox 2454 1207 4218 1287">
    <p class='ocr_par' dir='ltr' id='par_1_20' title="bbox 2454 1207 4218 1287">
     <span class='ocr_line' id='line_1_20' title="bbox 2454 1207 4218 1287; baseline 0.003 -24"><span class='ocrx_word' id='word_1_162' title='bbox 2454 1210 2506 1263; x_wconf 68' lang='lat' dir='ltr'><strong>’it</strong></span> <span class='ocrx_word' id='word_1_163' title='bbox 2616 1207 2710 1262; x_wconf 75' lang='grc' dir='ltr'><strong>διὰ</strong></span> <span class='ocrx_word' id='word_1_164' title='bbox 2759 1210 2921 1282; x_wconf 90' lang='grc' dir='ltr'>λόγων</span> <span class='ocrx_word' id='word_1_165' title='bbox 2976 1215 3066 1283; x_wconf 71' lang='grc' dir='ltr'>μὲν</span> <span class='ocrx_word' id='word_1_166' title='bbox 3111 1216 3177 1264; x_wconf 80' lang='grc' dir='ltr'>τὰ</span> <span class='ocrx_word' id='word_1_167' title='bbox 3232 1211 3547 1287; x_wconf 77' lang='grc' dir='ltr'>διδάγματα</span> <span class='ocrx_word' id='word_1_168' title='bbox 3597 1223 3686 1270; x_wconf 80' lang='grc' dir='ltr'>καὶ</span> <span class='ocrx_word' id='word_1_169' title='bbox 3733 1221 3827 1278; x_wconf 81' lang='grc' dir='ltr'>τὰς</span> <span class='ocrx_word' id='word_1_170' title='bbox 3885 1218 4092 1280; x_wconf 82' lang='grc' dir='ltr'>ἐντολὰς</span> <span class='ocrx_word' id='word_1_171' title='bbox 4133 1224 4218 1271; x_wconf 89' lang='grc' dir='ltr'><strong>τόν</strong></span> 
     </span>
    </p>
   </div>
   <div class='ocr_carea' id='block_1_21' title="bbox 851 1296 2615 1379">
    <p class='ocr_par' dir='ltr' id='par_1_21' title="bbox 851 1296 2615 1371">
     <span class='ocr_line' id='line_1_21' title="bbox 851 1296 2615 1371; baseline -0.005 -15"><span class='ocrx_word' id='word_1_172' title='bbox 851 1301 1210 1366; x_wconf 88' lang='lat' dir='ltr'><strong>Paracletus,</strong></span> <span class='ocrx_word' id='word_1_173' title='bbox 1264 1316 1448 1371; x_wconf 89' lang='lat' dir='ltr'><strong>quem</strong></span> <span class='ocrx_word' id='word_1_174' title='bbox 1478 1314 1590 1368; x_wconf 88' lang='lat' dir='ltr'><strong>ego</strong></span> <span class='ocrx_word' id='word_1_175' title='bbox 1622 1300 1854 1355; x_wconf 84' lang='lat' dir='ltr'><strong>mittam</strong></span> <span class='ocrx_word' id='word_1_176' title='bbox 1884 1299 2056 1355; x_wconf 89' lang='lat' dir='ltr'><strong>vobis</strong></span> <span class='ocrx_word' id='word_1_177' title='bbox 2087 1315 2123 1354; x_wconf 88' lang='lat' dir='ltr'><strong>a</strong></span> <span class='ocrx_word' id='word_1_178' title='bbox 2175 1299 2366 1364; x_wconf 86' lang='lat' dir='ltr'><strong>Patre,</strong></span> <span class='ocrx_word' id='word_1_179' title='bbox 2410 1296 2505 1353; x_wconf 90' lang='lat' dir='ltr'><strong>ille</strong></span> <span class='ocrx_word' id='word_1_180' title='bbox 2614 1321 2615 1347; x_wconf 74' lang='grc' dir='ltr'><em>ς</em></span> 
     </span>
    </p>
   </div>
   <div class='ocr_carea' id='block_1_22' title="bbox 2455 1296 4219 1379">
    <p class='ocr_par' dir='ltr' id='par_1_22' title="bbox 2455 1296 4219 1379">
     <span class='ocr_line' id='line_1_22' title="bbox 2455 1296 4219 1379; baseline 0.005 -30"><span class='ocrx_word' id='word_1_181' title='bbox 2455 1296 2505 1353; x_wconf 83' lang='lat' dir='ltr'><strong>le</strong></span> <span class='ocrx_word' id='word_1_182' title='bbox 2614 1302 2734 1352; x_wconf 80' lang='grc' dir='ltr'>καθ’</span> <span class='ocrx_word' id='word_1_183' title='bbox 2804 1302 2942 1372; x_wconf 82' lang='grc' dir='ltr'>ἡμᾶς</span> <span class='ocrx_word' id='word_1_184' title='bbox 3006 1306 3159 1379; x_wconf 82' lang='grc' dir='ltr'>νόμον</span> <span class='ocrx_word' id='word_1_185' title='bbox 3225 1301 3460 1366; x_wconf 81' lang='grc' dir='ltr'><strong>ἐπέταξεν</strong></span> <span class='ocrx_word' id='word_1_186' title='bbox 3504 1326 3516 1338; x_wconf 78' lang='grc' dir='ltr'><strong>ο</strong></span> <span class='ocrx_word' id='word_1_187' title='bbox 3587 1302 3681 1358; x_wconf 86' lang='grc' dir='ltr'><strong>δια</strong></span> <span class='ocrx_word' id='word_1_188' title='bbox 3754 1303 3813 1359; x_wconf 76' lang='grc' dir='ltr'><strong>δε</strong></span> <span class='ocrx_word' id='word_1_189' title='bbox 3878 1304 4219 1379; x_wconf 68' lang='grc' dir='ltr'><strong>παραδόσεως</strong></span> 
     </span>
    </p>
   </div>
   <div class='ocr_carea' id='block_1_23' title="bbox 849 1376 2613 1466">
    <p class='ocr_par' dir='ltr' id='par_1_23' title="bbox 849 1387 2503 1457">
     <span class='ocr_line' id='line_1_23' title="bbox 849 1387 2503 1457; baseline -0.003 -12"><span class='ocrx_word' id='word_1_190' title='bbox 849 1405 960 1446; x_wconf 91' lang='lat' dir='ltr'><strong>vos</strong></span> <span class='ocrx_word' id='word_1_191' title='bbox 1010 1388 1252 1445; x_wconf 88' lang='lat' dir='ltr'><strong>docebit</strong></span> <span class='ocrx_word' id='word_1_192' title='bbox 1307 1388 1530 1455; x_wconf 84' lang='lat' dir='ltr'><strong>omnia,</strong></span> <span class='ocrx_word' id='word_1_193' title='bbox 1564 1393 1621 1442; x_wconf 92' lang='lat' dir='ltr'><strong>et</strong></span> <span class='ocrx_word' id='word_1_194' title='bbox 1648 1387 1710 1442; x_wconf 90' lang='lat' dir='ltr'><strong>in</strong></span> <span class='ocrx_word' id='word_1_195' title='bbox 1742 1393 2004 1443; x_wconf 91' lang='lat' dir='ltr'><strong>mentem</strong></span> <span class='ocrx_word' id='word_1_196' title='bbox 2035 1387 2338 1443; x_wconf 88' lang='lat' dir='ltr'><strong>revocabit</strong></span> <span class='ocrx_word' id='word_1_197' title='bbox 2366 1402 2503 1457; x_wconf 78' lang='lat' dir='ltr'><strong>quae</strong></span> 
     </span>
    </p>
   </div>
   <div class='ocr_carea' id='block_1_24' title="bbox 2449 1376 4213 1466">
    <p class='ocr_par' dir='ltr' id='par_1_24' title="bbox 2453 1376 4213 1466">
     <span class='ocr_line' id='line_1_24' title="bbox 2453 1376 4213 1466; baseline 0.003 -26"><span class='ocrx_word' id='word_1_198' title='bbox 2453 1403 2503 1440; x_wconf 72' lang='lat' dir='ltr'><strong>aa</strong></span> <span class='ocrx_word' id='word_1_199' title='bbox 2614 1397 2908 1462; x_wconf 80' lang='grc' dir='ltr'><strong>πρακτικῆς</strong></span> <span class='ocrx_word' id='word_1_200' title='bbox 2961 1376 3388 1465; x_wconf 49' lang='grc' dir='ltr'>τόδμυστήριον.</span> <span class='ocrx_word' id='word_1_201' title='bbox 3447 1393 3561 1445; x_wconf 85' lang='grc' dir='ltr'><strong>Ἐπὶ</strong></span> <span class='ocrx_word' id='word_1_202' title='bbox 3617 1391 3675 1447; x_wconf 75' lang='grc' dir='ltr'><strong>δε</strong></span> <span class='ocrx_word' id='word_1_203' title='bbox 3724 1397 3987 1466; x_wconf 73' lang='grc' dir='ltr'>ὑπέσχετο</span> <span class='ocrx_word' id='word_1_204' title='bbox 4036 1395 4213 1466; x_wconf 86' lang='grc' dir='ltr'>λέγων·</span> 
     </span>
    </p>
   </div>
   <div class='ocr_carea' id='block_1_25' title="bbox 851 1473 2615 1555">
    <p class='ocr_par' dir='ltr' id='par_1_25' title="bbox 851 1476 2503 1547">
     <span class='ocr_line' id='line_1_25' title="bbox 851 1476 2503 1547; baseline -0.004 -13"><span class='ocrx_word' id='word_1_205' title='bbox 851 1478 1024 1534; x_wconf 89' lang='lat' dir='ltr'><strong>vobis</strong></span> <span class='ocrx_word' id='word_1_206' title='bbox 1053 1477 1198 1543; x_wconf 84' lang='lat' dir='ltr'><strong>dixi,</strong></span> <span class='ocrx_word' id='word_1_207' title='bbox 1257 1481 1314 1531; x_wconf 89' lang='lat' dir='ltr'><strong>et</strong></span> <span class='ocrx_word' id='word_1_208' title='bbox 1346 1476 1462 1531; x_wconf 89' lang='lat' dir='ltr'><strong>alia</strong></span> <span class='ocrx_word' id='word_1_209' title='bbox 1490 1476 1889 1541; x_wconf 88' lang='lat' dir='ltr'><strong>annuntiabit,</strong></span> <span class='ocrx_word' id='word_1_210' title='bbox 1916 1491 2052 1547; x_wconf 65' lang='lat' dir='ltr'><strong>quae</strong></span> <span class='ocrx_word' id='word_1_211' title='bbox 2084 1476 2358 1530; x_wconf 90' lang='lat' dir='ltr'><strong>nondum</strong></span> <span class='ocrx_word' id='word_1_212' title='bbox 2402 1490 2503 1529; x_wconf 89' lang='lat' dir='ltr'><strong>au-</strong></span> 
     </span>
    </p>
   </div>
   <div class='ocr_carea' id='block_1_26' title="bbox 2452 1473 4216 1555">
    <p class='ocr_par' dir='ltr' id='par_1_26' title="bbox 2452 1473 4216 1555">
     <span class='ocr_line' id='line_1_26' title="bbox 2452 1473 4216 1555; baseline 0.005 -29"><span class='ocrx_word' id='word_1_213' title='bbox 2452 1491 2503 1527; x_wconf 65' lang='grc' dir='ltr'>ιι·</span> <span class='ocrx_word' id='word_1_214' title='bbox 2617 1498 2644 1523; x_wconf 90' lang='grc'><strong>‹‹</strong></span> <span class='ocrx_word' id='word_1_215' title='bbox 2691 1474 2852 1526; x_wconf 82' lang='grc' dir='ltr'>Ὀταν</span> <span class='ocrx_word' id='word_1_216' title='bbox 2910 1473 3031 1548; x_wconf 76' lang='grc' dir='ltr'>ἔλθη</span> <span class='ocrx_word' id='word_1_217' title='bbox 3073 1480 3099 1528; x_wconf 90' lang='lat'><strong>6</strong></span> <span class='ocrx_word' id='word_1_218' title='bbox 3159 1480 3518 1552; x_wconf 84' lang='grc' dir='ltr'>Παράκλητος,</span> <span class='ocrx_word' id='word_1_219' title='bbox 3579 1482 3633 1532; x_wconf 84' lang='grc' dir='ltr'>ὃν</span> <span class='ocrx_word' id='word_1_220' title='bbox 3690 1485 3790 1552; x_wconf 81' lang='grc' dir='ltr'><strong>ἐγὼ</strong></span> <span class='ocrx_word' id='word_1_221' title='bbox 3848 1483 4038 1555; x_wconf 73' lang='grc' dir='ltr'>πέμψω</span> <span class='ocrx_word' id='word_1_222' title='bbox 4097 1485 4216 1554; x_wconf 85' lang='grc' dir='ltr'>ύμῖν</span> 
     </span>
    </p>
   </div>
   <div class='ocr_carea' id='block_1_27' title="bbox 851 1563 2615 1642">
    <p class='ocr_par' dir='ltr' id='par_1_27' title="bbox 851 1563 2615 1624">
     <span class='ocr_line' id='line_1_27' title="bbox 851 1563 2615 1624; baseline -0.004 -2"><span class='ocrx_word' id='word_1_223' title='bbox 851 1567 976 1622; x_wconf 91' lang='lat' dir='ltr'><strong>dire</strong></span> <span class='ocrx_word' id='word_1_224' title='bbox 1002 1572 1058 1622; x_wconf 90' lang='lat' dir='ltr'><strong>et</strong></span> <span class='ocrx_word' id='word_1_225' title='bbox 1099 1565 1251 1621; x_wconf 86' lang='lat' dir='ltr'><strong>ferre</strong></span> <span class='ocrx_word' id='word_1_226' title='bbox 1277 1564 1485 1619; x_wconf 90' lang='lat' dir='ltr'><strong>valetis</strong></span> <span class='ocrx_word' id='word_1_227' title='bbox 1510 1565 1576 1615; x_wconf 80' lang='grc'><strong>³⁸.</strong></span> <span class='ocrx_word' id='word_1_228' title='bbox 1601 1586 1628 1613; x_wconf 88' lang='grc'><strong>››</strong></span> <span class='ocrx_word' id='word_1_229' title='bbox 1663 1567 1901 1620; x_wconf 80' lang='lat' dir='ltr'><strong>Factum</strong></span> <span class='ocrx_word' id='word_1_230' title='bbox 1935 1579 2074 1618; x_wconf 89' lang='lat' dir='ltr'><strong>vero</strong></span> <span class='ocrx_word' id='word_1_231' title='bbox 2104 1563 2164 1618; x_wconf 91' lang='lat' dir='ltr'><strong>id</strong></span> <span class='ocrx_word' id='word_1_232' title='bbox 2218 1569 2329 1624; x_wconf 87' lang='lat' dir='ltr'><strong>est,</strong></span> <span class='ocrx_word' id='word_1_233' title='bbox 2364 1577 2501 1616; x_wconf 92' lang='lat' dir='ltr'><strong>cum</strong></span> <span class='ocrx_word' id='word_1_234' title='bbox 2612 1588 2615 1596; x_wconf 86' lang='lat'><em>-</em></span> 
     </span>
    </p>
   </div>
   <div class='ocr_carea' id='block_1_28' title="bbox 2453 1563 4217 1642">
    <p class='ocr_par' dir='ltr' id='par_1_28' title="bbox 2453 1566 4217 1642">
     <span class='ocr_line' id='line_1_28' title="bbox 2453 1566 4217 1642; baseline 0.005 -26"><span class='ocrx_word' id='word_1_235' title='bbox 2453 1577 2501 1616; x_wconf 87' lang='lat' dir='ltr'><strong>m</strong></span> <span class='ocrx_word' id='word_1_236' title='bbox 2612 1567 2755 1636; x_wconf 84' lang='grc' dir='ltr'><strong>παρά</strong></span> <span class='ocrx_word' id='word_1_237' title='bbox 2801 1572 2892 1616; x_wconf 89' lang='grc' dir='ltr'><strong>τοῦ</strong></span> <span class='ocrx_word' id='word_1_238' title='bbox 2945 1571 3189 1637; x_wconf 87' lang='grc' dir='ltr'>Πατρός,-</span> <span class='ocrx_word' id='word_1_239' title='bbox 3214 1566 3396 1628; x_wconf 72' lang='grc' dir='ltr'>ἐκεῖνος</span> <span class='ocrx_word' id='word_1_240' title='bbox 3435 1566 3645 1632; x_wconf 79' lang='grc' dir='ltr'>διδάξει</span> <span class='ocrx_word' id='word_1_241' title='bbox 3688 1571 3825 1642; x_wconf 78' lang='grc' dir='ltr'>ὑμᾶς</span> <span class='ocrx_word' id='word_1_242' title='bbox 3863 1578 3952 1623; x_wconf 81' lang='grc' dir='ltr'>καὶ</span> <span class='ocrx_word' id='word_1_243' title='bbox 3993 1574 4217 1642; x_wconf 81' lang='grc' dir='ltr'>ὑπομνη-</span> 
     </span>
    </p>
   </div>
   <div class='ocr_carea' id='block_1_29' title="bbox 847 1630 2611 1730">
    <p class='ocr_par' dir='ltr' id='par_1_29' title="bbox 847 1653 1476 1712">
     <span class='ocr_line' id='line_1_29' title="bbox 847 1653 1476 1712; baseline -0.006 -1"><span class='ocrx_word' id='word_1_244' title='bbox 847 1655 1092 1712; x_wconf 89' lang='lat' dir='ltr'><strong>advenit</strong></span> <span class='ocrx_word' id='word_1_245' title='bbox 1121 1653 1476 1709; x_wconf 88' lang='lat' dir='ltr'><strong>Paracletus.</strong></span> 
     </span>
    </p>
   </div>
   <div class='ocr_carea' id='block_1_30' title="bbox 2455 1630 4219 1730">
    <p class='ocr_par' dir='ltr' id='par_1_30' title="bbox 2616 1652 4219 1730">
     <span class='ocr_line' id='line_1_30' title="bbox 2616 1652 4219 1730; baseline 0.006 -27"><span class='ocrx_word' id='word_1_246' title='bbox 2616 1672 2694 1703; x_wconf 90' lang='grc' dir='ltr'><strong>σει</strong></span> <span class='ocrx_word' id='word_1_247' title='bbox 2750 1655 2920 1704; x_wconf 84' lang='grc' dir='ltr'>πάντα</span> <span class='ocrx_word' id='word_1_248' title='bbox 2970 1653 3002 1704; x_wconf 82' lang='grc' dir='ltr'><strong>ἀ</strong></span> <span class='ocrx_word' id='word_1_249' title='bbox 3055 1652 3194 1706; x_wconf 83' lang='grc' dir='ltr'>εἶπον</span> <span class='ocrx_word' id='word_1_250' title='bbox 3243 1657 3400 1726; x_wconf 58' lang='grc' dir='ltr'>ύμῖν</span> <span class='ocrx_word' id='word_1_251' title='bbox 3445 1664 3534 1710; x_wconf 88' lang='lat' dir='ltr'><strong>xui</strong></span> <span class='ocrx_word' id='word_1_252' title='bbox 3585 1658 3748 1710; x_wconf 76' lang='grc' dir='ltr'>τᾶλλα</span> <span class='ocrx_word' id='word_1_253' title='bbox 3796 1658 4086 1730; x_wconf 70' lang='grc' dir='ltr'><strong>ἀναγγελεῖ,</strong></span> <span class='ocrx_word' id='word_1_254' title='bbox 4118 1663 4219 1712; x_wconf 83' lang='grc' dir='ltr'>ὅσα</span> 
     </span>
    </p>
   </div>
   <div class='ocr_carea' id='block_1_31' title="bbox 850 1738 3528 1817">
    <p class='ocr_par' dir='ltr' id='par_1_31' title="bbox 850 1738 3528 1817">
     <span class='ocr_line' id='line_1_31' title="bbox 850 1738 3528 1817; baseline 0 -19"><span class='ocrx_word' id='word_1_255' title='bbox 850 1745 1054 1797; x_wconf 77' lang='grc' dir='ltr'><strong>ἀκούειν</strong></span> <span class='ocrx_word' id='word_1_256' title='bbox 1084 1745 1113 1801; x_wconf 75' lang='grc' dir='ltr'><em>ἡ</em></span> <span class='ocrx_word' id='word_1_257' title='bbox 1142 1741 1428 1814; x_wconf 76' lang='grc' dir='ltr'><strong>βαστάζειν</strong></span> <span class='ocrx_word' id='word_1_258' title='bbox 1460 1743 1518 1794; x_wconf 79' lang='grc' dir='ltr'><strong>ού</strong></span> <span class='ocrx_word' id='word_1_259' title='bbox 1552 1739 1783 1795; x_wconf 81' lang='grc' dir='ltr'>δύνασθε</span> <span class='ocrx_word' id='word_1_260' title='bbox 1807 1745 1947 1817; x_wconf 80' lang='grc' dir='ltr'>ἄρτι.</span> <span class='ocrx_word' id='word_1_261' title='bbox 1983 1765 2008 1792; x_wconf 85' lang='grc'><strong>››</strong></span> <span class='ocrx_word' id='word_1_262' title='bbox 2045 1747 2222 1812; x_wconf 79' lang='grc' dir='ltr'><strong>Γέγονε</strong></span> <span class='ocrx_word' id='word_1_263' title='bbox 2254 1738 2436 1813; x_wconf 76' lang='grc' dir='ltr'>δεὸπερ</span> <span class='ocrx_word' id='word_1_264' title='bbox 2467 1741 2752 1812; x_wconf 74' lang='grc' dir='ltr'>ὑπέσχετο,</span> <span class='ocrx_word' id='word_1_265' title='bbox 2781 1752 2869 1794; x_wconf 78' lang='grc' dir='ltr'><strong>του</strong></span> <span class='ocrx_word' id='word_1_266' title='bbox 2905 1744 3246 1815; x_wconf 81' lang='grc' dir='ltr'>Παρακλητου</span> <span class='ocrx_word' id='word_1_267' title='bbox 3277 1744 3528 1808; x_wconf 88' lang='grc' dir='ltr'>ἐλθόντος.</span> 
     </span>
    </p>
   </div>
   <div class='ocr_carea' id='block_1_32' title="bbox 919 1829 2683 1912">
    <p class='ocr_par' dir='ltr' id='par_1_32' title="bbox 919 1831 2571 1904">
     <span class='ocr_line' id='line_1_32' title="bbox 919 1831 2571 1904; baseline -0.005 -13"><span class='ocrx_word' id='word_1_268' title='bbox 919 1840 1006 1891; x_wconf 84' lang='lat'><strong>32.</strong></span> <span class='ocrx_word' id='word_1_269' title='bbox 1037 1837 1198 1889; x_wconf 92' lang='lat' dir='ltr'><strong>Tunc</strong></span> <span class='ocrx_word' id='word_1_270' title='bbox 1230 1833 1486 1904; x_wconf 86' lang='lat' dir='ltr'><strong>apostoli</strong></span> <span class='ocrx_word' id='word_1_271' title='bbox 1541 1833 1812 1888; x_wconf 80' lang='lat' dir='ltr'><strong>exstitere</strong></span> <span class='ocrx_word' id='word_1_272' title='bbox 1842 1833 2111 1904; x_wconf 87' lang='lat' dir='ltr'><strong>episcopi</strong></span> <span class='ocrx_word' id='word_1_273' title='bbox 2141 1849 2151 1897; x_wconf 90' lang='lat'>;</span> <span class='ocrx_word' id='word_1_274' title='bbox 2186 1837 2239 1886; x_wconf 89' lang='lat' dir='ltr'><strong>et</strong></span> <span class='ocrx_word' id='word_1_275' title='bbox 2293 1831 2498 1885; x_wconf 81' lang='lat' dir='ltr'><strong>divino</strong></span> <span class='ocrx_word' id='word_1_276' title='bbox 2536 1832 2571 1883; x_wconf 83' lang='grc' dir='ltr'><strong>Β</strong></span> 
     </span>
    </p>
   </div>
   <div class='ocr_carea' id='block_1_33' title="bbox 2451 1829 4215 1912">
    <p class='ocr_par' dir='ltr' id='par_1_33' title="bbox 2451 1829 4215 1912">
     <span class='ocr_line' id='line_1_33' title="bbox 2451 1829 4215 1912; baseline 0.005 -31"><span class='ocrx_word' id='word_1_277' title='bbox 2451 1845 2498 1882; x_wconf 56' lang='grc' dir='ltr'>ιο</span> <span class='ocrx_word' id='word_1_278' title='bbox 2536 1832 2571 1883; x_wconf 84' lang='grc' dir='ltr'>Β</span> <span class='ocrx_word' id='word_1_279' title='bbox 2838 1836 2964 1883; x_wconf 83' lang='grc' dir='ltr'><strong>Τότε</strong></span> <span class='ocrx_word' id='word_1_280' title='bbox 3014 1829 3081 1889; x_wconf 85' lang='grc' dir='ltr'>δὴ</span> <span class='ocrx_word' id='word_1_281' title='bbox 3110 1853 3122 1865; x_wconf 88' lang='grc'><strong>·</strong></span> <span class='ocrx_word' id='word_1_282' title='bbox 3158 1840 3247 1884; x_wconf 85' lang='grc' dir='ltr'>καὶ</span> <span class='ocrx_word' id='word_1_283' title='bbox 3279 1834 3540 1907; x_wconf 74' lang='grc' dir='ltr'>ἀρχιερεῖς</span> <span class='ocrx_word' id='word_1_284' title='bbox 3581 1839 3625 1886; x_wconf 72' lang='grc' dir='ltr'>οἱ</span> <span class='ocrx_word' id='word_1_285' title='bbox 3667 1835 3948 1890; x_wconf 77' lang='grc' dir='ltr'>ἀπόστολοι</span> <span class='ocrx_word' id='word_1_286' title='bbox 3979 1837 4215 1912; x_wconf 81' lang='grc' dir='ltr'>ἐχρημά-</span> 
     </span>
    </p>
   </div>
   <div class='ocr_carea' id='block_1_34' title="bbox 845 1920 2498 1996">
    <p class='ocr_par' dir='ltr' id='par_1_34' title="bbox 845 1920 2498 1996">
     <span class='ocr_line' id='line_1_34' title="bbox 845 1920 2498 1996; baseline -0.005 -17"><span class='ocrx_word' id='word_1_287' title='bbox 845 1923 951 1996; x_wconf 90' lang='lat' dir='ltr'><strong>qui</strong></span> <span class='ocrx_word' id='word_1_288' title='bbox 979 1924 1042 1978; x_wconf 91' lang='lat' dir='ltr'><strong>in</strong></span> <span class='ocrx_word' id='word_1_289' title='bbox 1070 1921 1219 1994; x_wconf 88' lang='lat' dir='ltr'><strong>ipsis</strong></span> <span class='ocrx_word' id='word_1_290' title='bbox 1245 1921 1638 1991; x_wconf 88' lang='lat' dir='ltr'><strong>inhabitabat,</strong></span> <span class='ocrx_word' id='word_1_291' title='bbox 1674 1921 1786 1976; x_wconf 91' lang='lat' dir='ltr'><strong>snb</strong></span> <span class='ocrx_word' id='word_1_292' title='bbox 1811 1922 2124 1990; x_wconf 91' lang='lat' dir='ltr'><strong>ignearum</strong></span> <span class='ocrx_word' id='word_1_293' title='bbox 2155 1920 2498 1988; x_wconf 78' lang='lat' dir='ltr'><strong>linguarum</strong></span> 
     </span>
    </p>
   </div>
   <div class='ocr_carea' id='block_1_35' title="bbox 849 2009 2499 2085">
    <p class='ocr_par' dir='ltr' id='par_1_35' title="bbox 849 2009 2499 2085">
     <span class='ocr_line' id='line_1_35' title="bbox 849 2009 2499 2085; baseline -0.005 -16"><span class='ocrx_word' id='word_1_294' title='bbox 849 2013 1068 2085; x_wconf 87' lang='lat' dir='ltr'><strong>specie,</strong></span> <span class='ocrx_word' id='word_1_295' title='bbox 1123 2011 1343 2084; x_wconf 88' lang='lat' dir='ltr'><strong>Spiritu</strong></span> <span class='ocrx_word' id='word_1_296' title='bbox 1375 2010 1678 2065; x_wconf 88' lang='lat' dir='ltr'><strong>erudiente</strong></span> <span class='ocrx_word' id='word_1_297' title='bbox 1727 2026 1831 2065; x_wconf 91' lang='lat' dir='ltr'><strong>eos</strong></span> <span class='ocrx_word' id='word_1_298' title='bbox 1885 2026 2022 2082; x_wconf 68' lang='lat' dir='ltr'><strong>quae</strong></span> <span class='ocrx_word' id='word_1_299' title='bbox 2077 2009 2412 2080; x_wconf 86' lang='lat' dir='ltr'><strong>oportebat,</strong></span> <span class='ocrx_word' id='word_1_300' title='bbox 2446 2011 2499 2061; x_wconf 90' lang='lat' dir='ltr'><strong>et</strong></span> 
     </span>
    </p>
   </div>
   <div class='ocr_carea' id='block_1_36' title="bbox 842 2096 2496 2173">
    <p class='ocr_par' dir='ltr' id='par_1_36' title="bbox 842 2096 2496 2173">
     <span class='ocr_line' id='line_1_36' title="bbox 842 2096 2496 2173; baseline -0.005 -15"><span class='ocrx_word' id='word_1_301' title='bbox 842 2101 1166 2173; x_wconf 88' lang='lat' dir='ltr'><strong>unicuique</strong></span> <span class='ocrx_word' id='word_1_302' title='bbox 1198 2104 1438 2170; x_wconf 82' lang='lat' dir='ltr'><strong>gentem</strong></span> <span class='ocrx_word' id='word_1_303' title='bbox 1461 2114 1636 2154; x_wconf 87' lang='lat' dir='ltr'><strong>suam</strong></span> <span class='ocrx_word' id='word_1_304' title='bbox 1664 2099 2031 2168; x_wconf 88' lang='lat' dir='ltr'><strong>assignante.</strong></span> <span class='ocrx_word' id='word_1_305' title='bbox 2051 2098 2224 2168; x_wconf 88' lang='lat' dir='ltr'><strong>cujus</strong></span> <span class='ocrx_word' id='word_1_306' title='bbox 2250 2096 2496 2152; x_wconf 91' lang='lat' dir='ltr'><strong>eosdem</strong></span> 
     </span>
    </p>
   </div>
   <div class='ocr_carea' id='block_1_37' title="bbox 840 2188 2495 2261">
    <p class='ocr_par' dir='ltr' id='par_1_37' title="bbox 840 2188 2495 2261">
     <span class='ocr_line' id='line_1_37' title="bbox 840 2188 2495 2261; baseline -0.005 -13"><span class='ocrx_word' id='word_1_307' title='bbox 840 2193 1114 2261; x_wconf 87' lang='lat' dir='ltr'><strong>linguam</strong></span> <span class='ocrx_word' id='word_1_308' title='bbox 1144 2189 1419 2258; x_wconf 90' lang='lat' dir='ltr'><strong>docebat,</strong></span> <span class='ocrx_word' id='word_1_309' title='bbox 1453 2188 1690 2244; x_wconf 87' lang='lat' dir='ltr'><strong>divinas</strong></span> <span class='ocrx_word' id='word_1_310' title='bbox 1721 2189 2147 2260; x_wconf 89' lang='lat' dir='ltr'><strong>mysteriorum</strong></span> <span class='ocrx_word' id='word_1_311' title='bbox 2201 2201 2408 2258; x_wconf 88' lang='lat' dir='ltr'><strong>preces</strong></span> <span class='ocrx_word' id='word_1_312' title='bbox 2441 2190 2495 2240; x_wconf 93' lang='lat' dir='ltr'><strong>et</strong></span> 
     </span>
    </p>
   </div>
   <div class='ocr_carea' id='block_1_38' title="bbox 841 2277 2493 2350">
    <p class='ocr_par' dir='ltr' id='par_1_38' title="bbox 841 2277 2493 2350">
     <span class='ocr_line' id='line_1_38' title="bbox 841 2277 2493 2350; baseline -0.004 -14"><span class='ocrx_word' id='word_1_313' title='bbox 841 2296 1015 2338; x_wconf 89' lang='lat' dir='ltr'><strong>sacra</strong></span> <span class='ocrx_word' id='word_1_314' title='bbox 1067 2278 1285 2348; x_wconf 74' lang='lat' dir='ltr'><strong>officia,</strong></span> <span class='ocrx_word' id='word_1_315' title='bbox 1320 2282 1499 2350; x_wconf 88' lang='lat' dir='ltr'><strong>prout</strong></span> <span class='ocrx_word' id='word_1_316' title='bbox 1549 2292 1698 2348; x_wconf 91' lang='lat' dir='ltr'><strong>gens</strong></span> <span class='ocrx_word' id='word_1_317' title='bbox 1747 2293 2005 2350; x_wconf 66' lang='lat' dir='ltr'><strong>quisque</strong></span> <span class='ocrx_word' id='word_1_318' title='bbox 2057 2277 2180 2348; x_wconf 89' lang='lat' dir='ltr'><strong>pati</strong></span> <span class='ocrx_word' id='word_1_319' title='bbox 2239 2280 2493 2347; x_wconf 88' lang='lat' dir='ltr'><strong>poterat,</strong></span> 
     </span>
    </p>
   </div>
   <div class='ocr_carea' id='block_1_39' title="bbox 839 2364 2495 2440">
    <p class='ocr_par' dir='ltr' id='par_1_39' title="bbox 839 2364 2495 2440">
     <span class='ocr_line' id='line_1_39' title="bbox 839 2364 2495 2440; baseline -0.004 -15"><span class='ocrx_word' id='word_1_320' title='bbox 839 2375 896 2426; x_wconf 90' lang='lat' dir='ltr'><strong>et</strong></span> <span class='ocrx_word' id='word_1_321' title='bbox 919 2375 1258 2440; x_wconf 88' lang='lat' dir='ltr'><strong>temporum</strong></span> <span class='ocrx_word' id='word_1_322' title='bbox 1291 2366 1575 2437; x_wconf 90' lang='lat' dir='ltr'><strong>adjuncta</strong></span> <span class='ocrx_word' id='word_1_323' title='bbox 1605 2366 1898 2434; x_wconf 83' lang='lat' dir='ltr'><strong>ferebant,</strong></span> <span class='ocrx_word' id='word_1_324' title='bbox 1917 2370 1975 2421; x_wconf 92' lang='lat' dir='ltr'><strong>et</strong></span> <span class='ocrx_word' id='word_1_325' title='bbox 2004 2364 2495 2437; x_wconf 85' lang='lat' dir='ltr'><strong>persequentium</strong></span> 
     </span>
    </p>
   </div>
   <div class='ocr_carea' id='block_1_40' title="bbox 837 2454 2495 2528">
    <p class='ocr_par' dir='ltr' id='par_1_40' title="bbox 837 2454 2495 2528">
     <span class='ocr_line' id='line_1_40' title="bbox 837 2454 2495 2528; baseline -0.005 -12"><span class='ocrx_word' id='word_1_326' title='bbox 837 2458 1093 2526; x_wconf 60' lang='lat' dir='ltr'><strong>insidias,</strong></span> <span class='ocrx_word' id='word_1_327' title='bbox 1127 2457 1212 2512; x_wconf 91' lang='lat' dir='ltr'><strong>sic</strong></span> <span class='ocrx_word' id='word_1_328' title='bbox 1262 2455 1652 2528; x_wconf 75' lang='lat' dir='ltr'><strong>peragebant.</strong></span> <span class='ocrx_word' id='word_1_329' title='bbox 1693 2458 1758 2512; x_wconf 91' lang='lat' dir='ltr'><strong>Et</strong></span> <span class='ocrx_word' id='word_1_330' title='bbox 1812 2454 2094 2528; x_wconf 90' lang='lat' dir='ltr'><strong>precibus</strong></span> <span class='ocrx_word' id='word_1_331' title='bbox 2134 2454 2380 2526; x_wconf 90' lang='lat' dir='ltr'><strong>quidem</strong></span> <span class='ocrx_word' id='word_1_332' title='bbox 2423 2469 2495 2508; x_wconf 90' lang='lat' dir='ltr'><strong>ac</strong></span> 
     </span>
    </p>
   </div>
   <div class='ocr_carea' id='block_1_41' title="bbox 837 2542 2493 2621">
    <p class='ocr_par' dir='ltr' id='par_1_41' title="bbox 837 2542 2493 2621">
     <span class='ocr_line' id='line_1_41' title="bbox 837 2542 2493 2621; baseline -0.005 -17"><span class='ocrx_word' id='word_1_333' title='bbox 837 2546 1420 2621; x_wconf 89' lang='lat' dir='ltr'><strong>proclamationibus</strong></span> <span class='ocrx_word' id='word_1_334' title='bbox 1440 2545 1690 2601; x_wconf 87' lang='lat' dir='ltr'><strong>fortasse</strong></span> <span class='ocrx_word' id='word_1_335' title='bbox 1716 2545 1868 2600; x_wconf 91' lang='lat' dir='ltr'><strong>inter</strong></span> <span class='ocrx_word' id='word_1_336' title='bbox 1884 2561 1946 2599; x_wconf 90' lang='lat' dir='ltr'><strong>se</strong></span> <span class='ocrx_word' id='word_1_337' title='bbox 1973 2543 2362 2608; x_wconf 78' lang='lat' dir='ltr'><strong>differebant;</strong></span> <span class='ocrx_word' id='word_1_338' title='bbox 2387 2542 2493 2596; x_wconf 92' lang='lat' dir='ltr'><strong>sed</strong></span> 
     </span>
    </p>
   </div>
   <div class='ocr_carea' id='block_1_42' title="bbox 837 2633 2491 2707">
    <p class='ocr_par' dir='ltr' id='par_1_42' title="bbox 837 2633 2491 2707">
     <span class='ocr_line' id='line_1_42' title="bbox 837 2633 2491 2707; baseline -0.005 -13"><span class='ocrx_word' id='word_1_339' title='bbox 837 2644 1042 2694; x_wconf 90' lang='lat' dir='ltr'><strong>tamen</strong></span> <span class='ocrx_word' id='word_1_340' title='bbox 1071 2634 1426 2692; x_wconf 89' lang='lat' dir='ltr'><strong>traditorum</strong></span> <span class='ocrx_word' id='word_1_341' title='bbox 1458 2634 1884 2707; x_wconf 85' lang='lat' dir='ltr'><strong>mysteriorum</strong></span> <span class='ocrx_word' id='word_1_342' title='bbox 1915 2633 2109 2688; x_wconf 88' lang='lat' dir='ltr'><strong>forma</strong></span> <span class='ocrx_word' id='word_1_343' title='bbox 2138 2648 2210 2687; x_wconf 87' lang='lat' dir='ltr'><strong>ea</strong></span> <span class='ocrx_word' id='word_1_344' title='bbox 2244 2647 2491 2703; x_wconf 84' lang='lat' dir='ltr'><strong>prorsus</strong></span> 
     </span>
    </p>
   </div>
   <div class='ocr_carea' id='block_1_43' title="bbox 2610 1918 4216 1997">
    <p class='ocr_par' dir='ltr' id='par_1_43' title="bbox 2610 1918 4216 1997">
     <span class='ocr_line' id='line_1_43' title="bbox 2610 1918 4216 1997; baseline 0.006 -29"><span class='ocrx_word' id='word_1_345' title='bbox 2610 1938 2780 1984; x_wconf 86' lang='grc' dir='ltr'>τισαν,</span> <span class='ocrx_word' id='word_1_346' title='bbox 2842 1925 2930 1971; x_wconf 83' lang='grc' dir='ltr'>καὶ</span> <span class='ocrx_word' id='word_1_347' title='bbox 2988 1929 3078 1970; x_wconf 83' lang='grc' dir='ltr'><strong>τοῦ</strong></span> <span class='ocrx_word' id='word_1_348' title='bbox 3134 1922 3183 1971; x_wconf 81' lang='grc' dir='ltr'>ἐν</span> <span class='ocrx_word' id='word_1_349' title='bbox 3241 1918 3369 1974; x_wconf 82' lang='grc' dir='ltr'>εῖδει</span> <span class='ocrx_word' id='word_1_350' title='bbox 3435 1929 3662 1997; x_wconf 84' lang='grc' dir='ltr'>πυρίνων</span> <span class='ocrx_word' id='word_1_351' title='bbox 3713 1925 3966 1996; x_wconf 88' lang='grc' dir='ltr'>γλωσσῶν</span> <span class='ocrx_word' id='word_1_352' title='bbox 4019 1925 4216 1983; x_wconf 75' lang='grc' dir='ltr'>ἐνοική-</span> 
     </span>
    </p>
   </div>
   <div class='ocr_carea' id='block_1_44' title="bbox 2612 2007 4216 2084">
    <p class='ocr_par' dir='ltr' id='par_1_44' title="bbox 2612 2007 4216 2084">
     <span class='ocr_line' id='line_1_44' title="bbox 2612 2007 4216 2084; baseline 0.005 -26"><span class='ocrx_word' id='word_1_353' title='bbox 2612 2027 2793 2067; x_wconf 86' lang='grc' dir='ltr'>σαντος</span> <span class='ocrx_word' id='word_1_354' title='bbox 2847 2007 2894 2059; x_wconf 61' lang='grc' dir='ltr'><strong>ὢν</strong></span> <span class='ocrx_word' id='word_1_355' title='bbox 2945 2009 3124 2069; x_wconf 73' lang='grc' dir='ltr'>αὐτοῖς</span> <span class='ocrx_word' id='word_1_356' title='bbox 3175 2013 3311 2062; x_wconf 82' lang='grc' dir='ltr'>θείου</span> <span class='ocrx_word' id='word_1_357' title='bbox 3360 2016 3679 2084; x_wconf 86' lang='grc' dir='ltr'>Πνεὺματος,</span> <span class='ocrx_word' id='word_1_358' title='bbox 3725 2011 4077 2074; x_wconf 75' lang='grc' dir='ltr'>διδάσκοντος</span> <span class='ocrx_word' id='word_1_359' title='bbox 4125 2015 4216 2066; x_wconf 81' lang='grc' dir='ltr'>αύ-</span> 
     </span>
    </p>
   </div>
   <div class='ocr_carea' id='block_1_45' title="bbox 2609 2092 4215 2172">
    <p class='ocr_par' dir='ltr' id='par_1_45' title="bbox 2609 2092 4215 2172">
     <span class='ocr_line' id='line_1_45' title="bbox 2609 2092 4215 2172; baseline 0.005 -26"><span class='ocrx_word' id='word_1_360' title='bbox 2609 2100 2728 2157; x_wconf 86' lang='grc' dir='ltr'>τούς</span> <span class='ocrx_word' id='word_1_361' title='bbox 2781 2092 2865 2147; x_wconf 85' lang='grc' dir='ltr'>οἷα</span> <span class='ocrx_word' id='word_1_362' title='bbox 2919 2094 3022 2166; x_wconf 88' lang='grc' dir='ltr'>δεῖ,</span> <span class='ocrx_word' id='word_1_363' title='bbox 3076 2103 3162 2148; x_wconf 88' lang='lat' dir='ltr'><strong>xui</strong></span> <span class='ocrx_word' id='word_1_364' title='bbox 3213 2106 3692 2172; x_wconf 80' lang='grc' dir='ltr'>προχειρισαμένου</span> <span class='ocrx_word' id='word_1_365' title='bbox 3758 2105 3978 2155; x_wconf 80' lang='grc' dir='ltr'>ἕκαστον</span> <span class='ocrx_word' id='word_1_366' title='bbox 4045 2104 4215 2155; x_wconf 75' lang='grc' dir='ltr'>αὐτῶν</span> 
     </span>
    </p>
   </div>
   <div class='ocr_carea' id='block_1_46' title="bbox 2608 2183 4213 2254">
    <p class='ocr_par' dir='ltr' id='par_1_46' title="bbox 2608 2183 4213 2254">
     <span class='ocr_line' id='line_1_46' title="bbox 2608 2183 4213 2254; baseline 0.005 -17"><span class='ocrx_word' id='word_1_367' title='bbox 2608 2185 2658 2237; x_wconf 86' lang='grc' dir='ltr'>ἐν</span> <span class='ocrx_word' id='word_1_368' title='bbox 2705 2193 2777 2254; x_wconf 82' lang='grc' dir='ltr'>τῷ</span> <span class='ocrx_word' id='word_1_369' title='bbox 2831 2188 2977 2252; x_wconf 79' lang='grc' dir='ltr'>ἔθνει,</span> <span class='ocrx_word' id='word_1_370' title='bbox 3037 2183 3095 2237; x_wconf 86' lang='grc' dir='ltr'>οὗ</span> <span class='ocrx_word' id='word_1_371' title='bbox 3141 2192 3235 2245; x_wconf 78' lang='grc' dir='ltr'>τὴν</span> <span class='ocrx_word' id='word_1_372' title='bbox 3295 2185 3564 2242; x_wconf 87' lang='grc' dir='ltr'>διάλεκτον</span> <span class='ocrx_word' id='word_1_373' title='bbox 3616 2191 3782 2243; x_wconf 81' lang='grc' dir='ltr'>λαλεῖν</span> <span class='ocrx_word' id='word_1_374' title='bbox 3837 2196 4049 2253; x_wconf 82' lang='grc' dir='ltr'>τούτους</span> <span class='ocrx_word' id='word_1_375' title='bbox 4103 2192 4213 2245; x_wconf 83' lang='grc' dir='ltr'>ἐσό-</span> 
     </span>
    </p>
   </div>
   <div class='ocr_carea' id='block_1_47' title="bbox 2607 2274 4214 2354">
    <p class='ocr_par' dir='ltr' id='par_1_47' title="bbox 2607 2274 4214 2354">
     <span class='ocr_line' id='line_1_47' title="bbox 2607 2274 4214 2354; baseline 0.006 -30"><span class='ocrx_word' id='word_1_376' title='bbox 2607 2292 2726 2345; x_wconf 77' lang='grc' dir='ltr'>φισε</span> <span class='ocrx_word' id='word_1_377' title='bbox 2773 2274 2900 2342; x_wconf 77' lang='lat'><strong>(37),</strong></span> <span class='ocrx_word' id='word_1_378' title='bbox 2957 2274 3117 2345; x_wconf 77' lang='grc' dir='ltr'>εὐχὰς</span> <span class='ocrx_word' id='word_1_379' title='bbox 3164 2276 3279 2348; x_wconf 86' lang='grc'><strong>(38)</strong></span> <span class='ocrx_word' id='word_1_380' title='bbox 3332 2284 3634 2351; x_wconf 79' lang='grc' dir='ltr'>μυστηρίων</span> <span class='ocrx_word' id='word_1_381' title='bbox 3691 2282 3832 2341; x_wconf 80' lang='grc' dir='ltr'>θείας</span> <span class='ocrx_word' id='word_1_382' title='bbox 3883 2287 3972 2333; x_wconf 89' lang='lat' dir='ltr'><strong>xui</strong></span> <span class='ocrx_word' id='word_1_383' title='bbox 4019 2283 4214 2354; x_wconf 81' lang='grc' dir='ltr'>ἱερουρ-</span> 
     </span>
    </p>
   </div>
   <div class='ocr_carea' id='block_1_48' title="bbox 2604 2363 4210 2440">
    <p class='ocr_par' dir='ltr' id='par_1_48' title="bbox 2604 2363 4210 2440">
     <span class='ocr_line' id='line_1_48' title="bbox 2604 2363 4210 2440; baseline 0.006 -27"><span class='ocrx_word' id='word_1_384' title='bbox 2604 2368 2723 2432; x_wconf 89' lang='grc' dir='ltr'>γίας</span> <span class='ocrx_word' id='word_1_385' title='bbox 2767 2363 3115 2424; x_wconf 79' lang='grc' dir='ltr'>καταλλήλους</span> <span class='ocrx_word' id='word_1_386' title='bbox 3166 2373 3228 2427; x_wconf 79' lang='grc' dir='ltr'>τῆ</span> <span class='ocrx_word' id='word_1_387' title='bbox 3285 2373 3534 2440; x_wconf 81' lang='grc' dir='ltr'>καρτερίᾳ</span> <span class='ocrx_word' id='word_1_388' title='bbox 3581 2377 3672 2420; x_wconf 89' lang='grc' dir='ltr'><strong>τοῦ</strong></span> <span class='ocrx_word' id='word_1_389' title='bbox 3720 2371 3917 2438; x_wconf 83' lang='grc' dir='ltr'>ἔθνους,</span> <span class='ocrx_word' id='word_1_390' title='bbox 3970 2376 4058 2422; x_wconf 90' lang='lat' dir='ltr'><strong>xui</strong></span> <span class='ocrx_word' id='word_1_391' title='bbox 4100 2377 4210 2431; x_wconf 89' lang='grc' dir='ltr'>τοῖς</span> 
     </span>
    </p>
   </div>
   <div class='ocr_carea' id='block_1_49' title="bbox 2604 2455 4211 2531">
    <p class='ocr_par' dir='ltr' id='par_1_49' title="bbox 2604 2455 4211 2531">
     <span class='ocr_line' id='line_1_49' title="bbox 2604 2455 4211 2531; baseline 0.005 -29"><span class='ocrx_word' id='word_1_392' title='bbox 2604 2459 2807 2525; x_wconf 90' lang='grc' dir='ltr'>καιροῖς</span> <span class='ocrx_word' id='word_1_393' title='bbox 2880 2461 2979 2502; x_wconf 92' lang='grc' dir='ltr'><strong>τῶν</strong></span> <span class='ocrx_word' id='word_1_394' title='bbox 3046 2457 3447 2525; x_wconf 80' lang='grc' dir='ltr'>περιστάσεων,</span> <span class='ocrx_word' id='word_1_395' title='bbox 3510 2461 3598 2508; x_wconf 89' lang='lat' dir='ltr'><strong>xui</strong></span> <span class='ocrx_word' id='word_1_396' title='bbox 3651 2465 3761 2517; x_wconf 87' lang='grc' dir='ltr'>ταῖς</span> <span class='ocrx_word' id='word_1_397' title='bbox 3818 2455 4049 2531; x_wconf 67' lang='grc' dir='ltr'>ἐνέδραις</span> <span class='ocrx_word' id='word_1_398' title='bbox 4109 2467 4211 2510; x_wconf 88' lang='grc' dir='ltr'><strong>τῶν</strong></span> 
     </span>
    </p>
   </div>
   <div class='ocr_carea' id='block_1_50' title="bbox 2606 2537 4204 2617">
    <p class='ocr_par' dir='ltr' id='par_1_50' title="bbox 2606 2537 4204 2617">
     <span class='ocr_line' id='line_1_50' title="bbox 2606 2537 4204 2617; baseline 0.004 -25"><span class='ocrx_word' id='word_1_399' title='bbox 2606 2537 2917 2609; x_wconf 79' lang='grc' dir='ltr'>διωκόντων,</span> <span class='ocrx_word' id='word_1_400' title='bbox 2985 2539 3207 2595; x_wconf 83' lang='grc' dir='ltr'>ἐποίουν.</span> <span class='ocrx_word' id='word_1_401' title='bbox 3281 2549 3380 2595; x_wconf 81' lang='grc' dir='ltr'><strong>Καὶ</strong></span> <span class='ocrx_word' id='word_1_402' title='bbox 3448 2543 3496 2594; x_wconf 83' lang='grc' dir='ltr'>ἐν</span> <span class='ocrx_word' id='word_1_403' title='bbox 3563 2549 3653 2616; x_wconf 79' lang='grc' dir='ltr'>μὲν</span> <span class='ocrx_word' id='word_1_404' title='bbox 3710 2554 3826 2608; x_wconf 86' lang='grc' dir='ltr'>ταῖς</span> <span class='ocrx_word' id='word_1_405' title='bbox 3888 2546 4076 2617; x_wconf 77' lang='grc' dir='ltr'>εὐχαῖς</span> <span class='ocrx_word' id='word_1_406' title='bbox 4116 2553 4204 2599; x_wconf 84' lang='lat' dir='ltr'><strong>xui</strong></span> 
     </span>
    </p>
   </div>
   <div class='ocr_carea' id='block_1_51' title="bbox 2602 2628 4209 2707">
    <p class='ocr_par' dir='ltr' id='par_1_51' title="bbox 2602 2628 4209 2707">
     <span class='ocr_line' id='line_1_51' title="bbox 2602 2628 4209 2707; baseline 0.005 -27"><span class='ocrx_word' id='word_1_407' title='bbox 2602 2638 2719 2690; x_wconf 88' lang='grc' dir='ltr'>ταῖς</span> <span class='ocrx_word' id='word_1_408' title='bbox 2780 2628 3148 2701; x_wconf 71' lang='grc' dir='ltr'>ἐκφωνήσεσιν,</span> <span class='ocrx_word' id='word_1_409' title='bbox 3202 2635 3330 2692; x_wconf 80' lang='grc' dir='ltr'>ἴσως</span> <span class='ocrx_word' id='word_1_410' title='bbox 3381 2629 3612 2707; x_wconf 75' lang='grc' dir='ltr'>διέφερον</span> <span class='ocrx_word' id='word_1_411' title='bbox 3667 2633 3930 2693; x_wconf 78' lang='grc' dir='ltr'>ἀλλήλων·</span> <span class='ocrx_word' id='word_1_412' title='bbox 3988 2637 4012 2686; x_wconf 97' lang='lat'><strong>6</strong></span> <span class='ocrx_word' id='word_1_413' title='bbox 4063 2632 4124 2686; x_wconf 87' lang='grc' dir='ltr'><strong>δέ</strong></span> <span class='ocrx_word' id='word_1_414' title='bbox 4148 2655 4209 2706; x_wconf 91' lang='grc' dir='ltr'><strong>γε</strong></span> 
     </span>
    </p>
   </div>
   <div class='ocr_carea' id='block_1_52' title="bbox 834 2719 2598 2799">
    <p class='ocr_par' dir='ltr' id='par_1_52' title="bbox 834 2723 2487 2799">
     <span class='ocr_line' id='line_1_52' title="bbox 834 2723 2487 2799; baseline -0.005 -16"><span class='ocrx_word' id='word_1_415' title='bbox 834 2728 946 2783; x_wconf 90' lang='lat' dir='ltr'><strong>fuit</strong></span> <span class='ocrx_word' id='word_1_416' title='bbox 972 2742 1161 2799; x_wconf 86' lang='lat' dir='ltr'><strong>quam</strong></span> <span class='ocrx_word' id='word_1_417' title='bbox 1190 2726 1477 2781; x_wconf 90' lang='lat' dir='ltr'><strong>Dominus</strong></span> <span class='ocrx_word' id='word_1_418' title='bbox 1507 2729 1711 2781; x_wconf 89' lang='lat' dir='ltr'><strong>noster</strong></span> <span class='ocrx_word' id='word_1_419' title='bbox 1730 2726 1903 2780; x_wconf 90' lang='lat' dir='ltr'><strong>Jesus</strong></span> <span class='ocrx_word' id='word_1_420' title='bbox 1929 2723 2198 2778; x_wconf 89' lang='lat' dir='ltr'><strong>Christus</strong></span> <span class='ocrx_word' id='word_1_421' title='bbox 2228 2723 2487 2777; x_wconf 88' lang='lat' dir='ltr'><strong>tradidit.</strong></span> 
     </span>
    </p>
   </div>
   <div class='ocr_carea' id='block_1_53' title="bbox 2446 2719 4210 2799">
    <p class='ocr_par' dir='ltr' id='par_1_53' title="bbox 2451 2719 4210 2797">
     <span class='ocr_line' id='line_1_53' title="bbox 2451 2719 4210 2797; baseline 0.003 -28"><span class='ocrx_word' id='word_1_422' title='bbox 2451 2727 2487 2776; x_wconf 73' lang='grc' dir='ltr'><strong>ι,</strong></span> <span class='ocrx_word' id='word_1_423' title='bbox 2602 2722 2761 2780; x_wconf 82' lang='grc' dir='ltr'>τύπος</span> <span class='ocrx_word' id='word_1_424' title='bbox 2826 2722 2938 2788; x_wconf 89' lang='grc'>(39)</span> <span class='ocrx_word' id='word_1_425' title='bbox 3003 2727 3098 2780; x_wconf 84' lang='grc' dir='ltr'>τῆς</span> <span class='ocrx_word' id='word_1_426' title='bbox 3164 2719 3514 2792; x_wconf 83' lang='grc' dir='ltr'>παραδόσεως</span> <span class='ocrx_word' id='word_1_427' title='bbox 3564 2731 3664 2773; x_wconf 87' lang='grc' dir='ltr'><strong>τῶν</strong></span> <span class='ocrx_word' id='word_1_428' title='bbox 3716 2729 4042 2797; x_wconf 86' lang='grc' dir='ltr'>μυστηρίων,</span> <span class='ocrx_word' id='word_1_429' title='bbox 4070 2726 4210 2775; x_wconf 86' lang='grc' dir='ltr'><strong>καθά</strong></span> 
     </span>
    </p>
   </div>
   <div class='ocr_carea' id='block_1_54' title="bbox 831 2809 2490 2885">
    <p class='ocr_par' dir='ltr' id='par_1_54' title="bbox 831 2809 2490 2885">
     <span class='ocr_line' id='line_1_54' title="bbox 831 2809 2490 2885; baseline -0.004 -16"><span class='ocrx_word' id='word_1_430' title='bbox 831 2818 970 2871; x_wconf 90' lang='lat' dir='ltr'><strong>Post</strong></span> <span class='ocrx_word' id='word_1_431' title='bbox 996 2813 1312 2885; x_wconf 90' lang='lat' dir='ltr'><strong>deiloquos</strong></span> <span class='ocrx_word' id='word_1_432' title='bbox 1343 2818 1546 2868; x_wconf 89' lang='lat' dir='ltr'><strong>autem</strong></span> <span class='ocrx_word' id='word_1_433' title='bbox 1575 2811 1904 2884; x_wconf 89' lang='lat' dir='ltr'><strong>apostolos,</strong></span> <span class='ocrx_word' id='word_1_434' title='bbox 1924 2809 2199 2866; x_wconf 88' lang='lat' dir='ltr'><strong>nonnulli</strong></span> <span class='ocrx_word' id='word_1_435' title='bbox 2253 2814 2490 2864; x_wconf 86' lang='lat' dir='ltr'><strong>sancto-</strong></span> 
     </span>
    </p>
   </div>
   <div class='ocr_carea' id='block_1_55' title="bbox 829 2897 2491 2972">
    <p class='ocr_par' dir='ltr' id='par_1_55' title="bbox 829 2897 2491 2972">
     <span class='ocr_line' id='line_1_55' title="bbox 829 2897 2491 2972; baseline -0.004 -14"><span class='ocrx_word' id='word_1_436' title='bbox 829 2919 967 2959; x_wconf 90' lang='lat' dir='ltr'><strong>rum</strong></span> <span class='ocrx_word' id='word_1_437' title='bbox 989 2905 1254 2970; x_wconf 85' lang='lat' dir='ltr'><strong>Patrum,</strong></span> <span class='ocrx_word' id='word_1_438' title='bbox 1305 2901 1685 2972; x_wconf 88' lang='lat' dir='ltr'><strong>peculiariter</strong></span> <span class='ocrx_word' id='word_1_439' title='bbox 1701 2899 1941 2968; x_wconf 86' lang='lat' dir='ltr'><strong>singuli,</strong></span> <span class='ocrx_word' id='word_1_440' title='bbox 1958 2915 2168 2970; x_wconf 90' lang='lat' dir='ltr'><strong>preces</strong></span> <span class='ocrx_word' id='word_1_441' title='bbox 2190 2897 2491 2954; x_wconf 84' lang='lat' dir='ltr'><strong>faciebant</strong></span> 
     </span>
    </p>
   </div>
   <div class='ocr_carea' id='block_1_56' title="bbox 830 2983 2594 3076">
    <p class='ocr_par' dir='ltr' id='par_1_56' title="bbox 830 2985 2558 3076">
     <span class='ocr_line' id='line_1_56' title="bbox 830 2985 2558 3076; baseline -0.005 -29"><span class='ocrx_word' id='word_1_442' title='bbox 830 2995 888 3047; x_wconf 88' lang='lat' dir='ltr'><strong>et</strong></span> <span class='ocrx_word' id='word_1_443' title='bbox 905 2990 1432 3064; x_wconf 90' lang='lat' dir='ltr'><strong>proclamationes,</strong></span> <span class='ocrx_word' id='word_1_444' title='bbox 1455 2993 1512 3044; x_wconf 92' lang='lat' dir='ltr'><strong>et</strong></span> <span class='ocrx_word' id='word_1_445' title='bbox 1532 2987 1823 3043; x_wconf 82' lang='lat' dir='ltr'><strong>absolutae</strong></span> <span class='ocrx_word' id='word_1_446' title='bbox 1845 2986 2097 3056; x_wconf 71' lang='lat' dir='ltr'><strong>liturgiaa</strong></span> <span class='ocrx_word' id='word_1_447' title='bbox 2121 2985 2347 3050; x_wconf 76' lang='lat' dir='ltr'><strong>officia;</strong></span> <span class='ocrx_word' id='word_1_448' title='bbox 2377 2985 2491 3040; x_wconf 87' lang='lat' dir='ltr'><strong>vei-</strong></span> <span class='ocrx_word' id='word_1_449' title='bbox 2519 3023 2558 3076; x_wconf 61' lang='grc' dir='ltr'>Ο</span> 
     </span>
    </p>
   </div>
   <div class='ocr_carea' id='block_1_57' title="bbox 2441 2983 4205 3076">
    <p class='ocr_par' dir='ltr' id='par_1_57' title="bbox 2441 2983 4205 3076">
     <span class='ocr_line' id='line_1_57' title="bbox 2441 2983 4205 3076; baseline 0.005 -43"><span class='ocrx_word' id='word_1_450' title='bbox 2441 2985 2558 3076; x_wconf 70' lang='lat' dir='ltr'><strong>:i-C</strong></span> <span class='ocrx_word' id='word_1_451' title='bbox 2599 2991 2697 3033; x_wconf 82' lang='grc' dir='ltr'><strong>τῶν</strong></span> <span class='ocrx_word' id='word_1_452' title='bbox 2752 2983 2914 3054; x_wconf 87' lang='grc' dir='ltr'>ἀγίων</span> <span class='ocrx_word' id='word_1_453' title='bbox 2970 2990 3211 3058; x_wconf 83' lang='grc' dir='ltr'>Πατέρων</span> <span class='ocrx_word' id='word_1_454' title='bbox 3264 2983 3572 3050; x_wconf 79' lang='grc' dir='ltr'>ἰδιαζόντως</span> <span class='ocrx_word' id='word_1_455' title='bbox 3627 2991 3847 3050; x_wconf 78' lang='grc' dir='ltr'>ἕκαστος</span> <span class='ocrx_word' id='word_1_456' title='bbox 3903 2996 3992 3042; x_wconf 81' lang='grc' dir='ltr'>καὶ</span> <span class='ocrx_word' id='word_1_457' title='bbox 4036 2994 4205 3061; x_wconf 84' lang='grc' dir='ltr'>εύχάς</span> 
     </span>
    </p>
   </div>
   <div class='ocr_carea' id='block_1_58' title="bbox 829 3069 2593 3150">
    <p class='ocr_par' dir='ltr' id='par_1_58' title="bbox 829 3069 2558 3150">
     <span class='ocr_line' id='line_1_58' title="bbox 829 3069 2558 3150; baseline -0.005 -14"><span class='ocrx_word' id='word_1_458' title='bbox 829 3081 915 3136; x_wconf 90' lang='lat' dir='ltr'><strong>uti</strong></span> <span class='ocrx_word' id='word_1_459' title='bbox 930 3079 1433 3136; x_wconf 89' lang='lat' dir='ltr'><strong>sanctusillustris</strong></span> <span class='ocrx_word' id='word_1_460' title='bbox 1449 3077 1907 3150; x_wconf 83' lang='lat' dir='ltr'><strong>Epiphanius,et</strong></span> <span class='ocrx_word' id='word_1_461' title='bbox 1928 3091 2191 3147; x_wconf 86' lang='lat' dir='ltr'><strong>magnus</strong></span> <span class='ocrx_word' id='word_1_462' title='bbox 2217 3075 2485 3143; x_wconf 77' lang='lat' dir='ltr'><strong>Basilius,</strong></span> <span class='ocrx_word' id='word_1_463' title='bbox 2526 3069 2558 3076; x_wconf 71' lang='grc'><strong>“</strong></span> 
     </span>
    </p>
   </div>
   <div class='ocr_carea' id='block_1_59' title="bbox 2442 3069 4206 3150">
    <p class='ocr_par' dir='ltr' id='par_1_59' title="bbox 2442 3069 4206 3150">
     <span class='ocr_line' id='line_1_59' title="bbox 2442 3069 4206 3150; baseline 0.006 -29"><span class='ocrx_word' id='word_1_464' title='bbox 2442 3093 2485 3143; x_wconf 68' lang='grc' dir='ltr'>ς,</span> <span class='ocrx_word' id='word_1_465' title='bbox 2526 3069 2558 3076; x_wconf 69' lang='grc'><strong>’”</strong></span> <span class='ocrx_word' id='word_1_466' title='bbox 2597 3069 2884 3129; x_wconf 79' lang='grc' dir='ltr'>ἐποιοῦντο.</span> <span class='ocrx_word' id='word_1_467' title='bbox 2961 3079 3050 3124; x_wconf 87' lang='lat' dir='ltr'><strong>xui</strong></span> <span class='ocrx_word' id='word_1_468' title='bbox 3117 3072 3459 3144; x_wconf 77' lang='grc' dir='ltr'>ἐκφωνήσεις,</span> <span class='ocrx_word' id='word_1_469' title='bbox 3527 3083 3615 3128; x_wconf 93' lang='lat' dir='ltr'><strong>xui</strong></span> <span class='ocrx_word' id='word_1_470' title='bbox 3683 3077 4070 3150; x_wconf 78' lang='grc' dir='ltr'>ἀπηρτισμένης</span> <span class='ocrx_word' id='word_1_471' title='bbox 4140 3083 4206 3131; x_wconf 71' lang='grc' dir='ltr'>ιε-</span> 
     </span>
    </p>
   </div>
   <div class='ocr_carea' id='block_1_60' title="bbox 829 3159 2593 3240">
    <p class='ocr_par' dir='ltr' id='par_1_60' title="bbox 829 3163 2488 3240">
     <span class='ocr_line' id='line_1_60' title="bbox 829 3163 2488 3240; baseline -0.004 -14"><span class='ocrx_word' id='word_1_472' title='bbox 829 3174 886 3226; x_wconf 87' lang='lat' dir='ltr'><strong>et</strong></span> <span class='ocrx_word' id='word_1_473' title='bbox 904 3169 1082 3224; x_wconf 90' lang='lat' dir='ltr'><strong>divus</strong></span> <span class='ocrx_word' id='word_1_474' title='bbox 1136 3168 1618 3240; x_wconf 85' lang='lat' dir='ltr'><strong>Chrysostomus.</strong></span> <span class='ocrx_word' id='word_1_475' title='bbox 1650 3164 1860 3220; x_wconf 87' lang='lat' dir='ltr'><strong>Cuncti</strong></span> <span class='ocrx_word' id='word_1_476' title='bbox 1908 3170 2109 3220; x_wconf 89' lang='lat' dir='ltr'><strong>autem</strong></span> <span class='ocrx_word' id='word_1_477' title='bbox 2150 3181 2222 3220; x_wconf 85' lang='lat' dir='ltr'><strong>ex</strong></span> <span class='ocrx_word' id='word_1_478' title='bbox 2269 3163 2488 3219; x_wconf 86' lang='lat' dir='ltr'><strong>viviﬁci</strong></span> 
     </span>
    </p>
   </div>
   <div class='ocr_carea' id='block_1_61' title="bbox 2442 3159 4206 3240">
    <p class='ocr_par' dir='ltr' id='par_1_61' title="bbox 2442 3159 4206 3239">
     <span class='ocr_line' id='line_1_61' title="bbox 2442 3159 4206 3239; baseline 0.005 -29"><span class='ocrx_word' id='word_1_479' title='bbox 2442 3165 2488 3219; x_wconf 76' lang='lat' dir='ltr'><strong>ci</strong></span> <span class='ocrx_word' id='word_1_480' title='bbox 2595 3166 2842 3233; x_wconf 85' lang='grc' dir='ltr'>ρουργίας</span> <span class='ocrx_word' id='word_1_481' title='bbox 2896 3159 3204 3213; x_wconf 78' lang='grc' dir='ltr'>ἀκολουθίαν</span> <span class='ocrx_word' id='word_1_482' title='bbox 3442 3167 3511 3224; x_wconf 84' lang='grc' dir='ltr'><strong>ως</strong></span> <span class='ocrx_word' id='word_1_483' title='bbox 3568 3168 3593 3215; x_wconf 93' lang='lat'><strong>6</strong></span> <span class='ocrx_word' id='word_1_484' title='bbox 3643 3165 3690 3216; x_wconf 80' lang='grc' dir='ltr'><strong>έν</strong></span> <span class='ocrx_word' id='word_1_485' title='bbox 3739 3166 3910 3237; x_wconf 82' lang='grc' dir='ltr'>ἁγίοις</span> <span class='ocrx_word' id='word_1_486' title='bbox 3952 3166 4206 3239; x_wconf 73' lang='grc' dir='ltr'>ἐπιφανὴς</span> 
     </span>
    </p>
   </div>
   <div class='ocr_carea' id='block_1_62' title="bbox 826 3249 2590 3324">
    <p class='ocr_par' dir='ltr' id='par_1_62' title="bbox 826 3253 2486 3324">
     <span class='ocr_line' id='line_1_62' title="bbox 826 3253 2486 3324; baseline -0.005 -10"><span class='ocrx_word' id='word_1_487' title='bbox 826 3258 1008 3315; x_wconf 86' lang='lat' dir='ltr'><strong>fontis</strong></span> <span class='ocrx_word' id='word_1_488' title='bbox 1058 3256 1338 3313; x_wconf 88' lang='lat' dir='ltr'><strong>Paracleti</strong></span> <span class='ocrx_word' id='word_1_489' title='bbox 1369 3255 1608 3311; x_wconf 88' lang='lat' dir='ltr'><strong>ﬂuentis</strong></span> <span class='ocrx_word' id='word_1_490' title='bbox 1647 3255 1981 3310; x_wconf 91' lang='lat' dir='ltr'><strong>hauserunt</strong></span> <span class='ocrx_word' id='word_1_491' title='bbox 2005 3253 2318 3322; x_wconf 90' lang='lat' dir='ltr'><strong>dogmata,</strong></span> <span class='ocrx_word' id='word_1_492' title='bbox 2348 3269 2486 3324; x_wconf 70' lang='lat' dir='ltr'><strong>qum</strong></span> 
     </span>
    </p>
   </div>
   <div class='ocr_carea' id='block_1_63' title="bbox 2443 3249 4207 3324">
    <p class='ocr_par' dir='ltr' id='par_1_63' title="bbox 2443 3249 4207 3323">
     <span class='ocr_line' id='line_1_63' title="bbox 2443 3249 4207 3323; baseline 0.005 -23"><span class='ocrx_word' id='word_1_493' title='bbox 2443 3269 2486 3307; x_wconf 65' lang='grc' dir='ltr'><strong>[Β</strong></span> <span class='ocrx_word' id='word_1_494' title='bbox 2600 3249 2911 3321; x_wconf 66' lang='grc' dir='ltr'>Ἐπιφάνιος,</span> <span class='ocrx_word' id='word_1_495' title='bbox 2989 3256 3078 3302; x_wconf 90' lang='lat' dir='ltr'><strong>xui</strong></span> <span class='ocrx_word' id='word_1_496' title='bbox 3145 3254 3171 3301; x_wconf 84' lang='lat'><strong>6</strong></span> <span class='ocrx_word' id='word_1_497' title='bbox 3233 3257 3389 3323; x_wconf 85' lang='grc' dir='ltr'>μέγας</span> <span class='ocrx_word' id='word_1_498' title='bbox 3457 3253 3760 3320; x_wconf 88' lang='grc' dir='ltr'>Βασίλειος,</span> <span class='ocrx_word' id='word_1_499' title='bbox 3826 3261 3915 3306; x_wconf 80' lang='grc' dir='ltr'>καὶ</span> <span class='ocrx_word' id='word_1_500' title='bbox 3979 3257 4004 3306; x_wconf 91' lang='lat'><strong>6</strong></span> <span class='ocrx_word' id='word_1_501' title='bbox 4068 3257 4207 3319; x_wconf 88' lang='grc' dir='ltr'>θεῖος</span> 
     </span>
    </p>
   </div>
   <div class='ocr_carea' id='block_1_64' title="bbox 826 3337 2590 3416">
    <p class='ocr_par' dir='ltr' id='par_1_64' title="bbox 826 3341 2489 3414">
     <span class='ocr_line' id='line_1_64' title="bbox 826 3341 2489 3414; baseline -0.005 -10"><span class='ocrx_word' id='word_1_502' title='bbox 826 3345 1306 3404; x_wconf 84' lang='lat' dir='ltr'><strong>orthodoxorum</strong></span> <span class='ocrx_word' id='word_1_503' title='bbox 1339 3343 1622 3412; x_wconf 87' lang='lat' dir='ltr'><strong>Ecclesia,</strong></span> <span class='ocrx_word' id='word_1_504' title='bbox 1667 3358 1778 3399; x_wconf 92' lang='lat' dir='ltr'><strong>ceu</strong></span> <span class='ocrx_word' id='word_1_505' title='bbox 1807 3342 1886 3397; x_wconf 90' lang='lat' dir='ltr'><strong>ab</strong></span> <span class='ocrx_word' id='word_1_506' title='bbox 1907 3342 2040 3414; x_wconf 90' lang='lat' dir='ltr'><strong>ipso</strong></span> <span class='ocrx_word' id='word_1_507' title='bbox 2063 3341 2290 3397; x_wconf 84' lang='lat' dir='ltr'><strong>Christo</strong></span> <span class='ocrx_word' id='word_1_508' title='bbox 2328 3341 2489 3396; x_wconf 88' lang='lat' dir='ltr'><strong>dicta</strong></span> 
     </span>
    </p>
   </div>
   <div class='ocr_carea' id='block_1_65' title="bbox 2439 3337 4203 3416">
    <p class='ocr_par' dir='ltr' id='par_1_65' title="bbox 2439 3337 4203 3416">
     <span class='ocr_line' id='line_1_65' title="bbox 2439 3337 4203 3416; baseline 0.003 -25"><span class='ocrx_word' id='word_1_509' title='bbox 2439 3354 2489 3396; x_wconf 71' lang='lat' dir='ltr'><strong>La</strong></span> <span class='ocrx_word' id='word_1_510' title='bbox 2597 3344 2999 3411; x_wconf 81' lang='grc' dir='ltr'>Χρυσόστομος.</span> <span class='ocrx_word' id='word_1_511' title='bbox 3055 3343 3248 3400; x_wconf 85' lang='grc' dir='ltr'>Πάντες</span> <span class='ocrx_word' id='word_1_512' title='bbox 3293 3337 3342 3392; x_wconf 86' lang='grc' dir='ltr'>δ’</span> <span class='ocrx_word' id='word_1_513' title='bbox 3387 3343 3526 3413; x_wconf 83' lang='grc' dir='ltr'>ὅμως</span> <span class='ocrx_word' id='word_1_514' title='bbox 3580 3341 3635 3394; x_wconf 87' lang='grc' dir='ltr'><strong>έκ</strong></span> <span class='ocrx_word' id='word_1_515' title='bbox 3683 3353 3782 3394; x_wconf 83' lang='grc' dir='ltr'><strong>τῶν</strong></span> <span class='ocrx_word' id='word_1_516' title='bbox 3830 3347 4067 3416; x_wconf 81' lang='grc' dir='ltr'>ναμάτων</span> <span class='ocrx_word' id='word_1_517' title='bbox 4106 3353 4203 3407; x_wconf 83' lang='grc' dir='ltr'>τῆς</span> 
     </span>
    </p>
   </div>
   <div class='ocr_carea' id='block_1_66' title="bbox 827 3429 2487 3505">
    <p class='ocr_par' dir='ltr' id='par_1_66' title="bbox 827 3429 2487 3505">
     <span class='ocr_line' id='line_1_66' title="bbox 827 3429 2487 3505; baseline -0.004 -14"><span class='ocrx_word' id='word_1_518' title='bbox 827 3439 886 3492; x_wconf 88' lang='lat' dir='ltr'><strong>et</strong></span> <span class='ocrx_word' id='word_1_519' title='bbox 936 3434 1097 3491; x_wconf 77' lang='lat' dir='ltr'><strong>facta</strong></span> <span class='ocrx_word' id='word_1_520' title='bbox 1156 3434 1380 3505; x_wconf 89' lang='lat' dir='ltr'><strong>recepit</strong></span> <span class='ocrx_word' id='word_1_521' title='bbox 1424 3450 1437 3488; x_wconf 91' lang='lat'>:</span> <span class='ocrx_word' id='word_1_522' title='bbox 1497 3439 1554 3488; x_wconf 93' lang='lat' dir='ltr'><strong>et</strong></span> <span class='ocrx_word' id='word_1_523' title='bbox 1598 3447 1762 3488; x_wconf 91' lang='lat' dir='ltr'><strong>nunc</strong></span> <span class='ocrx_word' id='word_1_524' title='bbox 1820 3446 1941 3502; x_wconf 64' lang='lat' dir='ltr'><strong>prae</strong></span> <span class='ocrx_word' id='word_1_525' title='bbox 2000 3430 2226 3486; x_wconf 73' lang='lat' dir='ltr'><strong>caeteris</strong></span> <span class='ocrx_word' id='word_1_526' title='bbox 2284 3429 2487 3485; x_wconf 84' lang='lat' dir='ltr'><strong>divina</strong></span> 
     </span>
    </p>
   </div>
   <div class='ocr_carea' id='block_1_67' title="bbox 825 3519 2486 3594">
    <p class='ocr_par' dir='ltr' id='par_1_67' title="bbox 825 3519 2486 3594">
     <span class='ocr_line' id='line_1_67' title="bbox 825 3519 2486 3594; baseline -0.004 -14"><span class='ocrx_word' id='word_1_527' title='bbox 825 3523 1069 3594; x_wconf 88' lang='lat' dir='ltr'><strong>liturgia</strong></span> <span class='ocrx_word' id='word_1_528' title='bbox 1097 3523 1308 3593; x_wconf 89' lang='lat' dir='ltr'><strong>magni</strong></span> <span class='ocrx_word' id='word_1_529' title='bbox 1338 3522 1557 3590; x_wconf 87' lang='lat' dir='ltr'><strong>Basilii,</strong></span> <span class='ocrx_word' id='word_1_530' title='bbox 1589 3535 1704 3577; x_wconf 88' lang='lat' dir='ltr'><strong>nec</strong></span> <span class='ocrx_word' id='word_1_531' title='bbox 1756 3535 1880 3576; x_wconf 91' lang='lat' dir='ltr'><strong>non</strong></span> <span class='ocrx_word' id='word_1_532' title='bbox 1918 3519 2042 3575; x_wconf 90' lang='lat' dir='ltr'><strong>divi</strong></span> <span class='ocrx_word' id='word_1_533' title='bbox 2074 3519 2486 3590; x_wconf 84' lang='lat' dir='ltr'><strong>Chrysostomi</strong></span> 
     </span>
    </p>
   </div>
   <div class='ocr_carea' id='block_1_68' title="bbox 825 3608 2480 3682">
    <p class='ocr_par' dir='ltr' id='par_1_68' title="bbox 825 3608 2480 3682">
     <span class='ocr_line' id='line_1_68' title="bbox 825 3608 2480 3682; baseline -0.004 -13"><span class='ocrx_word' id='word_1_534' title='bbox 825 3615 889 3669; x_wconf 90' lang='lat' dir='ltr'><strong>in</strong></span> <span class='ocrx_word' id='word_1_535' title='bbox 942 3628 1110 3668; x_wconf 92' lang='lat' dir='ltr'><strong>more</strong></span> <span class='ocrx_word' id='word_1_536' title='bbox 1139 3616 1247 3682; x_wconf 90' lang='lat' dir='ltr'><strong>est,</strong></span> <span class='ocrx_word' id='word_1_537' title='bbox 1282 3628 1420 3667; x_wconf 92' lang='lat' dir='ltr'><strong>cum</strong></span> <span class='ocrx_word' id='word_1_538' title='bbox 1460 3611 1561 3667; x_wconf 92' lang='lat' dir='ltr'><strong>illa</strong></span> <span class='ocrx_word' id='word_1_539' title='bbox 1607 3608 2266 3682; x_wconf 66' lang='lat' dir='ltr'><strong>praesanctiﬁcatorum,</strong></span> <span class='ocrx_word' id='word_1_540' title='bbox 2298 3623 2480 3679; x_wconf 87' lang='lat' dir='ltr'><strong>quam</strong></span> 
     </span>
    </p>
   </div>
   <div class='ocr_carea' id='block_1_69' title="bbox 823 3696 2485 3769">
    <p class='ocr_par' dir='ltr' id='par_1_69' title="bbox 823 3696 2485 3769">
     <span class='ocr_line' id='line_1_69' title="bbox 823 3696 2485 3769; baseline -0.004 -11"><span class='ocrx_word' id='word_1_541' title='bbox 823 3701 1100 3759; x_wconf 88' lang='lat' dir='ltr'><strong>nonnulli</strong></span> <span class='ocrx_word' id='word_1_542' title='bbox 1126 3700 1333 3756; x_wconf 85' lang='lat' dir='ltr'><strong>Jacobi</strong></span> <span class='ocrx_word' id='word_1_543' title='bbox 1363 3715 1493 3755; x_wconf 91' lang='lat' dir='ltr'><strong>esse</strong></span> <span class='ocrx_word' id='word_1_544' title='bbox 1518 3698 1745 3763; x_wconf 88' lang='lat' dir='ltr'><strong>dicunt,</strong></span> <span class='ocrx_word' id='word_1_545' title='bbox 1779 3696 1884 3769; x_wconf 92' lang='lat' dir='ltr'><strong>qui</strong></span> <span class='ocrx_word' id='word_1_546' title='bbox 1904 3696 2084 3752; x_wconf 86' lang='lat' dir='ltr'><strong>frater</strong></span> <span class='ocrx_word' id='word_1_547' title='bbox 2107 3697 2341 3752; x_wconf 89' lang='lat' dir='ltr'><strong>Domini</strong></span> <span class='ocrx_word' id='word_1_548' title='bbox 2373 3712 2485 3768; x_wconf 88' lang='lat' dir='ltr'><strong>ap-</strong></span> 
     </span>
    </p>
   </div>
   <div class='ocr_carea' id='block_1_70' title="bbox 824 3787 2481 3865">
    <p class='ocr_par' dir='ltr' id='par_1_70' title="bbox 824 3787 2481 3865">
     <span class='ocr_line' id='line_1_70' title="bbox 824 3787 2481 3865; baseline -0.004 -17"><span class='ocrx_word' id='word_1_549' title='bbox 824 3791 1084 3865; x_wconf 85' lang='lat' dir='ltr'><strong>pellatus</strong></span> <span class='ocrx_word' id='word_1_550' title='bbox 1139 3790 1284 3860; x_wconf 86' lang='lat' dir='ltr'><strong>fuit;</strong></span> <span class='ocrx_word' id='word_1_551' title='bbox 1335 3789 1437 3846; x_wconf 84' lang='lat' dir='ltr'><strong>alii</strong></span> <span class='ocrx_word' id='word_1_552' title='bbox 1494 3790 1645 3846; x_wconf 89' lang='lat' dir='ltr'><strong>Petri</strong></span> <span class='ocrx_word' id='word_1_553' title='bbox 1701 3787 1956 3860; x_wconf 86' lang='lat' dir='ltr'><strong>apostoli</strong></span> <span class='ocrx_word' id='word_1_554' title='bbox 1987 3803 2056 3843; x_wconf 89' lang='lat' dir='ltr'><strong>ac</strong></span> <span class='ocrx_word' id='word_1_555' title='bbox 2116 3788 2481 3853; x_wconf 88' lang='lat' dir='ltr'><strong>summatis;</strong></span> 
     </span>
    </p>
   </div>
   <div class='ocr_carea' id='block_1_71' title="bbox 825 3879 1231 3940">
    <p class='ocr_par' dir='ltr' id='par_1_71' title="bbox 825 3879 1231 3940">
     <span class='ocr_line' id='line_1_71' title="bbox 825 3879 1231 3940; baseline -0.017 1"><span class='ocrx_word' id='word_1_556' title='bbox 825 3880 927 3940; x_wconf 85' lang='lat' dir='ltr'><strong>alii</strong></span> <span class='ocrx_word' id='word_1_557' title='bbox 951 3879 1231 3937; x_wconf 88' lang='lat' dir='ltr'><strong>aliorum.</strong></span> 
     </span>
    </p>
   </div>
   <div class='ocr_carea' id='block_1_72' title="bbox 824 3959 4208 4044">
    <p class='ocr_par' dir='ltr' id='par_1_72' title="bbox 824 3959 4208 4044">
     <span class='ocr_line' id='line_1_72' title="bbox 824 3959 4208 4044; baseline -0.001 -20"><span class='ocrx_word' id='word_1_558' title='bbox 824 3974 916 4044; x_wconf 66' lang='grc' dir='ltr'><strong>μεν</strong></span> <span class='ocrx_word' id='word_1_559' title='bbox 973 3968 1224 4024; x_wconf 78' lang='grc' dir='ltr'>Ἰακώϐου</span> <span class='ocrx_word' id='word_1_560' title='bbox 1280 3965 1411 4022; x_wconf 87' lang='grc' dir='ltr'>εἶναί</span> <span class='ocrx_word' id='word_1_561' title='bbox 1465 3988 1595 4042; x_wconf 80' lang='grc' dir='ltr'>φασι</span> <span class='ocrx_word' id='word_1_562' title='bbox 1645 3975 1739 4021; x_wconf 90' lang='grc' dir='ltr'><strong>τοῦ</strong></span> <span class='ocrx_word' id='word_1_563' title='bbox 1796 3967 2172 4040; x_wconf 87' lang='grc' dir='ltr'>ὀνομασθέντος</span> <span class='ocrx_word' id='word_1_564' title='bbox 2232 3964 2457 4039; x_wconf 69' lang='grc' dir='ltr'>ἀδελφοῦ</span> <span class='ocrx_word' id='word_1_565' title='bbox 2518 3971 2737 4041; x_wconf 81' lang='grc' dir='ltr'>Κυρίου,</span> <span class='ocrx_word' id='word_1_566' title='bbox 2806 3965 2968 4036; x_wconf 78' lang='grc' dir='ltr'>ἕτεροι</span> <span class='ocrx_word' id='word_1_567' title='bbox 3021 3959 3079 4014; x_wconf 77' lang='grc' dir='ltr'>δὲ</span> <span class='ocrx_word' id='word_1_568' title='bbox 3129 3968 3326 4038; x_wconf 83' lang='grc' dir='ltr'>Πέτρου</span> <span class='ocrx_word' id='word_1_569' title='bbox 3378 3973 3471 4017; x_wconf 84' lang='grc' dir='ltr'><strong>τοῦ</strong></span> <span class='ocrx_word' id='word_1_570' title='bbox 3537 3964 3833 4019; x_wconf 78' lang='grc' dir='ltr'>ἀποστόλου</span> <span class='ocrx_word' id='word_1_571' title='bbox 3887 3973 3977 4021; x_wconf 89' lang='lat' dir='ltr'><strong>xui</strong></span> <span class='ocrx_word' id='word_1_572' title='bbox 4049 3989 4208 4044; x_wconf 82' lang='grc' dir='ltr'>κορυ-</span> 
     </span>
    </p>
   </div>
   <div class='ocr_carea' id='block_1_73' title="bbox 826 4058 1508 4134">
    <p class='ocr_par' dir='ltr' id='par_1_73' title="bbox 826 4058 1508 4134">
     <span class='ocr_line' id='line_1_73' title="bbox 826 4058 1508 4134; baseline 0 -20"><span class='ocrx_word' id='word_1_573' title='bbox 826 4079 1002 4134; x_wconf 66' lang='lat' dir='ltr'><strong>putati,</strong></span> <span class='ocrx_word' id='word_1_574' title='bbox 1029 4064 1122 4112; x_wconf 85' lang='lat' dir='ltr'><strong>xui</strong></span> <span class='ocrx_word' id='word_1_575' title='bbox 1145 4059 1295 4112; x_wconf 74' lang='grc' dir='ltr'>ἄλλοι</span> <span class='ocrx_word' id='word_1_576' title='bbox 1321 4058 1508 4114; x_wconf 73' lang='grc' dir='ltr'>ἄλλων.</span> 
     </span>
    </p>
   </div>
   <div class='ocr_carea' id='block_1_74' title="bbox 894 4146 2484 4222">
    <p class='ocr_par' dir='ltr' id='par_1_74' title="bbox 894 4146 2484 4222">
     <span class='ocr_line' id='line_1_74' title="bbox 894 4146 2484 4222; baseline -0.003 -14"><span class='ocrx_word' id='word_1_577' title='bbox 894 4155 986 4208; x_wconf 88' lang='lat'><strong>33.</strong></span> <span class='ocrx_word' id='word_1_578' title='bbox 1033 4151 1173 4206; x_wconf 90' lang='lat' dir='ltr'><strong>Post</strong></span> <span class='ocrx_word' id='word_1_579' title='bbox 1199 4148 1628 4222; x_wconf 72' lang='lat' dir='ltr'><strong>praedictorum</strong></span> <span class='ocrx_word' id='word_1_580' title='bbox 1661 4146 2076 4219; x_wconf 90' lang='lat' dir='ltr'><strong>apostolorum</strong></span> <span class='ocrx_word' id='word_1_581' title='bbox 2107 4151 2484 4203; x_wconf 87' lang='lat' dir='ltr'><strong>sanctorum-</strong></span> 
     </span>
    </p>
   </div>
   <div class='ocr_carea' id='block_1_75' title="bbox 823 4235 2484 4314">
    <p class='ocr_par' dir='ltr' id='par_1_75' title="bbox 823 4235 2484 4314">
     <span class='ocr_line' id='line_1_75' title="bbox 823 4235 2484 4314; baseline -0.005 -17"><span class='ocrx_word' id='word_1_582' title='bbox 823 4255 943 4314; x_wconf 89' lang='lat' dir='ltr'><strong>que</strong></span> <span class='ocrx_word' id='word_1_583' title='bbox 981 4238 1649 4303; x_wconf 87' lang='lat' dir='ltr'><strong>commemorationem,</strong></span> <span class='ocrx_word' id='word_1_584' title='bbox 1681 4236 1932 4292; x_wconf 88' lang='lat' dir='ltr'><strong>nomina</strong></span> <span class='ocrx_word' id='word_1_585' title='bbox 1980 4235 2333 4291; x_wconf 87' lang='lat' dir='ltr'><strong>nuntiantur</strong></span> <span class='ocrx_word' id='word_1_586' title='bbox 2381 4236 2484 4290; x_wconf 85' lang='lat' dir='ltr'><strong>de-</strong></span> 
     </span>
    </p>
   </div>
   <div class='ocr_carea' id='block_1_76' title="bbox 822 4324 2485 4400">
    <p class='ocr_par' dir='ltr' id='par_1_76' title="bbox 822 4324 2485 4400">
     <span class='ocr_line' id='line_1_76' title="bbox 822 4324 2485 4400; baseline -0.003 -14"><span class='ocrx_word' id='word_1_587' title='bbox 822 4329 1191 4397; x_wconf 88' lang='lat' dir='ltr'><strong>functorum,</strong></span> <span class='ocrx_word' id='word_1_588' title='bbox 1223 4342 1486 4400; x_wconf 90' lang='lat' dir='ltr'><strong>quorum</strong></span> <span class='ocrx_word' id='word_1_589' title='bbox 1515 4326 1583 4383; x_wconf 87' lang='lat' dir='ltr'><strong>ﬁt</strong></span> <span class='ocrx_word' id='word_1_590' title='bbox 1638 4326 1884 4392; x_wconf 91' lang='lat' dir='ltr'><strong>mentio,</strong></span> <span class='ocrx_word' id='word_1_591' title='bbox 1939 4340 2050 4380; x_wconf 92' lang='lat' dir='ltr'><strong>nec</strong></span> <span class='ocrx_word' id='word_1_592' title='bbox 2092 4340 2213 4379; x_wconf 91' lang='lat' dir='ltr'><strong>non</strong></span> <span class='ocrx_word' id='word_1_593' title='bbox 2245 4324 2485 4381; x_wconf 86' lang='lat' dir='ltr'><strong>illorum</strong></span> 
     </span>
    </p>
   </div>
   <div class='ocr_carea' id='block_1_77' title="bbox 825 4414 2485 4493">
    <p class='ocr_par' dir='ltr' id='par_1_77' title="bbox 825 4414 2485 4493">
     <span class='ocr_line' id='line_1_77' title="bbox 825 4414 2485 4493; baseline -0.003 -18"><span class='ocrx_word' id='word_1_594' title='bbox 825 4434 936 4493; x_wconf 88' lang='lat' dir='ltr'><strong>pro</strong></span> <span class='ocrx_word' id='word_1_595' title='bbox 967 4419 1192 4492; x_wconf 88' lang='lat' dir='ltr'><strong>quibus</strong></span> <span class='ocrx_word' id='word_1_596' title='bbox 1221 4417 1376 4472; x_wconf 85' lang='lat' dir='ltr'><strong>ﬁunt</strong></span> <span class='ocrx_word' id='word_1_597' title='bbox 1404 4416 1739 4472; x_wconf 84' lang='lat' dir='ltr'><strong>oblationes</strong></span> <span class='ocrx_word' id='word_1_598' title='bbox 1767 4435 1782 4482; x_wconf 86' lang='lat'><strong>;</strong></span> <span class='ocrx_word' id='word_1_599' title='bbox 1816 4430 1959 4469; x_wconf 83' lang='lat' dir='ltr'><strong>mox</strong></span> <span class='ocrx_word' id='word_1_600' title='bbox 1990 4414 2374 4470; x_wconf 87' lang='lat' dir='ltr'><strong>sacerdotum</strong></span> <span class='ocrx_word' id='word_1_601' title='bbox 2415 4430 2485 4470; x_wconf 92' lang='lat' dir='ltr'><strong>ac</strong></span> 
     </span>
    </p>
   </div>
   <div class='ocr_carea' id='block_1_78' title="bbox 818 4502 2482 4580">
    <p class='ocr_par' dir='ltr' id='par_1_78' title="bbox 818 4502 2482 4580">
     <span class='ocr_line' id='line_1_78' title="bbox 818 4502 2482 4580; baseline -0.006 -13"><span class='ocrx_word' id='word_1_602' title='bbox 818 4523 1037 4580; x_wconf 84' lang='lat' dir='ltr'><strong>regum</strong></span> <span class='ocrx_word' id='word_1_603' title='bbox 1085 4512 1141 4563; x_wconf 90' lang='lat' dir='ltr'><strong>et</strong></span> <span class='ocrx_word' id='word_1_604' title='bbox 1189 4505 1464 4562; x_wconf 90' lang='lat' dir='ltr'><strong>omnium</strong></span> <span class='ocrx_word' id='word_1_605' title='bbox 1519 4504 1716 4560; x_wconf 87' lang='lat' dir='ltr'><strong>simul.</strong></span> <span class='ocrx_word' id='word_1_606' title='bbox 1763 4507 1957 4575; x_wconf 89' lang='lat' dir='ltr'><strong>Atque</strong></span> <span class='ocrx_word' id='word_1_607' title='bbox 1987 4502 2047 4558; x_wconf 90' lang='lat' dir='ltr'><strong>hi</strong></span> <span class='ocrx_word' id='word_1_608' title='bbox 2093 4503 2362 4571; x_wconf 86' lang='lat' dir='ltr'><strong>magistri</strong></span> <span class='ocrx_word' id='word_1_609' title='bbox 2416 4502 2482 4558; x_wconf 90' lang='lat' dir='ltr'><strong>li-</strong></span> 
     </span>
    </p>
   </div>
   <div class='ocr_carea' id='block_1_79' title="bbox 821 4593 2483 4668">
    <p class='ocr_par' dir='ltr' id='par_1_79' title="bbox 821 4593 2483 4668">
     <span class='ocr_line' id='line_1_79' title="bbox 821 4593 2483 4668; baseline -0.004 -13"><span class='ocrx_word' id='word_1_610' title='bbox 821 4598 1058 4668; x_wconf 72' lang='lat' dir='ltr'><strong>turgitn,</strong></span> <span class='ocrx_word' id='word_1_611' title='bbox 1089 4596 1352 4653; x_wconf 86' lang='lat' dir='ltr'><strong>volentes</strong></span> <span class='ocrx_word' id='word_1_612' title='bbox 1380 4597 1499 4651; x_wconf 89' lang='lat' dir='ltr'><strong>Deo</strong></span> <span class='ocrx_word' id='word_1_613' title='bbox 1525 4594 1781 4650; x_wconf 90' lang='lat' dir='ltr'><strong>similem</strong></span> <span class='ocrx_word' id='word_1_614' title='bbox 1808 4609 1939 4648; x_wconf 87' lang='lat' dir='ltr'><strong>esse</strong></span> <span class='ocrx_word' id='word_1_615' title='bbox 1967 4593 2344 4665; x_wconf 89' lang='lat' dir='ltr'><strong>episcopum,</strong></span> <span class='ocrx_word' id='word_1_616' title='bbox 2373 4609 2483 4665; x_wconf 81' lang='lat' dir='ltr'><strong>pro</strong></span> 
     </span>
    </p>
   </div>
   <div class='ocr_carea' id='block_1_80' title="bbox 820 4665 2516 4759">
    <p class='ocr_par' dir='ltr' id='par_1_80' title="bbox 820 4665 2516 4759">
     <span class='ocr_line' id='line_1_80' title="bbox 820 4665 2516 4759; baseline -0.004 -14"><span class='ocrx_word' id='word_1_617' title='bbox 820 4687 1082 4746; x_wconf 86' lang='lat' dir='ltr'><strong>inimicis</strong></span> <span class='ocrx_word' id='word_1_618' title='bbox 1110 4700 1357 4759; x_wconf 88' lang='lat' dir='ltr'><strong>quoque</strong></span> <span class='ocrx_word' id='word_1_619' title='bbox 1388 4685 1467 4742; x_wconf 88' lang='lat' dir='ltr'><strong>ab</strong></span> <span class='ocrx_word' id='word_1_620' title='bbox 1496 4700 1568 4740; x_wconf 91' lang='lat' dir='ltr'><strong>eo</strong></span> <span class='ocrx_word' id='word_1_621' title='bbox 1619 4699 1825 4757; x_wconf 90' lang='lat' dir='ltr'><strong>preces</strong></span> <span class='ocrx_word' id='word_1_622' title='bbox 1849 4681 2042 4748; x_wconf 87' lang='lat' dir='ltr'><strong>fundi,</strong></span> <span class='ocrx_word' id='word_1_623' title='bbox 2073 4698 2320 4754; x_wconf 78' lang='lat' dir='ltr'><strong>aequum</strong></span> <span class='ocrx_word' id='word_1_624' title='bbox 2351 4697 2484 4739; x_wconf 91' lang='lat' dir='ltr'><strong>cen-</strong></span> <span class='ocrx_word' id='word_1_625' title='bbox 2509 4665 2516 4674; x_wconf 68' lang='grc'><em>’</em></span> 
     </span>
    </p>
   </div>
   <div class='ocr_carea' id='block_1_81' title="bbox 822 4772 2484 4845">
    <p class='ocr_par' dir='ltr' id='par_1_81' title="bbox 822 4772 2484 4845">
     <span class='ocr_line' id='line_1_81' title="bbox 822 4772 2484 4845; baseline -0.004 -11"><span class='ocrx_word' id='word_1_626' title='bbox 822 4782 988 4834; x_wconf 86' lang='lat' dir='ltr'><strong>sent:</strong></span> <span class='ocrx_word' id='word_1_627' title='bbox 1032 4775 1215 4832; x_wconf 88' lang='lat' dir='ltr'><strong>talem</strong></span> <span class='ocrx_word' id='word_1_628' title='bbox 1246 4775 1408 4830; x_wconf 92' lang='lat' dir='ltr'><strong>enim</strong></span> <span class='ocrx_word' id='word_1_629' title='bbox 1438 4789 1568 4830; x_wconf 90' lang='lat' dir='ltr'><strong>esse</strong></span> <span class='ocrx_word' id='word_1_630' title='bbox 1618 4776 1853 4845; x_wconf 90' lang='lat' dir='ltr'><strong>oportet</strong></span> <span class='ocrx_word' id='word_1_631' title='bbox 1900 4772 2279 4843; x_wconf 89' lang='lat' dir='ltr'><strong>episcopum,</strong></span> <span class='ocrx_word' id='word_1_632' title='bbox 2331 4773 2484 4828; x_wconf 91' lang='lat' dir='ltr'><strong>inter</strong></span> 
     </span>
    </p>
   </div>
   <div class='ocr_carea' id='block_1_82' title="bbox 821 4861 2483 4925">
    <p class='ocr_par' dir='ltr' id='par_1_82' title="bbox 821 4861 2483 4925">
     <span class='ocr_line' id='line_1_82' title="bbox 821 4861 2483 4925; baseline -0.004 -1"><span class='ocrx_word' id='word_1_633' title='bbox 821 4871 1014 4925; x_wconf 84' lang='lat' dir='ltr'><strong>Deum</strong></span> <span class='ocrx_word' id='word_1_634' title='bbox 1042 4865 1319 4922; x_wconf 89' lang='lat' dir='ltr'><strong>videlicet</strong></span> <span class='ocrx_word' id='word_1_635' title='bbox 1368 4869 1426 4920; x_wconf 86' lang='lat' dir='ltr'><strong>et</strong></span> <span class='ocrx_word' id='word_1_636' title='bbox 1449 4864 1728 4920; x_wconf 89' lang='lat' dir='ltr'><strong>homines</strong></span> <span class='ocrx_word' id='word_1_637' title='bbox 1782 4861 2198 4918; x_wconf 87' lang='lat' dir='ltr'><strong>mediatorem.</strong></span> <span class='ocrx_word' id='word_1_638' title='bbox 2259 4861 2483 4918; x_wconf 90' lang='lat' dir='ltr'><strong>Deinde</strong></span> 
     </span>
    </p>
   </div>
   <div class='ocr_carea' id='block_1_83' title="bbox 819 4950 2485 5024">
    <p class='ocr_par' dir='ltr' id='par_1_83' title="bbox 819 4950 2485 5024">
     <span class='ocr_line' id='line_1_83' title="bbox 819 4950 2485 5024; baseline -0.004 -10"><span class='ocrx_word' id='word_1_639' title='bbox 819 4957 978 5014; x_wconf 83' lang='lat' dir='ltr'><strong>elata</strong></span> <span class='ocrx_word' id='word_1_640' title='bbox 1028 4970 1220 5013; x_wconf 88' lang='lat' dir='ltr'><strong>voce:</strong></span> <span class='ocrx_word' id='word_1_641' title='bbox 1256 4957 1545 5012; x_wconf 77' lang='lat' dir='ltr'><strong>Memento</strong></span> <span class='ocrx_word' id='word_1_642' title='bbox 1599 4953 1662 5008; x_wconf 90' lang='lat' dir='ltr'><strong>in</strong></span> <span class='ocrx_word' id='word_1_643' title='bbox 1691 4951 1923 5024; x_wconf 87' lang='lat' dir='ltr'><strong>primis,</strong></span> <span class='ocrx_word' id='word_1_644' title='bbox 1967 4950 2243 5017; x_wconf 90' lang='lat' dir='ltr'><strong>Domine,</strong></span> <span class='ocrx_word' id='word_1_645' title='bbox 2294 4951 2485 5007; x_wconf 82' lang='lat' dir='ltr'><strong>archi-</strong></span> 
     </span>
    </p>
   </div>
   <div class='ocr_carea' id='block_1_84' title="bbox 819 5040 2483 5120">
    <p class='ocr_par' dir='ltr' id='par_1_84' title="bbox 819 5040 2483 5120">
     <span class='ocr_line' id='line_1_84' title="bbox 819 5040 2483 5120; baseline -0.005 -16"><span class='ocrx_word' id='word_1_646' title='bbox 819 5046 1088 5120; x_wconf 87' lang='lat' dir='ltr'><strong>episcopi</strong></span> <span class='ocrx_word' id='word_1_647' title='bbox 1115 5045 1303 5103; x_wconf 89' lang='lat' dir='ltr'><strong>nostri</strong></span> <span class='ocrx_word' id='word_1_648' title='bbox 1328 5064 1341 5114; x_wconf 91' lang='lat'><strong>;</strong></span> <span class='ocrx_word' id='word_1_649' title='bbox 1375 5043 1600 5116; x_wconf 87' lang='lat' dir='ltr'><strong>quibus</strong></span> <span class='ocrx_word' id='word_1_650' title='bbox 1633 5040 1829 5098; x_wconf 85' lang='lat' dir='ltr'><strong>verbis</strong></span> <span class='ocrx_word' id='word_1_651' title='bbox 1853 5040 2200 5098; x_wconf 89' lang='lat' dir='ltr'><strong>odedientia</strong></span> <span class='ocrx_word' id='word_1_652' title='bbox 2223 5040 2483 5098; x_wconf 90' lang='lat' dir='ltr'><strong>ostendi-</strong></span> 
     </span>
    </p>
   </div>
   <div class='ocr_carea' id='block_1_85' title="bbox 2601 2810 4206 2887">
    <p class='ocr_par' dir='ltr' id='par_1_85' title="bbox 2601 2810 4206 2887">
     <span class='ocr_line' id='line_1_85' title="bbox 2601 2810 4206 2887; baseline 0.004 -28"><span class='ocrx_word' id='word_1_653' title='bbox 2601 2812 2690 2859; x_wconf 88' lang='lat' dir='ltr'><strong>xui</strong></span> <span class='ocrx_word' id='word_1_654' title='bbox 2734 2810 2758 2858; x_wconf 90' lang='lat'><strong>6</strong></span> <span class='ocrx_word' id='word_1_655' title='bbox 2822 2811 3012 2880; x_wconf 80' lang='grc' dir='ltr'>Κύριος</span> <span class='ocrx_word' id='word_1_656' title='bbox 3058 2811 3204 2879; x_wconf 84' lang='grc' dir='ltr'>ημῶν</span> <span class='ocrx_word' id='word_1_657' title='bbox 3254 2810 3459 2871; x_wconf 83' lang='grc' dir='ltr'>Ἰησοῦς</span> <span class='ocrx_word' id='word_1_658' title='bbox 3518 2816 3742 2884; x_wconf 87' lang='grc' dir='ltr'>Χριστός</span> <span class='ocrx_word' id='word_1_659' title='bbox 3800 2832 3979 2864; x_wconf 87' lang='grc' dir='ltr'>τουτον</span> <span class='ocrx_word' id='word_1_660' title='bbox 4045 2819 4206 2887; x_wconf 84' lang='grc' dir='ltr'>παρέ-</span> 
     </span>
    </p>
   </div>
   <div class='ocr_carea' id='block_1_86' title="bbox 2602 2894 4208 2971">
    <p class='ocr_par' dir='ltr' id='par_1_86' title="bbox 2602 2894 4208 2971">
     <span class='ocr_line' id='line_1_86' title="bbox 2602 2894 4208 2971; baseline 0.003 -23"><span class='ocrx_word' id='word_1_661' title='bbox 2602 2894 2768 2953; x_wconf 86' lang='grc' dir='ltr'>δωκε.</span> <span class='ocrx_word' id='word_1_662' title='bbox 2837 2900 2980 2948; x_wconf 87' lang='grc' dir='ltr'>Μετά</span> <span class='ocrx_word' id='word_1_663' title='bbox 3047 2895 3105 2949; x_wconf 71' lang='grc' dir='ltr'>δὲ</span> <span class='ocrx_word' id='word_1_664' title='bbox 3170 2901 3292 2959; x_wconf 84' lang='grc' dir='ltr'>τούς</span> <span class='ocrx_word' id='word_1_665' title='bbox 3361 2901 3642 2971; x_wconf 81' lang='grc' dir='ltr'>θεηγόρους</span> <span class='ocrx_word' id='word_1_666' title='bbox 3709 2899 4030 2963; x_wconf 76' lang='grc' dir='ltr'>ἀποστόλους</span> <span class='ocrx_word' id='word_1_667' title='bbox 4073 2905 4208 2962; x_wconf 70' lang='grc' dir='ltr'>τινες</span> 
     </span>
    </p>
   </div>
   <div class='ocr_carea' id='block_1_87' title="bbox 2601 3427 4206 3506">
    <p class='ocr_par' dir='ltr' id='par_1_87' title="bbox 2601 3427 4206 3506">
     <span class='ocr_line' id='line_1_87' title="bbox 2601 3427 4206 3506; baseline 0.005 -28"><span class='ocrx_word' id='word_1_668' title='bbox 2601 3427 2903 3503; x_wconf 81' lang='grc' dir='ltr'>ζωηρῥύτου</span> <span class='ocrx_word' id='word_1_669' title='bbox 2978 3437 3154 3500; x_wconf 84' lang='grc' dir='ltr'>πηγῆς</span> <span class='ocrx_word' id='word_1_670' title='bbox 3223 3438 3316 3481; x_wconf 86' lang='grc' dir='ltr'><strong>τοῦ</strong></span> <span class='ocrx_word' id='word_1_671' title='bbox 3383 3432 3730 3505; x_wconf 80' lang='grc' dir='ltr'>Παρακλητου</span> <span class='ocrx_word' id='word_1_672' title='bbox 3795 3434 4059 3506; x_wconf 74' lang='grc' dir='ltr'>ἠρύσαντο</span> <span class='ocrx_word' id='word_1_673' title='bbox 4135 3439 4206 3486; x_wconf 80' lang='grc' dir='ltr'><strong>τα</strong></span> 
     </span>
    </p>
   </div>
   <div class='ocr_carea' id='block_1_88' title="bbox 2597 3514 4204 3592">
    <p class='ocr_par' dir='ltr' id='par_1_88' title="bbox 2597 3514 4204 3592">
     <span class='ocr_line' id='line_1_88' title="bbox 2597 3514 4204 3592; baseline 0.003 -22"><span class='ocrx_word' id='word_1_674' title='bbox 2597 3514 2878 3589; x_wconf 85' lang='grc' dir='ltr'>δόγματα·</span> <span class='ocrx_word' id='word_1_675' title='bbox 2935 3518 3066 3590; x_wconf 81' lang='grc' dir='ltr'>άπερ</span> <span class='ocrx_word' id='word_1_676' title='bbox 3143 3520 3172 3576; x_wconf 81' lang='grc' dir='ltr'>ἡ</span> <span class='ocrx_word' id='word_1_677' title='bbox 3247 3526 3348 3570; x_wconf 82' lang='grc' dir='ltr'><strong>τῶν</strong></span> <span class='ocrx_word' id='word_1_678' title='bbox 3423 3517 3717 3592; x_wconf 84' lang='grc' dir='ltr'>όρθοδόξων</span> <span class='ocrx_word' id='word_1_679' title='bbox 3787 3523 4072 3581; x_wconf 85' lang='grc' dir='ltr'>Ἐκκλησία</span> <span class='ocrx_word' id='word_1_680' title='bbox 4135 3526 4204 3584; x_wconf 79' lang='grc' dir='ltr'>ὡς</span> 
     </span>
    </p>
   </div>
   <div class='ocr_carea' id='block_1_89' title="bbox 2593 3607 4206 3685">
    <p class='ocr_par' dir='ltr' id='par_1_89' title="bbox 2593 3607 4206 3685">
     <span class='ocr_line' id='line_1_89' title="bbox 2593 3607 4206 3685; baseline 0.002 -25"><span class='ocrx_word' id='word_1_681' title='bbox 2593 3607 2716 3681; x_wconf 87' lang='grc' dir='ltr'>παρ’</span> <span class='ocrx_word' id='word_1_682' title='bbox 2765 3607 2926 3658; x_wconf 78' lang='grc' dir='ltr'>αὐτοῦ</span> <span class='ocrx_word' id='word_1_683' title='bbox 2973 3615 3066 3658; x_wconf 90' lang='grc' dir='ltr'><strong>τοῦ</strong></span> <span class='ocrx_word' id='word_1_684' title='bbox 3117 3614 3352 3680; x_wconf 86' lang='grc' dir='ltr'>Χριστοῦ</span> <span class='ocrx_word' id='word_1_685' title='bbox 3394 3608 3649 3680; x_wconf 79' lang='grc' dir='ltr'>λεχθέντα</span> <span class='ocrx_word' id='word_1_686' title='bbox 3694 3630 3748 3663; x_wconf 91' lang='grc' dir='ltr'><strong>τε</strong></span> <span class='ocrx_word' id='word_1_687' title='bbox 3778 3617 3867 3663; x_wconf 87' lang='lat' dir='ltr'><strong>xui</strong></span> <span class='ocrx_word' id='word_1_688' title='bbox 3893 3615 4206 3685; x_wconf 81' lang='grc' dir='ltr'>πραχθέντα</span> 
     </span>
    </p>
   </div>
   <div class='ocr_carea' id='block_1_90' title="bbox 2595 3693 4207 3774">
    <p class='ocr_par' dir='ltr' id='par_1_90' title="bbox 2595 3693 4207 3774">
     <span class='ocr_line' id='line_1_90' title="bbox 2595 3693 4207 3774; baseline 0.002 -25"><span class='ocrx_word' id='word_1_689' title='bbox 2595 3693 2842 3758; x_wconf 81' lang='grc' dir='ltr'>ἐδέξατο·</span> <span class='ocrx_word' id='word_1_690' title='bbox 2900 3701 2988 3746; x_wconf 81' lang='grc' dir='ltr'>καὶ</span> <span class='ocrx_word' id='word_1_691' title='bbox 3043 3703 3130 3746; x_wconf 86' lang='grc' dir='ltr'><strong>νῦν</strong></span> <span class='ocrx_word' id='word_1_692' title='bbox 3189 3700 3288 3770; x_wconf 87' lang='grc' dir='ltr'><strong>πρό</strong></span> <span class='ocrx_word' id='word_1_693' title='bbox 3338 3706 3436 3748; x_wconf 87' lang='grc' dir='ltr'><strong>τῶν</strong></span> <span class='ocrx_word' id='word_1_694' title='bbox 3489 3698 3651 3750; x_wconf 88' lang='grc' dir='ltr'>οἰλλων</span> <span class='ocrx_word' id='word_1_695' title='bbox 3706 3701 3735 3757; x_wconf 81' lang='grc' dir='ltr'><strong>η</strong></span> <span class='ocrx_word' id='word_1_696' title='bbox 3772 3700 4207 3774; x_wconf 82' lang='grc' dir='ltr'>θείαλειτουργία</span> 
     </span>
    </p>
   </div>
   <div class='ocr_carea' id='block_1_91' title="bbox 2595 3784 4204 3863">
    <p class='ocr_par' dir='ltr' id='par_1_91' title="bbox 2595 3784 4204 3863">
     <span class='ocr_line' id='line_1_91' title="bbox 2595 3784 4204 3863; baseline 0.002 -25"><span class='ocrx_word' id='word_1_697' title='bbox 2595 3794 2685 3838; x_wconf 86' lang='grc' dir='ltr'><strong>τοῦ</strong></span> <span class='ocrx_word' id='word_1_698' title='bbox 2739 3784 2963 3858; x_wconf 85' lang='grc' dir='ltr'>μεγάλου</span> <span class='ocrx_word' id='word_1_699' title='bbox 3015 3784 3282 3837; x_wconf 87' lang='grc' dir='ltr'>Βασιλείου</span> <span class='ocrx_word' id='word_1_700' title='bbox 3322 3792 3411 3838; x_wconf 83' lang='grc' dir='ltr'>καὶ</span> <span class='ocrx_word' id='word_1_701' title='bbox 3467 3797 3560 3839; x_wconf 87' lang='grc' dir='ltr'><strong>τοῦ</strong></span> <span class='ocrx_word' id='word_1_702' title='bbox 3619 3790 3757 3841; x_wconf 84' lang='grc' dir='ltr'>θείου</span> <span class='ocrx_word' id='word_1_703' title='bbox 3813 3796 4204 3863; x_wconf 83' lang='grc' dir='ltr'>Χρυσοστόμου</span> 
     </span>
    </p>
   </div>
   <div class='ocr_carea' id='block_1_92' title="bbox 2595 3877 4206 3951">
    <p class='ocr_par' dir='ltr' id='par_1_92' title="bbox 2595 3877 4206 3951">
     <span class='ocr_line' id='line_1_92' title="bbox 2595 3877 4206 3951; baseline 0.004 -26"><span class='ocrx_word' id='word_1_704' title='bbox 2595 3881 2772 3950; x_wconf 84' lang='grc' dir='ltr'>κρατεῖ</span> <span class='ocrx_word' id='word_1_705' title='bbox 2823 3877 2953 3946; x_wconf 89' lang='grc' dir='ltr'>μετά</span> <span class='ocrx_word' id='word_1_706' title='bbox 3018 3892 3077 3942; x_wconf 85' lang='grc' dir='ltr'><strong>γε</strong></span> <span class='ocrx_word' id='word_1_707' title='bbox 3141 3882 3236 3934; x_wconf 82' lang='grc' dir='ltr'>τῆς</span> <span class='ocrx_word' id='word_1_708' title='bbox 3301 3884 3401 3926; x_wconf 87' lang='grc' dir='ltr'><strong>τῶν</strong></span> <span class='ocrx_word' id='word_1_709' title='bbox 3465 3883 3920 3951; x_wconf 88' lang='grc' dir='ltr'>προηγιασμένων,</span> <span class='ocrx_word' id='word_1_710' title='bbox 3974 3883 4034 3937; x_wconf 78' lang='grc' dir='ltr'>ἣν</span> <span class='ocrx_word' id='word_1_711' title='bbox 4074 3899 4206 3940; x_wconf 86' lang='grc' dir='ltr'>τινες</span> 
     </span>
    </p>
   </div>
   <div class='ocr_carea' id='block_1_93' title="bbox 2666 4138 4206 4219">
    <p class='ocr_par' dir='ltr' id='par_1_93' title="bbox 2666 4138 4206 4219">
     <span class='ocr_line' id='line_1_93' title="bbox 2666 4138 4206 4219; baseline 0.003 -25"><span class='ocrx_word' id='word_1_712' title='bbox 2666 4141 2765 4194; x_wconf 68' lang='grc' dir='ltr'><strong>λς’.</strong></span> <span class='ocrx_word' id='word_1_713' title='bbox 2808 4144 2952 4194; x_wconf 84' lang='grc' dir='ltr'>Μετὰ</span> <span class='ocrx_word' id='word_1_714' title='bbox 3005 4138 3064 4194; x_wconf 77' lang='grc' dir='ltr'><strong>δε</strong></span> <span class='ocrx_word' id='word_1_715' title='bbox 3110 4145 3205 4198; x_wconf 80' lang='grc' dir='ltr'>τὴν</span> <span class='ocrx_word' id='word_1_716' title='bbox 3254 4148 3462 4214; x_wconf 78' lang='grc' dir='ltr'>μνήμην</span> <span class='ocrx_word' id='word_1_717' title='bbox 3516 4153 3615 4195; x_wconf 82' lang='grc' dir='ltr'><strong>τῶν</strong></span> <span class='ocrx_word' id='word_1_718' title='bbox 3662 4151 4045 4219; x_wconf 76' lang='grc' dir='ltr'>προειρημένων</span> <span class='ocrx_word' id='word_1_719' title='bbox 4073 4145 4206 4199; x_wconf 84' lang='grc' dir='ltr'>ἀπο-</span> 
     </span>
    </p>
   </div>
   <div class='ocr_carea' id='block_1_94' title="bbox 2599 4229 4202 4308">
    <p class='ocr_par' dir='ltr' id='par_1_94' title="bbox 2599 4229 4202 4308">
     <span class='ocr_line' id='line_1_94' title="bbox 2599 4229 4202 4308; baseline 0.004 -24"><span class='ocrx_word' id='word_1_720' title='bbox 2599 4232 2792 4284; x_wconf 86' lang='grc' dir='ltr'>στόλων</span> <span class='ocrx_word' id='word_1_721' title='bbox 2834 4237 2923 4282; x_wconf 86' lang='grc' dir='ltr'>καὶ</span> <span class='ocrx_word' id='word_1_722' title='bbox 2972 4229 3133 4301; x_wconf 78' lang='grc' dir='ltr'>ἁγίων</span> <span class='ocrx_word' id='word_1_723' title='bbox 3183 4236 3272 4283; x_wconf 86' lang='lat' dir='ltr'><strong>xui</strong></span> <span class='ocrx_word' id='word_1_724' title='bbox 3317 4234 3342 4283; x_wconf 89' lang='lat'><strong>6</strong></span> <span class='ocrx_word' id='word_1_725' title='bbox 3391 4235 3680 4305; x_wconf 75' lang='grc' dir='ltr'>κατάλογος</span> <span class='ocrx_word' id='word_1_726' title='bbox 3719 4240 3918 4306; x_wconf 87' lang='grc' dir='ltr'>γίνεται</span> <span class='ocrx_word' id='word_1_727' title='bbox 3945 4244 4044 4288; x_wconf 87' lang='grc' dir='ltr'><strong>τῶν</strong></span> <span class='ocrx_word' id='word_1_728' title='bbox 4074 4256 4202 4308; x_wconf 89' lang='grc' dir='ltr'>μνη.</span> 
     </span>
    </p>
   </div>
   <div class='ocr_carea' id='block_1_95' title="bbox 2595 4321 4201 4399">
    <p class='ocr_par' dir='ltr' id='par_1_95' title="bbox 2595 4321 4201 4399">
     <span class='ocr_line' id='line_1_95' title="bbox 2595 4321 4201 4399; baseline 0.002 -26"><span class='ocrx_word' id='word_1_729' title='bbox 2595 4325 2942 4392; x_wconf 81' lang='grc' dir='ltr'>μονευομένων</span> <span class='ocrx_word' id='word_1_730' title='bbox 3006 4329 3214 4392; x_wconf 82' lang='grc' dir='ltr'>νεκρῶν,</span> <span class='ocrx_word' id='word_1_731' title='bbox 3280 4326 3369 4372; x_wconf 81' lang='grc' dir='ltr'>καὶ</span> <span class='ocrx_word' id='word_1_732' title='bbox 3426 4323 3552 4397; x_wconf 75' lang='grc' dir='ltr'>ύπερ</span> <span class='ocrx_word' id='word_1_733' title='bbox 3623 4321 3690 4374; x_wconf 80' lang='grc' dir='ltr'>ὧν</span> <span class='ocrx_word' id='word_1_734' title='bbox 3756 4326 3810 4375; x_wconf 83' lang='lat' dir='ltr'><strong>ui</strong></span> <span class='ocrx_word' id='word_1_735' title='bbox 3862 4331 4201 4399; x_wconf 76' lang='grc' dir='ltr'>προσφοραί·</span> 
     </span>
    </p>
   </div>
   <div class='ocr_carea' id='block_1_96' title="bbox 2594 4407 4206 4486">
    <p class='ocr_par' dir='ltr' id='par_1_96' title="bbox 2594 4407 4206 4486">
     <span class='ocr_line' id='line_1_96' title="bbox 2594 4407 4206 4486; baseline 0.002 -22"><span class='ocrx_word' id='word_1_736' title='bbox 2594 4407 2702 4464; x_wconf 84' lang='grc' dir='ltr'>εἶτα</span> <span class='ocrx_word' id='word_1_737' title='bbox 2748 4413 2916 4484; x_wconf 82' lang='grc' dir='ltr'>ἱερέων</span> <span class='ocrx_word' id='word_1_738' title='bbox 2975 4414 3064 4461; x_wconf 78' lang='grc' dir='ltr'>καὶ</span> <span class='ocrx_word' id='word_1_739' title='bbox 3115 4407 3373 4480; x_wconf 71' lang='grc' dir='ltr'>βασιλέων</span> <span class='ocrx_word' id='word_1_740' title='bbox 3420 4416 3510 4464; x_wconf 87' lang='lat' dir='ltr'><strong>xui</strong></span> <span class='ocrx_word' id='word_1_741' title='bbox 3564 4415 3769 4465; x_wconf 82' lang='grc' dir='ltr'>πάντων</span> <span class='ocrx_word' id='word_1_742' title='bbox 3832 4415 3982 4486; x_wconf 85' lang='grc' dir='ltr'>ὁμοῦ.</span> <span class='ocrx_word' id='word_1_743' title='bbox 4040 4411 4206 4467; x_wconf 82' lang='grc' dir='ltr'>Οὗτοι</span> 
     </span>
    </p>
   </div>
   <div class='ocr_carea' id='block_1_97' title="bbox 2595 4496 4201 4578">
    <p class='ocr_par' dir='ltr' id='par_1_97' title="bbox 2595 4496 4201 4578">
     <span class='ocr_line' id='line_1_97' title="bbox 2595 4496 4201 4578; baseline 0.002 -25"><span class='ocrx_word' id='word_1_744' title='bbox 2595 4498 2653 4553; x_wconf 75' lang='grc' dir='ltr'>δὲ</span> <span class='ocrx_word' id='word_1_745' title='bbox 2706 4496 3018 4560; x_wconf 81' lang='grc' dir='ltr'>σπευδοντες</span> <span class='ocrx_word' id='word_1_746' title='bbox 3065 4497 3433 4570; x_wconf 74' lang='grc' dir='ltr'>ἐξομοιοῦσθαι</span> <span class='ocrx_word' id='word_1_747' title='bbox 3486 4510 3557 4572; x_wconf 80' lang='grc' dir='ltr'>τῷ</span> <span class='ocrx_word' id='word_1_748' title='bbox 3616 4510 3730 4573; x_wconf 86' lang='grc' dir='ltr'><strong>Θεῲ</strong></span> <span class='ocrx_word' id='word_1_749' title='bbox 3779 4506 3867 4554; x_wconf 86' lang='grc' dir='ltr'><strong>τόν</strong></span> <span class='ocrx_word' id='word_1_750' title='bbox 3923 4502 4201 4578; x_wconf 76' lang='grc' dir='ltr'>ἀρχιερέα,</span> 
     </span>
    </p>
   </div>
   <div class='ocr_carea' id='block_1_98' title="bbox 2592 4587 4203 4662">
    <p class='ocr_par' dir='ltr' id='par_1_98' title="bbox 2592 4587 4203 4662">
     <span class='ocr_line' id='line_1_98' title="bbox 2592 4587 4203 4662; baseline 0.003 -21"><span class='ocrx_word' id='word_1_751' title='bbox 2592 4595 2681 4642; x_wconf 83' lang='grc' dir='ltr'>καὶ</span> <span class='ocrx_word' id='word_1_752' title='bbox 2721 4591 2847 4660; x_wconf 75' lang='grc' dir='ltr'>ὑπὲρ</span> <span class='ocrx_word' id='word_1_753' title='bbox 2892 4596 2991 4639; x_wconf 92' lang='grc' dir='ltr'><strong>τῶν</strong></span> <span class='ocrx_word' id='word_1_754' title='bbox 3048 4587 3252 4662; x_wconf 84' lang='grc' dir='ltr'>ἐχθρῶν</span> <span class='ocrx_word' id='word_1_755' title='bbox 3317 4591 3573 4661; x_wconf 73' lang='grc' dir='ltr'>εὔχεσθαι</span> <span class='ocrx_word' id='word_1_756' title='bbox 3605 4588 3877 4645; x_wconf 81' lang='grc' dir='ltr'>δικαιοῦσι</span> <span class='ocrx_word' id='word_1_757' title='bbox 3908 4610 3920 4622; x_wconf 83' lang='lat'><strong><em>°</em></strong></span> <span class='ocrx_word' id='word_1_758' title='bbox 3963 4603 4203 4646; x_wconf 84' lang='grc' dir='ltr'>τοιοῦτον</span> 
     </span>
    </p>
   </div>
   <div class='ocr_carea' id='block_1_99' title="bbox 2590 4675 4200 4752">
    <p class='ocr_par' dir='ltr' id='par_1_99' title="bbox 2590 4675 4200 4752">
     <span class='ocr_line' id='line_1_99' title="bbox 2590 4675 4200 4752; baseline 0.004 -21"><span class='ocrx_word' id='word_1_759' title='bbox 2590 4683 2688 4751; x_wconf 77' lang='grc' dir='ltr'>γὰρ</span> <span class='ocrx_word' id='word_1_760' title='bbox 2741 4686 2867 4731; x_wconf 90' lang='grc' dir='ltr'>εἰναι</span> <span class='ocrx_word' id='word_1_761' title='bbox 2926 4675 3008 4730; x_wconf 89' lang='grc' dir='ltr'><strong>δεῖ</strong></span> <span class='ocrx_word' id='word_1_762' title='bbox 3059 4682 3139 4729; x_wconf 76' lang='grc' dir='ltr'><strong>τόν</strong></span> <span class='ocrx_word' id='word_1_763' title='bbox 3200 4677 3471 4752; x_wconf 85' lang='grc' dir='ltr'>ἀρχιερέα,</span> <span class='ocrx_word' id='word_1_764' title='bbox 3528 4686 3745 4751; x_wconf 87' lang='grc' dir='ltr'>μεσίτην</span> <span class='ocrx_word' id='word_1_765' title='bbox 3802 4690 3936 4736; x_wconf 85' lang='grc' dir='ltr'>Θεοῦ</span> <span class='ocrx_word' id='word_1_766' title='bbox 3989 4690 4080 4736; x_wconf 83' lang='grc' dir='ltr'>καὶ</span> <span class='ocrx_word' id='word_1_767' title='bbox 4113 4685 4200 4737; x_wconf 87' lang='grc' dir='ltr'>ἀν-</span> 
     </span>
    </p>
   </div>
   <div class='ocr_carea' id='block_1_100' title="bbox 2593 4765 4201 4847">
    <p class='ocr_par' dir='ltr' id='par_1_100' title="bbox 2593 4765 4201 4847">
     <span class='ocr_line' id='line_1_100' title="bbox 2593 4765 4201 4847; baseline 0.004 -25"><span class='ocrx_word' id='word_1_768' title='bbox 2593 4772 2830 4844; x_wconf 84' lang='grc' dir='ltr'>θρώπων.</span> <span class='ocrx_word' id='word_1_769' title='bbox 2889 4765 3016 4822; x_wconf 84' lang='grc' dir='ltr'>Εἶτα</span> <span class='ocrx_word' id='word_1_770' title='bbox 3072 4770 3100 4826; x_wconf 80' lang='grc' dir='ltr'><strong>η</strong></span> <span class='ocrx_word' id='word_1_771' title='bbox 3150 4767 3439 4840; x_wconf 75' lang='grc' dir='ltr'>ἐκφωνησις</span> <span class='ocrx_word' id='word_1_772' title='bbox 3477 4772 3627 4842; x_wconf 73' lang='grc'><strong>(41)⁰</strong></span> <span class='ocrx_word' id='word_1_773' title='bbox 3680 4772 3761 4823; x_wconf 83' lang='grc' dir='ltr'><strong>Ἐν</strong></span> <span class='ocrx_word' id='word_1_774' title='bbox 3807 4779 4035 4847; x_wconf 77' lang='grc' dir='ltr'>πρώτοις</span> <span class='ocrx_word' id='word_1_775' title='bbox 4067 4782 4201 4847; x_wconf 75' lang='grc' dir='ltr'>μνή-</span> 
     </span>
    </p>
   </div>
   <div class='ocr_carea' id='block_1_101' title="bbox 2595 4855 4200 4936">
    <p class='ocr_par' dir='ltr' id='par_1_101' title="bbox 2595 4855 4200 4936">
     <span class='ocr_line' id='line_1_101' title="bbox 2595 4855 4200 4936; baseline 0.002 -25"><span class='ocrx_word' id='word_1_776' title='bbox 2595 4860 2773 4922; x_wconf 84' lang='grc' dir='ltr'>σθητι,</span> <span class='ocrx_word' id='word_1_777' title='bbox 2832 4860 3007 4932; x_wconf 80' lang='grc' dir='ltr'>Κύριε,</span> <span class='ocrx_word' id='word_1_778' title='bbox 3060 4865 3153 4909; x_wconf 90' lang='grc' dir='ltr'><strong>τοῦ</strong></span> <span class='ocrx_word' id='word_1_779' title='bbox 3223 4855 3649 4930; x_wconf 87' lang='grc' dir='ltr'>ἀρχιεπισκόπου</span> <span class='ocrx_word' id='word_1_780' title='bbox 3714 4863 3858 4934; x_wconf 76' lang='grc' dir='ltr'>ἡμῶν</span> <span class='ocrx_word' id='word_1_781' title='bbox 3893 4880 3906 4892; x_wconf 90' lang='grc'>·</span> <span class='ocrx_word' id='word_1_782' title='bbox 3983 4862 4069 4936; x_wconf 66' lang='grc' dir='ltr'><strong>ἀφ’</strong></span> <span class='ocrx_word' id='word_1_783' title='bbox 4138 4862 4200 4927; x_wconf 79' lang='grc' dir='ltr'>ἧς</span> 
     </span>
    </p>
   </div>
   <div class='ocr_carea' id='block_1_102' title="bbox 2594 4945 4200 5027">
    <p class='ocr_par' dir='ltr' id='par_1_102' title="bbox 2594 4945 4200 5027">
     <span class='ocr_line' id='line_1_102' title="bbox 2594 4945 4200 5027; baseline 0.004 -26"><span class='ocrx_word' id='word_1_784' title='bbox 2594 4945 2862 5001; x_wconf 82' lang='grc' dir='ltr'>δείκνυται</span> <span class='ocrx_word' id='word_1_785' title='bbox 2924 4949 3160 5019; x_wconf 80' lang='grc' dir='ltr'>ύποταγὴ</span> <span class='ocrx_word' id='word_1_786' title='bbox 3229 4949 3256 5006; x_wconf 79' lang='grc' dir='ltr'>ἡ</span> <span class='ocrx_word' id='word_1_787' title='bbox 3318 4953 3448 5021; x_wconf 89' lang='grc' dir='ltr'>πρὸς</span> <span class='ocrx_word' id='word_1_788' title='bbox 3500 4955 3555 5003; x_wconf 87' lang='grc' dir='ltr'><strong>τό</strong></span> <span class='ocrx_word' id='word_1_789' title='bbox 3624 4952 3915 5027; x_wconf 82' lang='grc' dir='ltr'>ύπερέχον’</span> <span class='ocrx_word' id='word_1_790' title='bbox 3975 4959 4066 5006; x_wconf 85' lang='lat' dir='ltr'><strong>xui</strong></span> <span class='ocrx_word' id='word_1_791' title='bbox 4115 4958 4200 5008; x_wconf 81' lang='grc' dir='ltr'><strong>ότι</strong></span> 
     </span>
    </p>
   </div>
   <div class='ocr_carea' id='block_1_103' title="bbox 2594 5037 4199 5113">
    <p class='ocr_par' dir='ltr' id='par_1_103' title="bbox 2594 5037 4199 5113">
     <span class='ocr_line' id='line_1_103' title="bbox 2594 5037 4199 5113; baseline 0.004 -21"><span class='ocrx_word' id='word_1_792' title='bbox 2594 5041 2779 5092; x_wconf 89' lang='grc' dir='ltr'>τούτου</span> <span class='ocrx_word' id='word_1_793' title='bbox 2825 5041 3273 5110; x_wconf 82' lang='grc' dir='ltr'>μνημονευομένου</span> <span class='ocrx_word' id='word_1_794' title='bbox 3319 5037 3607 5113; x_wconf 80' lang='grc' dir='ltr'>ἀρχιερέως</span> <span class='ocrx_word' id='word_1_795' title='bbox 3657 5046 3897 5104; x_wconf 87' lang='grc' dir='ltr'>κοινωνός</span> <span class='ocrx_word' id='word_1_796' title='bbox 3945 5041 4060 5097; x_wconf 84' lang='grc' dir='ltr'>έστι</span> <span class='ocrx_word' id='word_1_797' title='bbox 4103 5052 4199 5100; x_wconf 83' lang='lat' dir='ltr'><strong>xui</strong></span> 
     </span>
    </p>
   </div>
   <div class='ocr_carea' id='block_1_104' title="bbox 892 5183 2514 5256">
    <p class='ocr_par' dir='ltr' id='par_1_104' title="bbox 892 5183 2514 5256">
     <span class='ocr_line' id='line_1_104' title="bbox 892 5183 2514 5256; baseline -0.003 -13"><span class='ocrx_word' id='word_1_798' title='bbox 892 5191 942 5226; x_wconf 73' lang='grc'>³⁸</span> <span class='ocrx_word' id='word_1_799' title='bbox 981 5189 1201 5246; x_wconf 84' lang='lat' dir='ltr'><strong>Jerem.</strong></span> <span class='ocrx_word' id='word_1_800' title='bbox 1225 5204 1396 5256; x_wconf 80' lang='lat' dir='ltr'><strong>mi,</strong></span> <span class='ocrx_word' id='word_1_801' title='bbox 1425 5187 1513 5243; x_wconf 86' lang='grc'><strong>31.</strong></span> <span class='ocrx_word' id='word_1_802' title='bbox 1559 5186 1604 5221; x_wconf 83' lang='grc'><strong>’⁷</strong></span> <span class='ocrx_word' id='word_1_803' title='bbox 1633 5187 1728 5242; x_wconf 88' lang='lat' dir='ltr'><strong>Isa</strong></span> <span class='ocrx_word' id='word_1_804' title='bbox 1750 5201 1860 5252; x_wconf 80' lang='lat' dir='ltr'><strong>LIV,</strong></span> <span class='ocrx_word' id='word_1_805' title='bbox 1895 5185 1962 5240; x_wconf 84' lang='lat'><strong>12</strong></span> <span class='ocrx_word' id='word_1_806' title='bbox 2007 5183 2054 5219; x_wconf 76' lang='grc'><strong>³⁸</strong></span> <span class='ocrx_word' id='word_1_807' title='bbox 2076 5183 2258 5241; x_wconf 89' lang='lat' dir='ltr'><strong>Joan.</strong></span> <span class='ocrx_word' id='word_1_808' title='bbox 2291 5200 2392 5251; x_wconf 80' lang='lat' dir='ltr'><strong>xv,</strong></span> <span class='ocrx_word' id='word_1_809' title='bbox 2425 5187 2514 5239; x_wconf 84' lang='lat'><strong>26.</strong></span> 
     </span>
    </p>
   </div>
   <div class='ocr_carea' id='block_1_105' title="bbox 2656 5307 4198 5378">
    <p class='ocr_par' dir='ltr' id='par_1_105' title="bbox 2656 5307 4198 5378">
     <span class='ocr_line' id='line_1_105' title="bbox 2656 5307 4198 5378; baseline 0.006 -15"><span class='ocrx_word' id='word_1_810' title='bbox 2656 5308 2771 5378; x_wconf 81' lang='grc'><strong>(39)</strong></span> <span class='ocrx_word' id='word_1_811' title='bbox 2803 5307 2949 5363; x_wconf 87' lang='lat' dir='ltr'><strong>Citat</strong></span> <span class='ocrx_word' id='word_1_812' title='bbox 2987 5307 3151 5363; x_wconf 91' lang='lat' dir='ltr'><strong>hunc</strong></span> <span class='ocrx_word' id='word_1_813' title='bbox 3187 5307 3391 5364; x_wconf 90' lang='lat' dir='ltr'><strong>locum</strong></span> <span class='ocrx_word' id='word_1_814' title='bbox 3427 5325 3501 5366; x_wconf 79' lang='lat' dir='ltr'><strong>ex</strong></span> <span class='ocrx_word' id='word_1_815' title='bbox 3542 5325 3656 5366; x_wconf 92' lang='lat' dir='ltr'><strong>ms.</strong></span> <span class='ocrx_word' id='word_1_816' title='bbox 3689 5311 3940 5369; x_wconf 84' lang='lat' dir='ltr'><strong>Allatius</strong></span> <span class='ocrx_word' id='word_1_817' title='bbox 3974 5315 4198 5372; x_wconf 77' lang='lat' dir='ltr'><strong>Contra</strong></span> 
     </span>
    </p>
   </div>
   <div class='ocr_carea' id='block_1_106' title="bbox 2583 5380 3221 5451">
    <p class='ocr_par' dir='ltr' id='par_1_106' title="bbox 2583 5380 3221 5451">
     <span class='ocr_line' id='line_1_106' title="bbox 2583 5380 3221 5451; baseline -0.002 -17"><span class='ocrx_word' id='word_1_818' title='bbox 2583 5380 3012 5451; x_wconf 80' lang='lat' dir='ltr'><strong>Hottinyerum</strong></span> <span class='ocrx_word' id='word_1_819' title='bbox 3040 5394 3098 5451; x_wconf 92' lang='lat' dir='ltr'><strong>p.</strong></span> <span class='ocrx_word' id='word_1_820' title='bbox 3141 5385 3221 5434; x_wconf 82' lang='grc' dir='ltr'><strong>Η.</strong></span> 
     </span>
    </p>
   </div>
   <div class='ocr_carea' id='block_1_107' title="bbox 2655 5450 4196 5530">
    <p class='ocr_par' dir='ltr' id='par_1_107' title="bbox 2655 5450 4196 5530">
     <span class='ocr_line' id='line_1_107' title="bbox 2655 5450 4196 5530; baseline 0.007 -25"><span class='ocrx_word' id='word_1_821' title='bbox 2655 5450 2767 5530; x_wconf 76' lang='grc'><strong>(40)</strong></span> <span class='ocrx_word' id='word_1_822' title='bbox 2801 5450 3295 5530; x_wconf 32' lang='lat' dir='ltr'><strong>Deest‘mend‘ose</strong></span> <span class='ocrx_word' id='word_1_823' title='bbox 3326 5452 3491 5526; x_wconf 91' lang='lat' dir='ltr'><strong>apud</strong></span> <span class='ocrx_word' id='word_1_824' title='bbox 3521 5453 3876 5526; x_wconf 65' lang='lat' dir='ltr'><strong>prmdictum</strong></span> <span class='ocrx_word' id='word_1_825' title='bbox 3905 5456 4196 5516; x_wconf 87' lang='lat' dir='ltr'><strong>Allatium</strong></span> 
     </span>
    </p>
   </div>
   <div class='ocr_carea' id='block_1_108' title="bbox 2581 5522 3311 5581">
    <p class='ocr_par' dir='ltr' id='par_1_108' title="bbox 2581 5522 3311 5581">
     <span class='ocr_line' id='line_1_108' title="bbox 2581 5522 3311 5581; baseline -0.004 -4"><span class='ocrx_word' id='word_1_826' title='bbox 2581 5522 2952 5579; x_wconf 85' lang='lat' dir='ltr'><strong>vocabulum</strong></span> <span class='ocrx_word' id='word_1_827' title='bbox 2980 5522 3311 5581; x_wconf 83' lang='grc' dir='ltr'>ἀκολουθίαν,</span> 
     </span>
    </p>
   </div>
   <div class='ocr_carea' id='block_1_109' title="bbox 2608 5595 4197 5675">
    <p class='ocr_par' dir='ltr' id='par_1_109' title="bbox 2608 5595 4197 5675">
     <span class='ocr_line' id='line_1_109' title="bbox 2608 5595 4197 5675; baseline 0.008 -24"><span class='ocrx_word' id='word_1_828' title='bbox 2608 5665 2618 5675; x_wconf 41' lang='grc'>.</span> <span class='ocrx_word' id='word_1_829' title='bbox 2655 5597 2768 5675; x_wconf 69' lang='lat' dir='ltr'><strong>(4t)</strong></span> <span class='ocrx_word' id='word_1_830' title='bbox 2792 5595 3020 5650; x_wconf 90' lang='lat' dir='ltr'><strong>Laudat</strong></span> <span class='ocrx_word' id='word_1_831' title='bbox 3047 5595 3189 5675; x_wconf 69' lang='lat' dir='ltr'><strong>hinc</strong></span> <span class='ocrx_word' id='word_1_832' title='bbox 3219 5596 3576 5675; x_wconf 78' lang='lat' dir='ltr'><strong>particulam</strong></span> <span class='ocrx_word' id='word_1_833' title='bbox 3604 5615 3683 5675; x_wconf 69' lang='lat' dir='ltr'><strong>ex</strong></span> <span class='ocrx_word' id='word_1_834' title='bbox 3705 5616 3820 5675; x_wconf 85' lang='lat' dir='ltr'><strong>ms.</strong></span> <span class='ocrx_word' id='word_1_835' title='bbox 3842 5601 4006 5661; x_wconf 85' lang='lat' dir='ltr'><strong>idem</strong></span> <span class='ocrx_word' id='word_1_836' title='bbox 4033 5602 4197 5664; x_wconf 64' lang='grc' dir='ltr'>ΔΗιις</span> 
     </span>
    </p>
   </div>
   <div class='ocr_carea' id='block_1_110' title="bbox 2580 5667 3766 5744">
    <p class='ocr_par' dir='ltr' id='par_1_110' title="bbox 2580 5667 3766 5744">
     <span class='ocr_line' id='line_1_110' title="bbox 2580 5667 3766 5744; baseline 0.003 -17"><span class='ocrx_word' id='word_1_837' title='bbox 2580 5667 2699 5743; x_wconf 75' lang='lat' dir='ltr'><strong>tius</strong></span> <span class='ocrx_word' id='word_1_838' title='bbox 2727 5667 2791 5725; x_wconf 90' lang='lat' dir='ltr'><strong>in</strong></span> <span class='ocrx_word' id='word_1_839' title='bbox 2819 5681 3001 5740; x_wconf 87' lang='lat' dir='ltr'><strong>opere</strong></span> <span class='ocrx_word' id='word_1_840' title='bbox 3031 5669 3118 5726; x_wconf 83' lang='lat' dir='ltr'><strong>De</strong></span> <span class='ocrx_word' id='word_1_841' title='bbox 3141 5667 3454 5744; x_wconf 71' lang='lat' dir='ltr'><strong>cohsensu,</strong></span> <span class='ocrx_word' id='word_1_842' title='bbox 3481 5668 3595 5731; x_wconf 90' lang='lat' dir='ltr'><strong>col.</strong></span> <span class='ocrx_word' id='word_1_843' title='bbox 3631 5671 3766 5730; x_wconf 81' lang='grc'><strong>1185</strong></span> 
     </span>
    </p>
   </div>
   <div class='ocr_carea' id='block_1_111' title="bbox 885 5308 2471 5442">
    <p class='ocr_par' dir='ltr' id='par_1_111' title="bbox 885 5308 2471 5442">
     <span class='ocr_line' id='line_1_111' title="bbox 885 5308 2471 5442; baseline -0.006 -70"><span class='ocrx_word' id='word_1_844' title='bbox 885 5316 1005 5442; x_wconf 54' lang='lat'><strong>(3?</strong></span> <span class='ocrx_word' id='word_1_845' title='bbox 1056 5313 1477 5370; x_wconf 84' lang='lat' dir='ltr'><strong>Animadverte</strong></span> <span class='ocrx_word' id='word_1_846' title='bbox 1526 5309 1788 5368; x_wconf 90' lang='lat' dir='ltr'><strong>auctoris</strong></span> <span class='ocrx_word' id='word_1_847' title='bbox 1843 5308 2034 5365; x_wconf 87' lang='lat' dir='ltr'><strong>nostri</strong></span> <span class='ocrx_word' id='word_1_848' title='bbox 2103 5309 2471 5389; x_wconf 88' lang='lat' dir='ltr'><strong>opinionem,</strong></span> 
     </span>
     <span class='ocr_line' id='line_1_112' title="bbox 885 5379 2471 5442; baseline -0.005 0"><span class='ocrx_word' id='word_1_849' title='bbox 885 5403 938 5442; x_wconf 90' lang='grc' dir='ltr'><strong>ιο</strong></span> <span class='ocrx_word' id='word_1_850' title='bbox 1005 5386 1424 5442; x_wconf 87' lang='lat' dir='ltr'><strong>unusauisaue</strong></span> <span class='ocrx_word' id='word_1_851' title='bbox 1441 5383 1756 5442; x_wconf 79' lang='lat' dir='ltr'><strong>apostolus</strong></span> <span class='ocrx_word' id='word_1_852' title='bbox 1772 5380 1986 5437; x_wconf 88' lang='lat' dir='ltr'><strong>doctus</strong></span> <span class='ocrx_word' id='word_1_853' title='bbox 2003 5379 2178 5437; x_wconf 84' lang='lat' dir='ltr'><strong>fuerit</strong></span> <span class='ocrx_word' id='word_1_854' title='bbox 2190 5381 2471 5436; x_wconf 90' lang='lat' dir='ltr'><strong>divinitus</strong></span> 
     </span>
    </p>
   </div>
   <div class='ocr_carea' id='block_1_112' title="bbox 813 5379 2474 5469">
    <p class='ocr_par' dir='ltr' id='par_1_112' title="bbox 813 5379 2474 5469">
     <span class='ocr_line' id='line_1_113' title="bbox 813 5379 2474 5469; baseline -0.006 -25"><span class='ocrx_word' id='word_1_855' title='bbox 813 5379 988 5469; x_wconf 74' lang='lat' dir='ltr'><strong>quod</strong></span> <span class='ocrx_word' id='word_1_856' title='bbox 1005 5386 1424 5469; x_wconf 76' lang='lat' dir='ltr'><strong>unusquisque</strong></span> <span class='ocrx_word' id='word_1_857' title='bbox 1441 5383 1756 5469; x_wconf 68' lang='lat' dir='ltr'><strong>apostolus</strong></span> <span class='ocrx_word' id='word_1_858' title='bbox 1772 5380 1986 5462; x_wconf 81' lang='lat' dir='ltr'><strong>doctus</strong></span> <span class='ocrx_word' id='word_1_859' title='bbox 2003 5379 2178 5461; x_wconf 80' lang='lat' dir='ltr'><strong>fuerit</strong></span> <span class='ocrx_word' id='word_1_860' title='bbox 2190 5381 2474 5469; x_wconf 66' lang='lat' dir='ltr'><strong>divinitus</strong></span> 
     </span>
    </p>
   </div>
   <div class='ocr_carea' id='block_1_113' title="bbox 811 5453 2474 5530">
    <p class='ocr_par' dir='ltr' id='par_1_113' title="bbox 811 5453 2474 5530">
     <span class='ocr_line' id='line_1_114' title="bbox 811 5453 2474 5530; baseline -0.004 -15"><span class='ocrx_word' id='word_1_861' title='bbox 811 5453 1082 5530; x_wconf 77' lang='lat' dir='ltr'><strong>linguam</strong></span> <span class='ocrx_word' id='word_1_862' title='bbox 1118 5453 1696 5530; x_wconf 59' lang='lat' dir='ltr'><strong>nominatim&#39;gentis</strong></span> <span class='ocrx_word' id='word_1_863' title='bbox 1741 5453 1891 5525; x_wconf 88' lang='lat' dir='ltr'><strong>ejus,</strong></span> <span class='ocrx_word' id='word_1_864' title='bbox 1947 5453 2044 5508; x_wconf 90' lang='lat' dir='ltr'><strong>cui</strong></span> <span class='ocrx_word' id='word_1_865' title='bbox 2096 5453 2474 5525; x_wconf 88' lang='lat' dir='ltr'><strong>peculiariter</strong></span> 
     </span>
    </p>
   </div>
   <div class='ocr_carea' id='block_1_114' title="bbox 812 5529 1408 5590">
    <p class='ocr_par' dir='ltr' id='par_1_114' title="bbox 812 5529 1408 5590">
     <span class='ocr_line' id='line_1_115' title="bbox 812 5529 1408 5590; baseline -0.012 -1"><span class='ocrx_word' id='word_1_866' title='bbox 812 5529 1214 5590; x_wconf 82' lang='lat' dir='ltr'><strong>destinandus</strong></span> <span class='ocrx_word' id='word_1_867' title='bbox 1237 5529 1408 5586; x_wconf 80' lang='lat' dir='ltr'><strong>foret.</strong></span> 
     </span>
    </p>
   </div>
   <div class='ocr_carea' id='block_1_115' title="bbox 883 5596 2471 5675">
    <p class='ocr_par' dir='ltr' id='par_1_115' title="bbox 883 5596 2471 5675">
     <span class='ocr_line' id='line_1_116' title="bbox 883 5596 2471 5675; baseline -0.005 -16"><span class='ocrx_word' id='word_1_868' title='bbox 883 5607 1000 5675; x_wconf 88' lang='lat'><strong>(38)</strong></span> <span class='ocrx_word' id='word_1_869' title='bbox 1053 5605 1138 5658; x_wconf 89' lang='lat' dir='ltr'><strong>Ita</strong></span> <span class='ocrx_word' id='word_1_870' title='bbox 1182 5601 1662 5675; x_wconf 36' lang='lat' dir='ltr'><strong>etiamhsanctus</strong></span> <span class='ocrx_word' id='word_1_871' title='bbox 1710 5596 2088 5670; x_wconf 77' lang='lat' dir='ltr'><strong>Sophronias</strong></span> <span class='ocrx_word' id='word_1_872' title='bbox 2140 5596 2306 5669; x_wconf 90' lang='lat' dir='ltr'><strong>apud</strong></span> <span class='ocrx_word' id='word_1_873' title='bbox 2356 5611 2471 5656; x_wconf 90' lang='lat' dir='ltr'><strong>nos</strong></span> 
     </span>
    </p>
   </div>
   <div class='ocr_carea' id='block_1_116' title="bbox 806 5672 1639 5754">
    <p class='ocr_par' dir='ltr' id='par_1_116' title="bbox 806 5672 1639 5754">
     <span class='ocr_line' id='line_1_117' title="bbox 806 5672 1639 5754; baseline -0.014 -12"><span class='ocrx_word' id='word_1_874' title='bbox 806 5672 1020 5754; x_wconf 64' lang='grc' dir='ltr'><strong>βρίσει.</strong></span> <span class='ocrx_word' id='word_1_875' title='bbox 1054 5677 1226 5738; x_wconf 71' lang='lat' dir='ltr'><strong>liam.</strong></span> <span class='ocrx_word' id='word_1_876' title='bbox 1260 5678 1302 5738; x_wconf 84' lang='lat' dir='ltr'><strong>t.</strong></span> <span class='ocrx_word' id='word_1_877' title='bbox 1335 5672 1424 5732; x_wconf 88' lang='lat' dir='ltr'><strong>IV.</strong></span> <span class='ocrx_word' id='word_1_878' title='bbox 1455 5687 1519 5748; x_wconf 91' lang='lat' dir='ltr'><strong>p.</strong></span> <span class='ocrx_word' id='word_1_879' title='bbox 1545 5674 1639 5748; x_wconf 53' lang='lat'><strong>31,</strong></span> 
     </span>
    </p>
   </div>
  </div>
