4468 6440
310 401 422 472 461‘

301 541 332 591 6
378 541 684 612 προσφέρων
713 544 806 596 τῆς
848 539 1099 602 πίστεως,
1131 537 1222 585 καί
1269 541 1362 592 τῆς
1407 529 1774 605 *παραδόσεως-
1806 541 1907 585 τῶν
1935 536 1983 588 Α

301 632 608 700 μυστηρίων
668 621 950 695 δίαδόχος,
1011 621 1123 674 ΑΠ’
1178 621 1306 691 ούχί
1350 627 1522 681 καινός
1574 634 1654 683 τις
1702 625 1909 694 μύστης

304 718 339 774 ἣ
393 718 604 789 εύρετὴς
655 731 756 764 των
829 712 948 784 παρ’
1009 711 1171 761 αύτοῡ
1225 714 1652 782 προσφερομένων
1714 709 1906 781 συμϐό-

302 805 425 856 λων·
483 805 629 856 Μετὰ
684 798 743 852 δε
797 803 893 861 τὰς
936 801 1182 859 τοιαύτας
1238 797 1549 868 ἐκφωνήσεις
1589 806 1651 854 τη
1722 795 1908 850 δίπτυ-

851 885 959 940 οἶον
1007 886 1294 962 ἀρχιερέων
1350 885 1628 957 βασιλέων,
1677 892 1766 939 καί
1794 887 1908 939 λοι-

1641 974 1901 1045 λέγονταιο

303 1074 395 1121 καί
460 1071 487 1120 6
561 1065 838 1139 ἀρχιερεύς
903 1064 1109 1136 εἰρήνην
1172 1066 1366 1122 πάσαις
1427 1070 1544 1124 ταῖς
1609 1062 1907 1126 ίκκλήσίαις

304 1158 588 1228 ἐπεύχεται
643 1160 732 1206 καί
770 1158 866 1210 την
915 1161 1013 1204 τῶν
1069 1152 1236 1203 αὐτων
1283 1150 1740 1223 πλημμελημάτων
1781 1169 1908 1223 συγ-

303 1253 553 1319 χώρησεν
605 1244 811 1306 ἕξαιτεῦ
873 1247 961 1294 καί
1027 1241 1173 1299 εὐθὺς
1223 1244 1313 1291 καί
1368 1240 1513 1314 ἑτέρα
1587 1241 1720 1310 εύχή
1780 1243 1905 1316 ύπερ

305 1337 470 1388 αὐτοῦ
537 1338 626 1385 καί
692 1339 785 1383 τοῦ
851 1331 997 1382 λαοῦ·
1068 1327 1180 1382 εἶτα
1254 1331 1385 1401 μετὰ
1460 1333 1554 1386 τήν
1621 1328 1907 1400 έκγωνησιν

305 1424 646 1494 ὼαφὼνείται
706 1422 847 1471 ποινὰ
902 1422 1079 1478 ναντὸς
1146 1426 1240 1468 του
1317 1416 1444 1468 λαοῦ
1510 1419 1540 1474 η
1604 1420 1747 1489 παρὰ
1817 1425 1906 1470 τοῦ

307 1520 444 1565 Θεού
493 1513 638 1581 ἡμων
667 1503 1106 1582 προδιδαχθείσα
1135 1505 1292 1577 εὐχή.
1339 1526 1360 1554 ε
1416 1506 1584 1578 Πάτερ
1636 1507 1781 1575 ἡμῶν
1806 1508 1834 1558 6
1859 1505 1906 1558 ίν

305 1609 416 1661 τοῖς
441 1600 700 1672 οὐρανοῖς.
738 1619 764 1644 ››

304 912 386 966 χι
410 901 510 944 τῶν
541 893 745 951 ζώντων
789 932 802 954 ,

304 979 437 1047 πων,
501 979 841 1050 έκφωνοῡντος
900 983 1053 1028 τοῦτο
1118 983 1211 1026 του
1287 971 1561 1038 διακόνου,

380 1685 479 1743 λδ.
516 1688 655 1744 Αὕτη
705 1681 763 1737 δε
812 1688 900 1736 καί
949 1680 1022 1736 δι’
1075 1685 1218 1755 ἕτερα
1267 1686 1357 1755 μεν
1409 1683 1570 1734 πολλὰ
1618 1689 1706 1735 καί
1756 1683 1909 1756 ἀναγ-

307 1775 436 1830 καῖα
491 1779 785 1828 τετύπωται
833 1773 1054 1825 ἐνταῦθα
1102 1771 1346 1842 λέγεσθαι
1402 1772 1529 1844 οἱπερ
1579 1779 1755 1844 μόνοις
1803 1781 1909 1835 τοῖς

311 1863 615 1937 δυναμένοις
669 1861 1043 1913 ἀνακαλύπτειν
1101 1863 1376 1934 μυστήρια
1431 1869 1566 1913 Θεού
1626 1861 1730 1913 εἰσι
1783 1869 1911 1932 γνῶ·
1943 1877 1981 1929 Β

307 1971 458 2028 ριμα·
515 1955 636 2004 ὅσον
691 1947 749 2002 δι
777 1950 868 2010 ἐἰς
919 1952 1006 2000 τὸν
1060 1950 1306 2022 ἡμέτερον
1354 1949 1467 2005 ἣκει
1506 1957 1645 2017 νοῦν,
1707 1946 1799 2002 διὰ
1852 1953 1909 2001 τὸ

311 2046 442 2096 εἶναι
493 2046 582 2093 καί
642 2044 834 2095 ταύτην
890 2041 1220 2110 συνημμένην
1278 2045 1339 2109 τῇ
1376 2043 1668 2110 κυριωτέρα
1723 2043 1908 2114 ἱεροτε-

308 2134 507 2203 λεστία,
561 2133 626 2190 ὡς
683 2131 874 2188 παντὸς
930 2130 1248 2200 περιεκτική·
1305 2131 1395 2177 καί
1452 2128 1534 2178 ἵνα
1581 2132 1654 2199 μὴ
1714 2131 1910 2199 ἔχωσιν

307 2226 493 2292 χώραν
528 2221 655 2277 τινες
708 2216 870 2287 λέγειν
944 2216 1024 2267 ὅτι
1090 2217 1286 2271 ταύτην
1353 2219 1447 2272 τὴν
1514 2216 1678 2286 εύχην
1745 2224 1910 2288 μονην

309 2309 568 2362 ἐκέλευσεν
622 2306 648 2358 ὁ
696 2307 918 2379 Χριςτός
961 2303 1124 2374 λέγειν
1164 2305 1324 2375 ἡμᾶς,
1375 2308 1466 2355 καί
1517 2304 1610 2356 οὐκ
1664 2305 1785 2356 ἄλλο
1837 2325 1910 2370 τι,

310 2400 486 2470 ὥσπερ
535 2395 748 2467 λέγουσι
799 2396 888 2444 καί
935 2394 984 2444 οἱ
1029 2389 1292 2464 λεγόμενοι
1346 2392 1576 2464 Εύχῖται
1640 2395 1910 2466 αἰρετικοί,

311 2488 403 2548 οὖς
468 2489 558 2537 καί
636 2482 1031 2542 Μεσσαλιανούς
1092 2485 1183 2532 καί
1249 2477 1568 2542 Φουνδαὶτας
1629 2484 1913 2554 κατονομά-

314 2577 520 2635 ςουσινο
577 2569 722 2625 οὗτοι
775 2574 874 2647 γὰρ
940 2567 1312 2630 διενίστανται,
1347 2571 1449 2640 ὃτι,
1517 2570 1612 2622 κᾶν
1667 2574 1916 2645 μυριάκις

313 2659 423 2717 εἷπε
478 2665 693 2724 ταύτην,
753 2660 907 2712 πάλιν
965 2659 1126 2716 αὐτὴν
1173 2664 1282 2732 χρὴ
1341 2658 1527 2731 λέγειν,
1561 2665 1649 2711 καί
1693 2660 1814 2713 οἴλλο
1867 2680 1917 2712 τι

313 2759 386 2826 μὴ
449 2752 805 2826 προστιθέναι,
881 2746 1230 2821 βαττολογὶαν
1307 2745 1466 2806 δῆθεν
1518 2753 1635 2809 τούς
1709 2750 1918 2812 λοιπούς

314 2846 508 2914 ὕμνους
569 2845 658 2891 καί
723 2842 816 2899 τὰς
883 2837 1278 2908 ἐξομολογήσεις
1344 2836 1574 2910 ἀφρόνως
1632 2841 1918 2910 κατονομά-

315 2934 510 2993 ζοντες·
569 2948 658 2981 του
691 2933 926 2999 Χριστοῦ
960 2929 1062 2998 γὰρ
1111 2931 1199 2977 καί
1248 2933 1382 2979 Θεοῦ
1430 2929 1574 2999 ἡμων
1623 2930 1687 2987 ὡς
1735 2927 1782 2979 έν
1814 2936 1920 2989 τοῖς

314 3019 490 3079 ἀλλοις
543 3016 761 3080 ἅπασιν,
823 3015 958 3068 ούτω
997 3017 1090 3066 κὰν
1147 3022 1204 3086 τῇ
1254 3017 1387 3087 εὐχῇ
1435 3018 1598 3066 τύπον
1645 3020 1734 3068 καί
1782 3013 1921 3077 εἶδος

314 3119 414 3162 τῶν
474 3106 778 3179 αἰτῑματων
828 3105 1158 3177 έπφαίνοντος
1232 3109 1322 3154 καί
1390 3100 1760 3175 διδάσκοντος,
1816 3106 1921 3165 πῶς

318 3195 400 3251 δεῖ
456 3198 583 3270 ύπερ
640 3204 706 3246 ὢν
747 3198 856 3268 χρὴ
908 3194 1324 3266 προσεύχεσθαι,
1384 3197 1475 3243 καί
1525 3189 1619 3244 διὰ
1671 3202 1770 3244 τῶν
1828 3202 1921 3254 τῆς

316 3292 630 3360 προσευχῆς
665 3285 912 3357 ῥημάτων
961 3284 1160 3343 ταύτης
1207 3286 1299 3338 τὴν
1357 3284 1569 3338 αἴτησιν
1628 3291 1726 3334 τῶν
1782 3285 1918 3355 φθει-

317 3380 544 3448 ρομένων
598 3377 688 3424 καί
735 3380 835 3423 τῶν
892 3375 1225 3443 προσκαίρων
1285 3369 1716 3444 ἀπαγορεύοντος,
1770 3377 1922 3443 μόνον

322 3463 380 3518 δι
447 3467 531 3516 τὸν
589 3465 854 3515 ἐπιούσιον
921 3460 1097 3534 ἄρτον,
1150 3459 1241 3512 εἶτ’
1300 3456 1395 3529 οὖν¹
1443 3464 1538 3518 τὴν
1593 3461 1774 3512 ούσίαν
1831 3469 1923 3513 τοῦ

323 3561 566 3626 σώματος
626 3557 1023 3622 συγκρατούντα
1069 3553 1158 3600 καί
1216 3554 1528 3620 συνέχοντα,
1575 3554 1703 3624 πρὸς
1748 3555 1806 3602 τὸ
1855 3555 1923 3623 μή

321 3643 560 3696 παντελεί
607 3641 744 3713 λιμῷ
798 3635 1216 3711 διαφθείρεσθαι·
1252 3642 1376 3711 πρὸς
1435 3635 1516 3708 δε,
1584 3643 1670 3690 καί
1736 3644 1793 3692 τὸ
1850 3645 1921 3712 μὴ

322 3731 567 3786 εἰσελθεῖν
623 3731 696 3792 εἰς
753 3733 1064 3802 πειρασμὸν,
1120 3727 1344 3780 έντευθεν
1418 3736 1578 3779 αιτείν
1636 3735 1923 3804 συγχωρῇ-

323 3842 532 3889 σαντος,
599 3823 665 3872 τὰ
742 3815 792 3871 δ’
863 3817 994 3869 ἄλλα
1062 3819 1229 3868 πάντα
1305 3821 1646 3889 πνευματικὰ,
1700 3823 1787 3870 καί
1851 3828 1923 3889 τῷ

316 3911 507 3964 ἐκεῖθεν
556 3916 706 3963 αὶὼνι
760 3913 1040 3982 πρέποντα,
1083 3912 1173 3959 καί
1221 3910 1356 3959 κατὰ
1391 3912 1484 3965 τὴν
1528 3907 1719 3975 εἰκονα,
1764 3914 1853 3960 καί
1908 3911 1998 3963 τόν

314 4004 710 4075 νομοθετοῦντος
729 4004 912 4052 πᾶσιν.

387 4090 473 4145 λε’.
531 4089 690 4142 Αύτοὶ
722 4083 866 4140 οὗτοι
922 4090 972 4139 οὶ
1029 4088 1397 4161 θεοκατάρατοι
1464 4087 1714 4158 Εύχίταί,
1758 4092 1925 4142 οἱκαὶ

313 4185 411 4238 τὴν
441 4179 682 4243 ἐξουσίαν
711 4181 795 4228 καὶ
826 4182 920 4234 τὴν
963 4176 1139 4249 ἀρχὴν
1178 4173 1334 4228 τουδε
1364 4182 1455 4228 τοῦ
1504 4182 1693 4240 παντὸς
1725 4185 1925 4252 κόσμου

313 4279 389 4341 τῷ
449 4276 656 4342 πονηρῷ
684 4270 914 4338 νέμοντες
960 4264 1272 4337 ἀλογίστως,
1323 4266 1362 4316 ὡ
1409 4274 1499 4326 τῆς
1553 4265 1773 4329 ἁνοίαςῐ
1823 4275 1924 4320 πᾶ-

319 4379 417 4412 σαν
468 4363 561 4416 τὴν
619 4356 782 4428 εὐχὴν
826 4359 1014 4415 παντὸς
1063 4354 1353 4427 εὐχομένου
1398 4359 1446 4406 εν
1497 4360 1696 4417 τούτοις
1754 4362 1926 4429 μόνοις

315 4457 425 4509 τοῖς
475 4449 682 4522 ῥήμασι
743 4447 1175 4520 περιγράφουσιν·
1248 4443 1355 4496 ἀλλ’
1411 4446 1436 4496 6
1504 4453 1604 4497 τῶν
1663 4449 2002 4542 θεηγὸρωνυ

319 4537 622 4590 ἀποστολων
671 4538 853 4609 χορὸς,
901 4540 992 4585 καὶ
1033 4536 1058 4584 6
1094 4533 1202 4603 μετ’
1243 4533 1433 4594 αὐτοὺς
1480 4543 1579 4585 τῶν
1612 4535 1772 4606 ἁγίων
1826 4543 1926 4589 [ια-

318 4630 480 4700 τέρων
539 4622 826 4695 κατάλογος
897 4618 1244 4684 διδάσκοντες
1315 4624 1517 4696 ὁμοίαις
1580 4628 1670 4695 μὲν
1727 4630 1925 4700 χρήσε-

321 4735 407 4769 σιν
452 4713 727 4766 αἱταῖσθαι
772 4716 895 4775 τοὺς
947 4711 1280 4784 εὐχομένους,
1330 4717 1421 4766 καὶ
1449 4714 1522 4784 τῷ
1561 4714 1704 4785 αύτῷ
1751 4735 1929 4790 χαρα-

319 4813 481 4878 κτῆρι
524 4806 936 4877 προσεοικυίαις,
985 4802 1193 4876 ῥήμασι
1243 4798 1304 4855 δὲ
1349 4803 1629 4871 πλείστοις,
1677 4811 1768 4857 καὶ
1813 4801 1928 4858 δια-

321 4899 503 4968 φόροις
555 4889 881 4964 δοξο).ογίαις
946 4894 1032 4943 τὸν
1084 4890 1278 4964 ἀγαθὸν
1345 4896 1607 4950 Δεσπότην
1672 4893 1929 4967 ἐξευμενί-

323 4985 475 5050 σθαι,
503 4981 716 5044 πολλαῖς
745 4986 835 5034 καὶ
877 4980 1056 5043 ἄλλαις
1099 4981 1289 5053 εὐχαῖς
1328 4977 1567 5053 πνῆψαν
1596 4988 1686 5036 καὶ
1715 4987 1927 5043 ταύτην.

319 5078 388 5127 Τί
429 5074 578 5148 γὰρ;
621 5070 745 5124 Ὀτι
799 5075 870 5144 μὴ
927 5067 1173 5144 δακρύειν
1227 5078 1290 5143 τῇ
1345 5071 1478 5144 εύχῇ
1534 5075 1697 5146 ταύτῃ
1745 5079 1933 5149 προσέ-

325 5165 443 5216 θετο
483 5162 508 5213 ὁ
539 5163 774 5235 Χριστὸς
813 5166 903 5213 καὶ
954 5160 1240 5230 στενάζειν,
1267 5163 1402 5212 κατὰ
1438 5167 1591 5214 τοῦτο
1637 5160 1930 5237 ἀπαγορεύ-

323 5271 396 5306 ειν
427 5255 716 5304 καὶταῦτα
760 5255 872 5326 χρή
903 5265 919 5318 ;
953 5254 1055 5303 Καὶ
1105 5258 1215 5313 πῶς
1263 5247 1432 5303 Δαυῐδ
1461 5252 1487 5303 6
1529 5255 1686 5324 μέγας
1736 5259 1932 5328 προφή-

322 5360 417 5402 της
468 5345 558 5392 καὶ
600 5339 872 5406 Βασιλεύς,
925 5337 979 5392 ἐκ
1042 5344 1205 5392 ποίων
1270 5346 1478 5415 τρόπων
1533 5348 1624 5402 τῆς
1684 5347 1935 5414 μοιχείας

322 5434 414 5483 καὶ
467 5437 560 5481 τοῦ
612 5449 764 5501 φονου
815 5428 1098 5501 ἀπήλειψεν
1147 5429 1453 5502 ἐγκλήματα
1495 5446 1509 5498 ;
1569 5431 1712 5504 Ούχὶ
1771 5432 1933 5485 λούων

324 5518 448 5571 καθ’
495 5517 721 5576 ἑκάστην
768 5521 932 5571 νύκτα
981 5524 1076 5577 τὴν
1138 5518 1313 5577 κὶίνην
1363 5525 1452 5571 καὶ
1509 5524 1602 5578 τὴν
1664 5528 1935 5596 στρωμνὴν

327 5607 378 5661 ἐν
433 5604 715 5683 δακρνσι;
767 5615 883 5673 Πῶς
932 5607 992 5664 δὲ
1038 5611 1088 5662 οἱ
1136 5616 1275 5686 τρεῖς
1331 5606 1519 5674 παῖδες
1563 5609 1612 5663 ὲν
1651 5616 1798 5688 μέσῳ
1844 5612 1937 5666 τού

403 5735 456 5814 ξι
486 5735 641 5796 Dan.
669 5749 754 5809 ω,
779 5738 874 5809 29,

1543 399 2043 468 commaﬂo
2083 404 2473 468 muscam.

3565 416 3672 472 462

2020 538 2116 589 tur
2154 546 2300 603 erga
2341 533 2713 605 superiorem
2747 537 3106 606 potestatem
3142 549 3158 603 ;
3203 536 3262 592 et
3303 536 3470 609 quod
3512 537 3671 594 illius

2017 635 2201 692 quem
2257 629 2696 679 commemOrat
2739 623 3008 696 episcopi
3078 625 3487 682 communicat
3504 625 3665 690 ﬁdei,

2017 710 2068 764 is
2098 709 2200 782 qui
2221 708 2412 775 oﬂ‘ert,
2447 717 2505 766 et
2534 709 2872 767 traditionis
2913 713 3330 784 mysteriorum
3358 729 3670 770 successor

2017 803 2124 865 est,
2157 812 2280 854 non
2313 803 2514 854 autem
2542 800 2876 855 neotericus
2900 799 3153 872 quidam
3176 806 3393 872 mysta,
3430 808 3533 858 aut
3561 804 3667 858 ob-

2015 885 2273 941 latorum
2289 901 2401 942 ase
2420 887 2836 958 symbolorum
2861 890 3154 944 inventor.
3172 891 3308 944 Post
3319 889 3669 960 hujusmodi

2017 975 2542 1047 proclamationes,
2568 976 2858 1049 diptyeha
2880 979 3172 1048 vivorum,
3193 983 3340 1049 puta
3355 980 3667 1052 episcopo-

2016 1079 2172 1127 rum,
2205 1078 2436 1133 regum,
2467 1071 2521 1120 et
2550 1065 2942 1137 reliquorum,
2974 1066 3132 1122 elata
3161 1082 3305 1123 voce
3337 1084 3372 1123 a
3409 1067 3667 1125 diacono

2018 1153 2500 1223 pronuntiantur,
2551 1154 2870 1227 episcOpus
2928 1161 3129 1210 autem
3172 1170 3388 1226 pacem
3435 1159 3668 1212 cunctis

2017 1240 2284 1296 ecclesiis
2303 1247 2598 1312 precatur,
2622 1247 2679 1297 et
2700 1249 3086 1314 peccatorum
3103 1243 3249 1315 ipsis
3270 1244 3665 1300 remissonem

2018 1327 2300 1398 postulat.
2334 1331 2396 1384 Et
2420 1331 2621 1385 statim
2642 1332 2761 1385 alia
2781 1331 2973 1387 oratio
2994 1347 3104 1403 pro
3126 1347 3189 1387 se
3210 1337 3266 1387 et
3285 1347 3395 1403 pro
3413 1333 3664 1405 populo.

2019 1418 2225 1470 Postea
2255 1416 2412 1472 elata
2458 1433 2604 1472 voce
2662 1421 2945 1474 recitatur
2994 1419 3070 1474 ab
3130 1419 3412 1474 universo
3441 1421 3669 1493 populo

2016 1503 2114 1560 illa
2166 1521 2201 1559 a
2242 1505 2471 1560 Christo
2504 1508 2622 1560 Deo
2651 1513 2856 1562 nostro
2911 1507 3136 1562 dictata
3165 1507 3392 1563 oratio:
3440 1530 3460 1557 ι
3498 1509 3671 1565 Pater

2017 1601 2217 1648 noster
2245 1593 2348 1664 qui
2378 1609 2440 1648 es
2461 1595 2521 1648 in
2543 1594 2726 1649 caelis.
2763 1617 2789 1643 ››

2091 1685 2175 1737 34.
2211 1683 2374 1737 Hanc
2395 1688 2594 1737 autem
2626 1698 2766 1738 cum
2819 1685 2898 1738 ob
2948 1683 3064 1739 alia
3124 1686 3318 1740 multa
3375 1689 3431 1741 et
3462 1686 3670 1756 gravia

2018 1772 2325 1826 decretum
2356 1778 2443 1826 est
2489 1771 2602 1826 hoc
2644 1771 2777 1828 loco
2819 1774 3075 1842 recitari,
3108 1789 3241 1845 quae
3275 1774 3418 1830 solis
3449 1780 3670 1845 myste-

2019 1860 2242 1915 riorum
2277 1859 2376 1914 Dei
2407 1861 2659 1915 consciis
2689 1865 2831 1917 nota
2862 1868 3002 1918 sunt
3031 1881 3044 1928 ;
3080 1869 3206 1917 tum
3239 1879 3376 1919 mea
3422 1863 3668 1935 quidem

2021 1950 2332 2011 sententia,
2377 1950 2521 2019 quia
2567 1948 2696 2004 hinc
2753 1965 2892 2004 cum
2947 1949 3367 2022 principaliore
3419 1950 3671 2021 liturgite

2021 2044 2187 2110 parte
2218 2037 2494 2105 cohaeret,
2535 2044 2738 2109 utpote
2765 2040 2971 2093 omnia
3001 2039 3352 2094 continens:
3380 2045 3437 2096 et
3481 2055 3554 2096 ne
3587 2040 3672 2095 in-

2021 2141 2203 2198 super
2219 2141 2432 2181 ansam
2449 2133 2732 2197 caperent
2745 2128 2993 2199 quidam
3009 2126 3268 2198 dicendi,
3303 2129 3461 2184 hanc
3482 2128 3676 2184 solam

2022 2232 2059 2271 a
2088 2214 2262 2270 nobis
2280 2214 2512 2270 recitari
2532 2215 2828 2271 Christum
2842 2215 3189 2281 mandasse,
3223 2216 3371 2272 nihil
3392 2221 3679 2289 prasterea

2023 2303 2206 2368 aliud,
2223 2308 2286 2358 ut
2301 2303 2469 2358 aiunt
2489 2303 2748 2359 Euehitaa
2763 2303 3190 2376 haereticiquos
3212 2309 3270 2361 et
3287 2305 3679 2363 Massalianos

2023 2391 2464 2449 etPhundaitas
2486 2390 2811 2464 appellant.
2844 2393 3073 2466 Quippe
3093 2392 3154 2448 hi
3190 2393 3501 2467 praefracte
3523 2393 3682 2452 afﬁr-

2024 2480 2369 2553 mantquod
2381 2480 2616 2536 etiamsi
2627 2481 2823 2538 decies
2834 2481 3046 2536 millies
3060 2498 3196 2538 eam
3209 2483 3684 2552 recitaverimus,

2025 2571 2305 2627 eamdem
2321 2570 2521 2625 denuo
2537 2569 2733 2626 dicere
2751 2575 3043 2644 oporteat,
3062 2570 3329 2643 nihilque
3343 2571 3586 2639 addere,
3604 2572 3688 2630 lo-

2027 2659 2387 2732 quacitatem
2401 2674 2632 2714 meram
2645 2658 2909 2732 reliquos
2923 2659 3190 2732 hymnos
3205 2667 3261 2717 et
3277 2661 3688 2718 confessiones

2029 2747 2202 2804 stulte
2229 2748 2632 2806 nominantes.
2663 2747 2687 2802 J
2699 2764 2799 2804 am
2830 2765 2970 2804 vero
2998 2749 3265 2805 Christus
3299 2753 3450 2806 Deus
3489 2757 3693 2807 noster

2031 2837 2183 2893 sicut
2209 2837 2270 2892 in
2293 2836 2536 2909 reliquis
2579 2837 2886 2907 omnibus,
2939 2837 3023 2894 ita
3071 2837 3251 2895 etiam
3281 2838 3342 2894 in
3372 2839 3488 2895 hac
3516 2855 3693 2912 prece

2031 2931 2245 2998 typum
2273 2926 2449 2981 nobis
2474 2925 2855 2998 formamque
2885 2926 3175 2998 precandi
3201 2927 3462 2983 ostendit
3480 2943 3551 2985 ac
3584 2927 3693 2984 do-

2031 3016 2173 3084 cuit,
2201 3014 2510 3088 quomodo
2536 3030 2754 3085 nempe
2784 3030 2919 3086 quin
2948 3016 3288 3072 necessaria
3314 3020 3453 3072 sunt
3493 3021 3694 3089 petere

2032 3110 2340 3176 oporteat:
2385 3109 2442 3159 et
2491 3104 2671 3175 hujus
2719 3104 2911 3177 preeis
2968 3105 3166 3161 verbis
3218 3105 3563 3178 petitionem
3602 3122 3692 3162 re-

2031 3210 2168 3249 rum
2220 3192 2594 3248 caducarum
2635 3197 2694 3248 et
2741 3193 3169 3266 temporalium
3219 3195 3445 3263 vitare;
3496 3194 3695 3251 solum

2034 3291 2232 3355 petere
2258 3298 2475 3354 panem
2513 3281 2992 3349 substantialem,
3024 3282 3214 3351 idest,
3264 3284 3368 3356 qui
3427 3284 3696 3357 corporis

2036 3373 2437 3429 substantiam
2457 3372 2800 3428 corroboret
2816 3377 2998 3445 atque
3015 3379 3346 3438 conservet,
3365 3374 3695 3445 quominus

2035 3463 2193 3519 fame
2242 3460 2611 3527 conﬁciatur,
2664 3464 2911 3534 Insuper
2958 3477 3034 3517 ne
3081 3462 3373 3518 intremus
3405 3462 3467 3518 in
3510 3467 3696 3520 tenta-

2035 3548 2280 3612 tionem,
2336 3546 2516 3603 simul
2569 3544 2870 3618 postulare
2927 3545 3190 3602 indulsit.
3238 3547 3490 3619 Reliqua
3553 3563 3696 3604 vero

2036 3637 2242 3693 omnia
2273 3633 2579 3707 spiritalia,
2611 3640 2667 3691 et
2717 3634 2919 3691 futuro
2972 3634 3196 3691 saeculo
3251 3637 3694 3705 convenientia,

2038 3727 2372 3783 secundum
2404 3725 2664 3782 formam
2690 3730 2747 3781 et
2802 3726 3209 3781 characterem
3256 3725 3438 3798 hujus
3477 3726 3696 3782 divinas

2037 3816 2325 3873 orationis
2356 3819 2664 3870 contexere
2690 3813 2976 3870 omnibus
3002 3813 3340 3885 imperavit.

2042 3913 2366 3981 χαρακτῆρα
2403 3911 2499 3966 τῆς
2563 3903 2828 3957 θεολέκτου
2876 3905 3068 3964 ταύτῆς
3124 3903 3288 3975 εὐχῆς
3334 3902 3698 3976 ἔξυφαίνεσθαε

2111 4091 2198 4143 35.
2224 4089 2294 4140 At
2308 4083 2371 4140 hi
2411 4101 2448 4140 a
2469 4086 2588 4140 Deo
2610 4083 2914 4140 maledicti
2935 4083 3216 4154 Euehitsa,
3242 4086 3344 4156 qui
3364 4088 3696 4156 etpotesta-

2036 4181 2154 4232 tem
2190 4180 2370 4246 atque
2400 4173 2808 4246 principatum
2834 4171 3015 4243 hujus
3043 4173 3310 4228 universi
3338 4173 3552 4229 mundi
3575 4173 3701 4230 dia-

2035 4265 2177 4321 bolo
2208 4263 2555 4319 stultissime
2581 4261 2913 4318 attribuunt
2945 4264 3138 4332 (tanta
3162 4262 3438 4334 ipsorum
3460 4263 3701 4320 insania

2035 4353 2149 4410 est!
2169 4355 2183 4422 )
2206 4369 2418 4409 omnes
2435 4352 2662 4408 orantis
2685 4367 2892 4423 preces
2908 4351 2968 4406 in
2989 4351 3084 4407 his
3113 4357 3349 4408 tantum
3365 4352 3564 4408 verbis
3589 4354 3699 4408 cir-

2036 4443 2468 4500 cumscribunt.
2495 4442 2609 4499 Sed
2635 4443 2796 4497 enim
2824 4441 3250 4514 deiloquorum
3283 4443 3700 4515 apostolorum

2036 4533 2274 4594 chorus,
2314 4537 2372 4587 et
2401 4536 2536 4604 post
2559 4531 2693 4586 illos
2722 4535 3069 4586 sanctorum
3101 4533 3340 4586 Patrum
3369 4531 3572 4602 series,
3593 4533 3704 4588 etsi

2037 4623 2255 4680 docent
2299 4626 2362 4676 ut
2399 4620 2649 4694 paribus
2703 4620 3014 4676 sententiis
3060 4624 3306 4677 orantes
3361 4627 3698 4693 precentur,

2038 4713 2356 4785 eidemque
2388 4715 2595 4767 formas
2625 4710 2922 4781 analogis,
2959 4711 3156 4767 verbis
3197 4716 3404 4768 tamen
3428 4711 3705 4785 plurimis

2039 4802 2411 4873 diversisque
2437 4799 2772 4869 doxologiis
2798 4800 3031 4855 bonum
3088 4800 3410 4856 Dominum
3463 4798 3704 4872 placare

2042 4892 2303 4957 student,
2336 4895 2558 4945 etcum
2588 4889 2716 4945 aliis
2749 4889 3031 4960 precibus
3061 4889 3220 4945 hanc
3244 4905 3492 4962 quoque
3520 4905 3708 4963 copu-

2039 4982 2257 5038 larunt.
2299 4979 2455 5047 Quid
2498 4979 2707 5034 enim?
2739 4979 2891 5044 Quia
2919 4977 3243 5051 lacrymari
3283 4985 3341 5035 et
3369 4995 3615 5050 gemere
3643 4980 3708 5036 in

2040 5072 2155 5128 hac
2185 5069 2453 5127 oratione
2504 5084 2628 5124 non
2670 5068 2876 5124 docuit
2911 5068 3202 5136 Christus,
3261 5084 3410 5125 num
3453 5069 3710 5142 proinde

2040 5163 2170 5219 haec
2206 5167 2408 5218 vetare
2436 5164 2674 5234 oportet
2712 5159 2741 5216 Υ
2798 5158 2989 5216 David
3019 5174 3282 5230 magnus
3315 5161 3613 5233 prepheta
3653 5163 3713 5216 et

2042 5269 2147 5310 rex
2164 5252 2535 5324 quibusnam
2551 5249 2750 5306 modis
2767 5247 3044 5306 adulterii
3061 5255 3117 5305 et
3129 5249 3440 5306 homicidii
3455 5249 3715 5305 crimina

2044 5341 2374 5399 abstersit?
2401 5343 2607 5396 Nonne
2644 5338 2860 5396 lavans
2903 5338 3156 5409 singulis
3181 5339 3462 5396 noctibus
3486 5338 3715 5396 lectum

2046 5449 2224 5489 suum
2255 5436 2629 5503 stratumque
2659 5429 2947 5502 lacrymis
2967 5429 2994 5483 ?
3026 5429 3343 5495 Quomodo
3365 5433 3484 5485 tres
3533 5430 3718 5503 pueri

2045 5522 2108 5579 in
2164 5520 2364 5577 medio
2412 5521 2551 5592 igne
2593 5537 2794 5577 rorem
2836 5519 3068 5593 experti
3111 5520 3305 5576 sunt?
3364 5523 3573 5576 Nonne
3625 5519 3720 5575 his

2049 5612 2245 5672 verbis
2274 5610 2549 5670 dicendis
2575 5628 2591 5671 :
2624 5610 3030 5682 Peccavimus,
3070 5610 3276 5686 inique
3296 5611 3533 5686 egimus
3556 5612 3607 5648 ³⁸
3633 5611 3664 5672 τ
3693 5632 3716 5666 ι
