4468 6440
818 394 922 449 463

2094 382 2449 444 THEODORI
2485 384 2906 447 ANDIDENSIS

4075 400 4182 455 464

820 518 888 571 Et
915 530 1078 572 nunc
1097 515 1264 571 haud
1293 513 1469 572 nobis
1501 528 1568 570 os
1588 511 1818 585 aperire
1845 510 2015 568 licet:
2047 510 2383 581 ignominia
2411 513 2467 567 et
2493 513 2541 567 Α
2579 532 2584 563 τ

2413 513 2467 567 et
2493 513 2541 567 A
2579 514 2738 587 πυρὸς
2780 509 3116 589 έδροσίζοντο
3158 531 3171 581 ;
3227 519 3376 588 ουχὶ,
3405 514 3750 590 Ἦμάρτομεν,
3817 519 4177 594 ἠνομὴσαμεν,

820 605 1214 676 Opprobrium
1245 603 1384 659 facti
1411 619 1621 659 sumus
1652 602 1837 658 servis
1874 600 2011 669 tuis,
2045 605 2102 657 et
2131 599 2466 657 colentibus

819 698 906 748 te:
935 697 994 749 et
1019 708 1397 766 quaecunque
1436 692 1559 748 alia
1598 689 2191 763 comprehenduntur
2218 688 2318 745 illa
2341 704 2471 745 ora-

819 780 997 837 tione.
1031 785 1180 838 Nam
1231 780 1412 838 veluti
1450 780 1617 836 haud
1665 779 1758 836 his
1802 779 2082 843 contenti,
2129 782 2468 834 creaturam

817 869 1162 926 universam
1200 869 1280 926 ad
1319 868 1589 940 agendas
1637 867 1860 938 gratias
1897 865 2469 938 decantandumque

819 959 1156 1014 Creatorem
1180 957 1452 1013 invitant.
1477 959 1631 1012 Num
1667 960 1724 1012 et
1759 955 1888 1012 haec
1903 953 2241 1027 loquacitas
2271 953 2401 1020 fuit,
2430 968 2467 1009 ο

814 1045 1151 1102 Antichristi
1174 1045 1470 1118 discipuli,
1499 1046 1750 1117 ejusque
1772 1043 2052 1101 adventui
2091 1044 2468 1114 praeeuntes?

814 1150 1010 1207 neque
1023 1136 1183 1192 enim
1202 1151 1309 1191 vos
1327 1134 1892 1207 praecursoresillius
1912 1132 2215 1205 appellare
2233 1131 2461 1187 dubito.

814 1225 910 1279 His
935 1241 1076 1293 ergo
1097 1241 1134 1282 a
1159 1225 1378 1281 sanctis
1421 1224 1689 1281 Patribus
1715 1223 2064 1295 compositis
2092 1220 2466 1278 orationibus

813 1316 966 1369 Deus
996 1315 1378 1387 potissimum
1408 1314 1783 1386 propitiatur,
1817 1317 1997 1384 atque
2027 1310 2107 1367 ad
2135 1309 2464 1367 misericor-

809 1402 974 1460 diam
1012 1404 1285 1460 flectitur.

877 1639 963 1690 36.
991 1638 1112 1706 Age
1141 1648 1280 1690 vero
1312 1632 1390 1689 ad
1413 1631 1573 1688 hunc
1622 1631 1919 1687 sermonis
1975 1630 2178 1686 locum
2223 1628 2460 1686 delatus

801 1729 938 1795 post
975 1721 1286 1779 recitatum
1316 1721 1471 1778 elata
1494 1737 1643 1778 voce
1682 1720 2039 1785 orationem,
2078 1736 2214 1791 quae
2245 1719 2463 1777 dicitur

2577 599 2808 671 λέγοντες
2850 619 2863 669 ;
2899 607 3000 656 Καὶ
3050 610 3139 654 νῦν
3173 603 3267 656 ούκ
3306 607 3448 657 ἔστιν
3486 607 3610 678 ἡμῖν
3655 604 3856 671 ἀνοῖξαι
3893 611 3952 661 τὸ
3985 613 4177 682 στόμαο

2578 687 2811 760 αἰσχύνη
2869 696 2957 744 καὶ
3014 688 3212 755 ὄνειδος
3268 691 3575 767 ἐγενήθημεν
3632 702 3742 756 τοῖς
3809 692 4013 758 δούλοις
4057 717 4177 768 σου,

2578 782 2667 829 καί
2718 787 2823 840 τοῖς
2877 779 3170 854 σεϐομένοις
3227 801 3302 835 σεο
3367 787 3455 835 καὶ
3517 784 3620 836 ὅσα
3677 793 3740 857 τῇ
3810 785 3943 858 εύχῇ
4009 789 4173 860 ταύτῃ

2580 872 2937 921 συντέτακταιο
2989 867 3096 922 εἶτα
3141 872 3210 932 ὡς
3255 875 3327 943 μὴ
3381 870 3672 946 ἀρκούντων
3721 874 3900 936 αὐτοῖς
3957 879 4175 940 τούτων,

2575 960 2666 1008 καὶ
2734 963 2908 1011 πᾶσαν
2958 964 3053 1017 τὴν
3111 965 3284 1013 κτίσιν
3332 961 3404 1022 εἰς
3463 961 3808 1037 εὐχαριστίαν
3872 969 3962 1017 καὶ
4019 965 4177 1036 ύμνον

2577 1042 2948 1108 ἀνακαλοῦντες
3002 1055 3094 1099 τοῦ
3145 1055 3390 1107 Ποιητοῦ.
3434 1054 3519 1108 Μὴ
3553 1052 3657 1123 ἄρα
3699 1056 3789 1104 καὶ
3834 1060 4003 1104 ταῦτα
4045 1051 4176 1124 βατ-

2574 1132 2802 1205 τολογία,
2854 1133 2893 1185 ὦ
2940 1143 3029 1188 τοῦ
3092 1137 3460 1210 Ἀντιχρίστου
3517 1141 3751 1212 μαθηταὶ
3800 1145 3891 1193 καὶ
3951 1145 4178 1214 προτρέ-

2574 1241 2755 1293 χοντες
2809 1223 2964 1276 ούτοῦ
3028 1232 3320 1299 παρουσίας
3353 1243 3367 1294 ;
3400 1227 3477 1279 Ού
3502 1231 3604 1300 γὰρ
3656 1225 3988 1304 προδρόμους
4039 1230 4178 1301 ὑμᾶς

2575 1310 2822 1384 ἐνέχομαι
2871 1313 3141 1387 ὀνομάζειν
3189 1314 3405 1371 ἐκείνου.
3459 1319 3676 1379 Τούτοις
3727 1313 3815 1369 οὖν
3866 1325 3978 1378 τοῖς
4045 1321 4175 1390 πρὸς

2571 1409 2670 1453 τῶν
2735 1401 2894 1473 ἁγίων
2957 1404 3243 1478 εἰρημένοις
3303 1409 3362 1456 τὸ
3430 1412 3580 1458 Θεῖον
3637 1405 3827 1478 μᾶλλον
3893 1405 4177 1469 ἆξιλεοῦται

2573 1494 2662 1542 καὶ
2685 1493 2812 1564 πρὸς
2840 1494 3167 1564 συμπάθειαν
3197 1495 3515 1566 κάμπτεται.

2843 1631 2917 1651 εικν
2961 1634 2984 1648 ν

2642 1630 2730 1693 λς’.
2782 1631 2917 1684 Ἀλλ’
2950 1629 3054 1686 ὧδε
3105 1642 3197 1687 τοῦ
3225 1633 3382 1707 λόγου
3429 1639 3717 1708 γενόμενος,
3750 1639 3883 1710 μετὰ
3928 1643 4022 1696 τῆν
4090 1635 4169 1689 ἐκ·

2572 1726 2800 1793 φῶνησιν
2887 1732 2982 1783 τῆς
3095 1725 3259 1796 εὐχῆς
3351 1725 3749 1798 κεφαλοκλισίας
3845 1732 4174 1802 πραττόμενα

801 1810 1201 1868 inclinationis
1232 1812 1463 1883 capitis,
1495 1827 1566 1867 ea
1591 1825 1727 1882 quae
1759 1809 1912 1866 tiunt
1959 1810 2133 1880 juxta
2181 1809 2459 1866 ecclesia-
2490 1855 2536 1911 Β

2404 1825 2459 1866 a-
2490 1855 2536 1911 B
2569 1814 2704 1863 κατὰ
2749 1808 3048 1884 παράδοσιν
3099 1813 3543 1874 ἔκκλησιαστικὴν
3599 1818 3926 1889 παρενθεῖναι
3975 1817 4168 1888 ᾠήθηνο

799 1905 1010 1957 sticam
1044 1900 1426 1956 traditionem
1473 1900 1571 1955 hic
1609 1897 2019 1954 interserenda
2057 1914 2186 1954 esse
2228 1899 2456 1970 putavi.

799 1987 1031 2046 Dictum
1086 1989 1248 2045 enim
1297 1989 1426 2062 jam
1492 1988 1621 2057 fuit,
1708 1988 1874 2060 quod
1929 2004 2069 2044 cum
2145 1988 2460 2045 instruitur

795 2080 1115 2152 prothesis,
1191 2083 1566 2152 praeparatur
1656 2094 1796 2134 cum
1897 2077 2106 2134 divino
2205 2094 2457 2150 corpore

792 2170 974 2226 etiam
1005 2169 1351 2226 Dominicus
1400 2167 1648 2238 sanguis
1681 2183 1718 2224 a
1765 2167 2046 2235 diacono,
2088 2167 2192 2240 qni
2243 2173 2301 2224 et
2339 2169 2456 2224 exi-

791 2275 977 2330 guam
1008 2275 1184 2332 aquai
1211 2263 1444 2331 partem
1484 2256 1748 2313 immittit
1787 2274 1799 2311 :
1848 2272 2041 2329 eaque
2090 2258 2174 2313 ita
2204 2262 2460 2314 manent

789 2349 1165 2405 sanctificata
1193 2351 1250 2404 et
1273 2350 1676 2402 transmutata
1697 2361 1730 2403 a
1757 2350 1967 2402 sancto
1991 2345 2230 2418 Spiritu,
2259 2362 2457 2418 usque

790 2438 869 2493 ad
899 2443 1160 2510 tempus,
1193 2452 1316 2508 quo
1348 2435 1611 2492 elevatur
1627 2436 1956 2508 pretiosum
1989 2435 2200 2493 Christi
2237 2451 2457 2508 corpus

786 2528 890 2582 Dei
943 2527 1147 2584 nostri.
1201 2528 1362 2581 Tunc
1426 2540 1565 2581 vero
1635 2524 1881 2581 affertur
1931 2541 2102 2595 aqua;
2163 2524 2451 2581 ferventis

787 2633 978 2689 parva
998 2615 1222 2688 phiala,
1263 2631 1337 2671 ex
1374 2630 1566 2686 eaque
1605 2613 2011 2669 infunduntin
2035 2617 2256 2670 sanctae
2289 2629 2455 2670 men-

785 2723 867 2762 sae
898 2704 1180 2776 imposita
1216 2719 1385 2772 vasa,
1443 2703 1568 2760 sive
1613 2707 1872 2760 crateres
1903 2702 2022 2758 sint
2046 2704 2168 2758 sive
2191 2702 2449 2774 pocula;

784 2800 849 2851 ut
888 2793 1406 2867 quemadmodum
1447 2791 1630 2848 ambo
1679 2793 1867 2864 (aqua
1890 2794 1948 2847 et
1977 2792 2242 2861 sanguis)
2272 2807 2344 2847 ex
2373 2792 2456 2848 vi-

782 2883 885 2941 tali
940 2883 1094 2939 sacri
1138 2882 1340 2938 lateris
1398 2881 1555 2937 fonte
1611 2881 1872 2936 calentes
1940 2880 2311 2952 prodierunt,
2370 2881 2455 2938 ita

783 2988 945 3045 aqua
974 2971 1203 3027 fervida
1239 2969 1597 3042 sumptionis
1651 2974 1919 3042 tempore
1950 2970 2193 3041 injecta,
2228 2971 2455 3042 perfec-

782 3074 910 3127 tum
923 3075 1133 3143 typum
1147 3067 1446 3134 absolvat,
1466 3067 1614 3123 dum
1628 3067 2144 3124 communicantes
2158 3067 2450 3140 papillam

781 3158 964 3214 veluti
1013 3156 1237 3224 calicis,
1287 3155 1460 3228 quasi
1502 3155 1708 3227 ipsum
1739 3155 1913 3211 vitale
1946 3157 2102 3212 latus
2124 3156 2444 3227 attingunt.

781 3248 896 3305 Sed
923 3247 1003 3304 ad
1033 3245 1328 3304 sermonis
1365 3244 1579 3301 seriem
1607 3245 1944 3301 redeamus.

855 3433 945 3484 37.
977 3429 1113 3484 Post
1132 3424 1569 3499 proclamatam
1596 3424 1799 3497 itaque
1816 3424 2152 3480 orationem
2190 3439 2326 3498 qua:
2357 3425 2446 3481 di-

783 3517 935 3574 citur
961 3515 1365 3573 inclinationis
1397 3514 1630 3587 capitis,
1658 3519 1716 3570 et
1744 3518 1879 3586 post
1903 3515 2172 3586 episcopi
2194 3515 2444 3586 profun-

783 3609 928 3664 dam
949 3606 1384 3673 adorationem,
1430 3604 1497 3661 ﬁt
1534 3604 1785 3660 elevatio
1812 3604 2140 3661 venerandi
2177 3605 2446 3677 corporis

787 3697 998 3755 Christi
1027 3696 1126 3752 Dei
1158 3695 1366 3763 nostri,
1412 3697 1479 3750 ut
1521 3697 1809 3750 attestans
1839 3694 1918 3750 ait
1947 3694 2255 3760 sacerdos,
2305 3709 2444 3766 pro-

784 3786 1116 3859 pemodum
1142 3786 1223 3842 ita
1251 3785 1496 3840 dicens:
1528 3805 1556 3832 »
1581 3783 1846 3840 Exaltate
1885 3784 2209 3840 Dominum
2231 3785 2440 3850 Deum,

782 3879 1058 3932 nostrum
1071 3879 1128 3931 et
1143 3873 1390 3930 adorate
1404 3872 1735 3930 scabellum
1747 3872 1973 3945 pedum
1991 3874 2137 3944 ejus,
2151 3872 2295 3946 quia
2312 3889 2444 3929 san-

781 3969 912 4021 ctus
932 3967 1016 4021 est
1035 3982 1048 4020 :
1081 3979 1219 4021 ecce
1235 3961 1556 4035 praedictus
1575 3968 1819 4019 sanctus
1843 3963 2129 4020 Dominus
2153 3962 2437 4020 elevatur.

783 4055 1066 4128 Quisquis
1108 4053 1288 4124 igitur
1327 4056 1574 4110 sanctus
1605 4057 1709 4119 est,
1753 4053 2018 4110 accedat.
2053 4056 2203 4110 Nam
2234 4057 2442 4110 sancta

780 4149 1021 4202 sanctos
1080 4144 1312 4200 decent.
1348 4164 1376 4192 »
1418 4142 1730 4199 Auditores
1775 4157 1941 4211 vero,
1990 4143 2276 4200 humanae
2331 4158 2441 4200 na-

778 4241 927 4292 tura:
956 4233 1366 4291 inﬁrmitatem
1395 4236 1765 4306 reputantes,
1791 4232 2034 4290 dicunt:
2067 4257 2093 4286 ‹‹
2118 4236 2278 4291 Unus
2307 4250 2442 4291 san-

776 4329 906 4383 ctus
932 4323 1230 4382 Dominua
1269 4325 1437 4378 Jesus
1485 4321 1770 4391 Christus,
1804 4326 2051 4394 peccato
2079 4323 2329 4380 omnino
2349 4323 2441 4380 in-

777 4430 1098 4473 accessus.
1125 4436 1153 4463 »
1201 4411 1534 4484 Statimque
1579 4411 1769 4466 divini
1817 4410 2122 4483 perﬁcitur
2167 4413 2440 4485 corporis

773 4503 1010 4561 divisio.
1037 4502 1153 4560 Sed
1181 4516 1540 4575 quanquam
1560 4499 1622 4556 in
1642 4504 1842 4573 partes
1881 4499 2187 4572 scinditur,
2233 4509 2440 4562 manet

2570 1903 2773 1973 εἴρηται
2828 1905 2930 1975 γὰρ
2984 1901 3031 1954 ἐν
3086 1910 3146 1974 τῇ
3204 1901 3347 1976 ἀρχῇ
3399 1912 3496 1966 τῆς
3531 1907 3820 1978 προθέσεως
3859 1907 3923 1966 ὡς
3967 1905 4170 1978 ἑτοιμά-

2569 1991 2715 2050 ζεται
2772 1993 2902 2062 μετὰ
2950 2000 3039 2044 τοῦ
3095 1993 3232 2044 θείου
3303 1999 3541 2066 σώματος
3583 1999 3672 2047 καὶ
3726 1998 3786 2048 τό
3857 1999 4171 2047 Δεσποτικὸν

2569 2079 2700 2153 αἷμα
2729 2085 2873 2157 παρὰ
2911 2090 3001 2134 τοῦ
3042 2079 3313 2154 διακόνου,
3360 2083 3760 2157 ἐπεμϐάλλοντος
3809 2081 4052 2143 δηλονότι
4081 2090 4171 2139 καὶ

2567 2175 2721 2244 μέρος
2775 2174 2962 2244 μικρὸν
3029 2167 3242 2234 ὓδατος·
3312 2178 3401 2225 καὶ
3465 2177 3709 2246 μένουσιν
3775 2175 3940 2236 οὓτως
4017 2164 4175 2246 αγιαί

2569 2260 2758 2332 ζόμενα
2810 2267 2900 2314 καὶ
2955 2264 3374 2336 μεταποιούμενα
3419 2271 3490 2333 τῷ
3541 2263 3674 2334 ἁγιῷ
3726 2267 3988 2336 Πνεύματι
4036 2263 4172 2338 ἆχρι

2566 2358 2659 2402 τοῦ
2714 2359 2902 2424 καιροῦ
2958 2359 3054 2412 τῆς
3113 2351 3367 2422 ύψώσεως
3416 2360 3509 2404 τοῦ
3555 2357 3732 2425 τιμίου
3781 2359 4025 2426 σώματος
4074 2361 4170 2406 τοῦ

2567 2449 2801 2516 Χριστοῦ
2855 2445 2945 2493 καὶ
2997 2448 3131 2494 Θεοῦ
3180 2444 3344 2514 ἡμῶνο
3401 2447 3516 2495 τότε
3573 2439 3641 2502 δὴ
3693 2444 3967 2515 κομίζεται
4020 2439 4167 2516 ύδωρ

2568 2531 2881 2602 θερμότατον
2925 2528 2998 2591 εἰς
3068 2528 3390 2603 λεϐητάριον,
3459 2536 3549 2583 καὶ
3597 2540 3842 2606 κιρνῶσιν
3899 2531 3952 2594 ἐξ
4004 2531 4168 2584 αὐτοῦ

2565 2621 2630 2670 τὰ
2675 2624 2987 2692 προκείμενα
3047 2617 3095 2670 iv
3152 2626 3213 2690 τῇ
3274 2619 3402 2692 ἁγίᾳ
3461 2621 3717 2694 τραπέζῃ,
3762 2623 3862 2673 εἴτε
3917 2629 4168 2696 κρατῆρες

2566 2711 2665 2760 εἴτε
2715 2713 2944 2780 ποτήρια
2996 2709 3110 2760 εἶεν·
3174 2707 3237 2759 ἶν’
3286 2711 3459 2782 ὧσπερ
3514 2711 3582 2771 ως
3639 2706 3694 2760 ix
3752 2709 3876 2771 ζοῆς
3906 2710 4166 2782 προῆλθον

2563 2805 2659 2859 τῆς
2703 2799 2838 2858 θείας
2881 2796 3118 2870 πλευρᾶς,
3188 2795 3453 2872 ἀμφότερα
3523 2798 3834 2870 θερμότητος
3885 2797 4166 2872 πεπληρω-

2562 2891 2710 2959 μένα,
2766 2885 2901 2937 ούτω
2946 2882 3011 2943 δὴ
3068 2889 3127 2938 τὸ
3177 2882 3322 2960 ὕδωρ
3398 2888 3708 2960 θερμότατον
3751 2885 3800 2938 iv
3869 2895 3942 2939 τῶ
3997 2895 4166 2960 καιρῷ

2561 2983 2652 3036 τῆς
2702 2974 3038 3047 μεταλὴψευς
3092 2973 3548 3048 ἐπεμϐαλλόμενον,
3615 2975 3799 3028 τελειον
3856 2979 3942 3028 τὸν
4003 2979 4166 3028 τύπον

2561 3063 2850 3139 ἀναπληροῖ
2895 3073 2996 3116 τῶν
3051 3064 3545 3138 μεταλαμϐανόντων
3595 3073 3657 3123 τῆ
3729 3063 3857 3125 θηλῆ
3921 3073 4012 3118 τοῦ
4073 3085 4169 3118 πο·

2556 3159 2762 3229 τηρίου,
2817 3156 2884 3217 ὡς
2939 3155 3065 3228 αὐτῇ
3126 3162 3187 3226 τῇ
3251 3155 3580 3227 ζωοπαρόχῳ
3627 3153 3824 3227 πλευρᾷ
3870 3154 4162 3226 ψαυόντων.

2558 3243 2693 3296 Ἀλλ’
2768 3242 2854 3296 ἐπὶ
2915 3248 3007 3302 τὴν
3091 3242 3401 3296 ἀκολουθίαν
3463 3243 3555 3295 τού
3631 3241 3788 3315 λόγου
3869 3239 4166 3317 ἐπαναδρά-

2555 3337 2749 3406 μωμέν-

2625 3419 2723 3482 λζ.
2781 3423 2925 3475 Μετὰ
2971 3425 3065 3479 τὴν
3115 3419 3404 3493 ἑκφώνησίν
3457 3429 3546 3474 οῦν
3611 3428 3708 3485 τῆς
3759 3420 4160 3495 κιφαλοκλισίας

2553 3516 2641 3564 καὶ
2692 3515 2787 3570 τήν
2838 3513 3142 3563 ύπόπτωσιν
3191 3519 3284 3563 τοῦ
3315 3511 3603 3584 ἀρχιερέως
3631 3517 3833 3584 γίνεται
3888 3511 3951 3571 ύή
3981 3511 4160 3584 ψωσις

2552 3608 2645 3652 τοῦ
2691 3605 2867 3673 τιμίου
2930 3604 3166 3672 σώματος
3227 3607 3319 3652 τοῦ
3367 3607 3604 3675 Χριστοῦ
3656 3606 3746 3653 καὶ
3801 3597 3933 3654 Θεοῦ
3982 3603 4152 3673 ἡμῶν.

2552 3693 2617 3750 ὡς
2709 3686 3189 3764 διαμαρτυρόμενος
3263 3689 3397 3760 λέγει
3489 3689 3514 3741 ὁ
3610 3691 3792 3764 ἱερεύς,
3867 3696 4157 3762 μονονουχὶ

2550 3782 2746 3832 ούτωσι
2798 3781 3008 3852 φάσκων
3054 3779 3133 3830 ὁτι
3183 3775 3364 3837 ἐπειδὴ
3415 3780 3464 3830 οἱ
3505 3787 3769 3853 προφῆται
3813 3783 3913 3852 πρό
3954 3778 4156 3832 πολλῶν

2549 3878 2728 3941 γενεῶν
2800 3867 3184 3944 προετρέψαντο
3262 3867 3511 3940 λέγοντες.
3588 3891 3609 3919 ι
3684 3867 3900 3939 ’Υψοῦτε
3962 3872 4156 3944 Κύριον

2548 3963 2635 4011 τόν
2681 3962 2810 4012 Θεὸν
2857 3960 3022 4031 ἡμῶν,
3069 3961 3158 4009 καὶ
3200 3964 3537 4031 προσκυνεῖτε
3601 3966 3672 4029 τῷ
3726 3953 4000 4030 ὑποποδίῳ
4051 3967 4156 4011 τῶν

2548 4045 2726 4102 ποδῶν
2784 4047 2964 4119 αὐτοῦ,
3038 4048 3118 4099 ὅτι
3165 4046 3309 4119 ἅγιός
3356 4045 3516 4099 ἐστιν·
3587 4042 3704 4099 ἰδού
3758 4048 3784 4098 ό
3839 4046 4158 4122 προρῥηθεὶς

2547 4139 2691 4210 ἃγιος
2740 4141 2927 4210 Κύριος
2983 4136 3231 4208 ὑψοῦται.
3275 4136 3463 4198 Ὅστις
3523 4143 3611 4189 οῦν
3689 4135 3855 4210 ἆγιος,
3933 4136 4160 4211 προσελ-

2551 4231 2699 4284 θέτω.
2750 4229 2828 4280 Τὰ
2882 4228 2984 4300 γὰρ
3039 4226 3170 4295 ἅγια
3215 4233 3320 4287 τοῖς
3371 4226 3542 4297 ἁγίοις
3591 4230 3794 4302 πρέπει.
3859 4248 3882 4276 ι
3965 4229 4032 4279 Οἱ
4094 4223 4156 4281 δε

2549 4317 2824 4391 ἀκροαται,
2916 4324 3013 4378 τῆς
3101 4315 3429 4390 ἀνθρωπίνης
3519 4319 3718 4388 φύσεως
3791 4318 3851 4368 τό
3947 4314 4156 4378 imbui;

2550 4407 2995 4480 ἀναλογιζόμενοι,
3047 4405 3308 4478 λέγουσιν’
3375 4429 3396 4457 ι
3467 4403 3552 4467 Εἷς
3612 4409 3766 4478 μόνος
3832 4404 3976 4478 ἅγιος
4045 4409 4154 4458 Κύι-

2498 4509 2654 4572 λριος
2713 4498 2916 4558 Ἰησοῦς
2960 4499 3214 4570 Χριστὸς,
3272 4497 3299 4548 ό
3365 4498 3626 4571 ἁμαρτίας
3689 4494 3946 4556 παντελῶς
4005 4493 4155 4548 inviti.

771 4599 976 4651 tamen
1006 4565 1392 4665 impartibilis
1419 4595 1476 4646 et
1496 4565 1790 4646 indivisus
1826 4589 1889 4645 in
1943 4565 2316 4664 unaquaque
2355 4593 2441 4650 di-
2473 4565 2518 4621 Β

2389 4594 2441 4650 Li-
2473 4565 2518 4621 Β
2546 4565 2746 4648 δεκτός.
2799 4605 2828 4640 ν
2893 4565 3018 4639 Καὶ·
3043 4584 3192 4646 εύθύς
3236 4585 3262 4636 ό
3313 4565 3570 4658 μερισμὸς
3610 4591 3704 4637 τοῦ
3753 4585 3892 4636 θείου
3931 4581 4153 4637 τελεῖται

770 4684 1038 4740 visarum
1063 4684 1326 4755 partium
1357 4679 1520 4736 idem
1563 4683 1723 4736 totus
1756 4678 1914 4735 Deus
1944 4680 2129 4736 homo
2169 4682 2351 4738 etiam
2375 4684 2438 4740 in

767 4777 971 4847 partes
992 4776 1206 4828 sectus.
1241 4769 1364 4826 Etsi
1394 4769 1555 4825 enim
1578 4773 1635 4825 et
1662 4769 2142 4841 corruptibilitati
2187 4770 2298 4828 fuit
2334 4772 2440 4828 ob~

768 4863 989 4920 noxius
1037 4877 1108 4918 ac
1156 4860 1356 4928 morti,
1414 4862 1682 4916 attamen
1729 4873 1870 4914 caro
1922 4859 2054 4930 ejus
2101 4859 2162 4916 in
2202 4860 2435 4918 inferno

767 4969 893 5010 non
914 4952 1166 5024 agnovit
1203 4949 1673 5022 corruptionem.
1715 4947 1975 5005 Elevatio
2006 4954 2210 5006 autem
2256 4967 2435 5008 vene-

766 5042 944 5101 randi
981 5041 1248 5115 corporis
1278 5038 1674 5096 elevationem
1711 5037 1774 5094 in
1804 5053 2044 5095 crucem
2103 5055 2434 5113 repraesen-

766 5137 870 5204 tat,
927 5132 1134 5205 ibique
1191 5133 1471 5195 mortem,
1539 5128 1860 5200 ipsamque
1909 5130 2432 5190 resurrectionem.

764 5225 948 5279 Porro
969 5227 1027 5278 et
1053 5219 1430 5294 participatio
1461 5218 1711 5275 denotat
1732 5216 1897 5273 illam
1919 5223 2055 5274 ante
2085 5218 2433 5292 passionem

762 5314 826 5370 in
847 5312 1104 5386 mystico
1127 5311 1404 5368 convivio
1421 5308 1805 5366 traditionem
1823 5309 2000 5380 panis
2016 5313 2073 5364 et
2088 5311 2430 5368 communis

765 5404 1002 5472 calicis;
1047 5403 1123 5458 de
1153 5417 1277 5475 quo
1326 5400 1476 5457 dixit
1523 5400 1798 5456 Servator
1834 5403 2077 5456 noster:
2112 5421 2141 5451 «
2192 5402 2428 5459 Amodo

765 5508 840 5551 ex
853 5494 970 5550 hoc
987 5507 1109 5548 non
1132 5490 1365 5558 bibam,
1387 5489 1582 5545 donec
1619 5502 1851 5544 novum
1884 5486 2186 5544 bibiturus
2203 5506 2338 5546 sum
2364 5491 2426 5548 in

761 5597 952 5655 regno
972 5581 1160 5639 Patris
1182 5581 1303 5637 mei
1329 5595 1342 5645 ;
1377 5600 1405 5631 η
1428 5593 1612 5652 quem
1638 5593 1854 5650 reapse
1883 5582 2022 5651 post
2041 5580 2425 5638 resurrectio-

761 5687 905 5731 nem
929 5670 1084 5731 bibit
1120 5668 1474 5728 mirabiliter
1503 5671 1562 5727 et
1589 5666 1860 5727 insolite:
1901 5682 2028 5726 non
2056 5669 2218 5727 enim
2249 5670 2426 5744 quasi

2509 4671 2808 4750 ’σώμαι-ος.
2863 4674 3021 4728 Ἀλλὰ
3081 4674 3177 4727 κοίν
3246 4677 3533 4746 μερίζεται,
3583 4675 3858 4747 ἀμέριστος
3912 4669 4150 4746 διαμένει

2543 4772 2632 4820 καὶ
2688 4765 2918 4838 ἄτμητος
2980 4763 3065 4836 ὑφ’
3131 4763 3202 4817 ivi.
3281 4763 3482 4835 ἑκάστῳ
3545 4766 3689 4836 μέρει
3744 4767 4060 4836 τεμνομένων
4123 4764 4153 4816 ό

2544 4856 2695 4915 αὐτὸς
2737 4855 2851 4915 ὅλος
2911 4855 3231 4926 θιάνθρωπος
3300 4853 3637 4928 μεριζόμενός
3668 4871 3723 4904 τε
3770 4857 3860 4904 καὶ
3909 4853 4153 4926 εὑρισκό-

2542 4962 2709 5018 μενος
2764 4945 2808 4996 εἰ
2847 4945 2949 5018 γὰρ
2997 4948 3087 4996 καί
3140 4943 3307 5017 φθορᾴ
3358 4943 3556 5000 ὑπέστη
3610 4948 3700 4994 καί
3745 4945 3970 5015 θανάτῳ,
4041 4940 4150 4996 ἀλλ’

2543 5037 2574 5094 ἡ
2626 5034 2760 5108 σὰρξ
2789 5033 2950 5086 αὐτοῦ
3007 5031 3056 5084 iv
3094 5041 3165 5103 τῷ
3195 5029 3300 5106 ᾅδῃ
3335 5031 3427 5084 ούκ
3476 5028 3584 5085 εῖδε
3623 5028 3934 5106 διαφθοράν.
3969 5030 4028 5084 Ἠ
4089 5029 4151 5085 δε

2541 5125 2746 5196 ὕψωσις
2795 5131 2886 5177 τοῦ
2933 5127 3110 5196 τιμίου
3162 5126 3401 5196 σώματος
3458 5121 3699 5183 εἰκονίζεί
3755 5126 3850 5180 τὴν
3916 5119 4002 5174 imi
4058 5130 4152 5175 τοῦ

2542 5222 2774 5289 σταυροῦ
2825 5213 3050 5284 ύψωσιν,
3103 5217 3194 5264 καί
3224 5216 3312 5264 τὸν
3357 5209 3406 5264 iv
3437 5211 3579 5283 αύτῷ
3632 5213 3869 5282 θάνατον,
3921 5215 4012 5264 καί
4059 5213 4151 5265 αύ-

2538 5311 2632 5364 τὴν
2689 5309 2783 5362 τὴν
2825 5301 3131 5356 ἀνάστασιν.
3187 5301 3344 5360 Δηλοῖ
3383 5297 3441 5354 δε
3489 5305 3579 5353 καί
3637 5302 3666 5358 ἡ
3715 5299 4010 5373 μετάληψις
4053 5307 4150 5361 τὴν

2536 5399 2638 5470 πρὸ
2669 5402 2759 5448 τοῦ
2807 5395 3008 5455 πάθους
3055 5393 3139 5445 ἐπί
3167 5400 3260 5445 τοῦ
3300 5399 3560 5464 μυστικοῦ
3610 5387 3823 5444 δείπνου
3855 5387 4148 5463 μετάδοσιν

2534 5494 2624 5540 τοῦ
2681 5487 2840 5561 ἄρτου
2898 5488 2988 5536 καί
3035 5490 3128 5535 τοῦ
3178 5488 3354 5535 κοινοῦ
3401 5485 3680 5555 ποτηρίου’
3731 5485 3850 5553 περὶ
3895 5476 3954 5533 οὗ
4009 5477 4147 5535 εἶπεν

2534 5582 2712 5651 Σωτὴρ
2754 5578 2922 5650 ἡμῶν,
2972 5597 3003 5624 ‹‹
3055 5574 3246 5628 Ούκέτι
3302 5571 3358 5626 ix
3409 5575 3596 5626 τούτου
3636 5574 3762 5640 πίω,
3811 5572 3978 5646 ἅρχις
4023 5575 4147 5626 ὅτου

2535 5670 2712 5722 κὰινόν
2759 5666 2886 5722 αύτό
2935 5669 3039 5721 πίω
3087 5663 3136 5718 iv
3173 5671 3233 5739 τῇ
3291 5661 3540 5738 βασιλεία
3578 5668 3669 5719 τοῦ
3722 5664 3931 5736 Πατρός
3980 5680 4141 5736 μου.»
