4468 6440
277 402 390 458 465

1512 396 2020 459 ΟΟΠΙΕΝΤΛΤΙΟ
2059 399 2436 458 LITURGICA

3539 395 3646 451 466

282 526 311 578 ὅ
378 527 470 578 καὶ
527 523 639 579 ἔπιε
683 525 819 598 μετὰ
881 528 977 586 τὴν
1037 525 1327 580 ἀνάστασιν
1389 525 1540 588 ξένως
1603 528 1735 599 ὁμοῦ
1797 523 1964 578 καὶΛ
2003 527 2046 582 lt

1879 523 1964 578 ιΑ
2003 527 2141 582 tunc
2182 541 2403 599 corpus
2439 539 2578 582 esca
2604 525 2824 595 egeret,
2879 521 2985 580 sed
3009 524 3074 580 ut
3101 517 3411 596 discipulis
3445 532 3643 575 resur—

277 623 636 686 καινοπρεπῶς
664 633 678 648 ·
729 613 790 668 ού
835 613 938 690 γὰρ
987 617 1057 677 ὡς
1096 620 1285 688 χρείαν
1331 622 1620 674 τηνικαῦτα
1664 622 1756 667 τοῦ
1788 620 1888 667 σώ-

281 721 448 774 ματος
512 705 720 774 ἔχοντος
777 713 992 778 τροφῆς,
1065 703 1174 756 ἀλλ’
1240 705 1313 767 εἰς
1377 703 1730 778 πληροφορίαν
1790 712 1887 756 τῶν

279 793 532 863 μαθητῶν
559 801 654 854 τῆς
680 793 1018 856 ἀναστάσεως
1045 795 1206 849 ίνεκα.

354 879 458 938 λη’.
497 884 642 933 Μετά
692 888 861 935 ταῦτα
908 885 938 940 ἠ
1000 882 1133 953 εύχή
1186 891 1280 944 τῆς
1333 885 1695 955 εύχαριστίας,
1740 881 1883 938 καὶή

277 969 433 1042 ἄρσις
483 977 584 1021 τῶν
649 970 1088 1042 καταλειφθέντων
1144 973 1290 1025 θείων
1341 970 1616 1042 λειψάνων,
1656 973 1767 1032 ἣτις
1794 975 1888 1028 τὴν

279 1054 542 1129 ἀνάληψιν
594 1067 686 1111 τοῦ
745 1065 939 1135 Κυρίου
992 1066 1082 1114 καὶ
1131 1069 1264 1114 Θεοῦ
1313 1063 1455 1133 ἡμῶν
1499 1063 1884 1113 ύπαινίττεταιο

280 1144 419 1217 λέγει
471 1149 572 1221 γὰρ
618 1151 734 1200 τότε
786 1151 812 1200 6
863 1150 1044 1223 ἱερεύς⁴
1095 1168 1127 1204 ι
1173 1149 1436 1221 ’Υψωθητι
1476 1148 1559 1202 ἐπὶ
1588 1154 1709 1210 τοῦς
1739 1152 1889 1224 ούρα-

277 1239 422 1301 νούς,
484 1239 511 1288 6
563 1242 716 1302 Θεὸς,
775 1243 866 1290 καὶ
923 1237 1005 1291 έπι
1035 1245 1210 1292 πᾶσαν
1239 1244 1333 1297 τήν
1362 1247 1461 1310 γῆν
1490 1244 1520 1298 ἡ
1551 1236 1683 1302 δόξα
1706 1258 1821 1292 σου.
1860 1259 1887 1287 ››

273 1323 597 1397 ’Υψουμένου
653 1329 755 1399 γὰρ
808 1326 857 1379 έν
915 1336 978 1398 τῇ
1041 1327 1314 1397 ἀναλήψει,
1366 1328 1536 1399 ἔλεγον
1589 1331 1637 1381 οἱ
1675 1328 1888 1400 ἄγγελοι

274 1421 387 1475 τοῖς
468 1413 783 1476 ἀποστόλοις
824 1431 838 1446 ⁸
909 1423 1076 1479 Οῦτος
1141 1419 1166 1469 6
1235 1417 1546 1490 ἀναληφθεὶς
1611 1416 1677 1489 ἀφ
1744 1419 1886 1489 ὑμῶν

269 1501 426 1554 πάλιν
479 1501 740 1557 ἐλεύσεται
792 1507 862 1566 ὡς
916 1512 1120 1580 κριτής.
1174 1512 1300 1560 Τότε
1350 1503 1409 1560 δὲ
1456 1513 1557 1559 πᾶν
1597 1512 1721 1578 γόνυ
1753 1509 1886 1579 κάμ.

265 1591 359 1660 ψει
418 1591 558 1662 αύτῷ
613 1592 929 1666 έπουρανίων
985 1601 1076 1648 καὶ
1129 1595 1391 1667 ἐπιγείων,
1447 1601 1538 1648 καὶ
1592 1599 1737 1649 ἔσται
1797 1594 1882 1648 έπὶ

266 1685 448 1732 πᾶσαν
510 1686 604 1739 τὴν
645 1691 745 1754 γῆν
797 1685 826 1741 ἡ
879 1680 1010 1747 δόξα
1066 1685 1248 1738 αύτοῦ.
1305 1686 1362 1738 Εἰ
1411 1689 1512 1760 γὰρ
1538 1690 1628 1737 καὶ
1656 1693 1742 1737 νῦν
1778 1685 1883 1738 εἰσί

652 1743 666 1754 .
957 1743 969 1747 -
1418 1743 1431 1756 .
1483 1743 1492 1760 .

267 1788 399 1830 τινες
452 1778 552 1821 τῶν
599 1776 672 1843 μὴ
730 1772 1115 1845 ὁμολογούντων
1167 1774 1343 1841 αύτὸν,
1399 1773 1526 1826 ἀλλά
1558 1794 1672 1827 τοτε
1703 1770 1879 1836 οὐδεὶς
1911 1743 1951 1798 Β

271 1856 520 1932 ἀντερεῖ.
586 1865 714 1914 Τότε
777 1863 919 1936 γὰρ,
988 1867 1106 1921 ησὶν
1168 1865 1194 1916 ό
1262 1864 1514 1936 Θεολόγος
1576 1869 1879 1938 Γρηγόριος.

269 1950 676 2020 πιστεύσουσιν,
721 1952 841 2003 ὅταν
886 1948 1077 2004 ἴδωσιν
1130 1951 1284 2005 αύτόν
1335 1952 1386 2016 ἐξ
1433 1953 1652 2027 ούρανοῦ
1701 1971 1884 2025 κατορ-

270 2042 536 2109 χόμενόν,
593 2046 683 2094 καὶ
730 2043 798 2104 ὡς
855 2047 1036 2116 κριτὴν
1084 2045 1442 2116 καθεζόμενον.
1502 2044 1560 2095 Ὀ
1609 2040 1667 2097 δι
1715 2043 1882 2096 τελευ-

276 2135 426 2190 ταῖος
485 2131 739 2202 θυμιατός
793 2136 886 2191 τὴν
939 2135 1102 2206 χάριν
1159 2141 1250 2186 τοῦ
1309 2133 1461 2206 ἀγίου
1521 2130 1678 2192 δηλοῖ
1729 2135 1885 2185 Πνεύ-

276 2237 442 2290 ματος
491 2223 586 2277 τὴν
635 2216 708 2272 δι’
766 2219 1142 2294 έμφυσὴματος
1199 2219 1443 2276 δοθεῖσαν
1500 2229 1604 2283 τοῖς
1661 2221 1884 2275 ἀποστό-

269 2305 383 2368 λοις
440 2310 570 2379 μετά
621 2314 716 2367 τὴν
769 2309 1078 2363 ἀνάστασιν·
1137 2314 1165 2369 ἡ
1227 2309 1277 2364 δ’
1312 2311 1709 2384 ὁπισθάμϐωνος
1747 2312 1878 2383 εύχη

270 2398 430 2449 οἰονεὶ
492 2403 714 2471 σφραγίς
779 2398 893 2452 έστι
958 2403 1164 2453 πάντων
1232 2411 1331 2454 τῶν
1401 2402 1724 2473 αἰτημάτων,
1793 2407 1883 2453 καὶ

267 2484 718 2557 ἀνακεφαλαίωσις
790 2495 1052 2556 τακτικὴ,
1133 2495 1407 2564 πρέπουσα
1482 2498 1588 2551 τοῖς
1655 2496 1883 2564 πρώτοις

267 2579 362 2627 καὶ
439 2581 768 2652 τιμιωτέροις
827 2576 1083 2651 έπιλόγοις
1141 2583 1273 2648 (42)⁶
1333 2577 1512 2637 ἐπειδὴ
1569 2600 1666 2652 γαρ
1735 2585 1882 2633 πᾶσα

268 2666 300 2721 ἠ
383 2665 498 2718 θεία
577 2669 866 2742 ἱερουργία,
943 2673 1348 2744 προηγουμένως
1423 2671 1513 2742 μεν
1589 2672 1716 2743 ύπερ
1781 2679 1880 2722 τῶν

268 2761 738 2826 προσενεγκόντων,
801 2763 890 2810 καὶ
940 2754 1012 2810 δι’
1073 2757 1163 2819 ούς
1223 2765 1563 2831 προσήγαγον
1620 2759 1875 2812 τελεῖταιο

270 2846 454 2895 ἔπειτα
527 2841 585 2897 δὲ
655 2851 747 2899 καὶ
821 2848 946 2921 ὑπὲρ
1015 2849 1219 2900 πάντων
1282 2857 1382 2900 τῶν
1445 2849 1879 2920 καταλειφθέντων

268 2935 406 2984 κατά
459 2938 618 3004 μόνην
675 2935 882 3006 εύχηνο
944 2934 1126 2995 ἐπειδὴ
1188 2939 1290 3010 γάρ
1341 2957 1472 3000 τινες
1518 2946 1616 2989 τῶν
1666 2937 1760 3000 ἔξω
1789 2945 1880 2990 τοῦ

271 3023 660 3095 θυσιαστηρίου
736 3023 972 3077 έστῶτων
1035 3026 1106 3088 εἰς
1172 3026 1391 3098 ἀπορίαν
1456 3027 1705 3088 πολλάκις
1769 3049 1880 3100 χω-

1998 616 2319 673 rectionem
2347 630 2523 672 suam
2553 613 2853 671 suaderet.

2069 887 2156 940 38.
2200 884 2344 940 Exin
2371 884 2437 940 ﬁt
2483 883 2674 942 oratio
2705 881 3032 952 gratiarum
3076 878 3344 940 actionis,
3371 880 3428 933 et
3452 876 3649 933 subla—

1998 973 2080 1028 tio
2099 972 2445 1030 divinorum
2467 988 2602 1046 quae
2620 971 2826 1028 relicta
2848 975 2987 1026 sunt
3004 969 3504 1038 fragmentorum,
3521 982 3646 1038 quo

1997 1066 2137 1118 actu
2159 1063 2494 1136 assumptio
2535 1060 2771 1118 Domini
2805 1059 2904 1116 Dei
2935 1058 3124 1115 nostri
3165 1057 3454 1113 innuitur.
3483 1058 3646 1111 Tunc

1997 1151 2158 1208 enim
2236 1153 2414 1211 dicit:
2471 1175 2498 1203 α
2572 1150 2844 1207 Exaltare
2913 1163 3094 1221 super
3161 1146 3363 1212 ccelos,
3424 1147 3643 1214 Deus;

1997 1246 2054 1298 et
2090 1241 2148 1296 in
2171 1242 2451 1298 universa
2482 1245 2637 1297 terra
2668 1239 2857 1309 gloria
2878 1243 2998 1294 tua.
3022 1260 3049 1287 »
3073 1240 3344 1310 Namque
3374 1250 3465 1302 eo,
3498 1233 3645 1290 dum

1995 1335 2425 1398 assumeretur,
2472 1329 2729 1386 exaltato
2784 1328 3026 1384 aiebant
3067 1325 3267 1394 angeli
3315 1323 3640 1396 apostolis:

1996 1419 2096 1476 Hic
2126 1420 2230 1492 qui
2261 1424 2609 1492 assumptus
2647 1421 2741 1474 est
2771 1433 2807 1473 a
2846 1416 3044 1483 vobis,
3095 1415 3179 1470 sic
3216 1413 3417 1468 denuo
3445 1411 3645 1468 veniet

1993 1514 2284 1581 tanquam
2327 1507 2535 1578 judex.
2563 1510 2726 1563 Tunc
2747 1510 2949 1563 autem
2977 1518 3158 1561 omne
3189 1517 3348 1572 genu
3377 1500 3646 1556 ﬂectetur

1993 1598 2046 1654 ei
2089 1597 2418 1653 caelestium
2448 1601 2505 1652 et
2547 1596 2934 1659 terrestrium,
2991 1592 3216 1665 eritque
3256 1591 3315 1646 in
3361 1589 3644 1644 universa

1995 1693 2150 1743 terra
2177 1686 2365 1757 gloria
2395 1687 2545 1757 ejus.
2575 1687 2936 1756 Quanquam
2964 1682 3125 1738 enim
3152 1696 3311 1736 nunc
3338 1682 3640 1734 suntnon-

1991 1775 2138 1833 nulli
2169 1775 2273 1848 qui
2303 1791 2442 1831 eum
2473 1790 2593 1830 non
2644 1774 3022 1838 conﬁtentur,
3067 1776 3207 1826 tunc
3230 1775 3431 1826 tamen
3461 1782 3642 1822 nemo

1991 1866 2376 1924 contradicat.
2410 1867 2572 1921 Tunc
2599 1879 2766 1930 sane,
2811 1862 3005 1934 inquit
3033 1860 3349 1929 Gregorius
3395 1856 3641 1914 Theolo-

1993 1972 2128 2027 gus,
2172 1954 2414 2012 credent
2445 1970 2583 2009 cum
2629 1956 2768 2009 eum
2803 1952 3092 2007 videbunt
3116 1950 3190 2005 de
3217 1947 3368 2004 cmlo
3399 1945 3640 2001 venien-

1993 2052 2136 2114 tem,
2177 2049 2236 2101 et
2277 2043 2497 2116 judicis
2535 2058 2703 2099 more
2742 2041 3072 2097 sedentem.
3120 2041 3251 2095 1am
3298 2039 3643 2109 postremus

1995 2135 2229 2192 sutﬁtus
2261 2133 2515 2204 gratiam
2548 2131 2740 2188 sancti
2791 2130 3043 2203 Spiritus
3088 2127 3406 2200 significat,
3455 2141 3643 2197 quam

1993 2224 2199 2280 ﬂando
2225 2223 2388 2278 dedit
2418 2221 2703 2295 apostolis
2741 2224 2877 2293 post
2915 2217 3431 2274 resurrectionem.
3473 2213 3641 2270 Deni-

1992 2330 2112 2386 que
2143 2315 2334 2369 oratio
2365 2317 2503 2384 post
2525 2310 2873 2377 ambonem,
2906 2307 3166 2378 sigillum
3187 2305 3370 2361 veluti
3399 2308 3487 2360 est
3515 2319 3642 2358 om-

1992 2405 2161 2460 nium
2183 2419 2456 2477 precum,
2486 2406 2543 2458 et
2579 2400 2856 2456 ordinata
2893 2396 3331 2470 recapitulatio,
3361 2410 3497 2467 quae
3523 2392 3643 2465 pri—

1993 2494 2108 2551 mis
2123 2499 2178 2550 et
2198 2491 2744 2549 mstimabilioribus
2758 2489 3011 2562 epilogis
3047 2487 3476 2560 aequiparatur.
3497 2487 3645 2539 Nam

1991 2583 2136 2656 quia
2159 2587 2281 2639 tota
2319 2581 2527 2637 divina
2555 2579 2814 2649 liturgia,
2856 2577 3158 2650 praecipue
3192 2591 3303 2647 pro
3352 2572 3646 2630 offerenti-

1991 2674 2128 2743 bus,
2187 2678 2242 2729 et
2313 2676 2557 2744 propter
2609 2685 2764 2742 quos
2819 2668 2860 2724 ii
2915 2665 3262 2724 obtulerunt
3317 2662 3643 2736 perﬁcitur,

1991 2767 2298 2836 postremo
2324 2766 2380 2816 et
2396 2775 2506 2832 pro
2550 2757 2795 2830 reliquis
2843 2755 3151 2822 omnibus,
3198 2769 3322 2810 una
3360 2753 3475 2809 hac
3509 2767 3644 2807 ora—

1992 2854 2152 2909 tione
2173 2849 2506 2922 suppletur.
2544 2848 2777 2920 Quippe
2812 2847 2956 2918 quia
2977 2844 3251 2900 nonnulli
3272 2847 3438 2899 extra
3461 2841 3645 2897 altare

1992 2941 2404 3006 consistentes,
2435 2939 2496 2993 in
2541 2936 2930 3010 perplexitate
2966 2949 3127 3006 saepe
3171 2936 3487 2988 versantur
3535 2930 3643 2984 ﬂu-

1990 3036 2262 3088 ctuantes
2290 3027 2508 3085 animis
2537 3025 2924 3097 dicentesque
2949 3041 2960 3078 :
2993 3024 3255 3089 Quinam
3281 3037 3504 3092 scopus
3534 3024 3644 3087 est,

267 3119 449 3182 ροῦσι,
512 3121 971 3186 γνωσιμαχοῦντες
1032 3121 1121 3168 καὶ
1185 3116 1435 3188 λέγοντες,
1512 3121 1598 3177 Τίς
1673 3118 1777 3191 οἰρα
1851 3119 1877 3169 ό
1908 3141 1949 3197 C
1990 3129 2031 3176 et

1908 3141 1949 3197 ο
1990 3126 2046 3176 et
2077 3120 2328 3192 quinam
2368 3120 2820 3172 susurratarum
2844 3119 3070 3168 secreto
3094 3112 3174 3167 ab
3196 3111 3486 3184 episcopo
3518 3124 3647 3181 pre-

271 3203 486 3266 σκοπός,
535 3207 624 3253 καὶ
679 3208 709 3261 ἡ
757 3211 857 3256 τῶν
904 3207 1049 3276 παρὰ
1102 3213 1192 3257 τοῦ
1243 3204 1526 3278 ἀρχιερέως
1563 3206 1878 3279 ύποψιθυρι-

268 3289 497 3360 ζομένων
552 3291 722 3363 εύχῶν
775 3295 942 3345 ἔννοιά
999 3313 1054 3347 τε
1108 3300 1198 3348 καὶ
1243 3291 1619 3368 δύναμις;καὶ
1648 3295 1874 3368 έφίενταί

265 3398 387 3430 τινα
417 3376 626 3438 εἴδησιν
664 3387 755 3434 καὶ
803 3385 998 3435 τούτων
1050 3383 1221 3437 λαϐεῖν
1247 3399 1260 3414 ⁸
1315 3387 1449 3437 κατά
1477 3393 1628 3437 τοῦτο
1668 3388 1716 3437 οὶ
1749 3387 1876 3438 θεῖοι

265 3474 490 3542 Πατέρες
555 3473 624 3532 ὡς
689 3472 1134 3545 ἀνακεφαλαίωσιν
1199 3477 1404 3527 πάντων
1460 3483 1560 3527 τῶν
1627 3471 1721 3528 διὰ
1776 3484 1874 3528 τῶν

264 3558 440 3630 εύχῶν
504 3559 817 3632 αἰτουμένων
876 3566 964 3615 τόν
1043 3572 1364 3638 χαρακτῆρα
1441 3567 1632 3626 ταύτης
1700 3564 1873 3624 ἐποιη-

263 3667 425 3702 σαντο
455 3692 468 3715 ,
560 3647 906 3715 διδάσκοντες
992 3657 1109 3714 τοῦς
1193 3653 1567 3718 ἐπιζητοῦντας
1640 3654 1692 3708 ix
1779 3665 1873 3710 τοῦ

261 3735 570 3813 κρασπέδου
624 3744 682 3792 τό
736 3741 973 3815 ὕφασμα.
1018 3747 1082 3796 Τί
1129 3739 1183 3796 δ’
1231 3742 1354 3796 ἄλ)ο
1399 3743 1513 3797 ἔστι
1541 3749 1600 3797 τό
1638 3744 1870 3819 λειπόμε-

261 3848 346 3880 νον
396 3829 426 3886 ᾖ
485 3830 510 3881 ό
550 3836 642 3882 τοῦ
684 3833 1000 3906 παρθενικοῦ
1051 3837 1294 3905 σώματος
1336 3836 1518 3896 τύπος,
1565 3837 1590 3886 ό
1620 3840 1872 3908 μερισμός

263 3925 361 3978 τῆς
412 3917 650 3989 εὐλογίας
708 3925 799 3972 καὶ
863 3927 1162 3996 προσφορᾶς
1213 3922 1371 3992 (43);
1439 3922 1635 3975 κλᾶται
1691 3927 1792 3998 γὰρ
1844 3928 1870 3978 ό

260 4008 444 4081 ἄρτος,
499 4004 830 4081 διατέμνεται
886 4006 945 4062 δὲ
1001 4012 1071 4071 ὡς
1133 4009 1361 4086 ἀρρήτου
1420 4011 1652 4083 εύλογίας
1719 4017 1873 4087 μετά-

257 4096 424 4167 ληψις
497 4105 602 4159 τοῖς
685 4098 1145 4173 μεταλαμϐάνουσι
1218 4104 1349 4174 μετά
1439 4108 1658 4165 πίστεως
1693 4121 1705 4134 ·
1784 4113 1870 4167 ως-

259 4190 538 4261 προσφορά
587 4184 647 4242 δι
703 4195 810 4250 τοῖς
870 4189 1152 4262 ένηνοχόσι
1202 4190 1404 4266 πλήρης
1462 4192 1761 4262 ἁγιωσύνης
1816 4194 1870 4248 έκ

256 4284 360 4329 τῶν
429 4275 592 4348 ἁγίων
659 4277 1123 4354 ἀντιπροσφέρεται
1156 4297 1169 4310 ⁸
1238 4285 1328 4334 καὶ⁵
1394 4285 1553 4344 οὕτως
1615 4282 1715 4336 ἀπό
1779 4290 1870 4358 μέν

255 4374 358 4427 τῆς
400 4367 734 4440 μπαλήψεως
783 4377 875 4422 τοῦ
921 4368 1191 4443 ἀχράντου
1243 4377 1487 4444 σώματος
1541 4380 1634 4425 τοῦ
1683 4373 1736 4438 ἐξ
1767 4380 1866 4429 αὐ..

1987 3225 2128 3266 cum
2159 3223 2372 3264 sensus
2396 3221 2467 3261 ac
2496 3205 2628 3260 vis?
2657 3207 2990 3276 optantque
3010 3201 3229 3257 harum
3259 3215 3505 3274 quoque
3537 3213 3644 3253 no-

1987 3299 2178 3356 titiam
2204 3296 2542 3369 percipere;
2573 3297 2892 3366 propterea
2932 3290 3054 3346 divi
3086 3292 3305 3357 Patres,
3351 3293 3644 3360 tanquam

1983 3385 2540 3460 recapitulationem
2564 3382 2840 3438 omnium
2884 3397 2990 3453 per
3028 3394 3235 3452 preces
3291 3377 3643 3450 postulatio-

1984 3494 2152 3543 num,
2184 3475 2365 3533 talem
2390 3473 2574 3544 hujus
2601 3470 2888 3528 orationis
2908 3470 3170 3526 formam
3205 3467 3642 3539 excogitarunt,

1984 3567 2327 3631 edocentes,
2377 3567 2674 3634 tanquam
2731 3576 2802 3615 ex
2845 3559 3088 3615 ﬁmbria
3139 3562 3508 3623 contextum,
3558 3556 3644 3611 rei

1983 3657 2274 3713 curiosos.
2307 3651 2462 3720 Quid
2488 3655 2689 3708 autem
2715 3648 3015 3722 reliquum
3046 3651 3155 3716 est,
3187 3647 3306 3703 nisi
3336 3645 3644 3717 virginalis

1983 3745 2250 3818 corporis
2295 3747 2500 3814 typus,
2545 3737 2806 3795 diribitio
2849 3737 3137 3793 nimirum
3174 3735 3425 3806 eulogiaa
3463 3740 3641 3808 atque

1982 3831 2355 3892 oblationis?
2399 3829 2712 3899 Frangitur
2770 3829 2930 3884 enim
2987 3827 3185 3899 panis,
3231 3825 3640 3898 dividiturque

1982 3929 2276 3998 tanquam
2333 3917 2652 3976 ineffabilis
2701 3916 2953 3987 eulogia
2983 3915 3362 3989 participatio
3395 3930 3638 3971 sumen-

1983 4016 2145 4071 tibus
2174 4028 2314 4069 cum
2344 4009 2500 4065 fide:
2544 4013 2610 4064 ut
2636 4005 2862 4064 oblatio
2893 4011 3118 4074 autem,
3169 4005 3242 4060 iis
3281 4004 3388 4078 qui
3436 4004 3643 4061 attule-

1981 4109 2141 4172 runt,
2170 4101 2349 4176 plena
2401 4097 2732 4156 sanctitatis
2761 4113 2834 4154 ex
2886 4111 3060 4152 sacro
3107 4096 3225 4152 ritu
3268 4094 3638 4153 redhibetur.

1983 4196 2177 4266 Atque
2202 4191 2286 4247 ita
2313 4205 2350 4246 a
2382 4187 2837 4262 participatione
2865 4184 3238 4243 immaculati
3268 4184 3538 4252 corporis
3565 4199 3639 4240 ex

1985 4281 2218 4353 Virgine
2247 4279 2374 4334 nati
2407 4277 2584 4334 Chriti
2635 4276 2734 4332 Dei
2773 4275 2980 4346 nostri,
3015 4280 3070 4332 et
3109 4273 3355 4348 pretiosi
3395 4273 3636 4345 sangui-

1982 4373 2095 4442 nis,
2128 4367 2520 4428 sanctiticatio
2550 4371 2607 4424 et
2634 4365 2971 4424 benedictio
3014 4364 3294 4422 ﬁdelibus
3325 4363 3636 4433 contingit.

254 4464 357 4517 τῆς
411 4459 680 4528 τεχθέντος
736 4467 971 4535 Χριστοῦ
1023 4468 1114 4512 τοῦ
1163 4468 1297 4514 Θεοῦ
1349 4463 1515 4534 ἡμῶν,
1567 4469 1656 4516 καὶ
1703 4465 1795 4518 τοῦ
1841 4471 2020 4540 τιμίου
2069 4463 2309 4535 αἵματος,
2353 4460 2378 4511 ό
2433 4460 2698 4530 άγιασμὸς
2749 4462 2838 4510 καὶ
2894 4458 2922 4514 ἡ
2981 4455 3190 4527 εύλογία
3258 4461 3368 4516 τοῖς
3424 4460 3638 4515 πιστοῖς

252 4550 579 4617 περιγίνεται
591 4591 604 4604 .

331 4633 430 4690 λθ’.
489 4636 574 4690 Ἐν
632 4640 707 4690 ἔτι
755 4642 1024 4713 προσθεὶς,
1079 4638 1221 4703 τέλος
1269 4641 1505 4700 έπιθὴσω
1559 4651 1628 4713 τῷ
1677 4643 1812 4717 λόγῳ
1847 4667 1859 4680 ·
1895 4651 1938 4706 D

259 4721 478 4784 Ἐπειδή
528 4745 660 4789 τινες
707 4735 806 4779 τῶν
858 4731 1047 4803 ἱερέων,
1096 4732 1145 4782 οἱ
1191 4733 1281 4803 μεν
1337 4735 1512 4794 πενίας
1557 4737 1816 4806 προφάσει
1848 4775 1862 4802 ,

256 4816 309 4868 οἱ
368 4811 428 4867 δε
471 4813 736 4891 ἀκορίστῳ
783 4817 1046 4892 πλεονεξίᾳ
1085 4815 1183 4872 δύο
1233 4829 1394 4873 ποιεῖν
1442 4821 1764 4898 λειτουργίας
1807 4825 1864 4877 ού

258 4901 552 4977 φείδονται,
604 4905 733 4958 ἀλλά
788 4907 1061 4982 τολμηρῶς
1120 4918 1414 4982 σταυροῦσι
1468 4915 1556 4964 τόν
1609 4917 1866 4985 Χριστὸν,

255 4999 350 5046 καὶ
400 4995 551 5058 αὖθις
589 4994 983 5072 ἀνασταυροῦσι
1039 4999 1284 5063 πολλάκις
1341 5006 1430 5053 καὶ
1479 5000 1552 5073 ἐφ’
1585 5001 1658 5055 ένὶ
1701 5011 1868 5056 ταῦτα

256 5081 487 5157 δρῶντες
545 5087 910 5162 θυσαστηρίῳ,
973 5092 1030 5142 τό
1097 5087 1522 5162 φρικωδέστατον
1579 5097 1669 5144 καὶ
1729 5096 1866 5146 κατά

253 5180 411 5226 τοῦτο
466 5171 869 5238 σπουδάζοντες·
924 5177 1174 5241 πολλάκις
1223 5177 1282 5232 δὲ
1331 5186 1420 5234 καὶ
1467 5184 1604 5234 κατά
1653 5187 1862 5256 περιπέ-

253 5283 396 5318 τειαν
450 5262 572 5336 βίου
622 5266 651 5324 ἢ
704 5267 966 5342 ῥᾳθυμίαν
1021 5267 1208 5341 ἀφιᾶσι
1263 5273 1330 5323 τὰ
1386 5267 1537 5345 δῶρα
1591 5269 1860 5341 ἀτελεστα,

333 5500 447 5588 (η)
505 5501 874 5588 Haecpratio
924 5503 1732 5588 respondet_quodammodo
1758 5519 1865 5576 po-

257 5577 526 5657 stremis“
542 5574 887 5657 Latinorum
931 5574 1452 5657 orationi,_Libe_ra
1483 5574 1867 5657 n_os,_qu(ésu-

254 5644 990 5720 mus,__Domir§e,hquam
1042 5650 1098 5707 S.
1131 5650 1336 5708 Petrus
1363 5644 1660 5720 Damiani,
1682 5664 1742 5707 n.
1777 5653 1862 5717 17,

257 5713 531 5790 appellat
568 5713 993 5778 embolisinum.

2047 4645 2135 4700 39.
2172 4642 2299 4696 Uno
2324 4637 2524 4694 adhuc
2546 4637 2775 4708 addito,
2798 4639 2982 4693 ﬁnem
3013 4634 3276 4692 sermoni
3293 4634 3632 4707 imponam.

1975 4728 2274 4797 Quoniam
2301 4725 2576 4782 nonnulli
2608 4725 2969 4792 sacerdotes,
2989 4723 3208 4797 partim
3239 4723 3458 4795 inopiae
3486 4739 3632 4796 prae-

1972 4825 2155 4886 textu,
2214 4817 2435 4890 partim
2480 4816 2809 4873 insatiabili
2831 4815 3106 4884 avaritia,
3143 4814 3298 4870 duas
3330 4813 3631 4872 celebrare

1971 4909 2190 4966 missas
2211 4922 2334 4963 non
2351 4905 2649 4976 dubitant,
2673 4905 3082 4978 audacterque
3119 4903 3422 4959 Christum
3445 4905 3633 4961 semel

1973 5003 2028 5056 et
2057 4999 2276 5055 iterum
2315 4995 2690 5065 cruciﬁgunt,
2733 5011 2892 5068 saepe
2931 4995 2992 5050 id
3041 4995 3100 5050 in
3133 5010 3254 5050 uno
3285 4993 3464 5050 etiam
3498 5010 3628 5067 per-

1970 5092 2217 5158 agentes
2240 5085 2433 5153 altari,
2458 5101 2586 5141 rem
2608 5085 2985 5141 tremendam
3003 5085 3116 5141 hac
3133 5099 3378 5158 quoque
3398 5085 3630 5142 ratione

1970 5182 2329 5235 attentantes
2361 5192 2374 5242 ;
2399 5192 2507 5232 nec
2528 5191 2665 5232 raro
2708 5180 2955 5248 propter
2975 5175 3104 5231 vitae
3134 5174 3406 5231 fortuitos
3428 5192 3624 5244 casus,

1968 5267 2065 5325 vel
2094 5268 2172 5326 ob
2224 5266 2678 5340 negligentiam,
2727 5265 3147 5340 imperfectum
3189 5282 3344 5340 opus
3374 5266 3628 5324 derelin-

2043 5505 2158 5575 (43)
2202 5502 2444 5584 μεθείς
2490 5503 2988 5584 Christophorum
3041 5503 3341 5584 Angelum
3372 5521 3508 5584 cap.
3539 5511 3625 5584 ‘4:

1972 5576 2238 5633 Armenii
2267 5591 2512 5704 Ἦῗοέιιιο
2537 5591 2706 5633 more
2731 5578 3075 5632 Graecorum
3110 5576 3486 5649 dispensant,
3520 5579 3628 5634 sed

1972 5663 2084 5704 pro
2096 5647 2284 5704 bucce
2337 5649 2380 5703 's
2416 5647 2997 5704 ermentatis.as.vmi
3010 5652 3218 5704 tenues
3242 5647 3472 5704 formas
3487 5665 3628 5704 cum

1972 5647 2380 5793 εὲἓιέιᾶιέἓϋε
2391 5647 2731 5708 fermentati
2739 5665 2788 5720 s,
2801 5648 2997 5721 διγωὶ
3010 5647 3228 5706 tenues
3242 5647 3472 5707 formas
3487 5665 3628 5707 cum

2043 5734 2122 5794 po
2146 5720 2310 5793 agni.
