4468 6440
792 404 896 460 467

2067 400 2423 459 THEODORI
2458 401 2883 461 ANDIDENSIS

4052 405 4157 461 4-68

790 527 1041 600 quentes
1065 541 1077 591 ;
1103 524 1439 598 acciditque
1460 528 1526 582 ut
1544 529 1683 597 post
1696 524 1960 582 triduum
1972 525 2067 580 vel
2088 525 2236 582 ultra
2267 525 2442 581 etiam
2474 526 2520 581 Α

2389 542 2442 581 m
2474 526 2520 581 Α
2561 533 2649 580 καὶ
2717 527 2988 600 συμϐαίνει
3049 531 3181 600 μετὰ
3239 525 3591 602 παραδρομὴν
3658 529 3862 602 ἡμερῶν
3916 536 4069 602 τριῶν
4123 529 4151 586 ἦ

792 612 1241 683 comperiantur
1294 629 1464 668 sacra
1525 613 1690 669 dona
1752 614 2002 669 madore
2049 619 2149 670 aut
2201 614 2446 683 fuligine

793 698 991 770 plena,
1009 699 1265 772 ideoque
1280 702 1564 755 anemine
1580 702 2061 771 possintabsumi
2079 721 2090 767 ;
2111 708 2447 773 propterea,

791 788 1065 858 inquam,
1098 803 1340 842 necesse
1368 794 1452 842 est
1495 790 1623 843 haec
1650 789 1784 858 igne
1813 805 2190 856 consumere,
2223 795 2280 844 et
2317 790 2448 844 reli-

793 891 948 946 quos
990 892 1062 930 ex
1093 876 1163 930 iis
1207 878 1454 943 cineres,
1501 877 1560 931 in
1596 877 1728 933 loco
1777 878 1963 956 nobili
2009 877 2323 935 collocare.
2359 877 2449 933 Sic

793 965 951 1018 enim
985 965 1165 1019 etiam
1206 965 1410 1021 relicta
1458 967 1600 1035 agni
1659 966 1815 1020 illius
1873 967 2084 1021 veteris
2128 982 2267 1021 ossa
2313 966 2449 1035 igne

792 1052 1325 1108 comburebantur.
1377 1057 1576 1126 Neque
1629 1070 1770 1109 vero
1821 1055 1924 1127 qui
1967 1055 2093 1110 haec
2124 1055 2452 1123 neglexerit

793 1141 1094 1206 sacerdos,
1149 1157 1363 1212 poenas
1404 1157 1440 1196 a
1488 1143 1824 1197 canonibus
1855 1143 2171 1214 impositas
2201 1143 2446 1198 vitabit:

791 1244 1058 1299 namque
1084 1229 1235 1298 Agni
1274 1230 1462 1284 nostri
1493 1230 1638 1285 nihil
1669 1247 1789 1286 non
1812 1231 1986 1286 edule
2018 1237 2124 1296 est,
2154 1231 2299 1286 nihil
2343 1230 2451 1284 du-

794 1333 927 1370 rum
961 1323 1064 1371 aut
1095 1333 1361 1373 osseum.
1398 1319 1629 1390 Quippe
1651 1323 1738 1374 est
1767 1319 2292 1391 enbypostaticum
2320 1319 2455 1374 Ver-

794 1405 963 1461 bum.
992 1407 1321 1478 Suscipitur
1347 1413 1548 1462 autem
1596 1408 1859 1463 Verbum
1907 1409 1986 1462 ab
2037 1409 2203 1463 omni
2249 1409 2453 1463 anima

793 1500 981 1548 semet
1009 1494 1190 1564 digne
1219 1501 1468 1566 parante
1523 1501 1587 1551 ut
1619 1497 1694 1552 sit
1739 1496 2152 1552 habitaculum
2185 1497 2315 1567 ejus
2343 1496 2454 1550 :ad

795 1598 981 1654 quam
1010 1599 1133 1639 non
1165 1584 1364 1655 ipsum
1399 1584 1593 1640 solum
1645 1585 1926 1651 Verbum,
1975 1586 2077 1640 sed
2130 1591 2186 1640 et
2220 1586 2453 1640 Patrem

797 1687 1002 1726 secum
1061 1672 1209 1728 dixit
1257 1689 1391 1728 esse
1441 1678 1784 1739 venturum,
1844 1689 1954 1729 nec
2006 1689 2127 1729 non
2172 1674 2455 1744 Spiritum

799 1765 1099 1827 sanctum,
1130 1767 1185 1817 et
1213 1762 1592 1818 mansionem
1623 1763 1787 1835 apud
1819 1762 2016 1835 ipsam
2060 1761 2342 1818 facturos.

871 2031 962 2082 40.
997 2027 1134 2081 Haec
1154 2043 1264 2099 pro
1291 2032 1498 2083 nostra
1521 2028 1922 2084 imbecillitate
1953 2028 2171 2100 raptim
2194 2028 2454 2084 conscri-

801 2117 1055 2190 psimus,
1102 2122 1337 2187 propter
1368 2117 1677 2173 assiduam
1705 2117 1973 2188 jubentis
2032 2117 2290 2172 hominis
2343 2116 2455 2172 fer-

801 2204 1216 2260 ventissimam
1249 2205 1758 2277 deprecationem.
1794 2206 1901 2270 Qui
1948 2221 2090 2261 vero
2123 2206 2251 2260 haec
2281 2205 2452 2274 leget,

802 2294 1076 2350 nondum
1109 2295 1352 2366 plenam
1385 2311 1699 2351 sacrorum
1733 2297 2155 2368 mysteriorum
2177 2295 2457 2368 explana-

801 2385 1026 2440 tionem
1055 2384 1168 2440 hoc
1205 2385 1428 2457 scripto
1469 2385 1690 2440 factam
1715 2386 2026 2441 existimet.
2062 2386 2174 2441 Sed
2205 2385 2317 2441 hoc
2349 2385 2462 2440 sibi

802 2474 1068 2529 evenisse
1097 2478 1286 2546 putet,
1331 2490 1440 2530 ceu
1471 2474 1518 2529 si
1565 2475 1703 2546 quis
1729 2479 1998 2546 spectare
2024 2475 2273 2546 cupiens
2296 2475 2461 2530 urbis

802 2563 1316 2638 pulchritudinem
1342 2563 1623 2619 eximiam
1642 2564 2102 2634 etincognitam,
2119 2564 2334 2620 ducem
2359 2565 2462 2620 ali-

801 2668 981 2724 quem
1015 2654 1419 2720 nanciscatur,
1461 2669 1496 2707 a
1525 2669 1648 2723 quo
1701 2653 2134 2717 manuductus,
2170 2659 2465 2724 tanquam

803 2756 875 2796 ex
909 2740 1115 2812 aliqua
1173 2740 1433 2796 fenestra
1481 2741 1676 2796 videre
1717 2746 1901 2814 queat
1949 2741 2259 2796 radiorum
2310 2741 2467 2796 velut

804 2829 944 2884 inde
1000 2829 1323 2884 missorum
1373 2829 1571 2885 lucem
1628 2834 1808 2901 atque
1864 2830 2267 2901 splendorem,
2342 2845 2464 2884 non

805 2922 1004 2972 tamen
1020 2917 1219 2988 ipsam
1238 2924 1516 2973 naturam
1531 2917 1830 2972 bonorum
1850 2916 1967 2972 illic
1996 2918 2463 2973 reconditorum.

803 3010 952 3062 Nam
1010 3012 1236 3061 secreta
1310 3022 1465 3071 mea,
1519 3006 1711 3074 inquit
1758 3005 2064 3070 Dominus,
2110 3007 2256 3061 mihi
2289 3007 2466 3061 meis-

801 3111 920 3168 que
971 3097 1038 3150 30.
1088 3095 1406 3161 Quomodo
1454 3100 1654 3150 autem
1707 3110 1839 3164 ego,
1901 3095 2002 3166 qui
2034 3111 2153 3150 non
2201 3095 2398 3150 solum
2429 3112 2464 3150 a
2495 3066 2536 3122 Ο

803 3187 924 3240 Deo
957 3201 1050 3239 me
1082 3184 1381 3253 elongavi,
1405 3184 1508 3238 sed
1537 3185 1716 3239 etiam
1741 3185 2374 3256 appropinquantibus
2412 3185 2462 3238 ei

801 3273 1014 3347 procul
1045 3272 1290 3333 absum,
1345 3273 1599 3341 dignum
1631 3271 1861 3343 aliquid
1911 3275 2027 3327 Deo
2067 3274 2326 3340 cogitare
2363 3277 2467 3328 aut

803 3362 1000 3433 eloqui
1026 3377 1248 3433 queam
1279 3361 1306 3414 ?
1332 3365 1606 3415 Attamen
1630 3365 1870 3429 gratum
1898 3365 2006 3424 est,
2034 3361 2331 3432 quidquid
2356 3377 2464 3434 pro

803 3450 1030 3505 viribus
1060 3451 1144 3518 ﬁt,
1181 3449 1517 3504 dummodo
1561 3449 1621 3504 id
1672 3448 1750 3504 ab
1776 3448 1932 3504 illius
1963 3448 2354 3518 dogmatibus
2385 3455 2467 3504 at-

803 3555 921 3612 que
954 3540 1267 3611 praeceptis
1299 3538 1460 3594 haud
1494 3537 1768 3592 videatur
1807 3537 2137 3592 discedere.
2202 3538 2373 3603 Quod
2418 3539 2463 3592 si

803 3628 942 3700 quis
984 3627 1123 3683 utile
1150 3627 1461 3699 aliquidin
1484 3627 1579 3681 his
1641 3627 1874 3698 scriptis
1929 3626 2364 3697 deprehendet,
2416 3628 2465 3682 is

803 3733 914 3792 pro
939 3733 1032 3771 me
1064 3717 1167 3789 qui
1197 3715 1526 3782 elaboravi,
1579 3731 1818 3787 precem
1885 3731 1995 3787 pro
2056 3717 2229 3771 venia
2276 3717 2465 3789 impe-

806 3806 1024 3862 tranda
1073 3809 1192 3861 Deo
1251 3805 1483 3873 offerat,
1531 3811 1867 3860 erratorum
1925 3821 2197 3860 meorum
2258 3821 2463 3861 causa.

807 3895 1031 3951 Deinde
1053 3895 1231 3950 etiam
1253 3894 1578 3964 gratiarum
1615 3895 1934 3964 actionem,
1970 3895 2468 3967 proptereaquod

805 3983 901 4040 ille
930 3983 1078 4040 solet
1127 3999 1230 4039 eos
1258 3983 1597 4038 illuminare
1630 3982 2006 4038 armontibus
2045 3983 2307 4048 aeternis,
2365 3985 2469 4055 qui

809 4073 976 4143 digni
1021 4072 1205 4128 habiti
1259 4073 1474 4127 fuerint
1533 4071 2008 4127 intellectualiter
2051 4072 2465 4144 contemplari.

809 4163 961 4228 Quia
1003 4164 1205 4234 ipsum
1229 4161 1399 4217 decet
1427 4161 1626 4216 omnis
1660 4161 1869 4229 gloria,
1921 4162 2135 4230 honor,
2171 4167 2226 4216 et
2256 4162 2468 4216 adora-

807 4253 912 4315 tio,
973 4255 1201 4308 Patrem
1244 4251 1486 4308 scilicet.
1531 4255 1588 4306 et
1645 4250 1874 4317 Filium,
1907 4255 1963 4305 et
2004 4256 2282 4305 sanctum
2343 4253 2468 4324 Spi-

807 4342 1012 4405 ritum,
1068 4357 1229 4396 nunc
1259 4345 1315 4396 et
1367 4354 1604 4411 semper
1633 4344 1688 4394 et
1709 4355 1815 4411 per
1836 4337 2054 4393 saecula
2087 4339 2466 4395 szeculorum.

808 4437 1024 4487 Amen.

888 4557 936 4590 ³ο
975 4557 1360 4610 lsa.xx1v16.

889 4683 1004 4751 (lii)
1036 4682 1126 4737 Sic
1157 4681 1408 4735 omnino
1439 4677 1670 4733 solebat
1716 4678 1771 4730 S.
1822 4679 2023 4732 Petrus
2066 4677 2336 4751 Damiani
2370 4695 2469 4751 op.

820 4754 917 4810 cit.
944 4769 1007 4809 n.
1056 4757 1106 4808 4.
1155 4754 1284 4822 Ego
1318 4751 1478 4822 quod
1512 4751 1814 4805 residuum
1851 4756 1958 4816 est,
1994 4751 2118 4819 igne
2145 4750 2425 4806 comburo
2457 4767 2468 4805 :

2561 623 2649 669 καὶ
2714 617 2956 669 πλειόνων
3022 618 3292 690 εύρεθῆναι
3356 625 3523 668 ταῦτα
3589 617 3965 689 πεπληρωμένα
4024 622 4156 668 νοτί-

2563 702 2654 766 δος
2696 710 2785 758 καὶ
2830 705 3054 775 λιγνύος,
3105 710 3194 756 καὶ
3239 701 3332 756 διὰ
3361 714 3512 757 τοῦτο
3544 702 3821 769 ἀδύνατον,
3856 707 3969 756 τινὰ
3999 723 4161 776 προσ-

2561 795 2734 859 έσθαι,
2782 790 2897 845 δέον
2955 792 3070 844 ἐστὶ
3127 801 3292 844 ταῦτα
3335 799 3464 867 πυρὶ
3509 792 3833 852 ἀναλωθῆναι
3884 796 4013 858 (44),
4069 798 4159 845 καὶ

2559 885 2654 937 τὴν
2723 879 2777 931 ἐκ
2843 883 3036 932 τούτων
3105 880 3532 952 καταλειφθεῖσαν
3592 877 3790 933 σποδόν

3825 924 3838 948 ,
3906 878 3954 931 ἓν
4017 884 4158 949 τόπῳ

2562 967 2804 1039 ἐπισήμῳ
2867 969 3226 1038 ἐγκαταθείναι
3261 986 3273 997 ·
3351 969 3486 1020 οὕτω
3548 971 3649 1042 γὰρ
3716 974 3804 1020 καὶ
3868 971 3933 1019 τὰ
3998 986 4156 1018 κατα-

2560 1054 2826 1127 λειφθέντα
2870 1055 3005 1108 ὀστα
3051 1065 3142 1108 τού
3173 1055 3336 1128 ἀμνοῦ
3387 1057 3577 1109 ἐκείνου
3627 1064 3717 1108 τοῦ
3764 1056 3988 1108 παλαιοῦ
4031 1059 4160 1129 πυρὶ

2562 1149 2895 1196 κατεκαίοντο
2928 1162 2940 1174 ·
3001 1145 3060 1195 ού
3113 1150 3215 1216 μὴν
3265 1146 3289 1195 ό
3337 1153 3502 1197 ταῦτα
3549 1145 3935 1216 καταλιμπανον
3978 1147 4157 1208 ἱερεύς,

2563 1241 2662 1284 τῶν
2711 1233 2764 1284 ἐκ
2807 1243 2906 1284 τῶν
2953 1239 3176 1286 κανόνων
3230 1235 3538 1306 όρισθέντων
3614 1235 3884 1305 ἐπιτιμίων
3960 1231 4159 1284 ἐλεύθε-

2564 1340 2647 1394 ρος
2699 1324 2884 1373 ἔσται·
2944 1325 3025 1373 ὁτι
3075 1342 3167 1396 περ
3226 1330 3314 1373 τοῦ
3378 1324 3627 1396 ἡμετέρου
3687 1322 3879 1393 Ἀμνοῦ
3929 1319 4162 1393 ἄϐρωτον

2565 1407 2717 1461 οὐδὲν
2772 1407 2896 1462 ούδὲ
2958 1415 3133 1485 τραχύ
3183 1417 3268 1462 καὶ
3329 1408 3591 1470 ὀστῶδες·
3627 1413 3706 1461 ὅτι
3745 1416 3836 1462 καὶ
3870 1415 4035 1478 Λόγος
4057 1408 4165 1460 ἐνυ-

2564 1504 2823 1558 πόστατος
2879 1499 3030 1561 οὗτος
3063 1518 3076 1530 ·
3137 1520 3223 1550 και
3278 1505 3524 1571 χωρητός
3581 1500 3721 1552 ἐστιν
3779 1501 3805 1550 ὁ
3861 1504 4029 1568 Λόγος
4093 1497 4163 1557 εἰς

2565 1593 2740 1638 πᾶσαν
2814 1587 2999 1659 ψυχὴν
3075 1593 3168 1645 την
3236 1587 3387 1650 ἀξίως
3454 1589 3806 1660 έτοιμάσασαν
3861 1587 4046 1644 ἑαυτὴν
4095 1586 4164 1645 εἰς

2566 1680 2835 1726 κατοικίαν
2902 1677 3103 1728 αὐτοῦ·
3169 1681 3298 1748 πρὸς
3361 1677 3421 1734 ἦν
3488 1677 3580 1728 ούκ
3629 1677 3780 1736 αύτός
3817 1681 3988 1746 μόνος,
4037 1673 4166 1725 ἀλλὰ

2566 1769 2655 1816 καὶ
2699 1768 2785 1814 τόν
2836 1769 3042 1838 Πατέρα
3094 1768 3252 1836 ἔφησε
3307 1770 3398 1819 σύν
3454 1766 3593 1835 αύτῷ
3644 1765 3946 1817 ἐλεύσεσθαι
3971 1768 4061 1814 καὶ
4105 1765 4163 1812 τό

2568 1859 2776 1924 Πνεῦμα
2837 1857 2895 1904 τό
2970 1854 3138 1926 οἷγιον⁹

2568 1943 2774 1996 σεσθαι.

3215 1857 3305 1906 καὶ
3385 1859 3546 1927 μονὴν
3609 1856 3734 1925 παρ’
3799 1853 3939 1924 αύτῲ
4012 1857 4163 1907 ποιή-

2637 2030 2712 2103 μί.
2796 2039 2973 2084 Ταῦτα
3046 2035 3136 2104 μεν
3210 2035 3346 2084 κατὰ
3420 2036 3514 2090 τὴν
3581 2033 3829 2104 ἡμετέραν
3897 2028 4163 2082 ἀσθένειαν

2567 2117 2961 2191 ἐσχεδίασται,
3023 2118 3116 2173 διὰ
3181 2126 3274 2177 τὴν
3355 2121 3592 2193 ἐπίμονον
3658 2128 3749 2171 τοῦ
3817 2119 4164 2192 ἐντειλαμένου

2569 2205 2755 2282 ἀνδρὸς
2825 2213 3144 2282 θερμοτάτην
3214 2209 3468 2272 ἀξίωσιν·
3538 2212 3562 2260 ό
3621 2206 3681 2262 δέ
3727 2228 3786 2280 γε
3833 2211 4035 2271 τούτοις
4094 2210 4166 2258 έν-

2567 2301 2892 2369 τυγχάνων,
2969 2305 3127 2372 μήπω
3201 2303 3376 2359 πάσης
3451 2299 3741 2369 ὶξηγὴσέως
3803 2306 3902 2349 τῶν
3969 2305 4168 2349 σεπτών

4042 2384 4172 2436 ἀλλὰ

3808 2480 3877 2536 ὡς
3943 2477 4026 2526 ὶάν
4091 2493 4174 2535 τις

2571 2394 2872 2459 μυστηρίων
2967 2392 3015 2440 ἓν
3105 2391 3309 2450 τούτοις
3382 2388 3643 2441 τελεῖσθαι
3715 2392 3904 2459 νομίσῃ
3949 2401 3961 2414 ⁶

2573 2481 2791 2546 τοιούτῳ
2864 2481 2965 2528 τινὶ
3039 2478 3225 2530 οἰέσθω
3286 2477 3684 2547 ἐντετυχηκέναι
3721 2519 3734 2540 ,

2573 2576 2670 2618 τῶν
2747 2569 3040 2618 ποθούντων
3109 2563 3237 2618 ἰδεῖν
3302 2565 3461 2623 κάλλη
3532 2565 3718 2626 πόλεως
3783 2567 4015 2636 ὑπερφυῆ
4082 2568 4175 2614 καὶ

2577 2656 2789 2720 ἀθέατα,
2836 2660 2996 2727 τύχοι
3044 2661 3181 2718 τινός
3220 2652 3554 2727 όδηγοῦντος,
3604 2655 3686 2727 ὑφ’
3720 2652 3778 2707 οὖ
3810 2655 4176 2728 χειραγωγού-

2576 2764 2740 2816 μενος,
2799 2748 2868 2806 rb;
2927 2742 3018 2797 διά
3067 2765 3203 2806 τινος
3261 2741 3479 2819 θυρίδος
3534 2745 3750 2818 ἰσχύσει
3800 2739 4032 2795 κατιδεῖν
4080 2745 4178 2797 τὴν

2578 2834 2763 2886 ἐκεῖθεν
2823 2833 3215 2906 ἐκπεμπομένων
3278 2833 3496 2886 ἀκτινων
3563 2833 3748 2904 αἴγλην
3816 2853 3869 2885 τε
3912 2832 4001 2883 καί
4045 2831 4179 2902 λαμ-

2576 2928 2812 2997 πρότητα
2843 2945 2854 2956 ·
2914 2923 2970 2975 ού
3025 2929 3125 2985 μὴν
3155 2928 3316 2981 αὐτὴν
3373 2929 3466 2980 τὴν
3518 2926 3672 2994 φύσιν
3715 2932 3814 2974 τῶν
3864 2919 4009 2974 ἔνδον
4049 2918 4179 2971 ἁπο-

2576 3019 2816 3084 κειμένων
2873 3012 3099 3084 ἀγαθῶν.
3155 3016 3231 3064 Τὰ
3287 3016 3388 3086 γὰρ
3445 3015 3716 3084 μυστήρια
3773 3031 3894 3084 μου,
3943 3029 4099 3082 φησιν
4148 3010 4178 3058 ὁ

2579 3107 2807 3176 Κύριος,
2863 3103 2975 3174 ἐμοὶ
3028 3103 3116 3153 καί
3174 3110 3278 3161 τοῖς
3345 3107 3501 3173 εμοῐς.
3564 3109 3680 3163 Πῶς
3711 3099 3769 3154 δε
3800 3105 3954 3161 αὐτὸς
3986 3100 4107 3171 ἐγὼ,
4149 3101 4178 3150 ὁ

2575 3198 2645 3265 μὴ
2718 3198 2870 3264 μόνον
2929 3191 2982 3254 ἐξ
3044 3191 3204 3244 αὑτοῦ
3261 3194 3528 3265 μακρύνας
3587 3190 3828 3263 ἐμαυτόν,
3893 3188 4021 3240 ἀλλὰ
4087 3187 4183 3238 καί

2575 3291 2674 3332 τῶν
2743 3281 3056 3352 ἐγγιζόντων
3123 3281 3264 3351 αὐτῷ
3331 3284 3534 3353 μακρὰν
3597 3279 3982 3350 ἀπεσχισμένος
4017 3320 4029 3339 ,
4095 3277 4184 3329 ἐπ-

2578 3371 2720 3434 άξιον
2781 3390 2831 3421 τι
2899 3379 2998 3420 τῶν
3056 3370 3247 3422 ἐκείνου
3303 3379 3493 3428 νοῆσαι
3552 3371 3579 3427 ἣ
3638 3369 3959 3440 φθέγξασθαι
4017 3363 4184 3424 δυνη-

2580 3464 2765 3528 θείην;
2825 3459 2958 3513 Ἀλλ’
3007 3462 3146 3531 ὅμως
3204 3459 3346 3532 φίλον
3405 3458 3624 3530 κάκείνῳ
3671 3463 3729 3511 τό
3767 3462 3901 3511 κατὰ
3934 3455 4180 3529 δύναμιν,

2579 3552 2621 3602 εἰ
2698 3556 2850 3623 μόνον
2927 3553 2998 3622 μὴ
3079 3548 3255 3625 πόρρω
3323 3557 3421 3600 τῶν
3494 3548 3684 3602 ἐκείνου
3753 3545 4031 3619 δογμάτων
4092 3547 4188 3598 καὶ

2578 3640 2789 3692 ἐντολῶν
2844 3642 2919 3695 εἴη
2984 3641 3042 3689 τό
3103 3640 3484 3712 θεωρούμενον·
3543 3638 3585 3690 εἰ
3633 3634 3693 3689 δέ
3743 3656 3819 3696 τις
3867 3636 4180 3709 ὀνησιφόρον

2578 3750 2631 3781 τι
2706 3729 2844 3802 εύροι
2914 3736 3020 3789 τοῖς
3084 3731 3483 3801 γεγραμμένοις,
3555 3729 3680 3799 ὑπὲρ
3744 3729 3867 3797 ἐμοῦ
3933 3729 4022 3796 μεν
4087 3733 4184 3775 τοῦ

2578 3823 2968 3879 πεπονηκότος,
3044 3816 3208 3887 εὐχὴν
3289 3821 3682 3889 συγχωρήσεως
3768 3820 3874 3886 Θεῷ
3935 3810 4185 3866 ἀποδότω

2579 3916 2678 3959 των
2739 3910 3092 3977 ἐπταισμένων
3169 3925 3257 3978 μοι
3331 3907 3474 3958 ἕνεκα
3509 3922 3520 3932 ’
3592 3907 3767 3960 ἔπειτα
3829 3900 3888 3959 δέ
3953 3903 4042 3956 καὶ
4103 3903 4186 3954 εύ-

2578 4002 2885 4070 χαριστίαν,
2933 3995 3041 4047 ἀνθ’
3083 3993 3151 4045 ὧν
3191 3997 3380 4047 ἄνωθεν
3431 3996 3575 4048 εἴωθε
3613 3994 3851 4068 φωτίζειν
3883 3991 3983 4044 ἀπὸ
4026 3994 4186 4066 ὁρέων

2581 4089 2821 4150 αἰωνίων,
2882 4087 3003 4146 τούς
3067 4093 3252 4158 νοερῶς
3319 4083 3628 4148 ἀξιωθέντας
3691 4084 3833 4154 ὀρᾴν·
3899 4083 3977 4134 ὅτι
4045 4081 4189 4151 αύτῷ

2580 4179 2760 4250 πρέπει
2817 4180 2964 4224 πᾶσα
3021 4169 3167 4234 δόξα,
3222 4177 3369 4243 τιμὴ,
3423 4172 3512 4226 καί
3567 4174 3928 4244 προσκύνησις
3982 4177 4190 4242 τῷῐΙα-

2579 4263 2664 4338 τρί
2708 4263 2798 4313 καί
2846 4272 2918 4313 τω
2963 4265 3065 4333 Υὶῷ
3108 4263 3198 4312 καί
3250 4272 3321 4331 τῷ
3371 4263 3504 4331 ἁγίῳ
3555 4263 3833 4335 Πνέύματι,
3869 4269 3957 4312 νῦν
3984 4260 4073 4312 καί
4106 4258 4192 4311 ἀεὶ

2580 4353 2670 4404 καί
2699 4353 2771 4415 εἰς
2788 4356 2909 4414 τοὺς
2939 4352 3128 4414 αἰῶνας
3146 4360 3243 4403 τῶν
3270 4351 3485 4402 αἰώνων.
3521 4351 3712 4424 Ἀμήν,

2535 4680 2539 4685 ’
2581 4695 2721 4735 nam
2750 4680 2991 4736 credere
3017 4679 3326 4748 jubemm,
3373 4679 3741 4747 distinguere
3776 4677 4191 4746 prohibemur.

2584 4751 2725 4806 Vide
2754 4752 2836 4806 ibi
2864 4758 3076 4806 caetera
3102 4767 3237 4822 qum
3275 4757 3414 4806 sunt
3448 4749 3758 4822 prieclara.
