4468 6440
306 434 3675 470 m

1580 584 1737 624 CIRCA
1770 584 1956 625 ANNUI
1992 585 2179 626 DOIINI
2221 587 2400 627 ICCXL

1600 754 2389 904 MANUEL

1214 1060 1501 1119 MAGNUS
1538 1061 1819 1118 RHETOR
1858 1060 2748 1119 CONSTANTINOPOLITANUS.

1760 1366 2164 1416 EPﬂTHMATA
2184 1379 2197 1393 '

1041 1552 1348 1669 ΤΟΥ
1426 1550 1821 1666 ΦΡΑΡ
1899 1550 2930 1669 ΦΡΑΤΖΗΣΚΟΥ

1651 1786 1833 1846 Καθὼς
1878 1784 2068 1848 ἐκεῖνος
2118 1786 2311 1860 ἔγραψε

1190 1935 1497 2025 ΠΡΟΣ
1555 1937 1795 2024 TON
1855 1938 2249 2024 ΜΕΓΑΝ
2309 1932 2765 2030 ΡΗΤΟΡΑ

866 2228 1486 2349 FRATRIS
1572 2226 2328 2348 FRANCISCI
2419 2225 3090 2372 QU/ESITA

1697 2443 1827 2497 PER
1867 2443 2257 2500 EPISTOLAM

1202 2622 1358 2711 AD
1421 2621 1502 2711 Μ
1517 2620 1925 2715 AGNUM
1988 2621 2629 2717 BHETOREM
2665 2636 2750 2708 (α)

350 2924 531 2976 Ταῦτα
583 2924 648 2972 τὰ
704 2921 957 2993 κεφάλαια
1017 2926 1105 2973 καὶ
1160 2918 1406 2993 δόγματα
1466 2929 1557 2981 τῆς
1624 2920 1888 2981 εὐσεϐείας
1918 2925 1964 2977 Α
2076 2924 2114 2977 H

1918 2925 1964 2977 Α
2076 2924 2208 2977 Haec
2240 2923 2436 2995 capita
2464 2927 2521 2979 et
2549 2924 2853 2995 religionis
2884 2924 3174 2995 dogmata
3193 2923 3373 2981 credo
3397 2926 3455 2980 et
3473 2922 3658 2996 proﬁ-

275 3011 479 3082 κρατῶ,
544 3015 633 3063 καὶ
671 3014 813 3082 παρά
871 3018 989 3071 σοῦ,
1048 3016 1184 3083 μέγα
1230 3012 1398 3084 ῥήτωρ
1444 3016 1532 3062 καὶ
1574 3006 1886 3073 διδάσκαλε,
2001 3014 2039 3065 tt

2001 3014 2149 3066 teor.
2182 3017 2239 3067 et
2259 3028 2466 3084 quaero
2487 3018 2622 3082 ate,
2645 3014 2843 3070 rhetor
2863 3029 3103 3087 magne,
3123 3019 3187 3070 ut
3209 3012 3312 3069 ubi
3333 3029 3429 3069 me
3460 3028 3655 3069 errare

276 3096 380 3150 ποῦ
413 3098 593 3170 σφάλω
620 3095 955 3169 διδαχθῆναι
985 3097 1345 3161 ἐπιζητητίον.
2001 3115 2040 3153 οε

2001 3100 2336 3170 contigerit,
2368 3101 2583 3157 docere
2610 3118 2730 3157 non
2757 3103 3116 3173 dedigneris.

280 3224 714 3295 Συμπεράσματα
785 3223 1054 3295 θεολογικὰ
1126 3228 1217 3275 καὶ
1273 3218 1534 3296 ὀρθόδοξα
1607 3229 1700 3275 τοῦ
1758 3224 1891 3295 φρὰρ
2002 3208 2044 3264 C

2002 3208 2421 3266 Conclusiones
2436 3210 2774 3282 theologica
2790 3216 2843 3268 et
2862 3211 3216 3268 orthodoxa?
3232 3210 3451 3281 fratris
3463 3209 3656 3267 Fran-

689 3313 1036 3383 Φρατζήσκου
1066 3309 1482 3386 Πορδικατόρου.

1432 3332 1482 3363 υ.
2606 3302 2751 3358 εἰδοί
2774 3301 3193 3358 Praedicatoris

355 3423 587 3489 Πρῶτον,
612 3422 681 3470 Τό
711 3424 920 3490 Πνεῦμα
948 3422 1007 3470 τό
1034 3418 1183 3489 ἅγιον
1216 3417 1270 3470 ἐκ
1298 3426 1391 3470 τοῦ
1424 3422 1627 3492 Πατρός
1652 3423 1742 3471 καὶ
1767 3420 1891 3471 Υἰοῡ
2071 3408 2119 3462 Ρ

2071 3408 2298 3465 Prima.
2324 3410 2575 3480 Spiritus
2601 3414 2846 3466 sanctus
2870 3425 2907 3467 a
2933 3410 3105 3466 Patre
3130 3414 3188 3466 et
3204 3408 3348 3466 Filio
3368 3409 3658 3482 procedit.

279 3525 641 3563 ςκποοενεται.

356 3594 619 3664 Δεύτερον.
669 3590 905 3662 Εὐλόγως
932 3596 1027 3649 τὴν
1058 3592 1341 3654 ἁναπτνξιν
1371 3599 1469 3643 τῶν
1507 3592 1773 3665 ῥημάτων,
1801 3598 1891 3645 καὶ
2071 3588 2120 3643 St

2071 3587 2363 3643 Secunda.
2390 3591 2564 3644 Recte
2584 3603 2765 3644 voces
2793 3587 2940 3656 istae,
2975 3591 3031 3644 et
3064 3602 3141 3645 επ
3162 3588 3343 3655 Filio,
3371 3587 3513 3645 addi
3561 3586 3662 3643 de-

277 3682 338 3731 ἑκ
364 3686 457 3730 τοῦ
480 3681 627 3749 Υὶοῦ,
655 3682 1009 3753 προστεθῆναι
1039 3685 1173 3754 χρὴ.
1998 3677 2039 3732 b

1998 3677 2281 3735 buerunt.
2305 3678 2595 3734 Nimirum
2618 3677 2905 3750 Symbolo
2932 3676 3619 3750 Constantinopolitano.

351 3772 559 3842 Τρίτον.
594 3768 675 3821 Ἐν
702 3768 886 3840 ἀζύμῳ
913 3774 1005 3821 καὶ
1034 3769 1083 3821 εν
1122 3770 1270 3841 ζύμῳ
1299 3771 1443 3841 οἶρτῳ
1477 3774 1657 3840 σιτίνῳ
1685 3772 1745 3822 τό
1787 3789 1888 3822 σω·
2078 3768 2115 3821 Ἰ

2078 3768 2300 3823 Tertia.
2333 3770 2395 3822 In
2425 3782 2659 3840 azymo,
2688 3772 2746 3823 et
2764 3767 2821 3823 in
2855 3766 3213 3823 fermentato
3241 3781 3399 3839 pane
3428 3766 3657 3822 triticeo

279 3877 358 3928 μα
387 3865 479 3909 τοῦ
512 3864 743 3931 Χριστοῦ
773 3858 1077 3912 τελειοῦται.
1998 3871 2043 3911 οι

1065 3900 1077 3912 .
1998 3856 2315 3912 conﬁcitur
2343 3872 2562 3929 corpus
2592 3856 2824 3913 Christi.

350 3950 623 4018 Τέταρτον.
680 3949 1005 4020 Καθαρτιχόν
1056 3956 1159 4020 πῦρ
1214 3951 1312 4019 πρό
1371 3955 1465 4010 τῆς
1522 3953 1738 4021 κρίσεως
1794 3968 1887 4000 πι-
2073 3947 2114 4015 Q

2073 3947 2324 4015 Quarta.
2375 3947 2532 4017 Ignis
2566 3948 2948 4018 purgatorius
2978 3946 3320 4003 credendus
3352 3950 3410 4003 et
3437 3946 3658 4004 admit—

283 4040 547 4088 στευτέον.
1997 4040 2047 4092 te

1997 4040 2216 4092 tenuius
2255 4041 2392 4092 ante
2424 4036 2702 4093 ultimum
2728 4036 3047 4108 judicium.

354 4129 612 4192 Πέμπτον.
645 4132 757 4177 Τῶν
782 4124 945 4196 ἁγίων
966 4126 1021 4176 αἰ
1050 4124 1231 4197 ψυχαὶ
1261 4126 1330 4187 εἰς
1357 4129 1443 4179 τόν
1468 4126 1681 4198 οὐρανόν
1715 4127 1884 4191 εὐθὺς,
2037 4126 2118 4193 Ou

2037 4126 2277 4193 Quinta.
2297 4127 2525 4182 Animae
2538 4132 2884 4183 sanctorum
2903 4132 3064 4183 recta
3074 4125 3401 4183 tenduntin
3412 4125 3659 4196 coelum,

275 4214 347 4275 εἰς
390 4218 479 4266 τόν
526 4215 739 4290 οὐρανόν
787 4214 1307 4289 προσλαμϐάνεσθαι,
1367 4222 1456 4268 καὶ
1514 4218 1751 4292 καθαρῶς
1802 4220 1888 4269 τόν
1920 4279 1959 4333 Β
1998 4230 2039 4271 el

276 4307 413 4333 o-z-.
444 4306 648 4333 n-_.--:..
680 4301 763 4333 ,Ὧδ’

1920 4279 1959 4333 Β
1998 4220 2055 4271 et
2089 4216 2149 4270 in
2181 4214 2397 4270 coelum
2428 4221 2703 4289 receptae,
2744 4215 2969 4272 debent
3021 4218 3209 4272 Deum
3258 4230 3407 4287 pure
3435 4213 3655 4271 videre.

276 4307 413 4357 Θεὸν
444 4306 648 4357 θεωοείν
678 4301 713 4357 δ
717 4310 778 4358 εἰ.

348 4392 551 4446 Ἕκτον.
605 4398 813 4468 Πρῶτός
860 4392 975 4446 ἐστι
1020 4401 1116 4455 τῆς
1160 4396 1446 4467 ἱερωσύνης
1498 4396 1675 4468 θρόνος
1724 4396 1749 4447 ὅ
1797 4403 1889 4455 τῆς
2067 4393 2112 4450 S

2067 4393 2270 4451 Sexta.
2308 4395 2539 4450 Primus
2566 4394 2915 4451 hierarchim
2944 4393 3197 4451 thronus
3225 4397 3316 4452 est
3345 4408 3514 4468 papa
3553 4397 3661 4451 Ro-

272 4481 474 4553 Ῥώξιης
502 4484 742 4544 πάπποις.
1998 4498 2239 4539 manus.

349 4567 631 4643 Ἐϐδομον.
662 4570 749 4625 Ἐν
791 4570 1075 4644 βάπτισμα
1114 4573 1365 4645 Φράγγων
1395 4578 1485 4625 καὶ
1525 4580 1779 4647 Γραιχων.
2066 4572 2113 4629 S

2066 4572 2353 4642 Septima.
2392 4573 2699 4646 Baptisms.
2730 4576 3120 4642 Francorum,
3151 4589 3258 4631 seu
3288 4574 3658 4646 Latinorum,

1998 4668 2053 4717 et
2085 4664 2448 4729 Graecorum,
2481 4668 2570 4721 est
2598 4678 2788 4719 unum
2818 4668 2876 4719 et
2901 4663 3085 4719 idem.

352 4744 603 4818 Ὄγδοον,
656 4748 715 4801 Ὀ
768 4747 1037 4810 ἀπολύσας
1084 4754 1178 4807 τὴν
1230 4756 1454 4820 γυναῖκα
1507 4750 1667 4803 αὐτοῦ
1698 4757 1768 4823 μὴ
1802 4752 1888 4804 ἐπὶ
2072 4752 2116 4807 Ο

2072 4752 2299 4808 Octava
2313 4796 2326 4809 .
2359 4752 2469 4818 Qui
2495 4768 2745 4808 uxorem
2766 4752 3047 4825 repudiat
3065 4768 3289 4825 proper
3311 4752 3493 4810 aliam
3518 4768 3659 4810 cau-

276 4842 493 4910 πορνείᾳ
542 4837 571 4895 ἡ
623 4842 861 4909 γνμησας
901 4837 1080 4906 ἀλλην,
1122 4844 1212 4891 καὶ
1263 4842 1392 4911 μετά
1443 4840 1598 4912 λόγου
1653 4847 1888 4917 πορνείας
1998 4858 2040 4896 St

1998 4857 2130 4897 sam
2151 4857 2341 4914 quam
2364 4847 2609 4915 propter
2623 4841 3104 4909 fornicationem,
3120 4842 3208 4899 vel
3222 4841 3327 4915 qui
3345 4842 3662 4915 repudiata

277 4926 383 4979 ἀπό
414 4935 505 4987 τῆς
530 4932 744 5002 πρώτης
772 4926 1023 4995 ἀποστὰς,
1057 4934 1339 5001 μοιχᾶται.
2000 4948 2037 4986 ιι

2000 4947 2184 4986 uxore
2208 4938 2453 5003 promer
2481 4931 2960 4997 fornicationem,
2994 4931 3179 4995 aliam
3206 4930 3324 4989 sibi
3352 4933 3659 4990 matrimo-

1998 5021 2101 5076 nio
2130 5022 2350 5092 jungit,
2379 5020 2474 5077 ille
2505 5021 2865 5077 moechatur.
3581 5085 3586 5089 _

349 5104 609 5158 Ἐννατον.
644 5105 702 5158 Ὀ
750 5109 987 5181 Χριστὸς
1038 5108 1193 5180 ἄρτον
1241 5107 1437 5180 οἰξυμον
1487 5105 1676 5162 ἔδωκεν
1720 5109 1768 5162 ἐν
1818 5121 1890 5182 τῷ
2056 5112 2113 5167 Ν

2056 5112 2248 5167 Νοηα.
2267 5111 2533 5167 Christus
2547 5112 2607 5166 in
2627 5114 2809 5168 Coena
2819 5110 2986 5167 dedit
2996 5125 3222 5183 panem
3234 5127 3521 5183 azymum
3537 5112 3665 5169 sine

278 5200 477 5265 Δείπνῳ
488 5238 501 5249 .
2000 5201 2042 5257 fe

2000 5201 2313 5257 fermento.

352 5289 595 5340 Δέκατον,
654 5289 821 5337 Μόνον
880 5286 904 5335 ό
961 5284 1109 5355 λόγος
1155 5292 1245 5337 τοῦ
1286 5294 1544 5359 Χριστοῦ,
1590 5312 1615 5335 ιι
1674 5286 1888 5354 Λάϐετε,
2078 5292 2116 5345 Ζ]

2078 5292 2339 5346 Decima.
2366 5288 2503 5345 Sola
2524 5290 2707 5346 verba
2728 5290 2937 5346 Christi
2963 5307 2975 5345 :
3000 5312 3027 5341 ‹‹
3049 5290 3332 5363 Accipite,
3346 5292 3666 5360 comedite,

277 5376 485 5445 φάγετε.
514 5374 666 5425 τοῦτό
693 5370 809 5425 ἐστι
838 5377 897 5424 τό
932 5376 1083 5446 σῶμά
1111 5393 1233 5445 μου,
1270 5398 1297 5424 ››
1328 5376 1517 5428 τέλειον
1551 5386 1704 5449 σῶμα
1733 5386 1889 5441 ποιεῖ,
2001 5379 2041 5435 h

2001 5379 2117 5435 hoc
2150 5385 2240 5435 est
2263 5394 2482 5450 corpus
2509 5394 2737 5446 meum,
2774 5402 2795 5429 ι
2822 5380 3156 5436 conficiunt
3187 5395 3410 5453 corpus
3434 5382 3666 5447 Christi.

275 5468 370 5515 καὶ
401 5460 651 5534 οόνῖαμὼς
682 5472 772 5514 τού
808 5468 1191 5536 Χρυσοστόμον
1222 5466 1252 5522 ἡ
1284 5465 1418 5537 εὐχὴ
1453 5468 1482 5524 ἡ
1507 5466 1754 5539 λέγουσα,
1795 5473 1894 5522 Καὶ
2007 5485 2039 5525 n

2007 5469 2286 5541 nuspiam
2320 5484 2463 5524 vero
2500 5468 2692 5525 oratio
2724 5474 2779 5526 et
2832 5468 3075 5539 liturgia
3126 5469 3561 5543 Chrysostomi,
3609 5473 3670 5532 in

276 5558 503 5610 ποίησον
534 5557 619 5604 τόν
649 5556 739 5625 μὲν
766 5551 920 5628 ἄρτον
951 5560 1155 5610 τοῦτον,
2009 5574 2040 5630 q

2009 5574 2134 5631 qua
2160 5557 2395 5629 dicitur,
2433 5561 2496 5614 Et
2523 5558 2616 5614 fac
2641 5559 2802 5614 hunc
2827 5574 3068 5631 panem,
3104 5563 3216 5615 etc.

351 5731 434 5798 (a)
469 5731 770 5801 Lemoine,
816 5733 1000 5790 Varia
1028 5748 1232 5795 sacra.
1268 5738 1413 5790 tom.
1453 5740 1494 5790 Ι.
