4468 6440
819 424 922 479 4⁸71

2004 424 2356 485 MANUELIS
2394 425 2615 485 HAGNI
2650 425 2994 484 RHETORIS

4077 428 4185 483 L72

840 552 4183 576 m

1722 691 2321 783 ΑΠΟΛΟΓΙΑ
2381 696 2581 783 ΚΑΙ
2640 694 3274 783 ΑΝΑΤΡΟΠΗ

2222 860 2357 906 ΤΩΝ
2401 856 2792 907 ΚΕΦΑΛΑΙΩΝ

1577 1016 1856 1129 ΤΟΥ
1933 1016 2327 1131 ΦΡΑΡ
2407 1015 3430 1133 ΦΡΑΤΖΗΣΚΟΥ

1734 1261 2543 1381 APOLOGIAET
2614 1289 3287 1383 BEFUTATIO

2355 1464 2655 1521 CAPITUM

1544 1584 2336 1709 FRATRIS
2474 1589 3450 1714 FRANCISCI

817 1885 1069 1942 Manuel
1114 1900 1370 1957 magnus
1404 1887 1611 1944 rhetor
1664 1866 1908 1958 Magnae
1940 1890 2220 1959 ecclesiae,
2288 1892 2479 1961 fratri
2503 1894 2550 1947 A

2412 1893 2550 1948 triA
2590 1893 2838 1952 Μανουὴλ
2903 1896 2929 1946 ὁ
3012 1897 3175 1967 μέγας
3233 1895 3408 1969 ῥητωρ
3492 1902 3586 1956 τῆς
3664 1892 3905 1965 Μεγάλης
3984 1888 4176 1948 ἐκκλη-

889 1974 1217 2033 Francisco
1236 1976 1635 2045 prcedz’catori
1666 1979 1877 2034 veteris
1909 1979 2128 2048 Romae,
2159 1980 2437 2039 salutem.

889 2152 1120 2225 Scripta
1169 2156 1274 2211 tua
1328 2154 1583 2227 epistola
1629 2155 1709 2212 ad
1752 2173 1865 2213 nos
1896 2157 2163 2230 pervenit
2200 2162 2257 2215 et
2295 2157 2475 2215 simul

817 2242 1044 2316 ubique
1067 2248 1184 2299 tuae
1209 2244 1427 2301 mentis
1452 2245 1830 2316 exiguitatem
1856 2247 2139 2319 prodidit,
2171 2252 2292 2304 tam
2313 2248 2473 2304 circa

816 2330 954 2399 alia,
990 2347 1178 2405 quam
1228 2333 1386 2389 circa
1433 2335 1891 2406 grammaticam
1940 2337 2249 2405 Graecam;
2308 2352 2472 2393 erras

815 2421 977 2476 enim
1007 2422 1068 2477 in
1108 2421 1493 2493 dictionibus,
1524 2422 1751 2491 litteris,
1785 2429 1842 2481 et
1871 2424 2242 2493 accentibus,
2277 2430 2335 2482 et
2365 2425 2471 2483 de-

813 2510 1008 2567 claras
1027 2511 1089 2568 id
1109 2513 1276 2584 quod
1304 2517 1394 2569 est
1420 2512 1599 2584 longe
1629 2531 1665 2571 a
1694 2530 1840 2571 vera
1864 2515 2162 2585 theologia
2187 2516 2469 2573 constitu-

814 2605 963 2659 tum.
996 2604 1059 2657 In
1091 2602 1315 2674 scripto
1343 2602 1569 2675 quippe
1604 2608 1705 2660 tuo
1731 2604 1932 2677 capita
1983 2605 2383 2672 continentur,
2416 2611 2473 2663 et

810 2690 1097 2764 quaedam
1127 2691 1511 2764 problemata
1534 2693 1836 2751 multoties
1861 2695 1991 2766 jam
2021 2695 2263 2766 agitata,
2293 2700 2349 2753 et
2376 2712 2472 2752 ex-

808 2780 1069 2853 plorata,
1099 2780 1199 2837 illa
1222 2797 1365 2837 vero
1396 2781 1674 2838 inscribis
1708 2783 2134 2841 Conclusiones
2183 2784 2469 2855 theologi-

810 2886 936 2935 cas,
991 2887 1130 2927 cum
1176 2871 1292 2927 sint
1320 2872 1520 2944 potius
1550 2873 1874 2930 cacodoxa:
1906 2878 1964 2931 et
2006 2875 2305 2948 pessimis,
2336 2881 2393 2933 et
2435 2893 2472 2934 a

807 2960 1053 3017 veritate
1106 2965 1164 3017 et
1212 2966 1373 3017 recta
1417 2960 1692 3018 doctrina
1739 2963 1979 3035 penitus
2035 2963 2267 3021 alienae.
2327 2966 2473 3023 Con-

806 3051 999 3107 clusio
1021 3052 1202 3119 enim,
1252 3056 1313 3107 ut
1339 3052 1453 3108 hoc
1479 3052 1670 3109 obiter
1710 3052 1929 3125 dicam,
1955 3058 2044 3111 est
2081 3056 2164 3110 rei
2190 3055 2469 3113 determi-

804 3145 963 3197 nata
993 3145 1050 3197 et
1074 3140 1498 3198 demonstratae
1519 3142 1819 3213 probatio.
1848 3147 1978 3199 lstze
2006 3159 2146 3199 vero
2168 3148 2285 3199 tuas
2305 3161 2468 3218 quaa-

806 3228 1031 3285 stiones
1061 3235 1201 3286 sunt
1230 3230 1429 3302 potius
1460 3231 1844 3299 assertiones,
1897 3232 2094 3289 theses
2135 3233 2381 3306 iniquae,
2413 3240 2471 3292 et
2497 3245 2538 3299 Β

804 3319 1251 3391 propositiones
1285 3319 1502 3376 mentis
1529 3335 1655 3376 non
1686 3320 1802 3376 sibi
1850 3321 2203 3377 cohaerentis
2231 3328 2288 3379 et
2315 3323 2471 3381 deci-

804 3408 1041 3481 pientis,
1073 3424 1209 3481 quaa
1236 3408 1599 3465 sufﬁcienter
1629 3414 1889 3467 tractata
1928 3415 2088 3476 sunt,
2139 3412 2465 3481 multoties,

803 3502 865 3555 et
886 3498 1067 3554 variis
1121 3498 1495 3572 diversisque
1522 3500 1918 3571 temporibus,
1950 3505 2076 3557 tam
2106 3517 2143 3557 a
2176 3503 2468 3559 veteribus

803 3602 988 3660 quam
1011 3588 1442 3645 recentioribus
1463 3588 1681 3645 divinis
1698 3590 2069 3657 hominibus,
2093 3591 2354 3663 perfecta
2377 3609 2469 3649 sa-

800 3677 1031 3749 pientia
1059 3681 1114 3734 et
1163 3678 1475 3734 sanctitate
1505 3678 1732 3735 ornatis
1786 3684 1843 3735 et
1885 3681 2357 3751 praestantibus;
2410 3688 2467 3740 et

801 3769 869 3821 ut
916 3765 1297 3838 blasphema,
1352 3767 1652 3823 contraria
1708 3772 1764 3823 et
1812 3769 2091 3840 opposita
2143 3769 2261 3842 ipsi
2313 3771 2465 3827 veri-

802 3853 1220 3921 tati,nimirum
1243 3855 1475 3911 Christo
1506 3858 1625 3911 Deo
1646 3860 1869 3925 nostro,
1895 3856 2221 3929 reprobata
2250 3863 2390 3915 sunt
2411 3863 2470 3917 et

802 3942 1043 4014 rejecta.
1102 3946 1453 4017 Quaproper
1499 3960 1611 4001 nos
1669 3945 1885 4001 armati
1924 3945 2057 4003 luce
2107 3947 2371 4004 veritatis
2409 3952 2468 4005 et

803 4047 957 4088 verae
985 4032 1319 4104 theologias.

875 4305 1061 4359 Tuam
1082 4301 1343 4375 primam
1360 4302 1757 4375 quiestionem
1782 4318 1918 4376 quae
1939 4304 2150 4361 asserit
2183 4305 2465 4378 Spiritum

806 4396 1087 4449 sanctum
1109 4391 1433 4464 procedere
1455 4409 1491 4449 a
1515 4395 1681 4449 Patre
1708 4400 1764 4449 et
1792 4392 1930 4449 Filio
1956 4393 2384 4467 blasphemam
2413 4400 2470 4452 et

803 4482 1149 4540 hiereticam
1172 4481 1553 4538 declaramus
1578 4485 1675 4552 (1).
1713 4486 1841 4539 Non
1872 4484 2033 4539 enim
2057 4485 2118 4540 in
2148 4485 2468 4554 Evangiliis

807 4573 1099 4631 Dominus
1129 4572 1214 4629 sic
1240 4571 1526 4645 loquitur,
1562 4573 1670 4629 sed
1699 4572 1869 4629 illum
1900 4588 1972 4629 ex
2004 4574 2176 4630 Patre
2230 4580 2465 4632 tantum
2498 4601 2539 4655 ο

804 4662 1152 4737 procedere,
1196 4661 1303 4719 ubi
1343 4661 1523 4718 dicit:
1558 4684 1587 4712 α
1632 4664 1781 4720 Cum
1835 4664 2062 4719 venerit
2128 4665 2467 4722 Paracletus

804 4770 991 4828 quem
1016 4769 1129 4825 ego
1158 4752 1332 4809 vobis
1363 4752 1597 4810 mittam
1629 4768 1665 4809 a
1699 4755 1891 4822 Patre,
1925 4754 2179 4826 Spiritus
2206 4755 2466 4812 veritatis

805 4844 976 4918 quia
1027 4846 1196 4901 Patre
1228 4842 1519 4916 procedit,
1572 4842 1670 4899 ille
1709 4843 1784 4899 de
1826 4859 1925 4900 me
1975 4842 2292 4901 testabitur
2322 4847 2338 4880 ¹
2388 4861 2402 4913 ;
2437 4867 2466 4897 »

805 4934 1014 4992 missio
1036 4950 1180 4992 vero
1211 4938 1267 4991 et
1295 4933 1603 5005 processio
1631 4948 1756 4989 non
1787 4937 1929 4990 sunt
1956 4934 2139 4991 idem.
2164 4936 2467 4993 Processio

805 5026 967 5083 enim
1015 5025 1303 5098 importat
1339 5024 1592 5080 modum
1625 5028 1682 5079 et
1710 5030 2069 5098 conceptum
2086 5025 2463 5091 exsistentiae,

805 5117 1019 5173 missio
1073 5131 1214 5172 vero
1250 5114 1613 5185 legationem
1659 5118 1715 5170 et
1760 5114 2165 5187 apostolatum
2205 5120 2367 5171 nota.
2401 5118 2466 5173 Et

805 5204 1145 5265 secundum
1173 5204 1620 5278 processionem
1650 5204 1901 5276 Spiritus
1932 5208 2176 5260 sanctus
2206 5220 2279 5260 ex
2334 5220 2462 5277 per-

803 5312 956 5354 sona
969 5296 1154 5353 Patris
1164 5298 1458 5366 tanquam
1472 5310 1542 5349 ex
1558 5309 1742 5350 causa
1757 5294 2103 5350 immediate
2120 5294 2301 5351 habet
2313 5310 2463 5363 esse,

804 5385 1145 5444 secundum
1189 5383 1545 5441 missionem
1597 5399 1741 5440 vero
1788 5383 1962 5441 Filius
2006 5388 2061 5441 et
2114 5386 2285 5441 Pater
2342 5400 2465 5443 una

801 5478 1049 5537 mittunt
1097 5474 1381 5549 Spiritum
1413 5473 1863 5531 sanctissimum
1902 5474 1963 5530 in
2010 5473 2217 5531 fideles
2248 5478 2305 5532 et
2359 5490 2463 5533 eos

870 5662 886 5695 ¹
919 5660 1092 5716 Joan.
1118 5670 1190 5713 xv
1212 5691 1231 5721 ,
1260 5656 1349 5710 26.

870 5748 947 5822 (t)
987 5744 1165 5806 Vides
1196 5746 1537 5804 Graecorum
1559 5740 1885 5803 insaniam.

2660 1987 2774 2045 σίας
2832 1986 2964 2059 φράρ
3021 1987 3348 2057 Φρατζήσκῳ
3401 1991 3473 2055 τῷ
3532 1980 3902 2059 Πρεδικατορῳ
3962 1979 4184 2041 παλαιᾶς

2654 2070 2853 2145 Ῥώμης
2881 2078 3110 2149 χαίρειν.

2652 2164 2721 2214 Τὸ
2780 2160 3107 2215 ἐπιστολαῑόν
3177 2170 3271 2216 σοῦ
3353 2165 3484 2238 πρὸς
3549 2164 3684 2235 ἡμᾶς
3741 2159 3884 2213 ἕλθὸν
3961 2159 4183 2233 γράμμα

2586 2245 2825 2321 δέδειχεν
2893 2249 3217 2323 ἀμωσγέπως
3285 2271 3344 2324 γε
3417 2256 3476 2305 τό
3564 2270 3619 2304 τε
3686 2249 4023 2324 βραχύτατον
4087 2254 4181 2309 τῆς

2582 2334 2815 2400 διανοίας
2864 2347 2955 2400 τῆς
3010 2347 3110 2413 σῇς
3165 2344 3293 2415 πρὸς
3350 2360 3405 2393 τε
3454 2342 3523 2393 τὰ
3582 2338 3734 2407 ἄλλα,
3782 2344 3875 2391 καὶ
3911 2340 4042 2410 πρὸς
4088 2341 4182 2395 τὴν

2579 2427 2696 2480 καθ’
2750 2427 3001 2492 Ἕλληνας
3055 2434 3445 2505 γραμματικήν·
3500 2432 3550 2482 ἓν
3602 2448 3657 2482 τε
3702 2431 3804 2503 γὰρ
3861 2426 4025 2490 λέξεσι
4093 2430 4184 2478 καὶ

2581 2514 2989 2589 ἀντιστοιχείοις
3037 2523 3127 2571 καὶ
3179 2515 3501 2595 προσωδίαις
3559 2517 3869 2591 ἐσφαλμένον
3913 2515 4046 2585 ἔστι,
4094 2519 4185 2567 καὶ⁹

2579 2608 2638 2658 τὸ
2702 2605 2878 2682 πόρρω
2951 2604 3121 2666 δηλῶν
3205 2610 3522 2662 καθεστάναι
3579 2617 3674 2669 τῆς
3740 2606 3961 2667 ἀληθοῦς
4018 2603 4183 2658 θεολο-

2578 2701 2722 2768 γίας.
2794 2700 2872 2750 Τά
2933 2701 3031 2774 γὰρ
3097 2697 3145 2751 ἐν
3206 2698 3347 2771 αὐτῷ
3405 2697 3680 2771 κεφάλαια,
3741 2698 4042 2770 ζητήματα,
4092 2698 4183 2747 καὶ

2577 2785 2920 2861 προϐλήματα
2998 2789 3140 2858 ὄντα,
3199 2793 3290 2840 καὶ
3363 2796 3463 2840 τῶν
3548 2788 3866 2860 ζητημάτων
3932 2784 4182 2846 πολλάκις

2581 2871 3095 2948 διακωὸωνισθίντα,
3157 2876 3459 2952 ἐπιγράφεις
3531 2877 3668 2930 αῦτά
3736 2878 4178 2951 συμπεράσματα,

2578 2971 2669 3019 καὶ
2713 2963 2992 3038 ὀρθόδοξα,
3039 2963 3308 3030 κακόδοξα
3357 2966 3549 3038 μᾶλλον
3598 2971 3740 3037 ὄντα,
3780 2970 3871 3019 καὶ
3897 2974 3995 3027 τῆς
4025 2964 4178 3039 ὀρθο-

3806 3060 3904 3109 Kui
3971 3054 4053 3108 rei
4120 3072 4181 3125 γε

2584 3148 2940 3218 συμπέρασμα
2992 3144 3153 3213 ἐστιν,
3222 3149 3290 3209 ὡς
3354 3146 3405 3199 ἐν
3464 3149 3609 3217 τύπῳ
3676 3145 3852 3212 εἰπεῖν,
3915 3142 4181 3216 ἀπόφασις

2582 3229 2932 3309 διωρισμένου
2985 3239 3075 3287 καὶ
3126 3231 3570 3307 ἀποδεδειγμένου
3620 3236 3944 3309 πράγματος.
4002 3239 4182 3285 Ταῦτα

2582 3319 2641 3375 δὲ
2669 3326 2736 3375 τὰ
2768 3323 3047 3396 ζητήματα
3095 3323 3237 3391 ὄντα,
3286 3323 3477 3397 μᾶλλον
3525 3320 3585 3377 δε
3617 3325 3780 3383 θέσεις
3829 3324 3859 3381 ἦ
3911 3323 4182 3393 προθέσεις

2579 3414 2824 3485 ἄθεσμοι,
2883 3418 2974 3465 καὶ
3028 3415 3305 3486 προτάσεις
3361 3410 3599 3475 διανοίας
3664 3411 4048 3484 ἀσυλλογίστοῦ
4090 3415 4183 3463 καὶ

2578 3506 2916 3575 κακόφρονος,
3004 3499 3295 3574 ἀρκούντως
3383 3500 3837 3577 ἐτρακταίσθησαν
3932 3498 4183 3562 πολλάκις

2578 3596 2668 3643 καὶ
2733 3590 3004 3663 πολλαχοῦ
3049 3592 3150 3644 ὑπὸ
3205 3590 3404 3645 πολλῶν
3451 3596 3542 3644 καὶ
3585 3586 3849 3666 διαφόρων
3900 3588 4024 3643 ἑτῶν
4075 3590 4179 3641 ὑπό

2576 3699 2631 3732 τε
2681 3679 2911 3732 παλαιῶν
2955 3684 3045 3733 καὶ
3072 3684 3193 3733 νέων
3252 3683 3398 3734 θείων
3430 3677 3654 3753 ἀνδρῶν,
3714 3680 3880 3752 τελείᾳ
3931 3683 4089 3751 σοφίᾳ
4124 3696 4180 3730 τε

2576 3773 2667 3822 καὶ
2732 3768 2999 3842 ἀγίωσῦνῃ
3080 3774 3500 3844 κεκοσμημένων,
3568 3774 3659 3822 καὶ
3750 3770 3817 3830 ὡς
3885 3767 4181 3841 βλάσφημα

2576 3863 2661 3911 καὶ
2746 3864 2841 3917 τὴν
2908 3858 3206 3912 ἐναντίωσιν
3272 3860 3553 3931 εἰσάγοντα
3616 3866 3891 3934 προφανῶς
3954 3861 4045 3909 καὶ
4111 3865 4174 3929 τῇ

2578 3948 2926 4021 αὐτοαληθείᾳ
2987 3956 3202 4025 Χριστῷ
3260 3958 3333 4020 τῷ
3393 3957 3506 4020 Θεῷ
3580 3948 3727 4021 ἡμῶν
3789 3947 4176 4022 ἁντιφερόμενα,

2578 4034 3087 4112 ἀπεδοκιμάσθησάν
3130 4058 3182 4091 τε
3228 4043 3317 4091 καὶ
3366 4037 3745 4115 ἀπερρίφησαν,
3780 4033 3866 4090 διὸ
3914 4042 4003 4089 καὶ
4033 4038 4181 4109 ἡμεῖς

2577 4128 3002 4201 καθωπλισμένοι
3045 4128 3179 4191 ὄντες
3222 4137 3295 4201 τῷ
3346 4136 3444 4189 τῆς
3509 4126 3754 4190 ἀληθείας
3819 4132 3911 4179 καὶ
3959 4125 4181 4188 ἀληθοῦς

2581 4218 2849 4290 θεολογίας
2880 4237 3031 4290 φωτι.

2650 4312 2719 4361 Τὸ
2751 4312 2953 4381 πρῶτόν
3004 4328 3099 4361 σου
3150 4309 3382 4381 ζήτημα,
3440 4307 3584 4379 λέγον
3645 4310 3726 4359 ὅτι
3765 4309 3823 4359 τὸ
3873 4312 4082 4377 Πνεῦμα
4120 4306 4180 4357 τὸ

2579 4399 2725 4471 ἂγιον
2772 4397 2826 4450 ἐκ
2874 4405 2967 4451 τοῦ
3023 4401 3227 4473 Πατρός
3281 4402 3371 4450 καὶ
3418 4400 3543 4450 Υὶοῦ
3596 4395 3949 4469 ἐκπορεύεται,
4011 4393 4181 4467 βλάσ-

2581 3051 2760 3117 δοξίας
2826 3061 2915 3108 καὶ
2972 3054 3211 3117 ἀληθείας
3286 3055 3718 3111 ἀποπεπτωκότα.

2580 4507 2747 4561 φημον
2795 4492 2884 4540 καὶ
2933 4490 3190 4559 αἱρετικὸν
3245 4486 3654 4559 ἀποφαινόμεθα.
3706 4485 3765 4538 Ὀ
3831 4487 3929 4559 γαρ
3989 4486 4181 4555 Κύριος

2579 4581 2725 4650 ἡμῶν
2778 4576 2825 4629 ἐν
2857 4577 3189 4648 Εῦαγγελίοις
3236 4576 3330 4629 οῦκ
3389 4577 3523 4629 οὕτω
3557 4580 3735 4648 φησιν,
3783 4573 3893 4627 ἀλλ’
3936 4572 3990 4626 ἔκ
4020 4577 4179 4644 μόνου

2540 4675 2669 4720 ,τοῦ
2724 4671 2928 4742 Πατρός
2959 4668 3005 4719 εν
3050 4674 3128 4727 οἱς
3173 4666 3329 4739 λέγει·
3388 4688 3416 4715 ‹‹
3461 4664 3622 4718 Ὀταν
3677 4662 3736 4718 δε
3779 4665 3901 4737 ἔλθῃ
3935 4664 3962 4716 ὁ
4006 4663 4181 4737 Παροί⁸

2578 4756 2785 4827 κλητος,
2838 4759 2892 4809 ὃν
2940 4756 3040 4828 ἐγὼ
3087 4754 3277 4828 πέμψω
3326 4753 3447 4828 ὑμῖν
3501 4757 3645 4831 παρὰ
3695 4760 3791 4807 τοῦ
3839 4755 4061 4825 Πταρός,
4120 4754 4178 4804 τὸ

2580 4853 2790 4919 Πνεῦμα
2830 4853 2926 4907 τῆς
2968 4843 3234 4912 ἀληθείας,
3279 4846 3305 4898 ὃ
3348 4848 3491 4919 παρά
3542 4851 3635 4897 τοῦ
3686 4847 3888 4919 Πατρός
3937 4842 4179 4917 ἐκπορεύ-

2579 4956 2708 5003 εται,
2763 4936 2945 4997 ἐκεῖνος
2991 4941 3333 5010 μαρτυρήσει,
3380 4940 3499 5010 περὶ
3554 4935 3699 5008 ἐμοῦ.
3763 4955 3791 4983 ››
3857 4931 4066 5005 Πίμψις
4121 4927 4180 4984 δι

2576 5030 2667 5078 καί
2714 5025 3020 5094 ἑκπὸρευσις
3078 5025 3137 5078 οῦ
3186 5025 3396 5078 ταύτόν·
3457 5027 3487 5084 ἡ
3557 5028 3647 5097 μέν
3710 5025 3813 5098 γὰρ
3873 5022 4179 5096 ἱκπόρευσις

2577 5117 2767 5168 ἔννοιαν
2820 5114 3086 5185 ὑπάρξεως
3146 5114 3365 5185 εἰσάγει,
3432 5115 3462 5171 ἡ
3524 5111 3584 5167 δὲ
3642 5112 3835 5185 πίμψις
3882 5109 4181 5171 ἀποστολῆς

2575 5211 2665 5258 καί
2715 5207 2853 5258 κατὰ
2898 5208 2988 5277 μὲν
3044 5209 3137 5264 τὴν
3187 5204 3491 5279 ἐκπόρευσιν
3549 5207 3605 5257 τὸ
3660 5210 3869 5276 Πνεῦμα
3920 5204 3979 5255 τὸ
4030 5197 4180 5272 ἅγιον

2577 5296 2631 5349 ἐκ
2660 5304 2755 5356 τῆς
2797 5302 3059 5369 πατρικῆς
3088 5294 3428 5355 ῦποστασεως
3483 5296 3552 5356 ὡς
3618 5292 3705 5345 ἀπ’
3753 5292 3925 5355 αἰτίας
3973 5289 4180 5363 ἀμέσως

2576 5385 2688 5457 ἔχει
2735 5389 2793 5438 τὸ
2834 5382 2984 5438 εἶναι’
3034 5388 3170 5437 κατά
3214 5382 3274 5438 δὲ
3321 5389 3416 5443 τὴν
3445 5384 3643 5456 πέμψιν
3673 5384 3699 5435 ὁ
3767 5387 3887 5445 Υίος
3944 5399 4179 5434 συναπο-

2576 5474 2772 5529 στελλει
2815 5483 2888 5548 τῷ
2939 5479 3109 5551 Πατρί
3147 5478 3206 5528 τὸ
3254 5494 3508 5547 παναγιον
3584 5481 3796 5547 Πνεῦμα
3869 5474 4000 5548 πρὸς
4060 5472 4181 5531 τοῦς
