4468 6440
326 449 428 504 673

1831 438 2191 498 APOLOGIA

3579 443 3686 503 474

327 573 543 631 πιστοὺς
587 570 678 621 καὶ
724 569 847 628 τοὺς
897 571 994 627 τῆς
1043 564 1264 640 χάριτος
1333 563 1494 617 αὐτοῦ
1549 563 1745 628 ἀξίους.
1815 564 1930 618 Ἐπὶ
1959 569 2005 620 Α
2041 579 2091 638 (Γ

1923 586 1930 617 '.
1959 569 2005 620 Α
2041 565 2146 638 qui
2175 569 2314 622 sunt
2334 563 2501 636 digni
2531 565 2725 635 gratia
2752 581 2884 624 sua.
2908 569 2973 623 In
2997 565 3188 624 tribus
3211 567 3488 641 personis
3507 569 3687 626 unica

327 668 440 721 ταῖς
487 663 659 730 τρισὶν
689 657 1019 709 ὑποστάσεσι
1066 659 1164 726 μία
1208 653 1322 706 ίστὶ
1353 652 1517 726 βουλὴ
1569 658 1658 706 καὶ
1709 650 1932 726 δύναμις

328 754 416 801 xui
488 747 732 822 ἐνέργεια,
778 747 843 805 ὡς
912 748 1009 816 μία
1069 743 1226 795 οὐσία
1271 749 1345 813 τῷ
1411 741 1617 817 ἀριθμῷ
1681 747 1770 795 καὶ
1835 747 1933 814 μία

331 839 527 898 θεότης.
568 836 720 888 Ὃθεν
779 838 868 886 καὶ
925 836 983 884 τό
1041 839 1250 904 Πνεῦμα
1309 835 1367 883 τό
1422 832 1566 902 ἅγιον
1634 831 1932 884 ἀποστέλλει

325 930 409 978 τόν
440 927 556 980 Υἱόν
585 927 722 977 κατὰ
757 927 852 981 τὴν
910 926 1173 996 χρονικήη
1231 925 1492 992 γέννησιν,
1525 922 1595 982 ὡς
1638 919 1686 972 ἕν
1733 919 1933 994 Ἠσαίᾳ

326 1018 616 1088 γέγραπται
670 1021 743 1084 τῷ
790 1016 1054 1086 προφήτῃ·
1108 1031 1136 1059 ‹‹
1184 1017 1393 1082 Πνεῦμα
1443 1014 1638 1082 Κυρίου
1687 1009 1767 1062 ἔπ’
1822 1009 1929 1082 ἔμε,

324 1101 383 1154 οῦ
443 1104 621 1158 εἵνεκεν
676 1104 861 1174 ἔχρισί
909 1119 991 1172 με,
1063 1098 1498 1170 εὐαγγελίσασθαι
1536 1093 1776 1170 πτωχοῖς
1806 1097 1930 1152 απί-

327 1190 516 1244 σταλκέ
554 1210 636 1262 με·
690 1208 720 1242 ι
768 1191 902 1241 ὥστε
945 1192 1105 1260 μόνου
1155 1189 1184 1245 ἠ
1237 1195 1328 1240 τοῦ
1381 1191 1586 1261 Πατρός
1638 1189 1931 1250 ὑπόστασις

323 1281 418 1332 οῦκ
469 1279 855 1344 ἀποστέλλεται,
905 1279 974 1339 ὡς
1019 1278 1145 1352 ῥίζα
1191 1282 1279 1328 xui
1327 1281 1472 1348 πηγή
1521 1285 1614 1338 τῆς
1660 1277 1921 1338 θεότητοςο

323 1370 352 1426 ἡ
407 1365 466 1421 δὲ
525 1375 616 1421 τοῦ
664 1371 788 1420 Υἰοῦ
840 1371 930 1418 καὶ
988 1373 1080 1418 τοῦ
1150 1367 1442 1438 Πνεύματος
1504 1363 1737 1424 ἀλλήλοις
1803 1363 1931 1416 ἀπο-

324 1457 618 1510 στέλλονται
664 1465 724 1529 τῇ
772 1462 862 1508 τοῦ
911 1458 1117 1529 Πατρός
1163 1450 1398 1526 εὐδοκία,
1449 1455 1474 1506 6
1514 1457 1604 1526 μεν
1635 1454 1755 1515 Υἱός
1798 1456 1932 1505 κατὰ

319 1552 414 1603 την
444 1551 700 1620 χρονικὴν
730 1549 987 1616 γέννησιν,
1042 1547 1102 1596 τό
1135 1540 1193 1596 δε
1245 1550 1452 1616 Πνεῦμα
1499 1547 1557 1595 τό
1607 1544 1772 1614 ἅγιοι
1800 1545 1932 1594 κατὰ

319 1640 412 1694 τὴν
473 1639 728 1708 χρονικὴν
777 1632 1024 1709 πρόοδον,
1083 1638 1169 1684 xui
1225 1638 1316 1691 τὴν
1387 1633 1455 1693 εἰς
1525 1636 1640 1692 τοῦς
1710 1636 1932 1692 πιστοὺς

319 1723 674 1797 ὶπιφοίτησιν·
726 1724 784 1776 οῦ
829 1729 926 1796 μὴν
980 1726 1117 1775 κατὰ
1173 1727 1265 1780 τὴν
1323 1721 1549 1794 ἄχρονον
1599 1720 1792 1779 ἐκείνην
1849 1725 1928 1774 ἐκ·

319 1821 590 1889 πόρευσιν,
635 1820 728 1872 τὴν
779 1814 980 1886 ἁμέσως
1029 1812 1083 1864 ἐκ
1131 1820 1226 1873 τῆς
1280 1819 1542 1885 πατρικῆς
1590 1813 1930 1871 ὑποστάσεως

2041 658 2128 710 est
2164 654 2462 725 voluntas,
2507 655 2685 712 unica
2740 655 2949 724 virtus,
3007 657 3187 713 unica
3244 661 3333 713 est
3396 657 3686 730 operatio,

2040 741 2192 798 sicut
2231 743 2410 799 unica
2467 759 2721 800 numero
2761 745 3040 813 essentia,
3082 750 3138 801 et
3176 745 3356 801 unica
3385 744 3685 804 divinitas.

2041 831 2206 888 Unde
2232 831 2296 888 fit
2326 836 2391 888 ut
2422 833 2676 905 Spiritus
2715 839 2959 890 sanctus
2998 835 3194 891 mittat
3232 833 3441 890 Filium
3479 850 3688 891 secun-

2039 920 2187 977 dum
2226 923 2622 994 temporalem
2660 939 2834 980 suam
2874 924 3346 994 generationem,
3387 924 3539 980 sicut
3573 924 3689 982 hoc

2039 1009 2315 1067 scribitur
2360 1011 2522 1083 apnd
2556 1011 2769 1069 Isaiam
2807 1014 3202 1086 prophetam:
3235 1033 3264 1064 ‹‹
3299 1013 3551 1085 Spiritus
3580 1015 3689 1070 Do-

2039 1099 2186 1154 mini
2213 1103 2299 1156 est
2327 1116 2507 1172 super
2533 1116 2648 1167 me,
2679 1101 2816 1157 ideo
2845 1117 2941 1157 me
2971 1102 3152 1172 unxit,
3196 1106 3254 1158 et
3281 1102 3442 1158 misit
3481 1117 3578 1159 me
3610 1102 3690 1159 ad

2041 1188 2425 1259 Evangelium
2471 1189 2959 1247 annuntiandum
2988 1190 3484 1264 pauperibus';»
3537 1191 3690 1248 adeo

2038 1281 2104 1334 ut
2132 1277 2260 1334 sola
2291 1279 2474 1334 Patris
2501 1295 2760 1351 persona
2782 1295 2905 1336 non
2937 1281 3225 1346 mittatur,
3249 1296 3385 1336 cum
3419 1281 3492 1336 sit
3516 1279 3690 1336 radix

2040 1371 2096 1422 et
2122 1366 2256 1422 fons
2283 1366 2648 1434 divinitatis;
2695 1384 2959 1440 persona
3001 1385 3145 1426 vero
3183 1369 3303 1425 Filii
3345 1373 3402 1425 et
3429 1383 3691 1442 persona

2041 1456 2294 1527 Spiritus
2323 1457 2512 1512 sancti
2545 1457 2885 1514 alternatim
2912 1462 2969 1513 et
2997 1474 3034 1514 a
3063 1474 3126 1514 se
3164 1458 3420 1514 invicem
3450 1457 3693 1513 mittun-

2039 1549 2133 1599 tur
2165 1544 2497 1601 secundum
2515 1547 2699 1602 Patris
2724 1545 3188 1618 beneplacitum'
3216 1546 3392 1602 Filius
3439 1545 3692 1618 quidem

1980 1702 1992 1712 ἱ
2039 1633 2372 1689 secundum
2388 1634 2782 1707 temporalem
2801 1635 3270 1704 generationem,
3291 1634 3538 1706 Spiritus
3551 1648 3690 1690 san-

2039 1726 2167 1777 ctus
2198 1738 2358 1792 vero,
2384 1723 2722 1780 secundum
2747 1724 3140 1796 temporalem
3163 1738 3539 1796 processum,
3557 1722 3690 1779 etin

2037 1810 2242 1867 ﬁdeles
2266 1827 2583 1868 accessum
2608 1812 3025 1882 etadventum,
3052 1828 3174 1869 non
3195 1827 3338 1868 vero
3354 1811 3690 1868 secundum

321 1901 503 1970 οὖσαν,
545 1903 662 1955 καθ’
714 1906 774 1962 ἦν
823 1905 936 1973 ἔχει
985 1905 1043 1953 τό
1094 1902 1221 1954 εἶναι
1269 1899 1608 1974 ίκπορευτῶς,
1659 1903 1727 1960 ὡς
1769 1905 1858 1951 καὶ
1901 1901 1927 1951 6
1959 1915 1998 1968 Β
2036 1919 2084 1958 a3

1959 1915 1998 1968 Β
2036 1905 2320 1958 reternam
2348 1901 2504 1956 illius
2535 1903 3007 1974 processionem,
3040 1918 3177 1974 quas
3206 1900 3551 1956 immediate
3579 1899 3691 1956 ori-

319 1995 439 2055 Υἰός
493 1989 679 2054 αῖδίως
735 1994 848 2063 ἔχει
887 1995 945 2043 τό
1001 1988 1130 2043 εἶναι
1179 1989 1233 2042 ix
1279 1997 1374 2052 τῆς
1405 1990 1568 2051 αὐτῆς
1597 1990 1928 2050 ὑποστάσεως

321 2080 528 2153 ἁμίσως
610 2083 887 2152 γεννητῶς.
947 2081 1098 2132 Ὀθεν
1184 2084 1272 2130 καὶ
1335 2081 1360 2130 6
1449 2081 1576 2139 θεῖος
1641 2078 1928 2140 ἀπόστολος

321 2171 541 2238 Παῦλος,
587 2175 680 2228 τὴν
730 2169 784 2222 ἐκ
814 2177 902 2222 τοῦ
957 2171 1158 2242 Πατρός
1201 2165 1275 2220 δι’
1328 2170 1453 2220 Υίοῦ
1504 2175 1593 2220 τοῦ
1636 2171 1928 2240 Πνεῦματος

318 2265 574 2334 χρονικην
629 2264 717 2311 καὶ
773 2255 1124 2332 μεταδοτικὴν
1193 2255 1363 2315 δηλῶν
1431 2254 1678 2330 πρόοδον,
1745 2277 1922 2329 φησιν·

325 2348 590 2400 ι”Εσωσεν
656 2351 796 2421 ἡμᾶς
857 2349 882 2399 6
954 2350 1085 2408 Θεὸς
1143 2350 1226 2398 xui
1289 2351 1469 2416 Πατὴρ
1538 2343 1780 2404 δηλονότι
1835 2342 1928 2397 διὰ

315 2437 537 2512 λουτροῦ
619 2443 707 2490 καὶ
791 2435 1163 2498 ἁνακαινίσεως
1257 2438 1556 2508 Πνεῦματος
1637 2434 1789 2506 ἁγίου
1867 2436 1928 2487 οὗ

319 2528 516 2599 ἐξέχεεν
566 2526 640 2599 ἐφ’
689 2529 829 2599 ἡμᾶς
879 2526 1141 2587 πλουσίως
1184 2522 1275 2577 διὰ
1312 2525 1490 2582 Ἰησοῦ
1524 2532 1780 2600 Χριστοῦ,
1813 2546 1840 2574 »
1871 2525 1930 2577 Εἰ

316 2622 489 2669 τοίνυν
521 2622 895 2689 γνωριμώτερα
952 2623 1082 2667 εῖναι
1136 2611 1218 2667 δεῖ
1255 2620 1344 2666 xui
1379 2611 1515 2672 δῆλά
1544 2634 1598 2667 τε
1626 2620 1716 2666 καὶ
1765 2622 1925 2686 σαφῆ,

317 2708 418 2759 ὅσα
465 2707 596 2758 εἰσὶν
642 2706 899 2780 ἐγγυτέρω
951 2714 1050 2756 τῶν
1120 2703 1300 2779 ἀρχῶν
1357 2708 1507 2776 φύσει
1565 2707 1930 2779 φανερωτάτων

319 2796 510 2863 οὐσῶν,
545 2794 712 2869 ἀρχαι
744 2791 802 2848 δὲ
829 2795 958 2847 εἰσιν
989 2796 1113 2867 ἡμῖν
1140 2801 1235 2855 τῆς
1263 2797 1487 2855 πίστεως
1514 2797 1563 2845 οἶ
1611 2801 1703 2845 τοῦ
1736 2797 1929 2864 Κυρίου

318 2887 466 2956 ἡμῶν
513 2885 692 2942 Ἰησοῦ
749 2891 980 2956 Χριστοῦ
1027 2882 1191 2954 λόγοι,
1244 2888 1320 2943 οῖς
1350 2885 1399 2934 οἱ
1440 2881 1720 2934 ἀπόστολοι
1763 2887 1851 2933 καὶ
1883 2883 1930 2933 οἰ

321 2970 642 3026 διδάσκαλοι
703 2972 946 3044 ἀσφαλῶς
1015 2972 1251 3043 ἑπόμενοι
1320 2980 1705 3043 συμφωνοῦσιν
1777 2967 1927 3027 εὔδη-

316 3062 401 3114 λον
433 3065 511 3114 ὅτε
554 3067 643 3114 καὶ
687 3064 716 3120 ἡ
766 3061 982 3119 ἀλήθεια
1024 3047 1201 3118 καὶ⁶η
1246 3059 1466 3135 ὀρθότης
1495 3069 1595 3111 τῶν
1650 3057 1927 3131 δογμάτῶν

316 3159 408 3213 τῆς
471 3156 692 3211 πίστεως
758 3149 806 3202 ἕν
853 3148 979 3222 ἡμῖν
1030 3149 1142 3202 ἐστι
1194 3156 1284 3201 xui
1334 3149 1382 3200 ἐν
1439 3157 1500 3207 τῆ
1560 3151 1780 3222 ἡμετέρα
1831 3169 1926 3200 κα-

320 3241 499 3314 θολικῇ
536 3241 841 3312 Ἐκκλησία,
892 3245 981 3292 καὶ
1018 3248 1122 3300 τοῖς
1166 3242 1496 3310 καθηγηταῖς
1533 3245 1621 3291 καὶ
1654 3235 1926 3292 διδασκά-

315 3330 426 3392 λοις
493 3332 659 3402 ἡμῶν,
751 3334 842 3381 καὶ
907 3332 1234 3404 προστάταις
1316 3329 1494 3389 αὐτῆςθ
1565 3328 1660 3380 Ὧν
1723 3337 1928 3402 πρῶτος

317 3423 584 3480 Διονύσιος
661 3421 687 3471 6
775 3419 1150 3492 Ἀρεοπαγίτης
1229 3417 1276 3470 ἐν
1363 3415 1586 3492 δευτέρῳ
1669 3417 1928 3489 κεφαλαίῳ

315 3515 436 3584 περὶ
506 3511 767 3581 ἡνωμένης
831 3507 1094 3578 θεολογίας
1175 3513 1264 3559 καὶ
1333 3504 1730 3581 διακεκριμένης
1798 3511 1927 3578 φησί

316 3619 442 3658 πωςο
493 3597 752 3650 ’Ἄκουσον
797 3605 910 3666 τοῦ,
960 3593 1100 3649 Τάδε
1151 3596 1287 3667 λέγει
1342 3600 1553 3670 Κύριος,
1612 3598 1637 3648 6
1669 3597 1754 3666 ὢν,
1791 3593 1926 3661 όῆν,

315 3690 342 3740 6
383 3687 679 3761 ἐρχόμενος,
730 3692 820 3739 xui
867 3689 892 3738 6
942 3689 1334 3760 παντοκράτῶρ,
1385 3691 1475 3737 xui
1535 3689 1599 3737 σὺ
1659 3681 1718 3737 δὲ
1776 3685 1927 3745 αῦτός

318 3776 383 3845 εἰ,
433 3781 611 3829 καὶτὸ
662 3783 871 3848 Πνεῦμα
916 3785 1007 3836 τῆς
1057 3774 1302 3837 ἀληθείας
1348 3778 1405 3826 τό
1453 3774 1528 3839 όν,
1574 3775 1599 3826 6
1648 3777 1790 3849 παρὰ
1837 3782 1928 3826 τοῦ

319 3872 524 3940 Πατρός
579 3865 927 3938 ἐκπορεύεται.
987 3869 1088 3918 Καὶ
1139 3867 1164 3916 6
1219 3869 1382 3935 μέγας
1436 3865 1742 3926 Ἀθανάσιος
1783 3862 1831 3916 ἐν
1861 3872 1923 3936 τῇ

322 3959 447 4030 πρὸς
478 3962 776 4031 Σεραπίωνα
825 3955 986 4007 αὐτοῦ
1036 3953 1307 4026 ἐπιστολῇο
1350 3958 1553 4006 Οὔκουν
1584 3955 1750 4015 καλῶς
1806 3973 1928 4028 φρο-

315 4055 519 4108 νοῦντες
573 4051 692 4121 περὶ
739 4053 830 4098 τοῦ
891 4051 1190 4116 Πνεῦματος
1246 4051 1337 4096 τοῦ
1396 4044 1568 4116 ἁγίου,
1630 4040 1754 4096 οὐδὲ
1811 4049 1928 4116 περὶ

316 4143 409 4188 τοῦ
484 4137 610 4188 Υἰοῦ
662 4135 826 4195 καλῶς
883 4141 1177 4207 φρονοῦσιν·
1236 4133 1279 4185 εί
1321 4136 1420 4208 γὰρ
1481 4132 1718 4208 ἐγρόνουυ
1765 4133 1930 4205 ὀρθῶς

315 4231 434 4299 περὶ
463 4233 556 4278 τοῦ
582 4226 728 4290 Υἱοῦ,
777 4222 1018 4295 ἐφρόνουν
1080 4224 1238 4294 ὑγιῶς
1293 4228 1383 4274 xui
1439 4227 1556 4296 περὶ
1615 4230 1705 4275 τοῦ
1773 4221 1927 4294 ἁγίου

321 4318 637 4387 Πνεῦματος,
689 4315 886 4385 ὄπαρὰ
915 4320 1004 4365 τοῦ
1055 4316 1258 4386 Πατρός
1301 4311 1653 4384 ἐκπορεύεται,
1700 4317 1789 4363 καὶ
1841 4319 1929 4364 τοῦ

317 4406 442 4456 Υἰοῦ
490 4399 629 4455 ἴδιόν
659 4404 821 4462 ἐστιν,
852 4403 878 4453 6
910 4401 1030 4476 παρ’
1064 4401 1224 4453 αὐτοῦ
1256 4397 1470 4453 δίδοται
1517 4409 1619 4462 τοῖς
1650 4404 1926 4473 μαθηταῖς,

317 4499 407 4544 καὶ
456 4499 590 4545 πᾶσι
638 4499 749 4553 τοῖς
797 4493 1136 4542 πιστεύουσιν
1184 4490 1254 4552 εἰς
1307 4491 1483 4546 αὐτόν.
1530 4489 1666 4565 Ὀρα
1695 4493 1784 4551 τὰς
1833 4488 1930 4543 δύο

317 4578 579 4655 προόδους
689 4587 781 4643 τοῦ
881 4584 1137 4650 παναγίου
1259 4578 1428 4641 καλῶς

319 4675 639 4744 Πνεῦματος,
695 4675 788 4729 την
846 4673 936 4743 μεν
994 4669 1048 4721 ἐκ
1097 4673 1255 4742 μόνης
1312 4678 1407 4731 τῆς
1479 4678 1740 4745 πατρικῆς
1797 4671 1928 4721 υπο-

321 4765 556 4824 στάσεως
601 4766 695 4819 τὴν
745 4757 918 4812 ἀίδιον
959 4758 1152 4817 ἐκείνην
1201 4765 1286 4811 xui
1336 4759 1580 4834 ἄρρητον,
1626 4765 1715 4812 xui
1764 4762 1932 4835 ῦπαρ-

317 4856 524 4916 κτικὴν,
583 4851 817 4925 καθάπερ
868 4853 954 4900 xui
990 4851 1014 4900 6
1068 4851 1258 4922 Κύριος
1303 4847 1348 4900 ἐν
1403 4848 1734 4920 Εὐάγγελίοις
1787 4849 1930 4923 εἰρή-

317 4961 417 5008 κει,
476 4945 566 4994 xui
616 4945 705 4998 τὴν
754 4941 855 4992 ὑπὸ
903 4943 1095 5012 χρόνον
1143 4943 1232 4990 xui
1289 4935 1663 5011 μεταδοτικην,
1709 4943 1802 4997 τὴν
1858 4937 1932 4992 δι’

317 5034 464 5087 Υἰοῦ.
513 5031 571 5082 Ὀ
610 5030 770 5092 αὐτὸς
809 5035 898 5080 καὶ
947 5027 994 5080 ἐν
1039 5036 1111 5099 τῷ
1141 5033 1254 5102 περὶ
1306 5025 1532 5102 Τριάδος
1585 5029 1744 5081 αὐτοῦ
1774 5029 1926 5101 λόγωι

317 5125 444 5180 Θεὸς
475 5119 612 5173 ἐστιν
653 5122 682 5177 ἡ
739 5121 942 5171 πάντων
974 5116 1118 5191 ἁρχὴ
1151 5120 1286 5169 κατὰ
1337 5121 1423 5168 ¹τ’όν
1473 5118 1788 5170 Ἀπόστολον
1854 5119 1930 5171 λέ-

312 5230 496 5282 γοντα⁶
559 5212 648 5269 Εἷς
715 5213 844 5270 Θεὸς
908 5211 933 5260 6
1005 5211 1181 5279 Πατὴρ
1249 5206 1301 5269 ἐξ
1367 5204 1425 5259 οὗ
1492 5211 1556 5259 τὰ
1614 5210 1797 5260 πάντα·
1841 5214 1930 5261 καὶ

309 5305 413 5373 γὰρ
446 5303 470 5352 6
501 5304 692 5370 ng’yo;
745 5297 798 5360 ἐξ
849 5297 1010 5350 αὑτοῦ
1056 5305 1330 5368 γεννητῶς,
1362 5301 1452 5348 καὶ
1498 5300 1555 5348 τό
1618 5304 1824 5370 Πνεῦμα
1871 5304 1927 5353 τό

312 5391 464 5462 άγιον
514 5389 856 5456 ἐκπορευτῶς.
893 5392 994 5440 Καὶ
1047 5388 1072 5438 6
1132 5387 1260 5446 θεῖος
1313 5392 1401 5438 xui
1454 5391 1617 5458 μέγας
1667 5388 1930 5450 Βασίλειος

310 5481 360 5534 ἐν
406 5489 468 5553 τῇ
528 5483 655 5554 πρὸς
703 5482 788 5531 τόν
867 5474 1004 5530 ἴδιον
1053 5474 1272 5548 ἀδελφόν
1331 5480 1614 5550 Γρηγόριον
1679 5476 1923 5552 ἐπιστολῇ

309 5572 471 5624 αὐτοῦ
501 5569 638 5622 οὓτω
723 5572 907 5641 φησίν.
967 5563 1180 5625 Ἐπειδὴ
1245 5570 1417 5619 τοίνυν
1482 5571 1538 5620 τό
1599 5573 1808 5642 Πνεῦμα
1868 5576 1924 5625 τό

379 5747 403 5788 ⁸
436 5752 550 5809 lsa.
584 5763 700 5820 ιιι,
730 5749 755 5806 1
785 5763 802 5820 ς
829 5747 970 5808 Luc.
998 5762 1073 5818 ιν,
1103 5749 1189 5806 18.
1222 5747 1245 5783 ⁸
1269 5738 1374 5806 Tit.
1407 5760 1488 5818 ιιι,
1531 5749 1584 5805 5.

2037 1992 2235 2060 ginem
2265 1991 2444 2046 trahit
2473 2006 2509 2046 a
2540 2006 2799 2064 persona
2833 1991 3039 2059 Patris,
3064 1995 3117 2046 et
3140 1989 3472 2047 secundum
3502 2004 3690 2062 quam

2035 2081 2217 2138 habet
2237 2095 2368 2135 esse
2400 2079 2915 2153 processionaliter
2941 2095 3049 2136 seu
3076 2095 3183 2152 per
3219 2078 3686 2151 processionem,

2038 2169 2190 2225 sicut
2221 2169 2395 2226 Filius
2422 2168 2500 2224 ab
2525 2173 2749 2224 interno
2804 2169 2987 2224 habet
3033 2184 3164 2224 esse
3210 2167 3556 2224 immediate
3609 2165 3689 2223 ab

2035 2258 2247 2315 cadem
2282 2273 2538 2330 persona
2569 2259 2752 2313 Patris
2782 2274 2888 2330 per
2913 2258 3383 2328 generationem.
3423 2258 3688 2328 Quapro-

2035 2353 2164 2422 pter
2183 2347 2358 2403 divus
2380 2346 2686 2420 apostolus
2698 2347 2937 2416 Paulus,
2956 2346 3278 2404 ostendens
3297 2345 3690 2419 temporalem

2038 2444 2094 2494 et
2123 2437 2445 2508 gratiosam
2476 2436 2824 2493 missionem
2865 2437 3115 2509 Spiritus
3148 2453 3184 2492 a
3234 2439 3400 2492 Patre
3449 2451 3555 2507 per
3603 2434 3688 2490 Fi-

2036 2527 2205 2594 lium,
2238 2526 2414 2582 dicit:
2449 2548 2477 2576 ‹‹
2509 2527 2777 2582 Servavit
2796 2541 2907 2582 nos
2932 2528 3085 2582 Deus
3115 2531 3169 2582 et
3199 2528 3367 2581 Pater
3395 2539 3502 2596 per
3530 2523 3689 2580 lava-

2038 2632 2229 2681 crum,
2263 2621 2319 2671 et
2346 2617 2794 2672 renovationem
2836 2615 3083 2688 Spiritus
3137 2629 3321 2688 quem
3360 2628 3540 2686 super
3575 2627 3690 2670 nos

2039 2705 2418 2761 abundanter
2454 2704 2694 2761 diffudit
2733 2721 2839 2778 per
2875 2707 3078 2760 Jesum
3121 2704 3416 2760 Christum
3469 2704 3490 2737 ³
3518 2743 3531 2756 .
3562 2725 3591 2753 ››
3633 2703 3692 2759 Si

2036 2795 2272 2850 notiora
2301 2793 2568 2863 clariora,
2605 2794 3017 2850 manifestiora
3037 2809 3109 2849 ea
3128 2792 3350 2849 debent
3384 2807 3538 2859 esse,
3569 2806 3694 2864 qua

2037 2883 2325 2938 viciniora
2350 2887 2509 2946 sunt,
2539 2887 2596 2938 et
2622 2883 2871 2954 propius
2901 2883 3196 2939 accedunt
3225 2881 3303 2938 ad
3330 2881 3467 2953 ipsa
3493 2881 3694 2953 prima

2038 2972 2332 3044 principia
2353 2976 2408 3026 et
2432 2971 2621 3040 initia,
2649 2987 2787 3027 cum
2819 2971 2954 3042 ipsa
2989 2971 3287 3043 principia
3317 2971 3434 3026 sint
3481 2984 3586 3043 per
3628 2984 3692 3026 se

2038 3059 2291 3116 clariora
2315 3064 2373 3114 et
2402 3060 2595 3130 magis
2625 3061 2966 3131 perspicua,
2998 3059 3359 3132 principium
3389 3074 3532 3115 vero
3553 3058 3694 3114 fidei

2037 3155 2258 3206 nostra:
2291 3151 2366 3205 sit
2393 3150 2648 3205 verbum
2685 3151 2920 3206 Domini
2950 3152 3091 3207 Jesu
3141 3149 3372 3220 Christi,
3423 3150 3518 3205 cui
3563 3149 3694 3205 sine

2039 3239 2159 3296 ulla
2190 3240 2566 3296 aberratione
2595 3239 2904 3296 adhaerent
2940 3245 2996 3295 et
3025 3240 3410 3296 consentiunt
3438 3237 3698 3311 apostoli

2036 3334 2093 3384 et
2127 3329 2441 3399 doctores;
2477 3328 2867 3384 manifestum
2922 3333 3012 3384 est
3067 3330 3375 3385 veritatem
3427 3332 3485 3383 et
3532 3331 3698 3382 recta

2036 3416 2174 3472 ﬁdei
2205 3417 2494 3485 dogmata
2523 3417 2788 3473 obtinere
2819 3418 2984 3490 apud
3013 3433 3148 3482 nos,
3179 3422 3237 3473 et
3260 3417 3424 3489 apud
3455 3415 3698 3472 catholi-

2037 3522 2172 3562 cam
2195 3505 2519 3562 Ecclesiam
2541 3511 2836 3574 nostram,
2865 3511 2920 3563 et
2940 3507 3105 3579 apud
3124 3507 3256 3578 ejus
3278 3506 3698 3562 informatores

2036 3597 2310 3655 doctores
2341 3603 2396 3654 et
2419 3598 2731 3671 prmsules.
2765 3600 2989 3655 Horum
3014 3615 3157 3656 vero
3196 3599 3428 3672 primus
3444 3598 3554 3653 fuit
3571 3597 3700 3654 Dio-

2036 3689 2246 3760 nysius
2275 3689 2635 3760 Areopagita
2663 3689 2766 3762 qui
2794 3688 2853 3745 in
2877 3689 3145 3746 secundo
3185 3689 3378 3761 capite
3409 3688 3483 3743 de
3534 3687 3700 3743 unita

2038 3783 2094 3833 et
2124 3783 2400 3850 separata
2429 3777 2732 3848 theologia
2771 3779 2855 3833 sic
2908 3778 3075 3833 inﬁt:
3129 3778 3283 3834 Audi
3332 3777 3508 3833 illud:
3565 3778 3699 3831 Haec

2037 3867 2178 3922 dicit
2224 3868 2512 3922 Dominus
2579 3867 2681 3940 qui
2721 3872 2813 3923 est
2841 3868 2945 3939 qui
2984 3872 3130 3937 erat,
3187 3872 3242 3922 et
3268 3867 3372 3939 qui
3398 3866 3700 3938 [venturus

2038 3961 2125 4012 est
2155 3961 2212 4012 et
2235 3958 2646 4029 omnipotens,
2680 3960 2737 4012 et
2763 3962 2824 4012 tu
2855 3957 2982 4030 ipse
3015 3972 3099 4022 es,
3130 3960 3188 4012 et
3234 3956 3485 4028 Spiritus
3543 3955 3701 4010 veri-

2038 4047 2173 4102 tatis
2203 4047 2443 4118 quiest,
2509 4046 2614 4120 qui
2669 4046 2941 4119 procedit
2991 4061 3025 4101 a
3069 4047 3263 4103 Patre.
3318 4047 3384 4101 Et
3440 4059 3702 4114 magnus

2039 4136 2482 4192 Athanasiusin
2513 4152 2622 4192 sua
2653 4135 2730 4192 ad
2781 4136 3171 4209 Serapionem
3225 4135 3516 4208 epistola:
3575 4137 3703 4190 Non

2039 4226 2191 4281 bene
2224 4225 2485 4281 sentiunt
2512 4225 2588 4281 de
2611 4225 2830 4298 Spiritu
2858 4231 3088 4293 sancto,
3116 4240 3226 4281 nec
3251 4224 3404 4280 bene
3445 4224 3706 4280 sentiunt

2040 4315 2113 4370 de
2147 4315 2323 4379 Filio;
2357 4315 2401 4370 si
2444 4316 2604 4370 enim
2636 4318 2862 4370 rectam
2913 4317 2988 4370 de
3043 4314 3183 4370 Filio
3231 4314 3522 4370 haberent
3567 4327 3703 4368 seno

2041 4405 2310 4469 tentiam,
2343 4405 2547 4477 utique
2578 4409 2634 4460 et
2670 4421 2881 4460 sanam
2917 4405 3274 4460 sententiam
3317 4404 3588 4459 foverent
3629 4403 3705 4459 de

2047 4493 2263 4566 Spiritu
2295 4500 2520 4558 sancto,
2556 4495 2661 4566 qui
2716 4493 2984 4567 procedit
3015 4509 3050 4549 a
3088 4496 3279 4558 Patre,
3314 4498 3371 4549 et
3422 4493 3704 4566 proprius

1529 4579 1931 4650 Θεολογήσαντος
1961 4623 2005 4678 D
2046 4587 2133 4638 est
2162 4582 2302 4648 Filii,
2327 4581 2431 4654 qui
2460 4581 2536 4637 ab
2590 4581 2689 4637 illo
2735 4583 2913 4637 datur
2960 4581 3272 4654 discipulis

1961 4623 2005 4678 Β
2046 4587 2133 4638 est
2162 4581 2431 4654 Filii,qui
2460 4581 2536 4637 ab
2585 4581 2689 4678 illo
2735 4583 2913 4637 datur
2960 4581 3272 4678 discipulis
3322 4581 3465 4678 suis,
3525 4585 3584 4637 et
3635 4580 3706 4637 iis

2045 4673 2146 4746 qui
2178 4673 2236 4727 in
2269 4672 2432 4727 illum
2467 4671 2737 4729 credunt.
2770 4672 2913 4728 Vide
2942 4671 3096 4727 duas
3127 4671 3545 4745 processiones
3563 4685 3706 4727 san-

2046 4762 2298 4818 ctissimi
2332 4761 2581 4834 Spiritus
2611 4777 2766 4835 quas
2795 4761 2972 4818 docet
2991 4763 3223 4834 optima
3249 4766 3307 4818 et
3351 4766 3517 4817 recta
3547 4759 3709 4816 theo-

2047 4852 2226 4922 logia.
2263 4854 2454 4907 Unam
2479 4867 2549 4906 ex
2581 4850 2710 4906 sola
2741 4866 3005 4923 persona
3031 4851 3710 4924 Patris,illamqueieter-

2043 4959 2207 5008 nam,
2247 4940 2637 5007 invisibilem,
2679 4940 3073 5011 ineffabilem,
3115 4941 3521 5011 personalem,
3559 4941 3711 4996 sicut

2045 5033 2331 5088 Dominus
2361 5031 2626 5103 loquitur
2653 5031 2712 5086 in
2735 5031 3100 5102 Evangeliis;
3143 5030 3325 5088 aliam
3364 5047 3508 5087 vero
3565 5035 3710 5088 tem-

2041 5120 2311 5194 poralem
2342 5125 2398 5176 et
2455 5121 2783 5191 gratiosam
2838 5137 2975 5192 quae
3028 5120 3094 5177 ﬁt
3144 5137 3250 5194 per
3301 5120 3710 5177 Filium.ldem

2042 5211 2403 5267 Athanasius
2429 5211 2490 5266 in
2513 5226 2623 5267 suo
2648 5211 2722 5266 dc
2752 5211 3027 5267 Trinitate
3077 5215 3351 5277 tractatu,
3400 5213 3578 5278 Deus,
3628 5211 3714 5267 in-

2040 5303 2188 5376 quit,
2236 5305 2325 5358 est
2369 5317 2569 5356 rerum
2619 5301 2892 5356 omnium
2937 5300 3319 5374 principium,
3377 5301 3714 5358 secundum

2041 5391 2382 5464 apostolum
2413 5391 2708 5447 dicentem
2734 5408 2745 5445 :
2786 5391 3005 5446 Unicus
3042 5393 3216 5461 Deus,
3245 5391 3468 5448 scilicet
3494 5395 3661 5448 Pater
3680 5408 3717 5449 a

2039 5497 2161 5554 quo
2194 5485 2333 5537 sunt
2358 5481 2601 5545 omnia;
2634 5496 2778 5537 nam
2818 5480 2998 5536 Filius
3042 5481 3170 5554 ipse
3217 5486 3304 5538 est
3347 5481 3426 5538 ab
3465 5481 3565 5538 illo
3611 5497 3720 5554 per

2039 5570 2514 5643 generationem,
2541 5574 2597 5628 et
2617 5570 2745 5644 ipse
2793 5571 3043 5644 Spiritus
3082 5586 3189 5644 per
3227 5572 3707 5646 processionem.
