4468 6440
804 415 912 473 675

1986 415 2338 473 MANUELIS
2375 414 2597 477 NAGNI
2631 414 2979 472 RHETORIS

4050 417 4151 477 476

806 543 872 598 Et
896 539 1135 598 divinus
1149 543 1206 597 et
1223 554 1485 611 magnus
1505 540 1753 597 Basilius
1780 540 1966 598 insua
1990 541 2071 597 ad
2103 540 2446 610 Gregorium
2484 544 2527 598 Α
2564 565 2570 589 ε

2392 555 2446 597 m
2484 544 2527 598 Α
2564 541 2731 614 ἅγιον.
2785 539 2871 611 αφ’
2919 534 2979 590 οὗ
3028 543 3177 592 πᾶσα
3223 537 3308 593 ἐπὶ
3361 541 3456 597 τὴν
3525 542 3699 593 κτίσιν
3741 540 3888 612 ἡμῶν
3946 539 4149 613 ἀγαθῶν

806 643 1165 699 germanum
1179 643 1358 687 suum
1371 628 1622 701 epistola
1644 629 1967 695 :Quoniam
1996 628 2174 700 igitur
2197 628 2450 700 Spiritus

805 732 984 792 aquo
1007 716 1204 773 omnis
1218 716 1382 773 velut
1401 733 1468 773 ex
1487 717 1650 773 fonte
1684 718 1762 773 ad
1793 721 2097 774 creaturas
2132 720 2455 789 promanat

804 806 1104 863 bonorum
1161 805 1586 878 suppeditatio,
1639 822 1676 863 a
1726 805 1866 862 Filio
1916 805 2165 879 quidem
2221 805 2452 877 depen-

804 895 906 952 det
948 911 1217 970 quocum
1264 910 1388 953 una
1443 896 1569 952 sine
1618 894 1742 952 ulla
1782 895 2067 951 distantia
2118 894 2453 967 concipitur

803 990 1026 1045 mente.
1049 999 1248 1040 causae
1283 999 1427 1041 vero
1456 984 1642 1042 Patris
1678 984 1967 1041 insertam
2018 983 2203 1041 habet
2252 997 2452 1038 essen-

802 1073 971 1142 tiam,
1001 1073 1159 1129 unde
1192 1078 1249 1129 et
1271 1072 1564 1146 procedit,
1596 1073 1755 1129 hanc
1780 1073 2112 1143 notionem,
2139 1076 2197 1129 et
2225 1086 2449 1144 cogno-

803 1162 1005 1219 scibile
1033 1162 1274 1229 signum
1306 1162 1437 1232 ejus
1465 1177 1603 1234 quae
1629 1161 1966 1220 secundum
1994 1175 2321 1234 personam
2361 1163 2451 1216 est

799 1250 1185 1327 proprietatis
1228 1249 1431 1316 habet,
1462 1266 1585 1325 quo
1615 1266 1757 1307 cum
1813 1250 1952 1307 Filio
1990 1249 2166 1305 simul
2216 1255 2275 1304 et
2321 1248 2449 1319 ipse

801 1354 866 1395 se
895 1337 1035 1394 facit
1072 1338 1414 1403 internosci,
1446 1343 1503 1394 et
1544 1354 1669 1412 quo
1697 1354 1769 1394 ex
1802 1341 1966 1394 Patre
2015 1337 2318 1404 subsistit;
2366 1336 2448 1391 Fi-

799 1425 916 1482 lius
946 1441 1089 1482 vero
1117 1426 1220 1498 qui
1246 1441 1317 1483 ex
1350 1428 1522 1483 Patre
1550 1426 1978 1500 procedentem
2010 1426 2291 1497 Spiritum
2342 1439 2450 1496 per

801 1516 1066 1589 seipsum
1098 1521 1155 1571 et
1183 1531 1322 1571 cum
1356 1517 1554 1589 seipso
1583 1522 1796 1573 notum
1817 1515 1978 1583 facit,
1994 1514 2447 1583 solusUnigeni-

798 1610 897 1661 tus
926 1620 998 1661 ex
1026 1604 1292 1674 ingenito
1319 1606 1546 1663 lumine
1568 1605 1800 1672 reluxit,
1823 1605 2176 1677 nullamque
2196 1619 2444 1676 prorsus

2561 632 2797 703 χορηγία
2846 626 3099 697 πηγάξέι,
3164 633 3257 679 τοῦ
3321 628 3446 680 Υἱοῦ
3510 630 3602 699 μεν
3666 625 3884 701 εἴρκται,
3931 631 3999 691 ὡς
4038 626 4152 681 ἀδι-

2563 719 2816 779 στάκτως·
2871 714 3449 787 συγκαταλεὶμϐανεται,
3507 723 3603 776 τῆς
3670 712 3729 768 δε
3785 724 3877 771 τοῦ
3954 722 4152 789 Πατρός

2559 805 2733 867 αἰτίας
2781 803 3094 878 ἕξηγημένον
3143 806 3257 875 ἔχει
3304 807 3363 856 τό
3419 800 3572 865 εἶναι,
3629 805 3741 858 ὅθεν
3794 809 3882 859 καί
3941 804 4150 862 ἐκπεπό-

2556 912 2736 966 ρευται
2787 899 2941 946 τοῦτο
2986 894 3331 966 γνωριστικόν
3380 899 3472 953 τῆς
3528 894 3665 946 κατὰ
3712 896 3808 954 τὴν
3857 893 4149 948 ὑπόστασιν

2558 978 2827 1042 ἰδιότητος
2881 987 3094 1053 σημεῖον
3148 983 3282 1052 ἔχει,
3332 983 3391 1033 τό
3442 983 3574 1052 μετὰ
3629 987 3722 1034 τοῦ
3770 984 3895 1037 Υἰοῦ
3938 986 4149 1044 καισῦν

2558 1070 2697 1142 αὐτῷ
2744 1069 3117 1143 γνωρίζεσθαι,
3166 1073 3257 1122 καὶ
3303 1066 3359 1122 ἐκ
3410 1074 3504 1120 τοῦ
3535 1072 3739 1144 Πατρός
3788 1070 4091 1141 ὑφεστάναι·
4124 1070 4151 1120 6

2559 1154 2619 1211 δε
2658 1160 2798 1224 Υἱός,
2831 1159 2857 1209 6
2895 1161 2954 1209 τό
2984 1156 3040 1209 ἐκ
3086 1163 3178 1209 τοῦ
3213 1159 3421 1231 Πατρός
3469 1156 3631 1209 αὐτοῦ
3662 1164 3873 1229 Πνεῦμα
3924 1154 3997 1210 δι’
4029 1157 4152 1210 ictu-

2556 1254 2648 1298 τοῦ
2698 1246 2966 1318 γνωρίζων
3018 1248 3171 1317 μόνος
3253 1253 3539 1317 μονογενῶς
3603 1243 3659 1297 ἐκ
3717 1252 3811 1296 τοῦ
3873 1243 4152 1316 ἀγεννήτου

2557 1336 2724 1405 φωτός
2779 1332 3069 1407 ἐκλάμψας,
3127 1329 3377 1404 οὐδεμίαν
3446 1334 3583 1385 κατὰ
3659 1335 3717 1385 τό
3783 1329 3988 1395 ἰδιάζον
4054 1341 4152 1385 τῶν

2554 1424 2933 1495 γνωρισμάτων
2993 1426 3085 1479 τήν
3138 1426 3407 1474 κοινωνίαν
3451 1424 3566 1493 ἔχει
3610 1424 3736 1495 πρός
3791 1425 3880 1473 τὸν
3946 1425 4154 1493 Πατέρα

2557 1514 2586 1571 ἢ
2637 1517 2767 1586 πρός
2822 1516 2880 1564 τό
2929 1520 3137 1584 Πνεῦμα
3189 1516 3247 1565 τό
3298 1512 3467 1582 οἷγιον⁸
3531 1509 3660 1564 ἀλλὰ
3712 1518 3822 1573 τοῖς
3869 1512 4155 1587 εἰρημένοις

2559 1607 2797 1674 σημείοις
2824 1602 3153 1675 γνωρίζεται.

795 1694 1110 1752 notionum
1141 1693 1754 1752 communicationem
1784 1693 2117 1751 secundum
2144 1692 2570 1766 proprietatem
2598 1707 2772 1748 suam
2806 1696 2929 1748 tam
2960 1707 3096 1749 cum
3132 1691 3321 1755 Patre,
3348 1705 3538 1763 quam
3566 1705 3704 1745 cum
3732 1688 3949 1761 Spiritu
3980 1703 4153 1746 sanc-

795 1786 857 1841 to
880 1781 1099 1850 habet;
1129 1782 1238 1838 sed
1268 1799 1341 1839 ex
1364 1783 1538 1840 dictis
1553 1784 1684 1857 jam
1738 1782 1925 1851 signis
1975 1782 2140 1839 solus
2186 1780 2553 1851 agnoscitur.

867 1872 935 1927 Et
989 1872 1305 1942 Gregorius
1346 1871 1680 1944 Theologus
1725 1871 1789 1927 in
1817 1874 2070 1928 tractatu
2102 1873 2179 1926 De
2224 1869 2443 1942 Spiritu
2470 1865 2517 1919 B
2626 1876 2631 1921 1

2384 1874 2443 1924 tu
2470 1865 2517 1919 B
2626 1874 2727 1923 Καὶ
2782 1870 2809 1920 6
2860 1867 3114 1940 Θεολόγος
3171 1872 3454 1943 Γρηγόριος
3505 1866 3553 1919 ἐν
3600 1873 3672 1938 τῷ
3698 1872 3815 1940 περὶ
3866 1874 3960 1920 τοῦ
3999 1865 4148 1938 ἁγίου

794 1964 1022 2024 sancto,
1066 1961 1165 2017 Dic
1199 1961 1366 2031 mihi,
1400 1961 1613 2034 inquit.
1650 1962 1900 2018 ubinam
1951 1961 2278 2017 constitues
2307 1975 2444 2032 pro-

793 2064 1031 2106 cessum
1062 2066 1169 2106 seu
1193 2050 1254 2106 id
1301 2052 1466 2123 quod
1510 2050 1823 2123 procedit?
1859 2052 2025 2124 quod
2065 2050 2441 2120 interjectum

791 2142 957 2215 patet
978 2139 1130 2194 inter
1156 2138 1311 2194 duas
1340 2138 1650 2195 divisionis
1678 2144 1793 2195 tuas
1824 2143 2023 2212 partes
2053 2144 2108 2195 et
2154 2139 2233 2193 ab
2276 2137 2439 2193 theo-

790 2225 930 2296 logo
960 2231 1015 2282 te
1043 2226 1233 2283 multo
1253 2229 1675 2299 praestantiori,
1697 2230 2006 2284 Servatore
2018 2227 2301 2282 nimirum
2339 2241 2441 2281 no-

791 2318 935 2386 stro,
964 2320 1055 2372 est
1077 2316 1506 2373 introductum.
1540 2316 1655 2373 Nisi
1685 2322 1927 2388 propter
1976 2321 2145 2372 tuum
2207 2315 2438 2370 tertium

791 2403 1263 2475 Testamentum,
1277 2421 1349 2461 ex
1365 2406 1701 2475 Evangeliis
1714 2405 2281 2471 tuis,existimaveris
2311 2404 2440 2461 haec

790 2494 1162 2551 removenda
1182 2494 1383 2551 verba.
1413 2518 1440 2548 α
1476 2495 1727 2568 Spiritus
1760 2502 2006 2551 sanctus
2036 2496 2140 2567 qui
2184 2510 2221 2550 a
2275 2497 2439 2551 Patre

786 2584 1074 2659 procedit,
1103 2602 1134 2637 ›
1183 2584 1286 2657 qui
1315 2589 1614 2658 quatenus
1665 2584 1825 2642 illinc
1868 2584 2137 2658 procedit
2187 2600 2311 2640 non
2352 2588 2442 2639 est

784 2678 1041 2735 creatus,
1071 2680 1373 2746 quatenus
1405 2689 1546 2729 vero
1576 2675 1878 2744 ingenitus
1910 2679 2018 2735 est.
2069 2689 2190 2729 non
2223 2678 2312 2728 est
2350 2674 2437 2728 Fi-

784 2760 923 2818 lius.
949 2764 1013 2817 Et
1036 2762 1095 2818 in
1121 2778 1232 2819 suo
1259 2762 1334 2817 de
1366 2762 1508 2817 Filio
1539 2778 1812 2819 sermone
1844 2763 2039 2835 primo
2068 2763 2228 2819 idem
2255 2762 2397 2818 dicit
2422 2779 2434 2817 :

786 2852 1135 2923 Propterera
1165 2852 1383 2907 nostris
1415 2850 1668 2907 decretis
1696 2852 2073 2919 inhaerentes,
2114 2851 2437 2907 introduci-

786 2955 923 2995 mus
942 2946 999 2996 et
1028 2940 2266 3010 asserimns,ingeneratum,generatum,et
2304 2956 2436 3013 pro-

787 3028 1098 3084 cedentem
1147 3044 1183 3084 a
1227 3031 1413 3091 Patre,
1462 3036 1529 3083 ut
1580 3029 1799 3085 alicubi
1859 3029 2126 3102 loquitur
2178 3029 2437 3085 Verbum

783 3118 1007 3190 ipsum.
1046 3120 1107 3172 Et
1134 3118 1193 3172 in
1226 3132 1335 3173 suo
1365 3123 1574 3174 contra
1604 3117 1973 3174 Sabellianos
2002 3134 2278 3175 sermone
2299 3118 2440 3173 dicit

2553 1961 2845 2031 Ηνεύματος
2895 1957 3047 2028 λόγῳ·
3118 1963 3226 2013 Ποῦ
3282 1960 3382 2029 γὰρ
3450 1959 3632 2018 θήσεις
3694 1960 3750 2009 τὸ
3817 1955 4146 2031 ἔκπορευτόν,

2549 2048 2657 2100 εἶπέ
2707 2067 2818 2118 μοι,
2865 2050 3023 2118 μέσον
3076 2044 3325 2117 ἀναφανὶν
3381 2053 3472 2106 τῆς
3549 2054 3643 2106 σῆς
3701 2041 4007 2119 διαιρέσεως
4059 2064 4149 2096 και

2547 2138 2692 2210 παρὰ
2733 2143 2976 2209 κρεῖσσον
3038 2135 3068 2193 ἡ
3130 2137 3263 2187 κατὰ
3324 2137 3380 2187 σε
3444 2133 3684 2204 θεολόγου
3737 2141 3828 2185 τοῦ
3887 2141 4145 2207 Σωτῆρος,

2548 2224 2899 2296 εἰσαγόμενον,
2963 2226 3008 2275 εἰ
3074 2227 3146 2294 μὴ
3204 2228 3299 2280 τὴν
3382 2227 3551 2294 φωνὴν
3610 2221 3806 2280 ἐκείνην
3883 2230 3982 2274 τῶν
4043 2228 4147 2274 σῶν

2548 2310 2752 2375 έξῆλθες
2806 2311 3147 2383 Εὐαγγελίων,
3208 2308 3301 2363 διὰ
3356 2316 3445 2368 τὴν
3490 2315 3667 2384 τρίτην
3723 2330 3816 2363 σου
3858 2312 4145 2376 Διαθήκην,

2545 2405 2602 2453 τό
2655 2408 2863 2473 Πνεῦμα
2921 2404 2981 2453 τό
3021 2398 3169 2471 ἅγιον
3217 2400 3243 2451 ὃ
3306 2402 3453 2473 παρὰ
3496 2407 3589 2452 τοῦ
3642 2404 3848 2472 Πατρός
3910 2398 4149 2474 ἐκπορεύ-

2547 2509 2676 2543 εται.
2728 2492 2963 2543 Καθόσον
3016 2492 3106 2561 μεν
3161 2489 3346 2541 ἐκεῖθεν
3400 2488 3754 2560 ἐκπορεύεται,
3813 2487 3873 2539 οὐ
3927 2492 4143 2561 κτίσμα,

2545 2581 2771 2631 καθόσον
2818 2575 2877 2630 δὲ
2916 2578 2975 2629 οῦ
3000 2582 3262 2649 γεννητόν,
3313 2577 3418 2648 οὐχ
3470 2579 3611 2637 Υἱός.
3663 2582 3762 2629 Καὶ
3817 2576 3865 2629 ἐν
3908 2584 3982 2646 τῷ
4029 2581 4148 2649 περὶ

2545 2670 2669 2721 Υὶοῦ
2724 2673 2912 2741 πρώτῳ
2964 2667 3122 2719 αὑτοῦ
3170 2667 3303 2738 λόγῳ
3360 2668 3385 2718 6
3443 2668 3599 2727 αῦτός
3647 2686 3798 2739 φησι·
3854 2668 3949 2718 Διὰ
3996 2672 4148 2717 τοῦτο

2547 2756 2630 2809 ἐπὶ
2685 2764 2784 2808 τῶν
2851 2759 3111 2828 ἡμετέρων
3170 2758 3298 2828 ὅρων
3369 2755 3656 2827 ἱστάμενοι,
3744 2757 3801 2807 τὸ
3877 2752 4146 2825 ἀγέννητον

2547 2845 2851 2917 εἰσάγωμεν,
2910 2849 2999 2896 καὶ
3062 2848 3119 2895 τό
3193 2846 3454 2915 γεννητόν,
3518 2851 3607 2896 καὶ
3667 2843 3723 2896 ἐκ
3787 2850 3879 2895 τοῦ
3943 2845 4147 2917 Πατρός

2546 2934 2961 3007 ἐκπορευόμενον,
3023 2935 3087 2993 ὦς
3144 2936 3243 2985 πού
3307 2953 3465 3005 φησιν
3521 2934 3674 2993 αὐτὸς
3725 2938 3814 2983 καὶ
3866 2933 3891 2983 6
3954 2935 4144 3001 Λόγος·

2549 3029 2649 3076 Καὶ
2707 3023 2755 3075 ἐν
2817 3032 2889 3093 τῷ
2944 3026 3081 3074 κατὰ
3137 3021 3450 3074 Σαϐελιανών
3504 3020 3640 3093 λόγῳ
3693 3020 3854 3073 αὐτοῦ
3907 3022 3932 3071 6
3988 3024 4147 3091 μέγας

2546 3111 2810 3171 Βασίλειος
2857 3112 3010 3182 λέγει⁸
3060 3111 3212 3165 Ἐστι
3268 3114 3367 3184 γὰρ
3417 3110 3443 3162 ὃ
3505 3116 3686 3183 Πατὴρ
3755 3110 3942 3162 τέλειον
4008 3112 4147 3180 ἔχων

784 3222 1048 3278 magnus
1074 3206 1365 3262 Basilius:
1398 3206 1569 3262 Pater
1596 3206 1779 3263 habet
1824 3222 1954 3262 esse
2002 3202 2332 3278 perfectum
2385 3213 2441 3263 et
2470 3221 2511 3277 c
2547 3228 2548 3231 η

2385 3213 2441 3263 et
2470 3221 2511 3277 ρ
2547 3205 2606 3253 τὸ
2656 3198 2785 3252 εἶναι
2828 3206 2917 3253 καὶ
2971 3198 3214 3266 ἁνενδεὲς,
3273 3202 3399 3275 ῥίζα
3446 3206 3536 3251 καὶ
3565 3204 3711 3270 πηγὴ
3744 3207 3837 3251 τοῦ
3881 3202 4025 3266 Υὶοῦ,
4058 3204 4147 3249 καὶ

785 3295 1009 3355 nullius
1036 3296 1115 3352 rei
1146 3295 1443 3366 indigum,
1500 3302 1556 3351 et
1597 3302 1685 3352 est
1715 3296 1886 3354 radix
1929 3303 1987 3353 et
2017 3298 2152 3353 fons
2208 3297 2331 3353 Filii
2386 3303 2443 3351 et

788 3384 1038 3458 Spiritus
1091 3385 1300 3441 sancti.
1351 3386 1484 3442 Tria
1530 3401 1673 3441 vero
1725 3386 1973 3442 nomina
2020 3386 2201 3443 fontis
2242 3386 2441 3442 decla-

782 3479 941 3542 rant,
970 3489 1107 3530 esse
1146 3474 1547 3547 principium,
1580 3490 1710 3531 esse
1762 3474 2007 3547 plenum
2062 3480 2120 3532 et
2177 3492 2306 3531 esse
2357 3477 2442 3531 in-

784 3563 1088 3619 desinens.
1143 3563 1237 3621 Ille
1288 3579 1431 3633 ergo
1469 3564 1573 3637 qui
1604 3580 1740 3620 vere
1791 3569 1849 3621 et
1893 3566 2300 3638 principaliter
2351 3572 2440 3622 est

783 3651 939 3716 fons.
981 3652 1097 3708 ista
1132 3653 1242 3708 tria
1272 3653 1331 3708 in
1375 3669 1437 3709 se
1462 3653 1898 3726 complectitur.
1928 3654 2025 3710 Est
2077 3655 2437 3727 principium

783 3740 941 3798 illius
972 3741 1244 3797 naturale
1274 3741 1419 3814 quia
1448 3742 1526 3797 ab
1557 3758 1629 3798 eo
1660 3742 1949 3816 procedit,
1982 3743 2227 3812 exsistit,
2255 3750 2311 3800 et
2336 3744 2438 3799 ha-

782 3830 886 3887 bet
912 3846 1089 3885 suum
1130 3846 1263 3886 esse
1288 3849 1301 3899 ;
1330 3831 1430 3887 illo
1446 3832 1625 3888 etiam
1641 3833 1856 3905 plenus
1876 3838 1965 3888 est
1985 3849 2155 3888 :nam
2186 3839 2439 3889 totusto-

780 3922 910 3975 tum
951 3920 1398 3992 comprehendit
1439 3938 1615 3976 suum
1648 3922 2097 3986 coexistentem.
2128 3929 2186 3977 et
2212 3923 2438 3979 indesi-

781 4005 992 4055 nenter
1021 4000 1099 4055 ab
1130 4002 1265 4071 ipso
1294 4002 1601 4069 emittitur,
1654 4007 1712 4058 et
1766 4002 2000 4059 inﬁnito
2057 4003 2328 4074 quodam
2378 4010 2436 4060 et

780 4092 1004 4145 aeterno
1033 4089 1431 4165 invisibilique
1458 4092 1787 4160 generandi
1820 4091 2002 4147 modo
2022 4091 2192 4148 illum
2216 4092 2434 4164 produ-

2551 3290 2699 3361 ἁγίου
2760 3293 3073 3361 Πνεῦματος.
3126 3294 3259 3363 Τρία
3314 3286 3371 3341 δὲ
3427 3290 3491 3341 τὰ
3542 3298 3637 3350 τῆς
3687 3296 3860 3359 πηγῆς
3918 3288 4148 3359 ὀνόματα

2553 3384 2965 3451 συνεκφαίνεται·
3018 3383 3075 3430 τὸ
3130 3378 3375 3453 ἀρχικόν,
3426 3383 3484 3430 τὸ
3529 3377 3737 3451 πλῆρες,
3776 3382 3865 3429 καί
3907 3381 3966 3429 τό
4007 3375 4148 3428 ἀνέκ-

2549 3468 2772 3522 λειπτον.
2821 3467 2965 3528 Ἧτις
3022 3468 3109 3519 οὖν
3155 3468 3266 3519 ἐστι
3312 3472 3501 3528 κυρίως
3550 3471 3720 3537 πηγὴ,
3781 3470 3872 3518 καί
3917 3469 3983 3518 τὰ
4030 3470 4151 3537 τρία

2549 3558 2695 3609 ταῦτ’
2736 3561 2869 3629 ἔχει,
2898 3557 3067 3629 Ἀρχὴ
3106 3576 3160 3609 τε
3197 3560 3299 3629 γὰρ
3345 3557 3485 3609 ἐστίν
3545 3556 3705 3608 αὐτοῦ
3758 3563 4013 3628 φυσικῶς,
4069 3556 4151 3606 ὃτι

2550 3647 2602 3710 ἐξ
2659 3647 2819 3699 αὑτοῦ
2885 3646 3236 3721 ἐκπορεύεται,
3299 3650 3389 3697 καί
3473 3647 3779 3717 ὑφίσταται,
3848 3645 4007 3716 ἤγουν
4090 3647 4150 3695 τό

2550 3734 2678 3789 εἶναι
2715 3738 2849 3806 ἔχει,
2899 3740 2987 3786 καί
3031 3737 3235 3808 πλήρης
3288 3734 3426 3786 ἐστιν
3477 3734 3654 3785 αὑτοῦ·
3710 3733 3823 3795 ὅλος
3874 3736 3975 3805 γὰρ
4036 3731 4147 3783 ὂλον

2548 3827 2662 3896 ἔχει
2712 3828 2771 3875 τό
2822 3828 2997 3890 συνόν,
3054 3828 3144 3874 καί
3193 3822 3528 3882 ἀνεκλείπτώς
3572 3822 3713 3891 αὐτῷ
3780 3820 4143 3893 προϐάλλεται.

2550 3914 2770 3985 Ἀπείρῳ
2844 3914 2943 3983 γὰρ
3023 3931 3126 3963 τινι
3196 3917 3284 3963 καί
3374 3907 3529 3982 ἀϊδίῳ
3627 3914 3932 3983 γονιμότητι
3992 3917 4147 3961 τοῦτο

2545 4004 2781 4075 προάγει,
2827 4006 2915 4053 καὶ
2961 3999 3339 4072 ἀνεκφοιτήτως
3388 3998 3530 4053 ἐστίν
3580 4000 3627 4051 ἐν
3676 4000 3814 4069 αὐτῷ
3870 4000 4004 4050 κατὰ
4056 4001 4149 4070 φύ-

2547 4112 2651 4154 σιν,
2694 4091 2737 4143 εί
2783 4095 2873 4141 καί
2946 4090 3065 4141 καθ’
3125 4092 3417 4142 ὑπόστασιν
3474 4091 3746 4161 ὑπερφυῶς
3798 4085 4144 4163 διακρίνεται.

780 4176 1498 4236 cit.etabillosecundum
1524 4184 1803 4237 naturam
1828 4197 1950 4237 non
2001 4186 2196 4253 potest
2218 4181 2548 4252 discedere,
2585 4181 2718 4236 licet
2768 4181 3102 4235 secundum
3145 4178 3550 4234 exsistentiam
3598 4183 3656 4233 et
3697 4192 4023 4250 personam
4068 4176 4147 4232 ab

776 4264 880 4321 illo
900 4266 1432 4338 supernaturuliter
1459 4266 1884 4338 distinguatur.

851 4356 1102 4426 insuper
1128 4354 1303 4411 divus
1328 4355 1581 4428 Cyrillus
1612 4356 1672 4411 in
1696 4373 1808 4412 sua
1842 4357 1919 4413 ad
1956 4359 2337 4432 Evangelium
2370 4375 2436 4414 se

2620 4358 2736 4411 Ἔτι
2779 4355 2838 4411 δὲ
2881 4362 2971 4410 καί
3034 4360 3059 4410 6
3117 4354 3268 4418 Θεῖος
3322 4357 3566 4431 Κύριλλος
3624 4356 3673 4409 ἐν
3862 4364 3954 4408 τοῦ
4013 4358 4151 4408 κατὰ

776 4443 1045 4499 cundum
1081 4446 1299 4500 Lucam
1345 4447 1722 4503 enarratione
1765 4447 1939 4503 dicit:
2001 4449 2160 4505 Sicut
2210 4449 2433 4521 digitus
2467 4469 2509 4522 ι)

2386 4466 2433 4504 Is
2467 4469 2509 4522 ι)
2549 4454 2756 4501 Λουκᾶν
2811 4447 3127 4519 Εῦαγγελίου
3186 4446 3433 4518 ἐξηγήσει
3480 4446 3635 4518 λέγει’
3691 4445 3892 4518 ⁴Ωσπερ
3973 4448 3999 4497 6
4058 4442 4150 4497 δά-

774 4532 1035 4587 insertus
1056 4534 1393 4603 estmanui,
1422 4550 1544 4590 non
1572 4535 1846 4592 diversus
1872 4537 1949 4592 ab
1971 4537 2092 4598 illa.
2124 4538 2227 4594 sed
2253 4538 2313 4593 in
2336 4537 2436 4594 illa

775 4621 1131 4678 naturaliter
1159 4624 1398 4694 exsistit,
1434 4624 1518 4680 sic
1546 4625 1795 4697 Spiritus
1835 4633 2077 4683 sanctus
2122 4628 2435 4699 conjungi-

771 4716 869 4766 tur
903 4711 1038 4768 Filio
1066 4716 1124 4767 et
1153 4713 1380 4769 ratione
1408 4715 2043 4771 consubstantialitatis
2069 4719 2267 4772 unitur
2295 4733 2433 4772 cum

774 4799 939 4868 Filio,
988 4801 1258 4873 procedit
1315 4818 1454 4857 vero
1508 4819 1545 4859 a
1593 4806 1711 4859 Deo
1772 4806 1957 4860 Patre.
2018 4805 2179 4861 idem
2226 4807 2438 4861 asserit

775 4894 1021 4946 sanctus
1039 4892 1467 4946 Damascenus.
1495 4892 1778 4959 Dicimus,
1804 4894 2018 4966 inquit.
2045 4895 2327 4966 Spiritum
2353 4896 2435 4950 Fi-

771 4978 855 5046 lii,
878 4994 1003 5035 non
1023 4995 1162 5035 vero
1188 4980 1471 5052 Spiritum
1501 4997 1573 5037 ex
1592 4981 1737 5038 Filio
1783 4985 1845 5037 Et
1868 4984 2283 5039 sanctissimus
2300 4986 2435 5041 Gre-

772 5068 979 5137 gorius
1011 5070 1315 5141 Nyssenus
1344 5069 1405 5123 in
1453 5068 1607 5124 libro
1658 5085 1769 5125 suo
1798 5070 1872 5125 de
1904 5072 2255 5143 tlieonymia
2285 5094 2296 5127 :
2342 5075 2439 5129 Est

772 5172 897 5213 una
918 5159 1177 5230 pereona
1206 5158 1389 5213 Patris
1410 5175 1445 5213 a
1475 5174 1597 5230 quo
1632 5158 1803 5213 Filios
1824 5166 2143 5229 generatur
2166 5167 2222 5216 et
2252 5177 2287 5216 a
2313 5177 2435 5234 quo

771 5247 1024 5320 Spiritus
1062 5254 1309 5303 sanctus
1341 5250 1631 5320 procedit.
1660 5251 1723 5303 Et
1750 5256 1991 5305 sanctus
2025 5250 2186 5305 Nilus
2219 5252 2277 5305 in
2324 5266 2435 5307 suo

770 5337 846 5394 de
879 5342 1093 5393 sancta
1138 5337 1415 5393 Trinitate
1471 5345 1787 5393 sermone:
1839 5339 2098 5394 Ecclesia
2140 5340 2435 5395 catholica

770 5428 948 5484 docet
964 5443 1157 5483 unum
1179 5430 1409 5482 Patrem
1429 5428 1531 5499 qui
1553 5428 1627 5481 sit
1656 5430 1975 5500 ingenitus,
2006 5446 2191 5485 unum
2217 5430 2429 5485 Filium

770 5518 1042 5588 genitum
1073 5533 1110 5573 a
1141 5519 1328 5584 Patre,
1362 5522 1419 5573 et
1450 5533 1640 5572 unum
1672 5518 1952 5590 Spiritum
1988 5524 2264 5575 sanctum
2291 5535 2434 5591 pro-

768 5606 1083 5665 cedentem
1123 5606 1317 5663 a‘solo
1348 5607 1537 5674 Patre,
1566 5622 1688 5663 non
1720 5623 1858 5664 vero
1888 5623 1960 5664 ex
2007 5608 2172 5665 Filio.
2220 5612 2287 5666 Et
2308 5626 2433 5666 om-

766 5715 877 5758 nes
897 5713 1132 5769 magna:
1160 5696 1468 5755 catholicae
1502 5702 1724 5755 noetraa
1753 5697 2027 5755 Fcclesiaa
2064 5699 2343 5757 doctores
2381 5706 2437 5757 et

2546 4538 2729 4599 κτυλος
2782 4536 3078 4611 ἀπήρτηται
3117 4545 3207 4599 τῆς
3254 4540 3450 4610 χειρός,
3512 4536 3605 4588 οῦκ
3638 4535 3905 4609 ἀλλότριος
3951 4540 4019 4586 ὤν
4063 4534 4152 4586 αῦ-

2544 4634 2655 4686 τῆς.
2718 4626 2825 4678 ἀλλ’
2881 4626 2928 4677 ἐν
2980 4626 3106 4697 αὐτῇ
3168 4635 3420 4697 φυσικῶς·
3492 4626 3627 4676 οὕτω
3682 4630 3772 4677 καί
3826 4628 3883 4676 τό
3944 4631 4154 4696 Πνεῦμα

2543 4720 2599 4767 τό
2656 4716 2803 4786 ἅγιον
2861 4723 2930 4784 τῷ
2984 4723 3079 4775 τῆς
3135 4716 3545 4786 όμοονσιότητος
3591 4713 3728 4786 λόγῳ
3762 4722 4026 4771 συνῆπται
4062 4716 4150 4785 μὲν

2542 4808 2673 4877 πρός
2722 4805 2901 4855 ἕνωσιν
2963 4812 3034 4874 τῷ
3087 4806 3212 4873 Υὶῷ,
3272 4804 3325 4855 ἐκ
3364 4810 3455 4854 τοῦ
3514 4810 3647 4856 Θεοῦ
3705 4799 3765 4855 δὲ
3819 4806 3910 4853 καί
3952 4805 4152 4874 Πατρός

2545 4893 2895 4965 ἐκπορεύεται.
2944 4898 3013 4945 T6
3064 4893 3190 4944 αὑτό
3250 4912 3379 4965 φησι
3432 4913 3522 4944 και
3552 4895 3577 4944 6
3612 4894 3740 4965 ἱερος
3788 4896 4147 4964 Δαμασκηνος·

2547 4990 2757 5054 Πνεῦμα
2792 4985 2913 5035 Υἰοῦ
2953 4987 3043 5055 μὲν
3095 4983 3325 5055 λέγομεν,
3376 4982 3429 5034 ἐκ
3489 4990 3577 5034 τοῦ
3634 4984 3759 5034 Υἰοῦ
3804 4978 3863 5033 δὲ
3893 4980 3952 5032 οῦ
4010 4979 4155 5051 λεγό-

2546 5092 2656 5145 μεν.
2716 5078 2812 5125 Καί
2866 5074 2891 5123 6
2949 5074 3229 5145 ἱερώτατος
3278 5068 3337 5124 δε
3390 5074 3611 5134 Νύσσης
3664 5075 3949 5146 Γρηγόριος
3998 5069 4045 5122 ἐν
4076 5076 4149 5139 τῷ

2544 5166 2664 5236 περί
2700 5163 3010 5233 θεωνυμίας,
3044 5160 3064 5173 ”
3108 5168 3175 5213 Τν
3224 5164 3323 5234 γάρ
3373 5167 3652 5233 πρόσωπον
3699 5166 3789 5212 καί
3815 5164 3873 5211 τό
3905 5160 4032 5211 αὐτό
4062 5166 4155 5210 τοῦ

2548 5256 2768 5324 Πατρός,
2824 5251 2877 5313 ἐξ
2930 5247 2988 5302 οὖ
3038 5252 3063 5302 ό
3096 5254 3215 5311 Υἱός
3244 5258 3501 5322 γεννᾶται,
3547 5256 3635 5303 καί
3683 5255 3741 5302 τό
3801 5249 3950 5321 ἅγιον
4005 5249 4155 5302 ἐκπο-

2546 5345 2751 5413 ρεύεται
2799 5349 3023 5413 Πνεῦμα.
3087 5346 3186 5393 Καί
3234 5340 3431 5413 όᾶγιος
3476 5339 3655 5402 Νεῖλος
3704 5338 3751 5391 ἐν
3792 5348 3863 5410 τῷ
3901 5345 4019 5412 περί
4067 5346 4159 5411 τῇς

2547 5430 2703 5502 ἁγίας
2756 5428 2989 5503 Τριάδος
3032 5430 3191 5482 αὐτου
3218 5430 3373 5502 λόγῳ,
3424 5431 3480 5483 Ἠ
3531 5430 3676 5502 ἁγία,
3718 5449 3869 5503 φησι,
3903 5430 4152 5486 καθολικὴ

2547 5520 2831 5577 Ἐκκλησία
2905 5524 2991 5572 τόν
3065 5524 3153 5593 μὲν
3204 5524 3411 5595 Πατέρα
3475 5516 3790 5592 δογματίζει
3855 5517 4152 5590 ἀγέννητον,

2545 5614 2633 5662 τὸν
2666 5613 2784 5663 Υἱόν
2843 5607 2903 5663 δε
2950 5630 3191 5681 γεννητον
3233 5610 3289 5663 ἐκ
3338 5618 3428 5662 τοῦ
3483 5613 3704 5684 Πατρός,
3752 5612 3811 5660 τό
3858 5606 3917 5661 δὲ
3946 5614 4155 5679 Πνεῦμα

2546 5704 2605 5753 τό
2664 5699 2814 5771 ἅγιον
2870 5700 3205 5775 ἐκποορευτόν
3271 5699 3327 5752 ἐκ
3390 5704 3549 5773 μόνου
3606 5707 3699 5752 τοῦ
3749 5701 3976 5771 Πατρός,
4044 5696 4153 5749 ἀλλ’
