4468 6440
345 416 453 475 επ

1838 409 2214 470 ΛΡΟῙοΟϐΙΔ.

3606 410 3713 467 478

348 538 478 611 οὐχὶ
505 543 596 593 καὶ
620 538 675 592 ἐκ
711 546 805 593 τοῦ
834 542 977 596 Υίοῦ.
1012 543 1114 594 Καὶ
1139 540 1324 601 πάντες
1363 534 1422 591 δε
1456 538 1506 591 οἰ
1545 545 1636 597 τῆς
1664 535 1782 589 καθ’
1815 536 1949 605 ἡμᾶς
1985 544 2027 595 Α
2062 550 2112 589 m

1985 544 2027 595 Α
2062 533 2329 597 inapi~tri
2373 534 2530 592 idem
2580 535 2848 592 sentiunt
2888 538 2945 591 et
2996 533 3376 600 annuntiant,
3403 532 3614 591 Christi
3657 538 3713 591 et

348 627 578 699 μεγάλης
602 633 690 681 καὶ
719 629 1000 689 καθολικῆς
1046 628 1358 690 Ἐκκλησίας
1395 626 1681 699 ἁγιώτατοι
1725 626 1949 694 καθηγε-

347 719 498 786 μόνες
536 721 626 767 καὶ
658 712 981 768 διδάσκαλοι
1011 721 1068 768 τὸ
1117 715 1243 767 αὐτὸ
1274 719 1521 791 φρονοῦσί
1558 732 1613 765 τε
1642 718 1731 764 καὶ
1760 715 1951 786 κηρυτ-

346 822 548 867 τουσιν,
594 808 659 864 ὡς
696 812 913 879 Χριστῷ
965 813 1038 875 τῷ
1096 812 1211 875 Θεῷ
1266 809 1355 856 καὶ
1420 810 1530 864 τοῖς
1594 801 1755 853 αὐτοῦ
1798 800 1951 873 ἱεροῖς

346 900 625 965 προσεχῶς
671 891 967 965 έφεπόμενοι
1015 894 1294 965 μαθηταῖς.
1340 890 1492 946 Ἀλλά
1529 896 1618 942 καὶ
1653 893 1894 961 Δάμασος
1924 890 1949 939 ὁ

347 979 643 1051 ἀγιὼτατος
687 984 908 1043 πάππας
933 981 1150 1054 Ῥώμης,
1188 986 1319 1055 πρὸς
1367 980 1619 1034 Παυλῖνον
1668 978 1949 1031 ἐπίσκοπον

344 1071 576 1141 γράφων,
607 1074 765 1141 φησίν
790 1092 804 1105 ·
838 1074 900 1122 Ei’
923 1090 999 1131 τις
1040 1076 1113 1143 μὴ
1143 1074 1277 1123 ε’ίποι
1308 1074 1366 1122 τὸ
1399 1077 1607 1141 Πνεῦμα
1632 1072 1693 1121 τὸ
1723 1068 1868 1138 ἄγιον
1894 1065 1948 1118 ἐκ

344 1164 439 1208 τοῦ
471 1160 676 1231 Πατρός
705 1154 832 1211 εἶναι
854 1156 1053 1219 ἀληθῶς
1098 1164 1188 1211 καὶ
1208 1164 1420 1231 κυρίως,
1470 1162 1539 1220 ὡς
1586 1163 1674 1209 καὶ
1713 1160 1800 1209 τὸν
1829 1157 1948 1207 Υίὸν

344 1248 437 1295 καὶ
477 1252 613 1297 Θεοῦ
643 1249 772 1299 Θεὸν
809 1252 997 1317 Λόγον,
1030 1246 1260 1319 ἀνάθεμα
1286 1251 1441 1303 ἔστω.
1472 1253 1571 1300 [αἱ
1602 1248 1631 1304 ἠ
1662 1242 1859 1315 ἑϐδόμη
1890 1240 1948 1295 δε

346 1330 565 1394 σύνοδος
592 1340 682 1386 καὶ
722 1335 854 1393 αῦτη
890 1354 1049 1406 φησιν
1068 1352 1081 1364 °
1113 1335 1284 1407 Ἡμεῖς
1312 1344 1373 1407 τῇ
1404 1334 1609 1407 ἀρχαίᾳ
1632 1335 1947 1405 θεσμοθεσίᾳ

342 1430 439 1479 τῆς
473 1422 789 1485 Ἐκκλησίας
836 1432 931 1485 τῆς
977 1424 1256 1485 καθολικῆς
1299 1424 1761 1495 έπακολουθοῦμεν,
1796 1424 1946 1493 ἡμεῖς

341 1514 464 1572 τοὺς
490 1513 716 1583 θεσμοὺς
738 1521 838 1565 τῶν
863 1512 1164 1565 ἀποστόλων
1195 1519 1283 1566 καὶ
1326 1518 1564 1587 Πατέρων
1604 1512 1942 1585 φυλάττομεν,

342 1600 489 1669 ἡμεῖς
527 1603 652 1661 τοὺς
687 1602 1062 1673 προστιθέντας
1088 1603 1118 1661 ἦ
1162 1601 1505 1674 ἀφαιροῦντάς
1532 1621 1582 1652 τι
1612 1599 1666 1652 έκ
1698 1608 1791 1661 τῆς
1824 1599 1943 1651 Ἐκ-

340 1687 562 1748 κλησίας
608 1688 1071 1763 ἀναθεματίζομεν.
1110 1690 1341 1752 Ἀκούεις
1382 1694 1477 1751 τὰς
1521 1689 1806 1761 ἀποφάσεις
1847 1698 1945 1740 τῶν

340 1775 505 1845 ἁγίων
542 1782 633 1828 καὶ
662 1786 764 1829 τῶν
797 1776 1053 1843 συνόδων,
1085 1784 1133 1830 τί
1172 1778 1563 1851 ἀποφαίνονται,
1592 1781 1671 1829 ὅτι
1702 1777 1758 1830 έκ
1786 1782 1946 1849 μόνης

2058 621 2494 694 discipulorum
2549 638 2796 679 suorum
2858 623 2993 694 jure
3041 621 3291 691 vestigia
3348 628 3708 693 prementes.

2060 710 2225 774 Quod
2246 717 2303 765 et
2318 712 2444 781 ipse
2462 714 2751 767 Damasus
2768 712 3185 767 sanctissimus
3203 726 3365 782 papa
3382 712 3709 777 Romanus,

2058 798 2315 869 epistola
2336 799 2414 855 ad
2440 800 2755 855 Paulinum
2779 800 3131 872 episcopum
3154 798 3329 855 dicit:
3356 799 3411 854 Si
3433 798 3571 871 quis
3588 812 3709 854 non

2060 892 2294 942 asserat
2324 889 2605 960 Spiritum
2646 896 2919 944 sanctum
2944 904 2979 944 a
3013 892 3198 955 Patre,
3222 888 3372 943 sicut
3404 886 3579 942 Filius
3614 886 3711 943 Dei

2058 980 2115 1029 et
2147 976 2399 1032 Verbum
2432 980 2606 1047 Deus,
2636 994 2785 1043 esse,
2816 978 3251 1033 sitanathema.
3289 976 3550 1049 Denique
3578 976 3711 1046 ipsa

2058 1064 2329 1132 synodus
2363 1068 2621 1138 septima
2651 1067 2811 1122 idem
2838 1067 3052 1122 asserit
3074 1066 3282 1121 dicens
3308 1068 3457 1121 :Nos
3472 1064 3711 1121 decreta

2042 1142 2466 1223 apostolorum
2500 1160 2553 1210 et
2585 1158 2822 1211 Patrum
2855 1154 3268 1219 observantes,
3300 1169 3414 1209 nos
3447 1152 3711 1224 antiquis

2057 1241 2291 1310 legibus
2322 1243 2593 1299 Ecclesiae
2624 1244 2930 1301 catholicae
2956 1244 3317 1313 insistentes,
3342 1258 3453 1299 nos
3482 1241 3708 1299 adden-

2058 1336 2144 1385 tes
2174 1331 2424 1403 aliquid,
2458 1339 2562 1389 aut
2587 1334 2875 1403 tollentes,
2899 1350 2972 1389 ex
3014 1333 3275 1389 Ecclesia
3303 1347 3705 1397 removemus,

2056 1424 2111 1472 et
2143 1420 2545 1476 anathematis
2576 1422 2815 1477 vinculo
2844 1419 3430 1477 innodamus.Audis
3446 1417 3711 1475 declara-

2058 1508 2245 1561 tiones
2278 1518 2645 1573 sanctorum,
2679 1519 2734 1565 et
2773 1508 3169 1581 synodorum,
3201 1508 3348 1580 quid
3406 1506 3711 1563 declarent

2054 1601 2113 1651 et
2144 1602 2430 1657 asset-ant.
2466 1614 2536 1653 ex
2569 1598 2697 1653 sola
2746 1598 3029 1653 nimirum
3061 1612 3320 1669 persona
3352 1596 3533 1652 Patris
3561 1594 3711 1651 divi-

2057 1701 2201 1740 num
2249 1687 2531 1757 Spiritum
2583 1689 2924 1743 immediate
2974 1686 3317 1758 procedere,
3362 1700 3467 1755 per
3499 1684 3707 1741 Filium

2055 1792 2215 1845 vero,
2246 1776 2629 1848 effulgentem
2660 1783 2718 1833 et
2759 1778 3207 1849 suppeditatum
3254 1776 3389 1831 filiis
3437 1774 3709 1845 adaptio-

338 1872 438 1926 τῆς
468 1874 726 1937 πατρικῆς
754 1868 1096 1929 ὑποστάσεως
1126 1866 1327 1939 ἀμέσως
1357 1872 1415 1921 τὸ
1457 1870 1587 1924 θεῖον
1618 1866 1947 1939 ἐκπορεύεται
1979 1871 2019 1924 Β
2056 1880 2093 1919 n

1940 1886 1947 1916 ι
1979 1871 2019 1924 Β
2056 1865 2169 1932 nis,
2198 1871 2442 1937 propter
2470 1868 2955 1937 conjunctionem
2997 1866 3267 1921 essentia:
3315 1870 3373 1919 et
3420 1866 3704 1919 unitatem

344 1958 575 2025 Πνεῦμα,
611 1950 686 2006 δι’
714 1954 838 2012 Υἰοῦ
878 1952 937 2008 δε
975 1964 1083 2018 τοῖς
1128 1958 1531 2029 υἰοθετουμένοις
1571 1955 1829 2027 έκλάμπον
1857 1967 1947 2013 καὶ

339 2046 734 2115 χορηγούμενον
776 2040 869 2097 διά
915 2064 970 2097 τε
1010 2049 1067 2097 τὸ
1118 2049 1339 2118 συναφὶς
1375 2054 1466 2106 τῆς
1510 2044 1695 2106 οὐσίας
1732 2050 1822 2095 καὶ
1852 2048 1946 2100 τὴν

342 2129 677 2205 ὀμοϐουλίαν.
704 2138 807 2186 Καὶ
836 2134 861 2184 ὁ
893 2135 1024 2194 θεῖος
1043 2130 1102 2186 δε
1130 2140 1219 2186 καὶ
1246 2139 1409 2205 μέγας
1432 2132 1721 2194 ἀπόστολος
1750 2131 1947 2191 Παῦλος

340 2226 415 2287 τῷ
436 2217 722 2292 ἀναθέματι
736 2228 1095 2295 παραπέμπων
1122 2228 1355 2295 φαίνεται
1384 2226 1506 2284 τοὺς
1529 2223 1865 2297 προστιθέναι
1895 2231 1946 2271 τι

339 2306 703 2378 τολμήσαντας
730 2318 839 2370 τοῖς
886 2318 980 2373 τῆς
1010 2315 1237 2372 πίστεως
1278 2308 1533 2382 δόγμασι,
1566 2310 1689 2385 παρ’
1719 2311 1745 2361 ὁ
1783 2313 1944 2381 παρέ·

338 2393 496 2447 λαϐον
528 2396 581 2458 ἐξ
611 2397 772 2450 αὐτοῦ
794 2408 993 2471 πρῶτον
1020 2408 1255 2474 Χριστοῦ
1294 2407 1386 2453 τοῦ
1414 2407 1547 2452 Θεοῦ
1578 2402 1744 2471 ἡμῶν,
1768 2401 1944 2451 ἔπειτα

337 2482 392 2535 έκ
430 2486 615 2537 τούτου
641 2506 696 2539 τε
734 2494 819 2539 καὶ
862 2496 970 2551 τοῖς
1008 2488 1211 2552 λοιποῖς
1240 2489 1545 2551 ἀποστόλοις
1568 2510 1655 2541 και
1678 2486 1942 2544 διδασκά-

335 2574 472 2636 λοις.
524 2582 709 2629 Καίτοι
737 2598 795 2650 γε
823 2579 972 2631 αὐτοί
1014 2579 1130 2632 έστε
1177 2583 1321 2652 ὑμεῖς
1353 2583 1401 2632 οἱ
1439 2582 1821 2655 προστιθέντες,
1851 2584 1941 2630 καὶ

334 2667 648 2737 προσθήκην
704 2666 1025 2741 έσφαλμένην
1076 2670 1207 2740 ἄγαν
1262 2689 1317 2721 τε
1380 2675 1470 2721 καὶ
1531 2671 1798 2743 αἱρετικην
1850 2672 1941 2719 καὶ

337 2751 591 2809 ἀντίθεον.
652 2761 738 2814 Μὴ
796 2765 965 2809 τοῖνυν
1029 2766 1120 2809 τοῦ
1171 2757 1353 2810 λοιποῦ
1416 2757 1629 2830 ἀμαθῶς
1675 2758 1941 2829 τολμήσῃς

340 2846 673 2913 σοφίζεσθαι,
706 2851 796 2898 καὶ
832 2843 1176 2917 ψευδοδοξεῖν
1219 2846 1292 2919 ἐφ’
1319 2847 1412 2919 ὕλη
1459 2852 1545 2899 καὶ
1587 2848 1847 2911 ὑποθέσει,
1883 2848 1941 2905 ἧς

336 2932 368 2987 ἡ
405 2930 621 2990 ἀλήθεια
677 2937 803 3006 ἡμῖν
859 2934 1107 3008 έκλάμπει
1146 2940 1215 2997 ὡς
1262 2941 1421 3008 μέγας
1462 2937 1603 2996 ἥλιος
1650 2935 1737 2987 ἀπ’
1771 2936 1939 2987 αὐτῶν

335 3028 540 3094 πρῶτον
575 3032 674 3074 τῶν
721 3025 867 3075 θείων
890 3025 1137 3099 ῥημάτων
1180 3033 1273 3077 τοῦ
1325 3030 1519 3096 Κυρίου
1548 3027 1577 3083 ἠ
1587 3033 1694 3097 μῶν
1720 3030 1809 3076 καὶ
1839 3033 1938 3075 τῶν

337 3111 501 3181 ἁγίων
555 3111 877 3179 ἀποστόλων,
924 3120 1015 3167 καὶ
1057 3124 1227 3187 σοφῶν
1282 3116 1550 3185 θεολόγων,
1593 3115 1642 3166 οἳ
1691 3120 1939 3186 γεγόνασι

337 3209 611 3275 φωστῆρες
636 3201 683 3253 ἓν
707 3208 911 3275 κόσμῳ,
943 3204 1093 3274 λόγον
1120 3206 1262 3266 ζωῆς
1286 3205 1581 3275 ἐπέχοντες.

413 3294 514 3340 Καὶ
571 3298 740 3341 ταῦτα
800 3294 889 3363 μεν
947 3290 1387 3363 ἀπελογησάμεθά
1446 3311 1531 3343 σοι
1584 3295 1711 3364 πρός
1778 3310 1831 3343 τε
1881 3295 1939 3343 τὸ

333 3382 541 3450 πρῶτον
574 3396 669 3429 σου
712 3379 925 3451 ζήτημα
954 3385 1044 3431 καὶ
1073 3385 1131 3432 τό
1172 3378 1427 3453 δεύτερον.

407 3464 474 3535 γ’.
520 3470 656 3540 Πρὸς
688 3464 747 3520 δέ
784 3472 843 3521 τὸ
881 3474 1053 3543 τρίτον
1087 3489 1182 3522 σου
1223 3470 1457 3541 ζήτημα,
1504 3468 1553 3521 έν
1658 3469 1821 3541 λέγεις
1860 3471 1941 3521 ὅτι

336 3552 387 3605 ἐν
412 3552 595 3627 ἀζύμῳ
634 3560 693 3608 τὸ
723 3565 875 3629 σῶμα
903 3566 995 3610 τοῦ
1028 3566 1261 3632 Χριστοῦ
1300 3558 1601 3622 τελειοῦται,
1647 3558 1820 3632 πορρω
1846 3567 1940 3618 τῆς

336 3642 582 3706 ἀληθείας
607 3647 739 3716 ἄγαν
768 3651 857 3698 καὶ
896 3656 1049 3699 τοῦτο
1088 3650 1430 3703 καθέστηκεν.
1482 3648 1592 3700 Οὐκ
1640 3645 1792 3709 οἶδας
1839 3651 1937 3719 γὰρ

335 3733 418 3783 ὅτι
448 3736 506 3783 τὸ
540 3736 672 3809 ἱερὸν
704 3734 1033 3806 Εὖαγγέλιον,
1067 3738 1187 3789 ἔνθα
1208 3734 1268 3795 ἦν
1298 3737 1498 3810 ἄζυμα,
1534 3740 1775 3809 καθαρῶς
1806 3738 1939 3789 αῦτά

336 3822 521 3894 ἄζυμα
566 3822 894 3898 ἐπονομάζει,
936 3824 1058 3878 ἔνθα
1106 3822 1165 3878 δε
1199 3822 1259 3883 ἦν
1299 3829 1470 3901 ἄρτος,
1512 3831 1674 3897 ἤγουν
1722 3830 1938 3897 ἔνζυμον

338 3914 575 3984 φύραμα,
604 3911 835 3986 ἐμφανῶς
863 3916 1019 3990 ἄρτον
1060 3921 1213 3987 φησί.
1245 3920 1332 3969 Διὸ
1373 3921 1462 3968 καὶ
1500 3916 1724 3988 λέγεται,
1756 3916 1853 3968 Ἦν
1880 3913 1939 3968 δὲ

334 4004 395 4052 τὸ
428 4003 628 4075 Πάσχα
652 4008 741 4055 καὶ
778 4007 845 4056 τά
892 4006 1093 4077 ἄζυμα,
1128 4010 1198 4058 Τὸ
1236 4009 1338 4081 γὰρ
1385 4014 1676 4063 τηνικαῦτα
1715 4008 1934 4078 Πάσχα,

333 4092 419 4142 ὅτε
450 4092 577 4143 αῦτό
603 4094 653 4148 οἰ
684 4089 934 4148 Ἰουδαῖοι
964 4093 1183 4159 ἐτέλουν,
1224 4098 1250 4147 ὁ
1280 4100 1515 4169 Χριστὸς
1556 4095 1841 4169 ἀπηώρητο
1869 4105 1939 4167 τῷ

335 4188 549 4255 σταυρῷ
573 4202 584 4214 ·
618 4188 707 4236 καὶ
748 4186 897 4246 σύνες
934 4188 993 4235 τὸ
1040 4184 1187 4256 λέγον
1228 4184 1556 4256 εὐαγγελικὸν
1607 4187 1787 4260 ῥητὸν,
1840 4192 1939 4238 Καὶ

333 4269 487 4321 αὐτοὶ
513 4270 607 4322 οὐκ
633 4271 874 4330 εἰσῆλθον
913 4274 981 4333 εἰς
1010 4277 1069 4325 τὸ
1109 4280 1447 4349 πραιτώριον,
1491 4276 1573 4327 ἶνα
1610 4280 1681 4347 μή
1710 4278 1933 4346 μιανθὼ-

336 4377 439 4413 σιν,
472 4357 581 4411 ἀλλ’
613 4362 696 4412 ἶνα
722 4364 932 4434 φάγωσι
956 4366 1014 4415 τὸ
1044 4366 1263 4435 Πάσχα.
1300 4368 1400 4416 Καὶ
1442 4368 1501 4416 τὸ
1528 4367 1618 4437 μὶν
1660 4368 1859 4435 Πάσχα
1890 4364 1939 4416 οἱ

336 4444 589 4501 Ἰουδαῖοι
618 4447 949 4524 ὀρθοστάδην
989 4451 1177 4505 έσθίειν
1202 4455 1625 4524 νενομοθέτηνται
1651 4475 1663 4487 ο
1697 4456 1722 4505 ὁ
1756 4450 1813 4505 δε
1839 4458 1936 4507 Κύ-

2056 1953 2406 2010 voluntatis.
2441 1958 2507 2011 Et
2552 1956 2729 2011 divus
2760 1971 3020 2025 magnus
3046 1954 3353 2027 apostolus
3380 1953 3603 2008 Paulus
3626 1953 3709 2006 vi-

2054 2042 2292 2098 debitur
2316 2044 2684 2100 anathemati
2724 2044 2957 2100 tradere
2987 2060 3092 2099 eos
3122 2044 3227 2116 qui
3256 2058 3328 2099 eo
3360 2040 3704 2097 temeritatis

2056 2131 2451 2205 abripiuntur,
2486 2138 2549 2189 ut
2596 2134 2823 2206 aliquid
2854 2134 3085 2190 addant
3138 2132 3275 2188 ﬁdei
3315 2128 3706 2200 dogmatibus

2054 2237 2190 2292 quae
2222 2223 2417 2293 primo
2448 2229 2693 2295 accepta
2724 2228 2858 2279 sunt
2899 2230 2956 2279 et
2994 2223 3208 2279 tradita
3247 2237 3283 2276 a
3331 2221 3558 2275 Christo
3588 2220 3705 2273 Deo

2054 2317 2279 2375 nostro,
2304 2320 2359 2366 et
2389 2318 2600 2383 postea
2643 2312 2721 2367 ab
2774 2311 2873 2367 illo
2926 2316 2982 2367 et
3028 2311 3258 2365 caeteris
3314 2306 3601 2381 apostolis
3650 2310 3708 2362 et

2052 2399 2573 2457 doctoribus.~Vos
2598 2418 2738 2457 vero
2768 2401 2883 2472 ipsi
2913 2401 3055 2457 estis
3082 2400 3186 2471 qui
3213 2398 3450 2467 additis,
3480 2402 3537 2452 et
3569 2395 3707 2468 qui—

2051 2488 2190 2543 dem
2246 2490 2615 2546 additionem
2670 2491 3054 2547 vehementer
3104 2504 3438 2556 erroneam,
3471 2484 3705 2542 haereti-

2052 2592 2186 2631 cam
2222 2622 2236 2646 ,
2294 2584 2350 2633 et
2407 2582 2523 2634 Deo
2578 2580 2960 2635 contrariam.
3015 2582 3095 2635 Ne
3133 2592 3276 2648 ergo
3330 2578 3704 2649 inposterum

2049 2666 2276 2723 audeas
2306 2669 2697 2740 sophisticum
2719 2684 2915 2739 agere,
2931 2674 2988 2724 et
3006 2667 3157 2724 falsa
3175 2668 3466 2734 dogmata
3486 2662 3706 2720 cudere

2049 2756 2108 2810 in
2143 2759 2390 2813 materia
2427 2765 2484 2813 et
2512 2758 2851 2830 hypothesi,
2880 2759 3053 2829 cujus
3073 2758 3292 2812 veritas
3316 2772 3429 2811 nos
3451 2754 3706 2809 illustrat

2050 2845 2202 2901 sicut
2254 2846 2343 2901 sol
2398 2864 2675 2916 magnus,
2720 2864 2858 2921 quae
2914 2848 3119 2903 lumen
3173 2862 3350 2902 suum
3394 2847 3705 2900 mutuatur

2048 2935 2245 3005 primo
2271 2952 2307 2991 a
2334 2937 2527 2992 verbis
2561 2938 2705 3009 ipsis
2734 2937 2967 2993 Domini
2998 2937 3204 3004 nostri,
3227 2935 3445 2991 deinde
3476 2949 3545 2988 ex
3574 2948 3703 2987 ver-

2046 3024 2140 3078 bis
2167 3032 2511 3081 sanctorum
2555 3027 2985 3100 apostolorum,
3038 3033 3095 3082 et
3144 3025 3560 3096 theologorum
3608 3040 3701 3079 sa-

2050 3113 2286 3168 niorum
2319 3121 2374 3169 et
2416 3116 2871 3183 sapientiorum,
2902 3115 3007 3188 qui
3036 3122 3098 3170 ut
3127 3115 3324 3170 sidera
3366 3114 3425 3169 in
3470 3112 3699 3169 mundo

1970 3218 2011 3274 ρ
2049 3201 2381 3271 radiarunt,
2407 3211 2711 3259 servantes
2744 3205 2994 3259 verbum
3017 3205 3172 3259 vitae.

2124 3293 2187 3345 Et
2228 3292 2356 3346 haec
2387 3299 2525 3347 sunt
2557 3293 2828 3348 vindicias
2869 3300 3086 3349 nostra:
3116 3293 3194 3349 ad
3221 3295 3479 3365 primam
3518 3297 3575 3348 et
3612 3307 3703 3346 se-

2048 3379 2314 3435 cundam
2342 3386 2505 3436 tuam
2536 3382 2951 3453 quaestionem.

2120 3472 2171 3523 3.
2192 3469 2548 3526 Accedimus
2572 3487 2710 3526 vero
2732 3473 2808 3528 ad
2835 3473 3072 3529 tertium
3098 3472 3421 3544 quaesitum
3442 3476 3608 3527 tuum
3642 3469 3700 3524 in

2049 3572 2172 3627 quo
2203 3558 2351 3613 dicis
2380 3559 2543 3632 quod
2577 3576 2796 3632 corpus
2823 3561 3029 3617 Christi
3048 3561 3363 3616 conﬁcitur
3384 3560 3440 3615 in
3465 3574 3701 3630 azymo.

2047 3647 2211 3718 quod
2237 3652 2391 3703 certe
2422 3665 2457 3704 a
2490 3651 2727 3706 veritate
2758 3659 2879 3707 tam
2908 3658 2997 3707 est
3024 3651 3289 3707 alienum
3324 3666 3509 3723 quam
3536 3648 3705 3721 quod

2050 3738 2337 3793 maxime.
2372 3739 2567 3793 Nescis
2597 3741 2755 3795 enim
2789 3740 2955 3812 quod
2988 3745 3263 3796 sanctum
3290 3738 3702 3809 Evangelium,

2051 3824 2153 3880 ubi
2183 3842 2535 3898 azymorum
2553 3830 2809 3885 occurrit
2834 3831 3058 3887 mentio
3080 3830 3374 3898 facienda,
3399 3845 3470 3884 ea
3490 3844 3706 3900 azyma

2049 3912 2202 3969 clare
2229 3921 2285 3970 et
2312 3917 2568 3973 rotunde
2611 3920 2978 3990 pronuntiat.
3015 3919 3123 3975 Ubi
3155 3935 3294 3974 vero
3324 3924 3413 3974 est
3441 3918 3618 3991 panis
3650 3922 3708 3971 et

2047 4001 2403 4061 fermentata
2433 4022 2660 4073 massa,
2709 4007 3024 4064 manifeste
3056 4024 3277 4080 panem
3328 4011 3625 4062 memorat
3649 4011 3707 4061 et

2046 4095 2235 4148 notat.
2295 4093 2436 4149 Ideo
2484 4094 2723 4153 dicitur.
2768 4099 2903 4153 Erat
2954 4097 3186 4153 Pascha
3241 4103 3297 4152 et
3354 4095 3705 4151 solemnitas

2047 4196 2427 4252 azymorum.
2475 4186 2554 4239 Eo
2613 4201 2749 4240 vero
2779 4202 2903 4259 quo
2953 4186 3141 4242 Judtei
3173 4185 3401 4241 Pascha
3444 4183 3706 4239 celebra-

2045 4268 2195 4324 bant
2224 4276 2515 4343 tempore,
2549 4273 2812 4329 Christus
2844 4277 2902 4329 in
2936 4291 3174 4330 crucem
3195 4281 3405 4346 raptus
3434 4279 3488 4328 et
3514 4271 3705 4327 elatus

2049 4356 2175 4427 fuit,
2235 4365 2293 4415 et
2345 4363 2883 4419 animadvertenda
2926 4370 3064 4420 sunt
3095 4364 3281 4419 verba
3334 4360 3701 4430 evangelica.

2048 4446 2135 4502 llli
2166 4463 2288 4503 non
2319 4450 2571 4519 ingressi
2602 4459 2740 4507 sunt
2771 4454 3136 4524 praetorium,
3168 4468 3242 4507 ne
3273 4452 3703 4524 polluerentur,

332 4556 448 4611 ριος
470 4538 739 4612 προλαϐὼν
755 4539 804 4592 έν
824 4549 897 4612 τί)
914 4550 1155 4614 μυστικῷ
1178 4538 1373 4613 δείπνῳ
1390 4546 1448 4594 re
1474 4542 1715 4600 ἀληθινὸν
1740 4546 1939 4616 Πάσχα
1972 4571 2013 4625 ι)
2048 4552 2096 4591 St

1972 4571 2013 4625 ι)
2048 4535 2154 4591 sed
2183 4540 2568 4595 comederrnt
2595 4542 2817 4597 Pascha
2844 4561 2856 4609 ;
2889 4548 2946 4598 et
2971 4542 3191 4597 Judaeis
3228 4542 3322 4597 lex
3354 4545 3480 4596 erat
3510 4539 3704 4612 posita

332 4634 445 4689 τοῖς
471 4630 732 4699 μαθηταῖς
752 4639 1114 4702 μυσταγωγῶν
1138 4636 1229 4683 καὶ
1252 4629 1584 4705 παραδιδοὺς
1612 4632 1938 4705 ἀνακείμενος

333 4716 445 4788 μετ’
475 4716 641 4769 αὐτῶν
668 4721 828 4788 ἔσθιε,
860 4722 1034 4781 καθὼς
1062 4725 1121 4772 τὸ
1155 4723 1286 4794 ἱερὸν
1318 4718 1563 4784 διέξεισιν
1605 4722 1935 4793 Εὑαγγελιον.

335 4804 529 4875 Ὀψίας
581 4803 641 4861 δε
704 4812 982 4881 γενομένης
1047 4809 1271 4863 ἀνέκειτο
1336 4815 1467 4887 μετὰ
1519 4820 1618 4863 τῶν
1687 4808 1936 4867 δώδεκα·

333 4892 613 4947 έσθιόντων
650 4892 711 4949 δε
747 4897 939 4969 αὐτῶν,
966 4897 1136 4951 λαϐὼν
1168 4900 1193 4952 ὁ
1222 4899 1429 4961 Ἰησοῦς
1455 4903 1634 4975 ἄρτον,
1665 4906 1755 4953 καὶ
1794 4900 1939 4954 εὐλο-

331 4989 507 5058 γήσας
546 4985 730 5039 έκλασε
780 4992 871 5042 καὶ
922 4983 1109 5042 ἐδίδου
1157 4997 1266 5052 τοῖς
1306 4992 1582 5063 μαθηταῖς.
1639 4996 1740 5043 Καὶ
1780 4986 1939 5050 δῆλον

330 5072 560 5153 ἐντεῦθεν
585 5076 666 5128 ὄτι
691 5079 751 5129 τὸ
774 5073 1068 5131 Ἰουδαϊκὸν
1096 5078 1191 5131 οὐκ
1223 5076 1283 5138 ἧν
1316 5081 1535 5151 Πάσχα,
1569 5082 1689 5133 ἔνθα
1718 5077 1853 5153 ᾖσαν
1874 5084 1939 5133 τὰ

328 5164 533 5237 ἄζυμα,
557 5163 688 5218 ἀλλὰ
707 5170 766 5219 τὸ
792 5172 1051 5239 μυστικὸν
1072 5173 1162 5221 καὶ
1186 5168 1445 5227 ἀληθινόν.
1474 5192 1497 5220 ε
1528 5170 1814 5243 Ἐπιθυμίᾳ
1835 5173 1937 5245 γὰρ

328 5252 655 5327 έπιθύμησα,
686 5277 710 5305 ι
732 5260 915 5329 φησὶν,
936 5278 958 5306 ε
984 5263 1137 5309 τοῦτο
1159 5262 1218 5310 τὸ
1241 5261 1443 5330 Πάσχα
1464 5266 1643 5331 φαγεῖν
1664 5261 1775 5332 μεθ’
1796 5261 1937 5332 ὑμῶν

324 5346 430 5417 πρὸ
459 5351 551 5395 τοῦ
577 5363 641 5417 με
659 5342 862 5411 παθεῖν,
884 5366 911 5395 ››
928 5342 1203 5409 δεικτικῶς
1223 5356 1379 5400 τοῦτο
1407 5346 1835 5423 ἀποφαινόμενος.
1850 5352 1937 5402 Διὸ

326 5436 485 5509 ἄρτος
508 5432 557 5486 έν
579 5432 796 5508 ἀληθείᾳ
821 5432 903 5503 ἧν,
930 5440 1093 5508 ἤγουν
1119 5438 1338 5510 ἔνζυμον
1364 5442 1596 5513 φύραμα,
1625 5438 1720 5491 κᾶν
1744 5444 1938 5514 μυρίας

324 5523 493 5596 λόγων
523 5529 751 5597 ματαίας
782 5530 1079 5602 συμφέρητε
1115 5526 1428 5599 λεσχηνείας
1458 5533 1547 5580 καὶ
1578 5528 1853 5603 φλυαρίας.
1920 5552 1923 5555 ·

2046 4640 2171 4697 qua
2198 4631 2422 4685 stantes
2449 4628 2665 4685 festum
2700 4630 3003 4686 Paschatis
3032 4630 3337 4687 debebant
3367 4629 3696 4685 celebrare.

2050 4713 2339 4774 Dominus
2368 4732 2510 4773 vero
2541 4724 2941 4785 antevertens,
2975 4724 3030 4774 et
3053 4718 3229 4791 quasi
3256 4718 3614 4790 anticipans,
3645 4716 3708 4771 in

2049 4804 2307 4873 mystica
2338 4821 2530 4871 creua,
2554 4822 2764 4862 verum
2792 4807 3023 4863 Pascha
3054 4808 3304 4880 mystice
3326 4822 3623 4879 peragens
3650 4809 3708 4859 et

2048 4894 2294 4949 tradens
2322 4894 2635 4968 discipulis
2660 4913 2797 4953 cum
2825 4897 2937 4953 illis
2963 4914 3187 4954 mensae
3218 4897 3572 4954 accumbens
3598 4910 3704 4950 co-

2049 4984 2255 5050 medit,
2285 4984 2441 5041 sicut
2476 4985 2591 5042 hoc
2646 4986 2911 5043 declarat
2966 4994 3241 5044 sanctum
3292 4985 3703 5056 Evangelium.

2047 5075 2395 5147 Vespe'rtino
2476 5080 2748 5148 tempore
2818 5077 3101 5154 accubuit
3177 5094 3317 5134 cum
3383 5072 3703 5133 duodecim

2048 5163 2370 5239 Apostolis,
2400 5164 2515 5221 illis
2546 5181 2687 5221 vero
2717 5166 3202 5232 comedentibus,
3230 5182 3367 5223 cum
3398 5169 3571 5222 Jesus
3599 5180 3704 5240 pa-

2046 5254 2565 5326 nem‘accepisset,
2596 5253 2760 5311 illum
2794 5255 3120 5322 benedixit,
3150 5260 3202 5313 et
3233 5256 3421 5325 fregit,
3454 5262 3509 5312 et
3542 5255 3709 5312 dedit

2047 5340 2379 5415 discipulis,
2424 5344 2563 5399 hinc
2618 5343 2933 5400 manifeste
2971 5345 3319 5414 ostendens,
3366 5345 3530 5419 quod
3582 5360 3704 5401 non

2047 5435 2175 5486 erat
2218 5433 2533 5487 Judaicum
2580 5434 2823 5501 Pascha,
2880 5434 2939 5488 in
2998 5448 3119 5507 quo
3172 5450 3387 5507 azyma
3431 5433 3707 5491 solebant

2046 5523 2349 5593 usurpari,
2380 5522 2486 5577 sed
2516 5538 2725 5578 verum
2757 5529 2812 5579 et
2838 5524 3161 5595 mysticum
3194 5525 3422 5580 Pascha
3478 5547 3513 5572 ι
3536 5524 3705 5579 Desi-

2043 5611 2231 5679 derio,
2260 5612 2474 5684 inquit,
2515 5612 2856 5669 desideravi
2895 5614 3212 5670 comedere
3244 5615 3560 5672 vobiscum
3590 5616 3706 5672 hoc

2042 5701 2272 5758 Pascha
2300 5706 2628 5776 antequam
2655 5703 2849 5776 patiar
2872 5706 2914 5776 ‘,
2952 5726 2973 5753 ι
3008 5704 3123 5761 hoc
3154 5706 3361 5777 ipsum
3388 5705 3703 5763 manifeste
