4468 6440
794 404 903 462 479

1983 389 2336 449 MANUELIS
2373 387 2595 448 MAGNI
2630 390 2978 450 RHETORIS

4056 405 4158 465 480

791 531 851 586 et
867 521 1340 584 demonstrativa
1381 518 1722 578 declarans.
1761 517 1898 575 Ideo
1937 519 2172 574 constat
2221 531 2361 574 vere
2416 530 2642 589 panem
2699 515 2903 590 fuisse,
2945 532 3054 576 seu
3105 535 3377 583 massam
3427 525 3723 587 fermento
3767 530 4154 601 maceratam,

792 614 1024 675 etiamsi
1070 616 1282 671 contra
1331 609 1686 667 innumeras
1729 606 2070 678 congeratis
2122 605 2448 663 verborum
2476 605 2759 679 ineptias,
2788 620 2988 677 nugas
3015 612 3073 666 et
3090 607 3420 674 futilitates.

866 744 984 798 4-5.
1015 735 1190 805 Quod
1208 735 1288 792 ad
1317 734 1518 807 ignem
1545 731 1984 806 purgatorium,
2010 729 2212 787 nullus
2228 729 2454 786 exsistit
2485 731 2534 786 Α

2394 729 2454 786 lit
2485 731 2534 786 Α
2636 727 2772 786 δ’-ε’.
2803 729 2920 784 Ἔτι
2956 734 3306 811 καθαρτήριον
3345 745 3450 815 πῦρ
3477 735 3597 794 οὐδ’
3616 740 3740 803 ὅλως
3777 742 4009 816 ὑπάρχει
4029 743 4158 814 μετὰ

795 831 936 904 post
962 829 1241 893 mortem,
1294 839 1400 880 seu
1451 821 1592 878 hinc
1634 821 2059 891 migrationem
2096 823 2153 876 et
2203 818 2450 874 exitum.

796 920 897 974 Est
951 915 1177 988 quippe
1225 911 1379 968 fetus
1437 910 1734 967 haereseos
1775 907 2169 979 Origenianas,
2195 905 2452 979 ideoque

795 1004 966 1063 illum
1019 1006 1084 1059 ut
1139 999 1570 1072 blasphemum
1625 995 1814 1068 rejicit
1859 1001 1917 1052 et
1954 995 2174 1051 divinas
2219 993 2452 1050 veritati

793 1093 1162 1152 contrarium
1202 1088 1464 1146 Ecclesia
1509 1091 1718 1144 nostra
1765 1089 1974 1142 sancta
2003 1089 2061 1142 et
2087 1083 2449 1151 orthodoxa,

795 1188 854 1242 et
892 1198 997 1239 eos
1025 1181 1130 1254 qui
1167 1179 1346 1236 istam
1385 1176 1742 1234 sententiam
1783 1179 2023 1232 tuentur
2046 1175 2181 1246 jure
2210 1173 2451 1230 anathe-

793 1273 940 1330 mati
971 1269 1346 1342 subjicimus.
1380 1289 1408 1317 «
1443 1271 1506 1323 In
1528 1266 1732 1323 inferis
1762 1266 1990 1338 quippe
2015 1264 2152 1337 quis
2182 1262 2288 1319 tibi
2313 1277 2450 1318 con-

793 1360 1106 1419 ﬁtebitur?
1140 1379 1164 1410 ι
1198 1356 1392 1430 inquit
1413 1354 1921 1426 Psalmographus
1941 1355 1984 1418 ⁵,
2015 1352 2077 1407 id
2098 1355 2202 1423 est,
2227 1350 2449 1408 nullus.

793 1449 1173 1507 Tentationes
1223 1461 1366 1503 vero
1404 1445 1476 1501 iis
1535 1444 1638 1516 qui
1673 1443 1956 1516 praesenti
2004 1441 2129 1497 vita
2174 1441 2453 1496 fruuntur

791 1539 987 1597 illatas
1018 1553 1056 1594 a
1107 1539 1227 1593 Deo
1267 1539 1510 1608 propter
1563 1532 1849 1605 quaedam
1906 1535 2171 1604 peccata,
2200 1534 2255 1586 et
2310 1545 2451 1586 cum

791 1626 1084 1701 patientia
1113 1625 1415 1693 toleratas,
1463 1626 1521 1678 et
1571 1621 1650 1678 ad
1700 1621 1888 1678 Deum
1941 1636 2078 1675 cum
2119 1619 2450 1689 gratiarum

792 1716 1029 1776 actione
1059 1713 1299 1784 relatas,
1332 1727 1437 1768 eas
1465 1710 1724 1768 dicimus
1764 1724 1893 1765 esse
1934 1709 2196 1781 speciem
2238 1723 2451 1780 quam-

791 1805 938 1862 dam
969 1803 1125 1875 ignis
1165 1801 1529 1875 purgatorii;
1564 1799 1920 1873 probatione
1951 1797 2176 1871 quippe
2198 1797 2449 1853 istarum

791 1892 1191 1950 tentationum
1204 1890 1284 1947 ad
1304 1889 1757 1946 instructionem
1780 1887 2142 1943 inﬂictarum
2161 1885 2450 1956 contingit

2565 821 2782 874 θάνατον
2839 827 2930 875 καὶ
2987 829 3081 883 τὴν
3120 824 3292 882 ἐνθίδε
3359 829 3661 904 ἀπαλλαγὴν
3717 836 3807 885 καὶ
3848 831 4154 887 ἀποϐίωσιν.

2560 915 2726 962 Τοῦτο
2773 913 2875 984 γὰρ
2923 919 3014 975 τῆς
3066 915 3358 990 Ὠριγίνους
3389 922 3632 994 αἱρίσεῶς
3671 920 3809 974 ἔστιν
3853 920 4155 993 ἀποκύημα,

2563 994 2650 1051 διὸ
2707 1001 2775 1062 ὡς
2833 999 3145 1076 βλάσφημον
3202 1011 3291 1059 καὶ
3332 1006 3588 1062 ἀντίθετον
3768 1012 3880 1082 θείᾳ
3944 1009 4158 1082 ἀληθείᾳ

2561 1090 2767 1161 μακρὰν
2829 1087 3084 1166 ἀπερρίφη
3141 1102 3237 1156 τῆς
3296 1096 3412 1149 καθ’
3448 1099 3590 1171 ἡμᾶς
3654 1095 3938 1172 ὄρθοδὸξου
4005 1098 4160 1170 ἁγίας

2560 1174 2892 1246 Ἐκκλησίας,
2946 1185 3188 1244 καὶτοὺς
3237 1183 3369 1236 οὕτω
3408 1193 3714 1260 φρονοῦντας
3756 1195 3828 1259 τῷ
3877 1185 4159 1259 ἀναθίματι

2561 1263 2775 1329 ἐνδίκως
2803 1267 3173 1343 ὑποϐάλλομεν.
3208 1295 3229 1321 ι
3258 1272 3339 1326 Ἐν
3363 1276 3461 1349 γὰρ
3489 1282 3561 1346 τῷ
3591 1272 3695 1348 ᾅδῃ
3733 1280 3814 1338 τίς
3843 1275 4158 1348 ἐξομολογή-

2563 1360 2710 1408 σεταί
2751 1376 2853 1423 σοι,
2895 1379 2914 1405 ι
2969 1363 3128 1431 φησὶν
3167 1361 3192 1413 ὁ
3260 1359 3567 1435 Ψαλμῳδός,
3634 1363 3748 1417 ἀντὶ
3795 1364 3909 1430 τοῦ,
3960 1360 4156 1425 οὐδείς.

2559 1447 2689 1504 Τοὺς
2736 1447 2811 1496 ἔτι
2847 1441 2906 1498 δι
2951 1453 3024 1517 τῷ
3071 1451 3291 1521 παρόντι
3336 1457 3579 1524 περιοῦσι
3626 1448 3729 1524 βίῳ
3769 1450 4160 1526 ἐπιφερομένους

2559 1536 2885 1606 πειρασμούς
2915 1542 3005 1587 τοῦ
3037 1543 3170 1588 Θεοῦ
3217 1546 3623 1613 συγχωροῦντος
3662 1536 3755 1593 διά
3805 1560 3949 1602 τινας
3996 1539 4162 1612 ἀμαρ-

2559 1625 2696 1690 τίας,
2724 1626 2813 1674 καὶ
2851 1624 2966 1695 μεθ’
2998 1625 3261 1698 ὑπομονῆς
3313 1625 3664 1701 ἀνεχομένοις,
3711 1633 3801 1681 καὶ
3832 1629 4161 1701 εὐχαρίστως

2559 1714 2685 1786 πρὸς
2737 1715 2866 1764 Θεὸν
2925 1711 3295 1788 ἀνακειμένοις,
3337 1721 3548 1780 τούτους
3595 1721 3757 1792 φαμεν
3814 1719 3964 1791 ἡμεῖς
4033 1713 4160 1771 εἶναι

2559 1802 2733 1874 ὥσπερ
2763 1821 2816 1854 τι
2844 1804 3195 1878 καθαρτήριον
3225 1813 3352 1880 πῦρ.
3384 1812 3458 1880 Τῇ
3509 1809 3610 1881 γὰρ
3649 1812 3841 1883 χρονίᾳ
3868 1811 4023 1881 πείρᾳ
4059 1815 4158 1859 τῶν

2557 1893 2804 1942 τοιούτων
2834 1901 3137 1965 πειρασμῶν
3162 1890 3517 1958 παιδευτικῶς
3546 1895 3937 1972 ἕπιφερομένων,
3973 1897 4158 1949 καθαί-

789 1980 1097 2054 quosdam
1120 1976 1432 2035 emendari
1461 1981 1518 2034 et
1547 1993 1584 2034 a
1611 1975 1873 2049 peccatis
1902 1974 2171 2047 purgari.
2208 1976 2278 2030 Ut
2309 1989 2448 2029 cum
2479 1975 2519 2030 Β

2391 1989 2448 2029 m
2479 1975 2519 2030 Β
2556 1981 2742 2054 ρεσθαι
2785 1980 3059 2053 συμϐαίνει
3089 1985 3232 2046 τινὰς
3269 1982 3323 2046 ἕξ
3349 1983 3642 2060 ἁμαρτιῶν
3677 1986 3747 2048 ὡς
3775 1989 3834 2038 τὸ
3879 2008 3900 2035 ι
3936 1984 4155 2044 Διὴλθο-

790 2069 1009 2126 dicitur
1041 2087 1054 2125 :
1091 2089 1120 2118 ‹‹
1141 2065 1550 2123 Transivimus
1579 2080 1686 2137 per
1704 2063 2001 2135 ignem,et
2021 2078 2127 2135 per
2145 2077 2393 2134 aquam,
2423 2086 2442 2112 ι

788 2161 866 2230 et,
900 2180 921 2208 ι
955 2160 1071 2214 Nos
1092 2155 1337 2212 tandem
1368 2152 1670 2210 deduxisti
1702 2153 1778 2210 ad
1800 2152 2001 2208 locum
2029 2150 2320 2222 refrigerii
2338 2152 2383 2206 ⁸.
2417 2172 2446 2200 n

789 2250 858 2304 Et
892 2246 943 2302 si
971 2249 1106 2318 post
1143 2246 1401 2301 mortem
1423 2242 1554 2299 talis
1583 2241 1828 2298 daretur
1848 2240 2003 2311 ignis
2029 2240 2134 2313 qui
2164 2244 2451 2312 purgaret

788 2336 1026 2394 animas
1082 2339 1221 2391 ante
1273 2333 1435 2390 diem
1477 2331 1709 2404 judicii,
1761 2336 1825 2387 ut
1862 2330 2021 2387 male
2072 2329 2444 2401 existimatis,

788 2441 1004 2484 omnes
1034 2424 1253 2481 anima:
1291 2427 1696 2496 purgarentur
1726 2425 1848 2478 tam
1899 2419 2084 2491 longo
2122 2424 2180 2476 et
2214 2419 2450 2476 infinito

791 2513 1079 2588 temporis
1127 2512 1463 2576 intervallo,
1501 2516 1560 2568 et
1603 2510 1769 2568 nulla
1796 2511 2152 2584 reperiretur
2181 2513 2450 2582 tempore

784 2605 1017 2679 judicii,
1077 2620 1214 2678 quas
1273 2603 1476 2661 adhuc
1541 2602 1736 2676 pmnis
1801 2607 1859 2658 et
1923 2600 2236 2673 suppliciis
2296 2604 2452 2657 esset

791 2694 1078 2753 obnoxia.
1103 2693 1266 2751 Adeo
1284 2697 1349 2749 ut
1376 2692 1596 2749 frustra
1614 2691 1842 2748 dictum
1865 2689 2072 2746 fuisset
2099 2706 2136 2746 a
2158 2689 2410 2747 Domino
2431 2707 2444 2745 :

793 2807 815 2834 ι
855 2786 923 2840 Ει
965 2783 1061 2839 isti
1110 2781 1190 2839 ad
1233 2786 1521 2838 aeternum
1571 2779 1937 2853 supplicium
1981 2778 2255 2848 abibunt,
2301 2777 2450 2848 justi

785 2889 930 2930 vero
959 2872 1038 2930 ad
1059 2872 1245 2929 vitam
1272 2877 1560 2928 aeternam
1579 2872 1624 2924 ⁷.
1653 2891 1682 2919 ι)
1722 2873 1933 2926 Evum
1972 2884 2115 2926 vero
2146 2873 2235 2924 est
2271 2868 2450 2941 parti-

787 2978 929 3035 ceps
968 2961 1332 3018 aeternitatis.
1361 2959 1676 3016 Eternitas
1705 2974 1848 3014 vero
1887 2973 1999 3015 nec
2047 2961 2136 3014 est
2183 2961 2444 3030 tempus,

785 3067 896 3109 nec
944 3067 1087 3124 pars
1126 3049 1440 3123 temporis,
1481 3064 1626 3105 nam
1682 3063 1804 3104 non
1857 3052 1948 3104 est
1997 3046 2445 3103 mensurabilis.

2556 2087 2648 2141 μεν
2675 2064 2769 2121 διὰ
2799 2073 2961 2145 πυρὸς
2989 2076 3079 2124 καὶ
3108 2069 3321 2142 ὕδατος,
3350 2095 3371 2122 ι
3407 2077 3516 2146 καὶ,
3554 2096 3576 2123 ι
3615 2073 3894 2146 Ἐξὴγαγις
3921 2075 4066 2147 ἡμᾶς
4085 2073 4158 2136 εἰς

2559 2156 2862 2230 ἀναψυχήν.
2908 2182 2928 2207 ι
2981 2161 3042 2212 Εἰ
3090 2157 3142 2213 δ’
3173 2158 3236 2220 ἦν
3277 2167 3510 2215 τοιοῦτον
3563 2147 3615 2214 τι
3660 2171 3764 2237 πῦρ
3805 2165 4154 2238 καθαρτήριον

2557 2250 2689 2320 μετά
2716 2249 2932 2300 θάνατον
2961 2257 3062 2301 τῶν
3091 2249 3283 2322 ψυχῶν
3314 2254 3414 2326 πρὸ
3452 2261 3542 2313 τῆς
3569 2256 3803 2328 κρίσεως,
3832 2255 3902 2314 ὡς
3930 2259 4157 2326 φρονεῖτε

2557 2337 2700 2408 ὑμεῖς
2763 2345 2955 2404 κακῶς,
2999 2339 3054 2390 αἱ
3103 2337 3282 2411 ψυχαὶ
3332 2337 3392 2394 δι
3447 2347 3617 2393 πᾶσαι
3682 2348 3754 2412 τῷ
3805 2349 3898 2394 τοῦ
3959 2345 4155 2415 χρόνου

2559 2423 2754 2500 ἀπείρῳ
2773 2431 2930 2500 μήκει
2960 2426 3327 2503 ἕκαθάρθησαν
3359 2429 3440 2500 ἂν,
3472 2436 3562 2483 καὶ
3591 2426 3817 2504 οὐδεμία
3859 2431 3910 2484 ἐν
3956 2439 4029 2502 τῷ
4066 2439 4157 2491 τῆς

2556 2521 2779 2589 κρίσεως
2817 2516 2996 2592 εὑρέθη
3030 2526 3194 2592 καιρῷ
3233 2518 3446 2573 κολάσει
3485 2516 3761 2583 ὑπόδικος.
3791 2519 3951 2574 Ὠστε
3987 2522 4157 2592 μάτην

2556 2604 2788 2658 λέλεκται
2839 2615 2912 2678 τῷ
2958 2612 3132 2682 Κυρίῳ
3163 2611 3242 2675 τὸ,
3291 2631 3312 2659 ι
3359 2609 3459 2662 Καὶ
3502 2608 3873 2663 ἀπελεύσονται
3916 2605 4058 2662 οὗτοι
4088 2609 4160 2672 εἰς

2557 2692 2773 2746 κόλασιν
2823 2695 3048 2762 αἰώνιον,
3091 2699 3140 2749 οἱ
3189 2693 3249 2750 δι
3295 2693 3498 2751 δίκαιοι
3539 2698 3605 2759 εἰς
3659 2699 3799 2760 ζωὴν
3854 2699 4081 2753 αἰώνιον.
4134 2721 4152 2747 ι

2559 2783 2774 2836 Αἰώνιον
2805 2780 2865 2836 δι
2904 2788 2960 2836 τό
2999 2790 3220 2858 μετέχον
3275 2787 3479 2848 αἰῶνος.
3535 2787 3669 2839 Αἰὼν
3709 2785 3769 2840 δε
3816 2792 3932 2840 οὔτε
3968 2792 4158 2860 χρόνος

2557 2873 2675 2925 οὔτε
2704 2878 2901 2946 χρόνου
2930 2893 2982 2926 τι
3008 2879 3193 2948 μέροςο
3231 2872 3354 2928 add“:
3391 2879 3493 2950 γὰρ
3518 2880 3772 2951 μετρητόν
3802 2897 3815 2910 ·
3841 2876 3966 2930 ὠσεί
3996 2877 4159 2948 ῖλεγεν

2557 2959 2888 3021 ἀτελεύτητον
2945 2963 3035 3015 καί
3097 2962 3391 3038 ἀπέροντον.
3458 2964 3611 3039 Ὀρᾲς
3684 2967 3762 3018 ὅτι
3825 2968 3921 3018 κάν
3993 2967 4159 3038 τούτῳ

2557 3059 2831 3123 προφανῶς
2855 3049 3314 3126 ἀντιφθεγγόμενοι
3339 3053 3454 3106 ἐστε
3472 3061 3544 3126 τῷ
3579 3058 3773 3128 Κυρίῳ.

789 3116 966 3198 Unde
983 3140 1201 3198 dicitur
1226 3116 1353 3196 sine
1377 3116 1497 3195 ﬁne
1523 3143 1579 3195 et
1612 3138 1884 3195 termino.
1909 3137 2082 3193 Vides
2112 3151 2256 3207 ergo
2284 3136 2450 3210 quod
2479 3116 2520 3172 θ

785 3231 848 3288 in
873 3246 945 3288 eo
975 3230 1157 3287 etiam
1191 3228 1445 3286 Domino
1475 3228 1792 3285 manifeste
1818 3226 2242 3284 contradicitis.

965 3447 1346 3518 Responsum
1379 3442 1457 3500 ad
1477 3442 1752 3517 quintam
1777 3441 2331 3514 interrogationem,
2361 3458 2500 3516 quae
2540 3447 2630 3501 est
2657 3444 2744 3501 De
2761 3444 3038 3514 primatu
3063 3459 3263 3516 papae,
3289 3444 3566 3503 consulto
3586 3445 3941 3503 omittimus.

857 3647 907 3698 6.
934 3641 1238 3715 Baptisma
1257 3656 1400 3697 vero
1422 3640 1483 3696 in
1505 3639 1751 3697 nomine
1781 3639 1989 3708 Patris,
2011 3643 2069 3696 et
2090 3639 2210 3696 Filii
2233 3642 2291 3695 et
2321 3639 2446 3712 Spi-

782 3732 930 3789 ritus
961 3732 1172 3798 sancti,
1218 3747 1359 3787 cum
1408 3729 1595 3787 tribus
1648 3727 2144 3785 immersionibus
2193 3729 2448 3786 admini-

784 3819 1404 3891 stratum,secundum
1420 3834 1652 3876 morem
1675 3818 2090 3891 apostolorum
2103 3822 2160 3874 et
2183 3821 2443 3888 Patrum,

783 3911 1178 3981 admittimus,
1205 3910 1372 3984 quod
1393 3925 1517 3966 non
1543 3913 1637 3966 est
1655 3908 1816 3965 idem
1839 3924 1977 3964 cum
2005 3923 2075 3964 eo
2091 3908 2258 3980 quod
2279 3909 2445 3981 apud

780 4017 893 4058 vos
925 4005 1272 4072 usurpatur.
1303 4002 1420 4056 Nos
1437 3999 1664 4072 quippe
1685 3998 1944 4054 dicimus
1965 3997 2026 4054 in
2057 3997 2318 4054 formula
2343 3997 2446 4054 ad-

781 4090 1165 4147 ministrandi
1194 4088 1484 4162 baptismi
1513 4105 1526 4144 :
1555 4110 1583 4139 «
1621 4088 1961 4161 Baptizatur
2000 4103 2208 4143 servus
2248 4088 2371 4157 Dei,
2416 4109 2444 4138 η

779 4182 892 4238 ista
921 4181 1152 4237 ratione
1182 4178 1565 4236 ostendentes
1607 4182 2035 4251 spontaneum,
2074 4177 2355 4245 liberum,
2387 4183 2445 4235 et

777 4270 1185 4328 voluntarium
1219 4274 1453 4326 motum
1477 4266 1844 4340 baptizandi,
1875 4266 2216 4323 accedentis
2243 4267 2322 4323 ad
2347 4283 2442 4322 sa-

777 4377 947 4417 crum
975 4360 1306 4434 baptisma.
1323 4360 1437 4414 Vos
1466 4373 1610 4413 vero
1632 4373 1770 4412 cum
1793 4356 2060 4413 vanitate
2076 4361 2134 4412 et
2156 4355 2442 4430 superbia

775 4449 973 4506 dicitis
1007 4465 1020 4504 :
1055 4471 1083 4498 «
1118 4451 1236 4520 Ego
1267 4453 1339 4512 te,
1373 4449 1462 4512 N.,
1494 4445 1757 4518 baptizo,
1795 4468 1815 4493 ι
1848 4444 2015 4517 quod
2046 4449 2201 4501 certe
2231 4444 2441 4501 nonin

2631 3639 2697 3702 ξ.
2738 3643 3020 3714 Βάπτισμα
3049 3638 3108 3696 δι
3136 3645 3193 3696 τὸ
3234 3642 3304 3706 εἰς
3329 3646 3556 3718 Πατέρα,
3588 3642 3679 3694 καὶ
3706 3644 3845 3708 Υἱόν,
3879 3641 3968 3696 καὶ
3995 3649 4156 3696 Πνεῦ-

2557 3749 2632 3802 μα
2682 3730 2829 3802 άγιον
2869 3729 2917 3782 ἐν
2973 3730 3120 3806 τρισί
3155 3735 3418 3805 γινόμενον
3469 3728 3821 3797 καταδύσεσι,
3861 3731 3953 3783 καὶ
3998 3734 4156 3784 κατὰ·

2555 3825 2650 3878 τὴν
2690 3818 3041 3877 ἀποπολικήν
3079 3821 3170 3873 καί
3215 3826 3469 3896 πατρικὴν
3519 3823 3816 3896 ἱεροτυπίαν
3863 3817 4156 3894 ἀπεκδεχό-

2553 3911 2704 3982 μεθα,
2745 3911 2868 3982 ὅπερ
2921 3910 3015 3962 οὑκ
3062 3913 3175 3963 ἔστι
3213 3911 3399 3964 ταὺτόν
3450 3918 3524 3982 τῷ
3570 3915 3823 3984 γενομένῳ
3874 3910 3957 3984 ὑφ’
3988 3912 4154 3983 ὑμῶν,

2552 3997 2727 4072 Ἡμεῖς
2795 4003 2886 4072 μεν
2941 4001 3043 4072 γὰρ
3113 3999 3323 4073 λέγομεν
3359 4043 3373 4069 ,
3445 4023 3466 4048 ε
3517 4001 3831 4061 Βαπτίζεται
3887 4001 3913 4051 ὀ
3972 3995 4156 4061 δοῦλος

2552 4095 2644 4140 τοῦ
2676 4096 2828 4160 Θεοῦ,
2870 4112 2891 4137 ι
2950 4085 3239 4152 δεικνύντες
3279 4087 3503 4142 ἐντεῦθεν
3559 4093 3654 4148 τὴν
3711 4089 4014 4164 αὐθαίρετον
4066 4089 4156 4140 καὶ

2554 4177 2606 4240 ἐξ
2662 4175 2804 4240 ἰδίας
2863 4177 3106 4239 θελήσιως
3167 4183 3374 4237 κίνησιν
3439 4186 3531 4231 τοῦ
3590 4177 3978 4252 βαπτιζομένου
4025 4182 4154 4252 πρὸς

2551 4270 2610 4319 τὸ
2673 4268 2804 4320 θεῖον
2869 4266 3184 4340 βάπτισμα·
3248 4269 3396 4340 ὑμεῖς
3451 4264 3511 4321 δι
3577 4266 3840 4331 ἀλαζόνως
3898 4287 4010 4328 πως
4064 4266 4155 4319 καὶ

2553 4357 2891 4430 ὑπερηφάνως
2939 4361 3065 4429 φατί
3089 4377 3102 4391 ο
3140 4379 3160 4406 ι
3211 4357 3456 4418 Βαπτίςω
3632 4360 3720 4410 τὸν
3751 4354 3897 4410 δεῖνα
3920 4379 3933 4391 ο
3972 4381 3992 4406 ι
4028 4358 4150 4431 ὅπερ

2551 4444 2611 4497 ού
2650 4448 2737 4497 τὸν
2787 4445 2942 4498 αὑτὸν
2980 4454 3052 4517 τῷ
3106 4447 3340 4522 ἡμετέρῳ
3390 4449 3504 4518 ἔχει
3568 4451 3782 4502 σκοπόν.
3830 4452 3946 4509 Πῶς
3984 4441 4072 4498 οὖν
4103 4446 4152 4499 ἓν

775 4537 1060 4596 eumdem
1083 4552 1336 4610 scopum
1368 4541 1423 4592 et
1454 4533 1772 4591 consilium
1794 4533 2118 4590 nobiscum
2140 4533 2439 4591 collineat.
2471 4522 2518 4578 D

2387 4538 2439 4591 tt.
2471 4522 2518 4578 D
2549 4535 2738 4606 γένοιτ’
2777 4537 2877 4604 div;
2927 4534 3248 4608 Ἐπισφαλῶς
3301 4539 3402 4611 γὰρ
3455 4542 3609 4589 τοῦτο
3664 4534 3755 4589 καί
3813 4542 4006 4590 ποιεῖτε
4061 4535 4151 4589 καί

775 4627 1098 4695 Quomodo
1156 4641 1302 4696 ergo
1356 4640 1550 4680 unum
1607 4630 1663 4679 et
1714 4621 1878 4679 idem
1917 4627 2071 4679 esset
2106 4621 2438 4696 baptisma,

772 4713 1274 4790 quandoquidem
1306 4712 1634 4769 certissime
1663 4711 1795 4767 haec
1835 4710 2026 4766 facitis
2046 4715 2103 4766 et
2131 4711 2370 4767 dicitis?

845 4809 897 4862 8.
925 4807 1173 4876 Insuper
1193 4807 1395 4859 autem
1417 4800 1582 4874 quod
1605 4816 1742 4857 cum
1757 4799 2205 4856 contumeliaac
2221 4798 2440 4870 injuria

771 4895 951 4952 nobis
978 4893 1212 4964 objicis,
1240 4908 1352 4949 nos
1395 4890 1621 4946 scilicet
1647 4906 1683 4945 a
1712 4889 1841 4945 viro
1875 4904 2156 4961 separare
2186 4905 2438 4947 uxorem

770 5001 906 5060 quae
936 4985 999 5041 in
1028 4982 1390 5040 adulterium
1419 4985 1476 5038 et
1503 4980 1960 5037 fornicationem
1992 4978 2220 5049 incidit,
2241 4983 2328 5036 est
2347 4979 2437 5036 in-

770 5075 997 5131 dicium
1030 5078 1082 5130 te
1113 5072 1348 5128 nescire
1391 5070 1540 5144 quid
1579 5069 1770 5126 dicas.
1819 5072 1970 5126 Nam
2024 5069 2141 5126 hoc
2178 5069 2437 5125 facimus

770 5170 951 5230 recte,
978 5167 1034 5220 et
1059 5161 1396 5219 secundum
1442 5159 1625 5231 leges,
1651 5164 1708 5216 et
1744 5174 1888 5230 erga
1935 5161 2125 5215 Deum
2150 5158 2437 5218 charitate

771 5261 828 5312 et
884 5253 1214 5312 reverentia
1253 5251 1440 5308 ducti.
1501 5250 1594 5308 Sic
1645 5250 1806 5306 enim
1843 5249 2109 5322 loquitur
2147 5251 2438 5307 Dominus

769 5346 900 5418 ipse
928 5345 988 5400 in
1022 5341 1361 5412 Evangeliis
1395 5358 1408 5394 :
1443 5363 1471 5390 ‹‹
1503 5339 1616 5406 Qui
1655 5355 1908 5396 uxorem
1931 5355 2107 5396 suam
2145 5339 2438 5398 dimiserit

772 5438 830 5490 et
848 5430 1249 5507 repudiaverit
1278 5429 1397 5488 alia
1419 5429 1651 5487 ratione
1676 5443 1863 5502 quam
1901 5432 2146 5502 propter
2172 5428 2435 5487 fornica-

2511 4686 2519 4697 ⁸
2547 4623 2739 4697 λέγετε.

2620 4800 2685 4860 η’.
2741 4801 2855 4856 Ἔτι
2912 4805 3034 4879 ὅπερ
3092 4798 3452 4867 ὀνειδιστικῶς
3511 4807 3815 4878 προσφέρεις
3861 4804 4008 4876 ἡμῖν,
4069 4805 4148 4856 ὃτι

2546 4892 2846 4966 χωρίζομεν
2893 4901 2985 4945 τοῦ
3036 4888 3223 4968 ἀνδρὸς
3259 4901 3500 4965 γυναῖκα,
3541 4898 3636 4952 τὴν
3691 4897 3900 4969 πορνείᾳ
3941 4912 4148 4968 περιπε-

2549 4988 2770 5050 σοῦσαν,
2829 4984 2989 5035 ἔοικεν
3033 4984 3113 5035 ὃτι
3165 4983 3260 5036 οὑκ
3307 4979 3456 5044 οἶδας
3507 4988 3558 5036 τί
3613 4982 3795 5056 λέγεις.
3855 4983 3956 5037 Καὶ
4000 4991 4148 5036 τοῦτο

2544 5073 2647 5144 γὰρ
2712 5071 2883 5134 καλῶς
2938 5072 3217 5145 μάλιστα,
3279 5073 3370 5125 καί
3417 5072 3655 5146 θεοφιλῶς
3687 5114 3700 5140 ,
3765 5072 3856 5125 καί
3917 5077 4151 5147 νομίμως

2545 5168 2813 5234 ποιοῦμεν.
2861 5163 3014 5215 Οὑτω
3068 5163 3221 5237 σγαρό
3280 5166 3469 5239 Κύριος
3518 5165 3664 5236 ἡμῶν
3720 5162 3768 5215 εν
3812 5161 4151 5236 Εὑαγγελίοις

2549 5250 2730 5323 φησὶν,
2791 5274 2812 5301 ι
2859 5251 2955 5314 Ὃς
3010 5251 3070 5304 ἂν
3132 5250 3382 5305 ἀπολύσει
3438 5256 3533 5311 τὴν
3589 5258 3815 5324 γυναῖκα
3869 5251 4030 5305 αὑτοῦ
4078 5257 4148 5326 μὴ

2547 5339 2632 5393 ἐπὶ
2665 5346 2897 5414 πορνείᾳ,
2946 5341 3036 5394 καί
3081 5346 3315 5414 γαμήσει
3365 5341 3547 5412 ἄλλην,
3604 5348 3885 5415 μοιχᾶται,
3931 5365 3953 5391 ι
3985 5341 4149 5395 Ὥστε

2547 5426 2753 5484 δίκαιον
2802 5431 2942 5486 ἐστιν
2996 5431 3160 5491 αὑτὴν
3210 5430 3493 5502 ἀπολῦσαι,
3535 5431 3618 5486 ἐάν
3667 5451 3761 5506 περ
3804 5437 4019 5506 πορνείᾳ
4060 5451 4148 5485 πε-

855 5717 876 5758 ⁴
917 5719 1055 5779 Luc.
1088 5732 1227 5791 nu,
1253 5719 1340 5779 45.
1417 5717 1439 5755 ⁸
1467 5713 1623 5778 Psal.
1651 5731 1732 5790 vr,
1764 5719 1816 5777 ο.
1895 5718 1919 5758 ⁸
1947 5715 2103 5777 Psal.
2137 5732 2268 5788 ειν,
2301 5719 2388 5776 12.
2461 5718 2482 5757 ⁷
2514 5718 2619 5778 ιιι

1253 5719 1340 5779 45.
1417 5717 1439 5755 ⁸
1467 5713 1623 5778 Psal.
1651 5731 1732 5790 vr,
1764 5719 1816 5777 ο.
1895 5718 1919 5758 ⁸
1947 5715 2103 5777 Psal.
2137 5732 2268 5788 ειν,
2301 5719 2388 5776 12.
2461 5718 2482 5757 ⁷
2514 5715 2720 5778 Matth.
2747 5732 2890 5792 nr,
2921 5719 3013 5778 ιθ.
