4468 6440
328 385 429 442 481

326 511 540 582 ριπίσῃ,
599 515 737 566 κατὰ
785 517 881 574 τὴν
936 523 1026 570 τοῦ
1091 521 1285 590 Κυρίου
1337 514 1620 590 ἀπόφασινο

325 595 686 663 κολουθοῦντες
737 604 908 678 ἡμεῖς,
953 607 1048 665 τῆν
1104 615 1488 680 περιπεσοῦσαν
1532 617 1760 681 γυναῖκα
1795 631 1925 686 πορ-

326 689 460 747 νείας
516 688 794 763 μολυσμῷ,
849 701 942 746 τοῦ
994 691 1181 771 ἀνδρὸς
1237 692 1625 771 ὰποδιιστῶμεν
1681 704 1770 753 καὶ
1816 722 1927 773 χω.

324 776 557 846 ρίζομεν.
609 777 778 852 ’Υμεῖς
831 778 890 836 δε
939 785 988 836 οἱ
1035 785 1151 836 κατ’
1207 784 1284 837 ἔκ·
1341 785 1532 849 πολλῆς
1585 783 1924 851 δικαιοσύνης

325 859 536 926 ἐνούσης
575 867 718 940 ὑμῖν,
769 874 799 928 ἤ
832 871 1023 943 μᾶλλον
1080 873 1238 926 εἰπεῖν
1307 880 1592 948 παρανοίας
1645 883 1733 931 καὶ
1797 881 1923 933 ὑπο-

323 955 558 1021 κρίσεως,
630 962 721 1009 καὶ
787 959 928 1031 αὐτῷ
985 960 1442 1037 ἀντιφθεγγόμενοί
1517 964 1632 1020 ἕστε
1695 965 1922 1031 ἀναιδῶς

319 1047 392 1108 τῷ
452 1047 649 1115 Κυρίῳο
713 1041 800 1099 διὸ
867 1045 934 1108 δὴ
995 1056 1083 1104 καὶ
1138 1055 1271 1124 μετὰ
1333 1053 1489 1124 λόγου
1554 1061 1794 1130 πορνείας
1859 1057 1919 1111 οὗ

320 1122 679 1204 ὃιαχορίζετε,
745 1133 922 1198 ἕὼντες
977 1143 1065 1191 τὸν
1117 1137 1289 1214 ἄνδρα
1352 1142 1664 1216 ἁμαρτάνειν
1731 1145 1798 1207 εἰς
1859 1151 1917 1199 τὸ

317 1212 454 1269 ἴδιον
485 1217 564 1272 ἀεὶ
592 1230 765 1294 σῶμα,
798 1227 919 1300 ὅπερ
946 1229 972 1278 ό
1005 1229 1134 1290 θεῖος
1161 1228 1394 1304 ἀπείργει
1426 1231 1649 1295 Παῦλος.

1826 397 2178 461 ΑΡοιοοιΑ

1757 541 1924 577 κατα·
1953 527 2002 582 Α
2037 526 2285 594 tionem,
2308 532 2364 588 et
2389 531 2570 593 aliam
2599 553 2850 602 uxorem
2896 549 3279 612 matrimonio
3308 558 3420 618 sibi
3481 563 3688 636 junxe-

3586 443 3694 506 L82

2034 614 2127 683 rit,
2161 616 2490 680 fornicatur
2517 629 2574 683 et
2609 629 3026 696 adulteretur“.
3068 659 3121 728 ν»
3181 614 3689 728 Quapropter-iu-

2034 709 2194 763 stum
2225 713 2283 764 et
2310 725 2553 784 aequum
2582 723 2676 775 est
2702 720 2866 781 illam
2889 709 3227 800 repudiare,
3249 735 3299 792 si
3312 709 3386 794 .in
3426 709 3687 804 fornica-

2034 793 2258 852 tionem
2279 797 2567 872 inciderit,
2593 810 2927 871 secundum
2950 793 3183 877 homini
3204 826 3397 883 nostri
3445 837 3677 892 senten-

2032 882 2177 940 tiam
2243 890 2299 942 et
2371 888 2860 957 declarationem.
2937 905 3044 962 Cui
3111 924 3224 967 nos
3281 882 3676 990 adhaavre—n'tes,

2029 970 2438 1034 fornicationis
2458 979 2592 1039 labe
2605 986 3012 1061 etimpuritate
3029 1003 3505 1064 contaminatam
3532 1027 3679 1069 uxo-

2025 1074 2154 1117 rem
2185 1077 2222 1118 a
2250 1064 2376 1122 viro
2407 1084 2798 1143 segregamus
2830 1084 2888 1136 et
2915 1098 3292 1155 separamus.
3360 1093 3479 1151 Vos
3533 1115 3678 1158 vero

2026 1165 2148 1221 qua
2178 1153 2318 1209 estis
2345 1155 2566 1228 insigni
2597 1165 2891 1236 aequitate,
2943 1153 3271 1251 sanctitate,
3332 1186 3390 1239 et
3420 1153 3672 1260 justitia,

3257 1237 3271 1251 ι
3345 1237 3353 1238 ί
3376 1237 3385 1239 ‘
3420 1237 3672 1260 υ“⁷”“’““’¹”

2025 1237 2148 1296 imo
2169 1240 2533 1316 insipientia,
2553 1257 2610 1306 et
2636 1251 2965 1328 hypocrisi,
3001 1261 3110 1334 ipsi
3155 1268 3408 1328 Domino
3471 1282 3675 1335 nostro

2291 1302 2311 1315 .
2485 1302 2532 1316 η,
2559 1302 2610 1306 ,-
2636 1302 2704 1325 ...δ
2724 1302 2965 1328 ..ν-...νη
3001 1302 3110 1334 -γοι
3155 1302 3408 1328 υυιυιυυ
3471 1302 3672 1335 ιιυδιτυ

311 1302 696 1378 impudenter
742 1317 802 1370 et
836 1314 1243 1375 inverecunde
1281 1302 1722 1393 contradicitis,
1773 1323 1910 1382 ideo
1937 1326 2084 1398 quia
2115 1345 2363 1388 uxorem
2395 1343 2641 1410 propter
2685 1345 2981 1405 rationem
3011 1350 3425 1416 fornicationis
3477 1378 3515 1420 a
3543 1365 3672 1422 viro

2396 1401 2414 1406 _
2511 1401 2530 1410 _
2814 1401 2981 1405 μη-
3012 1401 3425 1416 _-__--.........-
3477 1401 3515 1420 ..
3553 1401 3672 1422 ..ιν

311 1407 437 1450 non
467 1401 783 1471 separatis,
819 1404 1228 1476 permittentes
1255 1408 1451 1466 virum
1481 1409 1543 1467 in
1583 1427 1760 1468 suum
1790 1414 2102 1488 proprium
2133 1433 2354 1491 corpus
2391 1437 2662 1497 peccare,
2693 1434 2858 1504 quod
2900 1436 3027 1510 ipse
3058 1442 3122 1496 D.
3156 1444 3371 1502 Paulus
3401 1452 3596 1524 arguit
3616 1459 3673 1513 et

311 1482 590 1524 nrnhil-mt
643 1489 666 1522 ε

308 1482 610 1552 prohibet.
643 1489 688 1542 ³.

379 1568 446 1628 η’.
510 1571 627 1626 Ἔτι
681 1581 801 1650 περὶ
863 1586 966 1632 τῶν
1034 1583 1182 1635 θείων
1247 1590 1336 1638 καὶ
1401 1596 1672 1659 μυστικῶν
1746 1589 1908 1662 λέγεις

308 1658 599 1734 συμϐόλων,
655 1673 748 1716 τοῦ
795 1668 934 1720 θείου
992 1676 1082 1724 καὶ
1113 1680 1431 1727 Δεσποτικοῠ
1476 1671 1685 1737 δηλαδὴ
1719 1684 1904 1752 σώμα-

303 1765 407 1814 τος,
466 1751 546 1802 ὅτι
591 1758 727 1824 μόνα
785 1757 852 1808 τὰ
913 1759 1129 1832 ῥήματα
1177 1771 1270 1815 τοῦ
1325 1770 1540 1839 Κυρίου,
1598 1789 1626 1816 ‹‹
1683 1768 1901 1839 Λάϐετε,

301 1837 508 1910 φάγετε,
570 1847 658 1894 καὶ
719 1848 882 1913 πίετε,
949 1870 977 1898 ››
1037 1850 1423 1922 μεταϐάλλουσι
1479 1859 1569 1908 καὶ
1621 1856 1902 1911 τελείοῦσιν

299 1925 457 1996 αὐτὰ,
513 1929 572 1980 οὗ
619 1936 724 2003 μὴν
779 1939 870 1986 καὶ
915 1938 969 1989 αἱ
1031 1940 1164 1992 θεῖαι
1216 1949 1315 1993 τῶν
1373 1941 1534 2014 ἁγίων
1584 1945 1761 2017 ιὺχαι,
1813 1953 1902 2000 καί

297 2017 435 2085 ίεραὶ
498 2017 720 2090 ἕπῳδαί.
783 2019 958 2097 Ἡμεῖς
1037 2022 1097 2081 δε
1162 2035 1252 2082 καὶ
1310 2030 1444 2085 αὖτὰ
1506 2035 1572 2085 τὰ
1639 2037 1752 2088 θεῖα
1811 2043 1900 2091 καὶ

294 2109 590 2160 Δεσποτικὰ
651 2110 867 2184 ῥήματα
930 2119 1060 2189 πρὸς
1141 2117 1401 2172 τελείωσίν
1481 2142 1641 2196 φαμεν
1707 2125 1896 2199 αὑτων,

291 2195 382 2243 καί
436 2195 466 2250 ἡ
517 2203 614 2258 τῆς
673 2201 944 2272 ίεροσύνης
988 2199 1212 2278 δύναμις
1263 2204 1357 2262 διὰ
1398 2218 1497 2262 τῶν
1530 2213 1675 2265 θείων
1725 2215 1896 2288 εὐχῶν

288 2285 382 2332 καὶ
449 2280 664 2356 ἔπῳδῷν
711 2297 803 2341 τοῦ
874 2293 1010 2365 ἱεροῦ
1063 2299 1231 2367 τυχὸν
1282 2305 1668 2374 Χρυσοστόμου
1721 2305 1750 2362 ἦ
1804 2313 1895 2358 τοῦ

285 2369 518 2440 μεγάλου
577 2375 871 2434 Βασιλείου.
948 2385 1017 2434 Τὸ
1078 2386 1177 2457 γὰρ
1243 2369 1373 2439 θεῖον
1447 2369 1576 2451 τῆς-
1610 2385 1912 2466 ἱερωσύνης

284 2460 540 2533 χάρισμα
579 2459 672 2517 διὰ
727 2475 880 2521 τοῦτο
937 2471 1037 2524 ὑπὸ
1094 2482 1184 2526 τοῦ
1214 2483 1457 2550 Χριστσῡ
1502 2475 1719 2534 δέδοται
1785 2492 1894 2547 τοῖς

287 2544 622 2616 ἀποστόλοις,
695 2561 784 2609 καὶ
843 2558 915 2624 ἐξ,
973 2559 1170 2614 ἐκείνων
1229 2563 1721 2641 ἀλληλοδιαδόχως,
1801 2579 1891 2627 καὶ

286 2640 416 2708 πρὸς
466 2642 610 2711 ἡμῶν
661 2652 770 2707 τοῖς
821 2649 976 2722 ἱεροῖς
1022 2651 1091 2711 εἰς
1138 2655 1196 2705 τό
1250 2654 1469 2709 τελειοῦν
1518 2662 1748 2713 κατὰτὰ
1779 2663 1891 2717 θιῐα

284 2721 455 2799 δῶρα,
514 2726 607 2782 διὰ
663 2742 758 2797 τῆς
833 2735 1152 2804 ἐπικλήσεως
1221 2749 1311 2797 καὶ
1373 2744 1749 2819 ἐπιφοιτήσεως
1795 2760 1887 2806 τοῦ

279 2821 541 2888 παναγίου
626 2826 940 2896 Πνεύματος.
1017 2830 1194 2893 Οὕτως
1273 2835 1420 2907 ἡμεῖς
1498 2843 1616 2913 περὶ
1692 2843 1885 2894 τούτων

277 2914 564 2979 φρονοῦμεν
610 2916 701 2964 καὶ
755 2912 965 2988 λέγομεν
1024 2917 1334 2993 ὁρθοδόξως,
1391 2931 1480 2979 καί
1547 2912 1885 2984 ἀποστολικο-

273 2994 783 3071 πατροπαραδοτως,
862 3005 921 3057 οὐ
988 3010 1220 3085 καθάπερ
1287 3013 1434 3086 ὑμεῖς
1499 3025 1726 3092 φρονεῖτε
1792 3027 1881 3076 καὶ

270 3079 444 3153 λέγετε
489 3089 631 3139 ὡσὰν
686 3091 714 3148 ἡ
768 3090 817 3144 ἰν
867 3095 990 3167 ὑμὶν
1044 3094 1238 3162 δόξειεν
1268 3103 1298 3160 ἠ
1352 3105 1638 3179 ὑπερὸφρυς
1683 3105 1878 3170 ἀλαζο-

267 3175 382 3222 νεία
437 3179 527 3226 καὶ
575 3179 770 3242 οἴησις.
828 3179 980 3238 Ἀλλὰ
1034 3193 1154 3262 περί
1208 3192 1405 3244 τούτων
1466 3203 1699 3250 τοσαῦτα
1755 3199 1877 3271 ὑμῖν

266 3256 624 3333 ἀποχρώντως
677 3266 875 3340 σχεδόν
926 3292 978 3326 τι
1030 3256 1254 3351 εἰρηται·
1312 3285 1505 3356 Καιρός
1563 3281 1624 3338 δέ
1666 3288 1776 3340 ἐστι
1807 3291 1876 3352 ὡς

266 3347 429 3400 εἰπεῖν
490 3349 597 3412 ἢδη
664 3363 755 3410 καί
815 3366 936 3434 περί
993 3347 1094 3418 τῶν
1158 3366 1350 3442 ψυχῶν
1411 3347 1528 3426 τίνα
1596 3394 1655 3447 γε
1724 3378 1876 3449 ἡμεῖς

263 3442 388 3511 περί
406 3439 577 3508 αὐτῶν
610 3440 769 3510 δόξαν
789 3451 998 3524 ἔχομεν.

2087 1599 2140 1652 8.
2161 1598 2332 1662 Quod
2352 1617 2495 1660 vero
2515 1604 2666 1698 dicis
2685 1607 2762 1665 de
2776 1609 2994 1670 divinis
3012 1619 3070 1674 et
3085 1621 3352 1692 mysticis
3374 1627 3669 1698 symbolis

2014 1684 2198 1743 divini
2227 1694 2283 1746 et
2308 1693 2596 1752 Dominici
2620 1698 2842 1758 scilicet
2905 1709 3173 1780 corporis
3223 1717 3282 1769 et
3333 1719 3666 1792 sanguinis,

2012 1775 2179 1845 quod
2217 1779 2346 1836 sola
2401 1782 2583 1841 verba
2628 1788 2900 1848 Domini:
2947 1815 2976 1842 «
3010 1775 3296 1871 'Accipite,
3349 1775 3662 1874 comedite:

1935 1916 1974 1971 Β
2010 1860 2216 1934 bibite,
2245 1889 2273 1917 »
2305 1867 2406 1926 illa
2449 1875 2730 1944 symbola
2782 1860 3182 1944 transmutent
3226 1860 3292 1947 et
3328 1860 3659 1970 perﬁciant;

2010 1965 2133 2008 non
2158 1969 2299 2013 vero
2328 1957 2546 2017 divinze
2577 1971 2922 2026 sanctorum
2954 1987 3183 2049 preces,
3210 1983 3264 2035 et
3293 1995 3478 2039 sacra:
3532 2000 3663 2043 ora-

2007 2039 2198 2098 tiones
2221 2049 2278 2102 et
2301 2049 2636 2121 cantilenas,
2663 2069 2775 2112 nos
2812 2039 3166 2120 vero—etiam
3210 2067 3468 2127 dicimus
3522 2073 3660 2146 ipsa

2005 2128 2208 2189 divina
2229 2139 2287 2190 et
2303 2137 2614 2198 Dominica
2637 2143 2824 2203 verba
2852 2147 2931 2203 ad
2953 2164 3163 2210 eorum
3186 2157 3612 2228 perfectionem
3642 2181 3656 2233 ;

2006 2221 2324 2281 sacerdotii
2353 2241 2496 2286 vero
2525 2231 2708 2288 virtus
2738 2238 3022 2296 exseritur
3049 2256 3158 2314 per
3176 2245 3412 2304 divinas
3448 2265 3658 2323 preces

2002 2314 2060 2365 et
2112 2310 2383 2384 liturgias
2471 2322 2660 2378 sancti
2724 2324 2998 2385 videlicet
3049 2310 3488 2410 hhrysostomi,
3554 2347 3658 2401 aut

2001 2401 2206 2471 magni
2233 2401 2459 2462 Basilii.
2516 2411 2666 2468 Nam
2723 2412 3001 2475 divinum
3054 2401 3372 2484 sacerdotii
3422 2429 3654 2488 donum

1999 2495 2316 2562 propterea
2337 2511 2372 2551 a
2411 2497 2640 2558 Christo
2679 2509 3197 2569 communicatum
3227 2519 3316 2572 est
3337 2520 3652 2590 apostolis,

1998 2581 2056 2633 et
2075 2594 2283 2638 eorum
2315 2590 2780 2656 successoribus,
2832 2599 2890 2651 et
2945 2601 3362 2660 sacerdotibus
3407 2609 3649 2682 nostris,

1997 2666 2075 2723 ad
2105 2670 2464 2741 perﬁcienda
2487 2677 2693 2736 divina
2714 2680 2896 2752 dona,
2943 2701 3052 2758 per
3097 2689 3537 2753 invocationem
3593 2703 3651 2757 et

1995 2756 2321 2817 adventum
2345 2756 2988 2844 sanctissimiSpiritus.
3035 2777 3128 2835 Sic
3160 2779 3235 2838 de
3291 2783 3474 2841 rebus
3521 2756 3650 2844 istis

1991 2844 2298 2918 loquimur
2325 2856 2382 2908 et
2403 2856 2697 2914 sentimus
2717 2860 3051 2922 orthodoxe
3078 2871 3135 2924 et
3168 2872 3503 2931 secundum
3529 2878 3647 2934 tra-

1990 2934 2274 2995 ditionem
2304 2944 2716 3014 apostolorum
2764 2955 2820 3008 et
2856 2955 3120 3026 Patrum,
3151 2975 3276 3017 non
3314 2978 3455 3022 vero
3492 2965 3646 3026 sicut

1989 3041 2097 3082 vos
2124 3029 2353 3087 sentitis
2402 3037 2460 3090 et
2507 3034 2844 3110 loquimini,
2895 3045 3230 3106 secundum
3268 3051 3490 3124 placita
3547 3072 3644 3115 ve-

1988 3120 2122 3172 straa
2151 3121 2554 3191 superciliosae
2586 3131 2884 3200 superbiae
2928 3139 2983 3191 et
3031 3120 3334 3209 opinionis
3381 3147 3439 3200 et
3492 3160 3644 3218 pras-

1987 3209 2366 3279 sumptionis.
2401 3213 2516 3270 Sed
2555 3215 2630 3272 de
2660 3217 2786 3275 istis
2812 3220 3020 3281 forsan
3071 3226 3316 3287 abunde
3362 3236 3421 3288 et
3474 3209 3642 3292 sufﬁ-

1984 3293 2224 3352 cienter.
2257 3300 2423 3357 Nunc
2447 3302 2579 3374 jam
2617 3309 2858 3382 tempus
2886 3316 2976 3369 est
3001 3313 3338 3376 disserendi
3377 3320 3454 3378 de
3479 3326 3637 3384 statu

1981 3383 2348 3456 animarum,
2375 3394 2433 3448 et
2449 3407 2637 3465 quam
2675 3395 2751 3454 de
2775 3397 2889 3455 illis
2925 3407 3063 3473 post
3105 3411 3364 3468 mortem
3404 3415 3638 3471 senten-

1981 3472 2126 3531 tiam
2152 3475 2486 3549 foveamus,
2525 3484 2770 3545 tandem
2800 3472 3159 3562 signiﬁcare.

1694 3646 1920 3708 Caetera
1958 3650 2195 3712 desunt.

334 3847 355 3884 ³
378 3851 576 3909 Matth.
606 3869 722 3924 XIX,
755 3862 808 3916 9.
833 3860 854 3895 ⁹
879 3862 896 3917 l
919 3863 1051 3920 Cor.
1075 3877 1149 3938 vr,
1179 3869 1262 3923 t6.
