4468 6440
2146 580 2346 636 ANNO
2400 577 2673 637 DOMINI
2715 576 2905 637 διδοῖ,

1714 826 3091 997 PANTALEON
3108 831 3315 997 IS

2247 1176 2375 1240 ΟΡ.
2426 1175 2772 1240 DIACONI
2800 1180 2824 1204 *

863 1425 1761 1611 TRACTATUS
1821 1428 2429 1612 CONTRA
2506 1428 3401 1617 Gll/ECORUM
3453 1430 4163 1616 ERRORES

833 1835 924 1898 Ex
956 1836 1386 1915 manuscripto
1418 1835 1635 1898 codice
1707 1836 2108 1900 bibliothecae
2179 1838 2530 1910 Bavaricaa.
2592 1840 2655 1901 in
2726 1841 2935 1902 lucem
3006 1843 3294 1921 prolatus
3361 1843 3571 1905 studio
3644 1840 3816 1903 Petri
3888 1837 4193 1901 Stevartii

949 1942 1196 2015 Leodii,
1231 1945 1354 2007 SS.
1388 1944 1729 2023 theologica
1759 1944 2163 2023 professoris,
2198 1954 2260 2007 et
2316 1947 2379 2007 in
2450 1957 2622 2010 tomo
2694 1947 2780 2010 IV
2852 1947 3189 2010 Lectionum
3261 1951 3654 2031 antiquarum
3723 1945 3955 2011 Canisii
4025 1944 4183 2008 edit.

946 2050 1251 2131 Basnagii
1280 2052 1590 2131 repetitus

2015 2657 2396 2724 LECTORI
2459 2658 2622 2722 STE
2636 2655 2796 2722 VAR
2812 2659 3023 2723 Tll/S.

904 2897 1223 2982 Reprimus
1306 2884 1635 2963 tratactum
1724 2907 1904 2963 istum
1987 2901 2051 2961 in
2128 2898 2485 2963 bibliotheca
2558 2899 2870 2963 Bavurica
2934 2900 3154 2983 absque
3243 2898 3491 2981 speciali
3562 2903 3832 2961 auctoris
3919 2903 4181 2964 nomine.

819 3008 1039 3090 Itaque
1065 3027 1252 3089 neque
1281 3027 1384 3068 nos
1417 3008 1488 3068 de
1528 3018 1780 3069 auctore
1839 3008 2260 3070 divinabimus.
2332 3006 2539 3069 Codex
2608 3008 2941 3069 Bavaricus
3005 3024 3296 3088 perquam
3366 3008 3617 3068 vitiosus
3682 3016 3833 3069 erat.
3896 3007 4187 3083 Quocirca

820 3134 894 3175 ne
922 3115 1185 3187 mireris,
1219 3115 1271 3175 si
1299 3117 1363 3178 et
1389 3112 1544 3176 liber
1573 3116 1681 3175 iste
1710 3113 2124 3175 inemendatus
2180 3116 2245 3175 in
2300 3134 2514 3175 manus
2572 3122 2701 3175 tua:
2761 3117 2989 3177 veniat.
3063 3115 3275 3175 Satius
3327 3125 3379 3174 ct
3442 3112 3699 3195 aliquid,
3762 3134 3948 3197 quam
4002 3115 4183 3177 nihil.

816 3219 1050 3281 Forsan
1076 3219 1233 3281 alius
1260 3223 1328 3280 in
1355 3218 1666 3301 exemplar
1718 3224 2043 3283 correctius
2098 3222 2347 3289 incidet,
2398 3220 2855 3302 praestabatque,
2909 3240 3045 3303 quae
3071 3241 3112 3281 a
3176 3220 3351 3283 nobis
3408 3223 3712 3301 praestari
3760 3222 4182 3303 nequiverunt.

816 3326 1053 3388 Interea
1117 3324 1209 3388 his
1284 3323 1817 3409 Qualibuscumque
1875 3328 2113 3407 fruere,
2184 3334 2244 3388 et
2300 3326 2568 3389 studium
2618 3338 2890 3387 nostrum
2955 3326 3338 3387 illustrandae
3400 3325 3759 3388 orthodoxa:
3800 3328 4187 3408 antiquitatis

813 3435 1030 3513 farore
1084 3444 1185 3496 tuo
1224 3433 1413 3513 juva.
1473 3432 1622 3496 Cum
1678 3437 1837 3494 enim
1881 3443 2196 3496 novatores
2241 3433 2425 3515 hujus
2482 3437 2767 3515 temporis
2822 3433 3092 3495 studiose
3149 3436 3211 3494 in
3272 3432 3463 3494 lucem
3505 3432 3832 3496 extrahant
3885 3434 4187 3515 quidquid

816 3540 957 3600 olim
986 3539 1338 3600 chartarum
1358 3559 1456 3600 seu
1500 3559 1539 3598 a
1598 3538 1850 3613 Graecis,
1894 3558 1998 3600 seu
2060 3559 2099 3600 a
2149 3539 2389 3601 Latinis
2437 3558 2723 3601 awersus
2780 3540 3128 3602 cathedram
3177 3540 3350 3601 Petri
3404 3560 3442 3600 a
3496 3539 3651 3601 male
3701 3544 3869 3601 sanis
3924 3543 4185 3621 ingeniis

816 3646 1223 3727 conscriptum
1289 3657 1412 3717 est;
1472 3644 1637 3707 nihil
1689 3644 2032 3707 laborantes
2101 3646 2172 3706 de
2217 3648 2507 3707 sermonis
2563 3646 2872 3726 elegantia
2916 3647 3010 3708 vel
3054 3646 3448 3728 inelegantia,
3495 3664 3625 3727 par
3678 3666 3798 3707 non
3856 3656 3942 3708 est
3999 3657 4067 3707 ut
4112 3665 4184 3708 ea

812 3770 947 3832 quae
990 3772 1106 3833 pro
1158 3752 1229 3816 S.
1285 3752 1455 3815 Petri
1508 3772 1842 3814 successore
1887 3752 2159 3813 Romano
2229 3754 2524 3835 pontiﬁce
2594 3757 2775 3816 etiam
2821 3755 2965 3816 rudi
3030 3753 3186 3835 style
3258 3763 3516 3815 exarata
3567 3760 3731 3824 sunt,
3784 3774 3822 3813 a
3870 3752 4073 3815 blattis
4123 3761 4181 3815 et

814 3862 989 3919 tineis
1069 3859 1297 3921 absumi
1370 3861 1660 3932 sinamus,
1748 3859 2218 3941 quisquiliisque
2303 3859 2599 3921 hwreticis
2672 3867 2730 3922 et
2787 3859 3195 3923 schismaticis
3249 3859 3473 3922 solidas
3540 3860 3964 3940 refutationes,
4037 3859 4177 3924 licet

811 3964 978 4026 cultu
1004 3966 1152 4042 styli
1180 3974 1470 4043 carentes,
1500 3985 1618 4027 non
1659 3985 2048 4048 opponamus.
2089 3964 2254 4028 Vale.
3825 3972 3834 3979 '

882 4260 901 4331 ῗ
928 4258 1010 4315 De
1039 4260 1153 4316 hoc
1177 4261 1534 4318 Pantaleone
1558 4260 1652 4315 vel
1669 4260 2046 4331 homonymo
2063 4259 2297 4315 seniore
2327 4258 2463 4314 vide
2482 4258 2815 4315 Fabricium
2836 4274 2976 4315 cum
3001 4258 3249 4315 Harlesii
3277 4262 3434 4315 notis
3458 4260 3518 4316 in
3541 4265 3708 4316 tomo
3732 4257 4172 4331 nostroXCVlll,

806 4330 921 4386 col.
957 4333 1112 4403 1239.
1144 4332 1227 4387 lbi
1260 4339 1496 4388 exstant
1526 4330 1922 4403 Pantaleonis;
1953 4331 2227 4403 quisquis
2259 4331 2352 4398 sit,
2382 4332 2651 4403 Homilia
2675 4333 2742 4403 ae
2808 4331 3133 4386 luminibus
3180 4335 3424 4396 sanctis,
3488 4348 3559 4388 ex
3611 4333 3863 4403 Ducaao;
3921 4330 4065 4403 item
4112 4330 4175 4385 in

803 4403 948 4474 Jesu
974 4402 1203 4459 Christi
1226 4406 1831 4474 Transﬁgurutionem
1860 4401 2126 4457 homiliui
2151 4402 2309 4470 dum,
2342 4419 2414 4457 ex
2453 4402 2812 4458 Combeﬁsio
2845 4420 2858 4469 ;
2900 4403 3252 4474 Eneomium
3302 4404 3612 4461 Michaelis
3663 4402 4043 4471 archangeli,
4101 4415 4171 4455 ex

805 4472 1054 4546 eodem;
1088 4474 1339 4533 homilia
1358 4472 1423 4532 in
1442 4477 1897 4546 Exaltationem
1922 4475 2136 4539 crucis,
2168 4490 2239 4528 ex
2263 4478 2557 4532 Gretsero.
2600 4475 2827 4546 Scripta;
2858 4473 3170 4546 sequentia
3211 4473 3424 4531 seriem
3447 4476 3767 4531 absolvunt
3795 4488 4003 4528 eorum
4034 4487 4170 4544 quae

805 4544 1156 4602 Pantaleoni
1194 4547 1537 4605 tribuuntur
1563 4561 1821 4621 quaeque
1844 4542 2100 4601 fortasse
2122 4545 2446 4617 praestabat
2472 4546 2532 4601 in
2578 4542 2764 4601 unum
2790 4542 3143 4601 fasciculum
3168 4545 3463 4616 colligere.
3497 4554 3648 4603 Eon.
3679 4547 3851 4601 Pun.
