4468 6440
316 423 421 478 iss
1261 423 1739 484 PANTALEONIS
1779 425 2063 484 macom
2102 425 2378 485 CONTRA
2415 422 2726 485 GRAECOS.
3561 419 3668 487 486

1432 669 1867 767 JAGOBI
1959 666 2563 766 BASNAGII

932 837 1020 900 IN
1072 837 1600 902 TRACTATUM
1651 836 2002 903 CONTRA
2049 835 2426 902 GRxECOS
2476 835 3043 901 OBSERVATIO.

393 1069 735 1124 Pantaleoni
765 1070 1040 1126 tribuitur
1070 1073 1165 1127 hic
1194 1077 1514 1136 tractatus;
1564 1071 1624 1126 id
1650 1072 1905 1127 sensisse
1937 1071 2211 1126 videntur
2246 1071 2589 1126 novissimus
2621 1071 2991 1128 Bibliotheca:
3027 1071 3272 1128 Patrum
3311 1071 3570 1128 editores
3609 1073 3672 1128 in

316 1157 731 1213 admonitione
794 1158 872 1213 ad
917 1158 1198 1215 lectorem
1254 1165 1398 1216 tom.
1452 1161 1622 1228 XXVI,
1684 1159 1789 1214 ubi
1840 1158 1915 1214 de
1965 1161 2193 1215 Joanne
2244 1159 2452 1214 Caleca
2494 1159 2706 1229 agitur.
2753 1159 2814 1215 ld
2861 1160 3048 1216 sensit
3083 1161 3261 1216 etiam
3304 1160 3671 1232 Ciampinus,

317 1260 675 1317 quanquam
697 1245 847 1302 alias
879 1248 1101 1302 dubius
1123 1249 1365 1314 haereat,
1395 1253 1595 1319 utpote
1617 1250 1719 1320 qui
1749 1252 1909 1302 tract.
1939 1255 2062 1302 tum
2092 1253 2154 1302 ut
2175 1261 2552 1318 anonymum
2574 1248 2858 1304 citaverit.
2892 1251 3115 1304 Revera
3143 1249 3272 1304 haec
3301 1249 3578 1316 leguntur
3593 1249 3673 1305 ad

315 1333 498 1388 ﬁnem
530 1335 748 1405 operis,
773 1342 1100 1396 auctorem.
1136 1343 1196 1391 ut
1228 1338 1421 1407 prima
1451 1337 1642 1392 fronte
1675 1337 1924 1397 videtur,
1948 1336 2272 1392 indicantia
2299 1354 2310 1390 :
2345 1338 2472 1406 Ego
2503 1337 2832 1392 Pantaleon
2858 1352 2989 1392 cum
3018 1351 3195 1393 essem
3217 1337 3317 1406 ibi,
3344 1338 3674 1394 Constanti-

315 1423 540 1489 n0poli,
569 1424 669 1476 ubi
701 1423 812 1479 hoc
834 1432 1030 1480 actum
1064 1432 1168 1492 est,
1192 1426 1302 1480 hoc
1329 1425 1550 1479 idcirco
1572 1425 1960 1480 Memorabile
1983 1426 2124 1492 feci.

391 1511 521 1564 Fuit
546 1517 747 1566 autem
767 1512 1088 1568 Pantaleon
1111 1514 1406 1568 diaconus
1437 1520 1492 1567 et
1509 1513 1939 1584 chartophyiax
1960 1513 2226 1568 Ecclesiae
2255 1512 2946 1584 Constantinopolitanm,
2972 1519 3028 1568 et
3055 1530 3126 1568 ex
3149 1529 3220 1569 eo
3245 1513 3412 1586 quod
3442 1514 3674 1570 dicatur

317 1599 486 1668 apud
523 1602 881 1667 Gretserum,
914 1604 1016 1673 qui
1047 1603 1234 1673 ipsius
1271 1609 1585 1657 tractatum
1613 1606 1671 1657 in
1707 1604 2134 1657 exultationem
2171 1605 2362 1656 crucis
2412 1601 2613 1666 edidit,
2653 1603 2965 1670 presbyter
2996 1605 3338 1657 monasterii
3383 1604 3672 1671 Byzanti-

315 1703 554 1752 norum,
583 1704 653 1742 ex
680 1689 938 1744 diacono
973 1691 1393 1761 presbyterum
1435 1691 1688 1757 alicujus
1719 1689 2062 1744 monasterii
2114 1690 2338 1744 factum
2385 1690 2622 1759 conjicit
2666 1689 3076 1744 Combeﬁsius.
3123 1691 3236 1760 Ipsi
3276 1690 3477 1744 tribuit
3515 1691 3675 1745 idem

317 1775 708 1830 Combeﬁsius
737 1779 1046 1833 Orationes
1081 1781 1141 1833 in
1182 1780 1774 1847 transﬁgurationem
1803 1779 2060 1832 Domini.
2097 1780 2459 1849 Quanquam
2487 1778 2538 1832 ei
2579 1778 2649 1832 sit
2685 1777 2886 1848 aliqua
2927 1779 3209 1848 suspicio,
3242 1794 3346 1833 eas
3377 1779 3674 1834 orationes

316 1863 472 1933 stylo
501 1865 911 1936 discrepantes
943 1867 1117 1922 binos
1146 1867 1367 1922 habere
1399 1875 1694 1938 parentes.
1732 1869 1996 1937 Denique
2025 1868 2218 1922 eidem
2253 1864 2595 1922 Pantaleoni
2627 1866 2878 1920 asseruit
2893 1866 3253 1937 opusculum
3275 1866 3349 1922 de
3368 1869 3676 1923 miraculis

314 1952 650 2020 Michaelis,
678 1955 844 2024 quod
879 1954 1093 2024 legitur
1131 1957 1295 2026 apud
1339 1956 1596 2023 Surium,
1629 1955 1890 2027 indeque
1931 1955 2252 2021 concludit,
2284 1954 2710 2010 Pantaleonem
2741 1954 2954 2010 vixisse
2980 1954 3084 2009 diu
3114 1963 3250 2026 post
3279 1955 3674 2020 Theodoram,

316 2057 455 2094 cum
488 2041 777 2098 miracula
805 2042 986 2114 longo
1013 2050 1282 2114 tempore
1314 2052 1448 2115 pOst
1473 2045 1862 2116 imperatricis
1900 2045 2132 2099 obitum
2162 2050 2395 2115 patrata
2423 2043 2772 2098 narraverit.

388 2131 529 2193 Quae
562 2131 902 2187 Combeﬁsii
931 2133 1276 2203 conjectura
1303 2134 1444 2188 satis
1470 2134 1716 2188 indicat.
1746 2134 1859 2204 ipsi
1892 2133 2075 2188 fuisse
2101 2134 2391 2188 incertam
2426 2131 2805 2188 Pantaleonis
2836 2137 3096 2198 aetatem,
3128 2133 3382 2205 ideoque
3415 2149 3536 2190 non
3563 2135 3677 2206 ipsi

315 2219 654 2274 vindicasse
692 2221 1040 2277 Tractatum
1071 2229 1285 2278 contra
1315 2223 1549 2278 Graecos
1581 2224 1754 2293 cujus
1790 2238 2009 2293 parens
2035 2222 2244 2294 procul
2271 2222 2459 2278 dubio
2490 2237 2587 2278 an.
2620 2226 2751 2276 1252
2775 2222 2989 2277 vixisse
3005 2223 3246 2291 debuit;
3277 2223 3444 2279 aliter
3474 2231 3678 2279 tamen

311 2306 432 2374 alii,
462 2312 524 2362 ut
544 2309 818 2380 superius
845 2309 1255 2365 observatum.

387 2399 503 2451 Nos
553 2397 714 2452 hunc
737 2403 1082 2464 tractatum,
1108 2401 1170 2454 in
1200 2416 1323 2471 quo
1356 2400 1548 2455 multa
1573 2406 1897 2455 occurrunt
1917 2399 2568 2470 observationezdigna,
2593 2399 2650 2454 in
2685 2404 2800 2454 tres
2829 2404 3031 2471 partes
3062 2399 3508 2470 distinguimus,
3539 2416 3677 2473 quae

313 2489 401 2540 tot
428 2485 694 2542 habeant
731 2494 1021 2543 auctores.

389 2576 549 2630 Prior
564 2591 726 2648 pars,
740 2593 877 2649 quae
898 2586 1161 2650 quatuor
1177 2580 1628 2635 dissertationes
1652 2578 1945 2634 adversus
1963 2582 2199 2635 Graecos
2218 2578 2501 2643 continet,
2517 2593 2640 2633 non
2659 2577 2843 2632 modo
2862 2577 3020 2632 edita
3045 2583 3132 2633 est
3155 2578 3680 2648 Constantinopoli

313 2663 379 2718 in
412 2665 637 2720 edibus
665 2665 954 2722 Fratrum
990 2668 1469 2724 Przdicatorum
1499 2683 1600 2724 an.
1640 2673 1791 2731 t252,
1825 2675 1886 2722 ut
1911 2667 2020 2723 fert
2049 2668 2251 2723 titulus
2279 2686 2291 2731 ;
2343 2667 2448 2722 sed
2488 2666 2566 2722 ab
2606 2666 2754 2738 ipsis
2797 2667 3103 2722 Fratribus
3134 2668 3539 2724 Dominicanis
3568 2667 3680 2724 fuit

313 2757 691 2811 concinnata.
726 2758 817 2813 Sic
847 2759 1005 2812 enim
1027 2758 1141 2829 ipsi
1164 2758 1520 2830 loquuntur:
1548 2759 1689 2813 Hac
1719 2760 1953 2826 scripta
1976 2765 2116 2812 sunt
2137 2773 2298 2813 anno
2327 2757 2548 2821 1252,in
2578 2756 2818 2812 civitate
2847 2757 3373 2825 Constantinopoli
3391 2774 3428 2814 a
3449 2758 3682 2813 Fratri-

315 2842 424 2898 bus
447 2844 950 2901 Praedicatoribus
976 2848 1056 2902 ad
1087 2847 1536 2915 mdificationem
1562 2854 1615 2903 et
1649 2847 1985 2915 profectum
2016 2848 2381 2916 animarum,
2411 2846 2491 2901 ad
2522 2845 2759 2901 laudem
2782 2851 2836 2900 et
2866 2846 3121 2914 gloriam
3143 2846 3350 2902 Patris
3371 2852 3427 2903 et
3449 2847 3599 2903 Filii
3623 2852 3680 2903 et

309 2933 578 3000 Spiritus
609 2937 824 2990 sancti.
848 2939 1058 2992 Amen.

383 3021 514 3077 Duo
538 3025 990 3081 suntnotanda:
1031 3033 1102 3079 lc.
1126 3025 1224 3080 Hic
1246 3026 1516 3080 desinere
1547 3043 1701 3095 opus
1732 3024 1899 3094 illud,
1936 3024 2101 3096 quod
2126 3029 2495 3080 tentaverant
2520 3026 2774 3092 Fratres;
2801 3022 2882 3077 illi
2903 3022 3124 3094 quippe
3144 3029 3405 3094 quatuor
3421 3025 3682 3097 capitula

307 3110 386 3166 ad
399 3128 603 3167 versus
628 3116 858 3169 GPEBCOS
876 3116 1298 3186 probaverant,
1315 3115 1532 3170 deinde
1555 3114 1894 3170 clausulam
1917 3117 1963 3169 A
1976 3131 2128 3180 men,
2145 3131 2267 3186 qua
2285 3114 2420 3168 linis
2440 3114 2636 3184 operis
2662 3111 2983 3176 indicatur,
3000 3111 3374 3181 adjecerunt:
3395 3114 3678 3184 denique,

305 3205 373 3254 ut
405 3201 632 3272 patebit
659 3202 930 3271 inferius,
948 3220 1086 3275 quae
1114 3213 1449 3276 sequuntur
1467 3221 1538 3258 ex
1566 3204 1698 3259 aliis
1727 3204 1965 3274 scriptis
1992 3206 2132 3256 sunt
2151 3207 2449 3271 excerpta.
2484 3206 2563 3254 2°.
2589 3201 2732 3254 Inde
2785 3205 2942 3271 patet
2962 3199 3386 3256 Pantaleonem
3410 3217 3532 3256 non
3550 3216 3681 3256 esse

305 3289 492 3360 hujus
525 3291 725 3363 scripti
745 3297 1074 3358 auctorem,
1108 3299 1312 3365 utpote
1338 3294 1438 3365 qui
1473 3293 1768 3348 diaconus
1805 3301 1907 3348 aut
1937 3290 2270 3364 aliquando
2292 3290 2641 3346 monasterii
2679 3289 3014 3362 presbyter,
3039 3304 3161 3344 non
3180 3305 3320 3346 vero
3345 3291 3683 3347 monachus

257 3393 260 3395 ‘
312 3378 567 3436 dicatur.
599 3387 669 3436 At
704 3381 1024 3437 indubium
1056 3389 1162 3450 est,
1186 3380 1356 3438 illum
1387 3388 1706 3438 tractatum
1733 3399 1769 3438 a
1798 3380 2115 3437 monachis
2143 3378 2482 3435 confectum
2511 3377 2720 3443 fuisse,
2748 3384 2803 3433 et
2834 3393 3213 3448 anonymum
3245 3394 3556 3435 remanere
3584 3379 3684 3436 de-

311 3467 541 3539 buisse,
572 3477 634 3525 ut
661 3470 852 3526 solent
875 3488 1011 3544 quae
1032 3472 1206 3542 jussu
1237 3479 1494 3543 etopera
1509 3471 1993 3542 congregationis
2017 3468 2272 3539 alicujus
2291 3468 2512 3539 scripta
2541 3474 2715 3523 sunt:
2750 3467 2888 3522 ideo
2918 3466 3210 3539 plurimos
3231 3473 3505 3524 auctores
3535 3484 3684 3540 pras-

312 3556 426 3612 fert
454 3561 513 3614 et
542 3574 780 3630 semper
810 3559 1024 3632 plurali
1048 3576 1300 3616 numero
1329 3576 1462 3616 sese
1494 3561 1761 3616 indicant
1790 3566 2100 3616 auctores:
2134 3559 2208 3613 In
2238 3559 2523 3626 procemio
2553 3558 2736 3626 hujus
2767 3558 3043 3625 opusculi
3074 3559 3271 3613 testati
3296 3573 3520 3614 sumus.

390 3647 669 3704 Secunda
694 3664 834 3719 pars
864 3664 987 3704 non
1020 3649 1128 3705 fuit
1149 3649 1704 3715 Dominicanorum,
1729 3649 1832 3702 sed
1863 3649 2129 3716 Hugonis
2159 3648 2500 3714 Etheriani,
2534 3648 2634 3718 qui
2670 3646 2890 3702 saeculo
2906 3648 3201 3718 praeterito
3232 3649 3465 3703 Graecos
3482 3648 3685 3704 confu-

324 3741 571 3792 taverat.
607 3738 779 3793 Miror
806 3736 922 3792 hoc
952 3754 1074 3793 non
1114 3738 1331 3793 vidisse
1359 3738 1517 3793 viros
1547 3737 1830 3802 eruditos,
1871 3739 2116 3810 quippe,
2151 3741 2232 3799 30,
2267 3739 2350 3792 sic
2376 3737 2706 3809 loquuntur
2748 3739 2974 3792 Fratres
3005 3735 3425 3792 Praedicatores
3459 3755 3471 3792 :
3523 3737 3687 3807 Quod

318 3825 452 3882 licet
465 3828 598 3894 jam
621 3832 885 3898 quatuor
903 3827 1077 3882 dictis
1094 3827 1370 3883 articulis
1392 3827 1853 3896 demonstretur,
1871 3835 2068 3883 tamen
2090 3829 2290 3884 adhuc
2308 3829 2368 3882 in
2392 3827 2482 3882 his
2499 3841 2632 3898 qua?
2651 3827 2916 3896 subjecta
2934 3835 3072 3882 sunt
3096 3827 3448 3895 ostenditur,
3465 3843 3596 3900 quae
3611 3843 3688 3885 ex

315 3913 490 3970 dictis
513 3917 792 3986 magistri
813 3917 1089 3986 Hugonis
1120 3915 1480 3972 Etherium
1499 3931 1695 3984 nuper
1719 3923 1992 3972 extracta
2013 3915 2152 3972 huic
2177 3918 2344 3985 operi
2369 3916 2654 3972 duximus
2677 3914 3007 3972 inserenda.
3037 3917 3258 3972 Dicunt
3286 3919 3441 3972 enim
3465 3922 3519 3973 et
3539 3918 3685 3973 scri-

317 4003 485 4072 bunt,
520 4010 632 4060 etc.
666 4004 841 4060 Vides
868 4005 965 4060 hic
996 4004 1164 4061 ﬁnito
1189 4020 1389 4076 opere,
1418 4005 1704 4077 quaedam
1735 4021 1805 4060 ex
1832 4006 2098 4075 Hugonis
2128 4007 2364 4062 Etherii
2397 4006 2633 4077 scriptis
2662 4005 2860 4076 adjici.
2897 4004 3052 4071 Quid
3082 4006 3457 4063 evidentius?
3493 4009 3687 4064 Unum

316 4097 523 4148 tamen
552 4092 697 4149 addi
728 4098 942 4166 potest,
977 4093 1166 4149 multa
1187 4093 1270 4148 ibi
1296 4094 1414 4148 dici
1434 4109 1572 4165 quae
1608 4093 1909 4149 Fratribus
1943 4096 2441 4152 Prmdicatoribus
2482 4111 2607 4151 non
2637 4094 3018 4152 conveniant.
3047 4095 3271 4152 Asserit
3299 4101 3527 4163 auctor,
3559 4113 3689 4154 sese

314 4181 477 4238 velut
516 4181 885 4253 singularem
909 4199 1234 4254 personam
1265 4183 1558 4248 indicans,
1593 4181 1816 4237 vidisse
1847 4185 2186 4241 sacerdotes
2216 4185 2466 4240 sacratis
2500 4184 2786 4240 manibus
2818 4187 2923 4256 qui
2945 4185 3057 4240 viri
3091 4186 3454 4255 sanguinum
3482 4192 3687 4255 essent,

312 4273 463 4329 dum
488 4281 882 4346 sequerentur
912 4277 1332 4344 imperatorem
1367 4288 1478 4343 per
1518 4274 1964 4344 Cappadociam
1994 4277 2433 4346 Persarumque
2469 4274 2756 4344 regiones.
2805 4273 3055 4344 Subjicit
3096 4272 3314 4329 deinde
3362 4290 3425 4329 se
3467 4275 3689 4330 vidisse

315 4363 564 4418 clericos
594 4363 909 4436 fustigatos
943 4372 998 4418 et
1027 4364 1392 4420 verberatos.
1427 4363 1665 4419 sublata
1690 4365 1855 4435 prius
1894 4369 2140 4436 τιματίῳ,
2175 4365 2290 4419 hoc
2322 4368 2412 4419 est
2451 4369 2607 4419 veste
2643 4364 2936 4429 clericali,
2968 4362 3150 4434 idque
3181 4363 3294 4434 ipsi
3326 4364 3598 4419 evenisse
3627 4363 3689 4419 in

315 4455 521 4510 Nicaea
543 4455 799 4509 civitate.
834 4459 924 4508 An
954 4453 1164 4509 credas
1197 4455 1465 4507 Fratrum
1490 4468 1735 4523 gregem
1769 4453 2031 4522 vestigiis
2053 4453 2432 4525 imperatoris
2462 4451 2971 4517 adhaesisse,dum
2994 4452 3319 4508 Orientales
3345 4458 3694 4524 peragraret

317 4545 595 4615 regiones
625 4543 652 4598 ?
685 4543 925 4611 Deinde,
970 4543 1107 4615 quis
1139 4543 1466 4614 imperator
1497 4541 1592 4597 ille
1621 4543 1649 4597 ?
1678 4547 1766 4597 An
1799 4542 2128 4598 Balduinus
2171 4544 2235 4609 ll,
2279 4542 2386 4613 qui
2425 4558 2455 4596 e
2496 4548 2662 4612 parte
2704 4541 3048 4596 Latinorum
3086 4544 3384 4612 praeerat?
3433 4541 3549 4599 Sed
3592 4543 3688 4597 hic

320 4632 616 4689 adversus
635 4635 845 4687 Persas
871 4630 1097 4686 bellum
1118 4647 1438 4702 nunquam
1470 4633 1674 4700 gessit.
1706 4633 1919 4686 Verum
1945 4631 2195 4704 quidem
2220 4637 2326 4696 est,
2351 4631 2648 4686 Joannem
2671 4632 2992 4696 Vatatzem,
3016 4646 3199 4702 quem
3221 4632 3460 4688 Ducam
3482 4632 3688 4704 appel-

319 4720 450 4777 lant
478 4719 740 4792 plurimi,
769 4720 979 4776 Nicaia:
1010 4719 1216 4775 sedem
1246 4719 1621 4790 imperialem
1653 4719 1958 4775 habuisse.
1993 4721 2106 4776 Sed
2139 4719 2455 4774 verisimile
2489 4734 2611 4774 non
2659 4719 2724 4774 tit
2766 4720 3193 4775 Praedicatores
3231 4735 3303 4775 eo
3333 4726 3602 4792 tempore
3627 4720 3691 4776 in

321 4811 454 4880 ejus
479 4809 684 4865 aulam
713 4808 1019 4865 admissos
1049 4808 1261 4864 itinera
1290 4824 1429 4863 cum
1461 4809 1596 4879 ipso
1626 4809 1792 4864 varia
1817 4808 2166 4866 confecisse.
2199 4812 2334 4864 Haec
2359 4824 2482 4864 non
2512 4808 2698 4863 modo
2723 4808 3087 4873 verisimilia,
3117 4808 3224 4864 sed
3251 4824 3395 4866 vera
3437 4814 3578 4866 sunt
3612 4810 3691 4867 de

320 4899 601 4964 Etherio,
648 4899 774 4971 qui,
819 4913 962 4954 cum
1009 4898 1206 4968 gratia
1243 4913 1485 4952 summa
1526 4896 1774 4969 polleret
1820 4897 1987 4969 apud
2017 4898 2347 4955 Manuelem
2377 4896 2777 4966 Comnenum,
2810 4897 3031 4953 Latinis
3059 4897 3364 4954 faventem
3389 4903 3447 4955 et
3470 4898 3692 4971 saepius

321 4988 614 5044 adversus
641 4989 861 5043 Turcas
887 4988 1340 5058 Saracenosque
1368 4985 1846 5055 belligerantem,
1868 4987 2070 5058 ipsum
2095 5003 2202 5060 per
2218 4987 2416 5044 varios
2443 5003 2619 5043 casus
2640 4992 2696 5042 et
2712 4987 3063 5042 discrimina
3082 5002 3283 5043 rerum
3302 4989 3688 5061 sequebatur.

324 5080 517 5134 Unum
545 5075 725 5147 objici
757 5081 969 5149 potest,
990 5091 1130 5149 quae
1159 5074 1441 5146 leguntur
1469 5075 1530 5130 in
1569 5076 1862 5131 Tractatu
1893 5082 2107 5133 contra
2137 5078 2372 5133 Graecos
2402 5092 2526 5132 non
2556 5076 2799 5148 reperiri
2823 5075 2988 5147 apud
3012 5076 3346 5133 Etherium
3373 5095 3385 5142 ;
3418 5077 3524 5133 sed
3552 5077 3693 5134 inde

317 5182 482 5224 nova
511 5165 653 5222 oriri
679 5171 875 5238 potest
903 5165 1267 5236 conjectura,
1299 5163 1562 5237 plurima
1590 5164 1856 5220 edidisse
1898 5165 2223 5221 Etherium
2256 5164 2551 5237 opuscula
2590 5163 2884 5220 adversus
2915 5166 3171 5232 Graecos,
3199 5180 3272 5221 ex
3300 5165 3524 5238 quibus
3554 5181 3693 5238 quae

316 5255 416 5313 hic
450 5254 833 5328 proferuntur
859 5253 1082 5310 fuerint
1111 5260 1411 5326 excerpta.

391 5345 584 5401 Tertia
612 5343 875 5416 denique
905 5359 1045 5416 pars
1074 5343 1256 5414 hujus
1285 5343 1507 5414 scripti,
1537 5342 1616 5399 ab
1647 5342 1776 5398 aliis
1802 5343 1980 5415 plane
2003 5343 2263 5410 diversa,
2291 5345 2558 5400 continet
2587 5348 2822 5401 tantum
2864 5344 3271 5401 narrationem
3299 5346 3556 5417 portenti
3586 5362 3690 5402 cu-

312 5434 567 5506 jusdam
598 5433 759 5506 quod
787 5433 1160 5506 temporibus
1184 5432 1482 5490 Michaelis
1513 5432 1796 5489 Cerularii
1820 5432 2029 5490 debuit
2052 5433 2343 5490 evenisse.
2380 5433 2493 5489 Sed
2519 5449 2642 5489 non
2669 5434 2862 5506 potuit
2886 5434 3109 5491 habere
3136 5436 3366 5491 Fratres
3406 5435 3693 5494 Praedica-

320 5533 481 5584 tores
512 5532 812 5593 auctores,
843 5525 950 5599 qui
973 5525 1148 5597 prius
1177 5525 1306 5580 fuse
1334 5530 1582 5595 egerant
1610 5524 1684 5580 de
1715 5524 2036 5581 schismate
2065 5522 2384 5588 Michaelis,
2419 5528 2475 5579 et
2500 5537 2574 5580 ne
2604 5524 2859 5580 verbum
2885 5525 3134 5597 quidem
3178 5525 3253 5580 de
3285 5525 3385 5581 illo
3415 5530 3693 5598 portento

322 5617 624 5683 dixerant,
659 5615 950 5688 quodque
985 5616 1121 5671 huic
1151 5616 1318 5687 operi
1349 5615 1476 5672 sine
1506 5614 1701 5672 ﬁbula
1723 5614 1831 5673 fuit
1857 5614 2128 5673 afﬁxam.
2160 5612 2266 5672 illa
2283 5613 2484 5671 brevis
2515 5613 2780 5672 narratio
2809 5619 3004 5687 potest
3023 5630 3153 5672 esse
3180 5615 3580 5684 Pantaleonis,
3599 5615 3695 5673 cui

317 5706 482 5768 male
510 5711 705 5767 totum
732 5721 890 5781 Opus
917 5704 1298 5767 adscribitur.
