4468 6440
2042 384 2524 455 PANTALEONIS
2560 386 2847 456 DIACONI
2884 390 2988 456 ΟΡ.

4090 392 4197 460 488

2201 666 2838 754 TRACTATUS

1388 882 1962 992 CONTRA
2030 883 2696 996 ERRORES
2772 883 3654 1018 GRAECORUM,

1049 1111 1160 1176 DE
1201 1111 1784 1176 PROCESSIONE
1831 1111 2228 1178 SPIRITUS
2274 1115 2600 1180 SANCTI.
2647 1116 2756 1179 DE
2799 1117 3254 1182 ANIMABUS
3299 1115 3972 1182 DEFUNCTORUM.

1875 1247 1985 1308 DE
2026 1246 2352 1311 AZYMIS
2396 1250 2504 1313 ET
2544 1250 3150 1325 FERMENTATO,

1707 1380 1818 1442 DE
1867 1380 2380 1444 OBEDIENTIA
2422 1383 2816 1446 ROMANZE
2860 1383 3315 1460 ECCLESL/E,

1000 1509 1223 1573 Editus
1282 1509 1856 1591 Constantinopoli,
1915 1513 1978 1575 in
2037 1515 2288 1578 adibus
2351 1516 2646 1579 Fratrum
2703 1517 3234 1590 Pradicatorum,
3301 1536 3468 1579 anno
3533 1515 3791 1578 Domini
3853 1517 4031 1578 1252.

909 1829 1065 1888 Licet
1084 1832 1417 1888 Gracorum
1444 1831 1776 1889 Ecclesiam
1806 1832 2094 1891 virtutum
2135 1832 2387 1891 ﬂoribus
2426 1836 2484 1891 et
2511 1836 2556 1891 Α
2595 1837 2882 1892 creatura:
2911 1834 3185 1892 fermenti
3209 1835 3464 1893 termino
3480 1833 3687 1892 volens
3711 1835 4192 1901 coarctare,voce

835 1920 1230 1994 philosophia
1273 1920 1480 1977 studiis
1527 1920 1670 1978 olim
1718 1921 2066 1980 decoratam
2110 1923 2478 1994 noverimus,

832 2026 945 2068 nec
981 2026 1106 2068 non
1143 2014 1202 2067 et
1242 2014 1590 2068 sanctorum
1625 2013 1885 2079 Patrum,
1929 2012 2384 2085 prophetarum,
2427 2017 2486 2069 et

835 2099 1250 2174 apostolorum
1296 2098 1484 2156 veloci
1516 2115 1695 2156 cursu
1721 2100 1962 2157 calcans
1993 2101 2264 2172 vestigia,
2293 2117 2482 2174 quam

833 2189 1037 2262 plures
1068 2204 1141 2245 ex
1170 2203 1233 2245 se
1269 2187 1440 2245 vivos
1469 2193 1526 2245 et
1548 2188 1771 2260 ignitos
1800 2189 2033 2262 lapides
2066 2191 2129 2246 in
2159 2190 2483 2246 adiﬁcium

834 2295 1108 2353 superna
1185 2276 1513 2335 Jerusalem
1585 2277 1820 2335 dudum
1885 2279 2283 2336 transmiserit
2345 2295 2482 2337 con-

832 2367 1209 2438 struendum,
1238 2382 1400 2423 nunc
1424 2370 1627 2423 tamen
1655 2367 1719 2423 in
1758 2368 1874 2425 ﬁne
1919 2372 2279 2443 temporum,
2316 2368 2484 2442 quod

831 2459 959 2514 sine
989 2457 1156 2528 gravi
1177 2471 1435 2512 marore
1471 2456 1736 2528 proferre
1764 2472 1888 2513 non
1919 2473 2266 2530 possumus,
2309 2458 2483 2513 innu-

830 2547 1013 2604 meris
1034 2550 1090 2602 et
1116 2544 1365 2601 diversis
1390 2560 1662 2601 errorum
1687 2545 2006 2603 obfuscata
2031 2546 2391 2614 turbinibus,
2419 2546 2480 2602 in

829 2636 1044 2694 eadem
1057 2634 1310 2706 caligine
1323 2650 1570 2691 suarum
1581 2634 1956 2707 opinionum,
1970 2635 2211 2692 diversa
2224 2652 2259 2692 a
2272 2641 2482 2692 sancta

828 2727 1100 2781 Romana
1129 2722 1392 2779 Ecclesia
1420 2728 1780 2794 perseverat.
1831 2727 1898 2780 Et
1942 2724 2219 2797 quamvis
2246 2723 2481 2780 inﬁnita

825 2813 1150 2871 haresium
1178 2812 1448 2883 germina
1477 2827 1514 2867 a
1554 2811 1831 2868 trecentis
1866 2813 2170 2883 octoginta
2194 2813 2394 2880 annis,
2423 2817 2482 2870 et

826 2902 1005 2971 circa,
1054 2901 1118 2957 id
1154 2905 1263 2970 est,
1307 2916 1344 2957 a
1383 2905 1652 2973 tempore
1704 2901 1912 2966 Photii,
1957 2902 2048 2958 vel
2091 2901 2321 2958 Photini
2375 2902 2475 2975 (t),

823 2991 1005 3066 primi
1032 2991 1215 3062 hujus
1247 2989 1587 3046 schismatis
1615 2990 1965 3056 inventoris,
1990 2991 2051 3047 in
2081 2990 2332 3048 diversis
2355 2992 2479 3048 suis

823 3080 1116 3155 partibus,
1166 3084 1413 3152 propter
1457 3078 1756 3135 defectum
1802 3080 2086 3148 scientia,
2129 3085 2188 3136 et
2237 3080 2476 3136 invidia

2590 1922 2950 1996 blasphema
2968 1924 3274 1998 pradicat,
3293 1940 3417 1982 non
3438 1924 3552 1981 nisi
3577 1923 3641 1980 in
3665 1923 4001 1980 fermentati
4018 1920 4192 1995 panis

2592 2013 2848 2070 materia
2875 2014 3080 2085 perﬁci
3104 2029 3280 2087 posse
3307 2013 3663 2087 mysterium
3686 2011 4068 2070 sacramenti.
4093 2010 4191 2067 His

2589 2101 2792 2174 itaque
2820 2101 2981 2173 ﬁdei,
3026 2109 3083 2161 et
3126 2103 3451 2172 charitatis,
3485 2103 3735 2176 speique
3772 2100 4111 2169 virtutibus,
4154 2115 4192 2156 a

2591 2190 2876 2248 cordibus
2899 2193 3169 2250 ﬁdelium
3195 2194 3358 2250 dicto
3390 2192 3590 2249 studio
3618 2196 3677 2249 et
3703 2191 3915 2249 ordine
3943 2188 4151 2247 deletis
4177 2205 4191 2245 :

2591 2279 2822 2348 ultimo,
2875 2281 2937 2336 in
2995 2281 3172 2338 totius
3238 2279 3830 2338 consummationem
3893 2277 4192 2351 nequitia,

2591 2374 2875 2441 quartum
2905 2385 3039 2427 eam
3060 2369 3161 2438 (ad
3182 2386 3371 2444 quam
3392 2369 3612 2427 horum
3641 2373 3698 2426 et
3725 2366 4011 2425 similium
4036 2381 4195 2422 erro-

2589 2474 2727 2514 rum
2750 2463 2982 2532 spectat
3001 2461 3330 2531 correctio),
3351 2459 3412 2516 id
3430 2463 3535 2526 est,
3556 2462 3831 2515 sanctam
3855 2459 4192 2513 Romanam

2592 2547 2938 2614 Ecclesiam,
2959 2548 3344 2620 aggreditur;
3375 2564 3486 2604 nec
3513 2548 3566 2603 ei
3587 2545 3996 2604 obediendum
4027 2559 4192 2600 com-

2590 2636 2851 2693 muniter
2889 2637 3215 2694 asserendo
3255 2637 3564 2711 pradicat,
3604 2635 3877 2693 moribus
3907 2633 4191 2699 afﬁrmat,

2590 2731 2646 2783 et
2670 2725 2839 2783 factis
2862 2726 3021 2783 dicit.

2663 2818 2880 2873 Contra
2897 2831 3052 2889 quos
3074 2831 3304 2873 errores
3331 2815 3645 2889 pestiferos
3667 2812 3949 2887 quamvis
3977 2809 4192 2868 multo-

2588 2909 2722 2961 rum
2733 2905 2865 2977 jam
2881 2905 3151 2962 ﬁdelium
3164 2904 3481 2962 desudavit
3492 2903 3686 2971 labor,
3702 2907 3760 2959 et
3777 2901 4037 2975 plurima
4050 2898 4192 2955 scri-

2586 2999 2691 3067 pta
2704 2994 2782 3051 ad
2794 2994 3208 3052 defensionem
3218 3010 3375 3051 vera
3387 2993 3526 3050 ﬁdei
3537 2992 3843 3050 catholica
3855 2989 4192 3047 dimiserint

2587 3083 2979 3156 perlegenda:
3007 3083 3154 3157 quia
3181 3089 3383 3140 tamen
3403 3081 3681 3139 moderni
3705 3078 4067 3149 Graci,novi
4085 3093 4190 3150 pa-

823 3168 1308 3237 amaritudinem,
1336 3168 1649 3226 manifeste
1679 3168 2141 3242 pullulaverint:
2176 3171 2477 3242 pracipue
2509 3188 2549 3243 3
2587 3173 2744 3242 riter,
2779 3176 2835 3229 et
2865 3172 3096 3245 antiqui
3132 3171 3519 3239 schismatici,
3558 3186 3668 3227 nec
3698 3167 4066 3240 argumentis
4091 3165 4188 3222 vel

819 3263 1024 3317 tamen
1063 3257 1126 3314 in
1167 3263 1429 3330 quatuor
1457 3257 1720 3314 articulis
1763 3258 2132 3328 generaliter,
2165 3273 2272 3314 seu
2310 3273 2471 3316 com-

816 3347 1079 3406 muniter
1104 3347 1475 3416 dignoscitur
1492 3346 1734 3403 deviare
1754 3363 1791 3403 a
1815 3346 2013 3404 nobis.
2048 3349 2316 3414 Quorum
2343 3347 2472 3420 pri-

815 3453 975 3504 mus,
1002 3436 1148 3510 quia
1169 3435 1249 3492 ab
1274 3436 1407 3508 ipsa
1430 3433 1634 3492 divina
1663 3435 1976 3506 majestate
2012 3436 2326 3504 inchoans,
2367 3451 2470 3493 ore

814 3526 1047 3600 polluto
1073 3524 1335 3582 afﬁrmat
1372 3529 1580 3581 contra
1608 3525 1981 3598 opinionem,
2003 3526 2127 3582 imo
2154 3525 2341 3582 ﬁdem
2371 3542 2471 3582 ca-

815 3615 1120 3681 tholicam,
1171 3615 1405 3670 tertiam
1452 3629 1778 3686 personam
1820 3614 1881 3670 in
1919 3614 2215 3682 Trinitate,
2261 3615 2324 3671 id
2358 3619 2469 3685 est,

817 3704 1100 3777 Spiritum
1139 3709 1416 3760 sanctum
1462 3725 1490 3754 ‹‹
1529 3719 1566 3761 a
1604 3704 1747 3760 Filio
1779 3703 2028 3761 minime
2059 3704 2407 3777 procedere,
2436 3726 2465 3755 »

811 3793 904 3850 vel
934 3793 1170 3867 spirari,
1198 3797 1301 3850 aut
1328 3792 1732 3850 exsistentiam
1755 3792 2002 3850 habere.

884 3882 1198 3940 Secundus
1229 3885 1451 3949 autem,
1477 3881 1809 3938 secundum
1831 3881 2164 3953 theologos,
2185 3883 2466 3940 virtutem

809 3986 1066 4029 numero
1085 3971 1442 4041 secundam,
1467 3970 1530 4027 id
1554 3975 1644 4027 est
1662 3987 1832 4044 spem
1852 3971 2146 4043 ﬁdelium,
2167 3972 2466 4030 virulento

809 4060 1131 4117 conanime
1154 4060 1494 4117 interimere
1533 4060 1803 4126 studens,
1839 4061 2072 4130 asserit,
2100 4085 2121 4112 ‹
2155 4062 2465 4119 defuncto-

806 4166 944 4208 rum
979 4150 1218 4208 animas
1256 4166 1370 4206 nec
1397 4150 1668 4208 Paradisi
1700 4150 1936 4221 gaudiis
1959 4151 2205 4224 perfrui,
2235 4167 2347 4209 nec
2369 4155 2462 4209 in-

806 4239 1116 4298 fernarum
1163 4239 1492 4314 suppliciis,
1542 4239 1637 4296 vel
1679 4239 1816 4312 igne
1855 4241 2224 4314 purgatorio,
2263 4264 2284 4291 ι
2314 4242 2466 4300 citra

806 4328 966 4387 diem
982 4329 1212 4401 judicii,
1228 4334 1334 4386 aut
1360 4332 1497 4386 ante
1521 4328 1711 4386 latam
1730 4330 2089 4387 sententiam
2105 4335 2460 4402 extremam,

796 4419 1040 4492 judiciis
1067 4435 1246 4494 posse
1271 4419 1605 4492 subjacere.

876 4509 1110 4568 Tertius
1140 4525 1282 4568 vero
1309 4509 1512 4583 ipsam
1533 4508 1962 4583 omnipotentis
2005 4509 2104 4567 Dei
2128 4511 2461 4584 potentiam

2581 3261 2938 3328 rationibus,
2969 3276 3082 3317 nec
3111 3277 3298 3317 sacra
3319 3260 3640 3332 Scriptura
3671 3256 4047 3328 testimoniis,
4072 3254 4186 3311 nisi

2584 3366 2836 3407 suorum
2857 3351 3092 3424 scriptis
3115 3349 3716 3422 sanctorum,quibus
3739 3348 4071 3421 plurimum
4095 3344 4188 3401 in-

2581 3439 2853 3497 nituntur
2872 3444 2995 3496 tam
3017 3438 3404 3513 apocryphis,
3432 3453 3621 3511 quam
3646 3437 3823 3500 veris,
3849 3435 4064 3492 nolunt
4092 3449 4188 3489 su-

2582 3529 2777 3602 perari
2798 3548 2810 3585 :
2836 3529 3109 3586 fraternis
3125 3543 3368 3601 quoque
3389 3526 3670 3600 precibus
3685 3524 4187 3596 inclinatus,qua-

2579 3616 2710 3672 liter
2729 3632 2803 3673 ex
2824 3617 2948 3672 suis
2974 3615 3140 3672 libris
3169 3631 3379 3672 eorum
3405 3614 3795 3671 convincatur
3831 3610 4180 3684 pertinacia,

2580 3705 2816 3777 virtute,
2849 3721 2974 3778 qua
3000 3709 3232 3778 potero,
3257 3703 3573 3760 ostendere
3601 3701 3918 3758 laborabo.

2653 3795 2710 3852 Si
2764 3794 2912 3867 quid
2949 3809 3092 3864 ergo
3121 3793 3312 3863 vobis,
3346 3792 3526 3848 frater
3572 3789 3943 3860 charissime,
3986 3787 4050 3844 in
4087 3787 4183 3844 his

2579 3887 2818 3956 gratum
2832 3884 3024 3951 fuerit,
3043 3883 3121 3939 ad
3137 3882 3364 3939 fontem
3379 3881 3683 3938 bonorum
3699 3878 3974 3936 omnium
3992 3879 4182 3933 Deum

2576 3975 2918 4039 referentes,
2933 3973 3006 4045 ei,
3021 3972 3117 4028 cui
3137 3987 3319 4030 omne
3339 3986 3443 4028 cor
3462 3974 3645 4044 patet,
3669 3975 3724 4029 et
3753 3968 3954 4026 omnis
3975 3966 4182 4023 volun-

2576 4067 2670 4121 tas
2717 4063 3002 4136 loquitur,
3051 4062 3394 4119 orationum
3429 4059 3770 4133 frequentia
3819 4072 3918 4113 me
3967 4054 4181 4112 sedulo

2576 4152 3020 4210 commendate.
3060 4151 3119 4207 Si
3164 4166 3290 4224 qua
3326 4165 3486 4216 vero,
3525 4153 3744 4221 prater
3785 4144 4181 4202 intentionem

2576 4258 2798 4313 meam,
2813 4240 3014 4298 minus
3023 4240 3254 4296 veritati
3273 4253 3542 4295 consona
3559 4237 3763 4294 forsan
3775 4233 4176 4309 apparebunt,

2573 4337 2786 4390 vestra
2835 4329 3217 4388 correctionis
3265 4328 3413 4385 lima
3467 4326 3793 4400 depuretis,
3842 4323 3922 4381 ad
3973 4323 4180 4379 lumen

2573 4421 2837 4479 veritatis
2865 4419 3248 4477 charitatisve
3274 4417 3654 4484 reducentes,
3686 4428 3838 4471 mea
3864 4411 4178 4486 imperitia

2575 4517 2632 4568 et
2657 4510 2961 4569 brevitatis
2985 4509 3204 4582 inOpia
3224 4507 3467 4565 veniam
3497 4503 3862 4564 concedatis.

1748 4686 1845 4746 SE
1851 4689 1957 4757 ΟΠ
1961 4689 2075 4747 UN
2074 4690 2224 4748 TUR
2265 4666 2709 4750 OPINIbNES
2744 4688 3232 4747 GRzECORUM.

802 4818 1085 4877 Rationes
1129 4817 1475 4874 Gracorum
1504 4815 1586 4873 ad
1601 4815 1867 4886 primum
1898 4817 2228 4890 articulum
2249 4835 2270 4872 :
2301 4818 2464 4890 quod

1007 4891 1274 4961 Spiritus
1297 4895 1543 4946 sanctus
1566 4903 1689 4943 non
1702 4887 1998 4957 procedat
2018 4902 2056 4944 a
2075 4889 2255 4945 Filio.

871 4998 1056 5070 Igitur
1084 4996 1270 5054 Graci
1295 4997 1560 5070 primum
1589 4994 1908 5052 articulum
1937 4993 2060 5050 suis
2098 4995 2458 5068 rationibus,

800 5091 859 5145 et
884 5087 1312 5145 auctoritatum
1333 5084 1689 5142 testimoniis
1718 5082 2043 5141 defendere
2064 5082 2355 5157 volentes,
2377 5085 2461 5144 ita

797 5177 1153 5252 procedunt.

868 5267 1066 5324 Primo
1095 5284 1108 5323 :
1145 5265 1203 5323 Si
1229 5263 1479 5339 Spiritus
1505 5267 1769 5331 sanctus,
1797 5262 2101 5336 inquiunt,
2137 5264 2462 5336 procedita

794 5354 1328 5425 Patre,secundum
1342 5353 1752 5425 Evangelium,
1769 5357 1874 5409 aut
1885 5352 2155 5425 procedit
2167 5353 2427 5427 perfecte
2442 5382 2461 5423 ε

797 5449 944 5514 sive,
979 5446 1082 5505 illa
1120 5444 1430 5520 processio
1459 5443 1723 5517 perfecta
1760 5447 1872 5513 est,
1908 5447 2012 5500 aut
2031 5458 2195 5501 non:
2251 5444 2301 5501 si
2326 5459 2462 5518 per-

794 5538 968 5609 fecta,
994 5542 1061 5594 ut
1089 5534 1452 5602 concedetis,
1479 5549 1668 5607 quare
1708 5548 1957 5590 necesse
1992 5537 2104 5604 est,
2145 5537 2211 5591 ut
2241 5550 2277 5592 a
2317 5533 2460 5592 Filio

2573 4815 2865 4890 procedat
2894 4814 3145 4888 Spiritus
3167 4814 3450 4870 sanctus?
3473 4815 3624 4883 Ergo
3646 4808 3958 4884 superﬂuit
3968 4822 4178 4866 secun-

2574 4907 2657 4964 da
2693 4906 3018 4980 processio,
3059 4903 3229 4978 quod
3268 4907 3357 4960 est
3399 4901 3797 4977 superﬂuum,
3829 4903 3934 4957 aut
3973 4899 4177 4956 incon-

2572 4997 2821 5054 veniens
2851 4997 2912 5053 in
2939 4995 3274 5052 Divinitate.
3310 4995 3484 5064 Ergo,
3518 4995 3628 5049 etc.

2647 5087 2816 5154 Item,
2845 5101 2985 5142 cum
3020 5099 3145 5140 una
3189 5083 3266 5138 sit
3287 5097 3476 5138 causa
3505 5085 3562 5138 et
3589 5079 3724 5137 fons
3754 5078 3815 5135 in
3843 5077 4173 5149 Divinitate,

2575 5176 2796 5233 scilicet
2831 5177 3020 5243 Pater,
3048 5178 3172 5232 tam
3216 5171 3393 5229 Filius
3433 5185 3622 5244 quam
3649 5169 3903 5242 Spiritus
3931 5173 4176 5226 sanctus

2574 5265 2872 5322 exsistunt
2899 5280 2936 5321 a
2965 5265 3155 5331 Patre,
3181 5261 3277 5318 ille
3304 5276 3411 5335 per
3439 5259 3908 5332 generationem,
3940 5258 4049 5314 iste
4074 5272 4182 5330 per

2574 5353 3050 5428 processionem.
3077 5351 3191 5408 Sed
3221 5351 3271 5406 si
3297 5366 3333 5407 a
3359 5349 3502 5406 Filio
3523 5348 3750 5405 exsistit
3777 5353 3882 5404 aut
3909 5346 4182 5420 procedit

2577 5443 2829 5518 Spiritus
2856 5445 3131 5512 sanctus,
3153 5441 3333 5498 etiam
3365 5439 3539 5497 Filius
3561 5437 3669 5494 erit
3706 5453 3893 5495 causa
3931 5435 4182 5510 Spiritus

2573 5536 2788 5604 sancti,
2816 5537 2874 5592 et
2891 5533 2973 5590 ita
2994 5532 3130 5589 dua
3157 5546 3360 5590 causa
3385 5547 3399 5587 ε
3422 5533 3478 5587 et
3505 5545 3613 5603 per
3633 5541 4034 5602 consequens,
4057 5526 4182 5584 duo

860 5692 942 5769 (1)
979 5690 1127 5752 Male
1154 5705 1172 5761 ;
1202 5688 1446 5751 Photius
1473 5687 1637 5748 enim
1661 5703 1700 5748 a
1728 5687 1982 5750 Photino
2006 5689 2117 5750 fuit
2136 5689 2320 5765 plane
2348 5689 2645 5750 diversus.
2680 5691 2820 5752 Bas.
