4468 6440
289 412 396 470 489

1648 410 1930 472 CONTRA
1963 412 2258 474 GRECOS

3607 436 3715 496 490

291 533 671 622 principiain
700 534 1033 595 Divinitate.
1084 533 1201 594 Sed
1229 532 1348 594 hoc
1382 536 1474 592 est
1498 531 1951 595 inconveniens.
1982 535 2032 591 Δ
2064 539 2349 612 Spiritum
2372 541 2512 616 Filii,
2572 545 2664 603 vel
2691 547 2860 620 quod
2892 549 3142 622 Spiritus
3169 553 3441 613 mittatur
3504 573 3543 616 a
3572 561 3713 622 Filio

290 621 494 694 lgitur,
521 628 632 680 etc.

360 711 589 769 Tertio:
618 712 768 770 item
797 713 862 770 in
887 715 1118 772 Joanne
1171 710 1314 770 dicit
1362 710 1588 769 Veritas
1638 712 1953 787 discipulis

291 799 444 856 suis:
478 801 695 859 Omnia
719 817 1091 875 quacunque
1114 801 1325 859 audivi
1353 816 1392 857 a
1419 801 1606 859 Patre
1631 817 1779 873 meo,
1807 809 1953 862 nota

286 893 412 960 feci
438 891 601 948 vobis
633 893 673 947 ¹.
713 892 822 949 Ubi
859 893 1003 950 dicit
1023 892 1264 950 Glossa:
1301 914 1329 940 ‹‹
1368 891 1586 948 Omnia
1609 893 1952 951 necessaria

291 981 371 1037 ad
396 981 653 1039 salutem
683 984 908 1055 scripta
956 988 1099 1040 sunt
1121 983 1185 1040 in
1215 981 1556 1052 Evangelio.
1581 1005 1611 1033 υ
1644 981 1760 1040 Sed
1805 982 1950 1040 illud

292 1085 417 1126 non
441 1074 534 1127 est
561 1070 852 1144 scriptum
881 1071 944 1128 in
1000 1070 1363 1141 Evangelio;
1418 1085 1562 1141 ergo
1595 1085 1721 1128 non
1758 1075 1850 1128 est
1873 1071 1951 1128 de

290 1159 646 1215 necessariis
693 1159 774 1217 ad
819 1161 1093 1218 salutem.
1150 1162 1304 1230 Ergo
1330 1173 1455 1216 non
1501 1163 1776 1216 tenemur
1829 1176 1953 1218 cre-

291 1246 456 1304 dere.
492 1248 609 1305 Sed
635 1264 774 1321 quas
812 1265 954 1306 vera
979 1254 1120 1305 sunt
1147 1253 1422 1305 tenemur
1464 1247 1729 1316 credere,
1765 1253 1824 1306 et
1855 1264 1954 1306 ve-

292 1337 512 1403 nerari,
534 1337 802 1394 maxime
847 1353 985 1411 quas
1013 1337 1285 1395 divinam
1311 1336 1638 1394 essentiam
1675 1337 1956 1395 videntur

292 1423 644 1496 prmdicare.
678 1425 794 1483 Sed
818 1426 980 1484 istud
1010 1442 1135 1484 non
1165 1432 1439 1484 tenemur
1476 1425 1740 1484 credere.
1802 1429 1956 1498 Ergo

292 1527 420 1569 non
442 1518 532 1571 est
561 1530 800 1572 verum.

367 1604 592 1669 Quarto
617 1622 630 1660 :
651 1620 796 1661 cum
819 1604 1043 1661 Veritas
1076 1605 1296 1662 faceret
1317 1605 1687 1662 mentionem
1720 1604 1796 1661 de
1821 1620 1957 1678 pro-

295 1692 566 1748 cessione
581 1692 834 1765 Spiritus
869 1693 1061 1751 sancti
1093 1694 1172 1750 ait
1193 1711 1206 1750 :
1224 1694 1338 1762 Qui
1361 1709 1399 1750 a
1419 1695 1605 1750 Patre
1625 1694 1895 1764 procedit
1912 1697 1956 1763 ³,

295 1795 422 1837 non
448 1781 627 1838 dixit:
672 1783 736 1838 Et
759 1798 796 1838 a
828 1782 992 1839 Filio.
1034 1782 1207 1849 Quod
1237 1783 1287 1838 si
1333 1782 1552 1839 Veritas
1581 1782 1746 1839 aliud
1793 1781 1962 1838 intel-

2061 623 2178 682 hoc
2195 626 2492 687 habuistis
2528 649 2543 689 :
2569 633 2793 703 sciatis,
2815 652 2925 694 vos
2944 638 3040 695 vel
3059 655 3182 696 non
3205 641 3532 715 intelligere
3565 650 3714 706 Scri-

2061 721 2293 790 pturas,
2349 719 2441 777 vel
2495 720 2825 782 intellectas
2882 727 3147 786 studiose
3201 739 3555 803 pervertere,
3610 740 3717 795 aut

2060 810 2215 862 certe
2245 821 2354 879 per
2379 808 2788 880 ignorantiam
2815 814 3076 873 multum
3106 833 3144 874 a
3166 819 3414 878 veritate
3466 828 3524 881 et
3575 841 3714 882 san-

2059 899 2292 989 ctorum
2321 898 2796 969 expositionibus
2822 902 3085 962 deviare.
3119 908 3314 972 Quare
3345 910 3424 966 ad
3453 927 3585 978 nos,
3609 915 3716 989 qui

2058 981 2252 1038 fontes
2283 1000 2516 1053 sumus,
2548 988 2889 1057 redeuntes,
2937 993 3146 1051 audire
3204 999 3470 1068 poteritis
3499 981 3716 1060 verita-

2059 1072 2453 1163 temsDicitur
2479 1075 2661 1145 igitur
2690 1079 2944 1150 Spiritus
2976 1082 3119 1154 Filii,
3179 1101 3304 1142 non
3331 1088 3478 1160 quia
3507 1107 3715 1163 proce-

2059 1159 2147 1217 dit
2172 1161 2251 1253 ab
2285 1177 2378 1232 eo,
2409 1164 2515 1220 sed
2544 1167 2835 1239 quoniam
2890 1171 3121 1230 ratione
3150 1159 3370 1233 divinae
3422 1159 3713 1253 essentia,

2061 1255 2154 1306 est
2181 1250 2236 1307 ei
2264 1253 2813 1314 ccnsubstantialis.

2135 1338 2303 1412 ltem,
2349 1341 2564 1400 dicitur
2615 1346 2787 1415 mitti,
2838 1349 2934 1406 vel
2989 1351 3120 1408 dari
3171 1369 3208 1410 a
3268 1355 3410 1414 Filio
3462 1360 3718 1431 Spiritus

2066 1433 2332 1495 sanctus,
2364 1430 2510 1502 quia
2539 1431 2620 1488 ab
2645 1433 2780 1506 ipso
2808 1437 3080 1507 mittitur,
3106 1440 3185 1496 ad
3212 1430 3717 1506 sanctiﬁcandum

2065 1524 2390 1585 creaturas,
2437 1519 2590 1577 sicut
2611 1521 2674 1577 in
2703 1524 2936 1582 Joanne
2985 1527 3115 1599 ipse
3167 1534 3417 1589 testatur
3462 1534 3716 1595 dicens:

2065 1605 2130 1662 Si
2174 1622 2295 1663 non
2315 1607 2533 1674 abiero,
2577 1612 2936 1670 Paracletus
2956 1632 3077 1673 non
3095 1621 3289 1676 veniet
3304 1622 3386 1677 ad
3401 1638 3502 1680 vos
3530 1627 3586 1681 si
3610 1642 3720 1683 au-

2068 1700 2181 1751 tem
2215 1695 2436 1762 abiero,
2466 1701 2699 1756 mittam
2721 1716 2852 1758 eum
2874 1704 2956 1760 ad
2988 1709 3146 1762 vos“.
3185 1709 3359 1773 Quod
3388 1727 3532 1769 vero
3576 1714 3721 1772 alibi

2067 1784 2210 1840 dicit
2233 1785 2361 1856 ipse
2393 1786 2566 1843 Filius
2590 1805 2602 1843 :
2636 1791 2754 1846 Ille
2778 1807 2870 1848 me
2918 1794 3298 1864 ciariﬁcabit,
3326 1802 3471 1871 quia
3497 1803 3571 1860 de
3593 1819 3722 1862 meo

293 1868 559 1940 lexisset,
608 1869 774 1926 aliud
811 1871 1100 1940 dixisset;
1162 1886 1276 1942 ego
1328 1876 1533 1928 autem
1573 1867 1770 1928 verbis
1827 1871 1959 1943 ejus
1996 1889 2037 1944 Β
2069 1876 2387 1944 accipiet‘,
2423 1877 2877 1949 intelligendum
2907 1888 3019 1952 est,
3077 1884 3153 1941 de
3199 1867 3552 1947 meo‘Patre.
3587 1894 3722 1949 Om-

297 1958 525 2015 addere
562 1974 688 2015 non
717 1959 940 2031 audeo,
969 1975 1081 2017 nec
1111 1976 1431 2032 praesumo.

367 2046 546 2103 ltem:
581 2050 709 2104 Non
743 2047 940 2105 solum
970 2047 1234 2105 Christus
1271 2048 1389 2104 hoc
1432 2047 1633 2115 tacuit,
1684 2047 1791 2105 sed
1850 2063 1963 2105 nec

298 2135 520 2205 aliquis
558 2136 974 2209 apostolorum
1005 2137 1122 2194 tale
1149 2136 1378 2211 aliquid
1394 2137 1574 2206 dixit;
1605 2136 1804 2194 nullus
1824 2152 1963 2195 san-

300 2230 538 2281 ctorum
567 2225 682 2282 hoc
705 2226 1076 2298 praedicavit.
1136 2226 1282 2293 lmo,
1337 2227 1506 2298 quod
1549 2226 1686 2298 plus
1730 2231 1844 2297 est,
1902 2227 1963 2283 in

300 2313 563 2370 editione
593 2329 751 2371 veras
782 2313 940 2383 ﬁdei,
979 2319 1188 2372 sancta
1213 2314 1467 2371 concilia
1487 2314 1634 2370 nihil
1654 2331 1835 2388 super
1848 2315 1965 2372 hoc

303 2401 677 2460 deﬁnierunt
701 2420 714 2471 ;
739 2403 847 2460 sed
873 2409 1166 2476 ponentes
1187 2403 1248 2459 in
1267 2403 1579 2476 Symbolo,
1610 2419 1745 2476 qua:
1765 2420 1968 2462 neces-

307 2491 467 2548 saria
487 2497 626 2548 sunt
651 2492 728 2549 ad
753 2493 1029 2564 salutem,
1054 2508 1302 2549 omnem
1322 2492 1714 2560 additionem,
1735 2493 1967 2566 exposi-

306 2579 554 2647 tionem,
614 2580 1085 2638 declarationem
1144 2581 1258 2638 sub
1290 2580 1697 2638 anathematis
1729 2581 1968 2639 vinculo

307 2669 736 2728 concluserunt
760 2676 818 2728 et
845 2672 1198 2743 rejecerunt.

378 2761 528 2817 ltem
570 2759 743 2817 multi
780 2767 1127 2817 nostrorum
1165 2761 1480 2818 doctorum
1511 2777 1775 2834 quorum
1820 2761 1973 2818 anti-

305 2847 605 2920 quissima
617 2849 840 2922 scripta
852 2849 1019 2921 apud
1031 2866 1143 2906 nos
1159 2866 1351 2922 usque
1366 2850 1547 2907 hodie
1561 2854 1974 2923 perseverant,

308 2941 375 2993 ut
403 2937 816 3009 Theodoritus,
853 2944 908 2995 et
945 2939 1196 3012 quidam
1222 2939 1340 3010 alii,
1396 2940 1767 2996 contrarium
1794 2940 1978 3012 hujus

308 3027 613 3099 opinionis
642 3033 854 3084 vestrae
898 3029 1264 3101 scripserunt
1285 3035 1343 3085 et
1369 3029 1830 3087 mandaverunt.
1864 3033 1978 3086 Da-

304 3131 631 3172 mascenus
660 3133 929 3190 quoque,
962 3118 1138 3189 cujus
1183 3118 1419 3190 scriptis
1454 3125 1611 3174 certe
1671 3118 1979 3175 contradi-

2070 1963 2171 2020 nia
2197 1963 2379 2030 enim,
2411 1980 2548 2036 quas
2570 1968 2757 2023 Patris
2781 1975 2937 2038 sunt,
2961 1975 3226 2044 exceptis
3255 1979 3724 2049 proprietatibus

2069 2052 2510 2124 personalibus,
2543 2058 2892 2114 communia
2932 2066 3073 2118 sunt
3094 2063 3330 2136 utrique
3362 2082 3375 2121 :
3409 2069 3726 2141 proprium

2071 2141 2332 2198 dicimus
2367 2159 2496 2198 esse
2527 2145 2700 2211 Patri,
2733 2151 2797 2202 ut
2828 2147 2906 2202 ab
2935 2149 3068 2220 ipso
3097 2155 3357 2224 tantum,
3397 2159 3457 2214 et
3496 2173 3621 2216 non
3647 2161 3727 2218 ab

2071 2229 2191 2287 alio
2217 2231 2508 2304 procedat
2533 2233 2783 2308 Spiritus
2816 2241 3084 2298 sanctus.

2285 2370 2606 2438 Responsio
2640 2378 2853 2430 contra
2881 2378 3084 2444 prima
3116 2377 3234 2434 duo
3260 2379 3515 2452 objecta.

2149 2486 2244 2542 His
2275 2485 2528 2558 aliisque
2558 2503 2748 2560 quam
2787 2489 3064 2562 plurimis
3116 2496 3563 2568 conaminibus,
3595 2516 3733 2574 quas

2079 2591 2266 2633 causa
2291 2575 2600 2632 brevitatis
2628 2593 2753 2634 non
2786 2586 2926 2636 sunt
2954 2583 3152 2652 posita
3178 2584 3303 2655 (illa
3333 2593 3535 2645 autem
3595 2607 3734 2663 quas

2083 2666 2278 2735 magis
2309 2667 2528 2722 usitata
2559 2672 2719 2736 sunt,
2753 2671 2951 2740 posita
2977 2674 3156 2741 sunt),
3218 2681 3493 2733 sanctam
3522 2681 3737 2738 Roma-

2083 2771 2228 2811 nam
2258 2755 2584 2812 Ecclesiam
2615 2772 2875 2827 errasse,
2907 2764 2966 2815 et
3014 2761 3076 2816 in
3109 2777 3408 2821 canonem
3442 2765 3579 2824 lata:
3612 2785 3742 2825 sen-

2086 2844 2276 2900 tentias
2308 2844 2611 2915 incidisse,
2646 2847 3018 2903 mendaciter
3068 2850 3323 2909 fatentes
3349 2856 3548 2923 Graeci,
3582 2858 3745 2916 debi-

2087 2937 2212 2989 tam
2243 2932 2650 2990 obedientiam
2680 2939 2738 2990 et
2779 2939 3178 2996 reverentiam
3234 2941 3518 3001 devotam
3550 2947 3747 3004 eidem

2091 3021 2361 3078 Ecclesiae
2382 3023 2540 3092 juste
2566 3038 2629 3079 se
2659 3023 3051 3089 subtraxisse,
3084 3027 3436 3088 hominibus
3463 3035 3746 3107 simplici-

2092 3110 2210 3166 bus
2237 3112 2600 3183 persuadere
2645 3112 2944 3172 laborant.
2999 3119 3117 3173 Nos
3167 3134 3311 3176 vero
3339 3122 3547 3191 Latini,
3574 3124 3669 3181 his
3693 3131 3752 3183 et

307 3221 443 3262 cere
461 3222 586 3262 non
619 3207 888 3279 potestis,
920 3206 1130 3264 volens
1156 3207 1498 3278 ostendere,
1532 3207 1698 3280 quod
1730 3212 1852 3264 tam
1891 3208 1979 3264 Fi-
2013 3244 2053 3299 ρ
2094 3200 2223 3257 aliis
2253 3201 2632 3258 contumeliis
2659 3202 2793 3259 loco
2823 3221 2933 3260 suo
2963 3205 3252 3276 dimissis,

309 3294 429 3353 lius
459 3313 648 3369 quam
677 3297 930 3370 Spiritus
950 3306 1194 3355 sanctus
1242 3298 1538 3354 exsistunt
1598 3315 1634 3354 a
1687 3302 1874 3365 Patre,
1927 3304 1985 3356 et

311 3387 482 3459 quod
505 3387 758 3459 Spiritus
783 3393 1028 3443 sanctus
1057 3403 1179 3443 non
1229 3387 1501 3461 procedit
1530 3403 1567 3443 a
1598 3387 1759 3454 Filio,
1795 3392 1982 3445 meta-

312 3477 577 3550 phoram
598 3476 764 3533 vocis
787 3476 1198 3533 etintellectus
1240 3476 1550 3533 adducens
1575 3477 1636 3532 in
1689 3477 1980 3545 medium,

314 3567 437 3624 ait:
464 3590 493 3616 »
516 3565 712 3623 Primo
755 3571 843 3623 est
870 3566 1223 3634 intellectus,
1269 3566 1487 3622 deinde
1535 3566 1790 3622 verbum
1822 3572 1984 3623 exte-

313 3656 464 3722 rius,
496 3651 718 3712 scilicet
759 3671 915 3725 vox;
968 3655 1211 3728 spiritus
1255 3660 1459 3711 autem
1503 3655 1849 3711 vehiculum
1898 3659 1988 3713 est

319 3743 506 3801 verbi.
538 3743 869 3801 Intellectus
922 3745 1103 3815 igitur
1133 3744 1354 3800 format
1381 3760 1613 3811 vocem,
1667 3750 1722 3800 et
1761 3744 1821 3799 in
1852 3743 1986 3817 ipsa

318 3835 548 3907 spirata
577 3833 911 3889 ostenditur
935 3833 1292 3890 intellectus.
1340 3836 1404 3888 Et
1440 3833 1774 3889 intellectus
1808 3833 1982 3899 Patri,

315 3928 376 3980 et
407 3921 660 3978 verbum
686 3922 850 3990 Filio,
885 3923 1125 3996 spiritus
1173 3922 1412 3995 Spiritui
1466 3929 1675 3978 sancto
1716 3921 1984 3978 attribui-

316 4017 433 4070 tur.
460 4013 622 4068 Sicut
648 4028 790 4082 ergo
815 4013 1116 4079 videmus,
1143 4013 1308 4084 quod
1332 4012 1410 4068 ab
1432 4011 1735 4068 intellectu
1779 4027 1985 4084 proce-

311 4103 402 4160 dit
432 4102 674 4174 spiritus
723 4107 778 4158 et
819 4119 938 4158 vox
967 4107 1178 4158 etnon
1230 4102 1473 4174 spiritus
1530 4118 1565 4158 a
1614 4117 1797 4173 voce;
1843 4101 1984 4158 sica

310 4195 483 4247 Patre
514 4191 982 4265 proceditFilius
1034 4197 1091 4248 et
1146 4192 1396 4264 Spiritus
1446 4195 1709 4264 sanctus,
1753 4195 1812 4248 et
1858 4206 1982 4248 non

311 4280 565 4353 Spiritus
598 4286 840 4338 sanctus
882 4297 918 4337 a
941 4280 1101 4337 Filio.
1142 4303 1169 4330 ››

385 4371 756 4444 Epiphanius
785 4378 1050 4442 sanctus,
1083 4369 1404 4444 episcopus
1461 4371 1661 4444 Cypri,
1711 4371 1772 4426 in
1825 4369 1980 4427 libro

308 4465 392 4517 De
425 4477 550 4516 una
582 4463 838 4527 Deitate,
903 4460 976 4516 de
1033 4461 1252 4533 Spiritu
1311 4465 1519 4516 sancto
1544 4461 1629 4515 sic
1690 4463 1974 4516 testatur:

311 4573 341 4599 ‹‹
376 4550 628 4622 Spiritus
661 4556 907 4606 sanctus
931 4553 1083 4606 Deus
1112 4554 1220 4619 est,
1246 4555 1301 4606 et
1334 4550 1584 4623 Spiritus
1624 4549 1838 4605 Christi
1865 4553 1972 4620 est,

308 4655 434 4696 non
469 4640 805 4696 secundum
839 4641 1109 4712 aliquam
1140 4639 1976 4712 compositionem,quemad-

309 4729 566 4786 modum
585 4730 645 4785 in
663 4730 842 4787 nobis
874 4746 1097 4802 corpus
1120 4735 1177 4786 et
1194 4729 1398 4785 anima
1417 4748 1429 4784 :
1448 4729 1672 4785 scilicet
1694 4730 1754 4784 in
1775 4729 1977 4786 medio

308 4821 497 4876 Patris
537 4827 594 4877 et
622 4820 763 4877 Filii.
791 4824 973 4877 )Non
1015 4836 1157 4890 ergo
1207 4819 1513 4877 mediante
1563 4820 1728 4889 Filio,
1761 4824 1828 4876 ut
1867 4836 1976 4876 vos

307 4909 596 4981 deliratis,
624 4911 895 4984 procedit
947 4910 1194 4982 Spiritus
1244 4916 1489 4966 sanctus
1519 4913 1783 4975 aPatre;
1837 4925 1975 4965 cum

306 5000 646 5056 secundum
660 5001 846 5057 Patris
857 5000 1040 5071 hujus
1056 5015 1291 5066 vocem,
1322 4999 1560 5055 medius
1573 4999 1727 5056 inter
1741 5001 1977 5056 Patrem

304 5094 364 5146 et
393 5089 604 5146 Filium
636 5089 948 5146 ordinetur
979 5088 1238 5161 Spiritus
1269 5094 1543 5145 sanctus.

377 5182 546 5245 ltem,
570 5179 707 5251 quis
728 5178 904 5235 vobis
941 5178 1059 5235 hoc
1076 5177 1366 5235 revelavit
1385 5179 1413 5234 ?
1439 5177 1603 5234 Unde
1627 5176 1926 5234 habuistis
1947 5178 1976 5234 ?

300 5271 502 5335 Quare
518 5270 700 5325 etiam
721 5268 900 5325 nobis
924 5268 1041 5324 hoc
1065 5284 1188 5324 non
1220 5267 1332 5324 fuit
1372 5268 1705 5324 revelatum
1726 5268 1753 5324 ?
1782 5269 1977 5334 Quare

298 5359 362 5416 in
379 5357 672 5432 Symbolo
688 5358 799 5415 tale
812 5356 1108 5430 quiddam
1121 5357 1652 5430 inseruistis,quod
1664 5373 1975 5431 nusquam

297 5450 570 5522 positum
584 5447 695 5504 fuit
708 5463 746 5504 a
759 5447 987 5504 sanctis
1000 5446 1277 5504 Patribus
1290 5446 1318 5502 ?
1333 5448 1390 5504 Si
1400 5462 1541 5504 vero
1561 5445 1974 5520 quorumdam

296 5540 629 5598 verborum
666 5537 989 5597 occasione
1018 5537 1240 5595 divinae
1267 5538 1610 5612 Scriptura,
1639 5537 1972 5596 dicentium

2165 3290 2252 3346 Ad
2274 3290 2538 3361 primum
2561 3297 2618 3347 et
2639 3293 2975 3350 secundum
2997 3295 3309 3367 objectum
3329 3316 3517 3358 unam
3535 3302 3752 3362 dantes

2094 3381 2580 3451 responsionemv
2614 3380 2696 3437 sic
2750 3381 3077 3440 solvimus:
3135 3389 3538 3447 Concedimus
3588 3395 3754 3465 quod

2095 3469 2275 3542 plena
2295 3477 2350 3527 et
2372 3471 2635 3544 perfecta
2676 3473 3065 3544 processione
3087 3477 3358 3546 procedit
3377 3494 3413 3535 a
3437 3479 3578 3537 Filio
3604 3500 3616 3538 :
3641 3499 3756 3538 nec

2094 3565 2296 3618 tamen
2323 3561 2591 3633 sequitur
2639 3560 2808 3632 quod
2865 3562 2983 3619 sint
3035 3563 3170 3620 duae
3227 3569 3664 3638 processiones,
3696 3578 3758 3633 et

2098 3665 2220 3704 una
2246 3666 2455 3706 earum
2507 3648 2832 3720 superﬂua,
2887 3652 3033 3723 quia
3086 3652 3144 3709 in
3177 3653 3281 3712 illa
3308 3655 3758 3730 simplicissima

2098 3738 2426 3794 Divinitatis
2477 3743 2714 3807 natura,
2767 3754 2874 3795 nec
2933 3757 3222 3798 numerus
3249 3745 3752 3818 vicissitudinum,

2096 3843 2207 3883 nec
2238 3827 2526 3899 temporis
2551 3828 2831 3896 varietas,
2862 3844 2973 3884 nec
3005 3831 3215 3887 localis
3246 3835 3482 3904 positio,
3511 3853 3622 3894 nec
3647 3839 3758 3896 ﬂu-

2095 3934 2228 3982 xus,
2289 3932 2400 3972 nec
2456 3917 2686 3982 incisio,
2743 3933 2855 3973 nec
2910 3918 3313 3994 interstitium,
3363 3928 3755 3999 autspatium

2095 4008 2385 4080 temporis
2444 4007 2658 4062 cadere
2716 4013 2930 4078 potest.
2984 4010 3125 4066 inde
3157 4018 3266 4080 est,
3299 4015 3467 4085 quod
3492 4016 3594 4072 illa
3621 4034 3756 4090 pro-

2095 4098 2285 4153 cessio
2336 4111 2461 4168 qua
2516 4096 2766 4169 Spiritus
2817 4102 3063 4154 sanctus
3111 4104 3383 4172 procedit
3441 4121 3475 4159 a
3507 4108 3673 4163 Patre
3698 4112 3758 4166 et

2097 4187 2234 4244 Filio
2258 4201 2367 4241 nec
2389 4184 2698 4241 intervallo
2719 4189 3028 4259 temporis,
3051 4204 3161 4245 nec
3208 4193 3403 4264 spatio
3450 4193 3588 4264 loci,
3613 4212 3756 4254 cum

2092 4292 2217 4333 non
2249 4276 2320 4331 sit
2351 4275 2516 4348 prius
2547 4274 2642 4331 vel
2680 4276 2997 4347 posterius,
3035 4279 3186 4336 alias
3241 4283 3586 4352 perﬁcitur:
3645 4289 3757 4346 sed

2092 4366 2272 4422 simul
2325 4371 2383 4422 et
2438 4365 2624 4421 semel
2675 4371 2768 4421 est
2796 4382 2831 4421 a
2862 4367 3032 4423 Patre
3068 4374 3125 4424 et
3187 4370 3364 4440 Filio;
3398 4389 3433 4428 a
3466 4377 3633 4432 Patre
3659 4381 3753 4433 ta-

2091 4472 2230 4512 men
2259 4454 2610 4527 procedens,
2669 4455 2976 4511 mediante
3004 4457 3165 4523 Filio,
3225 4462 3560 4518 secundum
3592 4467 3755 4523 testi-

2090 4546 2297 4602 monia
2327 4545 2572 4600 inferius
2593 4544 2814 4616 posita,
2848 4546 3117 4617 procedit
3146 4567 3157 4603 :
3192 4548 3253 4604 id
3281 4555 3392 4616 est,
3425 4551 3541 4610 hoc
3567 4553 3755 4612 habet

2091 4636 2330 4692 Filiusa
2377 4637 2564 4701 Patre,
2618 4637 2684 4688 ut
2739 4634 2816 4689 ab
2871 4635 3005 4706 ipso
3059 4637 3349 4708 procedat
3401 4645 3457 4696 et
3497 4644 3755 4716 spiretur

2091 4725 2339 4798 Spiritus
2395 4727 2662 4793 sanctus,
2721 4724 2991 4779 mittatur
3047 4730 3103 4781 et
3154 4727 3346 4784 detur.
3380 4730 3547 4787 Unde
3585 4737 3644 4790 et
3671 4733 3752 4791 ad

2086 4816 2285 4889 ipsum
2318 4817 2577 4880 Patrem,
2626 4811 2701 4868 de
2727 4828 2851 4884 quo
2904 4813 3086 4870 etiam
3117 4815 3302 4873 habet
3365 4819 3540 4876 Filius
3568 4837 3753 4880 omne

2085 4905 2250 4978 quod
2284 4920 2463 4959 suum
2495 4906 2602 4969 est,
2630 4902 2915 4970 referens,
2951 4909 3007 4959 et
3030 4905 3080 4960 ei
3143 4910 3337 4963 totum
3395 4909 3749 4981 attribuens,

2082 4995 2230 5051 dicit
2258 4993 2424 5066 apud
2454 4993 2752 5049 Joannem
2786 5009 2798 5047 :
2831 4994 2967 5049 Mea
2993 4993 3294 5066 doctrina,
3319 5014 3442 5055 non
3481 5006 3567 5058 est
3594 5017 3749 5069 mea,

2084 5085 2189 5142 sed
2220 5087 2348 5154 ejus
2381 5084 2488 5154 qui
2517 5083 2674 5137 misit
2711 5097 2803 5138 me
2836 5085 2878 5138 ⁵.
2920 5085 2982 5139 Et
3026 5084 3280 5141 iterum:
3319 5088 3468 5146 Cum
3521 5093 3751 5148 venerit

2083 5175 2462 5242 Paracletus,
2478 5188 2646 5243 quem
2661 5186 2756 5244 ego
2768 5173 3002 5228 mittam
3018 5174 3200 5243 vobis,
3216 5176 3511 5246 Spiritum
3532 5182 3748 5238 verita-

2087 5267 2181 5334 tis,
2209 5265 2314 5335 qui
2345 5278 2383 5319 a
2416 5264 2604 5318 Patre
2625 5262 2899 5330 procedit
2934 5265 2955 5297 ⁶
2977 5276 2998 5331 ,·
3033 5279 3104 5319 ac
3163 5264 3213 5321 si
3272 5266 3496 5324 diceret
3530 5269 3745 5326 Filius:

2086 5358 2318 5410 Patrem
2350 5357 2584 5408 tantum
2643 5352 2704 5406 in
2749 5353 3137 5422 processione
3170 5354 3422 5426 Spiritus
3451 5358 3745 5416 nomino:

2083 5445 2229 5518 quia
2257 5457 2438 5498 omne
2467 5439 2634 5513 quod
2661 5440 2882 5510 habeo,
2917 5443 3145 5501 ratione
3189 5459 3325 5502 esse
3356 5451 3413 5504 et
3441 5447 3746 5521 principii,

2087 5535 2163 5592 ab
2195 5535 2330 5607 ipso
2361 5535 2550 5599 Patre,
2580 5531 2686 5603 qui
2723 5537 2813 5588 est
2839 5549 3026 5591 causa
3065 5539 3122 5590 et
3149 5535 3517 5610 principium
3547 5537 3613 5598 in
3657 5537 3746 5599 di-

374 5724 390 5760 ι
421 5695 596 5756 Joan.
627 5710 729 5759 xv,
758 5697 842 5749 l5.
921 5693 944 5727 ²
970 5690 1131 5768 ibid.
1153 5695 1246 5768 ge.
1322 5691 1347 5728 ⁸
1374 5693 1551 5754 Joan.
1578 5708 1693 5766 xw,
1726 5699 1780 5757 7.
1858 5688 2062 5768 flbid.
2088 5693 2173 5754 14.
2251 5690 2271 5725 ⁵
2297 5690 2467 5748 toan.
2497 5698 2600 5761 ut,
2638 5689 2721 5745 t6.
2800 5688 2822 5724 θ
2846 5688 3017 5750 Joan.
3047 5705 3148 5763 xv,
3177 5693 3268 5749 26.

665 5768 913 5825 ΡΛτιωι..
954 5765 1057 5824 Gn.
1099 5766 1252 5824 CXL.

3232 5769 3300 5824 16
