4468 6440
775 415 881 479 391
2012 417 2495 478 PANTALEONIB

2467 418 2495 478 Β
2531 415 2814 476 ΠΙΔΟΟΝΙ
2847 417 2954 476 CP.
4088 417 4198 475 492

776 540 1048 610 vinitate,
1065 554 1166 596 me
1184 539 1410 597 habere
1429 551 1758 609 cognosco.
1779 542 1929 596 Nam
1967 545 2034 597 ut
2070 542 2269 600 aF‘ilio
2292 559 2431 617 pro-
2463 547 2511 601 A
2539 547 2723 613 ctum,
2774 545 2962 599 Deum
3013 547 3072 599 et
3122 541 3453 607 viviﬁcum,
3502 557 3576 598 ex
3623 542 3792 598 Patre
3847 555 3956 613 per
3983 541 4196 599 Filium

778 628 955 686 cedat
984 629 1236 700 Spiritus
1267 631 1534 695 sanctus,
1590 626 1708 683 hoc
1732 628 1919 686 habet
1948 628 2127 685 Filius
2155 647 2192 688 a
2221 634 2427 700 Patre;
2537 631 2986 704 procedentem.
3019 653 3049 681 »

774 717 954 774 Pater
981 732 1125 774 vero
1153 731 1278 773 non
1316 716 1396 773 ab
1422 715 1560 783 alio,
1594 715 1704 771 sed
1731 732 1769 773 a
1795 732 1857 773 se
1884 723 2142 774 tantum.
2614 719 2859 776 Basilius
2904 720 2967 774 in
3015 734 3295 775 sermone
3322 719 3400 776 de
3427 719 3630 775 Trinit.
3681 719 3788 792 qui
3835 718 3920 774 sic
3949 718 4191 791 incipit:

847 807 1034 862 Istam
1085 807 1290 878 itaque
1317 804 1716 862 differentiam
1747 807 1902 862 sacri
1956 807 2257 876 doctores,
2289 809 2431 865 ﬁdei
2542 811 2816 878 Cognitio
2840 808 3059 875 Patris,
3093 815 3242 863 etc.:
3278 829 3306 858 «
3339 808 3680 880 Antiquitas
3709 807 4038 863 Divinitatis
4072 822 4194 862 non

775 894 955 952 oculo
984 893 1280 950 interioris
1328 893 1593 948 hominis
1648 899 1706 949 et
1735 909 1883 949 sane
1913 894 2341 964 discernentes,
2367 898 2429 952 in
2538 899 2933 968 ignorabatnr
2962 897 3340 968 mysterium.
3385 897 3570 954 Verbo
3624 899 3781 952 enim
3814 897 4077 963 Domini,
4106 897 4194 951 in-

772 982 978 1039 multis
1011 981 1159 1039 locis
1214 981 1605 1038 inveniuntur
1661 981 1906 1052 dixisse,
1952 984 2120 1055 quod
2176 986 2431 1056 Spiritus
2538 987 2669 1059 quit
2725 985 3065 1054 Psalmista,
3129 987 3259 1041 εωιί
3279 987 3510 1052 ﬁrmati
3537 991 3698 1050 sunt,
3726 991 3782 1041 et
3807 984 4035 1054 Spiritu
4074 987 4194 1039 oris

773 1076 1018 1129 sanctus
1042 1070 1315 1144 procedit
1342 1086 1380 1127 a
1434 1073 1604 1126 Patre
1646 1073 2100 1142 principaliter.
2129 1073 2236 1129 Alii
2268 1074 2432 1129 dixe-
2540 1077 2689 1144 ejus,
2743 1076 2934 1130 omnis
2976 1075 3167 1130 virtus
3217 1089 3420 1130 eorum
3446 1076 3464 1108 ⁷
3494 1091 3507 1139 ;
3541 1073 3646 1128 sed
3676 1089 3786 1129 nec
3826 1073 3944 1128 alio
3975 1073 4190 1140 Verbo,

772 1165 932 1232 runt,
966 1160 1136 1233 quod
1158 1161 1406 1230 proprie
1443 1175 1481 1214 a
1509 1160 1683 1214 Patre
1713 1177 1726 1214 :
1761 1160 1861 1215 alii
1881 1161 2048 1232 quod
2071 1178 2108 1216 a
2130 1162 2299 1217 Patre
2325 1177 2432 1233 per
2540 1179 2729 1234 quam
2750 1162 2916 1230 Filio,
2943 1178 3050 1217 nec
3074 1161 3186 1216 alio
3228 1162 3470 1233 Spiritu,
3496 1177 3684 1233 quam
3720 1161 3939 1232 Spiritu
3961 1167 4190 1216 sancto.

776 1249 1006 1321 Filium,
1061 1249 1158 1304 vel
1214 1248 1355 1304 Filio
1409 1249 1731 1304 mediante.
1782 1251 1851 1304 Et
1905 1249 2042 1305 licet
2089 1266 2300 1306 verum
2359 1251 2433 1305 sit
2542 1255 2703 1307 Unus
2755 1257 2842 1306 est
2863 1251 3023 1306 enim
3062 1250 3335 1322 Spiritus.
3381 1253 3448 1306 Et
3492 1252 3643 1306 sicut
3691 1265 3765 1304 ex
3794 1266 3895 1305 ore
3927 1250 4026 1305 Dei
4057 1265 4194 1320 pro-

771 1347 940 1412 quod
969 1339 1162 1395 sancti
1191 1343 1488 1406 asserunt,
1535 1342 1591 1392 et
1637 1339 1968 1394 contradici
2021 1355 2144 1394 non
2202 1341 2427 1412 possit:
2489 1337 2492 1342 ’
2540 1340 2786 1395 veniens
2818 1339 3014 1405 Filius,
3069 1340 3154 1394 sic
3184 1339 3528 1395 Trinitatem
3568 1338 3760 1394 Verbo
3789 1339 3933 1405 unit,
3959 1343 4018 1393 et
4047 1338 4195 1393 anti-

769 1443 896 1484 non
926 1433 1128 1485 tamen
1159 1427 1445 1499 sequitur,
1479 1426 1648 1498 quod
1679 1429 1918 1483 Graecus
1956 1428 2250 1498 intelligit,
2282 1429 2431 1484 scili-
2541 1429 2765 1500 quitus,
2797 1433 2855 1482 et
2883 1443 3068 1484 nunc.
3103 1450 3130 1477 η

771 1523 885 1586 cet,
905 1517 1074 1590 quod
1092 1517 1257 1572 idem
1280 1516 1530 1588 Spiritus
1570 1516 1739 1587 prius
1763 1532 1801 1572 a
1826 1518 2013 1583 Patre,
2038 1517 2432 1588 postmodum

2615 1529 2757 1581 Item
2777 1525 2837 1580 in
2860 1525 3098 1589 eodem,
3119 1531 3257 1580 ante
3278 1526 3463 1582 ﬁnem
3489 1544 3500 1578 :
3541 1549 3560 1575 ι
3594 1526 3697 1581 Via
3721 1525 3820 1580 Dei
3840 1525 4197 1594 cognitionis

771 1623 811 1664 θ.
838 1606 1002 1676 Filio,
1033 1607 1131 1662 vel
1157 1605 1325 1678 quod
1349 1604 1547 1675 magis
1574 1621 1612 1661 ἃ
1644 1608 1814 1661 Patre
1843 1621 2033 1677 quam
2065 1621 2101 1661 ἃ
2129 1606 2271 1662 Filio
2302 1621 2434 1677 ρτο-
2542 1619 2635 1670 est
2664 1614 2742 1670 ab
2772 1629 2896 1668 uno
2919 1613 3138 1685 Spiritu
3164 1629 3271 1686 per
3305 1615 3514 1670 Filium
3538 1629 3728 1669 unum
3760 1614 3838 1668 ad
3870 1629 4059 1669 unum
4085 1617 4194 1669 Pa-

771 1697 946 1752 cedat
967 1715 980 1752 :
1015 1701 1120 1752 aut
1139 1695 1308 1768 quod
1325 1695 1445 1750 sint
1463 1693 1601 1749 duae
1621 1695 2063 1766 processiones,
2091 1699 2150 1751 et
2187 1711 2312 1750 una
2335 1711 2434 1751 ea-

2541 1709 2715 1760 trem.
2765 1703 3062 1759 Naturalis
3093 1703 3355 1770 bonitas,
3405 1709 3460 1758 et
3498 1719 3637 1776 qua:
3668 1703 3996 1758 secundum
4026 1708 4197 1758 natu-

766 1801 905 1842 Tum
921 1785 1266 1857 superﬂua;
1290 1782 1396 1839 56d
1416 1783 1560 1855 cInia
1575 1785 1744 1839 Pater
1783 1784 2089 1856 gignendo
2111 1785 2190 1840 ab
2211 1790 2434 1840 ωἴθωο
2541 1808 2674 1848 ram
2715 1791 3131 1859 sanctiﬁcatio,
3168 1795 3226 1847 et
3248 1792 3466 1862 regalis
3495 1791 3758 1861 dignitas
3787 1807 3859 1846 ex
3898 1791 4070 1847 Patre
4091 1806 4198 1862 per

770 1874 1004 1943 Filium,
1026 1873 1192 1929 dedit
1220 1873 1274 1929 ei
1320 1876 1511 1929 totum
1536 1888 1670 1928 esse
1720 1889 1919 1940 suum,
1952 1878 2041 1928 est
2068 1873 2230 1928 enim
2259 1889 2434 1928 verus
2467 1897 2507 1951 Β
2544 1881 2925 1951 Unigenitum
2956 1880 3034 1935 ad
3062 1880 3344 1952 Spiritum
3379 1881 3666 1952 pervenit.
3705 1902 3732 1929 η

768 1966 926 2020 Deus
957 1962 1032 2018 de
1063 1965 1222 2018 Deo:
1276 1967 1335 2018 et
1387 1960 1554 2034 quod
1609 1961 1770 2016 idem
1820 1961 2023 2029 Filius,
2077 1961 2434 2017 seternaliter

2613 1982 2757 2033 Item
2816 1978 3182 2034 Athanasius
3236 1980 3296 2033 in
3353 1978 3613 2034 editione
3663 1977 3832 2043 ﬁdei,
3879 1979 4053 2048 cujus
4105 1983 4197 2033 est

768 2054 1083 2116 exsistens,
1112 2069 1150 2108 a
1200 2055 1370 2107 Patre
1395 2051 1706 2107 nascendo
1750 2051 1984 2123 accepit
2035 2067 2216 2107 omne
2264 2051 2432 2122 quod

2538 2067 2774 2122 initium
2793 2083 2805 2119 :
2834 2066 3146 2121 Credimus
3165 2068 3229 2121 in
3243 2083 3426 2122 unum
3441 2067 3814 2136 unigenitum
3834 2067 4040 2134 Deum,
4058 2070 4193 2134 etc.,

765 2143 974 2212 habet»
1004 2147 1062 2198 εί
1089 2147 1155 2198 ιιι
1209 2141 1462 2214 Spiritus
1511 2141 1585 2196 δίε
1608 2146 1666 2196 οῖ
1693 2140 1985 2213 Pl'ocedat
2010 2140 2089 2196 ab
2119 2155 2210 2196 θοι
2237 2142 2431 2205 Quam
2537 2172 2756 2228 parum
2790 2160 2929 2211 ante
2955 2154 3140 2210 ﬁnem
3165 2173 3177 2210 :
3209 2179 3235 2205 α
3263 2156 3512 2228 Spiritus
3542 2160 3744 2211 autem
3793 2160 4038 2211 sanctus
4066 2169 4198 2226 pro-

767 2232 1092 2289 essentiam
1119 2229 1376 2302 Spiritus
1403 2246 1442 2286 a
1462 2228 1605 2285 Filio
1625 2230 1818 2285 sancti
1837 2229 2138 2295 doctores,
2165 2229 2430 2285 maxime
2537 2245 2837 2300 cessivum
2877 2259 2983 2300 ens
3032 2244 3242 2313 patris,
3299 2249 3357 2300 et
3409 2245 3652 2301 ferentis
3710 2244 3853 2311 Filii,
3881 2260 3988 2316 per
4011 2255 4194 2316 quem

768 2321 974 2390 Graeci,
1026 2318 1503 2385 considerantes,
1554 2317 1769 2373 Filium
1827 2333 2076 2373 causam
2117 2323 2175 2372 et
2203 2317 2430 2373 fontem
2536 2333 2808 2405 implevit
2827 2333 3052 2388 omnia.
3090 2355 3119 2382 ,,

768 2411 1020 2513 ἓᾨίτίίιξδ
1051 2407 1243 2508 san.“
1285 2407 1627 2513 110,53???"
1653 2422 1967 2513 Amano?)
1992 2406 2430 2513 θίίρξξλωᾼδέἓ
2609 2435 2755 2487 item
2776 2431 2838 2486 in
2883 2431 3145 2503 Epistola
3196 2431 3561 2488 Athanasius
3609 2431 3684 2487 de
3717 2431 3939 2504 Spiritu
3968 2434 4194 2498 sancto,

762 2502 948 2602 Eum?
976 2498 1324 2602 ίωδείηξδᾝ
1547 2495 2080 2602 Ολιξθξηδάωοάυω
2537 2519 2616 2577 ad
2652 2495 3064 2593 Serapionem,
3124 2523 3297 2592 cujus
3324 2524 3431 2592 est.
3464 2521 3732 2576 initium:
3758 2495 4046 2576 -Litterae
4081 2495 4198 2575 tum

762 2591 882 2648 lius
910 2589 1116 2680 imago
1145 2592 1236 2644 est
1267 2586 1492 2680 Patris,
1546 2585 1806 2680 ettalem
1837 2599 2161 2680 numerum
2185 2584 2430 2680 etordi-
2538 2584 2881 2680 devotioriis,
2952 2584 3062 2665 etc.
3098 2628 3110 2664 :
3159 2584 3215 2659 ‹‹⁷
3239 2613 3367 2666 Uno
3409 2584 3731 2666 exsistente
3783 2609 3926 2664 Filio
3974 2608 4198 2663 viventi

763 2695 908 2779 θεῷ
939 2681 1018 2751 Sp
1020 2675 1290 2779 #193.“
1343 2675 1557 2732 Filium
1611 2673 2432 2779 f‘ssignanf’_fl““em§ﬁ§°‘
2537 2714 2725 2754 unam
2755 2673 2988 2770 oportet
3010 2715 3140 2755 esse
3165 2699 3429 2771 plenam,
3461 2698 3810 2771 perfectam,
3845 2701 3901 2752 et
3932 2696 4196 2753 sanctiﬁ-

761 2768 942 2860 Flliu?’
968 2767 1050 2824 ad
1105 2769 1379 2860 Patre???
1405 2763 1743 2821 secundum
1761 2763 1929 2836 qu°d
1952 2763 2016 2818 in
2041 2762 2433 2834 sequenubus
2539 2762 3005 2843 cativam-vitam
3034 2806 3046 2842 :
3079 2762 3214 2860 qua:
3247 2793 3334 2844 est
3364 2762 3631 2860 operatio
3657 2762 3812 2858 ejus,
3845 2790 3902 2842 et
3943 2786 4200 2856 donum,

763 2857 1004 2930 plenius
1034 2853 1377 2927 apparebit.
1501 2941 1517 2949 _
1783 2940 1820 2949 Π
1992 2941 2002 2949 .
2044 2941 2054 2949 .

2535 2875 2707 2948 quod
2727 2891 2800 2930 ex
2832 2878 2998 2931 Patre
3023 2853 3241 2932 dicitur
3287 2853 3611 2949 procedere
3637 2895 3649 2931 :
3688 2853 3849 2947 'quia
3878 2890 3952 2929 ex
3985 2853 4196 2943 Verbo,

835 2945 1106 3044 Dim“?
1162 2941 1523 3044 erSO’ﬂuOd
1575 2940 1865 3044 ῙξῖίῖθθίὶίίΔ
1904 2941 2430 3044 sgfﬁmﬁmcf‘fé
2537 2940 2705 3039 quod
2736 2982 2808 3021 ex
2838 2967 3004 3021 Patre
3026 2971 3132 3033 est,
3167 2940 3484 3023 manifeste
3527 2940 3890 3038 resplendet,
3938 2967 3993 3019 et
4022 2940 4186 3019 mitti;

764 3034 992 3107 pariter
1049 3035 1107 3087 et
1143 3029 1454 3103 aequaliter
1506 3045 1543 3085 a
1589 3028 1765 3085 Patre
1815 3033 1872 3084 et
1921 3027 2088 3094 Filio,
2139 3031 2431 3099 tanquam
2539 3027 2637 3112 {ur
2665 3055 3026 3111 etdonatur,
3059 3078 3086 3106 ,,

761 3125 996 3182 donum
1025 3121 1373 3189 amborum,
1419 3125 1476 3175 et
1505 3135 1680 3176 amor
1708 3119 2019 3190 utriusque
2045 3135 2056 3172 :
2092 3117 2199 3174 sed
2229 3131 2433 3189 proce-

761 3213 852 3270 dit
879 3229 917 3270 a
943 3215 1111 3268 Patre
1162 3225 1270 3282 per
1325 3208 1559 3276 Filium,
1611 3208 1707 3263 vel
1727 3207 2032 3263 mediante
2060 3206 2224 3271 Filio,
2257 3209 2321 3260 ut
2347 3203 2431 3260 di-

758 3303 963 3358 ximus
989 3319 1003 3356 :
1032 3303 1137 3357 aut
1159 3303 1319 3356 certe
1347 3296 1758 3370 principaliter
1786 3299 1845 3352 et
1901 3295 2142 3367 proprie
2173 3309 2211 3349 a
2240 3296 2428 3358 Patre,

761 3391 908 3464 quia
930 3393 997 3445 ut
1024 3387 1104 3445 ab
1157 3403 1230 3444 eo
1288 3385 1598 3458 procedat,
1652 3386 1826 3440 Pater
1881 3399 1920 3439 a
1963 3383 2128 3438 nullo
2181 3381 2426 3437 habuit:

765 3480 945 3537 Filius
981 3493 1123 3534 vero
1152 3492 1278 3533 non
1321 3491 1360 3532 a
1385 3490 1470 3543 se,
1520 3473 1626 3529 sed
1683 3489 1722 3529 a
1752 3472 1927 3529 Patre
1957 3471 2207 3543 accepit.
2237 3475 2282 3525 A
2308 3485 2430 3542 quo

766 3569 930 3626 enim
957 3568 1158 3638 habet,
1193 3571 1258 3622 ut
1283 3565 1376 3630 sit,
1409 3564 1489 3620 ab
1515 3562 1735 3620 eodem
1763 3562 1946 3618 etiam
1998 3561 2182 3617 habet
2209 3564 2276 3614 ut
2306 3559 2431 3631 Spi-

763 3660 916 3718 ritus
948 3661 1195 3714 sanctus
1225 3655 1300 3710 sit
1326 3653 1406 3710 ab
1458 3667 1550 3721 eo,
1578 3657 1635 3707 et
1659 3651 1968 3724 procedat,
1993 3651 2185 3717 detur,
2220 3654 2275 3705 et
2299 3649 2429 3704 mit-

763 3753 945 3819 tatur,
959 3751 1026 3802 ut
1053 3745 1133 3802 ab
1159 3760 1232 3801 eo
1255 3758 1388 3799 esse
1411 3741 1690 3814 accipiat.
1721 3742 1862 3805 Qum
1893 3745 2112 3795 cuncta
2130 3736 2432 3794 vocabula

768 3854 918 3895 sane
947 3833 1421 3906 intelligentibus
1447 3847 1639 3888 unum
1677 3836 1736 3886 et
1754 3829 1940 3897 idem,
1973 3829 2037 3885 id
2063 3833 2172 3899 est,
2233 3843 2430 3883 essen-

763 3929 917 3986 tiam
971 3925 1222 3999 Spiritus
1249 3940 1288 3980 a
1336 3922 1485 3978 Filio
1515 3920 1850 3986 praedicant
1905 3923 1964 3975 et
2019 3917 2426 3974 manifestam.

766 4016 944 4084 Quod
973 4019 1201 4082 tamen,
1233 4012 1389 4068 sicut
1429 4009 1715 4078 diximus,
1775 4010 2012 4064 Grmcus
2070 4022 2192 4063 non
2244 4005 2428 4062 conﬁ-

765 4111 948 4166 tatur.

2613 3155 2928 3226 Gregorius
2975 3157 3282 3225 Nyssenus
3330 3156 3388 3209 in
3439 3153 3700 3226 Epistola
3751 3152 3828 3209 ad
3876 3150 4194 3216 Eulalinm,

2467 3255 2508 3310 ρ
2539 3261 2673 3316 quae
2695 3245 2778 3300 sic
2825 3245 3065 3317 incipit:
3131 3245 3236 3301 Vos
3286 3246 3446 3316 quod
3494 3247 3743 3316 justum.
3803 3248 3939 3313 etc.,
3979 3257 4197 3314 parum

2540 3339 2677 3390 ante
2707 3335 2924 3390 ﬁnem:
2958 3357 2986 3384 «
3011 3334 3456 3390 Immutabilem
3478 3349 3616 3390 vere
3652 3332 4005 3389 conﬁtentes
4033 3346 4195 3398 eum,

2538 3423 2642 3496 qui
2666 3423 3003 3479 secundum
3036 3423 3416 3480 causativum
3448 3428 3505 3479 et
3536 3426 3851 3479 causatum
3887 3424 3998 3486 est,
4031 3418 4196 3475 diﬁ‘e-

2537 3513 2792 3569 rentiam
2824 3529 2945 3568 non
2981 3529 3281 3584 negamus
3310 3529 3323 3578 ;
3369 3513 3431 3568 in
3462 3529 3584 3585 quo
3614 3511 3810 3568 solum
3831 3508 4089 3566 discerni
4120 3507 4199 3564 al-

2538 3606 2731 3657 terum
2766 3601 2845 3658 ab
2876 3601 3063 3658 altero
3111 3601 3704 3674 comprehendimus,
3737 3601 3854 3656 hoc
3883 3598 4198 3673 quoddam

2539 3691 2916 3745 causativum
2948 3689 3258 3744 credentes
3287 3708 3300 3758 ;
3328 3689 3443 3745 hoc
3475 3693 3668 3744 autem
3709 3704 3783 3744 ex
3813 3687 4122 3742 causativo
4143 3689 4200 3740 et

2538 3780 2670 3851 ejus
2701 3779 2870 3852 quod
2899 3795 2973 3835 ex
3001 3779 3310 3835 causativo
3337 3783 3427 3834 est
3455 3797 3467 3846 ;
3501 3777 3750 3834 alteram
3789 3777 4008 3832 iterum
4028 3773 4200 3830 diﬁ‘e-

2537 3867 3191 3938 rentiamintelligimus
3218 3909 3230 3933 ,
3255 3866 3370 3922 hoc
3390 3866 3551 3921 enim
3574 3865 3848 3938 proxime
3870 3864 3946 3919 de
3967 3863 4194 3935 primo:

2536 3959 2652 4014 hoc
2684 3962 2887 4014 autem
2919 3972 3026 4030 per
3049 3957 3400 4030 proximum
3430 3956 3505 4011 de
3527 3955 3747 4028 primo.
3786 3975 3814 4003 n

2609 4060 2774 4124 Item,
2798 4055 2960 4111 idem
2981 4054 3135 4110 libro
3155 4058 3366 4110 contra
3383 4052 3770 4118 Eunomium,
3784 4050 3960 4125 quasi
3979 4051 4040 4105 in
4054 4049 4195 4116 ﬁne,

2536 4147 2621 4203 ibi
2640 4146 2910 4219 loquitur
2934 4163 2946 4200 :
2969 4166 2997 4194 ‹‹
3021 4143 3182 4200 Sicut
3203 4143 3366 4199 enim
3387 4143 3705 4215 copulatur
3738 4141 3891 4197 Patri
3912 4139 4114 4204 Filius,
4145 4143 4201 4194 et

2537 4253 2610 4293 ex
2633 4237 2768 4308 ipso
2787 4251 2917 4290 esse
2941 4233 3197 4293 habens.
3223 4248 3348 4288 non
3375 4236 3465 4288 est
3518 4231 3814 4305 posterior
3863 4227 4202 4285 secundum

2537 4326 2984 4384 exsistentiam:
3019 4323 3102 4379 sic
3127 4324 3342 4378 iterum
3373 4326 3431 4378 et
3471 4321 3550 4378 ab
3600 4320 3915 4390 Unigenito
3943 4316 4200 4374 habetur

2541 4417 2790 4489 Spiritus
2821 4418 3085 4485 sanctus,
3120 4411 3426 4468 intellectu
3457 4410 3588 4468 solo
3636 4409 3973 4466 secundum
4003 4422 4198 4462 caussa

837 4542 1014 4612 Quod
1081 4539 1332 4610 Spiritus
1379 4538 1627 4591 sanctus
1679 4529 1970 4606 procedat
2023 4544 2062 4584 a
2109 4527 2282 4583 Patre
2322 4539 2430 4598 per
2470 4611 2477 4612 γ

2537 4507 2832 4563 rationem
2860 4501 3299 4576 praespeculata
3320 4501 3573 4574 Spiritus
3601 4498 3937 4573 hypostasi.
3969 4519 3998 4547 »

1059 4593 1518 4687 vye‘lwmediante
1573 4593 1738 4692 Filio,
1781 4625 1850 4676 ut
1893 4618 2120 4674 dictum
2152 4621 2281 4684 est;
2323 4593 2431 4670 _vel
2461 4611 2505 4666 D
2541 4696 2551 4704 .
2608 4609 2755 4704 item
2775 4601 3135 4704 Athanasius
3164 4601 3225 4656 in
3248 4611 3526 4704 sermone
3544 4603 3761 4704 contra
3791 4596 3994 4704 A‘erios
4024 4593 4199 4704 cujus

770 4682 1338 4799 quoﬁdem—Filius
1357 4714 1595 4771 dicatur
1635 4682 1792 4780 fons,
1825 4715 1883 4766 et
1935 4723 2122 4764 causa
2181 4682 2431 4778 Spiritus
2485 4708 2494 4718 ‘
2537 4695 2776 4752 initium
2805 4697 2972 4799 iest
3012 4688 3633 4799 Qui—:Amfl‘litiqs‘eii‘n—
3649 4682 4194 4799 ﬁnc‘loqqepige

763 4773 993 4874 sancti:
1023 4818 1082 4869 et
1110 4810 1292 4866 etiam
1313 4805 1482 4880 quod
1510 4804 1673 4860 idem
1699 4773 1950 4875 Spiritus
1983 4773 2430 4855 sanctus-voce-
2538 4802 2700 4880 aqua
2731 4782 3073 4880 salientem
3113 4781 3297 4880 vitam
3318 4783 3661 4880 “aeternam,
3716 4775 3804 4880 sic
3841 4775 3962 4873 ait:
3996 4792 4027 4826 ‹
4059 4773 4198 4880 Pro;

762 4861 1296 4974 tutvimago'liﬁ',
1323 4861 1423 4953 “et
1446 4911 1578 4952 esse
1630 4861 1890 4964 accipiat
1923 4889 2002 4945 ab
2051 4905 2122 4944 eo
2147 4906 2159 4943 :
2187 4885 2430 4943 omissis
2535 4879 2667 4974 pter
2686 4873 2801 4974 ligo
2825 4870 3008 4974 Da‘fld
3029 4867 3296 4974 pslallefls
3317 4869 3437 4968 Ι)ρο
3459 4867 3544 4974 sic
3569 4865 3682 4974 aiti
3713 4864 4007 4974 {guonialm
4033 4861 4198 4974 αρτιξί

763 4951 1395 5067 argumentationibus
1421 4985 1646 5049 multis,
1669 4951 1826 5055 quas
1846 4995 1957 5036 nec
1976 4977 2291 5051 recipiunt,
2318 4991 2429 5032 nec
2538 4971 2594 5067 ξε
2613 4970 2696 5067 ϐεξ
2715 4963 2854 5032 fons
2873 4963 3033 5061 ῑζίιιεν
3057 4965 3112 5015 ϐε
3133 4960 3195 5067 ίξ
3215 4958 3445 5067 ligni“
3459 4965 3556 5012 mo
3578 4955 3910 5067 υίάθξξξξαδ
3931 4954 4131 5067 ίῗηςη
4151 4951 4190 5004 '-

759 5042 941 5160 ἔξω
984 5081 1344 5151 intelligunt,
1398 5042 1748 5132 sanctorum
1781 5085 2033 5127 suorum
2072 5042 2428 5124 testimoniis
2538 5054 2781 5160 ξοξθρἃ
2818 5052 3003 5160 enim“
3031 5048 3219 5160 aPUd‘
3254 5047 3490 5103 Ρδιῐΐθω
3555 5061 3688 5160 ῗεξθ
3969 5042 4197 5160 {alliam

759 5131 1644 5240 Esi-stentesgic—probamus:
2538 5143 2788 5240 Spiritus
2810 5140 3007 5240 sancti
3032 5157 3045 5208 ;
3070 5139 3223 5240 sicpt
3262 5152 3386 5240 .per
3411 5134 3769 5234 prophetam
3785 5132 3980 5240 “Filius
4005 5131 4149 5188 dicit
4183 5147 4196 5185 :

834 5263 1156 5336 Gregorius
1213 5257 1632 5316 Nazianzenus
1662 5253 1726 5308 in
1755 5263 2059 5316 sermone,
2087 5247 2193 5320 qui
2217 5244 2428 5318 incipit

2533 5235 2631 5290 Me
2661 5231 3110 5303 dereliquerunt
3143 5228 3365 5298 fontem
3389 5239 3566 5298 aqua?
3599 5225 3751 5281 vivce
3785 5224 3830 5293 ’,
3864 5244 3885 5270 ι
3922 5224 4035 5278 etc.

1081 5358 1192 5410 etc.
1201 5393 1220 5423 ,
1244 5351 1332 5406 ita
1359 5347 1537 5404 dicit:
1576 5367 1604 5394 «
1635 5343 1888 5416 Spiritus
1921 5355 1994 5396 ex
2020 5319 2284 5395 essentia
2311 5339 2424 5392 Pa-
2606 5335 2753 5426 Item
2775 5328 3027 5426 Cyrinus
3043 5339 3404 5426 in-sermp'ne
3448 5322 3728 5426 septimo,
3760 5321 3936 5419 cujus
3962 5319 4199 5426 initium

1277 5435 1635 5496 aaternaliter
1675 5407 1904 5490 missus
1935 5427 2271 5486 sanctiﬁcat
2298 5443 2424 5484 om-
2534 5427 2655 5479 est:
2687 5422 2773 5476 De
2807 5418 3263 5522 humanationen
3281 5414 3606 5522 ({m’gem'ti,
3652 5410 3832 5485 quasi
3879 5411 4023 5522 post

757 5503 911 5597 is;
931 5541 1292 5599 creaturam,
1327 5552 1356 5582 »
1389 5533 1500 5586 etc.
2534 5519 2734 5587 partes
2787 5509 3117 5569 sermonis:
3157 5528 3178 5559 ι
3233 5505 3476 5563 Solvens
3505 5503 3667 5599 enim
3693 5518 3752 5599 ‘a
3771 5505 4023 5574 peccato
4061 5513 4204 5599 enutn

827 5584 1525 5701 lin-Pipisttii—Dionvsii:
1558 5637 1588 5665 κ
1631 5611 1822 5671 Credo
1871 5611 1935 5667 in
1969 5608 2255 5682 Spiritum
2286 5624 2423 5666 san-
2661 5602 2778 5660 sibi
2824 5598 3138 5666 consentit,
3167 5595 3413 5670 proprio
3437 5592 3642 5666 jungit
3673 5591 3750 5648 de
3801 5593 4020 5647 caetero
4074 5584 4204 5660 Spi-

761 4280 1754 4348 Assertiocathoticwveritatisﬂt
1783 4281 2048 4350 primum
2082 4292 2158 4334 ex
2192 4276 2427 4332 Gracc-

1123 4392 1260 4432 rum
1294 4375 1557 4432 Patrum
1580 4369 2069 4429 auctoritatibus.

823 5786 845 5820 τ
880 5783 1034 5841 Psal.
1067 5795 1240 5851 xxxii,
1274 5781 1326 5834 6.
1405 5775 1426 5810 ⁸
1460 5770 1615 5829 l’sal.
1648 5783 1827 5840 xxxv,
1868 5738 1953 5823 10.
2030 5767 2049 5801 θ
2073 5771 2285 5824 Jerem.
2322 5783 2383 5840 ix,
2417 5768 2503 5823 13.
