4468 6440
327 429 433 484 403
1689 425 1965 484 CONTRA
2009 425 2325 482 GRAECOS.
3590 430 3698 486 494

329 552 470 616 ritu,
520 566 703 625 quem
733 552 998 609 immittit
1028 552 1152 624 ipse
1186 568 1198 607 :
1247 557 1313 608 ut
1343 552 1495 608 sicut
1546 568 1618 608 ex
1671 554 1788 608 Deo
1820 555 1984 608 Patre
2013 555 2061 608 Α
2087 552 2376 620 pimus".
2409 553 2472 605 Et
2496 549 2624 620 ipse
2674 551 2869 623 inquit
2902 552 3191 608 Dominus
3225 570 3237 607 :
3289 552 3580 620 Quoniam
3630 555 3703 610 de

333 645 420 695 est
451 641 729 707 Verbum,
763 643 846 697 ita
876 657 947 696 ex
978 642 1223 713 propria
1266 642 1441 696 nobis
1489 648 1706 696 natura
1735 640 1996 696 refundit
2103 654 2230 695 meo
2261 640 2532 707 accipiet,
2563 643 2616 694 et
2645 641 3034 696 annuntiabit
3059 642 3236 696 vobis.
3271 665 3298 691 ››

334 730 645 800 Spiritum.
686 752 706 777 ι
2177 731 2318 783 Item
2353 729 2666 796 Gregorius
2697 732 3007 800 Nyssenus
3062 730 3121 785 in
3177 747 3451 786 sermone
3491 735 3703 788 contra

406 818 577 882 Quod
625 825 825 873 autem
857 819 951 874 hic
983 819 1231 886 refundi
1262 818 1541 886 dicimus,
1571 821 1630 874 in
1663 822 1866 874 Graeco
1906 819 1995 872 di-
2106 816 2307 871 Arium
2340 823 2396 871 ct
2427 816 2770 881 Sabellium,
2796 819 2899 889 qui
2931 818 3012 873 sic
3040 819 3246 891 incipit
3274 837 3285 873 :
3339 820 3493 886 Quid
3523 821 3653 876 dico
3677 825 3704 874 ?

332 908 482 961 citur
514 906 890 976 ἁναπηγιέζειν,
912 911 968 962 et
998 925 1034 962 a
1059 908 1238 961 fontis
1269 908 1513 962 nomine
1540 908 1873 962 secundum
1902 907 1997 958 me.
2107 908 2214 961 Dic
2245 908 2392 961 mihi
2419 923 2438 958 .·
2468 907 2729 975 Spiritus
2754 915 2998 962 sanctus
3052 909 3411 965 immortalis
3441 917 3547 973 est,
3591 916 3699 964 etc.

333 996 822 1066 praepositionem
850 996 1179 1050 derivatur.
1215 999 1292 1050 Ex
1315 1013 1436 1066 quo
1466 996 1696 1067 liquide
1725 1001 1997 1079 apparet,
2107 1017 2133 1041 ‹‹
2194 998 2463 1059 Sanctus,
2509 995 2876 1067 principalis,
2917 997 3140 1066 justus,
3174 1014 3366 1067 verus,
3401 998 3705 1070 profunda

332 1089 610 1138 sanctum
668 1087 897 1139 Patrem
943 1084 1300 1138 intellexisse
1351 1085 1560 1140 Filium
1607 1101 1739 1140 esse
1770 1083 1995 1140 fontem
2108 1089 2381 1138 scrutans
2435 1085 2555 1149 Dei,
2589 1100 2660 1139 ex
2692 1087 2858 1140 Patre
2889 1085 3246 1157 procedens,
3288 1103 3360 1141 ex
3405 1087 3548 1142 Filio
3576 1103 3704 1142 esse

332 1173 586 1243 Spiritus
618 1173 836 1227 sancti.
2107 1173 2433 1244 accipiens,
2461 1197 2487 1222 »
2520 1182 2632 1228 etc.

407 1264 619 1316 Beatus
663 1261 1002 1341 Gregorius,
1043 1267 1449 1331 cognomento
1481 1263 1996 1332 Thaumaturgus,
2178 1262 2320 1316 Item
2357 1262 2725 1334 Epiphanius
2753 1263 2812 1317 in
2861 1262 3012 1318 libro
3061 1263 3167 1334 qui
3210 1265 3559 1334 Ancyrotus
3603 1281 3706 1319 seu

328 1351 390 1404 in
421 1367 545 1404 suae
571 1350 832 1405 editione
858 1350 1032 1414 Fidei,
1065 1367 1202 1421 quae
1236 1351 1296 1404 in
1323 1352 1450 1406 Vita
1475 1352 1608 1421 ejus
1638 1351 1869 1419 legitur,
1914 1353 1996 1405 sic
2105 1353 2449 1406 Ancoratus
2507 1351 2745 1417 dicitur,
2801 1352 2882 1406 sic
2917 1351 3096 1406 dicit:
3134 1375 3161 1400 ‹‹
3215 1353 3464 1423 Spiritus
3505 1358 3706 1408 autem

330 1438 412 1492 ait
445 1457 460 1492 ι
495 1460 522 1487 «
559 1441 719 1493 Unus
744 1439 995 1509 Spiritus
1018 1444 1261 1493 sanctus
1278 1455 1351 1493 ex
1382 1442 1498 1493 Deo
1521 1455 1650 1494 esse
1673 1441 1996 1494 essentiam
2106 1445 2370 1508 sanctus,
2406 1439 2656 1510 Spiritus
2691 1440 2790 1494 Dei
2822 1455 2929 1494 ens
2958 1455 3098 1495 cum
3126 1443 3290 1496 Patre
3311 1445 3368 1496 et
3397 1441 3562 1508 Filio,
3586 1457 3706 1497 non

329 1525 588 1593 habens,
622 1532 678 1581 et
708 1543 811 1598 per
855 1527 1062 1582 Filium
1092 1527 1299 1581 lucens
1349 1527 1574 1598 liquide
1628 1527 1993 1592 hominibus,
2106 1535 2195 1585 est
2225 1531 2376 1586 alius
2426 1532 2580 1584 Deus
2611 1546 2647 1585 a
2673 1534 2792 1584 Deo
2821 1547 2834 1593 ;
2879 1546 2915 1585 a
2954 1533 3072 1585 Deo
3104 1536 3306 1585 autem
3338 1546 3444 1586 ens
3474 1548 3510 1587 a
3540 1535 3706 1587 Patre

324 1615 536 1684 imago
565 1616 692 1669 Filii
724 1615 1008 1687 perfecta.
1041 1639 1068 1664 »ι
2107 1619 2393 1690 procedit,
2423 1635 2458 1673 a
2501 1619 2639 1673 Filio
2671 1619 2908 1690 accipit,
2931 1623 2986 1673 et
3010 1619 3068 1672 in
3101 1618 3313 1673 eodem
3347 1619 3522 1674 Filius
3546 1637 3708 1675 reve-

407 1706 550 1759 ltem
584 1708 834 1775 Magnus
857 1706 1239 1771 Athanasius,
1269 1706 1329 1760 in
1355 1723 1426 1761 ea
1454 1723 1589 1777 qua:
1621 1709 1699 1762 ad
1727 1707 1993 1778 Serapio-
2105 1709 2187 1762 lat
2210 1708 2464 1762 Patrem.
2497 1707 2700 1762 Nullus
2730 1708 2891 1762 enim
2914 1709 3080 1762 novit
3116 1711 3346 1763 Patrem
3371 1709 3486 1763 nisi
3511 1709 3701 1780 Filius,

331 1811 472 1849 nem
498 1800 585 1849 est
613 1796 687 1849 de
719 1796 939 1864 Spiritu
973 1799 1202 1864 sancto,
1233 1794 1517 1865 Epistola,
1563 1795 1732 1865 cujus
1771 1801 1860 1850 est
1894 1797 1998 1849 ini-
2107 1812 2142 1852 a
2167 1812 2290 1868 quo
2318 1796 2605 1867 procedit,
2635 1813 2671 1852 a
2696 1812 2818 1868 quo
2841 1796 3076 1868 accipit.
3108 1819 3134 1845 »

334 1884 519 1938 tium:
543 1886 787 1940 Litterae
819 1891 936 1939 tua?
955 1899 1144 1938 sacrae
1175 1885 1530 1952 a/I'ectionis,
1552 1891 1682 1950 etc.,
1707 1885 1792 1938 sic
1819 1884 1993 1939 dicit:
2031 1903 2071 1955 Β
2180 1888 2324 1939 Ecce
2357 1890 2518 1955 patet
2537 1901 2606 1938 ex
2632 1884 3241 1955 priemissis,qualiter
3265 1887 3513 1958 Spiritus
3539 1901 3709 1942 sanc-

335 1994 364 2020 «
401 1974 560 2027 Sicut
590 1973 650 2027 in
682 1973 929 2044 propria
987 1972 1252 2041 imagine
1285 1978 1376 2027 est
1425 1972 1602 2027 Filius
1633 1974 1692 2027 in
1735 1974 1948 2045 Spiritu
1986 2000 1996 2033 ;
2110 1979 2203 2029 tus
2234 1974 2306 2028 sit
2332 1990 2402 2028 ex
2426 1974 2591 2042 Filio,
2621 1974 3082 2046 sive,quomodo
3111 1974 3372 2045 precedit
3401 1974 3710 2046 aequaliter

335 2062 422 2116 sic
452 2068 509 2116 et
539 2063 710 2116 Pater
738 2063 799 2116 in
827 2061 989 2115 Filio.
1016 2082 1060 2129 ⁵››
1089 2064 1151 2116 Et
1179 2067 1312 2133 post
1343 2062 1653 2116 modicum
1692 2077 1701 2113 :
1739 2087 1758 2111 ι
1799 2068 2002 2132 Imago
2111 2064 2187 2120 ab
2220 2067 2500 2134 utroque:
2535 2063 2681 2134 quia
2701 2061 2782 2116 nil
2813 2062 2976 2116 aliud
3008 2069 3098 2117 est
3124 2063 3408 2134 Spiritum
3433 2070 3708 2119 sanctum

335 2151 462 2206 Filii
492 2151 707 2205 dicitur
729 2156 786 2204 et
817 2157 905 2204 est
937 2151 1185 2222 Spiritus
1209 2156 1476 2218 sanctus,
1514 2151 1746 2206 dicente
1773 2153 1956 2207 Paulo
1985 2171 1996 2207 :
2111 2169 2146 2207 a
2180 2155 2341 2207 Patre
2372 2169 2521 2218 esse,
2554 2151 2646 2205 vel
2674 2167 2710 2206 a
2744 2151 2903 2216 Filio,
2933 2168 3119 2223 quam
3143 2152 3465 2222 procedere
3495 2152 3573 2208 ab
3604 2153 3707 2208 eis.

338 2240 493 2306 Quos
514 2239 1181 2310 przscivit.inquam,et
1193 2241 1648 2307 praedestinavit
1671 2243 2003 2309 conformes
2113 2242 2261 2307 Quia
2296 2258 2434 2296 cum
2459 2257 2582 2296 non
2615 2241 2689 2296 sit
2727 2241 2881 2297 alius
2911 2240 3153 2308 modus,
3193 2257 3316 2312 quo
3347 2257 3604 2311 persona
3636 2242 3713 2297 sit

331 2330 468 2396 ﬁeri
499 2328 778 2397 imaginis
800 2329 946 2383 Filii
975 2329 1083 2383 Dei
1101 2330 1196 2381 ιο.»
1224 2329 1367 2383 Item
1402 2329 1459 2382 in
1491 2329 1740 2384 eadem:
1773 2352 1799 2378 «
1828 2331 2003 2386 Mani-
2112 2333 2190 2387 ab
2213 2331 2476 2390 alia.nisi
2496 2330 3024 2401 generationis,aut
3045 2330 3711 2402 processionis,necesse

334 2418 562 2473 festum
616 2418 775 2472 enim
815 2418 944 2485 erit,
976 2417 1141 2488 quod
1175 2433 1369 2489 neque
1422 2423 1697 2474 creatura
1730 2420 2000 2491 Spiritus,
2035 2471 2046 2481 ,
2112 2427 2199 2476 est
2231 2420 2378 2483 ut,si
2409 2427 2552 2476 esta
2574 2419 2716 2475 Filio
2735 2419 2985 2491 Spiritus
3019 2419 3466 2491 sanctus,quod
3490 2435 3711 2492 negare

334 2523 534 2578 neque
565 2507 919 2575 angelorum
947 2507 1228 2572 essentia,
1272 2506 1330 2561 in
1361 2523 1433 2561 eo
1460 2507 1626 2578 quod
1650 2508 1731 2562 illi
1760 2524 2000 2563 conver-
2114 2511 2348 2563 Graecus
2397 2525 2520 2564 non
2567 2514 2780 2580 potest,
2840 2509 2912 2563 sit
2964 2509 3142 2563 etiam
3184 2507 3262 2564 ab
3301 2523 3371 2564 eo
3428 2523 3536 2580 per
3583 2525 3712 2565 mo-

335 2596 533 2650 tibiles
594 2601 751 2662 sunt,
809 2595 915 2650 sed
969 2596 1173 2665 imago
1206 2595 1378 2650 Verbi
1437 2602 1494 2651 et
1549 2598 1730 2651 Patris
1762 2599 2005 2669 propria
2112 2597 2853 2669 dumprocessionisznisi
2879 2596 3268 2653 fortenovam
3289 2596 3465 2652 velint
3486 2597 3713 2667 ﬁngere

333 2692 442 2740 est.
483 2710 509 2734 »ι
547 2689 684 2740 Item
717 2686 776 2739 in
823 2684 1098 2755 ejusdem
1158 2685 1431 2756 Epistolas
1489 2685 1842 2742 abbreviato
1883 2703 2003 2741 ser-
2112 2687 2412 2751 haeresim,
2444 2693 2508 2742 ut
2537 2687 2758 2752 dicant,
2798 2687 2965 2758 quod
3001 2686 3163 2741 idem
3193 2686 3442 2758 Spiritus
3468 2693 3714 2742 sanctus

337 2791 520 2830 mone
556 2793 566 2828 :
607 2799 633 2822 ‹‹
665 2776 721 2830 Si
762 2781 962 2829 autem
999 2775 1195 2829 bonus
1228 2775 1379 2830 odor
1409 2781 1466 2829 et
1494 2774 1690 2830 forma
1721 2777 1841 2831 Filii
1893 2783 2001 2842 est,
2115 2781 2429 2844 generetur
2459 2792 2495 2832 a
2526 2776 2685 2843 Filio,
2721 2782 2778 2832 et
2824 2776 2940 2831 sint
2968 2776 3028 2830 in
3058 2776 3370 2831 Divinitate
3400 2775 3522 2831 duo
3568 2777 3708 2847 Filii,

337 2863 727 2918 manifestum
760 2867 851 2917 est
880 2863 1042 2933 quod
1080 2878 1201 2916 non
1230 2863 1339 2917 erit
1371 2864 1621 2934 Spiritus
1647 2870 1939 2920 creatura.
1977 2887 2002 2912 η
2116 2873 2171 2920 et
2195 2882 2352 2920 unus
2378 2882 2583 2921 eorum
2608 2881 2819 2937 nepos.

413 2956 552 3006 Item
589 2952 836 3007 Basilius
881 2953 942 3006 in
971 2957 1189 3023 quarto
1246 2969 1522 3007 sermone
1575 2958 1784 3008 contra
1817 2957 2007 3011 Euno-
2187 2956 2504 3010 Ostensum
2539 2955 3078 3027 estinsuper,quod
3101 2954 3352 3026 Spiritus
3379 2959 3718 3020 sanctus,ut

335 3042 595 3109 minum,
623 3041 723 3112 qui
759 3041 842 3095 sic
885 3041 1092 3112 incipit
1126 3058 1137 3094 :
1195 3043 1263 3096 Si
1308 3049 1536 3097 natura
1583 3044 1740 3098 Deus
1787 3045 2002 3108 Filius,
2117 3043 2189 3099 sit
2219 3060 2254 3099 a
2276 3044 2568 3112 Filio,hoc
2594 3044 2776 3100 habet
2799 3044 2973 3100 Filius
2995 3061 3031 3100 a
3052 3047 3245 3100 Patre:
3277 3048 3521 3115 propter
3548 3044 3716 3116 quod

336 3137 473 3186 etc.:
513 3152 531 3177 ι
568 3134 775 3200 Imago
806 3129 1087 3199 quaedam
1123 3130 1218 3184 Dei
1269 3129 1532 3185 Christus
1564 3137 1653 3186 est
1689 3151 1700 3186 :
1739 3133 1850 3199 Qui
1901 3141 2006 3212 est,
2116 3150 2152 3188 a
2193 3133 2364 3188 Patre
2403 3150 2510 3206 per
2538 3133 2766 3200 Filium,
2795 3133 2891 3188 vel
2917 3133 3221 3188 mediante
3251 3131 3408 3203 Filio,
3443 3133 3534 3188 vel
3560 3138 3715 3189 certe

334 3222 614 3292 inquam,
640 3223 836 3289 imago
873 3222 974 3274 Dei
988 3220 1308 3275 invisibilis
1335 3222 1397 3286 ιι,
1423 3221 1627 3291 imago
1659 3227 1856 3277 autem
1886 3220 2008 3278 Filii
2046 3255 2088 3309 Ο
2117 3222 2522 3295 principaliter
2551 3228 2608 3278 et
2635 3223 2875 3295 proprie
2897 3222 3112 3278 dicitur
3131 3223 3383 3295 Spiritus
3413 3237 3520 3294 pro
3542 3223 3719 3280 edere

337 3311 610 3382 Spiritus.
657 3333 684 3358 ιι
2115 3312 2208 3368 vel
2240 3313 2454 3384 spirari
2485 3330 2519 3368 a
2547 3316 2733 3370 Patre.
2772 3313 3181 3368 Terminatum
3216 3317 3307 3368 est
3347 3313 3529 3379 enim,
3570 3329 3720 3385 quo-

413 3404 555 3454 ltem
586 3400 646 3453 in
695 3398 910 3454 eodem
958 3398 1111 3454 libro
1165 3414 1299 3471 cap.
1337 3399 1510 3469 cujus
1554 3400 1756 3455 titulus
1790 3418 1802 3454 :
1837 3402 2006 3468 Quod
2117 3401 2300 3458 modo
2329 3402 2490 3456 idem
2518 3401 2767 3473 Spiritus
2795 3417 2831 3457 a
2860 3401 3144 3473 Filio,qui
3172 3407 3262 3457 est
3290 3402 3421 3472 ejus
3451 3418 3635 3457 causa
3663 3407 3720 3458 et

331 3492 492 3545 sicut
519 3489 712 3544 Filius
751 3488 834 3544 ad
873 3490 1118 3544 Patrem
1157 3505 1218 3544 se
1257 3488 1455 3552 habet,
1498 3492 1580 3546 sic
1618 3491 1884 3559 Spiritus
1923 3494 2005 3548 ad
2115 3491 2268 3557 fons,
2311 3496 2555 3562 propter
2583 3490 2837 3546 modum
2869 3489 3108 3546 essendi
3139 3506 3176 3546 a
3233 3490 3396 3558 Filio,
3430 3490 3719 3546 catholica

332 3580 562 3635 Filium
589 3597 600 3645 ;
634 3579 694 3633 in
724 3578 858 3650 ipso
884 3578 1051 3633 initio
1083 3578 1349 3649 capituli,
1403 3579 1487 3633 sic
1538 3579 1620 3634 ait
1649 3599 1660 3635 :
1701 3603 1728 3629 ‹‹
1759 3581 2005 3653 Propter
2115 3580 2330 3636 dicitur
2354 3596 2486 3636 esse
2514 3580 2664 3636 ratio
2695 3584 2752 3635 et
2780 3579 2974 3636 forma
3005 3579 3146 3636 Filii.
3177 3580 3344 3636 Unde
3366 3585 3422 3636 et
3462 3579 3718 3636 verbum

331 3669 451 3723 hoc
482 3674 536 3722 et
568 3668 668 3722 Dei
699 3667 1011 3738 quoddam
1043 3667 1297 3722 verbum
1349 3667 1562 3735 Filius;
1606 3669 1860 3725 verbum
1901 3687 2003 3726 au-
2116 3677 2173 3726 et
2201 3671 2404 3740 imago
2426 3669 2551 3724 Filii
2583 3674 2824 3741 propter
2843 3669 3121 3725 eamdem
3145 3670 3442 3725 rationem
3466 3668 3718 3742 Spiritus

334 3763 456 3811 tem
491 3755 610 3811 Filii
639 3756 885 3827 Spiritus
918 3774 930 3810 :
969 3756 1249 3821 Portans,
1283 3756 1556 3828 inquam,
1590 3759 1796 3814 omnia
1827 3761 2002 3816 verbo
2115 3760 2678 3831 nuncupatur.Qute
2707 3757 2973 3830 prudens
2999 3756 3185 3814 lector
3211 3759 3258 3812 si
3280 3757 3615 3814 consideret
3636 3757 3722 3814 di—

335 3847 580 3902 virtutis
605 3860 729 3900 sua:
754 3847 822 3898 ¹².
895 3912 898 3915 ι
2112 3849 2380 3919 ligenter,
2414 3848 2604 3903 multa
2632 3863 2768 3920 quae
2799 3863 2834 3904 a
2866 3847 3080 3903 Graecis
3120 3846 3581 3918 objiciebantur,
3621 3863 3720 3903 so-

413 3936 553 3990 Item
585 3935 798 3990 beatus
850 3933 1103 4005 Cyrillus
1148 3935 1208 3990 in
1240 3935 1394 3991 libro
1443 3937 1830 4006 Dialogorum
1862 3954 2000 3993 cum
2113 3938 2237 3993 luta
2257 3937 2548 4008 inveniet;
2579 3943 2636 3992 et
2656 3937 2793 3992 licet
2819 3936 3303 4004 breviter,tamen
3325 3939 3382 3992 et
3411 3935 3715 4008 catholice,

335 4024 575 4080 Hermia
607 4024 704 4094 (εὶ),
736 4022 811 4077 de
853 4023 1073 4094 Spiritu
1125 4030 1335 4080 sancto
1390 4025 1668 4097 loquens,
1705 4028 1876 4097 cujus
1914 4031 2004 4082 est
2114 4033 2171 4084 et
2195 4043 2332 4083 vere
2362 4028 2700 4083 terminata.

335 4114 592 4175 initium.
625 4113 824 4169 Labor
873 4113 1179 4169 beatorum
1229 4115 1472 4183 fructus
1524 4118 1834 4186 gloriosus,
1864 4123 1997 4172 etc.:
2443 4170 2479 4186 η
2525 4169 2539 4186 ,
2705 4169 2775 4186 μ,

341 4167 372 4253 ξ
740 4167 927 4257 verus
944 4167 1468 4260 etinaturalis—ad-
1823 4167 2000 4262 certi;
2434 4169 2665 4225 somno
2694 4169 2775 4224 ad
2804 4168 3045 4224 tertium
3083 4167 3395 4238 Objectum'

332 4293 585 4358 tudinis,
615 4309 752 4364 quae
785 4293 1123 4349 secundum
1151 4294 1602 4351 similitudinem
1632 4297 2000 4367 intelligitur,
2186 4296 2276 4352 Ad
2299 4296 2536 4352 tertium
2565 4299 2768 4350 autem
2794 4294 3296 4366 objectum,quod
3321 4294 3489 4350 dicit:
3509 4296 3722 4354 Omnia

331 4384 463 4454 ipse
496 4387 583 4437 est
635 4382 844 4446 Filius;
901 4382 1229 4438 similitudo
1283 4401 1435 4456 pura
1477 4391 1534 4441 et
1558 4386 1850 4442 naturalis
1883 4387 2006 4444 Filii
2114 4401 2483 4457 quaecunque
2517 4385 2726 4440 audivi
2772 4399 2808 4439 a
2837 4383 3019 4439 Patre
3047 4399 3193 4449 meo,
3225 4390 3370 4440 nota
3390 4385 3620 4453 faciam
3653 4387 3719 4439 ‘6.

336 4472 592 4543 Spiritus
622 4478 747 4537 est;
800 4472 1099 4528 scribente
1136 4473 1346 4528 audies
1388 4474 1566 4530 beato
1595 4478 1775 4532 Paulo
1809 4494 1820 4531 :
1855 4478 2006 4553 Qpia
2118 4474 2516 4533 Concedimus
2542 4472 2898 4544 sicutetipsi
2924 4472 3426 4542 glossant,omnia
3453 4490 3727 4530 necessa-

331 4577 479 4631 quos
530 4563 861 4629 praescivit,
898 4567 951 4616 et
990 4563 1440 4628 praedestinavit
1486 4567 1822 4634 conformes
1873 4568 2010 4634 ﬁeri
2042 4614 2087 4666 D
2115 4566 2205 4621 ria
2231 4564 2309 4620 ad
2332 4563 2731 4620 salutemJioc
2757 4567 2958 4617 tamen
2987 4563 3331 4619 necessario
3361 4562 3644 4619 addimus
3664 4563 3726 4620 in

331 4653 619 4721 imaginis
651 4651 801 4706 Filii
828 4653 957 4716 Dei,
991 4667 1137 4721 quos
1165 4660 1364 4708 autem
1393 4656 1872 4722 praedestinavit,
1904 4657 2009 4713 hos
2042 4650 2085 4666 "
2120 4653 2546 4725 glossa,quod.
2569 4657 2672 4707 aut
2690 4650 3106 4722 implicite,aut
3125 4651 3399 4724 explicite
3419 4657 3563 4708 nota
3586 4652 3727 4708 facit

331 4746 388 4796 et
421 4742 675 4795 vocavit.
715 4762 742 4790 ››
2118 4746 2202 4801 eis
2232 4744 2456 4800 omnia.
2489 4745 2638 4798 Nam
2667 4758 2805 4796 cum
2827 4740 3015 4797 verba
3045 4741 3163 4796 sint
3192 4742 3484 4812 Veritatis,
3503 4743 3726 4798 Veritas

406 4829 770 4885 Athanasius
800 4829 878 4885 ad
912 4831 1306 4903 Serapionem
1355 4832 1418 4888 in
1449 4834 1716 4906 Epistola
1753 4835 1828 4891 de
1887 4836 2012 4909 Spi.
2120 4833 2357 4891 mentiri
2388 4849 2510 4889 non
2541 4835 2751 4904 potest.
2788 4830 2932 4886 Dicit
2953 4831 3093 4886 enin
3123 4848 3134 4885 :
3163 4832 3362 4888 Multa
3385 4833 3509 4889 alia
3540 4832 3726 4889 habeo

331 4920 452 4975 ritu
511 4925 741 4986 sancto,
772 4926 836 4974 ut
887 4937 1074 4992 supra
1103 4921 1459 4978 adnotatum
1493 4929 1579 4980 est
1613 4941 1625 4979 :
1661 4947 1688 4974 ‹‹
1742 4929 1808 4981 Et
1831 4927 2010 4982 Filius
2120 4927 2276 4983 vobis
2302 4925 2515 4993 dicere,
2540 4922 2643 4978 sed
2670 4937 2789 4978 non
2817 4922 3061 4990 potestis
3076 4928 3328 4991 portare
3355 4923 3546 4978 modo.
3578 4923 3728 4978 Cum

331 5008 701 5081 inquit,Quae
730 5011 940 5066 audivi
959 5027 996 5067 a
1018 5012 1215 5077 Patre,
1235 5012 1361 5069 haec
1383 5017 1592 5084 loquor
1615 5017 1677 5070 in
1700 5018 2013 5091 mundo”.
2120 5023 2319 5073 autem
2359 5015 2583 5071 venerit
2615 5013 2720 5068 ille
2744 5013 3009 5081 Spiritus
3039 5013 3326 5078 veritatis,
3368 5012 3598 5069 docebit
3629 5029 3728 5069 vos

331 5101 599 5169 Spiritus
645 5107 845 5156 autem
903 5117 940 5157 a
990 5103 1151 5158 Filio
1196 5105 1474 5173 accipiet,
1522 5111 1577 5162 et
1615 5109 2008 5165 annuntiabit
2119 5122 2347 5163 omnem
2374 5103 2788 5170 veritatem‘ﬁ',
2815 5101 2990 5173 quasi
3016 5100 3178 5156 dicat
3211 5118 3223 5154 :
3259 5104 3482 5157 Horum
3505 5106 3561 5157 et
3585 5102 3731 5158 alio-

335 5190 502 5245 vobis
525 5191 591 5243 “.
623 5211 653 5238 »
2116 5212 2253 5252 rum
2284 5193 2605 5250 verborum
2656 5206 2933 5246 meorum
2969 5189 3425 5260 intelligentiam
3453 5191 3729 5264 relinquo

407 5281 554 5333 Item
583 5278 832 5334 Basilius
859 5279 938 5336 ad
972 5281 1487 5353 Amphilochium,
1517 5301 1650 5357 cap.
1685 5291 1754 5341 5:
1795 5310 1815 5336 ι
1855 5289 2006 5345 Scri-
2116 5283 2463 5357 magisterio
2518 5281 2767 5353 Spiritus
2797 5280 3008 5346 sancti,
3061 5280 3168 5352 qui
3214 5279 3455 5335 docebit
3501 5296 3632 5349 vos,
3676 5289 3730 5338 et

331 5367 487 5424 hens
527 5366 606 5422 ad
655 5368 942 5440 Ephesios
983 5370 1202 5426 Paulus
1249 5372 1369 5428 ait:
1443 5375 1759 5432 Veritatem
1808 5382 2006 5435 autem
2114 5379 2392 5448 suggeret
2418 5373 2641 5438 omnia,
2673 5385 3032 5443 quacunque
3059 5370 3269 5426 dixero
3296 5369 3457 5427 vobis
3491 5371 3556 5424 ιτ.

326 5458 646 5527 facientes,
674 5462 788 5513 etc.
810 5460 912 5514 Ex
933 5461 1314 5529 plenitudine
1339 5465 1468 5533 ejus
1496 5479 1600 5519 nos
1625 5481 1826 5523 omnes
1845 5482 2006 5525 acce-
2115 5514 2118 5518 .
2186 5463 2640 5538 ltem,quamvis
2663 5477 2786 5517 non
2802 5460 3141 5518 inveniatur
3158 5462 3493 5518 secundum
3514 5476 3727 5517 vocem

413 5580 460 5666 if
487 5582 658 5636 Rom.
690 5598 816 5666 vni,
837 5585 1051 5666 20.m‘_i
1087 5585 1314 5642 Coloss.
1349 5606 1385 5666 i,
1409 5594 1500 5666 l5.
1542 5591 1819 5666 _}§_ll_e_br.
1849 5612 1887 5666 ι,
1918 5599 1970 5652 3.
2051 5597 2097 5632 1³
2127 5595 2177 5652 J<

1957 5640 1970 5652 .
2051 5597 2097 5632 1³
2127 5595 2304 5652 Joan.
2336 5593 2566 5660 “11,26.
2647 5589 2692 5624 ¹⁴
2722 5590 2895 5646 Joan.
2921 5604 3037 5655 xw,
3077 5591 3161 5645 14.
3245 5589 3289 5623 ¹⁵
3329 5589 3500 5644 Joan.
3543 5602 3584 5655 ι,
3628 5586 3720 5642 16.

341 5651 392 5686 ¹⁶
420 5653 588 5709 Joan.
619 5669 719 5726 xv,
754 5659 839 5711 l5.
919 5657 990 5694 ιδ’
1015 5659 1186 5716 Joan.
1217 5675 1338 5729 xvr,
1370 5651 1455 5719 l3.
1536 5664 1579 5699 ιτ
1614 5662 1762 5722 ibid.

411 5777 784 5856 (2mm.
