4468 6440
859 365 961 422 iss
2081 370 2561 430 PANTALEONIS
2600 373 2891 435 DIACONI
2929 377 3034 436 cr.
4128 400 4226 458 ιω

858 487 921 544 in
949 489 1290 587 Evangelio,
1321 491 1488 563 quod
1518 490 1768 588 Spiritus
1818 493 2091 565 procedit
2135 510 2171 552 a
2215 494 2357 551 Filio
2386 494 2477 551 in-
2509 496 2557 551 Α
2659 499 2828 588 Item,
2851 500 2969 559 alia
2987 503 3310 565 auctoritas
3334 510 3658 585 Evangelii,
3693 515 3980 588 Spiritum
3997 533 4069 576 ex
4092 521 4225 579 Filio

856 577 1087 666 venitur
1115 583 1319 666 tamen
1345 579 1680 636 secundum
1705 582 2018 639 veritatem
2045 582 2464 651 intellectus,in
2573 587 2901 658 procedere
2951 598 3257 664 comperte
3312 577 3557 658 clamat.
3616 577 3762 662 Dicit
3798 605 3961 664 enim

859 665 1128 736 pluribus
1157 665 1322 722 locis.
1359 667 1578 724 Dicitur
1606 669 1767 725 enim
1801 671 2051 742 Spiritus
2078 671 2368 742 Veritatis,
2398 672 2461 729 id
2573 673 2688 741 Qui
2706 677 2900 733 credit
2926 679 2988 733 in
3019 695 3127 750 me,
3152 682 3308 738 sicut
3328 685 3477 743 dicit
3495 688 3816 760 Scriptura
3840 710 3858 746 :
3875 694 4134 762 ﬂumina
4155 665 4224 754 de

857 760 945 808 est
991 753 1130 856 Filii,
1161 756 1306 852 quia
1345 755 1512 854 dese
1543 759 1771 814 Veritas
1805 760 2070 816 increata
2098 760 2460 833 loquebatur
2568 770 2776 820 ventre
2793 768 2922 834 ejus
2940 768 3132 836 ﬂuent
3151 784 3324 842 aqua:
3349 775 3519 832 viva.
3551 753 3682 836 Hec
3707 753 3906 838 autern
3926 783 4086 840 dixit
4119 785 4221 856 (ait

857 848 1023 911 tunc,
1058 844 1345 899 Christus.
1382 845 1439 901 Si
1466 861 1607 917 ergo
1639 851 1727 902 est
1767 848 2015 920 Spiritus
2045 850 2335 920 Veritatis,
2358 854 2462 906 aut
2567 854 2957 923 evangelista)
2987 857 3059 914 de
3079 858 3338 928 Spiritu,
3379 879 3551 935 quem
3589 871 3868 940 acepturi
3896 878 4072 930 erant
4097 844 4215 932 c‘re-

854 932 998 1002 quia
1022 932 1272 1029 Spiritus
1303 938 1395 1034 est
1422 950 1457 990 a
1487 935 1760 1034 Veritate,
1803 942 1906 1034 aut
1930 937 2074 1010 quia
2105 939 2327 995 Veritas
2370 942 2458 994 est
2564 941 2768 998 dentes
2822 944 2887 999 in
2930 959 3062 1002 eum
3087 949 3155 1001 ⁸³.
3194 932 3447 1022 Audisti,
3497 932 3717 1025 Graece,
3750 959 3917 1031 quod
3959 961 4211 1034 Spiritus

853 1035 890 1074 a
941 1020 1178 1091 Spiritu.
1213 1021 1328 1077 Sed
1381 1023 1550 1095 quod
1576 1026 1797 1080 Veritas
1828 1025 1901 1082 sit
1948 1043 1985 1082 a
2017 1027 2235 1099 Spiritu
2287 1043 2453 1084 error
2562 1031 2833 1100 procedit
2868 1033 2946 1088 ab
2990 1049 3062 1090 eo
3101 1036 3206 1108 qui
3236 1020 3440 1096 credit
3473 1041 3536 1099 in
3583 1020 3723 1102 eum
3743 1020 4021 1105 {Nonne
4038 1050 4214 1108 etiam

851 1113 956 1170 est,
988 1109 1133 1181 quia
1163 1109 1337 1166 Filius
1374 1127 1410 1168 a
1438 1115 1610 1168 Patre
1635 1113 1763 1169 solo
1784 1119 1873 1171 est
1898 1121 1956 1172 et
1978 1131 2102 1171 non
2126 1131 2160 1172 a
2191 1116 2408 1188 Spiritu
2433 1131 2446 1170 :
2561 1117 2690 1175 ﬂuit
2715 1135 2750 1175 a
2774 1119 2916 1177 Filio
2940 1122 3228 1194 Spiritus?
3257 1129 3404 1186 imo.
3438 1131 3757 1196 Quomodo
3781 1151 3818 1193 a
3845 1137 4213 1196 credentium

849 1199 1118 1298 confiteri
1166 1214 1410 1256 necesse
1441 1206 1546 1272 est,
1579 1203 1746 1274 quod
1778 1203 1853 1259 sit
1882 1205 2134 1277 Spiritus
2158 1206 2447 1273 Veritatis,
2557 1207 2861 1264 mentibus
2887 1209 3074 1268 ﬂuere
3099 1212 3244 1270 dicit
3292 1218 3601 1291 Spiritum,
3637 1222 3756 1279 nisi
3797 1225 3942 1298 quia
3969 1225 4100 1284 ﬂuit
4137 1228 4211 1285 ab

849 1286 907 1341 id
934 1291 1024 1342 est
1050 1288 1191 1355 Filii,
1224 1289 1338 1344 hoc
1366 1295 1472 1359 est,
1505 1306 1542 1346 a
1572 1290 1730 1348 Filio.
1763 1292 1819 1349 Si
1848 1298 2048 1349 autem
2080 1311 2116 1350 a
2155 1294 2316 1364 Filio,
2343 1300 2448 1351 aut
2556 1310 2649 1364 eo,
2680 1312 2877 1368 quem.
2895 1298 3078 1357 habet
3105 1301 3168 1357 in
3209 1320 3272 1360 se
3302 1286 3552 1366 credens
3578 1286 3643 1367 in
3666 1286 3839 1384 eum:
3869 1313 3985 1371 hoc
4022 1320 4130 1387 est,
4173 1333 4210 1375 a

847 1377 1249 1444 generatione,
1283 1384 1386 1434 aut
1413 1380 1898 1451 processione,'ut
1921 1384 2284 1454 supra.Quia
2303 1399 2445 1440 vero
2553 1386 2696 1442 Filio
2715 1387 2742 1441 ?
2773 1388 2926 1454 Quid
2952 1396 3040 1447 est
3065 1406 3230 1463 vero,
3269 1395 3555 1468 Spiritum
3584 1414 3623 1457 a
3665 1377 3823 1458 Filio'
3856 1402 4065 1473 ﬂuere,
4095 1377 4204 1464 nisi

847 1463 956 1566 f
991 1470 1083 1522 est
1124 1465 1301 1523 bonae
1344 1468 1754 1540 expositionis,
1802 1471 2033 1542 patebit
2080 1472 2141 1528 in
2192 1487 2442 1544 sequen-
2551 1476 2875 1546 procedere
2904 1478 2984 1535 ab
3013 1479 3190 1552 ipso?
3221 1463 3395 1549 Quod
3423 1492 3628 1544 autem
3658 1489 3916 1549 ﬂumina
3955 1463 4206 1566 Spiritus

840 1553 1022 1611 tibus.
2551 1565 2740 1621 sancti
2796 1567 3148 1638 procedunt,
3181 1577 3551 1632 monstratur
3583 1578 3906 1637 manifeste
3955 1553 4018 1638 in
4053 1582 4204 1641 libro

835 1679 1445 1759 Spiiﬂitgm._3anctym
1492 1698 1612 1739 esse
1652 1683 1945 1759 SBiritum
1987 1687 2285 1755 Veritatis,
2328 1689 2438 1746 hoc
2547 1654 2690 1753 ΜΨ
2724 1653 3275 1759 Ξῃίὲίιῖδζθωβθφ
3300 1661 3512 1759 “imm!
3540 1665 3856 1737 sapientia
3885 1671 4073 1740 arma
4093 1674 4202 1742 ﬂ“.

907 1754 990 1805 cst
1025 1752 1194 1832 Filii.
1218 1769 1293 1832 ex
1320 1753 1665 1811 Graecorum
1691 1745 1942 1813 Patrum
1969 1745 2436 1827 expositionibus
2545 1745 2670 1798 mi"

2431 1780 2436 1811 _.
2545 1745 2791 1800 mina".
2846 1745 2999 1810 Quid
3037 1748 3199 1805 enim
3238 1749 3298 1806 in
3337 1751 3452 1810 hoc
3489 1753 3623 1812 loco
3661 1772 3770 1829 per
3809 1759 4195 1832 Sapientiam,

906 1824 1352 1892 comprobatur.
2039 1824 2056 1827 “
2472 1837 2512 1890 Β
2541 1833 2655 1888 nisi
2710 1833 2939 1903 Filium,
2980 1842 3039 1893 et
3089 1838 3239 1908 quid
3293 1856 3401 1913 per
3446 1824 3718 1918 ﬂumina,
3759 1824 4195 1921 nisi-Spiritum

905 1931 1117 1984 Beatus
1145 1927 1414 2001 Cyrinus,
1455 1930 1516 1986 in
1560 1932 2050 2004 recarﬁmlaﬁone
2098 1935 2173 1992 de
2215 1937 2434 2010 spiritu
2540 1927 2818 1980 sanctum
2846 1924 3276 1996 intelligimus?
3306 1929 3692 2004 Eﬁ‘uditergo
3735 1936 4042 2008 Sapientia
4077 1937 4193 1995 ﬂu-

831 2022 1057 2081 sancto,
1079 2016 1685 2075 dimembrationibus
1717 2022 2032 2091 sexaginta
2056 2027 2431 2087 sex,demon-
2537 2012 2724 2080 mina:
2751 2014 2895 2085 (Ιυίᾶ
2922 2014 3097 2072 Filius
3127 2032 3199 2073 ex
3246 2034 3308 2075 εθ
3338 2020 3552 2078 enim“
3584 2024 3887 2096 Spiritum:
3917 2027 4023 2099 (ἰαί
4061 2043 4192 2100 Ρτοο

829 2106 1114 2162 stratione
1137 2109 1220 2162 sic
1246 2107 1355 2163 ait:
1383 2129 1410 2157 ‹‹
1436 2107 1500 2161 In
1532 2109 1863 2179 Evangeliis
1887 2111 2135 2183 quidem
2160 2114 2429 2172 Salvator
2538 2102 2692 2158 cedit
2716 2102 2794 2159 ab
2827 2104 2983 2175 ίρεο·

827 2194 910 2249 sic
941 2195 1023 2251 ait
1049 2195 1122 2251 de
1155 2212 1216 2251 se
1249 2212 1261 2248 ;
1315 2197 1444 2266 Ego
1478 2213 1604 2253 sum
1641 2201 1948 2256 υενίιαειε,
1983 2204 2194 2259 Beatus
2224 2210 2425 2263 autem
2606 2193 2749 2246 ltem
2787 2192 2931 2248 dicit
2958 2191 3034 2249 de
3058 2193 3274 2251 eodem
3317 2196 3494 2254 Filius
3527 2198 3589 2255 in
3617 2203 3941 2273 Evangelio
3970 2220 3983 2260 :
4024 2206 4192 2263 Sicut

820 2283 1082 2340 Joannes
1131 2300 1199 2340 ex
1227 2285 1417 2341 Patris
1446 2287 1722 2355 essentia,
1765 2294 1822 2344 et
1851 2289 1974 2345 Filii
2021 2292 2304 2363 Spiritum
2333 2311 2425 2351 os-
2529 2279 2583 2333 Ρ

2529 2279 2717 2335 Pater
2765 2279 2944 2337 habet
2973 2284 3160 2339 vitam
3185 2284 3247 2339 in
3279 2287 3612 2356 semetipso,
3643 2291 3731 2346 sic
3758 2292 3921 2348 dedit
3954 2299 4009 2349 et
4035 2295 4190 2351 Filio

823 2372 1097 2440 tendens,
1126 2373 1188 2430 in
1219 2374 1555 2445 Evangeliis
1587 2376 1834 2448 quidem
1858 2378 2242 2450 ait:Spiritus
2274 2386 2424 2442 veri-
2531 2366 2750 2424 habere
2777 2371 2959 2426 υίίαηι
2979 2373 3040 2427 in
3070 2374 3380 2442 semetipso
3399 2376 3638 2441 "-de
3657 2377 3820 2436 aliud
3844 2380 3904 2435 in
3927 2380 4042 2438 hoc
4059 2382 4193 2442 loco

825 2464 987 2532 tam,
1020 2464 1126 2533 qui
1152 2479 1189 2520 α
1211 2464 1400 2520 patre
1419 2465 1713 2533 procedit,
1751 2487 1778 2515 ,,
2530 2472 2636 2528 per
2682 2457 2887 2526 vitam,
2928 2459 3042 2515 nisi
3103 2461 3385 2533 Spiritum
3446 2471 3725 2523 sanctum
3781 2468 4190 2545 intelligimus,

889 2553 1052 2608 ldcm
1080 2553 1422 2619 sanctus,in
1447 2558 1664 2624 quarta
1693 2555 1943 2627 epistola
1964 2559 2040 2614 ad
2061 2563 2412 2634 Nestorium,
2523 2559 2710 2616 quem
2751 2549 2790 2601 Ρ
2796 2552 2921 2602 δίεν
2975 2547 3161 2604 habet
3211 2548 3274 2604 in
3314 2566 3399 2616 δε,
3441 2556 3499 2606 εί
3535 2551 3701 2610 dedit
3737 2555 3922 2613 Filio:
3965 2564 4029 2615 υ(
4065 2559 4191 2631 ipse

816 2643 988 2714 cujus
1020 2647 1108 2698 est
1130 2641 1397 2698 initium:
1428 2643 1750 2701 Saluatore
1773 2653 1974 2703 nostro
1999 2649 2249 2720 dicente,
2276 2659 2410 2721 etc.,
2522 2639 2597 2722 ,ῖδ
2631 2634 2918 2705 Spiritum
2948 2635 3172 2692 habeat
3197 2636 3259 2692 in
3283 2654 3347 2693 se
3370 2639 3528 2710 ipso,
3571 2645 3724 2699 δίουί
3752 2643 3936 2702 habe‘
3965 2649 4134 2704 Ρδοῖθι·
4161 2651 4189 2706 ?

815 2748 1034 2803 parum
1058 2737 1196 2787 ante
1225 2731 1411 2787 tinem
1445 2749 1457 2786 :
1493 2754 1520 2780 ‹‹
1554 2734 1619 2787 Et
1650 2733 1701 2788 si
1731 2734 1791 2789 in
1821 2734 2134 2808 hypostasi
2163 2742 2412 2814 Spiritus
2519 2725 2694 2814 “31°80
2720 2724 2896 2779 Filius
2918 2740 3043 2781 non
3087 2724 3283 2782 εοιιιω
3320 2726 3506 2785 habet
3534 2730 3837 2804 spiritum.
3868 2749 4049 2806 quem
4076 2736 4188 2795 ha-

814 2825 1062 2877 sanctus
1095 2820 1361 2892 propria,
1391 2825 1448 2876 et
1470 2820 1816 2891 intelligitur
1837 2827 2172 2884 secundum
2202 2813 2283 2895 se,
2316 2834 2411 2889 vel
2516 2813 2618 2868 bet
2645 2815 2837 2883 Pater:
2869 2815 2976 2870 Sed
3020 2814 3202 2871 etiam
3233 2817 3316 2872 ita
3345 2817 3528 2875 habet
3551 2821 3857 2892 Spiritum.
3892 2825 4043 2883 δίουῖ
4079 2826 4187 2883 Ῑῖίδιο

811 2909 976 2982 quod
1016 2909 1268 2981 spiritus
1307 2914 1418 2975 est,
1447 2913 1503 2965 et
1526 2925 1649 2965 non
1683 2910 1881 2980 Filius,
1927 2917 2129 2972 tamen
2167 2934 2289 2975 non
2320 2926 2412 2980 est
2516 2901 2826 2961 betPater.
2853 2903 3183 2961 Videamus
3203 2906 3431 2978 itaque,
3460 2911 3771 2980 quomodo
3795 2916 3962 2970 Pater
3998 2914 4185 2974 habet

808 2999 1040 3056 alienus
1071 2998 1150 3055 ab
1179 2998 1311 3070 ipso
1346 2997 1506 3054 Filio.
1533 2999 1781 3071 Spiritus
1820 3002 1979 3058 enim
2009 3005 2276 3063 Veritatis
2306 3026 2409 3067 no-
2519 2993 2803 3065 Spiritum
2866 2993 2929 3048 in
2985 2993 3329 3066 εθωθίίρεο·
3379 2999 3549 3053 Pater
3611 3004 3813 3057 autem
3874 3004 3958 3060 Sic
3995 3004 4181 3063 habet

804 3089 1068 3144 minatus
1090 3093 1196 3143 est.
1230 3090 1329 3144 Est
1359 3093 1559 3144 autem
1601 3089 1866 3146 Christus
1894 3091 2147 3160 Veritas,
2179 3101 2233 3152 et
2271 3114 2406 3170 pro-
2517 3083 2798 3154 Spiri‘um
2826 3088 2890 3138 Ut
2916 3098 3156 3155 semper
3201 3085 3274 3140 ⁵η
3303 3083 3366 3140 in
3398 3088 3588 3158 Patre;
3615 3094 3673 3144 εί
3699 3105 3937 3163 semper
3975 3109 4179 3165 Ρτοοθ·

805 3179 1074 3236 funditur
1126 3178 1204 3233 ab
1253 3178 1408 3249 ipso,
1440 3179 1966 3251 quemadmodum
2011 3185 2215 3257 utique
2247 3193 2303 3242 et
2340 3203 2412 3246 ex
2451 3193 2490 3247 C
2519 3171 2623 3228 dat
2668 3187 2705 3227 δ’
2744 3175 2908 3228 Patre
2945 3190 2957 3226 ³
3008 3178 3066 3229 εἴ
3102 3173 3184 3230 ita
3222 3190 3459 3247 semper
3495 3179 3768 3248 Procadit
3807 3197 3843 3237 ἃ
3883 3184 4070 3255 Patre:
4111 3189 4176 3241 ιη

801 3272 991 3325 Patre.
1024 3266 1179 3334 Quid
1209 3271 1411 3322 autem
1443 3266 1515 3322 sit
1551 3267 1938 3340 profundere,
1971 3274 2216 3345 exponit
2243 3275 2404 3334 idem
2516 3277 2754 3333 semper
2790 3261 2852 3317 in
2890 3264 3058 3318 Patre
3097 3269 3357 3330 maneat:
3399 3269 3456 3321 et
3505 3266 3588 3322 ita
3627 3283 3867 3341 semper
3902 3271 3965 3327 in
4005 3274 4172 3329 Patre

803 3357 1056 3431 Cyrillus
1082 3357 1143 3412 in
1175 3356 1546 3428 expositione
1567 3357 1836 3428 Symboli
1865 3359 2106 3427 Nicaeni,
2139 3367 2402 3423 tractans
2512 3354 2734 3420 manet:
2764 3355 2828 3406 ιη
2853 3355 3053 3407 tamen
3084 3368 3322 3424 semper
3352 3369 3389 3409 α
3425 3357 3593 3412 Patre
3632 3358 3942 3428 Ρΐοοθάᾶῑ·
3983 3361 4040 3417 Si
4079 3363 4171 3418 Fi-

797 3448 1053 3506 verbum
1093 3445 1261 3514 illud,
1306 3446 1421 3513 Qui
1457 3460 1532 3502 ex
1561 3453 1743 3515 patre
1790 3451 2080 3519 procedit,
2136 3453 2342 3511 dicens
2383 3474 2396 3511 ε
2508 3438 2624 3494 lius
2651 3440 2766 3496 isto
2787 3440 2970 3496 modo
2997 3439 3181 3497 habet
3210 3442 3494 3514 Spiritum
3515 3444 3578 3500 in
3602 3447 4168 3520 semetipso,verum

797 3560 827 3589 ‹‹
853 3540 1179 3594 Transacto
1201 3534 1276 3590 de
1309 3534 1539 3590 Christo
1579 3535 1712 3607 ipso
1745 3553 2041 3606 sermone,
2071 3555 2206 3598 cum
2233 3542 2400 3602 beati
2507 3543 2561 3584 θε

2507 3532 2618 3599 est,
2650 3528 2816 3600 quod
2844 3529 2972 3600 ipse
3020 3529 3164 3585 dicit
3193 3545 3206 3583 :
3236 3530 3404 3587 Sicut
3433 3533 3616 3589 Pater
3645 3535 3822 3591 habet
3877 3538 4062 3595 vitam
4103 3543 4167 3598 in

793 3631 994 3683 Patres
1010 3624 1199 3681 sancti
1221 3622 1473 3696 Spiritus
1496 3626 1851 3681 memoriam
1871 3627 2160 3686 iacerent:
2186 3632 2394 3705 Credo,
2506 3636 2557 3675 δε

2506 3620 2803 3688 seipso,sic
2834 3619 2994 3675 dedit
3025 3625 3081 3674 et
3109 3621 3262 3676 Fitio
3291 3621 3511 3679 habere
3541 3625 3727 3682 vitam
3743 3627 3806 3681 in
3831 3631 4163 3699 semetipso.

790 3717 1091 3784 dixerunt,
1121 3713 1184 3769 in
1215 3729 1374 3782 eum,
1405 3713 1929 3784 quemadmodum
1963 3716 2021 3772 in
2055 3718 2312 3792 Patrem,
2338 3727 2396 3781 et
2506 3708 2564 3765 Si
2594 3713 2798 3764 autem
2827 3707 2941 3764 isto
2971 3707 3156 3764 modo
3199 3724 3322 3766 non
3349 3709 3557 3777 habet,
3596 3715 3910 3785 quomodo
3935 3717 4042 3774 erit
4065 3734 4164 3776 ve-

790 3805 1042 3872 Filium;
1083 3801 1617 3859 consubstantialis
1670 3803 1831 3859 enim
1884 3805 1988 3872 eis,
2031 3812 2087 3862 et
2122 3807 2394 3867 funditur
2500 3814 2554 3853 I‘l

2500 3814 2656 3869 rum,
2688 3797 2853 3870 quod
2879 3797 3020 3852 dicit
3051 3813 3063 3851 :
3093 3797 3262 3854 Sicut
3300 3801 3479 3856 Pater
3500 3800 3676 3858 habet
3702 3807 3888 3860 vitam
3918 3807 3984 3861 in
4014 3809 4161 3878 δεφ-

787 3895 1123 3967 Spiritus,et
1144 3891 1413 3966 procedit
1429 3895 1719 3964 tanquam
1734 3893 1943 3949 afonte
1957 3897 2144 3952 Decet
2159 3898 2388 3956 Patre.»
2497 3903 2551 3944 δε

2497 3903 2582 3953 so,
2614 3891 2694 3942 sic
2731 3887 2894 3943 dedit
2924 3894 2978 3943 et
3003 3887 3160 3943 Filio
3199 3887 3418 3945 habere
3448 3893 3633 3947 vitam
3672 3893 3735 3947 in
3772 3895 4003 3963 seipso?
4043 3898 4157 3954 Sed

857 3985 1073 4040 Beatus
1103 3997 1349 4054 quoque
1395 3980 1664 4050 Basilius,
1705 3984 1768 4038 in
1813 3981 1966 4039 libro
2019 3985 2101 4041 De
2151 3987 2386 4057 Spiritu
2497 3977 2714 4033 falsum
2747 3991 2878 4032 esse
2906 3991 3031 4033 non
3056 3981 3275 4049 potest,
3305 3979 3474 4051 quod
3531 3996 3569 4036 a
3620 3981 3872 4040 Veritate
3922 3990 4010 4042 est
4036 3985 4158 4044 dic-

780 4079 1013 4142 sancto,
1041 4070 1120 4127 ad
1148 4069 1657 4141 Amphilochium,
1687 4087 1816 4142 cap.
1847 4072 1936 4126 i8:
1960 4094 1987 4123 ‹‹
2018 4073 2085 4128 Si
2104 4077 2234 4146 quis
2261 4077 2386 4147 Spi-
2495 4071 2644 4124 tum.
2679 4069 2830 4136 Ergo
2851 4081 3062 4121 verum
3091 4070 3184 4122 est
3205 4066 3373 4139 quod
3403 4069 3626 4126 Veritas
3655 4069 3818 4129 dixit.

779 4163 963 4218 ritum
1001 4160 1233 4219 Christi
1253 4175 1373 4215 non
1406 4159 1606 4227 habet,
1641 4160 1738 4215 hic
1759 4176 1880 4216 non
1912 4168 1990 4218 est
2031 4163 2175 4232 ejus.
2219 4167 2384 4224 Unde

776 4251 942 4308 solus
958 4248 2378 4325 gloriticatDeum.lilemeclareﬁcabit,inquam,
2491 4253 2547 4305 et
2573 4249 2767 4304 Filius
2815 4263 2961 4320 quos
2991 4248 3120 4304 vult
3171 4249 3432 4318 viviﬁcat
3453 4251 3521 4305 ²².
3558 4251 3867 4309 Viviﬁcare
3899 4255 4148 4328 Spiritus

773 4344 918 4415 quia
947 4340 1021 4396 de
1042 4355 1165 4396 meo
1193 4338 1444 4406 accipiet
1471 4342 1526 4393 et
1554 4339 1944 4395 annuntiabit
1973 4340 2132 4397 vobis
2161 4358 2286 4399 non
2309 4345 2380 4400 si-
2489 4339 2679 4394 sancti
2700 4343 2804 4402 est,
2838 4343 2973 4407 etc.,
3007 4339 3158 4394 sicut
3183 4339 3413 4395 Veritas
3437 4339 3614 4396 dicit:
3646 4343 3913 4412 Spiritus
3929 4353 4015 4402 est
4044 4349 4152 4420 qui

771 4436 870 4488 cut
911 4433 1204 4498 creatura,
1241 4425 1346 4482 sed
1374 4425 1525 4481 sicut
1568 4427 1818 4498 Spiritus
1855 4429 2185 4501 sapientiae,
2221 4431 2379 4488 Chri-
2488 4429 2837 4496 vivi/teat”,
2881 4433 2989 4484 etc.
3025 4427 3278 4492 Quando
3306 4444 3446 4500 ergo
3493 4429 3670 4486 Pater
3699 4438 3970 4490 mortuos
4000 4436 4148 4492 vivi-

767 4525 948 4584 stum,
975 4519 1073 4575 Dei
1102 4519 1381 4574 virtutem
1412 4520 1470 4572 et
1499 4516 1598 4572 Dei
1624 4516 2007 4589 sapientiam,
2026 4519 2089 4575 in
2106 4536 2218 4577 sua
2247 4537 2372 4580 ma-
2407 4550 2452 4604 Β
2484 4517 2642 4584 ticat,
2674 4515 2749 4571 de
2778 4515 3000 4588 Spiritu
3030 4520 3259 4584 sancto,
3288 4532 3472 4588 quem
3519 4518 3698 4575 mittit
3723 4520 3787 4576 in
3822 4537 3950 4592 eos,
3991 4524 4145 4581 vivi-

764 4610 1076 4682 gnitudine
1105 4607 1375 4663 revelans
1404 4623 1418 4661 :
1449 4610 1506 4662 et
1536 4606 1687 4662 sicut
1732 4607 2072 4664 Paracletus
2113 4611 2368 4681 Spiritus
2463 4607 2639 4664 .ﬁcat.
2663 4605 2912 4677 Spiritus
2942 4609 3182 4661 sanctus
3204 4605 3365 4661 enim
3393 4612 3501 4678 est,
3525 4609 3630 4680 qui
3661 4616 3932 4668 mortuos
3954 4613 4144 4670 viviﬁ-

760 4698 1185 4757 characterizat
1206 4696 1497 4768 ejus,quaa
1517 4695 1917 4769 promisitper
1941 4697 2366 4769 Spiritum,Pa-
2474 4701 2572 4755 cat
2591 4696 2775 4752 vitam
2803 4694 3008 4750 dando
3049 4697 3301 4751 mortuis
3335 4698 3684 4768 operatione
3716 4716 3849 4765 sua,
3875 4707 3931 4759 et
3959 4703 4140 4762 etiam

755 4788 962 4846 racleti
990 4787 1337 4857 bonitatem,
1373 4790 1429 4840 et
1456 4785 1516 4840 in
1544 4784 1631 4839 sui
1665 4785 1950 4855 dignitate
1981 4787 2363 4859 majestatem
2475 4787 2656 4843 vitam
2689 4784 2893 4856 gratia:
2925 4784 3175 4840 mortuis
3205 4785 3266 4840 in
3293 4787 3555 4857 peccatis
3573 4787 3964 4860 inspiratione
3991 4809 4127 4849 sua.

754 4879 1126 4937 demonstrat
1147 4877 1298 4949 ejus.
1336 4899 1355 4924 ι
1394 4875 1560 4931 Unde
1587 4879 1643 4932 et
1665 4877 1975 4946 provenit;
2007 4877 2175 4949 quod
2196 4877 2360 4935 idem
2471 4875 2527 4933 Si
2559 4876 2736 4947 igitur
2767 4874 2946 4929 Filius
2975 4873 3058 4930 ita
3083 4873 3156 4930 de
3186 4875 3405 4947 Spiritu
3437 4881 3644 4933 sancto
3675 4877 3952 4951 viviﬁcat,
3981 4883 4137 4939 sicut

2429 4967 2653 5031 .Pater,
2698 4965 2969 5037 sequitur
3022 4963 3188 5036 quod
3247 4965 3398 5020 sicut
3459 4964 3538 5021 ad
3590 4969 3824 5024 Patrem
3879 4971 4134 5041 pertinet

819 5060 986 5116 Idem
1036 5061 1279 5114 sanctus
1329 5055 1700 5128 Epiphanius
1751 5055 1811 5111 in
1844 5055 1995 5112 libro
2034 5058 2120 5114 De
2157 5059 2357 5116 Anco.
2466 5055 2737 5128 Spiritus,
2762 5054 2945 5110 etiam
2981 5052 3082 5109 illo
3127 5053 3314 5110 modo
3342 5055 3597 5126 pertinet
3626 5055 3706 5111 ad
3735 5057 3966 5115 Filium.
4013 5062 4130 5118 Sed

745 5156 876 5206 rato
906 5167 918 5204 :
951 5171 977 5199 ‹‹
1005 5152 1173 5204 Pater
1205 5146 1326 5202 veri
1357 5145 1480 5201 Filii
1514 5147 1604 5201 est
1622 5147 1811 5214 Pater,
1843 5145 2048 5203 lumen
2081 5151 2238 5206 totus
2273 5149 2357 5205 Fi-
2462 5146 2541 5202 ad
2572 5147 2811 5202 Patrem
2842 5145 3115 5217 pertinet,
3160 5149 3223 5200 ut
3253 5145 3330 5200 ab
3358 5145 3489 5217 ipso
3510 5147 3898 5218 procedendo
3928 5150 4029 5207 det
4049 5151 4127 5208 vi-

739 5238 875 5307 lius,
905 5238 1098 5296 Patris
1129 5236 1412 5306 Verbum,
1438 5235 1645 5291 lumen
1683 5251 1756 5291 ex
1788 5234 2038 5302 lumine,
2072 5252 2197 5293 non
2236 5238 2351 5295 uti-
2458 5239 2582 5292 tam
2621 5234 2870 5304 mundo,
2912 5234 3066 5290 sicut
3090 5233 3238 5291 alias
3282 5235 3572 5307 scriptum
3618 5241 3727 5294 est.
3763 5237 3850 5296 Ita
3887 5255 4030 5312 ergo
4068 5247 4126 5301 et

737 5345 858 5402 que
887 5328 1045 5385 facta
1071 5327 1163 5384 vel
1205 5332 1405 5384 creata
1433 5323 1835 5398 applicatione
1877 5324 2006 5382 sola
2023 5345 2040 5398 ;
2072 5332 2127 5383 et
2168 5327 2348 5400 Spiri-
2455 5326 2534 5384 ad
2568 5325 2799 5382 Filium.

2527 5415 2644 5473 Sed
2680 5415 2836 5472 dicet
2866 5417 3102 5472 Graecus
3143 5431 3156 5470 :
3195 5437 3224 5464 ‹‹
3256 5416 3389 5471 Non
3445 5415 3529 5472 ita
3585 5416 3840 5488 pertinet
3869 5419 4120 5492 Spiritus

2449 5505 2528 5566 ad
2567 5505 2798 5579 Filium,
2834 5505 2990 5564 sicut
3030 5504 3111 5564 ad
3156 5508 3410 5576 Patrem,
3442 5506 3589 5580 quia
3620 5508 3793 5565 Pater
3830 5507 3997 5568 dedit
4032 5510 4119 5569 Fi-

2565 4160 2708 4212 ltem
2728 4173 2740 4210 :
2763 4156 2916 4212 Sicut
2932 4157 3115 4213 Pater
3132 4160 3383 4214 suscitat
3407 4165 3673 4217 mortuos
3692 4168 3746 4218 et
3774 4165 4152 4235 viviﬁcat,sic

749 4975 859 5039 est,
891 4968 1057 5043 quod
1079 4967 1368 5038 procedit.

735 5423 830 5476 tus
865 5423 1128 5486 sanctus,
1159 5417 1413 5490 Spiritus
1441 5415 1722 5484 veritatis,
1766 5414 1973 5472 lumen
2004 5416 2241 5475 tertium
2271 5433 2345 5476 ex

733 5508 910 5569 Patre
946 5514 1004 5567 et
1032 5508 1195 5567 Filio.
1225 5530 1254 5560 »

795 5746 841 5785 ³³
865 5743 1041 5809 Joan.
1073 5761 1190 5816 xiv,
1214 5748 1266 5806 6.
1342 5746 1392 5815 ἓν
1415 5743 1590 5809 Joau.
1620 5759 1716 5812 vu,
1749 5746 1838 5804 38.
1913 5744 1964 5824 3°
1993 5743 2167 5807 Eccli.
2195 5759 2356 5820 xxxv,
2387 5745 2479 5807 40.
2555 5750 2559 5788 ε

2213 5759 2356 5820 mv,
2387 5745 2479 5807 £0.
2555 5745 2602 5788 ³⁸
2623 5745 2794 5808 toan.
2823 5761 2878 5818 v,
2903 5746 2993 5804 26.
3069 5744 3117 5784 ³³
3139 5741 3292 5804 ibid.
3320 5745 3413 5806 2t.
3489 5744 3538 5788 ³³
3567 5744 3741 5808 Joan.
3771 5758 3854 5818 Vl,
3884 5748 3977 5815 δι.
