4468 6440
289 388 399 444 497

1671 376 1953 438 CONTRA
1991 375 2317 437 GRIECOS.

3610 378 3714 444 498

290 510 392 578 lio,
426 511 494 567 ut
515 508 705 584 possit
734 508 1007 578 mittere;
1042 508 1158 567 sibi
1202 507 1406 566 autem
1434 504 1698 570 retinuit,
1725 509 1791 571 ut
1817 520 1954 579 pro-
1981 507 2028 562 Α
2132 505 2342 560 Beatus
2373 500 2624 574 Cyrillus
2651 501 2728 559 de
2770 500 2986 560 eodem
3020 500 3261 575 Spiritu,
3309 499 3477 574 quod
3531 499 3714 574 Spiri-

291 599 562 655 cedatab
582 614 676 656 eo.
701 621 731 649 »
757 598 927 655 Absit
945 597 1024 655 ab
1047 597 1267 657 animis
1300 594 1571 652 ﬁdelium
1596 594 1712 650 hoc
1736 593 1950 651 delira-

293 692 589 754 mentum,
629 690 696 743 ut
744 686 995 758 Spiritus
1044 691 1288 742 sanctus
1345 688 1635 739 coasterus
1691 687 1750 739 et
1807 697 1950 738 con-

293 773 708 830 substantialis
766 774 924 830 Patri
951 778 1008 830 et
1043 774 1205 838 Filio,
1250 772 1418 828 aliter
1449 776 1504 828 et
1555 770 1725 826 aliter
1777 769 1952 826 detur

290 865 350 917 et
373 862 487 918 sit:
519 862 617 918 vel
643 863 815 937 quod
870 863 1101 936 aliquid
1131 862 1298 919 aliud
1350 861 1759 934 temporaliter
1785 875 1949 916 acce-

290 948 379 1020 pit
408 949 500 1004 vel
523 949 690 1006 aliud
711 951 1066 1008 aeternaIiter
1087 952 1348 1008 exsistat.
1379 950 1497 1005 Ista
1515 949 1675 1006 enim
1699 948 1950 1004 varietas

288 1051 414 1092 non
443 1039 607 1094 cadit
636 1039 698 1094 in
729 1042 938 1108 Deum,
981 1039 1089 1096 sed
1133 1041 1193 1095 in
1241 1043 1569 1095 creaturas.
1628 1041 1950 1109 Nunquam

288 1125 470 1182 etiam
506 1126 684 1182 Filius
714 1128 794 1184 ad
821 1144 1168 1185 mensuram
1199 1130 1429 1200 accepit
1459 1127 1759 1199 Spiritum,
1799 1126 1950 1180 sicut

286 1221 343 1269 et
371 1230 506 1283 nos,
537 1221 595 1271 et
649 1217 729 1271 uti
761 1223 850 1272 est
881 1219 1186 1288 scriptum.
1243 1217 1517 1286 Legimus
1571 1216 1770 1270 enim:
1811 1215 1944 1270 Non

285 1303 368 1358 ad
397 1319 740 1360 mensuram
783 1306 889 1361 dat
923 1307 1074 1361 Deus
1104 1307 1401 1373 Spiritum
1428 1306 1471 1338 ²⁴
1501 1323 1516 1373 ;
1548 1303 1785 1374 supple,
1809 1301 1948 1358 Filio

285 1406 419 1448 suo.
455 1393 513 1448 Si
538 1409 745 1450 verum
776 1399 883 1460 est,
911 1393 1077 1466 quod
1109 1395 1281 1450 Pater
1316 1395 1396 1449 ita
1426 1391 1592 1448 dedit
1620 1391 1760 1447 Filio
1817 1391 1946 1462 Spi-

279 1479 556 1546 ritum,ut
575 1481 841 1554 aliquam
865 1483 1124 1552 gratiam
1146 1481 1578 1537 dominationis
1602 1480 1663 1535 in
1690 1495 1752 1535 se
1771 1479 1948 1536 Filius

281 1570 502 1641 (Pater)
588 1571 946 1637 retinuisset,
1000 1576 1137 1625 tunc
1194 1585 1403 1625 revera
1471 1568 1738 1624 dedisset
1792 1568 1940 1623 Filio

285 1658 571 1728 Spiritum
601 1658 678 1714 ad
701 1674 1073 1726 mensuram,
1102 1659 1184 1714 ita
1203 1663 1265 1714 ut
1293 1673 1404 1713 nos
1425 1673 1752 1730 possemus
1780 1656 1946 1712 illam

278 1747 676 1803 donationem
706 1763 1057 1806 mensurare
1082 1747 1384 1804 dicentes:
1417 1749 1536 1802 Hoc
1566 1747 1814 1818 quidem
1843 1745 1943 1800 de-

2060 595 2154 648 tus
2181 594 2427 648 sanctus
2449 592 2523 647 sit
2542 606 2614 646 ex
2636 591 2800 656 Filio,
2829 597 2885 646 et
2912 590 3078 665 quod
3101 591 3230 662 ipse
3263 589 3443 644 Filius
3463 588 3714 646 dederat

2058 685 2199 736 tunc
2228 680 2512 753 Spiritum
2544 686 2819 735 sanctum
2851 678 3137 752 apostolis
3167 694 3305 734 cum
3357 677 3710 746 insufﬂavit,

2058 773 2116 825 et
2133 769 2311 824 dixit:
2338 769 2604 837 Accipite
2617 769 2904 838 Spiritum
2922 775 3220 837 sanctum,
3244 782 3422 838 super
3437 767 3710 822 Genesim

2058 858 2141 914 sic
2172 863 2420 913 testatur
2445 875 2457 913 :
2489 879 2515 906 ‹‹
2543 858 2703 914 Sicut
2724 856 2936 912 beatus
2965 860 3193 929 Moyses
3223 855 3485 911 ostendit
3511 855 3710 910 homi—

2057 962 2196 1003 nem
2214 962 2250 1003 a
2277 949 2395 1002 Deo
2412 946 2713 1018 accepisse
2735 945 3099 1020 spiraculum
3126 946 3280 1011 vitae,
3311 945 3424 1001 hoc
3447 944 3710 1001 Christus

2057 1037 2356 1092 innovans
2380 1035 2439 1091 in
2469 1034 2645 1091 nobis
2668 1040 2804 1108 post
2823 1035 3360 1091 resurrectionnem
3383 1050 3417 1089 a
3435 1033 3705 1099 mortuis,

2056 1123 2383 1180 insufflavit
2402 1124 2706 1196 discipulis
2724 1123 2960 1180 dicens:
2980 1125 3026 1179 A
3039 1126 3249 1192 ccipite
3259 1123 3554 1192 Spiritum
3569 1138 3708 1177 san-

2056 1221 2237 1279 ctum,
2272 1219 2333 1268 ut
2364 1214 2577 1268 iterum
2595 1213 2901 1268 reformati
2923 1213 2998 1268 ad
3019 1214 3332 1286 pristinam
3357 1211 3706 1281 imaginem,

2057 1302 2396 1358 conformes
2427 1317 2834 1374 nppareamus
2865 1302 3124 1358 Creatori
3174 1315 3279 1373 per
3308 1299 3709 1372 participatio-

2056 1405 2195 1446 nem
2225 1391 2495 1462 Spiritus.
2525 1411 2545 1438 ι

2127 1479 2378 1544 Quando
2427 1494 2570 1548 ergo
2600 1478 2850 1551 Spiritus
2883 1481 3127 1534 sanctus
3175 1478 3233 1532 in
3265 1476 3441 1534 nobis
3490 1476 3705 1543 factus,

2055 1567 2395 1623 conformes
2427 1582 2537 1622 nos
2572 1568 2668 1622 Dei
2699 1567 2976 1633 ostendit,
3007 1567 3276 1638 procedit
3305 1571 3506 1620 autem
3539 1582 3575 1620 a
3606 1581 3706 1637 pa-

2054 1660 2139 1710 tre
2171 1661 2227 1710 et
2278 1655 2441 1724 Filio,
2475 1655 2879 1725 manifestum,
2915 1657 3058 1728 quia
3087 1655 3162 1709 de
3194 1654 3408 1708 eadem
3451 1655 3709 1709 essentia

2055 1749 2146 1799 est
2167 1744 2555 1799 essentialiter
2573 1744 2634 1799 in
2657 1744 2807 1816 ipsa,
2841 1750 2897 1800 et
2922 1761 2990 1799 ex
3010 1743 3138 1814 ipsa
3159 1743 3514 1815 procedens,
3545 1742 3710 1798 velut

278 1835 368 1891 dit
389 1838 559 1892 Pater
579 1837 742 1905 Filio,
764 1837 878 1893 hoc
897 1843 1097 1892 autem
1120 1852 1242 1892 non
1267 1836 1466 1902 dedit;
1491 1837 1574 1891 sic
1590 1835 1772 1902 dedit,
1797 1835 1946 1891 etsic
1983 1851 2022 1905 Β
2054 1846 2126 1888 ex
2150 1832 2422 1888 humano
2452 1848 2553 1888 ore
2594 1833 2854 1888 excurrit
2897 1831 3258 1887 insufﬂatio:
3295 1831 3402 1886 etsi
3448 1847 3706 1903 parvum

276 1939 404 1980 non
429 1924 614 1980 dedit.
639 1928 845 1982 Nonne
871 1927 1110 1982 Graecus
1135 1930 1447 1981 mensurat
1470 1924 1608 1980 Filio
1633 1924 1940 1995 Spiritum,

273 2014 529 2086 quando
564 2013 708 2070 dicit
737 2031 751 2070 :
787 2013 963 2070 Filius
993 2015 1077 2070 sic
1098 2013 1282 2070 habet
1313 2013 1597 2086 Spiritum
1627 2017 1691 2069 ut
1721 2013 1943 2076 mittat.

278 2106 336 2158 et
365 2101 556 2160 donet
592 2101 804 2170 illum;
837 2102 945 2160 sed
974 2118 1099 2159 non
1129 2104 1213 2159 sic
1234 2102 1437 2171 habet,
1461 2107 1525 2159 ut
1548 2103 1837 2176 procedat
1867 2101 1947 2158 ab

275 2206 413 2264 ipso
425 2235 437 2247 .

349 2283 494 2337 Item
552 2281 730 2338 Filius
760 2281 836 2338 de
890 2282 1108 2355 Spiritu
1143 2286 1354 2339 sancto
1410 2281 1528 2338 ait:
1559 2282 1715 2337 Novi
1739 2281 1812 2337 de
1837 2295 1934 2347 _me

275 2371 560 2428 virtutem
582 2373 772 2429 exisse
796 2374 867 2430 ’⁵.
893 2374 959 2428 Et
978 2371 1368 2441 Evangelium
1391 2371 1660 2427 similiter
1687 2389 1700 2426 :
1744 2371 1944 2426 Virtus

274 2460 348 2514 de
379 2461 489 2516 illo
515 2461 716 2518 exibat
733 2466 788 2518 et
819 2461 1077 2518 sanabat
1100 2463 1352 2518 omnes"
1385 2505 1395 2516 .
1431 2462 1573 2527 Quae
1597 2464 1800 2516 autem
1822 2463 1950 2515 erat

271 2547 376 2605 illa
404 2549 611 2616 virtus,
661 2565 801 2624 quas
834 2549 1094 2607 sanabat
1144 2564 1355 2606 omnes
1383 2551 1412 2606 ‘?
1451 2553 1529 2606 De
1575 2564 1699 2621 qua
1727 2549 1943 2604 virtute

272 2637 492 2694 iterum
523 2639 816 2712 scriptum
841 2643 930 2695 est
961 2657 973 2694 :
1019 2640 1127 2694 Vos
1156 2645 1356 2696 autem
1382 2639 1574 2696 sedete
1598 2642 1661 2694 in
1691 2641 1935 2694 civitate

270 2728 634 2799 Jerusalem,
660 2744 966 2800 quousque
986 2730 1329 2786 induamini
1348 2731 1568 2785 virtute
1587 2744 1662 2784 ex
1681 2729 1830 2784 alto.
1863 2729 1930 2781 ³⁷.

271 2817 384 2882 Qui
411 2832 555 2887 ergo
596 2823 778 2887 negat
807 2819 1094 2889 Spiritum
1126 2833 1162 2874 a
1194 2817 1334 2873 Filio
1364 2816 1709 2889 procedere,
1761 2821 1945 2888 negat

269 2907 498 2978 pariter
517 2907 703 2963 verba
734 2922 848 2962 sua
875 2907 954 2963 ab
975 2906 1106 2980 ipso
1127 2922 1278 2962 esse.
1301 2906 1732 2962 Verumtamen
1759 2921 1944 2961 evan-

271 2995 526 3066 gelista:
552 2997 946 3053 Mirabantur
970 3012 1168 3052 omnes
1202 3013 1264 3051 in
1287 2996 1482 3052 verbis
1510 2997 1749 3067 gratior,
1807 3011 1942 3068 qua?

259 3084 674 3155 procedebant
723 3100 825 3142 ore
857 3087 986 3154 ejus
1014 3085 1088 3139 ³⁸.

272 3174 430 3240 Quid
510 3174 738 3246 plura?
789 3177 928 3247 Ipsa
992 3188 1260 3246 namque
1339 3173 1582 3241 Veritas,
1671 3173 2014 3256 SalvatorC

269 3270 498 3333 noster,
521 3264 734 3320 volens
764 3279 1012 3320 omnem
1038 3264 1497 3334 ambiguitatem
1518 3265 1694 3320 istam
1721 3263 1795 3319 de
1819 3280 1943 3319 me-

269 3353 372 3408 dio
393 3368 726 3417 removere,
753 3359 892 3426 post
917 3353 1173 3424 gloriam
1195 3353 1648 3408 resurrectionis
1673 3369 1794 3408 suas
1809 3353 1940 3424 jam

267 3442 631 3499 immortalis
652 3442 844 3498 factus
863 3449 920 3498 et
934 3442 1344 3514 impassibilis,
1363 3443 1646 3515 Spiritum
1662 3449 1942 3499 sanctum

269 3549 343 3588 ex
373 3547 436 3588 se
485 3531 913 3604 procedentem
944 3531 1230 3599 ostendit,
1280 3547 1420 3588 cum
1450 3531 1756 3603 inspirans
1798 3532 1942 3587 dici-

269 3621 428 3694 pulis
459 3622 542 3678 ait
567 3637 580 3676 :
616 3621 891 3691 Accipite
910 3622 1209 3690 Spiritum
1237 3628 1513 3677 sanctum
1537 3623 1724 3687 ",etc.
1751 3623 1940 3687 Quam

267 3711 691 3766 auctoritatem
723 3710 940 3766 beatus
974 3710 1336 3766 Athanasius
1371 3725 1683 3782 exponens
1718 3711 1777 3766 in
1814 3727 1940 3766 ser-

260 3816 444 3856 mone
499 3799 576 3855 de
625 3815 717 3865 ea,
751 3815 890 3871 quas
922 3799 982 3854 in
1041 3814 1245 3865 carne,
1280 3797 1733 3870 dispensatione
1768 3791 1939 3855 Verbi

259 3886 386 3951 Dei,
417 3891 474 3941 et
506 3887 582 3942 de
609 3887 889 3943 'l‘rinitate
917 3893 1130 3944 contra
1161 3887 1436 3953 Arianos,
1476 3889 1656 3957 cujus
1704 3888 1940 3944 initium

260 3981 350 4032 est
379 3992 393 4030 :
428 3976 542 4043 Qui
569 3977 882 4048 malitiose,
914 3981 1050 4042 etc.,
1076 3976 1160 4032 sic
1187 3975 1330 4032 dicit
1363 3994 1376 4033 :
1403 3979 1682 4050 (PrOpter
1714 3978 1829 4034 hoc
1854 3978 1942 4034 in'

256 4063 461 4122 sufﬂat
479 4065 544 4122 in
563 4066 781 4123 faciem
801 4066 1221 4140 apostolorum
1244 4067 1450 4122 dicens
1472 4086 1483 4123 :
1508 4068 1786 4138 Accipite
1808 4065 1941 4139 Sps”

255 4156 446 4212 ritum
499 4161 802 4222 sanctum,
829 4160 896 4211 ut
949 4155 1280 4224 discamus,
1323 4156 1492 4229 quod
1550 4156 1625 4212 de
1683 4156 1939 4230 plenitu'

251 4242 399 4299 dine
429 4243 760 4301 Divinitatis
809 4249 922 4310 est,
968 4259 1093 4318 qua
1126 4243 1311 4300 datur
1362 4244 1616 4317 Spiritus
1675 4252 1926 4302 sanctus

255 4330 540 4404 dicipulis
569 4349 582 4388 :
606 4333 674 4388 In
693 4333 938 4390 Christo
959 4332 1374 4406 enim,inquit,
1399 4333 1515 4390 hoc
1536 4338 1643 4406 est,
1672 4335 1732 4391 in
1755 4351 1937 4392 carne

254 4421 410 4492 ejus,
448 4421 686 4480 habitat
711 4425 905 4479 omnis
931 4423 1250 4491 plenitudo
1278 4424 1637 4480 Divinitatis
1667 4425 1736 4478 ³ο.
1773 4418 1939 4482 Sicut

254 4512 520 4568 Joannes
544 4511 815 4585 Baptista
844 4511 1005 4568 dicit:
1034 4512 1158 4568 Nos
1185 4518 1384 4569 autem
1414 4529 1612 4570 omnes
1634 4513 1706 4571 de
1733 4515 1932 4584 pleni-

255 4599 468 4657 tudine
482 4603 610 4671 ejus
627 4603 964 4671 accepimus
983 4602 1027 4637 ³⁸
1051 4639 1066 4664 ,
1091 4623 1111 4650 ι
1137 4605 1248 4657 etc.
1272 4601 1774 4675 Corporalietiam
1793 4620 1930 4678 spe-

255 4688 347 4744 cie
387 4689 553 4745 visus
579 4694 670 4747 est
707 4690 962 4764 Spiritus
1011 4695 1255 4746 sanctus
1287 4691 1441 4746 sicut
1485 4690 1771 4750 columba
1827 4693 1930 4750 de-

256 4777 532 4848 scedens,
569 4783 626 4836 et
675 4795 930 4836 manens
969 4795 1152 4853 super
1181 4795 1344 4836 eum.
1396 4784 1459 4836 In
1515 4781 1693 4837 nobis
1726 4787 1928 4840 autem

253 4867 480 4940 pignus
503 4873 561 4924 et
611 4868 888 4941 primitiae
923 4869 1255 4926 Divinitatis
1275 4869 1571 4939 habitant,
1603 4871 1665 4927 in
1697 4871 1798 4928 illo
1825 4889 1929 4930 au-

253 4963 380 5015 tem
407 4956 724 5031 plenitudo
745 4959 1100 5029 Divinitatis,
1118 4975 1194 5016 ne
1220 4959 1359 5033 quis
1386 4964 1576 5032 putet,
1606 4962 1772 5035 quod
1803 4979 1927 5020 non

248 5045 492 5104 habens
521 5047 829 5120 Spiritum,
861 5049 1065 5123 ipsum
1095 5053 1239 5106 tunc
1289 5050 1541 5123 accepit.
1578 5055 1708 5124 Ipse
1763 5055 1926 5109 enim

251 5137 458 5209 ipsum
489 5136 814 5194 desursum
844 5139 1119 5195 mittebat
1152 5142 1218 5196 ut
1273 5140 1450 5209 Deus,
1481 5145 1539 5196 et
1566 5140 1694 5213 ipse
1723 5141 1926 5215 ipsum

250 5226 545 5283 deorsum
583 5227 913 5300 recipiebat
970 5232 1036 5285 ut
1090 5229 1298 5284 homo.
1358 5231 1439 5285 Ex
1497 5229 1634 5302 ipso
1667 5246 1810 5304 ergo
1862 5234 1925 5290 in

249 5316 457 5386 ipsum
487 5314 919 5385 descendebat,
947 5333 1020 5374 ex
1050 5317 1359 5374 divinitate
1387 5318 1521 5389 ejus
1555 5319 1615 5376 in
1646 5319 1924 5380 humani-

250 5409 461 5463 tatem.
487 5427 515 5455 »
548 5408 614 5463 Et
640 5406 758 5463 hoc
786 5407 1039 5480 quidem
1066 5407 1459 5464 Athanasius.

321 5532 372 5605 ’ξ
409 5532 580 5605 toan.
613 5547 691 5598 III,
721 5534 810 5589 3i.
839 5603 846 5605 Α
914 5534 962 5568 ²⁶
992 5534 1108 5590 Luc
1140 5549 1262 5605 vui,
1297 5536 1386 5590 46.

250 5603 300 5678 ῗεξ
333 5601 559 5678 Qoloss.
591 5618 651 5675 II,
685 5609 740 5661 9.
823 5603 877 5678 κει
909 5606 1086 5662 Joan.
1117 5621 1156 5676 ι,
1187 5601 1276 5665 16.
1379 5606 1429 5643 ³³
1459 5607 1658 5667 Matth.
1693 5625 1752 5678 x,
1793 5601 1884 5667 20.

251 5675 299 5711 ⁸⁸
333 5677 505 5734 Rom.
534 5690 652 5749 vui,
687 5679 741 5734 9.
817 5677 862 5712 ⁸⁷
893 5678 1070 5736 Joan.
1107 5675 1186 5752 vi,
1221 5681 1310 5736 64.

1491 5535 1538 5571 ³⁸
1573 5535 1709 5593 Luc.
1740 5553 1822 5605 τι,
1858 5539 1948 5598 19.
2046 5541 2088 5574 ³⁷
2127 5540 2262 5595 Luc:
2296 5554 2426 5594 xxxv

1491 5607 1658 5667 latth.
1693 5625 1752 5670 x.
1793 5613 1884 5667 20.
1990 5610 2038 5648 ³³
2066 5613 2238 5670 Joan.
2272 5628 2326 5670 ιι.
2358 5616 2426 5670 30

2055 1925 2112 1976 et
2139 1936 2262 1977 non
2292 1921 2546 1991 dignum
2579 1921 2655 1977 sit
2686 1921 3053 1995 exemplum.
3089 1921 3304 1978 Omnia
3337 1920 3497 1976 enim
3533 1935 3708 1993 supe-

2053 2010 2208 2067 rabit
2239 2013 2412 2067 Deus.

2127 2102 2269 2155 Item
2346 2100 2695 2156 Anastasius
2767 2099 3109 2174 patriarcha
3155 2099 3584 2167 Antiochenus,
3647 2099 3710 2155 in

2056 2204 2335 2245 sermone
2370 2191 2446 2245 de
2475 2196 2638 2247 recta
2666 2192 2908 2246 veritate
2937 2189 3314 2260 dogmatum,
3367 2190 3468 2261 qui
3495 2189 3581 2244 sic
3625 2189 3711 2244 in-

2055 2279 2197 2351 cipit
2226 2296 2239 2334 :
2297 2280 2587 2336 Dominus
2615 2281 2771 2336 Deus
2801 2295 2963 2335 meus
2976 2280 3276 2350 fortitudo
3299 2294 3448 2349 mea,
3473 2282 3608 2348 etc.,
3635 2280 3710 2333 de

2054 2369 2272 2441 Spiritu
2307 2374 2518 2425 sancto
2554 2369 2640 2426 sic
2693 2374 2975 2426 testatur:
3045 2392 3065 2418 ι
3126 2369 3354 2425 Etenim
3412 2369 3706 2423 Dominus

2057 2456 2260 2529 ipsum
2313 2458 2594 2530 Spiritum
2645 2473 2717 2514 ex
2777 2475 2841 2512 se
2896 2457 3225 2514 ostendens
3293 2456 3569 2516 existere.
3626 2457 3713 2512 in-

2056 2545 2312 2602 sufflans
2346 2547 2549 2603 aiebat
2584 2564 2596 2602 :
2624 2548 2896 2617 Accipite
2914 2548 3209 2616 Spiritum
3236 2553 3534 2602 sanctum.
3570 2564 3600 2598 ›

2127 2637 2375 2704 Ecce,ut
2403 2637 2905 2705 diximus,omnia
2935 2653 3069 2709 quae
3100 2636 3444 2693 necessaria
3475 2636 3714 2691 suntad

2055 2724 2330 2792 salutem,
2364 2731 2465 2782 aut
2509 2726 2802 2799 explicite,
2853 2732 2955 2782 aut
2986 2727 3268 2799 implicite
3313 2727 3532 2799 scripta
3575 2732 3715 2780 sunt

2051 2813 2114 2870 in
2148 2816 2468 2886 Evangelio
2499 2835 2510 2871 :
2545 2816 2710 2888 quod
2763 2833 2834 2872 ex
2882 2817 3075 2882 dictis,
3112 2822 3167 2872 et
3209 2817 3547 2872 subsecutis
3581 2831 3715 2871 san-

2054 2909 2288 2960 ctorum
2337 2906 2691 2961 testimoniis
2752 2906 3169 2979 probavimus,
3224 2911 3282 2963 et
3325 2907 3385 2962 in
3440 2905 3713 2979 sequenti

2054 2993 2316 3066 capitulo
2348 2994 2722 3051 manifestius
2754 2996 3089 3069 apparebit.

2616 3139 2716 3194 Ad
2749 3145 3036 3211 quartum
3063 3140 3283 3195 solutio

2123 3261 2211 3318 Ad
2232 3265 2516 3334 quartum
2536 3262 2860 3334 objectum,
2881 3281 3004 3337 quo
3027 3264 3241 3320 dicitur
3260 3282 3271 3320 :
3294 3287 3320 3314 ‹‹
3341 3269 3385 3321 Α
3401 3267 3568 3321 Patre
3589 3268 3715 3322 tan-

2053 3353 2178 3407 tum
2208 3352 2354 3408 dixit
2376 3351 2552 3408 Filius
2583 3353 2906 3424 procedere
2942 3355 3247 3426 Spiritum,
3286 3359 3343 3411 et
3370 3371 3492 3411 non
3541 3355 3711 3411 addi-

2052 3439 2157 3503 dit,
2184 3455 2220 3496 a
2249 3439 2413 3507 Filio,
2452 3463 2472 3490 ι
2508 3441 2768 3497 dicimus
2791 3442 2959 3514 quod
2989 3458 3108 3498 non
3134 3450 3222 3499 est
3251 3459 3516 3510 necesse,
3541 3443 3710 3516 quod

2051 3529 2399 3601 ubicunque
2457 3530 2785 3585 subticetur
2840 3546 2962 3586 una
3023 3547 3303 3604 persona,
3363 3531 3714 3587 excludatur

2050 3617 2206 3689 ipsa,
2238 3623 2310 3677 et.
2326 3634 2446 3673 non
2477 3618 2840 3688 intelligatur
2876 3637 2888 3685 ;
2922 3620 3088 3692 quod
3119 3621 3232 3676 isto
3257 3619 3440 3676 modo
3468 3621 3527 3676 in
3562 3621 3712 3676 mul-

2050 3711 2141 3762 tos
2173 3723 2401 3762 errores
2433 3709 2860 3779 praecipitasset
2914 3725 3024 3764 nos
3050 3709 3183 3781 ipsa
3234 3711 3479 3774 Veritas,
3532 3710 3710 3765 Filius

2053 3796 2174 3852 Dei.
2203 3798 2368 3853 Verbi
2393 3799 2604 3868 gratia,
2632 3800 2692 3853 in
2722 3799 3047 3868 Evangelio
3081 3800 3382 3873 Scriptum
3409 3799 3705 3869 legimus:

2049 3887 2187 3942 Non
2212 3890 2367 3943 enim
2387 3904 2487 3945 vos
2499 3895 2634 3944 estis
2647 3891 2752 3960 qui
2765 3891 3096 3959 loquimini,
3117 3891 3220 3946 sed
3233 3891 3490 3960 Spiritus
3507 3892 3710 3946 Patris

2051 3979 2236 4034 vestri
2259 3993 2361 4049 qui
2388 3979 2660 4049 loquitur
2680 3981 2741 4033 in
2765 3980 2926 4034 vobis
2952 3980 2997 4014 ³³
3025 4021 3037 4034 .
3074 3980 3219 4038 Item
3250 3998 3261 4035 :
3296 3980 3422 4050 Ego
3449 3986 3503 4036 et
3531 3981 3711 4037 Pater

2050 4081 2236 4122 unum
2264 4083 2467 4124 sumus
2489 4067 2559 4136 ³³,
2584 4067 2733 4123 dixit
2757 4068 2951 4135 Filius,
2983 4072 3041 4125 et
3059 4069 3288 4125 nullam
3315 4070 3710 4125 mentionem-

2050 4155 2185 4212 fecit
2230 4156 2305 4212 de
2356 4156 2574 4228 Spiritu
2606 4163 2839 4214 sancto.
2871 4160 2937 4213 Et
2968 4158 3181 4214 iterum
3217 4175 3229 4213 :
3267 4160 3353 4215 De
3385 4160 3480 4216 die
3508 4163 3706 4216 autem

2049 4251 2103 4302 et
2133 4247 2284 4302 hora
2317 4248 2432 4303 illa
2463 4262 2632 4303 nemo
2657 4249 2768 4303 scit
2796 4249 2916 4303 nisi
2943 4251 3116 4304 Pater
3143 4249 3190 4283 3‘
3221 4289 3233 4302 .
3265 4253 3409 4304 Item
3439 4251 3661 4304 Paulus
3688 4268 3701 4302 :

2046 4336 2212 4391 Misit
2237 4337 2398 4392 Deus
2422 4337 2716 4406 Spiritum
2745 4337 2894 4392 Filii
2914 4339 3011 4392 sui
3031 4339 3079 4373 ³⁵
3111 4380 3125 4405 ,
3157 4353 3280 4394 non
3309 4337 3470 4405 dicit,
3501 4355 3700 4394 suum.

2048 4427 2115 4480 Et
2143 4425 2358 4482 iterum
2385 4443 2397 4481 :
2434 4426 2500 4482 Si
2524 4426 2660 4498 quis
2679 4426 2970 4496 Spiritum
2997 4427 3361 4484 Christinon
3385 4427 3582 4498 habet,
3610 4429 3705 4484 hic

2045 4530 2164 4569 non
2178 4521 2261 4570 est
2278 4517 2406 4585 ejus
2418 4516 2494 4569 ³⁶.
2523 4518 2662 4571 Item
2683 4515 2864 4570 Filius
2880 4515 2940 4570 in
2958 4515 3295 4586 Evangilio:
3319 4517 3576 4588 Spiritus
3594 4523 3698 4574 est.

2042 4605 2149 4676 qui
2167 4605 2432 4673 viviﬁcat
2447 4605 2490 4639 ³⁷
2504 4647 2516 4659 .
2534 4604 2590 4661 Si
2609 4604 2789 4675 igitur
2810 4603 2909 4660 illa
2932 4604 3062 4661 sola
3081 4620 3343 4678 persona
3359 4605 3703 4676 intelligitur

2039 4694 2101 4750 in
2122 4693 2217 4749 his
2240 4693 2809 4762 auctoritatibus,de
2828 4709 2951 4766 qua
2964 4693 3030 4750 fit
3047 4695 3292 4760 mentio,
3313 4698 3370 4750 et
3403 4711 3526 4752 non
3549 4695 3697 4752 alia:

2039 4799 2182 4854 ergo
2231 4783 2505 4856 Spiritus,
2536 4784 2723 4839 Patris
2754 4787 2991 4839 tantum
3022 4788 3111 4840 est
3165 4785 3440 4856 Spiritus,
3471 4789 3528 4840 et
3575 4801 3700 4841 non

2039 4874 2185 4944 Filii,
2218 4875 2365 4948 quia
2393 4874 2468 4930 de
2497 4874 2645 4931 Filio
2685 4889 2810 4931 non
2840 4874 2907 4929 fit
2935 4875 3183 4942 mentio,
3215 4875 3330 4931 nisi
3382 4877 3457 4933 de
3507 4880 3697 4935 Patre.

2037 4966 2184 5021 Item
2216 4964 2380 5020 solus
2412 4964 2664 5038 Spiritus
2689 4964 2974 5037 loquitur,
3010 4967 3068 5020 et
3099 4979 3223 5020 non
3251 4969 3437 5037 pater,
3471 4966 3567 5023 vel
3608 4967 3699 5023 Fi-

2033 5055 2169 5112 lius.
2195 5055 2340 5112 Item
2363 5055 2447 5112 sic
2463 5058 2632 5112 Pater
2651 5055 2817 5111 novit
2837 5070 2973 5128 quae
2992 5059 3247 5111 ventura
3273 5061 3414 5113 sunt
3442 5058 3699 5114 novissi-

2035 5145 2151 5200 mis
2180 5143 2420 5212 diebus,
2468 5147 2525 5201 et
2551 5160 2672 5201 non
2704 5144 3009 5218 Sapientia
3051 5144 3201 5216 ejus,
3233 5143 3296 5200 id
3328 5149 3435 5212 est,
3495 5145 3700 5216 Filius,

2033 5234 2129 5291 vel
2156 5234 2407 5307 Spiritus
2434 5237 2706 5291 sanctus.

2106 5324 2252 5380 Item
2281 5342 2293 5380 :
2331 5323 2474 5391 Quis
2501 5324 2720 5380 estiste
2747 5323 2996 5396 Spiritus
3027 5323 3176 5391 Filii,
3208 5341 3394 5398 quem
3425 5325 3700 5383 immittit

2035 5415 2210 5472 Pater
2228 5415 2292 5471 in
2315 5413 2503 5471 corda
2523 5414 2897 5471 credentium
2917 5415 2944 5470 ?
2965 5415 3268 5488 numquid
3290 5415 3445 5472 alius
3469 5416 3580 5473 erit
3613 5417 3693 5473 ab

2046 5541 2088 5574 ³⁷
2127 5540 2262 5595 Luc:
2296 5554 2452 5605 xxxv,
2485 5541 2586 5613 49.
2651 5539 2699 5574 ³⁸
2733 5539 2976 5613 L_uc.1v,
3007 5543 3096 5596 22.
3174 5542 3221 5576 ²⁹
3252 5541 3425 5613 Joan.
3465 5557 3564 5613 xx,
3597 5542 3693 5596 21.

2546 5611 2595 5646 “
2625 5611 2825 5670 Matth.
2858 5627 3020 5683 xxxv,
3051 5615 3143 5670 36.
3233 5613 3280 5648 ³⁵
3313 5611 3499 5671 Galat.
3536 5611 3607 5678 iv,
3642 5619 3698 5670 6.
