  <div class='ocr_page' id='page_1' title='image "/cluster/home/n/w/nwhite01/storage/ocr_20150623/140/nnc1.0046979905/261.png"; bbox 0 0 4468 6440; ppageno 0'>
   <div class='ocr_carea' id='block_1_1' title="bbox 814 394 917 451">
    <p class='ocr_par' dir='ltr' id='par_1_1' title="bbox 814 394 917 451">
     <span class='ocr_line' id='line_1_1' title="bbox 814 394 917 451; baseline 0 -1"><span class='ocrx_word' id='word_1_1' title='bbox 814 394 917 451; x_wconf 69' lang='grc'><em>499</em></span> 
     </span>
    </p>
   </div>
   <div class='ocr_carea' id='block_1_2' title="bbox 1985 384 2940 447">
    <p class='ocr_par' dir='ltr' id='par_1_2' title="bbox 1985 384 2940 447">
     <span class='ocr_line' id='line_1_2' title="bbox 1985 384 2940 447; baseline -0.006 -1"><span class='ocrx_word' id='word_1_2' title='bbox 1985 389 2462 447; x_wconf 80' lang='lat' dir='ltr'><em>PANTALEONIS</em></span> <span class='ocrx_word' id='word_1_3' title='bbox 2502 386 2792 446; x_wconf 78' lang='lat' dir='ltr'><em>DIACONI</em></span> <span class='ocrx_word' id='word_1_4' title='bbox 2829 384 2940 444; x_wconf 77' lang='grc' dir='ltr'><em>ΟΡ.</em></span> 
     </span>
    </p>
   </div>
   <div class='ocr_carea' id='block_1_3' title="bbox 4125 384 4232 441">
    <p class='ocr_par' dir='ltr' id='par_1_3' title="bbox 4125 384 4232 441">
     <span class='ocr_line' id='line_1_3' title="bbox 4125 384 4232 441; baseline 0 0"><span class='ocrx_word' id='word_1_5' title='bbox 4125 384 4232 441; x_wconf 65' lang='grc'>800</span> 
     </span>
    </p>
   </div>
   <div class='ocr_carea' id='block_1_4' title="bbox 814 507 4234 590">
    <p class='ocr_par' dir='ltr' id='par_1_4' title="bbox 814 507 4234 590">
     <span class='ocr_line' id='line_1_4' title="bbox 814 507 4234 590; baseline -0.003 -17"><span class='ocrx_word' id='word_1_6' title='bbox 814 518 971 590; x_wconf 91' lang='lat' dir='ltr'><em>ipso,</em></span> <span class='ocrx_word' id='word_1_7' title='bbox 995 516 1068 572; x_wconf 93' lang='lat' dir='ltr'><em>de</em></span> <span class='ocrx_word' id='word_1_8' title='bbox 1103 531 1225 589; x_wconf 90' lang='lat' dir='ltr'><em>quo</em></span> <span class='ocrx_word' id='word_1_9' title='bbox 1249 515 1537 587; x_wconf 90' lang='lat' dir='ltr'><em>scriptum</em></span> <span class='ocrx_word' id='word_1_10' title='bbox 1561 519 1682 571; x_wconf 89' lang='lat' dir='ltr'><em>est:</em></span> <span class='ocrx_word' id='word_1_11' title='bbox 1709 515 1966 585; x_wconf 74' lang='lat' dir='ltr'><em>Spiritus</em></span> <span class='ocrx_word' id='word_1_12' title='bbox 1987 516 2279 580; x_wconf 82' lang='lat' dir='ltr'><em>veritatis,</em></span> <span class='ocrx_word' id='word_1_13' title='bbox 2305 516 2466 586; x_wconf 94' lang='lat' dir='ltr'><em>quia</em></span> <span class='ocrx_word' id='word_1_14' title='bbox 2500 515 2545 568; x_wconf 83' lang='lat' dir='ltr'><strong>A</strong></span> <span class='ocrx_word' id='word_1_15' title='bbox 2574 512 2740 585; x_wconf 91' lang='lat' dir='ltr'><em>quod</em></span> <span class='ocrx_word' id='word_1_16' title='bbox 2771 525 2893 568; x_wconf 92' lang='lat' dir='ltr'><em>non</em></span> <span class='ocrx_word' id='word_1_17' title='bbox 2925 507 3158 566; x_wconf 79' lang='lat' dir='ltr'><em>alienus</em></span> <span class='ocrx_word' id='word_1_18' title='bbox 3215 511 3304 564; x_wconf 88' lang='lat' dir='ltr'><em>est</em></span> <span class='ocrx_word' id='word_1_19' title='bbox 3354 507 3434 565; x_wconf 82' lang='lat' dir='ltr'><em>ab</em></span> <span class='ocrx_word' id='word_1_20' title='bbox 3488 507 3748 565; x_wconf 78' lang='lat' dir='ltr'><em>essentia</em></span> <span class='ocrx_word' id='word_1_21' title='bbox 3809 507 3933 566; x_wconf 75' lang='lat' dir='ltr'><em>Filii</em></span> <span class='ocrx_word' id='word_1_22' title='bbox 3981 509 4234 582; x_wconf 78' lang='lat' dir='ltr'><em>Spiritus</em></span> 
     </span>
    </p>
   </div>
   <div class='ocr_carea' id='block_1_5' title="bbox 811 604 2466 676">
    <p class='ocr_par' dir='ltr' id='par_1_5' title="bbox 811 604 2466 676">
     <span class='ocr_line' id='line_1_5' title="bbox 811 604 2466 676; baseline -0.003 -13"><span class='ocrx_word' id='word_1_23' title='bbox 811 608 1000 663; x_wconf 80' lang='lat' dir='ltr'><em>Patre</em></span> <span class='ocrx_word' id='word_1_24' title='bbox 1043 606 1315 675; x_wconf 82' lang='lat' dir='ltr'><em>procedit</em></span> <span class='ocrx_word' id='word_1_25' title='bbox 1355 605 1401 639; x_wconf 79' lang='grc'><em>⁸⁸</em></span> <span class='ocrx_word' id='word_1_26' title='bbox 1427 606 1454 660; x_wconf 89' lang='lat'><strong><em>?</em></strong></span> <span class='ocrx_word' id='word_1_27' title='bbox 1485 607 1626 660; x_wconf 85' lang='lat' dir='ltr'><em>Item</em></span> <span class='ocrx_word' id='word_1_28' title='bbox 1658 605 1732 659; x_wconf 93' lang='lat' dir='ltr'><em>de</em></span> <span class='ocrx_word' id='word_1_29' title='bbox 1763 620 2020 676; x_wconf 84' lang='lat' dir='ltr'><em>persona</em></span> <span class='ocrx_word' id='word_1_30' title='bbox 2052 604 2241 660; x_wconf 84' lang='lat' dir='ltr'><em>Patris</em></span> <span class='ocrx_word' id='word_1_31' title='bbox 2273 604 2466 660; x_wconf 88' lang='lat' dir='ltr'><em>Domi-</em></span> 
     </span>
    </p>
   </div>
   <div class='ocr_carea' id='block_1_6' title="bbox 813 692 2463 764">
    <p class='ocr_par' dir='ltr' id='par_1_6' title="bbox 813 692 2463 764">
     <span class='ocr_line' id='line_1_6' title="bbox 813 692 2463 764; baseline -0.002 -13"><span class='ocrx_word' id='word_1_32' title='bbox 813 711 931 751; x_wconf 86' lang='lat' dir='ltr'><em>nus</em></span> <span class='ocrx_word' id='word_1_33' title='bbox 954 695 1013 750; x_wconf 89' lang='lat' dir='ltr'><em>in</em></span> <span class='ocrx_word' id='word_1_34' title='bbox 1034 693 1623 764; x_wconf 89' lang='lat' dir='ltr'><em>Evangelioloquens</em></span> <span class='ocrx_word' id='word_1_35' title='bbox 1648 693 1729 749; x_wconf 85' lang='lat' dir='ltr'><em>ait</em></span> <span class='ocrx_word' id='word_1_36' title='bbox 1745 712 1756 748; x_wconf 90' lang='lat'><em>:</em></span> <span class='ocrx_word' id='word_1_37' title='bbox 1773 693 1838 748; x_wconf 89' lang='lat' dir='ltr'><em>Si</em></span> <span class='ocrx_word' id='word_1_38' title='bbox 1852 694 2192 749; x_wconf 86' lang='lat' dir='ltr'><em>dimiseritis</em></span> <span class='ocrx_word' id='word_1_39' title='bbox 2216 692 2463 748; x_wconf 85' lang='lat' dir='ltr'><em>homini-</em></span> 
     </span>
    </p>
   </div>
   <div class='ocr_carea' id='block_1_7' title="bbox 814 781 2462 853">
    <p class='ocr_par' dir='ltr' id='par_1_7' title="bbox 814 781 2462 853">
     <span class='ocr_line' id='line_1_7' title="bbox 814 781 2462 853; baseline -0.001 -15"><span class='ocrx_word' id='word_1_40' title='bbox 814 783 919 839; x_wconf 87' lang='lat' dir='ltr'><em>bus</em></span> <span class='ocrx_word' id='word_1_41' title='bbox 940 789 1187 853; x_wconf 84' lang='lat' dir='ltr'><em>peecata</em></span> <span class='ocrx_word' id='word_1_42' title='bbox 1210 798 1434 850; x_wconf 86' lang='lat' dir='ltr'><em>eorum,</em></span> <span class='ocrx_word' id='word_1_43' title='bbox 1458 783 1642 838; x_wconf 89' lang='lat' dir='ltr'><em>Pater</em></span> <span class='ocrx_word' id='word_1_44' title='bbox 1655 789 1844 838; x_wconf 80' lang='lat' dir='ltr'><em>vester</em></span> <span class='ocrx_word' id='word_1_45' title='bbox 1868 782 2123 837; x_wconf 78' lang='lat' dir='ltr'><em>dimittet</em></span> <span class='ocrx_word' id='word_1_46' title='bbox 2147 781 2306 837; x_wconf 84' lang='lat' dir='ltr'><em>vobis</em></span> <span class='ocrx_word' id='word_1_47' title='bbox 2327 796 2462 850; x_wconf 89' lang='lat' dir='ltr'><em>pec-</em></span> 
     </span>
    </p>
   </div>
   <div class='ocr_carea' id='block_1_8' title="bbox 813 871 2462 940">
    <p class='ocr_par' dir='ltr' id='par_1_8' title="bbox 813 871 2462 940">
     <span class='ocr_line' id='line_1_8' title="bbox 813 871 2462 940; baseline -0.002 -12"><span class='ocrx_word' id='word_1_48' title='bbox 813 878 952 928; x_wconf 92' lang='lat' dir='ltr'><em>cata</em></span> <span class='ocrx_word' id='word_1_49' title='bbox 977 877 1175 928; x_wconf 89' lang='lat' dir='ltr'><em>vestra</em></span> <span class='ocrx_word' id='word_1_50' title='bbox 1193 873 1238 905; x_wconf 78' lang='lat'><em>3°</em></span> <span class='ocrx_word' id='word_1_51' title='bbox 1275 890 1287 939; x_wconf 91' lang='lat'>;</span> <span class='ocrx_word' id='word_1_52' title='bbox 1317 876 1374 926; x_wconf 92' lang='lat' dir='ltr'><em>et</em></span> <span class='ocrx_word' id='word_1_53' title='bbox 1393 872 1606 925; x_wconf 83' lang='lat' dir='ltr'><em>iterum</em></span> <span class='ocrx_word' id='word_1_54' title='bbox 1632 888 1644 924; x_wconf 89' lang='lat'><em>:</em></span> <span class='ocrx_word' id='word_1_55' title='bbox 1668 871 2240 940; x_wconf 83' lang='lat' dir='ltr'><em>Quicunque/ecerit</em></span> <span class='ocrx_word' id='word_1_56' title='bbox 2258 871 2462 926; x_wconf 82' lang='lat' dir='ltr'><em>volun-</em></span> 
     </span>
    </p>
   </div>
   <div class='ocr_carea' id='block_1_9' title="bbox 812 957 2462 1032">
    <p class='ocr_par' dir='ltr' id='par_1_9' title="bbox 812 957 2462 1032">
     <span class='ocr_line' id='line_1_9' title="bbox 812 957 2462 1032; baseline -0.002 -16"><span class='ocrx_word' id='word_1_57' title='bbox 812 967 990 1017; x_wconf 89' lang='lat' dir='ltr'><em>tatem</em></span> <span class='ocrx_word' id='word_1_58' title='bbox 1023 961 1224 1016; x_wconf 79' lang='lat' dir='ltr'><em>Patris</em></span> <span class='ocrx_word' id='word_1_59' title='bbox 1253 961 1367 1016; x_wconf 91' lang='lat' dir='ltr'><em>mei</em></span> <span class='ocrx_word' id='word_1_60' title='bbox 1395 961 1501 1030; x_wconf 88' lang='lat' dir='ltr'><em>qui</em></span> <span class='ocrx_word' id='word_1_61' title='bbox 1521 962 1580 1014; x_wconf 84' lang='lat' dir='ltr'><em>in</em></span> <span class='ocrx_word' id='word_1_62' title='bbox 1603 961 1765 1016; x_wconf 64' lang='lat' dir='ltr'><em>cretis</em></span> <span class='ocrx_word' id='word_1_63' title='bbox 1792 966 1875 1014; x_wconf 93' lang='lat' dir='ltr'><em>est</em></span> <span class='ocrx_word' id='word_1_64' title='bbox 1899 960 1979 1014; x_wconf 74' lang='grc' dir='ltr'><strong>⁸ο.</strong></span> <span class='ocrx_word' id='word_1_65' title='bbox 2011 958 2296 1032; x_wconf 85' lang='lat' dir='ltr'><em>Nunquid</em></span> <span class='ocrx_word' id='word_1_66' title='bbox 2325 963 2382 1014; x_wconf 92' lang='lat' dir='ltr'><em>et</em></span> <span class='ocrx_word' id='word_1_67' title='bbox 2401 957 2462 1013; x_wconf 90' lang='lat' dir='ltr'><em>in</em></span> 
     </span>
    </p>
   </div>
   <div class='ocr_carea' id='block_1_10' title="bbox 809 1047 2460 1121">
    <p class='ocr_par' dir='ltr' id='par_1_10' title="bbox 809 1047 2460 1121">
     <span class='ocr_line' id='line_1_10' title="bbox 809 1047 2460 1121; baseline -0.001 -17"><span class='ocrx_word' id='word_1_68' title='bbox 809 1048 904 1104; x_wconf 86' lang='lat' dir='ltr'><em>his</em></span> <span class='ocrx_word' id='word_1_69' title='bbox 940 1064 1206 1121; x_wconf 86' lang='lat' dir='ltr'><em>persona</em></span> <span class='ocrx_word' id='word_1_70' title='bbox 1231 1047 1377 1116; x_wconf 83' lang='lat' dir='ltr'><strong>Filii,</strong></span> <span class='ocrx_word' id='word_1_71' title='bbox 1412 1063 1535 1102; x_wconf 91' lang='lat' dir='ltr'><em>non</em></span> <span class='ocrx_word' id='word_1_72' title='bbox 1565 1047 1909 1118; x_wconf 82' lang='lat' dir='ltr'><em>intelligitur</em></span> <span class='ocrx_word' id='word_1_73' title='bbox 1937 1065 1950 1114; x_wconf 90' lang='lat'><strong>;</strong></span> <span class='ocrx_word' id='word_1_74' title='bbox 1984 1063 2171 1120; x_wconf 90' lang='lat' dir='ltr'><em>quare</em></span> <span class='ocrx_word' id='word_1_75' title='bbox 2201 1047 2460 1103; x_wconf 85' lang='lat' dir='ltr'><em>excludi-</em></span> 
     </span>
    </p>
   </div>
   <div class='ocr_carea' id='block_1_11' title="bbox 810 1136 2462 1207">
    <p class='ocr_par' dir='ltr' id='par_1_11' title="bbox 810 1136 2462 1207">
     <span class='ocr_line' id='line_1_11' title="bbox 810 1136 2462 1207; baseline -0.001 -15"><span class='ocrx_word' id='word_1_76' title='bbox 810 1142 923 1206; x_wconf 85' lang='lat' dir='ltr'><em>tur,</em></span> <span class='ocrx_word' id='word_1_77' title='bbox 956 1153 1094 1192; x_wconf 90' lang='lat' dir='ltr'><em>cum</em></span> <span class='ocrx_word' id='word_1_78' title='bbox 1135 1136 1371 1204; x_wconf 92' lang='lat' dir='ltr'><em>dicitur,</em></span> <span class='ocrx_word' id='word_1_79' title='bbox 1422 1137 1686 1206; x_wconf 79' lang='lat' dir='ltr'><em>Spiritus</em></span> <span class='ocrx_word' id='word_1_80' title='bbox 1722 1137 2012 1200; x_wconf 77' lang='lat' dir='ltr'><em>veritatis,</em></span> <span class='ocrx_word' id='word_1_81' title='bbox 2059 1137 2231 1207; x_wconf 91' lang='lat' dir='ltr'><em>quia</em></span> <span class='ocrx_word' id='word_1_82' title='bbox 2287 1139 2462 1191; x_wconf 83' lang='lat' dir='ltr'><em>Patre</em></span> 
     </span>
    </p>
   </div>
   <div class='ocr_carea' id='block_1_12' title="bbox 800 1223 2462 1295">
    <p class='ocr_par' dir='ltr' id='par_1_12' title="bbox 800 1223 2462 1295">
     <span class='ocr_line' id='line_1_12' title="bbox 800 1223 2462 1295; baseline -0.001 -16"><span class='ocrx_word' id='word_1_83' title='bbox 800 1225 1126 1294; x_wconf 84' lang='lat' dir='ltr'><em>procedit?</em></span> <span class='ocrx_word' id='word_1_84' title='bbox 1165 1225 1490 1295; x_wconf 71' lang='lat' dir='ltr'><em>praesertim</em></span> <span class='ocrx_word' id='word_1_85' title='bbox 1537 1239 1673 1278; x_wconf 89' lang='lat' dir='ltr'><em>cum</em></span> <span class='ocrx_word' id='word_1_86' title='bbox 1705 1223 1780 1277; x_wconf 93' lang='lat' dir='ltr'><em>de</em></span> <span class='ocrx_word' id='word_1_87' title='bbox 1813 1240 1874 1277; x_wconf 94' lang='lat' dir='ltr'><em>se</em></span> <span class='ocrx_word' id='word_1_88' title='bbox 1901 1223 2150 1278; x_wconf 89' lang='lat' dir='ltr'><em>Veritate</em></span> <span class='ocrx_word' id='word_1_89' title='bbox 2180 1223 2462 1294; x_wconf 88' lang='lat' dir='ltr'><em>loquatur</em></span> 
     </span>
    </p>
   </div>
   <div class='ocr_carea' id='block_1_13' title="bbox 811 1312 2456 1385">
    <p class='ocr_par' dir='ltr' id='par_1_13' title="bbox 811 1312 2456 1385">
     <span class='ocr_line' id='line_1_13' title="bbox 811 1312 2456 1385; baseline -0.001 -17"><span class='ocrx_word' id='word_1_90' title='bbox 811 1313 1012 1380; x_wconf 90' lang='lat' dir='ltr'><em>Filius,</em></span> <span class='ocrx_word' id='word_1_91' title='bbox 1043 1317 1224 1385; x_wconf 87' lang='lat' dir='ltr'><em>prout</em></span> <span class='ocrx_word' id='word_1_92' title='bbox 1247 1313 1306 1368; x_wconf 77' lang='lat' dir='ltr'><em>in</em></span> <span class='ocrx_word' id='word_1_93' title='bbox 1334 1312 1815 1384; x_wconf 73' lang='lat' dir='ltr'><em>praecedentibus</em></span> <span class='ocrx_word' id='word_1_94' title='bbox 1837 1312 2321 1367; x_wconf 89' lang='lat' dir='ltr'><em>demonstratum</em></span> <span class='ocrx_word' id='word_1_95' title='bbox 2351 1317 2456 1367; x_wconf 93' lang='lat' dir='ltr'><em>est.</em></span> 
     </span>
    </p>
   </div>
   <div class='ocr_carea' id='block_1_14' title="bbox 809 1401 2464 1473">
    <p class='ocr_par' dir='ltr' id='par_1_14' title="bbox 809 1401 2464 1473">
     <span class='ocr_line' id='line_1_14' title="bbox 809 1401 2464 1473; baseline -0.001 -16"><span class='ocrx_word' id='word_1_96' title='bbox 809 1402 978 1457; x_wconf 89' lang='lat' dir='ltr'><em>Nulla</em></span> <span class='ocrx_word' id='word_1_97' title='bbox 1009 1406 1100 1457; x_wconf 92' lang='lat' dir='ltr'><em>est</em></span> <span class='ocrx_word' id='word_1_98' title='bbox 1125 1403 1295 1468; x_wconf 85' lang='lat' dir='ltr'><em>ratio,</em></span> <span class='ocrx_word' id='word_1_99' title='bbox 1325 1402 1435 1456; x_wconf 88' lang='lat' dir='ltr'><em>nisi</em></span> <span class='ocrx_word' id='word_1_100' title='bbox 1467 1402 1613 1472; x_wconf 89' lang='lat' dir='ltr'><em>quia</em></span> <span class='ocrx_word' id='word_1_101' title='bbox 1644 1402 1727 1456; x_wconf 93' lang='lat' dir='ltr'><em>sic</em></span> <span class='ocrx_word' id='word_1_102' title='bbox 1756 1401 1981 1473; x_wconf 87' lang='lat' dir='ltr'><em>placuit</em></span> <span class='ocrx_word' id='word_1_103' title='bbox 2011 1402 2225 1458; x_wconf 71' lang='lat' dir='ltr'><em>Graecis</em></span> <span class='ocrx_word' id='word_1_104' title='bbox 2254 1401 2464 1456; x_wconf 91' lang='lat' dir='ltr'><em>adver-</em></span> 
     </span>
    </p>
   </div>
   <div class='ocr_carea' id='block_1_15' title="bbox 807 1490 2460 1557">
    <p class='ocr_par' dir='ltr' id='par_1_15' title="bbox 807 1490 2460 1557">
     <span class='ocr_line' id='line_1_15' title="bbox 807 1490 2460 1557; baseline 0 -13"><span class='ocrx_word' id='word_1_105' title='bbox 807 1491 927 1546; x_wconf 89' lang='lat' dir='ltr'><em>sari</em></span> <span class='ocrx_word' id='word_1_106' title='bbox 979 1490 1339 1546; x_wconf 86' lang='lat' dir='ltr'><em>volentibus.</em></span> <span class='ocrx_word' id='word_1_107' title='bbox 1371 1493 1794 1545; x_wconf 87' lang='lat' dir='ltr'><em>Verumtamen</em></span> <span class='ocrx_word' id='word_1_108' title='bbox 1841 1490 2091 1545; x_wconf 84' lang='lat' dir='ltr'><em>ﬁrmiter</em></span> <span class='ocrx_word' id='word_1_109' title='bbox 2140 1490 2460 1557; x_wconf 89' lang='lat' dir='ltr'><em>credimus,</em></span> 
     </span>
    </p>
   </div>
   <div class='ocr_carea' id='block_1_16' title="bbox 806 1579 2460 1652">
    <p class='ocr_par' dir='ltr' id='par_1_16' title="bbox 806 1579 2460 1652">
     <span class='ocr_line' id='line_1_16' title="bbox 806 1579 2460 1652; baseline -0.001 -16"><span class='ocrx_word' id='word_1_110' title='bbox 806 1585 863 1636; x_wconf 91' lang='lat' dir='ltr'><em>et</em></span> <span class='ocrx_word' id='word_1_111' title='bbox 891 1580 1180 1636; x_wconf 91' lang='lat' dir='ltr'><em>catholice</em></span> <span class='ocrx_word' id='word_1_112' title='bbox 1211 1586 1507 1649; x_wconf 90' lang='lat' dir='ltr'><em>tenemus,</em></span> <span class='ocrx_word' id='word_1_113' title='bbox 1533 1579 1695 1652; x_wconf 90' lang='lat' dir='ltr'><em>quod</em></span> <span class='ocrx_word' id='word_1_114' title='bbox 1725 1579 2054 1652; x_wconf 87' lang='lat' dir='ltr'><em>aliquando</em></span> <span class='ocrx_word' id='word_1_115' title='bbox 2077 1580 2257 1635; x_wconf 91' lang='lat' dir='ltr'><em>solius</em></span> <span class='ocrx_word' id='word_1_116' title='bbox 2275 1581 2460 1636; x_wconf 86' lang='lat' dir='ltr'><em>Patris</em></span> 
     </span>
    </p>
   </div>
   <div class='ocr_carea' id='block_1_17' title="bbox 803 1669 2462 1742">
    <p class='ocr_par' dir='ltr' id='par_1_17' title="bbox 803 1669 2462 1742">
     <span class='ocr_line' id='line_1_17' title="bbox 803 1669 2462 1742; baseline 0 -15"><span class='ocrx_word' id='word_1_117' title='bbox 803 1686 1028 1728; x_wconf 89' lang='lat' dir='ltr'><em>nomen</em></span> <span class='ocrx_word' id='word_1_118' title='bbox 1061 1671 1306 1742; x_wconf 86' lang='lat' dir='ltr'><em>ponitur</em></span> <span class='ocrx_word' id='word_1_119' title='bbox 1333 1672 1391 1725; x_wconf 91' lang='lat' dir='ltr'><em>in</em></span> <span class='ocrx_word' id='word_1_120' title='bbox 1420 1670 1741 1738; x_wconf 90' lang='lat' dir='ltr'><em>locutione,</em></span> <span class='ocrx_word' id='word_1_121' title='bbox 1769 1677 1824 1724; x_wconf 90' lang='lat' dir='ltr'><em>et</em></span> <span class='ocrx_word' id='word_1_122' title='bbox 1849 1669 2038 1742; x_wconf 91' lang='lat' dir='ltr'><em>ipsius</em></span> <span class='ocrx_word' id='word_1_123' title='bbox 2094 1671 2212 1726; x_wconf 89' lang='lat' dir='ltr'><em>Filii</em></span> <span class='ocrx_word' id='word_1_124' title='bbox 2239 1687 2462 1727; x_wconf 89' lang='lat' dir='ltr'><em>nomen</em></span> 
     </span>
    </p>
   </div>
   <div class='ocr_carea' id='block_1_18' title="bbox 803 1759 2462 1831">
    <p class='ocr_par' dir='ltr' id='par_1_18' title="bbox 803 1759 2462 1831">
     <span class='ocr_line' id='line_1_18' title="bbox 803 1759 2462 1831; baseline 0.001 -16"><span class='ocrx_word' id='word_1_125' title='bbox 803 1759 1184 1828; x_wconf 81' lang='lat' dir='ltr'><em>intelligitur:</em></span> <span class='ocrx_word' id='word_1_126' title='bbox 1215 1765 1272 1814; x_wconf 91' lang='lat' dir='ltr'><em>et</em></span> <span class='ocrx_word' id='word_1_127' title='bbox 1300 1759 1628 1831; x_wconf 87' lang='lat' dir='ltr'><em>aliquando</em></span> <span class='ocrx_word' id='word_1_128' title='bbox 1659 1775 1883 1814; x_wconf 89' lang='lat' dir='ltr'><em>nomen</em></span> <span class='ocrx_word' id='word_1_129' title='bbox 1914 1759 2038 1814; x_wconf 90' lang='lat' dir='ltr'><em>Filii</em></span> <span class='ocrx_word' id='word_1_130' title='bbox 2080 1759 2140 1814; x_wconf 91' lang='lat' dir='ltr'><em>in</em></span> <span class='ocrx_word' id='word_1_131' title='bbox 2195 1759 2290 1814; x_wconf 91' lang='lat' dir='ltr'><em>his</em></span> <span class='ocrx_word' id='word_1_132' title='bbox 2340 1776 2462 1816; x_wconf 89' lang='lat' dir='ltr'><em>non</em></span> 
     </span>
    </p>
   </div>
   <div class='ocr_carea' id='block_1_19' title="bbox 803 1848 2462 1920">
    <p class='ocr_par' dir='ltr' id='par_1_19' title="bbox 803 1848 2462 1920">
     <span class='ocr_line' id='line_1_19' title="bbox 803 1848 2462 1920; baseline 0.001 -16"><span class='ocrx_word' id='word_1_133' title='bbox 803 1848 1179 1918; x_wconf 89' lang='lat' dir='ltr'><em>intelligitur,</em></span> <span class='ocrx_word' id='word_1_134' title='bbox 1215 1849 1306 1903; x_wconf 89' lang='lat' dir='ltr'><em>vel</em></span> <span class='ocrx_word' id='word_1_135' title='bbox 1353 1849 1603 1920; x_wconf 91' lang='lat' dir='ltr'><em>Spiritus</em></span> <span class='ocrx_word' id='word_1_136' title='bbox 1656 1848 1867 1915; x_wconf 87' lang='lat' dir='ltr'><em>sancti,</em></span> <span class='ocrx_word' id='word_1_137' title='bbox 1926 1854 1982 1903; x_wconf 88' lang='lat' dir='ltr'><em>et</em></span> <span class='ocrx_word' id='word_1_138' title='bbox 2029 1848 2178 1920; x_wconf 90' lang='lat' dir='ltr'><em>ipsis</em></span> <span class='ocrx_word' id='word_1_139' title='bbox 2230 1854 2462 1905; x_wconf 89' lang='lat' dir='ltr'><em>tantum</em></span> 
     </span>
    </p>
   </div>
   <div class='ocr_carea' id='block_1_20' title="bbox 802 1937 2464 2010">
    <p class='ocr_par' dir='ltr' id='par_1_20' title="bbox 802 1937 2464 2010">
     <span class='ocr_line' id='line_1_20' title="bbox 802 1937 2464 2010; baseline 0.001 -18"><span class='ocrx_word' id='word_1_140' title='bbox 802 1938 1087 2010; x_wconf 88' lang='lat' dir='ltr'><em>personis</em></span> <span class='ocrx_word' id='word_1_141' title='bbox 1114 1938 1410 2003; x_wconf 91' lang='lat' dir='ltr'><em>convenit,</em></span> <span class='ocrx_word' id='word_1_142' title='bbox 1442 1940 1498 1993; x_wconf 90' lang='lat' dir='ltr'><em>et</em></span> <span class='ocrx_word' id='word_1_143' title='bbox 1519 1953 1640 1992; x_wconf 93' lang='lat' dir='ltr'><em>non</em></span> <span class='ocrx_word' id='word_1_144' title='bbox 1669 1938 1844 1999; x_wconf 81' lang='lat' dir='ltr'><em>Patri.</em></span> <span class='ocrx_word' id='word_1_145' title='bbox 1875 1937 1985 1993; x_wconf 91' lang='lat' dir='ltr'><em>Sed</em></span> <span class='ocrx_word' id='word_1_146' title='bbox 2019 1944 2161 1993; x_wconf 89' lang='lat' dir='ltr'><em>tunc</em></span> <span class='ocrx_word' id='word_1_147' title='bbox 2191 1939 2464 1994; x_wconf 90' lang='lat' dir='ltr'><em>conside-</em></span> 
     </span>
    </p>
   </div>
   <div class='ocr_carea' id='block_1_21' title="bbox 798 2027 2463 2100">
    <p class='ocr_par' dir='ltr' id='par_1_21' title="bbox 798 2027 2463 2100">
     <span class='ocr_line' id='line_1_21' title="bbox 798 2027 2463 2100; baseline 0 -18"><span class='ocrx_word' id='word_1_148' title='bbox 798 2043 933 2082; x_wconf 87' lang='lat' dir='ltr'><em>rare</em></span> <span class='ocrx_word' id='word_1_149' title='bbox 965 2032 1218 2100; x_wconf 88' lang='lat' dir='ltr'><em>oportet,</em></span> <span class='ocrx_word' id='word_1_150' title='bbox 1272 2027 1319 2081; x_wconf 94' lang='lat' dir='ltr'><em>si</em></span> <span class='ocrx_word' id='word_1_151' title='bbox 1350 2027 1411 2082; x_wconf 92' lang='lat' dir='ltr'><em>id</em></span> <span class='ocrx_word' id='word_1_152' title='bbox 1442 2027 1607 2098; x_wconf 91' lang='lat' dir='ltr'><em>quod</em></span> <span class='ocrx_word' id='word_1_153' title='bbox 1637 2027 1711 2082; x_wconf 92' lang='lat' dir='ltr'><em>de</em></span> <span class='ocrx_word' id='word_1_154' title='bbox 1765 2043 1887 2081; x_wconf 92' lang='lat' dir='ltr'><em>una</em></span> <span class='ocrx_word' id='word_1_155' title='bbox 1936 2043 2196 2099; x_wconf 90' lang='lat' dir='ltr'><em>persona</em></span> <span class='ocrx_word' id='word_1_156' title='bbox 2227 2027 2463 2095; x_wconf 90' lang='lat' dir='ltr'><em>dicitur,</em></span> 
     </span>
    </p>
   </div>
   <div class='ocr_carea' id='block_1_22' title="bbox 797 2115 2469 2190">
    <p class='ocr_par' dir='ltr' id='par_1_22' title="bbox 797 2115 2469 2190">
     <span class='ocr_line' id='line_1_22' title="bbox 797 2115 2469 2190; baseline 0 -20"><span class='ocrx_word' id='word_1_157' title='bbox 797 2117 988 2190; x_wconf 88' lang='lat' dir='ltr'><em>possit</em></span> <span class='ocrx_word' id='word_1_158' title='bbox 1003 2117 1324 2171; x_wconf 90' lang='lat' dir='ltr'><em>convenire</em></span> <span class='ocrx_word' id='word_1_159' title='bbox 1338 2115 1490 2178; x_wconf 91' lang='lat' dir='ltr'><em>aliis,</em></span> <span class='ocrx_word' id='word_1_160' title='bbox 1513 2115 1760 2172; x_wconf 83' lang='lat' dir='ltr'><em>servatis</em></span> <span class='ocrx_word' id='word_1_161' title='bbox 1779 2116 2248 2189; x_wconf 87' lang='lat' dir='ltr'><em>proprietatibus</em></span> <span class='ocrx_word' id='word_1_162' title='bbox 2267 2117 2469 2172; x_wconf 87' lang='lat' dir='ltr'><em>unius-</em></span> 
     </span>
    </p>
   </div>
   <div class='ocr_carea' id='block_1_23' title="bbox 799 2204 2468 2276">
    <p class='ocr_par' dir='ltr' id='par_1_23' title="bbox 799 2204 2468 2276">
     <span class='ocr_line' id='line_1_23' title="bbox 799 2204 2468 2276; baseline 0 -16"><span class='ocrx_word' id='word_1_163' title='bbox 799 2204 1093 2276; x_wconf 90' lang='lat' dir='ltr'><em>cujusque</em></span> <span class='ocrx_word' id='word_1_164' title='bbox 1126 2220 1398 2276; x_wconf 75' lang='lat' dir='ltr'><em>personae</em></span> <span class='ocrx_word' id='word_1_165' title='bbox 1428 2205 1555 2258; x_wconf 89' lang='lat' dir='ltr'><em>sine</em></span> <span class='ocrx_word' id='word_1_166' title='bbox 1588 2205 1966 2260; x_wconf 88' lang='lat' dir='ltr'><em>confusione.</em></span> <span class='ocrx_word' id='word_1_167' title='bbox 1998 2205 2167 2261; x_wconf 91' lang='lat' dir='ltr'><em>Unde</em></span> <span class='ocrx_word' id='word_1_168' title='bbox 2211 2206 2468 2261; x_wconf 89' lang='lat' dir='ltr'><em>dicimus</em></span> 
     </span>
    </p>
   </div>
   <div class='ocr_carea' id='block_1_24' title="bbox 797 2293 2469 2367">
    <p class='ocr_par' dir='ltr' id='par_1_24' title="bbox 797 2293 2469 2367">
     <span class='ocr_line' id='line_1_24' title="bbox 797 2293 2469 2367; baseline 0.001 -19"><span class='ocrx_word' id='word_1_169' title='bbox 797 2294 960 2366; x_wconf 89' lang='lat' dir='ltr'><em>quod</em></span> <span class='ocrx_word' id='word_1_170' title='bbox 995 2293 1276 2366; x_wconf 63' lang='lat' dir='ltr'><em>quaedam</em></span> <span class='ocrx_word' id='word_1_171' title='bbox 1310 2295 1675 2349; x_wconf 91' lang='lat' dir='ltr'><em>conveniunt</em></span> <span class='ocrx_word' id='word_1_172' title='bbox 1701 2294 1812 2349; x_wconf 88' lang='lat' dir='ltr'><em>soli</em></span> <span class='ocrx_word' id='word_1_173' title='bbox 1842 2294 2011 2360; x_wconf 86' lang='lat' dir='ltr'><em>Patri,</em></span> <span class='ocrx_word' id='word_1_174' title='bbox 2044 2296 2329 2367; x_wconf 82' lang='lat' dir='ltr'><em>quaedam</em></span> <span class='ocrx_word' id='word_1_175' title='bbox 2353 2294 2469 2350; x_wconf 91' lang='lat' dir='ltr'><em>soli</em></span> 
     </span>
    </p>
   </div>
   <div class='ocr_carea' id='block_1_25' title="bbox 799 2381 2468 2454">
    <p class='ocr_par' dir='ltr' id='par_1_25' title="bbox 799 2381 2468 2454">
     <span class='ocr_line' id='line_1_25' title="bbox 799 2381 2468 2454; baseline 0.002 -19"><span class='ocrx_word' id='word_1_176' title='bbox 799 2381 966 2448; x_wconf 88' lang='lat' dir='ltr'><em>Filio,</em></span> <span class='ocrx_word' id='word_1_177' title='bbox 996 2381 1274 2454; x_wconf 82' lang='lat' dir='ltr'><em>quaedam</em></span> <span class='ocrx_word' id='word_1_178' title='bbox 1309 2382 1416 2437; x_wconf 91' lang='lat' dir='ltr'><em>soli</em></span> <span class='ocrx_word' id='word_1_179' title='bbox 1436 2382 1664 2453; x_wconf 88' lang='lat' dir='ltr'><em>spiritui</em></span> <span class='ocrx_word' id='word_1_180' title='bbox 1685 2388 1910 2438; x_wconf 89' lang='lat' dir='ltr'><em>sancto.</em></span> <span class='ocrx_word' id='word_1_181' title='bbox 1929 2383 2214 2447; x_wconf 75' lang='lat' dir='ltr'><em>Quaedam</em></span> <span class='ocrx_word' id='word_1_182' title='bbox 2235 2384 2387 2439; x_wconf 87' lang='lat' dir='ltr'><em>Patri</em></span> <span class='ocrx_word' id='word_1_183' title='bbox 2412 2388 2468 2438; x_wconf 89' lang='lat' dir='ltr'><em>et</em></span> 
     </span>
    </p>
   </div>
   <div class='ocr_carea' id='block_1_26' title="bbox 800 2471 2467 2544">
    <p class='ocr_par' dir='ltr' id='par_1_26' title="bbox 800 2471 2467 2544">
     <span class='ocr_line' id='line_1_26' title="bbox 800 2471 2467 2544; baseline 0 -17"><span class='ocrx_word' id='word_1_184' title='bbox 800 2471 962 2536; x_wconf 88' lang='lat' dir='ltr'><em>Filio,</em></span> <span class='ocrx_word' id='word_1_185' title='bbox 1011 2476 1069 2526; x_wconf 91' lang='lat' dir='ltr'><em>et</em></span> <span class='ocrx_word' id='word_1_186' title='bbox 1128 2471 1370 2543; x_wconf 90' lang='lat' dir='ltr'><em>Spiritui</em></span> <span class='ocrx_word' id='word_1_187' title='bbox 1402 2477 1638 2536; x_wconf 91' lang='lat' dir='ltr'><em>sancto,</em></span> <span class='ocrx_word' id='word_1_188' title='bbox 1693 2477 1748 2528; x_wconf 90' lang='lat' dir='ltr'><em>et</em></span> <span class='ocrx_word' id='word_1_189' title='bbox 1797 2472 2080 2544; x_wconf 66' lang='lat' dir='ltr'><em>quaedam</em></span> <span class='ocrx_word' id='word_1_190' title='bbox 2135 2473 2319 2527; x_wconf 90' lang='lat' dir='ltr'><em>simul</em></span> <span class='ocrx_word' id='word_1_191' title='bbox 2368 2473 2467 2528; x_wconf 89' lang='lat' dir='ltr'><em>tri-</em></span> 
     </span>
    </p>
   </div>
   <div class='ocr_carea' id='block_1_27' title="bbox 796 2560 2467 2633">
    <p class='ocr_par' dir='ltr' id='par_1_27' title="bbox 796 2560 2467 2633">
     <span class='ocr_line' id='line_1_27' title="bbox 796 2560 2467 2633; baseline 0 -17"><span class='ocrx_word' id='word_1_192' title='bbox 796 2560 916 2616; x_wconf 90' lang='lat' dir='ltr'><em>bus</em></span> <span class='ocrx_word' id='word_1_193' title='bbox 948 2560 1245 2633; x_wconf 91' lang='lat' dir='ltr'><em>personis.</em></span> <span class='ocrx_word' id='word_1_194' title='bbox 1273 2561 1428 2616; x_wconf 88' lang='lat' dir='ltr'><em>Patri</em></span> <span class='ocrx_word' id='word_1_195' title='bbox 1481 2565 1714 2616; x_wconf 91' lang='lat' dir='ltr'><em>tantum</em></span> <span class='ocrx_word' id='word_1_196' title='bbox 1747 2563 2025 2618; x_wconf 86' lang='lat' dir='ltr'><em>convenit</em></span> <span class='ocrx_word' id='word_1_197' title='bbox 2079 2562 2192 2618; x_wconf 92' lang='lat' dir='ltr'><em>hoc</em></span> <span class='ocrx_word' id='word_1_198' title='bbox 2241 2578 2467 2618; x_wconf 90' lang='lat' dir='ltr'><em>nomen</em></span> 
     </span>
    </p>
   </div>
   <div class='ocr_carea' id='block_1_28' title="bbox 793 2651 2467 2723">
    <p class='ocr_par' dir='ltr' id='par_1_28' title="bbox 793 2651 2467 2723">
     <span class='ocr_line' id='line_1_28' title="bbox 793 2651 2467 2723; baseline 0 -17"><span class='ocrx_word' id='word_1_199' title='bbox 793 2652 1121 2721; x_wconf 83' lang='lat' dir='ltr'><em>ingenitus,</em></span> <span class='ocrx_word' id='word_1_200' title='bbox 1149 2651 1616 2719; x_wconf 78' lang='lat' dir='ltr'><em>inprincipiatus</em></span> <span class='ocrx_word' id='word_1_201' title='bbox 1640 2655 1694 2706; x_wconf 91' lang='lat' dir='ltr'><em>et</em></span> <span class='ocrx_word' id='word_1_202' title='bbox 1715 2654 1953 2721; x_wconf 86' lang='lat' dir='ltr'><em>genitor</em></span> <span class='ocrx_word' id='word_1_203' title='bbox 1973 2671 1994 2716; x_wconf 75' lang='grc' dir='ltr'><em>,ο</em></span> <span class='ocrx_word' id='word_1_204' title='bbox 2016 2652 2181 2722; x_wconf 82' lang='lat' dir='ltr'><em>Filio,</em></span> <span class='ocrx_word' id='word_1_205' title='bbox 2205 2654 2467 2723; x_wconf 85' lang='lat' dir='ltr'><em>genitus,</em></span> 
     </span>
    </p>
   </div>
   <div class='ocr_carea' id='block_1_29' title="bbox 802 2741 2469 2813">
    <p class='ocr_par' dir='ltr' id='par_1_29' title="bbox 802 2741 2469 2813">
     <span class='ocr_line' id='line_1_29' title="bbox 802 2741 2469 2813; baseline 0.001 -17"><span class='ocrx_word' id='word_1_206' title='bbox 802 2746 860 2796; x_wconf 88' lang='lat' dir='ltr'><em>et</em></span> <span class='ocrx_word' id='word_1_207' title='bbox 877 2741 1280 2810; x_wconf 81' lang='lat' dir='ltr'><em>principiatus</em></span> <span class='ocrx_word' id='word_1_208' title='bbox 1313 2757 1324 2806; x_wconf 94' lang='lat'>;</span> <span class='ocrx_word' id='word_1_209' title='bbox 1353 2741 1596 2813; x_wconf 89' lang='lat' dir='ltr'><em>Spiritui</em></span> <span class='ocrx_word' id='word_1_210' title='bbox 1630 2747 1840 2797; x_wconf 91' lang='lat' dir='ltr'><em>sancto</em></span> <span class='ocrx_word' id='word_1_211' title='bbox 1862 2743 2189 2811; x_wconf 81' lang='lat' dir='ltr'><em>procedens</em></span> <span class='ocrx_word' id='word_1_212' title='bbox 2224 2761 2237 2809; x_wconf 88' lang='lat'><strong>;</strong></span> <span class='ocrx_word' id='word_1_213' title='bbox 2269 2747 2324 2798; x_wconf 92' lang='lat' dir='ltr'><em>et</em></span> <span class='ocrx_word' id='word_1_214' title='bbox 2354 2743 2469 2798; x_wconf 88' lang='lat' dir='ltr'><em>hoc</em></span> 
     </span>
    </p>
   </div>
   <div class='ocr_carea' id='block_1_30' title="bbox 801 2829 2470 2904">
    <p class='ocr_par' dir='ltr' id='par_1_30' title="bbox 801 2829 2470 2904">
     <span class='ocr_line' id='line_1_30' title="bbox 801 2829 2470 2904; baseline 0.001 -20"><span class='ocrx_word' id='word_1_215' title='bbox 801 2846 1048 2899; x_wconf 89' lang='lat' dir='ltr'><em>nomen,</em></span> <span class='ocrx_word' id='word_1_216' title='bbox 1107 2829 1359 2901; x_wconf 87' lang='lat' dir='ltr'><em>Spiritus</em></span> <span class='ocrx_word' id='word_1_217' title='bbox 1413 2836 1679 2896; x_wconf 91' lang='lat' dir='ltr'><em>sanctus,</em></span> <span class='ocrx_word' id='word_1_218' title='bbox 1732 2832 2122 2904; x_wconf 90' lang='lat' dir='ltr'><em>appropriato</em></span> <span class='ocrx_word' id='word_1_219' title='bbox 2170 2831 2470 2888; x_wconf 92' lang='lat' dir='ltr'><em>vocabulo</em></span> 
     </span>
    </p>
   </div>
   <div class='ocr_carea' id='block_1_31' title="bbox 806 2919 2469 2987">
    <p class='ocr_par' dir='ltr' id='par_1_31' title="bbox 806 2919 2469 2987">
     <span class='ocr_line' id='line_1_31' title="bbox 806 2919 2469 2987; baseline 0.002 -13"><span class='ocrx_word' id='word_1_220' title='bbox 806 2919 960 2975; x_wconf 89' lang='lat' dir='ltr'><em>Patri</em></span> <span class='ocrx_word' id='word_1_221' title='bbox 981 2925 1036 2974; x_wconf 92' lang='lat' dir='ltr'><em>et</em></span> <span class='ocrx_word' id='word_1_222' title='bbox 1068 2919 1210 2975; x_wconf 89' lang='lat' dir='ltr'><em>Filio</em></span> <span class='ocrx_word' id='word_1_223' title='bbox 1228 2925 1320 2975; x_wconf 89' lang='lat' dir='ltr'><em>est</em></span> <span class='ocrx_word' id='word_1_224' title='bbox 1349 2936 1694 2987; x_wconf 89' lang='lat' dir='ltr'><em>commune,</em></span> <span class='ocrx_word' id='word_1_225' title='bbox 1717 2927 1843 2976; x_wconf 89' lang='lat' dir='ltr'><em>tam</em></span> <span class='ocrx_word' id='word_1_226' title='bbox 1866 2922 2200 2977; x_wconf 89' lang='lat' dir='ltr'><em>secundum</em></span> <span class='ocrx_word' id='word_1_227' title='bbox 2233 2925 2469 2977; x_wconf 69' lang='lat' dir='ltr'><em>Graecos</em></span> 
     </span>
    </p>
   </div>
   <div class='ocr_carea' id='block_1_32' title="bbox 808 3010 2469 3080">
    <p class='ocr_par' dir='ltr' id='par_1_32' title="bbox 808 3010 2469 3080">
     <span class='ocr_line' id='line_1_32' title="bbox 808 3010 2469 3080; baseline 0.002 -16"><span class='ocrx_word' id='word_1_228' title='bbox 808 3014 1073 3071; x_wconf 86' lang='lat' dir='ltr'><em>sanctos,</em></span> <span class='ocrx_word' id='word_1_229' title='bbox 1103 3024 1288 3080; x_wconf 87' lang='lat' dir='ltr'><em>quam</em></span> <span class='ocrx_word' id='word_1_230' title='bbox 1324 3010 1661 3066; x_wconf 91' lang='lat' dir='ltr'><em>secundum</em></span> <span class='ocrx_word' id='word_1_231' title='bbox 1709 3012 1981 3078; x_wconf 90' lang='lat' dir='ltr'><em>Latinos;</em></span> <span class='ocrx_word' id='word_1_232' title='bbox 2017 3012 2180 3077; x_wconf 85' lang='lat' dir='ltr'><em>dare,</em></span> <span class='ocrx_word' id='word_1_233' title='bbox 2212 3013 2469 3080; x_wconf 89' lang='lat' dir='ltr'><em>mittere,</em></span> 
     </span>
    </p>
   </div>
   <div class='ocr_carea' id='block_1_33' title="bbox 807 3099 2473 3172">
    <p class='ocr_par' dir='ltr' id='par_1_33' title="bbox 807 3099 2473 3172">
     <span class='ocr_line' id='line_1_33' title="bbox 807 3099 2473 3172; baseline 0.002 -19"><span class='ocrx_word' id='word_1_234' title='bbox 807 3103 866 3154; x_wconf 94' lang='lat' dir='ltr'><em>et</em></span> <span class='ocrx_word' id='word_1_235' title='bbox 897 3099 1130 3164; x_wconf 84' lang='lat' dir='ltr'><em>habere,</em></span> <span class='ocrx_word' id='word_1_236' title='bbox 1161 3103 1218 3153; x_wconf 92' lang='lat' dir='ltr'><em>et</em></span> <span class='ocrx_word' id='word_1_237' title='bbox 1246 3100 1497 3170; x_wconf 88' lang='lat' dir='ltr'><em>spirare,</em></span> <span class='ocrx_word' id='word_1_238' title='bbox 1537 3105 1749 3156; x_wconf 86' lang='lat' dir='ltr'><em>sancto</em></span> <span class='ocrx_word' id='word_1_239' title='bbox 1781 3101 2021 3172; x_wconf 88' lang='lat' dir='ltr'><em>Spiritui</em></span> <span class='ocrx_word' id='word_1_240' title='bbox 2063 3117 2208 3157; x_wconf 91' lang='lat' dir='ltr'><em>vero</em></span> <span class='ocrx_word' id='word_1_241' title='bbox 2243 3107 2299 3156; x_wconf 90' lang='lat' dir='ltr'><em>et</em></span> <span class='ocrx_word' id='word_1_242' title='bbox 2330 3101 2473 3156; x_wconf 84' lang='lat' dir='ltr'><em>Filio</em></span> 
     </span>
    </p>
   </div>
   <div class='ocr_carea' id='block_1_34' title="bbox 2576 597 4231 670">
    <p class='ocr_par' dir='ltr' id='par_1_34' title="bbox 2576 597 4231 670">
     <span class='ocr_line' id='line_1_34' title="bbox 2576 597 4231 670; baseline -0.002 -14"><span class='ocrx_word' id='word_1_243' title='bbox 2576 603 2844 670; x_wconf 87' lang='lat' dir='ltr'><em>sanctus,</em></span> <span class='ocrx_word' id='word_1_244' title='bbox 2900 598 3008 654; x_wconf 91' lang='lat' dir='ltr'><em>sed</em></span> <span class='ocrx_word' id='word_1_245' title='bbox 3051 598 3112 652; x_wconf 93' lang='lat' dir='ltr'><em>in</em></span> <span class='ocrx_word' id='word_1_246' title='bbox 3141 597 3300 668; x_wconf 88' lang='lat' dir='ltr'><em>ipso,</em></span> <span class='ocrx_word' id='word_1_247' title='bbox 3334 603 3390 652; x_wconf 91' lang='lat' dir='ltr'><em>et</em></span> <span class='ocrx_word' id='word_1_248' title='bbox 3432 613 3504 652; x_wconf 90' lang='lat' dir='ltr'><em>ex</em></span> <span class='ocrx_word' id='word_1_249' title='bbox 3534 597 3687 669; x_wconf 82' lang='lat' dir='ltr'><em>ipso,</em></span> <span class='ocrx_word' id='word_1_250' title='bbox 3743 597 3917 670; x_wconf 89' lang='lat' dir='ltr'><em>quasi</em></span> <span class='ocrx_word' id='word_1_251' title='bbox 3961 597 4231 670; x_wconf 87' lang='lat' dir='ltr'><em>operatio</em></span> 
     </span>
    </p>
   </div>
   <div class='ocr_carea' id='block_1_35' title="bbox 2572 685 4231 759">
    <p class='ocr_par' dir='ltr' id='par_1_35' title="bbox 2572 685 4231 759">
     <span class='ocr_line' id='line_1_35' title="bbox 2572 685 4231 759; baseline -0.002 -15"><span class='ocrx_word' id='word_1_252' title='bbox 2572 689 2851 758; x_wconf 72' lang='lat' dir='ltr'><em>qumdem</em></span> <span class='ocrx_word' id='word_1_253' title='bbox 2871 685 3164 742; x_wconf 85' lang='lat' dir='ltr'><em>naturalis</em></span> <span class='ocrx_word' id='word_1_254' title='bbox 3183 687 3411 741; x_wconf 88' lang='lat' dir='ltr'><em>ommia</em></span> <span class='ocrx_word' id='word_1_255' title='bbox 3428 691 3643 759; x_wconf 91' lang='lat' dir='ltr'><em>potens</em></span> <span class='ocrx_word' id='word_1_256' title='bbox 3665 685 3921 759; x_wconf 85' lang='lat' dir='ltr'><em>explere,</em></span> <span class='ocrx_word' id='word_1_257' title='bbox 3945 701 4231 758; x_wconf 67' lang='lat' dir='ltr'><em>quaecun-</em></span> 
     </span>
    </p>
   </div>
   <div class='ocr_carea' id='block_1_36' title="bbox 2573 778 3009 849">
    <p class='ocr_par' dir='ltr' id='par_1_36' title="bbox 2573 778 3009 849">
     <span class='ocr_line' id='line_1_36' title="bbox 2573 778 3009 849; baseline -0.014 -17"><span class='ocrx_word' id='word_1_258' title='bbox 2573 794 2685 849; x_wconf 87' lang='lat' dir='ltr'><em>que</em></span> <span class='ocrx_word' id='word_1_259' title='bbox 2717 784 2774 834; x_wconf 93' lang='lat' dir='ltr'><em>et</em></span> <span class='ocrx_word' id='word_1_260' title='bbox 2802 778 2946 832; x_wconf 84' lang='lat' dir='ltr'><em>vult.</em></span> <span class='ocrx_word' id='word_1_261' title='bbox 2989 800 3009 826; x_wconf 75' lang='grc' dir='ltr'><em>ι</em></span> 
     </span>
    </p>
   </div>
   <div class='ocr_carea' id='block_1_37' title="bbox 2645 873 4226 948">
    <p class='ocr_par' dir='ltr' id='par_1_37' title="bbox 2645 873 4226 948">
     <span class='ocr_line' id='line_1_37' title="bbox 2645 873 4226 948; baseline -0.003 -17"><span class='ocrx_word' id='word_1_262' title='bbox 2645 877 2712 931; x_wconf 85' lang='lat' dir='ltr'><em>Et</em></span> <span class='ocrx_word' id='word_1_263' title='bbox 2737 880 2875 948; x_wconf 90' lang='lat' dir='ltr'><em>post</em></span> <span class='ocrx_word' id='word_1_264' title='bbox 2900 889 3116 948; x_wconf 89' lang='lat' dir='ltr'><em>pauca,</em></span> <span class='ocrx_word' id='word_1_265' title='bbox 3149 873 3350 930; x_wconf 82' lang='lat' dir='ltr'><em>verbis</em></span> <span class='ocrx_word' id='word_1_266' title='bbox 3380 873 3756 946; x_wconf 89' lang='lat' dir='ltr'><em>respondens</em></span> <span class='ocrx_word' id='word_1_267' title='bbox 3785 873 4226 940; x_wconf 66' lang='lat' dir='ltr'><em>hmreticorum,</em></span> 
     </span>
    </p>
   </div>
   <div class='ocr_carea' id='block_1_38' title="bbox 2571 961 4230 1035">
    <p class='ocr_par' dir='ltr' id='par_1_38' title="bbox 2571 961 4230 1035">
     <span class='ocr_line' id='line_1_38' title="bbox 2571 961 4230 1035; baseline -0.002 -16"><span class='ocrx_word' id='word_1_268' title='bbox 2571 963 2920 1032; x_wconf 88' lang='lat' dir='ltr'><em>dicentium,</em></span> <span class='ocrx_word' id='word_1_269' title='bbox 2942 963 3226 1035; x_wconf 90' lang='lat' dir='ltr'><em>Spiritum</em></span> <span class='ocrx_word' id='word_1_270' title='bbox 3246 961 3664 1034; x_wconf 89' lang='lat' dir='ltr'><em>imperfectum</em></span> <span class='ocrx_word' id='word_1_271' title='bbox 3699 978 3849 1029; x_wconf 88' lang='lat' dir='ltr'><em>esse,</em></span> <span class='ocrx_word' id='word_1_272' title='bbox 3873 966 3931 1018; x_wconf 89' lang='lat' dir='ltr'><em>et</em></span> <span class='ocrx_word' id='word_1_273' title='bbox 3951 961 4100 1017; x_wconf 87' lang='lat' dir='ltr'><em>nihil</em></span> <span class='ocrx_word' id='word_1_274' title='bbox 4123 961 4230 1016; x_wconf 88' lang='lat' dir='ltr'><em>ha-</em></span> 
     </span>
    </p>
   </div>
   <div class='ocr_carea' id='block_1_39' title="bbox 2569 1050 4228 1123">
    <p class='ocr_par' dir='ltr' id='par_1_39' title="bbox 2569 1050 4228 1123">
     <span class='ocr_line' id='line_1_39' title="bbox 2569 1050 4228 1123; baseline -0.002 -14"><span class='ocrx_word' id='word_1_275' title='bbox 2569 1051 2810 1109; x_wconf 89' lang='lat' dir='ltr'><em>bentem</em></span> <span class='ocrx_word' id='word_1_276' title='bbox 2857 1068 2930 1107; x_wconf 89' lang='lat' dir='ltr'><em>ex</em></span> <span class='ocrx_word' id='word_1_277' title='bbox 2977 1068 3062 1118; x_wconf 89' lang='lat' dir='ltr'><em>se,</em></span> <span class='ocrx_word' id='word_1_278' title='bbox 3092 1050 3200 1106; x_wconf 91' lang='lat' dir='ltr'><em>sed</em></span> <span class='ocrx_word' id='word_1_279' title='bbox 3230 1066 3302 1105; x_wconf 89' lang='lat' dir='ltr'><em>ex</em></span> <span class='ocrx_word' id='word_1_280' title='bbox 3329 1050 3784 1123; x_wconf 87' lang='lat' dir='ltr'><em>participatione</em></span> <span class='ocrx_word' id='word_1_281' title='bbox 3820 1052 4228 1116; x_wconf 85' lang='lat' dir='ltr'><em>exsistentem,</em></span> 
     </span>
    </p>
   </div>
   <div class='ocr_carea' id='block_1_40' title="bbox 2570 1137 4232 1213">
    <p class='ocr_par' dir='ltr' id='par_1_40' title="bbox 2570 1137 4232 1213">
     <span class='ocr_line' id='line_1_40' title="bbox 2570 1137 4232 1213; baseline -0.002 -17"><span class='ocrx_word' id='word_1_282' title='bbox 2570 1147 2817 1213; x_wconf 85' lang='lat' dir='ltr'><em>propter</em></span> <span class='ocrx_word' id='word_1_283' title='bbox 2843 1140 2978 1206; x_wconf 93' lang='lat' dir='ltr'><em>hoc,</em></span> <span class='ocrx_word' id='word_1_284' title='bbox 3037 1139 3202 1211; x_wconf 92' lang='lat' dir='ltr'><em>quod</em></span> <span class='ocrx_word' id='word_1_285' title='bbox 3248 1138 3322 1193; x_wconf 92' lang='lat' dir='ltr'><em>de</em></span> <span class='ocrx_word' id='word_1_286' title='bbox 3375 1138 3508 1211; x_wconf 92' lang='lat' dir='ltr'><em>ipso</em></span> <span class='ocrx_word' id='word_1_287' title='bbox 3538 1138 3681 1195; x_wconf 89' lang='lat' dir='ltr'><em>dicit</em></span> <span class='ocrx_word' id='word_1_288' title='bbox 3729 1140 4058 1194; x_wconf 81' lang='lat' dir='ltr'><em>Dominus:</em></span> <span class='ocrx_word' id='word_1_289' title='bbox 4091 1137 4232 1193; x_wconf 84' lang='lat' dir='ltr'><em>Non</em></span> 
     </span>
    </p>
   </div>
   <div class='ocr_carea' id='block_1_41' title="bbox 2571 1229 4234 1300">
    <p class='ocr_par' dir='ltr' id='par_1_41' title="bbox 2571 1229 4234 1300">
     <span class='ocr_line' id='line_1_41' title="bbox 2571 1229 4234 1300; baseline -0.002 -15"><span class='ocrx_word' id='word_1_290' title='bbox 2571 1232 2728 1286; x_wconf 88' lang='lat' dir='ltr'><em>enim</em></span> <span class='ocrx_word' id='word_1_291' title='bbox 2761 1231 3039 1300; x_wconf 80' lang='lat' dir='ltr'><em>loquetur</em></span> <span class='ocrx_word' id='word_1_292' title='bbox 3064 1245 3100 1284; x_wconf 94' lang='lat' dir='ltr'><em>a</em></span> <span class='ocrx_word' id='word_1_293' title='bbox 3127 1231 3435 1296; x_wconf 87' lang='lat' dir='ltr'><em>s’emetipso</em></span> <span class='ocrx_word' id='word_1_294' title='bbox 3465 1230 3510 1262; x_wconf 68' lang='grc' dir='ltr'><em>δ’</em></span> <span class='ocrx_word' id='word_1_295' title='bbox 3539 1274 3552 1296; x_wconf 84' lang='grc'><em>,</em></span> <span class='ocrx_word' id='word_1_296' title='bbox 3582 1233 3718 1289; x_wconf 91' lang='lat' dir='ltr'><em>etc.,</em></span> <span class='ocrx_word' id='word_1_297' title='bbox 3774 1229 3860 1284; x_wconf 88' lang='lat' dir='ltr'><em>sic</em></span> <span class='ocrx_word' id='word_1_298' title='bbox 3893 1229 3976 1283; x_wconf 88' lang='lat' dir='ltr'><em>ait</em></span> <span class='ocrx_word' id='word_1_299' title='bbox 4004 1246 4017 1282; x_wconf 91' lang='lat'><em>:</em></span> <span class='ocrx_word' id='word_1_300' title='bbox 4051 1251 4071 1276; x_wconf 75' lang='grc' dir='ltr'><em>ι</em></span> <span class='ocrx_word' id='word_1_301' title='bbox 4103 1229 4234 1283; x_wconf 87' lang='lat' dir='ltr'><em>Non</em></span> 
     </span>
    </p>
   </div>
   <div class='ocr_carea' id='block_1_42' title="bbox 2572 1315 4238 1389">
    <p class='ocr_par' dir='ltr' id='par_1_42' title="bbox 2572 1315 4238 1389">
     <span class='ocr_line' id='line_1_42' title="bbox 2572 1315 4238 1389; baseline -0.002 -15"><span class='ocrx_word' id='word_1_302' title='bbox 2572 1319 2733 1374; x_wconf 91' lang='lat' dir='ltr'><em>enim</em></span> <span class='ocrx_word' id='word_1_303' title='bbox 2756 1318 3170 1389; x_wconf 90' lang='lat' dir='ltr'><em>imperfectum</em></span> <span class='ocrx_word' id='word_1_304' title='bbox 3198 1317 3480 1388; x_wconf 88' lang='lat' dir='ltr'><em>Spiritum</em></span> <span class='ocrx_word' id='word_1_305' title='bbox 3513 1317 3839 1372; x_wconf 88' lang='lat' dir='ltr'><em>ostendens</em></span> <span class='ocrx_word' id='word_1_306' title='bbox 3859 1316 3973 1372; x_wconf 88' lang='lat' dir='ltr'><em>hoc</em></span> <span class='ocrx_word' id='word_1_307' title='bbox 4001 1316 4076 1371; x_wconf 91' lang='lat' dir='ltr'><em>de</em></span> <span class='ocrx_word' id='word_1_308' title='bbox 4100 1315 4238 1388; x_wconf 89' lang='lat' dir='ltr'><em>ipso</em></span> 
     </span>
    </p>
   </div>
   <div class='ocr_carea' id='block_1_43' title="bbox 2573 1404 4233 1473">
    <p class='ocr_par' dir='ltr' id='par_1_43' title="bbox 2573 1404 4233 1473">
     <span class='ocr_line' id='line_1_43' title="bbox 2573 1404 4233 1473; baseline -0.003 -11"><span class='ocrx_word' id='word_1_309' title='bbox 2573 1407 2655 1462; x_wconf 87' lang='lat' dir='ltr'><em>ait</em></span> <span class='ocrx_word' id='word_1_310' title='bbox 2697 1406 2985 1467; x_wconf 85' lang='lat' dir='ltr'><em>Salvator,</em></span> <span class='ocrx_word' id='word_1_311' title='bbox 3044 1405 3151 1460; x_wconf 90' lang='lat' dir='ltr'><em>sed</em></span> <span class='ocrx_word' id='word_1_312' title='bbox 3200 1412 3264 1459; x_wconf 92' lang='lat' dir='ltr'><em>ut</em></span> <span class='ocrx_word' id='word_1_313' title='bbox 3316 1404 3512 1473; x_wconf 88' lang='lat' dir='ltr'><em>magis</em></span> <span class='ocrx_word' id='word_1_314' title='bbox 3556 1404 3839 1460; x_wconf 83' lang='lat' dir='ltr'><em>certiﬁcet</em></span> <span class='ocrx_word' id='word_1_315' title='bbox 3897 1405 4233 1468; x_wconf 90' lang='lat' dir='ltr'><em>audientes,</em></span> 
     </span>
    </p>
   </div>
   <div class='ocr_carea' id='block_1_44' title="bbox 2572 1492 4235 1567">
    <p class='ocr_par' dir='ltr' id='par_1_44' title="bbox 2572 1492 4235 1567">
     <span class='ocr_line' id='line_1_44' title="bbox 2572 1492 4235 1567; baseline -0.002 -17"><span class='ocrx_word' id='word_1_316' title='bbox 2572 1496 2738 1567; x_wconf 90' lang='lat' dir='ltr'><em>quod</em></span> <span class='ocrx_word' id='word_1_317' title='bbox 2773 1495 3042 1550; x_wconf 69' lang='lat' dir='ltr'><em>essentiae</em></span> <span class='ocrx_word' id='word_1_318' title='bbox 3074 1495 3366 1549; x_wconf 89' lang='lat' dir='ltr'><em>exsistens</em></span> <span class='ocrx_word' id='word_1_319' title='bbox 3416 1495 3567 1564; x_wconf 85' lang='lat' dir='ltr'><em>ejus,</em></span> <span class='ocrx_word' id='word_1_320' title='bbox 3601 1509 3726 1550; x_wconf 91' lang='lat' dir='ltr'><em>non</em></span> <span class='ocrx_word' id='word_1_321' title='bbox 3757 1493 3920 1548; x_wconf 88' lang='lat' dir='ltr'><em>aliud</em></span> <span class='ocrx_word' id='word_1_322' title='bbox 3950 1493 4100 1565; x_wconf 91' lang='lat' dir='ltr'><em>quid</em></span> <span class='ocrx_word' id='word_1_323' title='bbox 4144 1492 4235 1547; x_wconf 89' lang='lat' dir='ltr'><em>lo-</em></span> 
     </span>
    </p>
   </div>
   <div class='ocr_carea' id='block_1_45' title="bbox 2572 1583 4240 1655">
    <p class='ocr_par' dir='ltr' id='par_1_45' title="bbox 2572 1583 4240 1655">
     <span class='ocr_line' id='line_1_45' title="bbox 2572 1583 4240 1655; baseline -0.002 -17"><span class='ocrx_word' id='word_1_324' title='bbox 2572 1585 2794 1655; x_wconf 90' lang='lat' dir='ltr'><em>quitur,</em></span> <span class='ocrx_word' id='word_1_325' title='bbox 2828 1600 3010 1655; x_wconf 89' lang='lat' dir='ltr'><em>quam</em></span> <span class='ocrx_word' id='word_1_326' title='bbox 3045 1584 3210 1655; x_wconf 92' lang='lat' dir='ltr'><em>quod</em></span> <span class='ocrx_word' id='word_1_327' title='bbox 3254 1583 3382 1654; x_wconf 91' lang='lat' dir='ltr'><em>ipse</em></span> <span class='ocrx_word' id='word_1_328' title='bbox 3411 1583 3552 1648; x_wconf 87' lang='lat' dir='ltr'><em>vult,</em></span> <span class='ocrx_word' id='word_1_329' title='bbox 3587 1588 3644 1637; x_wconf 89' lang='lat' dir='ltr'><em>et</em></span> <span class='ocrx_word' id='word_1_330' title='bbox 3674 1597 3889 1638; x_wconf 87' lang='lat' dir='ltr'><em>sensus</em></span> <span class='ocrx_word' id='word_1_331' title='bbox 3943 1583 4240 1638; x_wconf 84' lang='lat' dir='ltr'><em>exsistens</em></span> 
     </span>
    </p>
   </div>
   <div class='ocr_carea' id='block_1_46' title="bbox 2574 1670 4240 1744">
    <p class='ocr_par' dir='ltr' id='par_1_46' title="bbox 2574 1670 4240 1744">
     <span class='ocr_line' id='line_1_46' title="bbox 2574 1670 4240 1744; baseline -0.001 -18"><span class='ocrx_word' id='word_1_332' title='bbox 2574 1673 2703 1743; x_wconf 89' lang='lat' dir='ltr'><em>ejus</em></span> <span class='ocrx_word' id='word_1_333' title='bbox 2751 1673 2923 1744; x_wconf 82' lang='lat' dir='ltr'><em>juxta</em></span> <span class='ocrx_word' id='word_1_334' title='bbox 2967 1674 3029 1725; x_wconf 89' lang='grc' dir='ltr'><strong>Β.</strong></span> <span class='ocrx_word' id='word_1_335' title='bbox 3082 1671 3324 1726; x_wconf 88' lang='lat' dir='ltr'><em>Paulum</em></span> <span class='ocrx_word' id='word_1_336' title='bbox 3355 1671 3654 1726; x_wconf 91' lang='lat' dir='ltr'><em>dicentem</em></span> <span class='ocrx_word' id='word_1_337' title='bbox 3701 1670 3778 1726; x_wconf 89' lang='lat' dir='ltr'><em>de</em></span> <span class='ocrx_word' id='word_1_338' title='bbox 3829 1670 4240 1743; x_wconf 82' lang='lat' dir='ltr'><em>SpirituzNos</em></span> 
     </span>
    </p>
   </div>
   <div class='ocr_carea' id='block_1_47' title="bbox 2573 1757 4242 1832">
    <p class='ocr_par' dir='ltr' id='par_1_47' title="bbox 2573 1757 4242 1832">
     <span class='ocr_line' id='line_1_47' title="bbox 2573 1757 4242 1832; baseline -0.002 -16"><span class='ocrx_word' id='word_1_339' title='bbox 2573 1776 2807 1817; x_wconf 77' lang='lat' dir='ltr'><em>sensum</em></span> <span class='ocrx_word' id='word_1_340' title='bbox 2825 1761 3060 1817; x_wconf 87' lang='lat' dir='ltr'><em>Christi</em></span> <span class='ocrx_word' id='word_1_341' title='bbox 3074 1761 3356 1816; x_wconf 83' lang='lat' dir='ltr'><em>habemus</em></span> <span class='ocrx_word' id='word_1_342' title='bbox 3375 1761 3450 1814; x_wconf 67' lang='lat'><em>‘3:</em></span> <span class='ocrx_word' id='word_1_343' title='bbox 3475 1758 3570 1814; x_wconf 79' lang='lat' dir='ltr'><em>ille</em></span> <span class='ocrx_word' id='word_1_344' title='bbox 3582 1774 3829 1832; x_wconf 87' lang='lat' dir='ltr'><em>prorsus</em></span> <span class='ocrx_word' id='word_1_345' title='bbox 3841 1757 4242 1815; x_wconf 89' lang='lat' dir='ltr'><em>rationabitur</em></span> 
     </span>
    </p>
   </div>
   <div class='ocr_carea' id='block_1_48' title="bbox 2503 1849 4240 1922">
    <p class='ocr_par' dir='ltr' id='par_1_48' title="bbox 2503 1849 4240 1922">
     <span class='ocr_line' id='line_1_48' title="bbox 2503 1849 4240 1922; baseline -0.002 -17"><span class='ocrx_word' id='word_1_346' title='bbox 2503 1859 2541 1912; x_wconf 83' lang='grc' dir='ltr'><strong>Β</strong></span> <span class='ocrx_word' id='word_1_347' title='bbox 2575 1855 2630 1905; x_wconf 92' lang='lat' dir='ltr'><em>et</em></span> <span class='ocrx_word' id='word_1_348' title='bbox 2651 1849 2972 1916; x_wconf 90' lang='lat' dir='ltr'><em>ordinabit,</em></span> <span class='ocrx_word' id='word_1_349' title='bbox 2997 1865 3132 1922; x_wconf 74' lang='lat' dir='ltr'><em>qua:</em></span> <span class='ocrx_word' id='word_1_350' title='bbox 3161 1855 3218 1904; x_wconf 92' lang='lat' dir='ltr'><em>et</em></span> <span class='ocrx_word' id='word_1_351' title='bbox 3243 1849 3392 1921; x_wconf 92' lang='lat' dir='ltr'><em>ipse,</em></span> <span class='ocrx_word' id='word_1_352' title='bbox 3421 1849 3594 1918; x_wconf 90' lang='lat' dir='ltr'><em>cujus</em></span> <span class='ocrx_word' id='word_1_353' title='bbox 3621 1854 3709 1903; x_wconf 91' lang='lat' dir='ltr'><em>est</em></span> <span class='ocrx_word' id='word_1_354' title='bbox 3734 1863 3967 1903; x_wconf 88' lang='lat' dir='ltr'><em>sensus.</em></span> <span class='ocrx_word' id='word_1_355' title='bbox 3993 1850 4240 1918; x_wconf 86' lang='lat' dir='ltr'><em>Propter</em></span> 
     </span>
    </p>
   </div>
   <div class='ocr_carea' id='block_1_49' title="bbox 2575 1935 4238 2020">
    <p class='ocr_par' dir='ltr' id='par_1_49' title="bbox 2575 1935 4238 2020">
     <span class='ocr_line' id='line_1_49' title="bbox 2575 1935 4238 2020; baseline -0.002 -26"><span class='ocrx_word' id='word_1_356' title='bbox 2575 1939 2689 1995; x_wconf 93' lang='lat' dir='ltr'><em>hoc</em></span> <span class='ocrx_word' id='word_1_357' title='bbox 2717 1938 2862 1994; x_wconf 90' lang='lat' dir='ltr'><em>nihil</em></span> <span class='ocrx_word' id='word_1_358' title='bbox 2890 1955 2964 1994; x_wconf 90' lang='lat' dir='ltr'><em>ex</em></span> <span class='ocrx_word' id='word_1_359' title='bbox 2995 1954 3056 1994; x_wconf 91' lang='lat' dir='ltr'><em>se</em></span> <span class='ocrx_word' id='word_1_360' title='bbox 3087 1939 3220 2010; x_wconf 91' lang='lat' dir='ltr'><em>ipso</em></span> <span class='ocrx_word' id='word_1_361' title='bbox 3254 1938 3540 2020; x_wconf 76' lang='lat' dir='ltr'><em>Spiritum</em></span> <span class='ocrx_word' id='word_1_362' title='bbox 3569 1937 3915 1993; x_wconf 90' lang='lat' dir='ltr'><em>locuturum</em></span> <span class='ocrx_word' id='word_1_363' title='bbox 3963 1935 4238 1992; x_wconf 83' lang='lat' dir='ltr'><em>afﬁrma-</em></span> 
     </span>
    </p>
   </div>
   <div class='ocr_carea' id='block_1_50' title="bbox 2575 2025 4236 2100">
    <p class='ocr_par' dir='ltr' id='par_1_50' title="bbox 2575 2025 4236 2100">
     <span class='ocr_line' id='line_1_50' title="bbox 2575 2025 4236 2100; baseline -0.003 -17"><span class='ocrx_word' id='word_1_364' title='bbox 2575 2029 2677 2093; x_wconf 86' lang='lat' dir='ltr'><em>vit,</em></span> <span class='ocrx_word' id='word_1_365' title='bbox 2734 2029 2913 2100; x_wconf 90' lang='lat' dir='ltr'><em>quasi</em></span> <span class='ocrx_word' id='word_1_366' title='bbox 2965 2027 3314 2095; x_wconf 89' lang='lat' dir='ltr'><em>dicat:Ego</em></span> <span class='ocrx_word' id='word_1_367' title='bbox 3363 2043 3497 2081; x_wconf 91' lang='lat' dir='ltr'><em>sum</em></span> <span class='ocrx_word' id='word_1_368' title='bbox 3550 2027 3766 2082; x_wconf 88' lang='lat' dir='ltr'><em>iterum</em></span> <span class='ocrx_word' id='word_1_369' title='bbox 3817 2025 3922 2098; x_wconf 91' lang='lat' dir='ltr'><em>qui</em></span> <span class='ocrx_word' id='word_1_370' title='bbox 3976 2027 4236 2097; x_wconf 85' lang='lat' dir='ltr'><em>loquor;</em></span> 
     </span>
    </p>
   </div>
   <div class='ocr_carea' id='block_1_51' title="bbox 2576 2114 4240 2189">
    <p class='ocr_par' dir='ltr' id='par_1_51' title="bbox 2576 2114 4240 2189">
     <span class='ocr_line' id='line_1_51' title="bbox 2576 2114 4240 2189; baseline -0.002 -17"><span class='ocrx_word' id='word_1_371' title='bbox 2576 2117 2735 2174; x_wconf 91' lang='lat' dir='ltr'><em>velut</em></span> <span class='ocrx_word' id='word_1_372' title='bbox 2768 2117 2818 2172; x_wconf 90' lang='lat' dir='ltr'><em>si</em></span> <span class='ocrx_word' id='word_1_373' title='bbox 2843 2122 2901 2173; x_wconf 90' lang='lat' dir='ltr'><em>et</em></span> <span class='ocrx_word' id='word_1_374' title='bbox 2930 2117 3032 2189; x_wconf 90' lang='lat' dir='ltr'><em>qui</em></span> <span class='ocrx_word' id='word_1_375' title='bbox 3058 2118 3118 2172; x_wconf 91' lang='lat' dir='ltr'><em>in</em></span> <span class='ocrx_word' id='word_1_376' title='bbox 3145 2117 3392 2172; x_wconf 89' lang='lat' dir='ltr'><em>homine</em></span> <span class='ocrx_word' id='word_1_377' title='bbox 3418 2120 3505 2172; x_wconf 89' lang='lat' dir='ltr'><em>est</em></span> <span class='ocrx_word' id='word_1_378' title='bbox 3529 2131 3766 2183; x_wconf 90' lang='lat' dir='ltr'><em>sensus,</em></span> <span class='ocrx_word' id='word_1_379' title='bbox 3793 2115 3958 2170; x_wconf 90' lang='lat' dir='ltr'><em>dicat</em></span> <span class='ocrx_word' id='word_1_380' title='bbox 3985 2114 4059 2170; x_wconf 90' lang='lat' dir='ltr'><em>de</em></span> <span class='ocrx_word' id='word_1_381' title='bbox 4095 2128 4240 2186; x_wconf 89' lang='lat' dir='ltr'><em>pro-</em></span> 
     </span>
    </p>
   </div>
   <div class='ocr_carea' id='block_1_52' title="bbox 2577 2204 4239 2278">
    <p class='ocr_par' dir='ltr' id='par_1_52' title="bbox 2577 2204 4239 2278">
     <span class='ocr_line' id='line_1_52' title="bbox 2577 2204 4239 2278; baseline -0.003 -16"><span class='ocrx_word' id='word_1_382' title='bbox 2577 2207 2826 2263; x_wconf 88' lang='lat' dir='ltr'><em>cedente</em></span> <span class='ocrx_word' id='word_1_383' title='bbox 2848 2223 2920 2262; x_wconf 84' lang='lat' dir='ltr'><em>ex</em></span> <span class='ocrx_word' id='word_1_384' title='bbox 2943 2223 3003 2262; x_wconf 91' lang='lat' dir='ltr'><em>se</em></span> <span class='ocrx_word' id='word_1_385' title='bbox 3024 2207 3156 2278; x_wconf 91' lang='lat' dir='ltr'><em>ipso</em></span> <span class='ocrx_word' id='word_1_386' title='bbox 3176 2206 3406 2260; x_wconf 85' lang='lat' dir='ltr'><em>ratione</em></span> <span class='ocrx_word' id='word_1_387' title='bbox 3432 2223 3443 2259; x_wconf 94' lang='lat'><em>:</em></span> <span class='ocrx_word' id='word_1_388' title='bbox 3471 2209 3597 2261; x_wconf 83' lang='lat' dir='ltr'><em>Non</em></span> <span class='ocrx_word' id='word_1_389' title='bbox 3619 2205 3898 2276; x_wconf 90' lang='lat' dir='ltr'><em>loquetur</em></span> <span class='ocrx_word' id='word_1_390' title='bbox 3920 2221 3955 2260; x_wconf 91' lang='lat' dir='ltr'><em>a</em></span> <span class='ocrx_word' id='word_1_391' title='bbox 3995 2219 4055 2258; x_wconf 92' lang='lat' dir='ltr'><em>se</em></span> <span class='ocrx_word' id='word_1_392' title='bbox 4099 2204 4239 2274; x_wconf 90' lang='lat' dir='ltr'><em>ipso</em></span> 
     </span>
    </p>
   </div>
   <div class='ocr_carea' id='block_1_53' title="bbox 2578 2294 3994 2368">
    <p class='ocr_par' dir='ltr' id='par_1_53' title="bbox 2578 2294 3994 2368">
     <span class='ocr_line' id='line_1_53' title="bbox 2578 2294 3994 2368; baseline -0.003 -17"><span class='ocrx_word' id='word_1_393' title='bbox 2578 2295 2828 2368; x_wconf 90' lang='lat' dir='ltr'><em>aliquid,</em></span> <span class='ocrx_word' id='word_1_394' title='bbox 2864 2295 2969 2350; x_wconf 90' lang='lat' dir='ltr'><em>sed</em></span> <span class='ocrx_word' id='word_1_395' title='bbox 2999 2306 3381 2367; x_wconf 63' lang='lat' dir='ltr'><em>quaecunque</em></span> <span class='ocrx_word' id='word_1_396' title='bbox 3413 2294 3614 2349; x_wconf 90' lang='lat' dir='ltr'><em>audiet</em></span> <span class='ocrx_word' id='word_1_397' title='bbox 3641 2295 3930 2365; x_wconf 86' lang='lat' dir='ltr'><em>loquetur.</em></span> <span class='ocrx_word' id='word_1_398' title='bbox 3968 2315 3994 2342; x_wconf 82' lang='lat'><strong>»</strong></span> 
     </span>
    </p>
   </div>
   <div class='ocr_carea' id='block_1_54' title="bbox 2650 2381 4242 2456">
    <p class='ocr_par' dir='ltr' id='par_1_54' title="bbox 2650 2381 4242 2456">
     <span class='ocr_line' id='line_1_54' title="bbox 2650 2381 4242 2456; baseline -0.003 -16"><span class='ocrx_word' id='word_1_399' title='bbox 2650 2386 2718 2440; x_wconf 87' lang='lat' dir='ltr'><em>Et</em></span> <span class='ocrx_word' id='word_1_400' title='bbox 2752 2385 2950 2440; x_wconf 88' lang='lat' dir='ltr'><em>statim</em></span> <span class='ocrx_word' id='word_1_401' title='bbox 2978 2389 3119 2456; x_wconf 91' lang='lat' dir='ltr'><em>post</em></span> <span class='ocrx_word' id='word_1_402' title='bbox 3149 2383 3353 2455; x_wconf 89' lang='lat' dir='ltr'><em>aliqua</em></span> <span class='ocrx_word' id='word_1_403' title='bbox 3396 2381 3584 2438; x_wconf 91' lang='lat' dir='ltr'><em>verba</em></span> <span class='ocrx_word' id='word_1_404' title='bbox 3612 2383 3960 2455; x_wconf 85' lang='lat' dir='ltr'><em>interposita</em></span> <span class='ocrx_word' id='word_1_405' title='bbox 3989 2381 4070 2437; x_wconf 89' lang='lat' dir='ltr'><em>ait</em></span> <span class='ocrx_word' id='word_1_406' title='bbox 4098 2395 4242 2436; x_wconf 91' lang='lat' dir='ltr'><em>san-</em></span> 
     </span>
    </p>
   </div>
   <div class='ocr_carea' id='block_1_55' title="bbox 2579 2470 4245 2546">
    <p class='ocr_par' dir='ltr' id='par_1_55' title="bbox 2579 2470 4245 2546">
     <span class='ocr_line' id='line_1_55' title="bbox 2579 2470 4245 2546; baseline -0.003 -15"><span class='ocrx_word' id='word_1_407' title='bbox 2579 2480 2707 2532; x_wconf 89' lang='lat' dir='ltr'><em>ctus</em></span> <span class='ocrx_word' id='word_1_408' title='bbox 2730 2474 2980 2546; x_wconf 90' lang='lat' dir='ltr'><em>Cyrillus</em></span> <span class='ocrx_word' id='word_1_409' title='bbox 3004 2492 3016 2529; x_wconf 93' lang='lat'><em>:</em></span> <span class='ocrx_word' id='word_1_410' title='bbox 3051 2496 3071 2523; x_wconf 79' lang='grc' dir='ltr'><em>ι</em></span> <span class='ocrx_word' id='word_1_411' title='bbox 3099 2473 3299 2530; x_wconf 87' lang='lat' dir='ltr'><em>Talem</em></span> <span class='ocrx_word' id='word_1_412' title='bbox 3321 2472 3652 2545; x_wconf 88' lang='lat' dir='ltr'><em>quemdam</em></span> <span class='ocrx_word' id='word_1_413' title='bbox 3675 2470 4037 2528; x_wconf 89' lang='lat' dir='ltr'><em>intellectum</em></span> <span class='ocrx_word' id='word_1_414' title='bbox 4065 2486 4245 2541; x_wconf 89' lang='lat' dir='ltr'><em>opor-</em></span> 
     </span>
    </p>
   </div>
   <div class='ocr_carea' id='block_1_56' title="bbox 2579 2561 4249 2636">
    <p class='ocr_par' dir='ltr' id='par_1_56' title="bbox 2579 2561 4249 2636">
     <span class='ocr_line' id='line_1_56' title="bbox 2579 2561 4249 2636; baseline -0.003 -15"><span class='ocrx_word' id='word_1_415' title='bbox 2579 2571 2660 2622; x_wconf 90' lang='lat' dir='ltr'><em>tet</em></span> <span class='ocrx_word' id='word_1_416' title='bbox 2686 2565 2954 2636; x_wconf 90' lang='lat' dir='ltr'><em>accipere</em></span> <span class='ocrx_word' id='word_1_417' title='bbox 2985 2563 3059 2618; x_wconf 90' lang='lat' dir='ltr'><em>de</em></span> <span class='ocrx_word' id='word_1_418' title='bbox 3093 2562 3313 2633; x_wconf 90' lang='lat' dir='ltr'><em>Spiritu</em></span> <span class='ocrx_word' id='word_1_419' title='bbox 3345 2567 3574 2617; x_wconf 88' lang='lat' dir='ltr'><em>sancto.</em></span> <span class='ocrx_word' id='word_1_420' title='bbox 3609 2563 3756 2617; x_wconf 89' lang='lat' dir='ltr'><em>Cum</em></span> <span class='ocrx_word' id='word_1_421' title='bbox 3792 2561 3952 2616; x_wconf 92' lang='lat' dir='ltr'><em>enim</em></span> <span class='ocrx_word' id='word_1_422' title='bbox 3992 2561 4249 2616; x_wconf 85' lang='lat' dir='ltr'><em>exsistat</em></span> 
     </span>
    </p>
   </div>
   <div class='ocr_carea' id='block_1_57' title="bbox 2581 2648 4248 2728">
    <p class='ocr_par' dir='ltr' id='par_1_57' title="bbox 2581 2648 4248 2728">
     <span class='ocr_line' id='line_1_57' title="bbox 2581 2648 4248 2728; baseline -0.005 -16"><span class='ocrx_word' id='word_1_423' title='bbox 2581 2653 2832 2728; x_wconf 89' lang='lat' dir='ltr'><em>Spiritus</em></span> <span class='ocrx_word' id='word_1_424' title='bbox 2859 2657 3104 2708; x_wconf 91' lang='lat' dir='ltr'><em>sanctus</em></span> <span class='ocrx_word' id='word_1_425' title='bbox 3132 2651 3364 2715; x_wconf 88' lang='lat' dir='ltr'><em>Christi,</em></span> <span class='ocrx_word' id='word_1_426' title='bbox 3399 2651 3606 2706; x_wconf 87' lang='lat' dir='ltr'><em>omnia</em></span> <span class='ocrx_word' id='word_1_427' title='bbox 3634 2666 3770 2722; x_wconf 66' lang='lat' dir='ltr'><em>quae</em></span> <span class='ocrx_word' id='word_1_428' title='bbox 3801 2651 3927 2721; x_wconf 91' lang='lat' dir='ltr'><em>ipse</em></span> <span class='ocrx_word' id='word_1_429' title='bbox 3977 2648 4248 2721; x_wconf 87' lang='lat' dir='ltr'><em>loquitur</em></span> 
     </span>
    </p>
   </div>
   <div class='ocr_carea' id='block_1_58' title="bbox 2579 2738 4244 2815">
    <p class='ocr_par' dir='ltr' id='par_1_58' title="bbox 2579 2738 4244 2815">
     <span class='ocr_line' id='line_1_58' title="bbox 2579 2738 4244 2815; baseline -0.005 -15"><span class='ocrx_word' id='word_1_430' title='bbox 2579 2742 2914 2815; x_wconf 89' lang='lat' dir='ltr'><em>discipulis,</em></span> <span class='ocrx_word' id='word_1_431' title='bbox 2929 2757 3050 2798; x_wconf 94' lang='lat' dir='ltr'><em>non</em></span> <span class='ocrx_word' id='word_1_432' title='bbox 3068 2740 3694 2812; x_wconf 89' lang='lat' dir='ltr'><em>inseparataquadam</em></span> <span class='ocrx_word' id='word_1_433' title='bbox 3707 2739 4011 2794; x_wconf 87' lang='lat' dir='ltr'><em>voluntate</em></span> <span class='ocrx_word' id='word_1_434' title='bbox 4028 2738 4107 2794; x_wconf 86' lang='lat' dir='ltr'><em>ab</em></span> <span class='ocrx_word' id='word_1_435' title='bbox 4144 2753 4244 2806; x_wconf 92' lang='lat' dir='ltr'><em>eo,</em></span> 
     </span>
    </p>
   </div>
   <div class='ocr_carea' id='block_1_59' title="bbox 2579 2825 4248 2905">
    <p class='ocr_par' dir='ltr' id='par_1_59' title="bbox 2579 2825 4248 2905">
     <span class='ocr_line' id='line_1_59' title="bbox 2579 2825 4248 2905; baseline -0.004 -17"><span class='ocrx_word' id='word_1_436' title='bbox 2579 2833 2638 2888; x_wconf 91' lang='lat' dir='ltr'><em>in</em></span> <span class='ocrx_word' id='word_1_437' title='bbox 2662 2849 2785 2905; x_wconf 92' lang='lat' dir='ltr'><em>quo</em></span> <span class='ocrx_word' id='word_1_438' title='bbox 2807 2836 2912 2900; x_wconf 91' lang='lat' dir='ltr'><em>est,</em></span> <span class='ocrx_word' id='word_1_439' title='bbox 2934 2831 3199 2903; x_wconf 90' lang='lat' dir='ltr'><em>loquitur</em></span> <span class='ocrx_word' id='word_1_440' title='bbox 3225 2849 3236 2884; x_wconf 93' lang='lat'><em>:</em></span> <span class='ocrx_word' id='word_1_441' title='bbox 3265 2828 3372 2884; x_wconf 91' lang='lat' dir='ltr'><em>sed</em></span> <span class='ocrx_word' id='word_1_442' title='bbox 3394 2835 3687 2900; x_wconf 89' lang='lat' dir='ltr'><em>tanquam</em></span> <span class='ocrx_word' id='word_1_443' title='bbox 3711 2844 3783 2883; x_wconf 82' lang='lat' dir='ltr'><em>ex</em></span> <span class='ocrx_word' id='word_1_444' title='bbox 3804 2827 4066 2882; x_wconf 76' lang='lat' dir='ltr'><em>essentia</em></span> <span class='ocrx_word' id='word_1_445' title='bbox 4083 2825 4248 2882; x_wconf 90' lang='lat' dir='ltr'><em>illius</em></span> 
     </span>
    </p>
   </div>
   <div class='ocr_carea' id='block_1_60' title="bbox 2579 2916 4250 2991">
    <p class='ocr_par' dir='ltr' id='par_1_60' title="bbox 2579 2916 4250 2991">
     <span class='ocr_line' id='line_1_60' title="bbox 2579 2916 4250 2991; baseline -0.005 -13"><span class='ocrx_word' id='word_1_446' title='bbox 2579 2920 2929 2978; x_wconf 89' lang='lat' dir='ltr'><em>naturaliter</em></span> <span class='ocrx_word' id='word_1_447' title='bbox 2977 2918 3328 2991; x_wconf 83' lang='lat' dir='ltr'><em>procedens,</em></span> <span class='ocrx_word' id='word_1_448' title='bbox 3358 2924 3415 2972; x_wconf 92' lang='lat' dir='ltr'><em>et</em></span> <span class='ocrx_word' id='word_1_449' title='bbox 3446 2922 3632 2972; x_wconf 90' lang='lat' dir='ltr'><em>totam</em></span> <span class='ocrx_word' id='word_1_450' title='bbox 3689 2918 4060 2972; x_wconf 87' lang='lat' dir='ltr'><em>voluntatem</em></span> <span class='ocrx_word' id='word_1_451' title='bbox 4111 2916 4250 2985; x_wconf 89' lang='lat' dir='ltr'><em>ejus</em></span> 
     </span>
    </p>
   </div>
   <div class='ocr_carea' id='block_1_61' title="bbox 2579 3002 4252 3079">
    <p class='ocr_par' dir='ltr' id='par_1_61' title="bbox 2579 3002 4252 3079">
     <span class='ocr_line' id='line_1_61' title="bbox 2579 3002 4252 3079; baseline -0.005 -12"><span class='ocrx_word' id='word_1_452' title='bbox 2579 3010 2838 3077; x_wconf 83' lang='lat' dir='ltr'><em>habens,</em></span> <span class='ocrx_word' id='word_1_453' title='bbox 2874 3009 3028 3064; x_wconf 92' lang='lat' dir='ltr'><em>sicut</em></span> <span class='ocrx_word' id='word_1_454' title='bbox 3058 3013 3114 3063; x_wconf 89' lang='lat' dir='ltr'><em>et</em></span> <span class='ocrx_word' id='word_1_455' title='bbox 3143 3005 3576 3079; x_wconf 87' lang='lat' dir='ltr'><em>operationem.</em></span> <span class='ocrx_word' id='word_1_456' title='bbox 3614 3027 3634 3054; x_wconf 77' lang='grc' dir='ltr'><em>ι</em></span> <span class='ocrx_word' id='word_1_457' title='bbox 3672 3005 3846 3071; x_wconf 85' lang='lat' dir='ltr'><em>Quod</em></span> <span class='ocrx_word' id='word_1_458' title='bbox 3897 3009 4097 3060; x_wconf 89' lang='lat' dir='ltr'><em>autem</em></span> <span class='ocrx_word' id='word_1_459' title='bbox 4146 3002 4252 3058; x_wconf 91' lang='lat' dir='ltr'><em>hic</em></span> 
     </span>
    </p>
   </div>
   <div class='ocr_carea' id='block_1_62' title="bbox 2581 3093 4246 3167">
    <p class='ocr_par' dir='ltr' id='par_1_62' title="bbox 2581 3093 4246 3167">
     <span class='ocr_line' id='line_1_62' title="bbox 2581 3093 4246 3167; baseline -0.007 -12"><span class='ocrx_word' id='word_1_460' title='bbox 2581 3099 3001 3155; x_wconf 88' lang='lat' dir='ltr'><em>transtulimus</em></span> <span class='ocrx_word' id='word_1_461' title='bbox 3047 3097 3393 3167; x_wconf 81' lang='lat' dir='ltr'><em>procedens,</em></span> <span class='ocrx_word' id='word_1_462' title='bbox 3446 3096 3507 3150; x_wconf 91' lang='lat' dir='ltr'><em>in</em></span> <span class='ocrx_word' id='word_1_463' title='bbox 3553 3096 3756 3151; x_wconf 65' lang='lat' dir='ltr'><em>Graeco</em></span> <span class='ocrx_word' id='word_1_464' title='bbox 3803 3093 4019 3149; x_wconf 91' lang='lat' dir='ltr'><em>dicitur</em></span> <span class='ocrx_word' id='word_1_465' title='bbox 4055 3095 4246 3167; x_wconf 79' lang='grc' dir='ltr'><em>προῑὸν</em></span> 
     </span>
    </p>
   </div>
   <div class='ocr_carea' id='block_1_63' title="bbox 804 3181 4256 3270">
    <p class='ocr_par' dir='ltr' id='par_1_63' title="bbox 804 3181 4256 3270">
     <span class='ocr_line' id='line_1_63' title="bbox 804 3181 4256 3270; baseline -0.002 -28"><span class='ocrx_word' id='word_1_466' title='bbox 804 3203 1130 3243; x_wconf 88' lang='lat' dir='ltr'><em>commune</em></span> <span class='ocrx_word' id='word_1_467' title='bbox 1181 3192 1289 3248; x_wconf 88' lang='lat' dir='ltr'><em>est,</em></span> <span class='ocrx_word' id='word_1_468' title='bbox 1319 3188 1484 3260; x_wconf 88' lang='lat' dir='ltr'><em>quod</em></span> <span class='ocrx_word' id='word_1_469' title='bbox 1512 3189 1697 3243; x_wconf 89' lang='lat' dir='ltr'><em>ambo</em></span> <span class='ocrx_word' id='word_1_470' title='bbox 1729 3190 2021 3245; x_wconf 89' lang='lat' dir='ltr'><em>exsistunt</em></span> <span class='ocrx_word' id='word_1_471' title='bbox 2050 3189 2410 3246; x_wconf 70' lang='lat' dir='ltr'><em>mternaliter</em></span> <span class='ocrx_word' id='word_1_472' title='bbox 2439 3207 2474 3245; x_wconf 87' lang='lat' dir='ltr'><em>a</em></span> <span class='ocrx_word' id='word_1_473' title='bbox 2506 3215 2545 3270; x_wconf 68' lang='grc' dir='ltr'><strong><em>ε</em></strong></span> <span class='ocrx_word' id='word_1_474' title='bbox 2586 3194 2641 3244; x_wconf 92' lang='lat' dir='ltr'><em>et</em></span> <span class='ocrx_word' id='word_1_475' title='bbox 2661 3205 2732 3243; x_wconf 91' lang='lat' dir='ltr'><em>ex</em></span> <span class='ocrx_word' id='word_1_476' title='bbox 2759 3187 2931 3242; x_wconf 87' lang='lat' dir='ltr'><em>dictis</em></span> <span class='ocrx_word' id='word_1_477' title='bbox 2963 3189 3332 3249; x_wconf 87' lang='lat' dir='ltr'><em>sanctorum,</em></span> <span class='ocrx_word' id='word_1_478' title='bbox 3367 3189 3423 3240; x_wconf 89' lang='lat' dir='ltr'><em>et</em></span> <span class='ocrx_word' id='word_1_479' title='bbox 3442 3184 3500 3239; x_wconf 89' lang='lat' dir='ltr'><em>vi</em></span> <span class='ocrx_word' id='word_1_480' title='bbox 3524 3183 3933 3253; x_wconf 73' lang='lat' dir='ltr'><em>grammaticae</em></span> <span class='ocrx_word' id='word_1_481' title='bbox 3961 3181 4256 3254; x_wconf 68' lang='lat' dir='ltr'><em>mquipol-</em></span> 
     </span>
    </p>
   </div>
   <div class='ocr_carea' id='block_1_64' title="bbox 805 3275 2477 3351">
    <p class='ocr_par' dir='ltr' id='par_1_64' title="bbox 805 3275 2477 3351">
     <span class='ocr_line' id='line_1_64' title="bbox 805 3275 2477 3351; baseline 0 -20"><span class='ocrx_word' id='word_1_482' title='bbox 805 3279 975 3332; x_wconf 88' lang='lat' dir='ltr'><em>Patre</em></span> <span class='ocrx_word' id='word_1_483' title='bbox 1007 3294 1018 3330; x_wconf 94' lang='lat'><em>:</em></span> <span class='ocrx_word' id='word_1_484' title='bbox 1047 3275 1144 3330; x_wconf 91' lang='lat' dir='ltr'><em>hic</em></span> <span class='ocrx_word' id='word_1_485' title='bbox 1173 3292 1281 3348; x_wconf 91' lang='lat' dir='ltr'><em>per</em></span> <span class='ocrx_word' id='word_1_486' title='bbox 1300 3277 1770 3348; x_wconf 90' lang='lat' dir='ltr'><em>processionem,</em></span> <span class='ocrx_word' id='word_1_487' title='bbox 1801 3277 1896 3333; x_wconf 92' lang='lat' dir='ltr'><em>ille</em></span> <span class='ocrx_word' id='word_1_488' title='bbox 1929 3283 2130 3334; x_wconf 90' lang='lat' dir='ltr'><em>autem</em></span> <span class='ocrx_word' id='word_1_489' title='bbox 2157 3295 2264 3351; x_wconf 90' lang='lat' dir='ltr'><em>per</em></span> <span class='ocrx_word' id='word_1_490' title='bbox 2300 3293 2477 3347; x_wconf 82' lang='lat' dir='ltr'><em>gene-</em></span> 
     </span>
    </p>
   </div>
   <div class='ocr_carea' id='block_1_65' title="bbox 807 3365 2478 3423">
    <p class='ocr_par' dir='ltr' id='par_1_65' title="bbox 807 3365 2478 3423">
     <span class='ocr_line' id='line_1_65' title="bbox 807 3365 2478 3423; baseline 0 -2"><span class='ocrx_word' id='word_1_491' title='bbox 807 3365 1129 3421; x_wconf 88' lang='lat' dir='ltr'><em>rationem.</em></span> <span class='ocrx_word' id='word_1_492' title='bbox 1153 3365 1367 3420; x_wconf 88' lang='lat' dir='ltr'><em>Omnia</em></span> <span class='ocrx_word' id='word_1_493' title='bbox 1387 3381 1528 3421; x_wconf 90' lang='lat' dir='ltr'><em>vero</em></span> <span class='ocrx_word' id='word_1_494' title='bbox 1553 3366 1671 3422; x_wconf 89' lang='lat' dir='ltr'><em>alia</em></span> <span class='ocrx_word' id='word_1_495' title='bbox 1689 3368 2090 3422; x_wconf 88' lang='lat' dir='ltr'><em>communiter</em></span> <span class='ocrx_word' id='word_1_496' title='bbox 2111 3368 2478 3423; x_wconf 89' lang='lat' dir='ltr'><em>conveniunt</em></span> 
     </span>
    </p>
   </div>
   <div class='ocr_carea' id='block_1_66' title="bbox 809 3453 2477 3527">
    <p class='ocr_par' dir='ltr' id='par_1_66' title="bbox 809 3453 2477 3527">
     <span class='ocr_line' id='line_1_66' title="bbox 809 3453 2477 3527; baseline 0.002 -18"><span class='ocrx_word' id='word_1_497' title='bbox 809 3453 1000 3509; x_wconf 91' lang='lat' dir='ltr'><em>tribus</em></span> <span class='ocrx_word' id='word_1_498' title='bbox 1045 3454 1340 3525; x_wconf 91' lang='lat' dir='ltr'><em>personis.</em></span> <span class='ocrx_word' id='word_1_499' title='bbox 1376 3457 1458 3509; x_wconf 92' lang='lat' dir='ltr'><em>Ea</em></span> <span class='ocrx_word' id='word_1_500' title='bbox 1502 3471 1666 3523; x_wconf 89' lang='lat' dir='ltr'><em>ergo,</em></span> <span class='ocrx_word' id='word_1_501' title='bbox 1699 3473 1834 3527; x_wconf 81' lang='lat' dir='ltr'><em>quae</em></span> <span class='ocrx_word' id='word_1_502' title='bbox 1866 3471 1987 3511; x_wconf 89' lang='lat' dir='ltr'><em>non</em></span> <span class='ocrx_word' id='word_1_503' title='bbox 2029 3456 2309 3512; x_wconf 89' lang='lat' dir='ltr'><em>auferunt</em></span> <span class='ocrx_word' id='word_1_504' title='bbox 2334 3471 2477 3527; x_wconf 89' lang='lat' dir='ltr'><em>pro-</em></span> 
     </span>
    </p>
   </div>
   <div class='ocr_carea' id='block_1_67' title="bbox 812 3543 2479 3616">
    <p class='ocr_par' dir='ltr' id='par_1_67' title="bbox 812 3543 2479 3616">
     <span class='ocr_line' id='line_1_67' title="bbox 812 3543 2479 3616; baseline 0.003 -19"><span class='ocrx_word' id='word_1_505' title='bbox 812 3543 1150 3616; x_wconf 89' lang='lat' dir='ltr'><em>prietatem,</em></span> <span class='ocrx_word' id='word_1_506' title='bbox 1182 3559 1292 3598; x_wconf 91' lang='lat' dir='ltr'><em>nec</em></span> <span class='ocrx_word' id='word_1_507' title='bbox 1320 3544 1704 3600; x_wconf 90' lang='lat' dir='ltr'><em>confundunt</em></span> <span class='ocrx_word' id='word_1_508' title='bbox 1728 3545 2194 3612; x_wconf 88' lang='lat' dir='ltr'><em>distinctionem,</em></span> <span class='ocrx_word' id='word_1_509' title='bbox 2226 3563 2350 3602; x_wconf 91' lang='lat' dir='ltr'><em>non</em></span> <span class='ocrx_word' id='word_1_510' title='bbox 2390 3553 2479 3602; x_wconf 91' lang='lat' dir='ltr'><em>est</em></span> 
     </span>
    </p>
   </div>
   <div class='ocr_carea' id='block_1_68' title="bbox 815 3633 2479 3708">
    <p class='ocr_par' dir='ltr' id='par_1_68' title="bbox 815 3633 2479 3708">
     <span class='ocr_line' id='line_1_68' title="bbox 815 3633 2479 3708; baseline 0.002 -20"><span class='ocrx_word' id='word_1_511' title='bbox 815 3648 1080 3699; x_wconf 91' lang='lat' dir='ltr'><em>necesse,</em></span> <span class='ocrx_word' id='word_1_512' title='bbox 1135 3633 1183 3688; x_wconf 92' lang='lat' dir='ltr'><em>si</em></span> <span class='ocrx_word' id='word_1_513' title='bbox 1231 3633 1512 3688; x_wconf 89' lang='lat' dir='ltr'><em>dicantur</em></span> <span class='ocrx_word' id='word_1_514' title='bbox 1543 3633 1617 3688; x_wconf 92' lang='lat' dir='ltr'><em>de</em></span> <span class='ocrx_word' id='word_1_515' title='bbox 1669 3650 1791 3690; x_wconf 92' lang='lat' dir='ltr'><em>una</em></span> <span class='ocrx_word' id='word_1_516' title='bbox 1841 3641 2095 3702; x_wconf 89' lang='lat' dir='ltr'><em>tantum,</em></span> <span class='ocrx_word' id='word_1_517' title='bbox 2147 3637 2311 3708; x_wconf 92' lang='lat' dir='ltr'><em>quod</em></span> <span class='ocrx_word' id='word_1_518' title='bbox 2360 3637 2479 3692; x_wconf 91' lang='lat' dir='ltr'><em>alia</em></span> 
     </span>
    </p>
   </div>
   <div class='ocr_carea' id='block_1_69' title="bbox 817 3721 2477 3794">
    <p class='ocr_par' dir='ltr' id='par_1_69' title="bbox 817 3721 2477 3794">
     <span class='ocr_line' id='line_1_69' title="bbox 817 3721 2477 3794; baseline 0.003 -19"><span class='ocrx_word' id='word_1_519' title='bbox 817 3726 1064 3794; x_wconf 87' lang='lat' dir='ltr'><em>propter</em></span> <span class='ocrx_word' id='word_1_520' title='bbox 1093 3721 1209 3776; x_wconf 92' lang='lat' dir='ltr'><em>hoc</em></span> <span class='ocrx_word' id='word_1_521' title='bbox 1242 3721 1616 3777; x_wconf 83' lang='lat' dir='ltr'><em>excludatur.</em></span> <span class='ocrx_word' id='word_1_522' title='bbox 1648 3724 1799 3788; x_wconf 87' lang='lat' dir='ltr'><em>Quia</em></span> <span class='ocrx_word' id='word_1_523' title='bbox 1829 3724 1888 3778; x_wconf 93' lang='lat' dir='ltr'><em>in</em></span> <span class='ocrx_word' id='word_1_524' title='bbox 1929 3724 2150 3779; x_wconf 88' lang='lat' dir='ltr'><em>talibus</em></span> <span class='ocrx_word' id='word_1_525' title='bbox 2194 3725 2328 3781; x_wconf 87' lang='lat' dir='ltr'><em>licet</em></span> <span class='ocrx_word' id='word_1_526' title='bbox 2356 3741 2477 3780; x_wconf 90' lang='lat' dir='ltr'><em>non</em></span> 
     </span>
    </p>
   </div>
   <div class='ocr_carea' id='block_1_70' title="bbox 817 3811 2478 3885">
    <p class='ocr_par' dir='ltr' id='par_1_70' title="bbox 817 3811 2478 3885">
     <span class='ocr_line' id='line_1_70' title="bbox 817 3811 2478 3885; baseline 0.002 -19"><span class='ocrx_word' id='word_1_527' title='bbox 817 3811 1181 3877; x_wconf 90' lang='lat' dir='ltr'><em>nominetur,</em></span> <span class='ocrx_word' id='word_1_528' title='bbox 1215 3815 1418 3866; x_wconf 91' lang='lat' dir='ltr'><em>tamen</em></span> <span class='ocrx_word' id='word_1_529' title='bbox 1452 3827 1692 3883; x_wconf 92' lang='lat' dir='ltr'><em>semper</em></span> <span class='ocrx_word' id='word_1_530' title='bbox 1714 3813 2191 3885; x_wconf 88' lang='lat' dir='ltr'><em>subintelligitur,</em></span> <span class='ocrx_word' id='word_1_531' title='bbox 2217 3815 2332 3869; x_wconf 89' lang='lat' dir='ltr'><em>etsi</em></span> <span class='ocrx_word' id='word_1_532' title='bbox 2357 3831 2478 3870; x_wconf 89' lang='lat' dir='ltr'><em>non</em></span> 
     </span>
    </p>
   </div>
   <div class='ocr_carea' id='block_1_71' title="bbox 822 3899 2239 3974">
    <p class='ocr_par' dir='ltr' id='par_1_71' title="bbox 822 3899 2239 3974">
     <span class='ocr_line' id='line_1_71' title="bbox 822 3899 2239 3974; baseline 0.004 -21"><span class='ocrx_word' id='word_1_533' title='bbox 822 3899 1220 3972; x_wconf 87' lang='lat' dir='ltr'><em>speciﬁcetur,</em></span> <span class='ocrx_word' id='word_1_534' title='bbox 1253 3904 1318 3955; x_wconf 85' lang='lat' dir='ltr'><em>ut</em></span> <span class='ocrx_word' id='word_1_535' title='bbox 1348 3900 1409 3955; x_wconf 94' lang='lat' dir='ltr'><em>in</em></span> <span class='ocrx_word' id='word_1_536' title='bbox 1435 3902 1768 3974; x_wconf 65' lang='lat' dir='ltr'><em>prtemissis</em></span> <span class='ocrx_word' id='word_1_537' title='bbox 1790 3909 1878 3957; x_wconf 91' lang='lat' dir='ltr'><em>est</em></span> <span class='ocrx_word' id='word_1_538' title='bbox 1907 3909 2239 3959; x_wconf 88' lang='lat' dir='ltr'><em>ostensum.</em></span> 
     </span>
    </p>
   </div>
   <div class='ocr_carea' id='block_1_72' title="bbox 825 3990 2481 4064">
    <p class='ocr_par' dir='ltr' id='par_1_72' title="bbox 825 3990 2481 4064">
     <span class='ocr_line' id='line_1_72' title="bbox 825 3990 2481 4064; baseline 0.003 -19"><span class='ocrx_word' id='word_1_539' title='bbox 825 3990 993 4058; x_wconf 84' lang='lat' dir='ltr'><em>Quod</em></span> <span class='ocrx_word' id='word_1_540' title='bbox 1026 3990 1286 4060; x_wconf 80' lang='lat' dir='ltr'><em>Spiritus</em></span> <span class='ocrx_word' id='word_1_541' title='bbox 1315 3997 1559 4047; x_wconf 88' lang='lat' dir='ltr'><em>sanctus</em></span> <span class='ocrx_word' id='word_1_542' title='bbox 1580 3994 1849 4061; x_wconf 85' lang='lat' dir='ltr'><em>procedit</em></span> <span class='ocrx_word' id='word_1_543' title='bbox 1886 4010 1922 4050; x_wconf 91' lang='lat' dir='ltr'><em>a</em></span> <span class='ocrx_word' id='word_1_544' title='bbox 1954 3993 2132 4064; x_wconf 86' lang='lat' dir='ltr'><em>Filio,</em></span> <span class='ocrx_word' id='word_1_545' title='bbox 2155 3996 2481 4052; x_wconf 90' lang='lat' dir='ltr'><em>secundum</em></span> 
     </span>
    </p>
   </div>
   <div class='ocr_carea' id='block_1_73' title="bbox 1251 4065 1951 4132">
    <p class='ocr_par' dir='ltr' id='par_1_73' title="bbox 1251 4065 1951 4132">
     <span class='ocr_line' id='line_1_73' title="bbox 1251 4065 1951 4132; baseline 0.006 -14"><span class='ocrx_word' id='word_1_546' title='bbox 1251 4065 1572 4132; x_wconf 79' lang='lat' dir='ltr'><em>apostolos,</em></span> <span class='ocrx_word' id='word_1_547' title='bbox 1602 4071 1655 4119; x_wconf 90' lang='lat' dir='ltr'><em>et</em></span> <span class='ocrx_word' id='word_1_548' title='bbox 1693 4066 1951 4122; x_wconf 71' lang='lat' dir='ltr'><em>ercos.</em></span> 
     </span>
    </p>
   </div>
   <div class='ocr_carea' id='block_1_74' title="bbox 901 4258 2487 4332">
    <p class='ocr_par' dir='ltr' id='par_1_74' title="bbox 901 4258 2487 4332">
     <span class='ocr_line' id='line_1_74' title="bbox 901 4258 2487 4332; baseline 0.002 -17"><span class='ocrx_word' id='word_1_549' title='bbox 901 4260 1153 4316; x_wconf 87' lang='lat' dir='ltr'><em>Ostenso</em></span> <span class='ocrx_word' id='word_1_550' title='bbox 1182 4258 1361 4329; x_wconf 85' lang='lat' dir='ltr'><em>igitur</em></span> <span class='ocrx_word' id='word_1_551' title='bbox 1386 4259 1552 4331; x_wconf 93' lang='lat' dir='ltr'><em>quod</em></span> <span class='ocrx_word' id='word_1_552' title='bbox 1589 4259 1840 4332; x_wconf 88' lang='lat' dir='ltr'><em>Spiritus</em></span> <span class='ocrx_word' id='word_1_553' title='bbox 1866 4262 2138 4332; x_wconf 90' lang='lat' dir='ltr'><em>procedit</em></span> <span class='ocrx_word' id='word_1_554' title='bbox 2162 4278 2198 4317; x_wconf 89' lang='lat' dir='ltr'><em>a</em></span> <span class='ocrx_word' id='word_1_555' title='bbox 2228 4262 2373 4318; x_wconf 88' lang='lat' dir='ltr'><em>Filio</em></span> <span class='ocrx_word' id='word_1_556' title='bbox 2397 4279 2487 4318; x_wconf 90' lang='lat' dir='ltr'><em>se-</em></span> 
     </span>
    </p>
   </div>
   <div class='ocr_carea' id='block_1_75' title="bbox 830 4347 2487 4424">
    <p class='ocr_par' dir='ltr' id='par_1_75' title="bbox 830 4347 2487 4424">
     <span class='ocr_line' id='line_1_75' title="bbox 830 4347 2487 4424; baseline 0.002 -20"><span class='ocrx_word' id='word_1_557' title='bbox 830 4348 1098 4404; x_wconf 91' lang='lat' dir='ltr'><em>cundum</em></span> <span class='ocrx_word' id='word_1_558' title='bbox 1126 4347 1541 4418; x_wconf 88' lang='lat' dir='ltr'><em>Evangelium,</em></span> <span class='ocrx_word' id='word_1_559' title='bbox 1565 4350 1900 4405; x_wconf 90' lang='lat' dir='ltr'><em>secundum</em></span> <span class='ocrx_word' id='word_1_560' title='bbox 1920 4351 2087 4424; x_wconf 90' lang='lat' dir='ltr'><em>quod</em></span> <span class='ocrx_word' id='word_1_561' title='bbox 2118 4351 2268 4407; x_wconf 90' lang='lat' dir='ltr'><em>sacri</em></span> <span class='ocrx_word' id='word_1_562' title='bbox 2286 4351 2487 4407; x_wconf 87' lang='lat' dir='ltr'><em>docto-</em></span> 
     </span>
    </p>
   </div>
   <div class='ocr_carea' id='block_1_76' title="bbox 830 4438 2493 4510">
    <p class='ocr_par' dir='ltr' id='par_1_76' title="bbox 830 4438 2493 4510">
     <span class='ocr_line' id='line_1_76' title="bbox 830 4438 2493 4510; baseline 0.002 -17"><span class='ocrx_word' id='word_1_563' title='bbox 830 4455 922 4494; x_wconf 85' lang='lat' dir='ltr'><em>res</em></span> <span class='ocrx_word' id='word_1_564' title='bbox 952 4438 1130 4493; x_wconf 91' lang='lat' dir='ltr'><em>nobis</em></span> <span class='ocrx_word' id='word_1_565' title='bbox 1162 4444 1605 4509; x_wconf 78' lang='lat' dir='ltr'><em>exposuerunt:</em></span> <span class='ocrx_word' id='word_1_566' title='bbox 1635 4443 1837 4510; x_wconf 77' lang='lat' dir='ltr'><em>restat,</em></span> <span class='ocrx_word' id='word_1_567' title='bbox 1881 4445 1938 4495; x_wconf 93' lang='lat' dir='ltr'><em>et</em></span> <span class='ocrx_word' id='word_1_568' title='bbox 1993 4457 2239 4495; x_wconf 88' lang='lat' dir='ltr'><em>necesse</em></span> <span class='ocrx_word' id='word_1_569' title='bbox 2271 4447 2378 4506; x_wconf 92' lang='lat' dir='ltr'><em>est,</em></span> <span class='ocrx_word' id='word_1_570' title='bbox 2427 4447 2493 4497; x_wconf 92' lang='lat' dir='ltr'><em>ut</em></span> 
     </span>
    </p>
   </div>
   <div class='ocr_carea' id='block_1_77' title="bbox 2584 3270 4258 3345">
    <p class='ocr_par' dir='ltr' id='par_1_77' title="bbox 2584 3270 4258 3345">
     <span class='ocr_line' id='line_1_77' title="bbox 2584 3270 4258 3345; baseline -0.008 -12"><span class='ocrx_word' id='word_1_571' title='bbox 2584 3278 2714 3334; x_wconf 88' lang='lat' dir='ltr'><em>lens</em></span> <span class='ocrx_word' id='word_1_572' title='bbox 2764 3275 3137 3345; x_wconf 80' lang='lat' dir='ltr'><em>dignoscitur</em></span> <span class='ocrx_word' id='word_1_573' title='bbox 3181 3283 3252 3326; x_wconf 79' lang='grc' dir='ltr'><em>τῶ</em></span> <span class='ocrx_word' id='word_1_574' title='bbox 3284 3279 3677 3345; x_wconf 79' lang='grc' dir='ltr'><em>εκπορευόμινον</em></span> <span class='ocrx_word' id='word_1_575' title='bbox 3707 3271 4040 3345; x_wconf 84' lang='lat' dir='ltr'><em>participio.</em></span> <span class='ocrx_word' id='word_1_576' title='bbox 4067 3270 4258 3340; x_wconf 86' lang='lat' dir='ltr'><em>Cujus</em></span> 
     </span>
    </p>
   </div>
   <div class='ocr_carea' id='block_1_78' title="bbox 2585 3359 4255 3439">
    <p class='ocr_par' dir='ltr' id='par_1_78' title="bbox 2585 3359 4255 3439">
     <span class='ocr_line' id='line_1_78' title="bbox 2585 3359 4255 3439; baseline -0.004 -17"><span class='ocrx_word' id='word_1_577' title='bbox 2585 3365 2884 3439; x_wconf 88' lang='lat' dir='ltr'><em>participii</em></span> <span class='ocrx_word' id='word_1_578' title='bbox 2911 3364 3164 3420; x_wconf 87' lang='lat' dir='ltr'><em>verbum</em></span> <span class='ocrx_word' id='word_1_579' title='bbox 3190 3363 3406 3433; x_wconf 79' lang='lat' dir='ltr'><em>legitur</em></span> <span class='ocrx_word' id='word_1_580' title='bbox 3433 3364 3496 3417; x_wconf 92' lang='lat' dir='ltr'><em>in</em></span> <span class='ocrx_word' id='word_1_581' title='bbox 3527 3361 3870 3431; x_wconf 80' lang='lat' dir='ltr'><em>Evangelia,</em></span> <span class='ocrx_word' id='word_1_582' title='bbox 3900 3359 4007 3415; x_wconf 91' lang='lat' dir='ltr'><em>ubi</em></span> <span class='ocrx_word' id='word_1_583' title='bbox 4049 3375 4117 3415; x_wconf 81' lang='lat' dir='ltr'><em>ex</em></span> <span class='ocrx_word' id='word_1_584' title='bbox 4141 3362 4255 3416; x_wconf 83' lang='lat' dir='ltr'><em>Pa-</em></span> 
     </span>
    </p>
   </div>
   <div class='ocr_carea' id='block_1_79' title="bbox 2587 3451 3528 3525">
    <p class='ocr_par' dir='ltr' id='par_1_79' title="bbox 2587 3451 3528 3525">
     <span class='ocr_line' id='line_1_79' title="bbox 2587 3451 3528 3525; baseline -0.007 -14"><span class='ocrx_word' id='word_1_585' title='bbox 2587 3461 2670 3511; x_wconf 91' lang='lat' dir='ltr'><em>tre</em></span> <span class='ocrx_word' id='word_1_586' title='bbox 2701 3454 2842 3509; x_wconf 89' lang='lat' dir='ltr'><em>dicit</em></span> <span class='ocrx_word' id='word_1_587' title='bbox 2873 3453 3157 3525; x_wconf 82' lang='lat' dir='ltr'><em>Spiritum</em></span> <span class='ocrx_word' id='word_1_588' title='bbox 3184 3451 3528 3524; x_wconf 89' lang='lat' dir='ltr'><em>procedere.</em></span> 
     </span>
    </p>
   </div>
   <div class='ocr_carea' id='block_1_80' title="bbox 2659 3545 4257 3622">
    <p class='ocr_par' dir='ltr' id='par_1_80' title="bbox 2659 3545 4257 3622">
     <span class='ocr_line' id='line_1_80' title="bbox 2659 3545 4257 3622; baseline -0.003 -16"><span class='ocrx_word' id='word_1_589' title='bbox 2659 3553 2822 3608; x_wconf 90' lang='lat' dir='ltr'><em>Idem</em></span> <span class='ocrx_word' id='word_1_590' title='bbox 2855 3555 3098 3606; x_wconf 89' lang='lat' dir='ltr'><em>sanctus</em></span> <span class='ocrx_word' id='word_1_591' title='bbox 3123 3565 3431 3622; x_wconf 83' lang='lat' dir='ltr'><em>exponens</em></span> <span class='ocrx_word' id='word_1_592' title='bbox 3468 3548 3648 3604; x_wconf 89' lang='lat' dir='ltr'><em>aliam</em></span> <span class='ocrx_word' id='word_1_593' title='bbox 3680 3547 4060 3604; x_wconf 90' lang='lat' dir='ltr'><em>autoritatem</em></span> <span class='ocrx_word' id='word_1_594' title='bbox 4087 3545 4257 3602; x_wconf 89' lang='lat' dir='ltr'><em>beati</em></span> 
     </span>
    </p>
   </div>
   <div class='ocr_carea' id='block_1_81' title="bbox 2587 3635 4260 3712">
    <p class='ocr_par' dir='ltr' id='par_1_81' title="bbox 2587 3635 4260 3712">
     <span class='ocr_line' id='line_1_81' title="bbox 2587 3635 4260 3712; baseline -0.004 -15"><span class='ocrx_word' id='word_1_595' title='bbox 2587 3641 2770 3709; x_wconf 89' lang='lat' dir='ltr'><em>Pauli,</em></span> <span class='ocrx_word' id='word_1_596' title='bbox 2793 3640 2952 3696; x_wconf 89' lang='lat' dir='ltr'><em>idem</em></span> <span class='ocrx_word' id='word_1_597' title='bbox 2977 3639 3186 3712; x_wconf 89' lang='lat' dir='ltr'><em>repetit</em></span> <span class='ocrx_word' id='word_1_598' title='bbox 3207 3638 3449 3693; x_wconf 88' lang='lat' dir='ltr'><em>dicens:</em></span> <span class='ocrx_word' id='word_1_599' title='bbox 3479 3661 3498 3687; x_wconf 74' lang='grc' dir='ltr'><em>ι</em></span> <span class='ocrx_word' id='word_1_600' title='bbox 3527 3637 3738 3692; x_wconf 90' lang='lat' dir='ltr'><em>Scribit</em></span> <span class='ocrx_word' id='word_1_601' title='bbox 3761 3636 3980 3692; x_wconf 88' lang='lat' dir='ltr'><em>Paulus</em></span> <span class='ocrx_word' id='word_1_602' title='bbox 3999 3635 4260 3708; x_wconf 90' lang='lat' dir='ltr'><em>quibus-</em></span> 
     </span>
    </p>
   </div>
   <div class='ocr_carea' id='block_1_82' title="bbox 2586 3725 4258 3796">
    <p class='ocr_par' dir='ltr' id='par_1_82' title="bbox 2586 3725 4258 3796">
     <span class='ocr_line' id='line_1_82' title="bbox 2586 3725 4258 3796; baseline -0.004 -10"><span class='ocrx_word' id='word_1_603' title='bbox 2586 3733 2728 3786; x_wconf 90' lang='lat' dir='ltr'><em>dam</em></span> <span class='ocrx_word' id='word_1_604' title='bbox 2747 3730 2952 3784; x_wconf 90' lang='lat' dir='ltr'><em>dicens</em></span> <span class='ocrx_word' id='word_1_605' title='bbox 2978 3728 3170 3783; x_wconf 88' lang='lat' dir='ltr'><em>taliter</em></span> <span class='ocrx_word' id='word_1_606' title='bbox 3193 3745 3206 3782; x_wconf 90' lang='lat'><em>:</em></span> <span class='ocrx_word' id='word_1_607' title='bbox 3233 3728 3488 3795; x_wconf 79' lang='lat' dir='ltr'><em>Notiﬁco</em></span> <span class='ocrx_word' id='word_1_608' title='bbox 3506 3733 3702 3782; x_wconf 88' lang='lat' dir='ltr'><em>autem</em></span> <span class='ocrx_word' id='word_1_609' title='bbox 3721 3727 3880 3781; x_wconf 88' lang='lat' dir='ltr'><em>vobis</em></span> <span class='ocrx_word' id='word_1_610' title='bbox 3897 3725 4059 3796; x_wconf 85' lang='lat' dir='ltr'><em>quod</em></span> <span class='ocrx_word' id='word_1_611' title='bbox 4077 3739 4258 3780; x_wconf 85' lang='lat' dir='ltr'><em>nemo</em></span> 
     </span>
    </p>
   </div>
   <div class='ocr_carea' id='block_1_83' title="bbox 2591 3816 4260 3891">
    <p class='ocr_par' dir='ltr' id='par_1_83' title="bbox 2591 3816 4260 3891">
     <span class='ocr_line' id='line_1_83' title="bbox 2591 3816 4260 3891; baseline -0.004 -15"><span class='ocrx_word' id='word_1_612' title='bbox 2591 3823 2834 3891; x_wconf 87' lang='lat' dir='ltr'><em>loquens</em></span> <span class='ocrx_word' id='word_1_613' title='bbox 2851 3819 2911 3873; x_wconf 88' lang='lat' dir='ltr'><em>in</em></span> <span class='ocrx_word' id='word_1_614' title='bbox 2933 3819 3170 3887; x_wconf 84' lang='lat' dir='ltr'><em>Spiritu</em></span> <span class='ocrx_word' id='word_1_615' title='bbox 3182 3819 3286 3873; x_wconf 90' lang='lat' dir='ltr'><em>Dei</em></span> <span class='ocrx_word' id='word_1_616' title='bbox 3320 3817 3465 3872; x_wconf 87' lang='lat' dir='ltr'><em>dicit</em></span> <span class='ocrx_word' id='word_1_617' title='bbox 3488 3816 3810 3871; x_wconf 83' lang='lat' dir='ltr'><em>anathema</em></span> <span class='ocrx_word' id='word_1_618' title='bbox 3823 3816 3965 3870; x_wconf 88' lang='lat' dir='ltr'><em>Jesu</em></span> <span class='ocrx_word' id='word_1_619' title='bbox 3983 3832 3994 3869; x_wconf 90' lang='lat'><em>:</em></span> <span class='ocrx_word' id='word_1_620' title='bbox 4013 3821 4260 3870; x_wconf 86' lang='lat' dir='ltr'><em>etnemo</em></span> 
     </span>
    </p>
   </div>
   <div class='ocr_carea' id='block_1_84' title="bbox 2584 3904 4261 3980">
    <p class='ocr_par' dir='ltr' id='par_1_84' title="bbox 2584 3904 4261 3980">
     <span class='ocr_line' id='line_1_84' title="bbox 2584 3904 4261 3980; baseline -0.005 -15"><span class='ocrx_word' id='word_1_621' title='bbox 2584 3916 2775 3980; x_wconf 85' lang='lat' dir='ltr'><em>potest</em></span> <span class='ocrx_word' id='word_1_622' title='bbox 2792 3909 3005 3964; x_wconf 87' lang='lat' dir='ltr'><em>dicere:</em></span> <span class='ocrx_word' id='word_1_623' title='bbox 3025 3908 3309 3962; x_wconf 85' lang='lat' dir='ltr'><em>Dominus</em></span> <span class='ocrx_word' id='word_1_624' title='bbox 3320 3908 3490 3962; x_wconf 87' lang='lat' dir='ltr'><em>Jesus</em></span> <span class='ocrx_word' id='word_1_625' title='bbox 3504 3907 3624 3960; x_wconf 84' lang='lat' dir='ltr'><em>nisi</em></span> <span class='ocrx_word' id='word_1_626' title='bbox 3636 3907 3696 3961; x_wconf 86' lang='lat' dir='ltr'><em>in</em></span> <span class='ocrx_word' id='word_1_627' title='bbox 3709 3906 3944 3974; x_wconf 88' lang='lat' dir='ltr'><em>Spiritu</em></span> <span class='ocrx_word' id='word_1_628' title='bbox 3958 3910 4163 3960; x_wconf 86' lang='lat' dir='ltr'><em>sancto</em></span> <span class='ocrx_word' id='word_1_629' title='bbox 4179 3904 4232 3937; x_wconf 77' lang='lat'><strong>“</strong></span> <span class='ocrx_word' id='word_1_630' title='bbox 4244 3944 4261 3956; x_wconf 93' lang='lat'><em>.</em></span> 
     </span>
    </p>
   </div>
   <div class='ocr_carea' id='block_1_85' title="bbox 2593 3993 4268 4067">
    <p class='ocr_par' dir='ltr' id='par_1_85' title="bbox 2593 3993 4268 4067">
     <span class='ocr_line' id='line_1_85' title="bbox 2593 3993 4268 4067; baseline -0.004 -13"><span class='ocrx_word' id='word_1_631' title='bbox 2593 3997 2969 4056; x_wconf 80' lang='lat' dir='ltr'><em>Manifestum</em></span> <span class='ocrx_word' id='word_1_632' title='bbox 3002 4002 3090 4052; x_wconf 91' lang='lat' dir='ltr'><em>est</em></span> <span class='ocrx_word' id='word_1_633' title='bbox 3124 4011 3287 4065; x_wconf 90' lang='lat' dir='ltr'><em>ergo,</em></span> <span class='ocrx_word' id='word_1_634' title='bbox 3340 3994 3504 4067; x_wconf 91' lang='lat' dir='ltr'><em>quod</em></span> <span class='ocrx_word' id='word_1_635' title='bbox 3557 3995 3663 4067; x_wconf 91' lang='lat' dir='ltr'><em>qui</em></span> <span class='ocrx_word' id='word_1_636' title='bbox 3707 3993 4025 4067; x_wconf 88' lang='lat' dir='ltr'><em>participat</em></span> <span class='ocrx_word' id='word_1_637' title='bbox 4078 3993 4268 4063; x_wconf 86' lang='lat' dir='ltr'><em>Spiri-</em></span> 
     </span>
    </p>
   </div>
   <div class='ocr_carea' id='block_1_86' title="bbox 2594 4082 4273 4154">
    <p class='ocr_par' dir='ltr' id='par_1_86' title="bbox 2594 4082 4273 4154">
     <span class='ocr_line' id='line_1_86' title="bbox 2594 4082 4273 4154; baseline -0.005 -9"><span class='ocrx_word' id='word_1_638' title='bbox 2594 4094 2724 4146; x_wconf 89' lang='lat' dir='ltr'><em>tum</em></span> <span class='ocrx_word' id='word_1_639' title='bbox 2773 4092 3074 4152; x_wconf 89' lang='lat' dir='ltr'><em>sanctum,</em></span> <span class='ocrx_word' id='word_1_640' title='bbox 3125 4086 3292 4141; x_wconf 88' lang='lat' dir='ltr'><em>novit</em></span> <span class='ocrx_word' id='word_1_641' title='bbox 3321 4099 3450 4140; x_wconf 89' lang='lat' dir='ltr'><em>esse</em></span> <span class='ocrx_word' id='word_1_642' title='bbox 3501 4083 3824 4139; x_wconf 86' lang='lat' dir='ltr'><em>Dominum</em></span> <span class='ocrx_word' id='word_1_643' title='bbox 3877 4082 4273 4154; x_wconf 83' lang='lat' dir='ltr'><em>Jesum:qui</em></span> 
     </span>
    </p>
   </div>
   <div class='ocr_carea' id='block_1_87' title="bbox 2595 4171 4274 4247">
    <p class='ocr_par' dir='ltr' id='par_1_87' title="bbox 2595 4171 4274 4247">
     <span class='ocr_line' id='line_1_87' title="bbox 2595 4171 4274 4247; baseline -0.004 -13"><span class='ocrx_word' id='word_1_644' title='bbox 2595 4181 2799 4234; x_wconf 88' lang='lat' dir='ltr'><em>autem</em></span> <span class='ocrx_word' id='word_1_645' title='bbox 2823 4191 2946 4230; x_wconf 92' lang='lat' dir='ltr'><em>non</em></span> <span class='ocrx_word' id='word_1_646' title='bbox 2971 4175 3308 4247; x_wconf 87' lang='lat' dir='ltr'><em>participat,</em></span> <span class='ocrx_word' id='word_1_647' title='bbox 3335 4174 3593 4243; x_wconf 90' lang='lat' dir='ltr'><em>ignorat.</em></span> <span class='ocrx_word' id='word_1_648' title='bbox 3617 4171 3877 4238; x_wconf 86' lang='lat' dir='ltr'><em>Qualiter</em></span> <span class='ocrx_word' id='word_1_649' title='bbox 3895 4171 4001 4246; x_wconf 89' lang='lat' dir='ltr'><em>qui</em></span> <span class='ocrx_word' id='word_1_650' title='bbox 4022 4173 4274 4244; x_wconf 85' lang='lat' dir='ltr'><em>partici-</em></span> 
     </span>
    </p>
   </div>
   <div class='ocr_carea' id='block_1_88' title="bbox 2598 4261 4278 4339">
    <p class='ocr_par' dir='ltr' id='par_1_88' title="bbox 2598 4261 4278 4339">
     <span class='ocr_line' id='line_1_88' title="bbox 2598 4261 4278 4339; baseline -0.002 -18"><span class='ocrx_word' id='word_1_651' title='bbox 2598 4271 2702 4339; x_wconf 89' lang='lat' dir='ltr'><em>pat</em></span> <span class='ocrx_word' id='word_1_652' title='bbox 2725 4265 3031 4336; x_wconf 86' lang='lat' dir='ltr'><em>Spiritum,</em></span> <span class='ocrx_word' id='word_1_653' title='bbox 3057 4264 3221 4320; x_wconf 89' lang='lat' dir='ltr'><em>novit</em></span> <span class='ocrx_word' id='word_1_654' title='bbox 3242 4279 3370 4319; x_wconf 87' lang='lat' dir='ltr'><em>esse</em></span> <span class='ocrx_word' id='word_1_655' title='bbox 3387 4263 3708 4318; x_wconf 83' lang='lat' dir='ltr'><em>Dominum</em></span> <span class='ocrx_word' id='word_1_656' title='bbox 3725 4263 3753 4315; x_wconf 87' lang='lat' dir='ltr'><strong>J</strong></span> <span class='ocrx_word' id='word_1_657' title='bbox 3762 4276 3935 4317; x_wconf 89' lang='lat' dir='ltr'><em>esum</em></span> <span class='ocrx_word' id='word_1_658' title='bbox 3951 4278 3965 4317; x_wconf 90' lang='lat'><em>:</em></span> <span class='ocrx_word' id='word_1_659' title='bbox 3984 4261 4136 4317; x_wconf 82' lang='lat' dir='ltr'><em>sicut</em></span> <span class='ocrx_word' id='word_1_660' title='bbox 4156 4265 4278 4334; x_wconf 88' lang='lat' dir='ltr'><em>qui</em></span> 
     </span>
    </p>
   </div>
   <div class='ocr_carea' id='block_1_89' title="bbox 2598 4349 4280 4424">
    <p class='ocr_par' dir='ltr' id='par_1_89' title="bbox 2598 4349 4280 4424">
     <span class='ocr_line' id='line_1_89' title="bbox 2598 4349 4280 4424; baseline -0.002 -14"><span class='ocrx_word' id='word_1_661' title='bbox 2598 4355 2672 4410; x_wconf 91' lang='lat' dir='ltr'><em>de</em></span> <span class='ocrx_word' id='word_1_662' title='bbox 2699 4352 2872 4410; x_wconf 89' lang='lat' dir='ltr'><em>melle</em></span> <span class='ocrx_word' id='word_1_663' title='bbox 2919 4353 3269 4423; x_wconf 84' lang='lat' dir='ltr'><em>gustaverit,</em></span> <span class='ocrx_word' id='word_1_664' title='bbox 3312 4351 3423 4407; x_wconf 89' lang='lat' dir='ltr'><em>scit</em></span> <span class='ocrx_word' id='word_1_665' title='bbox 3450 4350 3616 4424; x_wconf 92' lang='lat' dir='ltr'><em>quod</em></span> <span class='ocrx_word' id='word_1_666' title='bbox 3643 4349 3817 4406; x_wconf 91' lang='lat' dir='ltr'><em>dulce</em></span> <span class='ocrx_word' id='word_1_667' title='bbox 3865 4355 3956 4405; x_wconf 91' lang='lat' dir='ltr'><em>est</em></span> <span class='ocrx_word' id='word_1_668' title='bbox 3985 4349 4104 4407; x_wconf 89' lang='lat' dir='ltr'><em>mel</em></span> <span class='ocrx_word' id='word_1_669' title='bbox 4132 4369 4144 4406; x_wconf 89' lang='lat'><em>:</em></span> <span class='ocrx_word' id='word_1_670' title='bbox 4180 4351 4280 4407; x_wconf 87' lang='lat' dir='ltr'><em>sic</em></span> 
     </span>
    </p>
   </div>
   <div class='ocr_carea' id='block_1_90' title="bbox 2600 4438 4280 4515">
    <p class='ocr_par' dir='ltr' id='par_1_90' title="bbox 2600 4438 4280 4515">
     <span class='ocr_line' id='line_1_90' title="bbox 2600 4438 4280 4515; baseline -0.003 -15"><span class='ocrx_word' id='word_1_671' title='bbox 2600 4449 2657 4500; x_wconf 91' lang='lat' dir='ltr'><em>et</em></span> <span class='ocrx_word' id='word_1_672' title='bbox 2678 4443 2927 4515; x_wconf 87' lang='lat' dir='ltr'><em>Spiritus</em></span> <span class='ocrx_word' id='word_1_673' title='bbox 2953 4442 3293 4514; x_wconf 89' lang='lat' dir='ltr'><em>participes.</em></span> <span class='ocrx_word' id='word_1_674' title='bbox 3320 4443 3471 4510; x_wconf 87' lang='lat' dir='ltr'><em>Ergo</em></span> <span class='ocrx_word' id='word_1_675' title='bbox 3493 4455 3565 4494; x_wconf 89' lang='lat' dir='ltr'><em>ex</em></span> <span class='ocrx_word' id='word_1_676' title='bbox 3588 4441 3846 4494; x_wconf 81' lang='lat' dir='ltr'><em>essentia</em></span> <span class='ocrx_word' id='word_1_677' title='bbox 3869 4438 3989 4494; x_wconf 84' lang='lat' dir='ltr'><em>Filii</em></span> <span class='ocrx_word' id='word_1_678' title='bbox 4014 4439 4280 4511; x_wconf 85' lang='lat' dir='ltr'><em>Spiritus</em></span> 
     </span>
    </p>
   </div>
   <div class='ocr_carea' id='block_1_91' title="bbox 831 4526 4279 4617">
    <p class='ocr_par' dir='ltr' id='par_1_91' title="bbox 831 4526 4279 4617">
     <span class='ocr_line' id='line_1_91' title="bbox 831 4526 4279 4617; baseline 0 -34"><span class='ocrx_word' id='word_1_679' title='bbox 831 4529 894 4583; x_wconf 93' lang='lat' dir='ltr'><em>in</em></span> <span class='ocrx_word' id='word_1_680' title='bbox 925 4526 1200 4600; x_wconf 90' lang='lat' dir='ltr'><em>pluribus</em></span> <span class='ocrx_word' id='word_1_681' title='bbox 1233 4526 1570 4583; x_wconf 90' lang='lat' dir='ltr'><em>mendaciis</em></span> <span class='ocrx_word' id='word_1_682' title='bbox 1627 4528 1956 4584; x_wconf 81' lang='lat' dir='ltr'><em>adversarii</em></span> <span class='ocrx_word' id='word_1_683' title='bbox 1985 4530 2249 4585; x_wconf 90' lang='lat' dir='ltr'><em>veritatis</em></span> <span class='ocrx_word' id='word_1_684' title='bbox 2281 4531 2490 4603; x_wconf 93' lang='lat' dir='ltr'><em>depre-</em></span> <span class='ocrx_word' id='word_1_685' title='bbox 2525 4563 2569 4617; x_wconf 67' lang='grc' dir='ltr'><em>Ι)</em></span> <span class='ocrx_word' id='word_1_686' title='bbox 2602 4535 2848 4588; x_wconf 89' lang='lat' dir='ltr'><em>sanctus</em></span> <span class='ocrx_word' id='word_1_687' title='bbox 2868 4531 3129 4604; x_wconf 91' lang='lat' dir='ltr'><em>qualitas</em></span> <span class='ocrx_word' id='word_1_688' title='bbox 3151 4529 3540 4604; x_wconf 63' lang='lat' dir='ltr'><em>quaedammt</em></span> <span class='ocrx_word' id='word_1_689' title='bbox 3561 4529 3642 4584; x_wconf 89' lang='lat' dir='ltr'><em>ita</em></span> <span class='ocrx_word' id='word_1_690' title='bbox 3661 4527 3956 4592; x_wconf 90' lang='lat' dir='ltr'><em>dicamus,</em></span> <span class='ocrx_word' id='word_1_691' title='bbox 3982 4526 4279 4584; x_wconf 89' lang='lat' dir='ltr'><em>Domina—</em></span> 
     </span>
    </p>
   </div>
   <div class='ocr_carea' id='block_1_92' title="bbox 832 4616 3224 4690">
    <p class='ocr_par' dir='ltr' id='par_1_92' title="bbox 832 4616 3224 4690">
     <span class='ocr_line' id='line_1_92' title="bbox 832 4616 3224 4690; baseline -0.002 -17"><span class='ocrx_word' id='word_1_692' title='bbox 832 4617 1028 4682; x_wconf 91' lang='lat' dir='ltr'><em>hensi,</em></span> <span class='ocrx_word' id='word_1_693' title='bbox 1081 4631 1291 4672; x_wconf 90' lang='lat' dir='ltr'><em>eorum</em></span> <span class='ocrx_word' id='word_1_694' title='bbox 1323 4616 1753 4672; x_wconf 90' lang='lat' dir='ltr'><em>assertionibus</em></span> <span class='ocrx_word' id='word_1_695' title='bbox 1783 4617 1951 4674; x_wconf 90' lang='lat' dir='ltr'><em>nulla</em></span> <span class='ocrx_word' id='word_1_696' title='bbox 1978 4617 2054 4673; x_wconf 93' lang='lat' dir='ltr'><em>de</em></span> <span class='ocrx_word' id='word_1_697' title='bbox 2083 4625 2297 4676; x_wconf 70' lang='lat' dir='ltr'><em>caetero</em></span> <span class='ocrx_word' id='word_1_698' title='bbox 2345 4620 2494 4675; x_wconf 84' lang='lat' dir='ltr'><em>fides</em></span> <span class='ocrx_word' id='word_1_699' title='bbox 2525 4616 2553 4690; x_wconf 50' lang='grc' dir='ltr'>ξ</span> <span class='ocrx_word' id='word_1_700' title='bbox 2603 4621 2781 4678; x_wconf 89' lang='lat' dir='ltr'><em>tionis</em></span> <span class='ocrx_word' id='word_1_701' title='bbox 2808 4620 3007 4676; x_wconf 87' lang='lat' dir='ltr'><em>omnis</em></span> <span class='ocrx_word' id='word_1_702' title='bbox 3042 4620 3160 4676; x_wconf 88' lang='lat' dir='ltr'><em>Dei.</em></span> <span class='ocrx_word' id='word_1_703' title='bbox 3195 4643 3224 4669; x_wconf 83' lang='lat'><strong>»</strong></span> 
     </span>
    </p>
   </div>
   <div class='ocr_carea' id='block_1_93' title="bbox 834 4705 1215 4762">
    <p class='ocr_par' dir='ltr' id='par_1_93' title="bbox 834 4705 1215 4762">
     <span class='ocr_line' id='line_1_93' title="bbox 834 4705 1215 4762; baseline -0.008 0"><span class='ocrx_word' id='word_1_704' title='bbox 834 4705 1215 4762; x_wconf 83' lang='lat' dir='ltr'><em>adhibeatur.</em></span> 
     </span>
    </p>
   </div>
   <div class='ocr_carea' id='block_1_94' title="bbox 909 4794 2495 4872">
    <p class='ocr_par' dir='ltr' id='par_1_94' title="bbox 909 4794 2495 4872">
     <span class='ocr_line' id='line_1_94' title="bbox 909 4794 2495 4872; baseline 0.001 -19"><span class='ocrx_word' id='word_1_705' title='bbox 909 4794 1162 4867; x_wconf 83' lang='lat' dir='ltr'><em>Cyrillus</em></span> <span class='ocrx_word' id='word_1_706' title='bbox 1205 4794 1288 4850; x_wconf 90' lang='lat' dir='ltr'><em>ita</em></span> <span class='ocrx_word' id='word_1_707' title='bbox 1331 4809 1647 4866; x_wconf 86' lang='lat' dir='ltr'><em>exponens</em></span> <span class='ocrx_word' id='word_1_708' title='bbox 1688 4795 1848 4851; x_wconf 90' lang='lat' dir='ltr'><em>istud</em></span> <span class='ocrx_word' id='word_1_709' title='bbox 1901 4796 2179 4856; x_wconf 89' lang='lat' dir='ltr'><em>verbum.</em></span> <span class='ocrx_word' id='word_1_710' title='bbox 2228 4798 2394 4872; x_wconf 90' lang='lat' dir='ltr'><em>quod</em></span> <span class='ocrx_word' id='word_1_711' title='bbox 2435 4800 2495 4855; x_wconf 91' lang='lat' dir='ltr'><em>in</em></span> 
     </span>
    </p>
   </div>
   <div class='ocr_carea' id='block_1_95' title="bbox 836 4883 2500 4956">
    <p class='ocr_par' dir='ltr' id='par_1_95' title="bbox 836 4883 2500 4956">
     <span class='ocr_line' id='line_1_95' title="bbox 836 4883 2500 4956; baseline 0.002 -16"><span class='ocrx_word' id='word_1_712' title='bbox 836 4885 1085 4941; x_wconf 84' lang='lat' dir='ltr'><em>Actibus</em></span> <span class='ocrx_word' id='word_1_713' title='bbox 1116 4883 1536 4956; x_wconf 89' lang='lat' dir='ltr'><em>apostolorum</em></span> <span class='ocrx_word' id='word_1_714' title='bbox 1569 4885 1834 4955; x_wconf 91' lang='lat' dir='ltr'><em>positum</em></span> <span class='ocrx_word' id='word_1_715' title='bbox 1865 4890 1954 4940; x_wconf 84' lang='lat' dir='ltr'><em>est</em></span> <span class='ocrx_word' id='word_1_716' title='bbox 1982 4903 1993 4940; x_wconf 93' lang='lat'><em>:</em></span> <span class='ocrx_word' id='word_1_717' title='bbox 2018 4886 2500 4944; x_wconf 83' lang='lat' dir='ltr'><em>Ministrantibus</em></span> 
     </span>
    </p>
   </div>
   <div class='ocr_carea' id='block_1_96' title="bbox 836 4974 2501 5045">
    <p class='ocr_par' dir='ltr' id='par_1_96' title="bbox 836 4974 2501 5045">
     <span class='ocr_line' id='line_1_96' title="bbox 836 4974 2501 5045; baseline 0.002 -14"><span class='ocrx_word' id='word_1_718' title='bbox 836 4982 1034 5031; x_wconf 88' lang='lat' dir='ltr'><em>autem</em></span> <span class='ocrx_word' id='word_1_719' title='bbox 1064 4976 1337 5045; x_wconf 89' lang='lat' dir='ltr'><em>Domino,</em></span> <span class='ocrx_word' id='word_1_720' title='bbox 1360 4981 1414 5029; x_wconf 92' lang='lat' dir='ltr'><em>et</em></span> <span class='ocrx_word' id='word_1_721' title='bbox 1426 4974 1870 5044; x_wconf 86' lang='lat' dir='ltr'><em>jejunantibus,</em></span> <span class='ocrx_word' id='word_1_722' title='bbox 1895 4975 2053 5031; x_wconf 73' lang='lat' dir='ltr'><em>dixit</em></span> <span class='ocrx_word' id='word_1_723' title='bbox 2075 4976 2336 5045; x_wconf 86' lang='lat' dir='ltr'><em>Spiritus</em></span> <span class='ocrx_word' id='word_1_724' title='bbox 2368 4995 2501 5034; x_wconf 55' lang='lat' dir='ltr'><em>san-</em></span> 
     </span>
    </p>
   </div>
   <div class='ocr_carea' id='block_1_97' title="bbox 837 5063 2502 5134">
    <p class='ocr_par' dir='ltr' id='par_1_97' title="bbox 837 5063 2502 5134">
     <span class='ocr_line' id='line_1_97' title="bbox 837 5063 2502 5134; baseline 0.002 -15"><span class='ocrx_word' id='word_1_725' title='bbox 837 5071 966 5120; x_wconf 86' lang='lat' dir='ltr'><em>ctus</em></span> <span class='ocrx_word' id='word_1_726' title='bbox 987 5080 1008 5119; x_wconf 82' lang='lat'><em>.&#39;</em></span> <span class='ocrx_word' id='word_1_727' title='bbox 1026 5064 1337 5134; x_wconf 83' lang='lat' dir='ltr'><em>Segretate</em></span> <span class='ocrx_word' id='word_1_728' title='bbox 1357 5064 1508 5118; x_wconf 83' lang='lat' dir='ltr'><em>mihi</em></span> <span class='ocrx_word' id='word_1_729' title='bbox 1533 5063 1869 5120; x_wconf 86' lang='lat' dir='ltr'><em>Bernabam</em></span> <span class='ocrx_word' id='word_1_730' title='bbox 1893 5072 1948 5121; x_wconf 91' lang='lat' dir='ltr'><em>et</em></span> <span class='ocrx_word' id='word_1_731' title='bbox 1969 5067 2223 5122; x_wconf 84' lang='lat' dir='ltr'><em>Saulum</em></span> <span class='ocrx_word' id='word_1_732' title='bbox 2247 5067 2400 5132; x_wconf 78' lang='lat' dir='ltr'><em>“,ita</em></span> <span class='ocrx_word' id='word_1_733' title='bbox 2419 5067 2502 5122; x_wconf 82' lang='lat' dir='ltr'><em>di-</em></span> 
     </span>
    </p>
   </div>
   <div class='ocr_carea' id='block_1_98' title="bbox 838 5152 2502 5228">
    <p class='ocr_par' dir='ltr' id='par_1_98' title="bbox 838 5152 2502 5228">
     <span class='ocr_line' id='line_1_98' title="bbox 838 5152 2502 5228; baseline 0.003 -18"><span class='ocrx_word' id='word_1_734' title='bbox 838 5154 947 5210; x_wconf 91' lang='lat' dir='ltr'><em>cit:</em></span> <span class='ocrx_word' id='word_1_735' title='bbox 979 5177 1006 5202; x_wconf 83' lang='lat'><strong>«</strong></span> <span class='ocrx_word' id='word_1_736' title='bbox 1042 5154 1098 5211; x_wconf 91' lang='lat' dir='ltr'><em>Si</em></span> <span class='ocrx_word' id='word_1_737' title='bbox 1123 5153 1303 5223; x_wconf 86' lang='lat' dir='ltr'><em>igitur</em></span> <span class='ocrx_word' id='word_1_738' title='bbox 1326 5157 1579 5208; x_wconf 85' lang='lat' dir='ltr'><em>vocante</em></span> <span class='ocrx_word' id='word_1_739' title='bbox 1607 5152 1772 5225; x_wconf 91' lang='lat' dir='ltr'><em>ipsos</em></span> <span class='ocrx_word' id='word_1_740' title='bbox 1808 5154 1864 5208; x_wconf 91' lang='lat' dir='ltr'><em>in</em></span> <span class='ocrx_word' id='word_1_741' title='bbox 1888 5153 2229 5227; x_wconf 89' lang='lat' dir='ltr'><em>apostolatu</em></span> <span class='ocrx_word' id='word_1_742' title='bbox 2264 5157 2502 5228; x_wconf 84' lang='lat' dir='ltr'><em>Spiritu,</em></span> 
     </span>
    </p>
   </div>
   <div class='ocr_carea' id='block_1_99' title="bbox 837 5241 2503 5309">
    <p class='ocr_par' dir='ltr' id='par_1_99' title="bbox 837 5241 2503 5309">
     <span class='ocr_line' id='line_1_99' title="bbox 837 5241 2503 5309; baseline 0.004 -8"><span class='ocrx_word' id='word_1_743' title='bbox 837 5261 874 5301; x_wconf 93' lang='lat' dir='ltr'><em>a</em></span> <span class='ocrx_word' id='word_1_744' title='bbox 899 5247 1040 5300; x_wconf 87' lang='lat' dir='ltr'><em>Jesu</em></span> <span class='ocrx_word' id='word_1_745' title='bbox 1091 5247 1335 5299; x_wconf 87' lang='lat' dir='ltr'><em>vocatos</em></span> <span class='ocrx_word' id='word_1_746' title='bbox 1368 5257 1472 5298; x_wconf 92' lang='lat' dir='ltr'><em>eos</em></span> <span class='ocrx_word' id='word_1_747' title='bbox 1509 5241 1740 5309; x_wconf 90' lang='lat' dir='ltr'><em>dicunt,</em></span> <span class='ocrx_word' id='word_1_748' title='bbox 1799 5243 2138 5300; x_wconf 90' lang='lat' dir='ltr'><em>ostenditur</em></span> <span class='ocrx_word' id='word_1_749' title='bbox 2169 5248 2503 5309; x_wconf 86' lang='lat' dir='ltr'><em>manifeste.</em></span> 
     </span>
    </p>
   </div>
   <div class='ocr_carea' id='block_1_100' title="bbox 910 5423 2570 5496">
    <p class='ocr_par' dir='ltr' id='par_1_100' title="bbox 910 5423 2570 5496">
     <span class='ocr_line' id='line_1_100' title="bbox 910 5423 2570 5496; baseline 0.002 -16"><span class='ocrx_word' id='word_1_750' title='bbox 910 5427 956 5460; x_wconf 78' lang='grc'><em>⁸⁸</em></span> <span class='ocrx_word' id='word_1_751' title='bbox 981 5427 1131 5481; x_wconf 84' lang='lat' dir='ltr'><em>Joan</em></span> <span class='ocrx_word' id='word_1_752' title='bbox 1159 5441 1256 5490; x_wconf 87' lang='lat' dir='ltr'><em>xv,</em></span> <span class='ocrx_word' id='word_1_753' title='bbox 1284 5428 1374 5481; x_wconf 85' lang='lat'><em>26.</em></span> <span class='ocrx_word' id='word_1_754' title='bbox 1453 5425 1501 5458; x_wconf 82' lang='grc'>³³</span> <span class='ocrx_word' id='word_1_755' title='bbox 1529 5423 1727 5479; x_wconf 91' lang='lat' dir='ltr'><em>Matth.</em></span> <span class='ocrx_word' id='word_1_756' title='bbox 1757 5440 1835 5488; x_wconf 80' lang='lat' dir='ltr'><em>v1,</em></span> <span class='ocrx_word' id='word_1_757' title='bbox 1875 5428 1959 5480; x_wconf 73' lang='grc'><em>14.</em></span> <span class='ocrx_word' id='word_1_758' title='bbox 2038 5426 2086 5460; x_wconf 70' lang='grc' dir='ltr'><em>⁸ο</em></span> <span class='ocrx_word' id='word_1_759' title='bbox 2118 5425 2314 5481; x_wconf 82' lang='lat' dir='ltr'><em>Matth.</em></span> <span class='ocrx_word' id='word_1_760' title='bbox 2349 5443 2450 5496; x_wconf 81' lang='lat' dir='ltr'><em>xu,</em></span> <span class='ocrx_word' id='word_1_761' title='bbox 2481 5432 2570 5483; x_wconf 85' lang='lat'><em>50.</em></span> 
     </span>
    </p>
   </div>
   <div class='ocr_carea' id='block_1_101' title="bbox 840 5496 1911 5563">
    <p class='ocr_par' dir='ltr' id='par_1_101' title="bbox 840 5496 1911 5563">
     <span class='ocr_line' id='line_1_101' title="bbox 840 5496 1911 5563; baseline -0.002 -10"><span class='ocrx_word' id='word_1_762' title='bbox 840 5501 886 5533; x_wconf 78' lang='lat'><strong>“</strong></span> <span class='ocrx_word' id='word_1_763' title='bbox 918 5501 936 5552; x_wconf 91' lang='lat' dir='ltr'><em>l</em></span> <span class='ocrx_word' id='word_1_764' title='bbox 970 5499 1101 5553; x_wconf 91' lang='lat' dir='ltr'><em>Cor.</em></span> <span class='ocrx_word' id='word_1_765' title='bbox 1136 5514 1230 5563; x_wconf 80' lang='lat' dir='ltr'><em>xu,</em></span> <span class='ocrx_word' id='word_1_766' title='bbox 1267 5501 1318 5552; x_wconf 91' lang='lat'><em>3.</em></span> <span class='ocrx_word' id='word_1_767' title='bbox 1398 5497 1446 5531; x_wconf 79' lang='grc'>⁴⁶</span> <span class='ocrx_word' id='word_1_768' title='bbox 1477 5496 1672 5552; x_wconf 80' lang='lat' dir='ltr'><em>Matth.</em></span> <span class='ocrx_word' id='word_1_769' title='bbox 1709 5512 1911 5552; x_wconf 83' lang='lat' dir='ltr'><em>xxvm.</em></span> 
     </span>
    </p>
   </div>
   <div class='ocr_carea' id='block_1_102' title="bbox 2678 4706 4284 4782">
    <p class='ocr_par' dir='ltr' id='par_1_102' title="bbox 2678 4706 4284 4782">
     <span class='ocr_line' id='line_1_102' title="bbox 2678 4706 4284 4782; baseline -0.002 -15"><span class='ocrx_word' id='word_1_770' title='bbox 2678 4709 2928 4782; x_wconf 86' lang='lat' dir='ltr'><em>Cyrillus</em></span> <span class='ocrx_word' id='word_1_771' title='bbox 2947 4709 3008 4764; x_wconf 91' lang='lat' dir='ltr'><em>in</em></span> <span class='ocrx_word' id='word_1_772' title='bbox 3033 4725 3211 4764; x_wconf 88' lang='lat' dir='ltr'><em>serm.</em></span> <span class='ocrx_word' id='word_1_773' title='bbox 3229 4712 3283 4777; x_wconf 82' lang='lat'><em>2,</em></span> <span class='ocrx_word' id='word_1_774' title='bbox 3310 4706 3387 4763; x_wconf 88' lang='lat' dir='ltr'><em>ad</em></span> <span class='ocrx_word' id='word_1_775' title='bbox 3408 4706 3712 4762; x_wconf 86' lang='lat' dir='ltr'><em>Hermiam</em></span> <span class='ocrx_word' id='word_1_776' title='bbox 3730 4710 3783 4770; x_wconf 90' lang='lat'><strong>(3</strong></span> <span class='ocrx_word' id='word_1_777' title='bbox 3786 4707 3833 4778; x_wconf 86' lang='lat'><em>).</em></span> <span class='ocrx_word' id='word_1_778' title='bbox 3872 4721 4090 4778; x_wconf 89' lang='lat' dir='ltr'><em>parum</em></span> <span class='ocrx_word' id='word_1_779' title='bbox 4129 4713 4284 4764; x_wconf 88' lang='lat' dir='ltr'><em>ante</em></span> 
     </span>
    </p>
   </div>
   <div class='ocr_carea' id='block_1_103' title="bbox 2607 4796 4284 4870">
    <p class='ocr_par' dir='ltr' id='par_1_103' title="bbox 2607 4796 4284 4870">
     <span class='ocr_line' id='line_1_103' title="bbox 2607 4796 4284 4870; baseline -0.005 -13"><span class='ocrx_word' id='word_1_780' title='bbox 2607 4799 2876 4857; x_wconf 90' lang='lat' dir='ltr'><em>medium</em></span> <span class='ocrx_word' id='word_1_781' title='bbox 2906 4815 3088 4870; x_wconf 87' lang='lat' dir='ltr'><em>super</em></span> <span class='ocrx_word' id='word_1_782' title='bbox 3111 4797 3194 4865; x_wconf 89' lang='lat' dir='ltr'><em>id,</em></span> <span class='ocrx_word' id='word_1_783' title='bbox 3227 4798 3380 4853; x_wconf 89' lang='lat' dir='ltr'><em>Ecce</em></span> <span class='ocrx_word' id='word_1_784' title='bbox 3400 4812 3496 4867; x_wconf 89' lang='lat' dir='ltr'><em>ego</em></span> <span class='ocrx_word' id='word_1_785' title='bbox 3528 4796 3821 4851; x_wconf 86' lang='lat' dir='ltr'><em>vobiscum</em></span> <span class='ocrx_word' id='word_1_786' title='bbox 3849 4811 3978 4850; x_wconf 86' lang='lat' dir='ltr'><em>sum</em></span> <span class='ocrx_word' id='word_1_787' title='bbox 4007 4796 4098 4862; x_wconf 64' lang='grc' dir='ltr'><em>Ψ,</em></span> <span class='ocrx_word' id='word_1_788' title='bbox 4129 4800 4284 4867; x_wconf 87' lang='lat' dir='ltr'><em>etc.,</em></span> 
     </span>
    </p>
   </div>
   <div class='ocr_carea' id='block_1_104' title="bbox 2611 4884 4286 4945">
    <p class='ocr_par' dir='ltr' id='par_1_104' title="bbox 2611 4884 4286 4945">
     <span class='ocr_line' id='line_1_104' title="bbox 2611 4884 4286 4945; baseline -0.002 -1"><span class='ocrx_word' id='word_1_789' title='bbox 2611 4889 2802 4945; x_wconf 90' lang='lat' dir='ltr'><em>dicit:</em></span> <span class='ocrx_word' id='word_1_790' title='bbox 2849 4911 2869 4937; x_wconf 72' lang='grc' dir='ltr'><strong><em>α</em></strong></span> <span class='ocrx_word' id='word_1_791' title='bbox 2929 4887 3076 4943; x_wconf 81' lang='lat' dir='ltr'><em>Misit</em></span> <span class='ocrx_word' id='word_1_792' title='bbox 3151 4886 3326 4941; x_wconf 90' lang='lat' dir='ltr'><em>nobis</em></span> <span class='ocrx_word' id='word_1_793' title='bbox 3387 4886 3562 4940; x_wconf 85' lang='lat' dir='ltr'><em>Filius</em></span> <span class='ocrx_word' id='word_1_794' title='bbox 3631 4885 3705 4939; x_wconf 90' lang='lat' dir='ltr'><em>de</em></span> <span class='ocrx_word' id='word_1_795' title='bbox 3783 4884 3933 4939; x_wconf 74' lang='lat' dir='ltr'><em>caelo</em></span> <span class='ocrx_word' id='word_1_796' title='bbox 4000 4884 4286 4941; x_wconf 87' lang='lat' dir='ltr'><em>Paracle-</em></span> 
     </span>
    </p>
   </div>
   <div class='ocr_carea' id='block_1_105' title="bbox 2613 4975 4289 5052">
    <p class='ocr_par' dir='ltr' id='par_1_105' title="bbox 2613 4975 4289 5052">
     <span class='ocr_line' id='line_1_105' title="bbox 2613 4975 4289 5052; baseline -0.001 -17"><span class='ocrx_word' id='word_1_797' title='bbox 2613 4985 2758 5048; x_wconf 89' lang='lat' dir='ltr'><em>tum,</em></span> <span class='ocrx_word' id='word_1_798' title='bbox 2819 4995 2926 5051; x_wconf 91' lang='lat' dir='ltr'><em>per</em></span> <span class='ocrx_word' id='word_1_799' title='bbox 3000 4993 3180 5052; x_wconf 89' lang='lat' dir='ltr'><em>quem</em></span> <span class='ocrx_word' id='word_1_800' title='bbox 3242 4977 3404 5032; x_wconf 81' lang='lat' dir='ltr'><em>etin</em></span> <span class='ocrx_word' id='word_1_801' title='bbox 3452 4992 3634 5049; x_wconf 89' lang='lat' dir='ltr'><em>quem</em></span> <span class='ocrx_word' id='word_1_802' title='bbox 3695 4975 4036 5045; x_wconf 87' lang='lat' dir='ltr'><em>nobiscum,</em></span> <span class='ocrx_word' id='word_1_803' title='bbox 4098 4981 4155 5030; x_wconf 90' lang='lat' dir='ltr'><em>et</em></span> <span class='ocrx_word' id='word_1_804' title='bbox 4214 4978 4289 5034; x_wconf 87' lang='lat' dir='ltr'><em>in</em></span> 
     </span>
    </p>
   </div>
   <div class='ocr_carea' id='block_1_106' title="bbox 2613 5066 4290 5126">
    <p class='ocr_par' dir='ltr' id='par_1_106' title="bbox 2613 5066 4290 5126">
     <span class='ocr_line' id='line_1_106' title="bbox 2613 5066 4290 5126; baseline -0.002 0"><span class='ocrx_word' id='word_1_805' title='bbox 2613 5069 2791 5126; x_wconf 91' lang='lat' dir='ltr'><em>nobis</em></span> <span class='ocrx_word' id='word_1_806' title='bbox 2809 5074 3076 5124; x_wconf 88' lang='lat' dir='ltr'><em>moratur</em></span> <span class='ocrx_word' id='word_1_807' title='bbox 3103 5087 3114 5122; x_wconf 94' lang='lat'><em>:</em></span> <span class='ocrx_word' id='word_1_808' title='bbox 3142 5083 3263 5123; x_wconf 90' lang='lat' dir='ltr'><em>non</em></span> <span class='ocrx_word' id='word_1_809' title='bbox 3287 5066 3549 5122; x_wconf 88' lang='lat' dir='ltr'><em>alienum</em></span> <span class='ocrx_word' id='word_1_810' title='bbox 3571 5066 3693 5121; x_wconf 86' lang='lat' dir='ltr'><em>sive</em></span> <span class='ocrx_word' id='word_1_811' title='bbox 3717 5075 4067 5120; x_wconf 86' lang='lat' dir='ltr'><em>extraneum</em></span> <span class='ocrx_word' id='word_1_812' title='bbox 4093 5066 4290 5122; x_wconf 87' lang='lat' dir='ltr'><em>nobis</em></span> 
     </span>
    </p>
   </div>
   <div class='ocr_carea' id='block_1_107' title="bbox 2616 5155 4293 5228">
    <p class='ocr_par' dir='ltr' id='par_1_107' title="bbox 2616 5155 4293 5228">
     <span class='ocr_line' id='line_1_107' title="bbox 2616 5155 4293 5228; baseline -0.002 -13"><span class='ocrx_word' id='word_1_813' title='bbox 2616 5158 2954 5225; x_wconf 76' lang='lat' dir='ltr'><em>effundens,</em></span> <span class='ocrx_word' id='word_1_814' title='bbox 2979 5157 3081 5214; x_wconf 89' lang='lat' dir='ltr'><em>sed</em></span> <span class='ocrx_word' id='word_1_815' title='bbox 3109 5156 3382 5212; x_wconf 83' lang='lat' dir='ltr'><em>essentiee</em></span> <span class='ocrx_word' id='word_1_816' title='bbox 3401 5170 3544 5221; x_wconf 64' lang='lat' dir='ltr'><em>sum,</em></span> <span class='ocrx_word' id='word_1_817' title='bbox 3564 5159 3620 5211; x_wconf 91' lang='lat' dir='ltr'><em>et</em></span> <span class='ocrx_word' id='word_1_818' title='bbox 3641 5155 3832 5210; x_wconf 86' lang='lat' dir='ltr'><em>Patris</em></span> <span class='ocrx_word' id='word_1_819' title='bbox 3850 5165 4124 5226; x_wconf 67' lang='lat' dir='ltr'><em>personae</em></span> <span class='ocrx_word' id='word_1_820' title='bbox 4149 5157 4293 5228; x_wconf 92' lang='lat' dir='ltr'><em>Spi-</em></span> 
     </span>
    </p>
   </div>
   <div class='ocr_carea' id='block_1_108' title="bbox 2614 5251 2872 5307">
    <p class='ocr_par' dir='ltr' id='par_1_108' title="bbox 2614 5251 2872 5307">
     <span class='ocr_line' id='line_1_108' title="bbox 2614 5251 2872 5307; baseline -0.016 0"><span class='ocrx_word' id='word_1_821' title='bbox 2614 5251 2814 5307; x_wconf 89' lang='lat' dir='ltr'><em>ritum.</em></span> <span class='ocrx_word' id='word_1_822' title='bbox 2847 5271 2872 5298; x_wconf 85' lang='grc'><em>›)</em></span> 
     </span>
    </p>
   </div>
   <div class='ocr_carea' id='block_1_109' title="bbox 2668 5411 4295 5496">
    <p class='ocr_par' dir='ltr' id='par_1_109' title="bbox 2668 5411 4295 5496">
     <span class='ocr_line' id='line_1_109' title="bbox 2668 5411 4295 5496; baseline 0.001 -12"><span class='ocrx_word' id='word_1_823' title='bbox 2668 5430 2711 5462; x_wconf 78' lang='grc'><em>⁴¹</em></span> <span class='ocrx_word' id='word_1_824' title='bbox 2743 5432 2868 5484; x_wconf 79' lang='lat' dir='ltr'><em>Act.</em></span> <span class='ocrx_word' id='word_1_825' title='bbox 2899 5443 3017 5494; x_wconf 85' lang='lat' dir='ltr'><em>xm,</em></span> <span class='ocrx_word' id='word_1_826' title='bbox 3050 5432 3082 5482; x_wconf 87' lang='lat'>2</span> <span class='ocrx_word' id='word_1_827' title='bbox 3185 5427 3231 5461; x_wconf 65' lang='grc' dir='ltr'><em>δ’</em></span> <span class='ocrx_word' id='word_1_828' title='bbox 3253 5411 3434 5482; x_wconf 66' lang='grc' dir='ltr'><em>Ἰοδιι.</em></span> <span class='ocrx_word' id='word_1_829' title='bbox 3460 5441 3576 5496; x_wconf 76' lang='lat' dir='ltr'><em>xxv,</em></span> <span class='ocrx_word' id='word_1_830' title='bbox 3607 5426 3694 5480; x_wconf 77' lang='lat' dir='ltr'><em>to.</em></span> <span class='ocrx_word' id='word_1_831' title='bbox 3789 5424 3836 5459; x_wconf 77' lang='grc'><em>⁸³</em></span> <span class='ocrx_word' id='word_1_832' title='bbox 3870 5428 3889 5480; x_wconf 87' lang='lat' dir='ltr'><em>l</em></span> <span class='ocrx_word' id='word_1_833' title='bbox 3921 5427 4052 5482; x_wconf 92' lang='lat' dir='ltr'><em>Cor.</em></span> <span class='ocrx_word' id='word_1_834' title='bbox 4087 5439 4146 5491; x_wconf 89' lang='grc' dir='ltr'>ιι,</span> <span class='ocrx_word' id='word_1_835' title='bbox 4190 5431 4295 5484; x_wconf 85' lang='lat' dir='ltr'><em>t6.</em></span> 
     </span>
    </p>
   </div>
   <div class='ocr_carea' id='block_1_110' title="bbox 909 5618 4296 5700">
    <p class='ocr_par' dir='ltr' id='par_1_110' title="bbox 909 5618 4296 5700">
     <span class='ocr_line' id='line_1_110' title="bbox 909 5618 4296 5700; baseline 0 -21"><span class='ocrx_word' id='word_1_836' title='bbox 909 5624 986 5700; x_wconf 72' lang='lat'><em>(3)</em></span> <span class='ocrx_word' id='word_1_837' title='bbox 1028 5621 1287 5700; x_wconf 67' lang='lat' dir='ltr'><em>Dial_.__vu</em></span> <span class='ocrx_word' id='word_1_838' title='bbox 1315 5623 1389 5679; x_wconf 86' lang='lat' dir='ltr'><em>de</em></span> <span class='ocrx_word' id='word_1_839' title='bbox 1426 5622 1641 5680; x_wconf 86' lang='lat' dir='ltr'><em>Trinit.</em></span> <span class='ocrx_word' id='word_1_840' title='bbox 1685 5622 1744 5681; x_wconf 93' lang='lat' dir='ltr'><em>in</em></span> <span class='ocrx_word' id='word_1_841' title='bbox 1775 5637 1898 5696; x_wconf 91' lang='lat' dir='ltr'><em>quo</em></span> <span class='ocrx_word' id='word_1_842' title='bbox 1929 5622 2221 5695; x_wconf 89' lang='lat' dir='ltr'><em>probatur</em></span> <span class='ocrx_word' id='word_1_843' title='bbox 2251 5623 2581 5700; x_wconf 84' lang='lat' dir='ltr'><em>divinitatis</em></span> <span class='ocrx_word' id='word_1_844' title='bbox 2616 5624 2866 5698; x_wconf 91' lang='lat' dir='ltr'><em>Spiritus</em></span> <span class='ocrx_word' id='word_1_845' title='bbox 2899 5624 3112 5693; x_wconf 89' lang='lat' dir='ltr'><em>sancti,</em></span> <span class='ocrx_word' id='word_1_846' title='bbox 3145 5624 3297 5683; x_wconf 90' lang='lat' dir='ltr'><em>sicut</em></span> <span class='ocrx_word' id='word_1_847' title='bbox 3324 5622 3385 5681; x_wconf 91' lang='lat' dir='ltr'><em>in</em></span> <span class='ocrx_word' id='word_1_848' title='bbox 3417 5638 3521 5680; x_wconf 89' lang='lat' dir='ltr'><em>sex</em></span> <span class='ocrx_word' id='word_1_849' title='bbox 3550 5621 3856 5696; x_wconf 84' lang='lat' dir='ltr'><em>prioribus</em></span> <span class='ocrx_word' id='word_1_850' title='bbox 3895 5618 4152 5695; x_wconf 84' lang='lat' dir='ltr'><em>dialogis</em></span> <span class='ocrx_word' id='word_1_851' title='bbox 4187 5623 4296 5681; x_wconf 78' lang='lat' dir='ltr'><em>di-</em></span> 
     </span>
    </p>
   </div>
   <div class='ocr_carea' id='block_1_111' title="bbox 837 5694 1230 5754">
    <p class='ocr_par' dir='ltr' id='par_1_111' title="bbox 837 5694 1230 5754">
     <span class='ocr_line' id='line_1_111' title="bbox 837 5694 1230 5754; baseline -0.015 -1"><span class='ocrx_word' id='word_1_852' title='bbox 837 5694 1055 5754; x_wconf 88' lang='lat' dir='ltr'><em>vinitas</em></span> <span class='ocrx_word' id='word_1_853' title='bbox 1087 5694 1230 5751; x_wconf 85' lang='lat' dir='ltr'><em>Filii.</em></span> 
     </span>
    </p>
   </div>
  </div>
