4468 6440
723 349 861 412 .503

1989 355 2478 419 PANTALEONIS
2515 359 2798 421 DIACONI
2834 360 2938 421 CP.

4066 366 4170 424 50$

745 474 975 533 Christo
1004 475 1066 532 in
1086 475 1312 535 unitate
1342 491 1642 551 personae,
1674 480 1802 540 sine
1825 484 1993 542 omni
2016 486 2404 543 conversione
2433 490 2482 544 Α
2513 491 2860 545 sanctorum
2879 486 3326 546 deﬁnitionibus
3341 504 3467 549 non
3482 490 3725 554 scribat,
3741 489 3838 548 vel
3855 489 4165 564 praedicet,

741 579 853 636 per
881 565 1240 636 Symbolum
1268 567 1567 624 habemus
1590 585 1963 643 expressum,
1987 589 2126 631 cum
2165 575 2251 631 sic
2269 591 2404 632 esse

746 652 1042 710 deﬁnierit
1104 659 1325 727 quarta
1375 657 1732 716 universalis
1799 663 2092 733 synodus,
2147 667 2405 722 Leonem

745 756 974 813 papam
1004 743 1270 814 primum
1319 750 1554 802 secuta:
1611 749 1923 821 epistolam
1975 743 2220 826 quoque
2276 755 2406 826 ejus

750 846 935 902 quem
997 832 1404 903 prmdiximus,
1472 834 1613 892 ﬁdei
1668 839 2019 896 orthodoxae
2059 842 2406 899 columnam

749 935 944 991 usque
988 919 1169 975 hodie
1223 924 1459 978 Graecus
1517 926 1784 998 appellat
1824 945 1838 983 :
1889 933 1945 984 et
1988 931 2154 1002 quod
2201 931 2408 988 forsan

749 1009 968 1098 aliquis
1000 1010 1266 1075 miretur,
1291 1017 1499 1068 sancta
1516 1019 1573 1069 et
1601 1016 1951 1098 universalis
1972 1021 2247 1091 synodus
2271 1036 2408 1094 pro-

751 1095 935 1162 hibet,
960 1113 1036 1153 ne
1066 1098 1240 1154 alicui
1297 1100 1473 1157 liceat
1525 1095 1960 1174 proferrefvel
2009 1109 2289 1178 scribere,
2315 1109 2412 1165 vel

755 1200 1119 1257 componere
1175 1187 1426 1244 alteram
1491 1191 1678 1247 ﬁdem
1731 1194 1811 1248 ab
1859 1210 1932 1250 ea
1981 1212 2118 1268 quae
2166 1198 2413 1254 deﬁnita

755 1278 844 1329 est
865 1289 901 1328 a
922 1274 1144 1329 sanctis
1167 1275 1445 1332 Patribus
1469 1278 1672 1335 Nicaeae
1704 1285 2100 1353 congregatis,
2130 1286 2414 1358 quamvis

757 1362 1027 1418 secunda
1050 1363 1325 1434 synodus
1377 1367 1734 1437 Symbolum
1784 1370 2053 1440 ediderit,
2113 1380 2179 1430 ut
2230 1390 2415 1446 supra

758 1456 1069 1508 ostensum
1099 1457 1207 1522 est,
1251 1453 1311 1510 in
1342 1471 1462 1527 quo
1496 1457 1700 1529 aliqua
1726 1460 2123 1529 continentur,
2174 1480 2311 1537 quae
2355 1465 2416 1520 in

759 1539 999 1596 Nicaeno
1027 1542 1280 1598 concilio
1305 1558 1428 1599 non
1450 1545 1784 1602 habentur:
1813 1550 1979 1620 quod
2001 1567 2070 1606 ex
2103 1553 2417 1609 collatione

760 1630 1069 1702 utriusque
1104 1633 1322 1704 synodi
1368 1635 1754 1692 manifestum
1804 1643 1897 1694 est
1945 1639 2172 1697 lectori.
2217 1645 2418 1714 Ipsam

761 1736 907 1776 vero
938 1721 1409 1792 prohibitionem
1434 1725 1512 1780 ad
1544 1726 1797 1784 verbum
1820 1729 1902 1784 sic
1926 1731 2208 1799 continet,
2231 1732 2418 1788 tertiaa

2515 577 2624 633 sed
2652 576 2820 650 quod
2866 591 3078 633 verum
3140 583 3245 647 est,
3301 586 3358 636 et
3403 580 3577 651 cujus
3630 580 3977 653 oppositum
4027 578 4169 637 facit

2511 664 2814 732 haeresim,
2880 680 2991 722 nec
3040 680 3166 722 non
3231 672 3289 724 et
3339 669 3469 739 ejus
3533 668 3754 724 veritas
3837 667 4174 741 periculoso

2517 752 2749 809 silentio
2783 753 3122 824 petentibus
3160 755 3523 827 denegatur:
3555 761 3720 828 patet
3748 755 4006 828 quod,si
4033 771 4175 829 pro-

2514 847 2646 913 pter
2692 841 2927 914 pietatis
2973 843 3379 915 naufragium,
3434 845 3603 918 quod
3645 844 4020 908 imminebat,
4069 844 4174 900 ad-

2517 929 2667 985 didit
2694 930 3002 987 veritatem
3032 931 3197 1000 ﬁdei,
3221 933 3282 989 in
3325 932 3612 1006 Symbolo
3641 948 3766 989 non
3795 947 4172 1006 expressam,

2517 1034 2643 1075 non
2663 1024 2755 1075 est
2773 1022 3320 1078 excommunicata.

2590 1109 2647 1162 Si
2703 1123 2847 1164 vero
2899 1115 3146 1182 propter
3174 1111 3642 1168 declarationem
3673 1111 3815 1167 ﬁdei
3868 1111 4075 1178 talem,
4113 1111 4182 1166 ut

2521 1198 2705 1254 Grmci
2725 1203 3020 1264 asserunt,
3061 1199 3432 1256 additionem
3487 1200 3707 1256 factam
3757 1200 3820 1256 in
3871 1198 4177 1272 Symbolo,

2522 1286 3166 1345 excommunicationis
3184 1288 3542 1344 sententiam
3563 1288 3749 1344 Latini
3769 1289 4178 1351 incurrerunt,

2523 1374 2788 1432 conﬁteri
2809 1390 3053 1431 necesse
3071 1381 3163 1431 est
3183 1392 3394 1432 omnes
3415 1378 3519 1449 qui
3540 1378 3600 1434 in
3624 1378 3913 1447 secundo,
3940 1381 4181 1449 quarto,

2523 1463 2757 1535 quinto,
2790 1467 2979 1527 sexto,
3012 1464 3289 1536 septimo,
3324 1465 3592 1521 conciliis
3637 1465 3902 1527 fuerunt,
3957 1479 4068 1537 pro
4112 1478 4184 1518 eo

2525 1552 2692 1624 quod
2717 1557 2929 1624 praeter
2956 1567 3028 1610 ea
3051 1569 3188 1626 qua;
3233 1554 3294 1609 in
3329 1554 3616 1625 Symbolo
3664 1555 3873 1611 Nicaeae
3919 1552 4186 1610 contine-

2525 1639 2768 1710 bantur,
2798 1641 3001 1714 aliqua
3030 1642 3153 1698 imo
3171 1642 3447 1699 multade
3477 1642 3595 1699 ﬁde
3620 1643 4004 1710 deﬁnierunt,
4043 1655 4188 1698 ana-

2527 1730 2806 1786 thematis
2862 1729 3064 1800 gladio
3129 1730 3317 1788 fuisse
3404 1747 3743 1804 percussos.
3847 1732 3961 1787 Sed
4050 1746 4188 1803 quae

765 1809 982 1881 synodi
1009 1825 1140 1883 cap.
1203 1811 1349 1868 ult.:
1403 1813 1477 1868 Iis
1511 1815 1688 1884 igitur
1737 1816 1903 1872 lectis
1948 1819 2155 1876 deﬁnit
2211 1826 2420 1877 sancta
2455 1840 2497 1895 Β
2529 1818 2725 1888 major
2743 1818 3066 1885 dementia,
3099 1824 3156 1876 et
3207 1821 3403 1891 major
3446 1821 3706 1885 caecitas,
3753 1834 3942 1892 quam
3967 1819 4185 1886 dicere,

764 1899 1059 1971 synodus,
1092 1899 1339 1957 alteram
1369 1903 1555 1960 ﬁdem
1587 1906 2003 1964 neminilicere
2020 1909 2302 1981 proferre,
2326 1911 2421 1966 vel
2530 1913 2632 1964 aut
2658 1908 2943 1981 proferre,
2986 1914 3089 1964 aut
3125 1925 3376 1981 prorsus
3414 1909 3696 1979 cogitare,
3739 1909 3908 1981 quod
3947 1909 4188 1964 tertium

765 1987 1047 2059 scribere,
1075 1988 1169 2044 vel
1199 2005 1582 2064 componere,
1610 2001 1823 2065 prmter
1844 2012 2000 2062 eam,
2025 2014 2161 2071 quae
2178 1998 2422 2057 deﬁnita

766 2081 857 2132 est
883 2093 919 2133 a
942 2079 1159 2134 sanctis
1189 2080 1461 2136 Patribus
1491 2083 1698 2138 Nicaeae
1724 2100 1861 2140 cum
1896 2092 2106 2143 sancto
2159 2088 2376 2160 Spiritu
2405 2107 2419 2157 ;

766 2173 1198 2238 praesumentes
1227 2170 1477 2226 alteram
1508 2171 1712 2235 ﬁdem,
1737 2173 2022 2244 proferre,
2066 2177 2161 2231 vel
2190 2177 2421 2247 offerre,

768 2257 1032 2311 converti
1062 2257 1334 2314 nolentes
1374 2259 1452 2314 ad
1482 2259 1849 2329 agnitionem
1905 2265 2163 2320 veritatis
2215 2281 2286 2321 ex
2332 2267 2424 2336 ju-

768 2346 1027 2414 daismo,
1060 2346 1151 2402 vel
1177 2347 1388 2402 haeresi
1419 2349 1845 2423 qualicunque,
1887 2353 2019 2420 hos,
2073 2353 2122 2409 si
2178 2354 2425 2427 quidem

769 2434 1007 2502 fuerint,
1041 2436 1556 2494 anathematizari.
1590 2462 1618 2490 »

845 2525 958 2581 Sed
989 2525 1144 2581 dicet
1174 2526 1453 2583 Graecus:
1489 2529 1642 2594 Quid
1686 2529 1843 2588 ultra
1883 2533 2172 2604 quaeritur
2198 2534 2226 2589 ?
2279 2537 2426 2591 Ecce

768 2613 1069 2672 habemus
1098 2616 1477 2689 propositum
1510 2634 1582 2673 ex
1612 2619 1984 2677 deﬁnitione.

1232 2759 1551 2827 Responsio
1583 2760 1962 2818 Latinorum.

842 2889 929 2946 Ad
952 2890 1116 2962 quod
1153 2892 1584 2963 respondentes
1625 2895 1708 2950 sic
1755 2897 2050 2953 dicimus:
2109 2900 2430 2956 Prohibitio

772 2981 964 3035 sancti
994 2981 1226 3036 concilii
1260 2983 1410 3038 sicut
1438 2988 1648 3040 sancta
1671 2991 1728 3040 et
1760 3001 1901 3041 vera
1919 3005 2050 3043 esse
2073 2991 2425 3046 ostenditur.

771 3071 854 3126 ita
897 3070 979 3125 nil
1009 3074 1216 3126 contra
1246 3075 1552 3128 veritatem
1590 3074 1963 3143 dignoscitur
1985 3078 2308 3134 continere.
2341 3080 2429 3135 Di-

769 3159 847 3214 cit
875 3161 1033 3250 enim
1061 3177 1081 3250 :7
1111 3161 1167 3216 Si
1193 3161 1326 3232 quis
1357 3162 1537 3217 aliam
1565 3163 1746 3218 ﬁdem
1781 3180 1816 3220 a
1845 3168 2090 3222 veritate
2133 3170 2429 3239 praedica-
2462 3195 2502 3250 ε

767 3249 940 3318 verit,
973 3249 1291 3320 scripserit.
1327 3252 1654 3306 anathema
1683 3252 1772 3307 sit.
1819 3255 1933 3309 Sed
1955 3255 2197 3311 Latinus
2225 3258 2433 3314 scribit

768 3343 826 3393 et
849 3339 1138 3410 praedicat
1168 3339 1332 3407 illud,
1361 3342 1527 3412 quod
1575 3348 1920 3398 sanctorum
1971 3347 2428 3402 auctoritatibus

763 3431 820 3482 et
846 3443 1030 3483 sacrm
1063 3429 1377 3501 Scripturae
1411 3431 1762 3486 testimoniis
1795 3433 2160 3502 probatesse
2185 3453 2418 3492 verum.

761 3521 914 3588 Ergo
940 3534 1063 3574 non
1095 3519 1297 3583 aliam,
1328 3519 1433 3575 sed
1481 3522 1760 3577 eamdem
1820 3523 2020 3578 minus
2076 3541 2428 3597 expressam

763 3608 907 3664 olim
938 3608 998 3663 in
1034 3608 1342 3680 Symbolo,
1383 3615 1504 3665 tam
1534 3609 1815 3666 ﬁdelibus
1841 3628 2029 3684 quam
2060 3613 2426 3686 inﬁdelibus,

761 3696 1056 3770 praedicat
1079 3697 1284 3753 fidem.

835 3785 1006 3852 Quod
1049 3790 1250 3842 autem
1298 3801 1438 3842 vera
1487 3786 1560 3842 sit
1609 3789 1925 3860 expositio,
1977 3790 2268 3862 probatur
2323 3810 2432 3866 per

766 3875 1183 3930 auctoritatem
1197 3875 1483 3946 Apostoli,
1498 3881 1554 3931 et
1570 3891 1676 3948 per
1693 3877 1858 3950 ipsos
1877 3886 2222 3937 tractatores
2245 3899 2430 3938 sacrm

764 3963 927 4032 ﬁdei,
955 3964 1059 4036 qui
1092 3964 1152 4019 in
1182 3964 1355 4019 dictis
1407 3966 1677 4020 conciliis
1715 3968 2108 4039 personaliter
2140 3970 2430 4028 interesse

766 4058 1137 4111 meruerunt.
1191 4054 1337 4110 Dicit
1389 4069 1533 4123 ergo
1587 4055 1803 4111 Paulus
1864 4058 2234 4129 quibusdam
2302 4061 2427 4116 sic:

768 4144 1110 4215 Quicunque
1122 4143 1279 4200 vobis
1302 4145 1478 4200 aliud
1490 4146 2170 4217 prmdicaveritmrteier
2189 4150 2254 4205 id
2274 4151 2438 4222 quod

767 4233 1093 4305 accepistis,
1132 4238 1242 4290 hoc
1273 4239 1381 4298 est,
1417 4235 1464 4290 si
1485 4235 1624 4307 quis
1647 4236 1821 4292 vobis
1846 4237 2033 4307 aliud,
2061 4239 2119 4293 id
2145 4244 2251 4310 est,
2285 4256 2432 4296 con-

767 4323 1017 4381 trarium
1053 4323 1565 4394 evangelizaverit,
1613 4325 1706 4380 vel
1737 4328 2032 4384 contrario
2089 4329 2271 4384 modo
2324 4329 2432 4385 do-

768 4414 977 4479 cuerit,
1001 4413 1325 4470 anathema
1351 4416 1505 4469 sit".
1564 4418 1690 4471 Non
1737 4416 1914 4473 dicit:
1973 4416 2032 4474 Si
2078 4417 2214 4490 quis
2261 4418 2435 4474 vobis

770 4501 1086 4559 addiderit.
1124 4504 1273 4558 Nam
1308 4502 1354 4557 si
1377 4501 1520 4558 illud
1567 4503 1834 4578 dixisset,
1887 4504 1998 4560 sibi
2041 4506 2154 4577 ipsi
2221 4507 2431 4580 praaju-

770 4593 1050 4657 dicasset,
1091 4592 1194 4664 qui
1219 4591 1506 4664 cupiebat
1552 4593 1750 4650 venire
1808 4599 1873 4651 ut
1919 4594 2246 4667 suppleret,
2299 4613 2434 4669 quae

770 4698 980 4739 eorum
1005 4681 1147 4738 ﬁdei
1175 4681 1436 4737 deerant.
1464 4682 1579 4739 Sed
1604 4683 1710 4756 qui
1742 4682 2000 4756 supplet,
2027 4683 2194 4756 quod
2235 4686 2432 4740 minus

771 4777 895 4830 erat
921 4772 1108 4839 addit,
1131 4787 1253 4828 non
1281 4772 1449 4845 quod
1476 4773 1670 4830 inerat
1707 4773 1879 4830 tollit.

844 4863 952 4924 Qui
971 4860 1456 4936 pmtergreditur
1484 4862 1624 4919 ﬁdei
1648 4862 1942 4936 regulam,
1973 4878 2098 4920 non
2144 4863 2315 4921 addit
2355 4863 2430 4920 ad

773 4953 1002 5016 omnia,
1025 4952 1130 5008 sed
1157 4952 1434 5008 recedita
1463 4952 1581 5009 via.
1630 4954 1820 5009 Aliud
1854 4952 2009 5024 "ergo
2048 4955 2314 5026 positum
2350 4959 2438 5010 est

773 5060 886 5119 pro
929 5043 1234 5116 opposito.
1282 5046 1448 5113 Nam,
1506 5059 1644 5115 qua:
1690 5045 1765 5099 de
1813 5043 1934 5099 Deo
1986 5050 2092 5108 est,
2128 5046 2435 5100 veritatem

773 5134 976 5192 nullus
1039 5132 1358 5188 hominum
1413 5133 1733 5204 prohibere
1788 5136 2006 5206 potest,
2051 5134 2198 5206 quin
2249 5134 2439 5206 possit

777 5223 1025 5290 cantari,
1054 5222 1192 5292 legi,
1219 5226 1276 5279 et
1301 5223 1614 5294 praedicari
1650 5223 1710 5278 in
1741 5222 2026 5279 ecclesiis.
2077 5223 2240 5279 Unde
2277 5223 2437 5279 idem

776 5312 1102 5389 Apostolus
1113 5313 1194 5369 ait
1210 5329 1222 5367 :
1238 5313 1412 5369 Nihil
1422 5328 1653 5382 possum
1662 5329 1728 5368 us
1740 5313 2027 5370 adversus
2041 5315 2349 5370 veritatem
2367 5315 2432 5348 ³³·

781 5409 930 5466 Cum
960 5405 1141 5475 igitur
1162 5405 1436 5459 Romana
1458 5402 1714 5459 Ecclesia
1735 5402 1919 5468 aliud,
1938 5407 2042 5460 aut
2069 5403 2438 5461 contrarium

855 5543 897 5577 ιτ
926 5542 970 5597 ll
1004 5539 1136 5596 Cor.
1171 5541 1304 5610 xui,
1337 5539 1382 5573 ‘3
1408 5539 1450 5592 ll
1480 5539 1611 5596 Cor.
1641 5553 1758 5607 xm,
1779 5538 1838 5592 8.

853 5669 934 5741 (5)
967 5668 1157 5724 Locus
1179 5663 1532 5725 mendosus.

2530 1997 2850 2052 concilium
2923 1999 3536 2054 excommunicaverit
3585 1998 3940 2071 pragteritos,
3989 2001 4046 2054 et
4098 1997 4192 2052 fu—

2530 2090 2716 2149 turos,
2776 2087 2882 2160 qui
2932 2088 3163 2161 aliquid
3214 2088 3372 2161 plus,
3423 2088 3704 2158 quamvis
3759 2103 3994 2154 verum,
4049 2085 4192 2143 deﬁ-

2530 2177 2767 2234 nierunt
2797 2177 2858 2232 in
2882 2177 3160 2246 Ecclesia,
3192 2193 3379 2250 quam
3437 2177 3605 2240 illud,
3653 2178 3821 2250 quod
3874 2176 4193 2233 deﬁnitum

2533 2273 2624 2323 est
2653 2282 2689 2322 a
2731 2267 2952 2322 sanctis
2982 2267 3252 2323 Patribus
3300 2268 3361 2323 in
3415 2272 3624 2324 sancta
3671 2268 3908 2324 Nicasna
3958 2265 4195 2339 synodo

2535 2357 2870 2413 constitutis
2883 2357 2911 2413 ?

2607 2449 2775 2515 Item,
2805 2447 3102 2519 numquid
3125 2446 3454 2506 Nicanum.
3491 2451 3596 2504 aut
3650 2443 4190 2518 Constantinopoli-

2535 2539 2747 2593 tanum
2770 2536 3124 2608 Symbolum
3147 2537 3354 2593 omnia
3374 2537 3659 2601 continet,
3681 2551 3818 2608 quae
3849 2534 4190 2592 necessaria

2539 2625 2772 2682 suntad
2791 2625 3064 2692 salutem,
3087 2626 3434 2682 ubinullum
3451 2626 3526 2682 de
3540 2631 3767 2698 septem
3802 2624 4194 2680 sacramentis

2538 2715 2828 2780 Ecclesiae,
2851 2722 3100 2787 excepto
3132 2715 3455 2788 baptismo,
3487 2714 3654 2770 aliud
3684 2729 4046 2786 expressum
4087 2712 4196 2768 ibi-

2538 2805 2679 2862 dem
2710 2805 3093 2860 continetur?
3137 2806 3240 2861 Cui
3273 2821 3416 2875 ergo
3455 2805 3712 2860 dubium
3743 2803 3999 2869 videtur,
4031 2817 4197 2876 quae-

2539 2894 2682 2950 dam
2715 2910 2856 2950 vera
2886 2910 3022 2948 esse
3051 2894 3127 2949 de
3161 2897 3297 2962 Deo,
3351 2909 3487 2966 quas
3519 2895 3578 2948 in
3621 2893 3792 2948 libris
3848 2908 3971 2948 non
4015 2892 4198 2947 ccuti-

2537 2986 2798 3040 nentur?
2831 2986 2895 3039 Et
2923 2989 2989 3038 ut
3011 2983 3088 3038 de
3118 2983 3210 3038 his
3241 2999 3403 3040 nunc
3434 2989 3770 3048 taceamus,
3807 2982 3884 3052 (5)
3932 2982 4036 3054 qui
4074 2995 4200 3036 non

2537 3071 2692 3127 lecta
2707 3071 2954 3142 expletis
2983 3076 3347 3142 sequuntur:
3380 3071 3612 3126 Patrem
3644 3081 3700 3126 et
3723 3070 4028 3142 Spiritum,
4058 3068 4200 3124 Filio

2539 3162 2874 3225 incarnato,
2902 3160 3248 3216 incarnatos
3272 3176 3393 3214 non
3425 3175 3573 3217 esse.
3603 3164 3706 3215 aut
3733 3175 3973 3231 passos,
4011 3158 4115 3213 ubi
4139 3157 4203 3213 in

2541 3250 2843 3323 Scriptura
2871 3251 3093 3321 poteris
3123 3249 3426 3305 invenire?
3456 3249 3618 3320 quod
3654 3253 3857 3304 tamen
3883 3247 3965 3304 ita
3991 3263 4202 3303 verum

2539 3344 2648 3402 est,
2682 3344 2747 3393 ut
2783 3339 3132 3410 oppositum
3182 3337 3274 3393 vel
3323 3342 3521 3393 mente
3581 3337 3917 3408 concipere,
3978 3336 4053 3391 sit
4099 3335 4203 3391 ad-

2539 3429 2814 3485 surdum.

2611 3520 3102 3593 Item,quomodo
3118 3520 3350 3576 tertium
3371 3518 3694 3575 concilium
3717 3515 4204 3573 excommunicat

2537 3611 2801 3684 primum
2833 3616 2889 3666 et
2917 3614 3223 3682 quartum,
3243 3611 3545 3682 quintum,
3576 3614 3633 3664 et
3654 3613 3914 3676 sextum,
3943 3611 3999 3663 et
4024 3606 4202 3678 septi-

2538 3716 2706 3756 mum
2727 3701 2753 3755 ?
2780 3716 2914 3754 cum
2931 3699 2990 3754 in
3016 3699 3133 3754 ﬁne
3150 3698 3468 3769 cujuslibet
3485 3697 3717 3752 concilii
3740 3698 3898 3752 hanc
3920 3695 4202 3751 eamdem

2537 3789 3001 3862 prohibitionem
3035 3789 3256 3844 factam
3289 3788 3368 3843 ab
3401 3787 3484 3842 eis
3525 3786 3793 3858 recipiat,
3837 3784 4097 3840 scilicet:
4138 3785 4207 3840 Si

2540 3881 2671 3952 quis
2698 3882 2950 3935 alteram
2979 3879 3178 3947 ﬁdem,
3229 3883 3338 3934 etc.
3367 3878 3423 3934 Si
3485 3891 3630 3932 vero
3694 3873 4205 3930 excommunicati

2539 3969 2850 4042 quomodo
2878 3969 3090 4037 sancti,
3114 3968 3162 4023 si
3185 3972 3386 4024 autem
3421 3966 3612 4022 sancti
3641 3981 3762 4021 non
3788 3963 4206 4020 excommuni-

2540 4060 2681 4115 cati.
2723 4059 3041 4124 Quomodo
3073 4063 3275 4113 tamen
3324 4072 3447 4112 non
3505 4053 4037 4119 excommunicati,
4091 4052 4208 4108 nisi

2539 4148 2958 4223 prohibitionis
3001 4149 3174 4218 juxta
3205 4145 3586 4215 sententiam,
3620 4144 3868 4200 alteram
3913 4142 4119 4208 ﬁdem,
4147 4142 4207 4197 id

2541 4243 2647 4310 est,
2691 4237 3056 4293 contrariam
3087 4242 3262 4292 rectae
3283 4235 3424 4291 ﬁdei
3456 4236 3976 4308 praesumpserunt
4001 4231 4209 4302 praedi-

2543 4343 2678 4384 care
2698 4328 2726 4383 ?
2760 4325 2930 4392 Quod
2960 4342 3102 4382 vero
3131 4331 3258 4382 tam
3292 4323 3558 4380 studiose
3582 4328 3638 4378 et
3662 4322 3906 4378 sollicite
3936 4321 3997 4377 in
4041 4319 4210 4376 omni

2544 4417 2795 4473 concilio
2828 4416 2943 4471 hoc
2969 4416 3168 4487 ipsum
3220 4414 3676 4486 prohibuerunt,
3732 4417 3940 4468 contra
3983 4410 4211 4466 haereti-

2544 4523 2669 4573 cos,
2731 4522 2855 4562 non
2900 4507 2963 4562 in
3021 4504 3420 4578 praejudicum
3472 4503 3737 4558 veritatis
3788 4501 4014 4558 factum
4077 4515 4209 4556 esse

2544 4602 2749 4669 aperte
2779 4595 3042 4669 probant
3070 4611 3206 4667 quae
3238 4595 3298 4650 in
3321 4591 3711 4666 sequentibus
3729 4592 4132 4648 continentur.

2617 4686 2764 4742 Dicit
2791 4687 2953 4742 enim
2995 4685 3210 4740 beatus
3234 4683 3483 4755 Cyrillus
3509 4682 3570 4737 in
3604 4680 3866 4753 Epistola
3900 4681 3977 4736 ad
4007 4683 4209 4736 Nesto-

2543 4775 2699 4832 rium
2727 4792 2739 4830 :
2767 4796 2794 4824 «
2828 4778 2956 4831 Non
2987 4773 3094 4830 tibi
3111 4771 3365 4828 sufﬁciet
3384 4771 3650 4827 conﬁteri
3674 4769 4031 4843 Symbolum
4071 4767 4211 4824 ﬁdei

2547 4865 2744 4921 solum
2772 4863 2998 4920 editum
3023 4877 3133 4935 pro
3151 4867 3422 4935 tempore
3445 4861 3503 4916 in
3528 4860 3767 4932 Spiritu,
3791 4874 3826 4915 a
3848 4873 4076 4928 magna
4112 4873 4212 4929 sy-

2544 4954 2710 5012 nodo
2759 4969 2870 5026 pro
2913 4958 3179 5026 tempore
3207 4955 3574 5021 congregata
3604 4949 3833 5006 Nicaeae.
3869 4946 4209 5003 intellexisti

2546 5044 2708 5101 enim
2727 5059 2850 5099 non
2879 5048 3068 5098 recte:
3100 5041 3649 5112 sedinterpretatus
3703 5054 3769 5094 es
3819 5053 3942 5094 non
4000 5040 4158 5092 recte
4194 5054 4208 5091 :

2548 5133 2653 5190 sed
2680 5148 2958 5206 perverse
3004 5135 3215 5187 contra
3263 5129 3682 5186 haereticorum
3730 5126 4213 5200 importunitates

2547 5225 2774 5280 dictum
2802 5228 2908 5289 est,
2934 5221 3070 5294 plus
3097 5219 3194 5275 vel
3225 5219 3426 5275 minus
3457 5217 3642 5274 aliam
3673 5216 3857 5276 ﬁdem
3889 5214 4194 5272 afﬁrmare

2547 5313 2944 5374 conscribere,
2977 5324 3364 5383 componere,
3395 5307 3636 5378 docere,
3663 5306 3757 5363 vel
3788 5321 3998 5367 sanere
4024 5321 4038 5361 :
4077 5319 4213 5377 quas

2547 5403 2775 5477 aliquid
2807 5399 3296 5475 superinducere,
3332 5397 3430 5456 vel
3475 5395 3827 5455 subtrahere
3883 5394 4216 5453 moliuntur
