4468 6440
288 394 391 454 505

1735 393 2014 458 CONTRA
2050 394 2344 459 GRAECOS

3597 396 3702 456 506

291 533 453 576 sane
479 517 701 575 mentis
725 515 1048 577 intellectui
1076 531 1287 578 eorum
1306 517 1496 596 quiin
1517 519 1729 577 Nicaea
1757 522 1940 594 Sym-
1971 522 2018 578 A
2047 521 2202 589 rillo,
2260 537 2372 596 pro
2416 535 2490 578 eo
2565 520 2733 598 quod
2803 521 2866 578 in
2942 518 3218 594 pluribus
3293 517 3528 594 scriptis
3576 519 3702 576 suis

289 607 497 664 bolum
517 608 1024 680 conscripserunt.
1057 629 1084 658 ››

359 701 505 753 item
533 697 609 752 de
631 697 846 754 eodem
875 697 1237 754 Athanasius
1281 715 1294 755 :
1330 719 1360 748 «
1409 698 1498 755 Nil
1551 699 1813 774 amplius
1840 700 1940 757 de-

288 784 429 841 bere
457 785 636 841 scribi
661 785 736 841 de
788 785 929 852 ﬁde,
990 785 1100 842 sed
1151 790 1466 843 contentos
1490 802 1622 844 esse
1650 803 1724 845 ea
1753 803 1941 861 quam

289 875 348 930 in
370 875 570 930 Nicaea
585 873 774 930 sancti
794 877 992 930 Patres
1008 875 1514 947 conscripserunt,
1536 875 1674 948 ﬂde,
1698 881 1943 950 propter

287 962 706 1018 haereticorum
736 966 984 1019 cautum
1027 967 1116 1019 est
1170 963 1612 1020 cavillationes:
1651 987 1672 1014 ι
1708 981 1830 1022 non
1877 969 1943 1022 ut

287 1051 492 1124 pietati
520 1051 938 1124 prmjudicium
991 1051 1340 1120 inferretur;
1372 1053 1524 1110 alias
1554 1069 1768 1110 omnes
1799 1070 1939 1112 san-

287 1145 437 1209 ctos,
468 1141 572 1214 qui
618 1145 832 1214 postea
884 1141 1111 1214 aliquid
1169 1142 1245 1198 de
1275 1142 1393 1199 fide
1414 1143 1717 1212 dixerunt,
1749 1148 1807 1200 et
1836 1160 1941 1201 sex

284 1229 662 1286 venerabiles
694 1230 966 1303 synodos
997 1231 1058 1286 in
1089 1235 1507 1304 contemptum
1536 1233 1732 1303 egisse
1761 1248 1943 1306 pone-

285 1334 446 1374 mus.

354 1407 499 1463 Item
525 1407 780 1480 Cyrillus
799 1409 860 1465 in
881 1409 1166 1482 Epistola,
1191 1409 1365 1481 cujus
1388 1413 1476 1468 est
1500 1410 1735 1468 initium
1767 1412 1944 1482 :Legi

281 1498 803 1552 commonitorium
827 1514 883 1552 τα
905 1498 1264 1554 Athanasius
1285 1497 1735 1568 dixit,sanctam
1760 1515 1942 1571 syno-

281 1585 432 1639 dum
461 1600 587 1640 non
633 1585 844 1641 fecisse
889 1587 1245 1642 memoriam
1289 1587 1566 1644 dictionis
1597 1588 1936 1645 Genitricis:

283 1686 400 1742 ego
432 1678 635 1730 autem
661 1674 893 1747 scripsi,
950 1675 1116 1749 quod
1144 1679 1200 1731 et
1235 1675 1280 1731 si
1333 1692 1453 1732 non
1512 1676 1649 1733 fecit
1673 1677 1943 1750 synodus

283 1763 667 1831 memoriam,
714 1763 870 1818 bene
895 1762 1050 1819 fecit.
1101 1766 1302 1838 Neque
1345 1766 1505 1821 enim
1553 1769 1679 1822 erat
1710 1771 1942 1822 motum

2053 611 2338 683 Spiritum
2371 615 2665 669 sanctum
2704 627 2779 668 ex
2810 610 2950 668 Filio
2979 625 3114 665 esse
3140 610 3394 666 fateatur
3422 626 3434 674 ;
3463 624 3702 666 excom-

2050 701 2476 757 municationis
2504 701 2860 757 sententiam
2907 700 2970 755 in
3021 699 3201 775 pleno
3249 698 3500 754 concilio
3530 698 3701 754 susti-

2049 790 2252 846 nuisse
2284 789 2536 846 meruit:
2586 789 2780 845 donec
2805 803 2878 846 ea
2923 803 3060 861 quas
3089 791 3300 844 contra
3343 786 3701 859 praedictum

2051 879 2283 934 Patrem
2305 879 2539 934 dixerat
2559 881 2615 933 et
2631 877 2967 949 scripserat,
3003 875 3240 950 publice
3262 879 3628 932 retractaret.

2120 967 2547 1023 Auctoritatem
2568 981 2711 1037 ergo
2729 965 2910 1036 hujus
2931 965 3008 1037 (8)
3040 963 3375 1020 Theodoriti
3405 969 3700 1036 tanquam

2049 1054 2470 1128 blasphemam
2487 1060 2859 1130 respuentes,
2881 1055 2958 1110 ad
2976 1053 3141 1110 illam
3164 1053 3540 1119 Damasceni,
3562 1067 3698 1124 quae

2051 1145 2133 1200 sic
2165 1144 2371 1218 incipit
2394 1163 2406 1200 :
2426 1168 2452 1195 ‹‹
2480 1145 2680 1200 Primo
2706 1147 2796 1200 est
2813 1142 3166 1208 intellectus,
3194 1141 3411 1197 deinde
3441 1139 3698 1196 verbum

2051 1234 2330 1303 exterius,
2388 1235 2634 1307 spiritus
2682 1237 2884 1290 autem
2941 1235 3030 1288 est
3079 1229 3246 1290 verbi
3269 1229 3632 1298 vehiculum,
3666 1250 3694 1278 ››

2052 1323 2436 1380 accedamus.

2287 1501 2425 1556 Item
2465 1498 2681 1556 solutio
2708 1498 2788 1554 ad
2815 1497 3060 1555 verbum
3083 1496 3464 1554 Damasceni.

2122 1677 2442 1733 Sciendum
2472 1680 2557 1732 est
2589 1674 2996 1748 Grmcis,quod
3025 1677 3115 1730 est
3142 1674 3392 1730 verbum
3423 1672 3699 1740 exterius,

2053 1771 2111 1824 et
2136 1766 2387 1821 verbum
2414 1765 2680 1820 interius.
2704 1764 2962 1820 Verbum
2995 1763 3257 1828 interius,
3311 1763 3462 1818 sicut
3513 1761 3703 1817 sancti

283 1849 513 1922 aliquid
537 1851 958 1923 hujuscemodi
980 1858 1123 1909 tunc
1146 1855 1454 1927 temporis,
1479 1861 1725 1928 propter
1775 1856 1944 1928 quod
1979 1866 2017 1921 Β
2051 1855 2328 1911 doctores
2357 1854 2582 1919 dicunt,
2614 1858 2707 1909 est
2736 1852 3085 1919 intellectus,
3120 1850 3208 1906 vel
3239 1849 3539 1922 cogitatio.
3572 1852 3704 1905 Ver-

283 1954 410 1995 non
438 1945 566 1996 erat
596 1941 920 1999 necessitas
941 1958 1080 2015 quae
1111 1959 1234 1999 non
1267 1944 1699 2019 quaerebantur
1719 1945 1869 2002 ferre
1884 1945 1944 2002 in

281 2027 579 2085 medium.
615 2051 643 2080 »

356 2117 506 2173 Item
532 2118 782 2175 Basilius
826 2121 885 2176 in
918 2121 1178 2194 Epistola
1220 2138 1407 2196 quam
1438 2123 1946 2198 scripsitEpipha-

278 2205 408 2274 nio,
435 2207 517 2264 ita
539 2208 726 2266 dixit:
757 2232 785 2260 ‹‹
815 2211 966 2267 Nihil
996 2227 1328 2284 possumus
1373 2213 1595 2269 addere
1639 2213 1778 2271 ﬁdei
1811 2231 1940 2288 nos,

278 2310 481 2368 neque
513 2302 732 2370 praeter
757 2315 895 2356 eam
923 2315 1060 2373 quae
1085 2301 1144 2356 in
1175 2301 1460 2374 Spiritum
1491 2307 1788 2374 sanctum,
1822 2305 1945 2375 glo-

278 2384 700 2451 rificationem,
739 2404 927 2461 quam
995 2389 1056 2445 in
1108 2392 1457 2446 transcursu
1506 2392 1708 2448 Patres
1757 2395 1944 2450 nostri

279 2472 466 2545 hujus
491 2477 849 2534 memoriam
894 2477 1163 2536 fecerunt
1209 2480 1485 2537 nondum
1513 2481 1589 2537 de
1638 2482 1772 2556 ipso
1800 2488 1944 2540 tunc

281 2567 452 2620 mota
481 2567 843 2636 quaestione.
888 2589 910 2617 ι

357 2654 521 2708 Patet
541 2653 722 2723 igitur
772 2671 844 2711 ex
889 2657 1235 2729 prazmissis,
1284 2658 1449 2731 quod
1475 2664 1685 2716 contra
1713 2660 1941 2717 haereti-

282 2757 498 2798 corum
549 2743 1053 2816 importunitates,
1095 2763 1232 2821 quae
1263 2749 1573 2806 veritatem
1604 2757 1941 2822 pervertere

279 2831 572 2897 nituntur,
595 2832 752 2889 facta
781 2833 889 2889 fuit
909 2835 1037 2892 haec
1060 2853 1168 2909 pro
1198 2838 1312 2906 his,
1335 2854 1456 2894 non
1481 2843 1544 2894 ut
1568 2839 1771 2910 pietati
1790 2856 1940 2912 prae-

277 2919 580 2990 judicium
607 2921 940 2979 inferretur.
973 2927 1036 2980 Et
1067 2927 1234 2997 quod
1254 2943 1326 2981 ea
1344 2943 1480 2999 qua:
1506 2928 1562 2982 in
1589 2933 1937 2985 transcursu

277 3007 440 3064 dicta
462 3015 621 3074 sunt,
645 3010 950 3069 declarare
971 3012 1104 3070 licet
1128 3016 1309 3070 etiam
1345 3032 1484 3071 cum
1503 3016 1934 3086 additionibus,

277 3113 389 3152 nec
421 3113 545 3153 non
576 3103 632 3154 et
661 3101 970 3157 veritatem
1000 3103 1242 3159 tacitam
1276 3120 1385 3176 pro
1415 3111 1684 3179 tempore
1713 3109 1770 3163 in
1806 3123 1932 3163 ma-

2050 1943 2198 1998 bum
2228 1944 2509 2010 exterius,
2537 1958 2735 1998 sermo
2757 1946 2866 1999 est.
2901 1941 3176 1998 Similiter
3205 1945 3294 1996 est
3325 1939 3565 2011 spiritus
3595 1938 3703 1993 du-

2052 2031 2498 2103 plex:interior
2545 2032 2814 2104 spiritus,
2859 2034 2917 2087 et
2971 2029 3244 2086 exterior.
3292 2027 3537 2084 Interior
3585 2028 3702 2100 spi-

2052 2120 2200 2175 ritus
2235 2136 2406 2177 amor
2431 2126 2554 2188 est;
2585 2120 2840 2176 exterior
2885 2134 3044 2182 vero.
3103 2133 3222 2174 aer.
3269 2119 3401 2173 Jam
3437 2131 3578 2187 ergo
3600 2116 3705 2172 do-

2053 2215 2264 2276 ctores,
2295 2211 2447 2266 sicut
2471 2217 2714 2267 sanctus
2735 2210 3100 2280 Augustinus
3128 2213 3184 2264 et
3224 2207 3342 2278 alii,
3377 2205 3704 2279 exempliﬁ-

2055 2305 2258 2356 cantes
2275 2301 2350 2357 de
2367 2301 2556 2358 Verbo
2576 2302 2886 2357 incarnato
2905 2304 2962 2356 et
2981 2298 3203 2372 Spiritu
3225 2299 3512 2363 increato,
3537 2312 3702 2352 com-

2053 2395 2268 2463 parant
2293 2391 2565 2463 spiritum
2594 2391 2935 2447 interiorem
2978 2389 3057 2445 ad
3113 2389 3364 2445 verbum
3421 2386 3701 2452 exterius,

2053 2479 2127 2535 de
2164 2479 2384 2553 quibus
2430 2481 2573 2537 dicit
2622 2485 2866 2537 sanctus
2915 2479 3317 2549 Augustinus:
3353 2499 3382 2527 ‹‹
3413 2476 3586 2532 Prius
3617 2480 3705 2532 est

2053 2587 2223 2627 mens
2247 2590 2260 2627 :
2284 2573 2508 2629 dictum
2533 2577 2624 2629 est
2643 2572 2918 2642 verbum,
2951 2571 3077 2626 sive
3099 2569 3403 2640 cogitatio,
3424 2567 3570 2641 quia
3602 2583 3704 2623 co-

2052 2661 2258 2731 gitatio
2288 2662 2347 2718 in
2374 2667 2570 2718 mente
2600 2667 2912 2734 concepta,
2941 2660 3198 2716 verbum
3237 2658 3477 2714 dicitur.
3501 2677 3530 2709 ι
3557 2657 3704 2713 Con-

2053 2757 2374 2824 sequenter
2404 2753 2694 2825 sequitur,
2719 2752 2884 2824 quod
2905 2766 2979 2807 ex
3006 2755 3260 2822 utroque
3286 2749 3544 2822 spiretur
3564 2747 3704 2803 afl'e-

2050 2846 2177 2896 ctus
2205 2842 2330 2896 sive
2372 2857 2563 2897 amor.
2605 2844 2763 2897 Mens
2825 2856 3089 2914 namque
3115 2839 3268 2895 Patri
3320 2836 3702 2904 attribuitur;

2048 2930 2299 2986 verbum
2331 2930 2474 2986 Filio
2504 2949 2516 2997 ;
2563 2947 2735 2985 amor
2758 2929 2997 3002 Spiritui
3039 2933 3268 2984 sancto.
3299 2929 3382 2982 Ex
3419 2926 3534 2982 hoc
3564 2940 3706 2995 ergo

2048 3017 2305 3075 dicimus
2321 3020 2600 3092 Spiritum
2621 3020 2698 3075 ab
2720 3024 2973 3090 utroque
2995 3016 3342 3090 procedere,
3361 3015 3516 3071 sicut
3537 3029 3708 3070 amo-

2043 3123 2171 3164 rem
2199 3125 2271 3164 ex
2303 3115 2498 3165 mente
2529 3115 2586 3165 et
2637 3109 2822 3165 verbo
2849 3107 3134 3178 interiori,
3167 3107 3287 3162 sive
3318 3104 3702 3177 cogitatione.

276 3186 563 3243 nifestum
585 3189 846 3260 prodire,
876 3191 1152 3257 scribere,
1183 3197 1240 3249 et
1272 3199 1514 3250 cantare
1543 3194 1702 3252 licet.
1739 3197 1929 3263 Quod,
1969 3217 2014 3270 Β
2113 3199 2448 3254 Auctoritas
2486 3198 2841 3254 Damasceui
2868 3197 3034 3253 aliter
3065 3198 3178 3252 ista
3206 3194 3443 3266 accipit,
3473 3197 3530 3249 et
3569 3193 3707 3248 ideo

277 3290 417 3330 cum
440 3291 664 3344 negare
686 3279 864 3334 Graeci
888 3295 1010 3336 non
1033 3289 1310 3353 possunt,
1338 3283 1450 3339 nisi
1483 3285 1683 3340 forsan
1709 3286 1932 3358 scripta
2042 3280 2104 3342 in
2135 3303 2397 3343 errorem
2418 3287 2636 3343 multos
2691 3287 2945 3343 induxit.
3005 3285 3196 3340 Aliam
3245 3299 3388 3339 vero
3445 3282 3706 3339 auctori-

278 3379 393 3419 sua
422 3370 482 3419 et
507 3366 709 3421 Patres
729 3384 870 3423 suos
898 3375 1140 3426 sanctos
1163 3371 1346 3428 velint
1370 3374 1796 3439 condemnare,
1831 3391 1934 3431 ne-

278 3469 446 3510 cesse
477 3455 1033 3514 habentnobiscum
1093 3467 1148 3516 et
1193 3462 1306 3534 ipsi
1353 3464 1597 3519 fatendo
1627 3465 1793 3528 dare,
1825 3469 1934 3521 Ro-

280 3559 533 3599 manum
570 3545 910 3616 pontiﬁcem
945 3555 1188 3622 propter
1230 3551 1599 3608 additionem
1625 3553 1845 3610 factam
1878 3557 1940 3610 in

283 3633 577 3704 Syinbolo
610 3635 816 3706 (quam
847 3653 1051 3693 veram
1078 3655 1205 3694 esse
1235 3641 1436 3696 nullus
1467 3649 1812 3700 sanctorum
1834 3645 1941 3699 du-

284 3722 518 3791 bitavit)
535 3738 653 3778 non
677 3739 805 3779 esse
823 3730 1436 3797 excommunicatum,
1461 3733 1552 3787 vel
1575 3733 1939 3798 haereticum,

285 3810 392 3866 sed
423 3811 592 3883 pium
627 3811 959 3882 doctorem,
989 3820 1047 3872 et
1103 3819 1466 3875 catholicum
1513 3822 1827 3878 etfidelem
1851 3824 1941 3878 di-

285 3907 703 3974 spensatorem
736 3906 783 3939 "
841 3921 1022 3978 quem
1074 3909 1364 3965 Dominus
1426 3928 1608 3984 super
1653 3912 1943 3971 familiam

283 4006 483 4059 suam,
515 3991 578 4047 id
606 3997 716 4061 est,
744 3995 1141 4052 universalem
1169 3998 1495 4056 Ecclesiam
1523 4003 1848 4070 constituit,
1881 4009 1946 4062 ut

281 4080 382 4136 det
410 4080 525 4136 illis
555 4081 754 4138 cibum
786 4084 848 4140 in
879 4089 1148 4159 tempore
1174 4095 1521 4161 opportuno
1551 4092 1621 4150 ⁵ο.

823 4210 1038 4280 Opinio
1069 4212 1438 4271 ercorum.

356 4330 570 4388 Dicunt
626 4332 804 4403 igitur
860 4337 1046 4393 Graeci
1075 4338 1329 4395 iterum:
1379 4341 1694 4399 Multorum
1738 4343 1942 4400 docto-

280 4435 416 4476 rum
442 4425 784 4478 nostrorum
801 4423 1114 4488 hactenus.
1129 4443 1392 4500 quorum
1411 4432 1634 4503 scripta
1649 4432 1812 4505 apud
1830 4449 1940 4490 nos

282 4523 479 4582 usque
495 4509 672 4567 hodie
694 4520 1108 4585 perseverant,
1139 4522 1200 4572 ut
1219 4517 1612 4576 Theodoritus
1651 4528 1707 4578 et
1725 4523 1938 4592 caeteri,

281 4604 498 4655 vestrm
529 4600 800 4674 opinioni
823 4618 1089 4660 erroneus
1122 4608 1422 4664 contraria
1453 4610 1840 4683 scripserunt.

746 4729 1066 4800 Responsio
1093 4733 1473 4792 Latinorum.

355 4850 586 4918 Quibus
622 4867 985 4926 responsum
1006 4856 1325 4916 reddentes
1350 4859 1611 4917 dicimus
1641 4880 1654 4919 :
1686 4863 1856 4929 Quod
1890 4866 1937 4922 si

280 4957 497 4998 omnes
520 4957 675 5014 quos
700 4942 978 5001 doctores
1001 4948 1338 5015 nominant,
1366 4950 1514 5006 tales
1536 4957 1694 5021 sunt,
1725 4953 1938 5026 quales

277 5031 674 5088 Theodoritus
693 5032 879 5092 fuisse
899 5038 1192 5109 probatur
1209 5057 1226 5109 ς
1242 5053 1345 5094 eos
1366 5043 1660 5113 tanquam
1708 5049 1936 5115 pestem

277 5121 927 5200 fugimus,ettanquam
947 5128 1752 5201 haereticosreprobamuan
1766 5138 1938 5207 quin-

277 5218 340 5268 to
387 5216 461 5282 (6)
497 5229 764 5289 namque
790 5217 1065 5285 concilio,
1098 5234 1237 5275 cum
1281 5219 1477 5276 dictus
1540 5223 1936 5280 Theodoritus

274 5302 414 5361 nisu
448 5307 767 5365 temerario
793 5321 980 5363 ausus
1009 5311 1135 5365 erat
1165 5325 1228 5364 se
1256 5324 1564 5383 apponere
1597 5313 1694 5384 (7).
1732 5315 1789 5369 Β.
1826 5315 1936 5388 Cy-

348 5509 395 5542 "
423 5507 670 5578 Luc.xii,
702 5510 790 5566 42.
819 5510 867 5545 ⁵ο
896 5508 1051 5569 Psal.
1084 5525 1277 5580 currv,
1325 5510 1414 5570 15.

455 5689 582 5774 [mo
610 5687 889 5774 inter-tio,
919 5687 1045 5774 hoc.
1068 5693 1178 5747 est.
1209 5689 1280 5774 in.
1302 5689 1621 5774 Ephesino.
1656 5691 1840 5774 εμπ.

347 5760 424 5831 (7)
454 5759 724 5838 NonAfuit
749 5760 881 5838 hac
911 5763 1324 5838 controversia
1347 5759 1507 5821 inter
1555 5764 1838 5838 Cyrillum
1877 5769 1935 5825 et

2041 3382 2228 3438 tatem
2261 3377 2635 3443 Damasceni,
2668 3393 2805 3450 qua:
2827 3377 3003 3432 dicit:
3042 3398 3062 3425 ι

2045 3473 2208 3522 ctum
2240 3482 2312 3522 ex
2345 3467 2484 3523 Filio
2535 3483 2666 3523 esse
2723 3482 2845 3522 non
2898 3465 3174 3534 dicimus,
3215 3487 3236 3514 ι

3119 3379 3236 3431 Nos
3267 3374 3549 3446 Spiritum
3574 3389 3706 3430 san-

3301 3463 3353 3519 si
3411 3468 3706 3535 tanquam

2048 3556 2457 3612 authenticam
2479 3571 2585 3628 per
2601 3556 2853 3612 concilia
2873 3556 3136 3628 recipere
3158 3552 3450 3609 vellemus
3468 3558 3708 3625 (quam-

2048 3646 2138 3701 vis
2196 3661 2319 3701 non
2373 3645 2467 3717 sit)
2525 3647 2676 3702 sicut
2738 3652 3106 3711 sanctorum,
3165 3643 3241 3698 de
3311 3641 3536 3715 quibus
3614 3658 3709 3698 su-

2051 3751 2162 3807 pra
2210 3737 2569 3792 memoriam
2596 3736 2866 3803 fecimus,
2914 3735 2999 3789 sic
3054 3748 3470 3806 exponemus:
3508 3754 3551 3813 ‹‹⁵
3586 3734 3705 3787 Nos

2052 3825 2328 3892 dicimus,
2359 3848 2386 3874 η
2419 3826 2478 3881 id
2501 3831 2608 3887 est,
2632 3845 2661 3877 ‹
2685 3828 2810 3881 Non
2835 3827 3172 3879 cantamus.
3201 3844 3221 3871 ι
3256 3818 3430 3888 Quod
3457 3820 3704 3892 quidem

2051 3929 2262 3970 verum
2319 3919 2428 3971 est.
2489 3915 2640 3970 lllud
2689 3915 2882 3969 enim:
2917 3913 3197 3984 Filioque
3242 3909 3706 3980 proceditzom-

2051 4004 2195 4060 nino
2227 4004 2287 4059 in
2321 4003 2594 4060 Ecclesiis
2625 4002 2955 4058 subticetur
2981 4001 3058 4058 ab
3113 4000 3223 4058 eis.
3274 3999 3332 4057 Si
3368 4003 3569 4054 autem
3599 3997 3709 4055 ﬁat

2053 4093 2140 4148 vis
2169 4094 2230 4149 in
2272 4093 2712 4166 prmpositione.
2755 4108 2847 4159 ex,
2873 4090 3211 4147 secundum
3239 4088 3710 4162 quodimportat

2050 4182 2378 4256 aliquando
2409 4183 2808 4239 universalem
2836 4179 3248 4237 auctoritatem
3277 4178 3574 4252 principii,
3604 4182 3708 4233 aut

2048 4271 2443 4345 principalem
2471 4287 2748 4337 causam,
2794 4275 2986 4344 potest
3016 4268 3314 4324 sustineri.
3359 4269 3508 4322 Nam
3538 4266 3707 4338 quod

2051 4362 2304 4435 Spiritus
2321 4361 2830 4435 procedataFilio,
2863 4361 2980 4417 hoc
3000 4358 3183 4425 habet
3198 4373 3234 4413 a
3255 4359 3427 4413 Patre
3451 4373 3464 4422 ;
3491 4370 3706 4412 secun-

2049 4453 2196 4508 dum
2217 4454 2385 4524 quod
2407 4452 2469 4508 in
2499 4449 2978 4524 praecedentibus
3008 4447 3309 4504 testificati
3335 4461 3568 4502 sumus.

1973 4575 2017 4631 ο
2122 4541 2210 4598 Ad
2249 4542 2431 4598 aliam
2479 4546 2684 4597 autem
2722 4540 3138 4631 auctoritatem
3186 4535 3706 4631 Epiphaniitquas

2051 4630 2267 4688 fatetur
2295 4631 2578 4704 Spiritum
2606 4629 2876 4686 medium
2907 4630 3060 4685 inter
3108 4628 3344 4684 Patrem
3372 4628 3428 4682 et
3470 4625 3702 4697 Filium,

2050 4721 2309 4777 dicimus
2339 4721 2401 4777 id
2441 4718 2918 4790 intelligendum,
2969 4717 3134 4791 quod
3174 4716 3424 4790 Spiritus
3449 4719 3538 4771 est
3565 4731 3707 4772 con-

2048 4811 2225 4868 nexio
2254 4817 2312 4868 et
2339 4827 2512 4867 amor
2534 4813 2864 4883 utriusque.
2900 4811 3051 4864 Nam
3071 4807 3199 4880 ipse
3225 4805 3621 4879 Epiphanius,
3648 4809 3708 4861 et

2047 4916 2261 4958 omnes
2282 4899 2380 4957 alii
2401 4917 2541 4976 cum
2569 4915 2662 4969 eo,
2684 4899 2964 4972 Spiritum
2985 4903 3264 4954 sanctum
3282 4912 3354 4951 ex
3375 4893 3703 4962 ambobus,

2047 4993 2198 5047 sicut
2237 5006 2421 5064 supra
2449 4995 2723 5046 notatum
2750 4993 2858 5058 est,
2891 4994 2948 5044 et
2968 4986 3178 5044 ordine
3199 4986 3502 5042 mediante
3524 4985 3710 5041 conﬁ-

2049 5085 2263 5137 tentur.
2292 5079 2458 5137 Unde
2488 5096 2625 5137 cum
2657 5079 2906 5135 dixisset
2937 5076 3307 5152 Epiphanius
3356 5076 3418 5133 in
3454 5076 3708 5132 auctori-

2049 5175 2166 5228 tate
2197 5170 2607 5244 praaallegata,
2641 5192 2669 5219 «
2702 5185 2825 5225 non
2869 5168 3205 5225 secundum
3236 5167 3505 5240 aliquam
3545 5181 3710 5222 com-

2047 5259 2430 5333 positionem.
2453 5257 2977 5332 quemadmodum
2996 5257 3056 5313 in
3079 5256 3255 5312 nobis
3273 5256 3480 5313 anima
3499 5260 3558 5312 et
3576 5271 3707 5311 cor-

2047 5365 2182 5424 pus,
2206 5349 2313 5406 sed
2340 5349 2402 5406 in
2451 5348 2653 5406 medio
2692 5349 2884 5405 Patris
2929 5352 2988 5405 et
3041 5346 3183 5416 Filii,
3214 5368 3242 5396 »
3303 5345 3504 5403 statim
3564 5344 3708 5402 sub-

2044 5707 2305 5768 persona
2329 5694 2617 5768 essetin.

2111 5762 2940 5840 (8)Resipuit1‘heodoretus,
2992 5766 3050 5822 et
3094 5777 3132 5823 a
3162 5761 3416 5823 concilio
3464 5761 3707 5822 Chalce-

267 5830 729 5903 TheOdOrUtum,
756 5832 865 5892 sed
916 5839 1122 5894 utrum
1166 5834 1432 5895 Christus
1480 5830 1624 5909 una,
1664 5852 1746 5895 an
1792 5837 1930 5898 dum
2041 5830 2296 5898 donensi
2316 5830 2592 5912 receptus
2611 5841 2719 5895 est.
2754 5836 2848 5894 ID.
