4468 6440
760 426 864 491 507

1987 432 2467 499 PANTALEONIS
2503 433 2793 499 DIACONI
2832 442 2936 497 CP.

4059 429 4161 489 508

754 557 971 630 junxit,
1003 557 1171 632 quod
1205 560 1442 617 Graecus
1492 560 1930 620 occultaverat:
1963 587 1984 614 ι
2023 565 2306 639 Spiritum
2336 582 2410 623 ex
2441 571 2486 623 Α
2520 567 2769 640 Spiritus
2793 566 2933 630 Filii,
2969 581 3080 638 pro
3109 581 3180 622 eo
3209 563 3376 638 quod
3396 562 3662 620 mittatur
3690 558 3770 616 ad
3790 556 4162 615 sanctiﬁcan-

760 649 931 706 Patre
960 647 1201 704 etFilia.
1228 672 1256 699 »

833 737 947 794 Sed
976 741 1034 793 et
1083 736 1330 792 Basilius
1383 738 1444 794 in
1504 755 1783 796 sermone
1831 741 1937 814 qui
1994 742 2234 816 incipit:
2269 743 2408 800 Non

662 846 668 851 '
761 830 910 882 erat.
940 831 1006 880 ut
1031 825 1290 892 videtur,
1339 830 1473 896 etc.,
1513 829 1799 884 vicesimo
1829 831 2083 902 septimo
2125 830 2406 906 capitulo,

759 914 933 986 cujus
970 919 1060 970 est
1084 913 1352 972 initium:
1383 914 1501 972 Sed
1515 915 1678 986 forte
1703 917 1855 976 dicet
1884 922 2039 992 quis,
2063 925 2196 988 etc.,
2222 922 2305 977 sic
2328 925 2407 976 te-

759 1006 985 1059 statur:
1028 1023 1050 1052 »
1082 1005 1250 1060 Pater
1274 1003 1522 1076 quidem
1574 1005 1702 1062 sine
1731 1006 2046 1080 principio,
2099 1013 2157 1065 et
2184 1009 2410 1080 ingeni-

758 1093 877 1160 tus,
907 1093 964 1146 et
991 1105 1230 1162 semper
1273 1091 1640 1162 intelligitur.
1687 1096 1769 1149 Ex
1811 1095 1943 1168 ipso
1970 1102 2173 1153 autem
2202 1113 2409 1154 secun-

757 1177 1350 1251 dumpropinquum,
1384 1180 1511 1238 sine
1544 1181 2232 1255 interstitio,unigenitus
2258 1184 2411 1242 Patri

758 1267 1102 1322 communis
1121 1271 1229 1322 est.
1248 1268 1570 1340 Peripsum
1587 1274 1786 1326 autem
1812 1272 2195 1342 Unigenitum
2229 1274 2409 1329 etiam

758 1369 898 1409 cum
927 1354 1060 1425 ipso
1099 1360 1425 1427 antequam
1461 1356 1578 1412 alia
1617 1358 1693 1427 (9)
1740 1359 1963 1430 majus,
1996 1366 2052 1414 et
2081 1361 2410 1416 subsistens

757 1457 866 1513 per
885 1442 1154 1497 medium
1177 1443 1474 1500 intercidit
1497 1444 1814 1510 intellecto,
1846 1449 2041 1504 statim
2063 1453 2121 1505 et
2157 1450 2409 1520 Spiritus

759 1534 1006 1586 sanctus
1020 1530 1963 1604 copulationecomprehenditur.
1991 1557 2010 1586 ι
2035 1536 2409 1609 Diciturergo

756 1617 1018 1681 medius,
1065 1624 1245 1691 prout
1277 1619 1562 1683 diximus,
1595 1622 1739 1693 quia
1768 1639 1941 1679 amor
1961 1629 2049 1680 est
2072 1625 2407 1698 utriusque.

759 1707 1079 1766 Ordinatur
1095 1723 1236 1764 vero
1256 1715 1392 1781 post
1409 1709 1640 1780 Filium,
1662 1711 1808 1783 quia
1828 1728 1901 1768 ex
1944 1713 2248 1770 ambobus
2272 1730 2408 1787 pro-

757 1795 936 1852 cedit.

831 1884 996 1941 Unde
1023 1885 1084 1940 in
1123 1883 1428 1943 Ancorato
1480 1887 1800 1960 Epiphanii

755 1973 1081 2044 ingenitus,
1131 1975 1452 2046 increatus,
1510 1976 2168 2052 incomprehensibilis:
2206 1981 2404 2052 Filius,

757 2062 1015 2135 genitus,
1043 2067 1099 2120 et
1127 2080 1364 2136 semper
1392 2066 1714 2136 increatus,
1745 2074 1802 2124 et
1834 2069 2409 2143 incomprehensibi—

756 2151 860 2207 lis:
889 2152 1140 2225 Spiritus
1195 2158 1461 2222 sanctus,
1525 2171 1762 2228 semper
1806 2173 1929 2214 non
1978 2161 2232 2229 genitus,
2285 2175 2407 2217 non

758 2245 1014 2306 creatus,
1044 2256 1167 2296 non
1197 2242 1512 2315 confrater,
1563 2260 1684 2300 non
1716 2261 1790 2301 ex
1837 2250 2004 2304 Patre
2052 2247 2253 2318 frater,
2285 2266 2410 2304 non

757 2327 955 2401 proles
968 2329 1150 2385 Patris
1161 2373 1174 2394 ,
1187 2346 1309 2386 non
1323 2331 1526 2403 proles
1538 2332 1661 2388 Filii
1681 2351 1694 2400 ;
1716 2335 1818 2390 sed
1832 2351 1904 2390 ex
1921 2336 2133 2393 eadem
2154 2337 2412 2394 essentia

758 2417 946 2474 Patris
993 2422 1050 2475 et
1087 2417 1212 2474 Filii
1257 2419 1504 2492 Spiritus
1555 2427 1821 2495 sanctus,
1856 2424 2107 2498 Spiritus
2137 2427 2411 2483 omnium

757 2505 913 2562 Deus
942 2510 1049 2573 est,
1087 2529 1108 2556 ι

828 2594 916 2650 Ad
942 2595 1112 2665 illud,
1133 2598 1300 2669 quod
1321 2598 1736 2670 quaerebatur:
1767 2623 1796 2652 α
1820 2601 1961 2667 Quis
1986 2603 2160 2659 vobis
2191 2604 2414 2660 revela-

755 2684 840 2740 vit
857 2683 974 2741 hoc
993 2686 1021 2741 ?
1044 2684 1208 2742 Unde
1231 2685 1523 2743 habuistis
1544 2689 1572 2743 ‘I
1597 2690 1809 2756 Quare,
1843 2696 1901 2746 et
1929 2692 2106 2747 nobis
2152 2708 2274 2748 non
2302 2692 2414 2748 fuit

755 2773 1131 2831 revelatum?
1157 2775 1350 2840 Quare
1394 2776 1455 2831 in
1499 2777 1790 2849 Symbolo
1842 2779 1954 2836 tale
2003 2781 2150 2853 quid
2180 2782 2412 2838 intrusi-

756 2861 881 2934 stis,
917 2885 944 2913 »
977 2868 1111 2930 etc.,
1143 2864 1288 2936 quia
1303 2865 1364 2920 in
1397 2867 1806 2938 superioribus
1837 2873 2148 2926 ostensum
2177 2877 2288 2938 est,
2321 2871 2415 2927 vel

754 2965 1118 3022 responsum
1145 2956 1233 3006 est
1262 2955 1318 3008 et
1375 2952 1661 3024 solutum,
1715 2955 1853 3011 ideo
1900 2957 1996 3012 hic
2037 2958 2149 3012 sub
2181 2958 2413 3014 silentio

754 3039 1254 3112 praetermissum.

827 3128 914 3183 Ad
937 3131 1320 3185 auctoritates
1353 3131 1533 3187 etiam
1566 3131 1892 3204 Evangelii,
1920 3151 2075 3208 quas
2108 3152 2290 3207 prave
2319 3153 2414 3192 ex-

753 3221 1007 3288 ponunt,
1031 3216 1299 3273 dicentes
1323 3238 1336 3274 :
1387 3242 1416 3268 ‹(

2517 656 2629 710 das
2656 660 2980 720 creaturas,
3004 671 3143 710 cum
3170 653 3247 710 ab
3269 659 3493 709 aeterno
3515 666 3638 707 non
3654 652 3812 705 esset
3831 646 3935 719 qui
3957 644 4163 700 sancti-

2517 745 2813 809 ﬁcaretur,
2834 759 2904 799 eo
2926 743 3094 815 quod
3110 746 3395 798 creaturas
3412 739 3709 812 incipiunt
3728 735 3841 792 sub
3861 732 4162 806 tempore?

2518 836 2670 904 Ergo
2708 849 2833 888 non
2862 832 3077 888 dicitur
3125 831 3268 897 Filii,
3317 830 3461 903 quia
3502 827 3750 884 mittitur
3791 823 3871 880 ad
3902 818 4164 879 sanctiﬁ-

2516 922 2739 977 candas
2770 927 3092 987 creaturas,
3141 920 3244 975 sed
3266 920 3408 992 quia
3437 914 3792 974 teternaliter
3816 913 4064 967 exsistat
4087 908 4164 966 ab

2517 1027 2608 1067 eo.
2653 1010 2710 1066 Si
2741 1015 2942 1066 autem
2969 1010 3196 1066 exsistit
3224 1009 3302 1065 ab
3332 1023 3403 1064 eo
3437 1004 3812 1071 aaternaliter,
3867 1005 3972 1057 aut
3991 1015 4167 1071 gene~

2515 1097 2766 1160 ratione,
2791 1103 2893 1152 aut
2918 1096 3320 1170 processione,
3360 1099 3425 1151 ut
3463 1109 3668 1165 supra.

2591 1186 2704 1244 Sed
2730 1185 2870 1242 dicit
2899 1187 3137 1242 Graecus
3186 1185 3401 1241 iterum
3431 1201 3443 1238 :
3470 1181 3721 1255 Spiritus
3772 1179 4016 1234 sanctus
4047 1174 4169 1232 Filii

2518 1291 2651 1330 esse
2681 1275 2914 1338 dicitur,
2944 1275 3088 1346 quia
3125 1273 3357 1330 ratione
3414 1271 3638 1326 divinae
3669 1266 3939 1324 essentiee
3987 1264 4043 1320 ei
4079 1267 4172 1318 est

2519 1380 2663 1419 cons
2673 1362 3071 1419 ubstantialis.

2592 1450 2862 1506 Latinus:
2897 1451 3067 1507 Absit
3087 1450 3164 1507 ab
3218 1449 3466 1506 auribus
3518 1445 3789 1504 ﬁdelium
3817 1442 3934 1499 hoc
3959 1440 4172 1496 delira-

2518 1544 2810 1595 mentum.
2845 1540 2996 1605 Quia
3025 1539 3073 1594 si
3101 1539 3216 1595 ista
3234 1539 3466 1595 ratione
3491 1535 3707 1592 dicitur
3756 1547 3887 1588 esse
3919 1529 4170 1603 Spiritus

2519 1627 2662 1692 Filii,
2689 1627 2907 1683 scilicet
2951 1628 3094 1700 quia
3119 1633 3210 1683 est
3240 1627 3291 1682 ei
3348 1621 3923 1682 consubstantialis:
3956 1616 4170 1674 eadem

2516 1716 2742 1771 ratione
2767 1715 2940 1771 Filius
2966 1717 3112 1788 ipse,
3138 1720 3194 1771 et
3224 1716 3400 1772 Pater
3428 1714 3610 1771 etiam
3667 1711 4009 1766 dicerentur
4041 1704 4170 1777 Spi-

2516 1805 2664 1860 ritus
2723 1807 2932 1872 sancti,
2983 1805 3146 1861 vela
3202 1806 3423 1878 Spiritu
3476 1806 3705 1871 sancto,
3732 1799 3877 1873 quia
3905 1794 4172 1852 similiter

1844 1909 1857 1946 :
1902 1920 1930 1940 u
1963 1892 2134 1948 Pater
2173 1908 2409 1964 semper
2441 1916 2479 1968 Β
2517 1899 2657 1949 sunt
2682 1894 2735 1949 ei
2763 1894 3325 1952 consubstantiales.

2588 1982 2823 2051 Videtis,
2886 1985 3089 2055 Graeci,
3131 2000 3427 2056 quorsum
3461 1981 3714 2038 tendunt
3745 1979 3838 2033 hic
3893 1989 4173 2045 congrua:

2516 2073 2920 2145 expositiones
2966 2076 3230 2130 vestrae?
3283 2077 3434 2129 Nam
3488 2072 3686 2145 prima
3736 2064 4170 2127 Macedonium,

2518 2161 2703 2218 altera
2736 2163 3058 2219 Sabellium
3115 2163 3506 2236 blasphemos
3564 2161 3893 2216 imitantur.
3944 2153 4176 2209 Primus

2519 2252 2679 2306 enim
2705 2253 2984 2324 Spiritum
3013 2257 3289 2310 sanctum
3320 2253 3471 2308 inter
3529 2253 3834 2305 creaturas
3895 2243 4171 2306 ordinat;

2522 2341 2825 2396 secundus
2887 2342 2947 2398 in
2996 2343 3274 2399 Trinitate
3331 2341 3606 2398 ordinem
3665 2333 4002 2393 confundit.
4068 2329 4177 2386 Ubi

2520 2447 2663 2503 ergo
2694 2448 2854 2488 nunc
2902 2438 2991 2488 est
3016 2437 3215 2489 vestra
3262 2432 3555 2503 gloriatio,
3592 2429 3736 2502 quia
3791 2422 4176 2498 impudenter

2518 2536 2627 2575 vos
2660 2520 2733 2576 de
2761 2521 3201 2592 pulchritudine
3262 2521 3521 2576 scientiae
3560 2516 3823 2589 jactatis,
3867 2513 4172 2569 dicentes:

2524 2630 2552 2662 ‹
2583 2611 2636 2666 Si
2673 2616 2874 2665 autem
2901 2611 3216 2667 occasione
3250 2609 3657 2683 quorumdam
3691 2605 4036 2667 verborum,
4064 2622 4090 2648 »
4119 2603 4176 2652 et

2523 2705 2755 2754 caetera.
2785 2705 2884 2756 Ast
2905 2717 3113 2756 rursus
3147 2701 3222 2755 ad
3246 2716 3358 2756 nos
3385 2699 3703 2755 redeuntes
3725 2694 3932 2750 audire
3963 2689 4176 2763 poteri-

2521 2789 2596 2845 tis
2624 2788 2951 2845 veritatem.
2987 2793 3156 2845 Estne
3204 2789 3322 2845 ista
3373 2789 3593 2844 veritas
3645 2786 3856 2858 primae
3890 2779 4171 2849 veritatis,

2525 2885 2588 2933 ut
2633 2878 2849 2933 relictis
2883 2886 3227 2934 sanctorum
3279 2879 3522 2933 Patrum
3585 2873 3911 2942 sententiis,
3965 2882 4177 2940 sequa-

2523 2983 2660 3021 mur
2703 2967 3114 3023 Macedonium
3170 2973 3227 3023 et
3293 2966 3617 3022 Sabellium
3682 2961 3992 3018 haereticos
4045 2957 4176 3027 jam

2524 3055 3001 3111 condemnatos?
3050 3056 3202 3122 Quid
3223 3072 3366 3125 ergo
3431 3055 3562 3110 est?
3616 3053 3837 3109 Dicitur
3887 3047 4014 3103 Filii
4054 3045 4179 3117 Spi-

2523 3144 2691 3206 ritus,
2723 3145 3060 3201 secundum
3119 3161 3331 3201 omnes
3375 3161 3517 3200 sane
3577 3142 3995 3213 intelligentes,
4031 3134 4178 3208 quia

1479 3221 1700 3277 Dicitur
1759 3223 2012 3295 Spiritus
2068 3224 2210 3289 Filii,
2271 3225 2416 3319 quia
2455 3264 2494 3319 C
2523 3233 2793 3306 procedit
2823 3233 2901 3289 ab
2931 3250 3001 3290 eo
3027 3253 3038 3286 :
3073 3234 3239 3306 quod
3259 3234 3463 3306 otique
3494 3234 3576 3287 ita
3602 3232 3950 3319 verum_est,
3983 3230 4044 3280 ut
4074 3222 4181 3319 qui

754 3304 1002 3360 mittitur
1055 3305 1135 3361 ab
1186 3321 1256 3362 eo
1304 3307 1382 3362 ad
1439 3309 1903 3366 sanctiﬁcandas
1954 3317 2293 3368 creaturas:
2326 3312 2417 3368 vel
2457 3304 2494 3319 υ
2525 3304 2891 3377 contrarium
2923 3304 3209 3379 sentit—vel
3247 3304 3555 3395 prae—dicat,
3613 3317 3950 3374 secundum
4014 3311 4180 3385 quod

754 3393 901 3466 quia
919 3399 1010 3449 est
1026 3395 1556 3453 consubstantialis
1574 3399 1646 3469 ei,
1676 3420 1703 3449 »
1753 3400 1838 3454 sic
1861 3401 2304 3473 respondemus
2328 3419 2340 3456 :

826 3482 1161 3547 Quaerimus
1184 3499 1220 3538 a
1246 3485 1463 3540 Griecis
1491 3502 1503 3540 :
1525 3490 1640 3542 Aut
1663 3488 1912 3559 Spiritus
1934 3493 2056 3545 erat
2083 3490 2161 3546 ab
2193 3497 2414 3545 aeterno

757 3569 902 3637 Filii,
933 3576 1037 3626 aut
1061 3571 1108 3626 si
1130 3572 1357 3635 dicunt,
1387 3574 1540 3644 Non,
1600 3581 1810 3632 contra
1858 3579 2177 3648 Gregorius
2216 3579 2414 3634 Thau-

753 3665 1068 3729 maturgus
1098 3663 1157 3716 in
1189 3662 1448 3719 editione
1469 3664 1608 3720 ﬁdei
1633 3682 1782 3733 sum,
1807 3684 1942 3740 quae
1962 3668 2023 3724 in
2047 3684 2162 3724 sua
2188 3669 2314 3723 Vita
2338 3667 2416 3723 le-

753 3748 932 3819 gitur,
974 3750 1224 3821 Spiritus
1265 3767 1395 3807 esse
1442 3753 1561 3809 Filii
1589 3754 1665 3810 ab
1697 3761 1918 3812 aeterno
1952 3756 2117 3812 claro
2140 3773 2416 3814 sermone

751 3836 1115 3894 denuntians
1169 3840 1286 3894 ait:
1317 3863 1338 3890 ι
1367 3844 1568 3915 Neque
1615 3843 1896 3900 defecerit
1927 3861 2199 3918 unquam
2241 3847 2415 3902 Filius

753 3926 933 3996 Patri,
959 3942 1070 3983 nec
1098 3929 1347 4000 Spiritus
1369 3930 1533 3996 Filio,
1596 3933 1705 3988 sed
1752 3934 2218 3991 inconvertibilis
2245 3940 2299 3990 et
2329 3936 2415 3990 in-

751 4013 1076 4071 alterabilis
1101 4018 1316 4074 eadem
1346 4020 1603 4076 Trinitas
1631 4038 1889 4095 semper.
1920 4045 1948 4073 »

822 4107 966 4161 Item
997 4107 1313 4176 Gregorius
1335 4106 1673 4179 Theologus
1707 4112 1764 4166 in
1780 4128 2059 4168 sermone
2089 4112 2165 4168 de
2178 4116 2412 4169 Penete-

751 4199 932 4263 coste,
958 4195 1064 4266 qui
1089 4195 1173 4250 sic
1203 4197 1429 4268 incipit,
1467 4201 1547 4254 De
1581 4199 1695 4255 hac
1729 4202 2108 4258 solemnitate
2159 4203 2416 4259 breviter

749 4284 1265 4354 philosophemur,
1304 4287 1462 4343 circa
1483 4289 1750 4345 medium
1778 4292 2096 4360 sermonis,
2125 4291 2207 4347 sic
2240 4297 2417 4348 testa-

749 4378 845 4431 tur
869 4373 944 4429 de
974 4373 1188 4430 eodem
1214 4377 1432 4448 Spiritu
1464 4394 1476 4431 :
1512 4401 1539 4427 «
1562 4380 1695 4433 Erat
1735 4395 1974 4452 semper
2000 4381 2249 4453 Spiritus
2272 4397 2415 4436 san-

752 4467 903 4528 ctus,
937 4467 1124 4528 etest,
1151 4468 1205 4518 et
1235 4464 1362 4529 erit,
1414 4480 1610 4537 neque
1638 4466 1861 4538 incepit
1901 4484 2096 4540 neque
2141 4468 2411 4524 deﬁciet:

752 4550 856 4607 sed
883 4567 1122 4624 semper
1147 4553 1298 4608 Patri
1329 4558 1382 4608 et
1419 4553 1556 4610 Filio
1589 4555 1976 4611 coordinatur
2003 4563 2059 4612 et
2091 4574 2417 4613 connume-

750 4645 936 4696 ratur.
989 4641 1499 4714 Nequedecebat
1556 4643 1813 4700 deﬁcere
1882 4646 2091 4702 Filium
2129 4648 2415 4703 Patriun-

751 4745 961 4803 quam,
995 4737 1053 4785 et
1081 4730 1362 4802 Spiritum
1399 4732 1567 4790 Filio.
1614 4755 1641 4782 η

803 4822 949 4874 Item
968 4819 1355 4891 Epiphanius,
1375 4822 1701 4894 episcopus
1718 4823 1918 4894 Cypri,
1939 4823 2013 4878 de
2033 4824 2296 4895 perfecta
2310 4827 2422 4881 hu-

749 4908 1098 4965 manatione
1151 4910 1249 4965 Dei
1291 4911 1506 4966 Verbi:
1567 4914 1670 4967 «Et
1721 4913 2014 4982 quoniam
2068 4915 2340 4970 animam
2367 4921 2423 4972 et

753 4997 1121 5054 intellectum
1154 5000 1419 5072 suscipit,
1455 5006 1510 5055 et
1554 5017 1911 5074 quanquam
1944 5009 2032 5058 est
2061 5003 2268 5059 homo.
2305 5028 2331 5053 »
2356 5007 2423 5060 Et

751 5088 828 5145 de
853 5087 1130 5143 Trinitate
1157 5095 1293 5160 post
1326 5105 1513 5145 unum
1548 5089 1760 5146 folium
1796 5108 1807 5144 :
1840 5114 1866 5141 «
1894 5091 2069 5148 Pater
2094 5099 2221 5149 erat
2266 5111 2421 5149 sem-

753 5193 881 5251 per,
913 5183 971 5233 et
1018 5177 1198 5233 Filius
1248 5194 1316 5234 ex
1377 5182 1542 5236 Patre
1586 5187 1715 5236 erat
1759 5197 2018 5253 semper,
2074 5187 2130 5238 et
2173 5184 2423 5256 Spiritus

757 5272 1008 5324 sanctus
1037 5282 1108 5322 ex
1137 5269 1309 5324 Patre
1330 5273 1388 5324 et
1429 5269 1572 5325 Filio
1627 5275 1756 5325 erat
1807 5286 2066 5343 semper.
2125 5274 2191 5327 Et
2226 5288 2423 5345 neque

759 5354 939 5413 Filius
959 5363 1219 5420 creatus,
1239 5373 1438 5430 neque
1459 5359 1730 5430 Spiritus,
1749 5364 2044 5431 creatura,
2062 5366 2198 5430 etc.,
2222 5361 2326 5417 sed
2345 5363 2424 5418 ab

759 5451 1006 5513 aeterno,
1041 5452 1104 5503 ut
1125 5449 1315 5504 sancti
1346 5453 1660 5518 testantur,
1684 5448 1793 5504 fuit
1829 5449 2081 5521 Spiritus
2113 5451 2257 5518 Filii,
2309 5457 2366 5508 et
2390 5469 2428 5508 a

764 5535 926 5604 Filio.
960 5558 980 5586 ι
1029 5537 1348 5603 Quomodo
1378 5553 1522 5609 ergo
1547 5537 1688 5595 dicit
1735 5540 1997 5611 Graecus,
2025 5541 2194 5613 quod
2213 5541 2428 5598 dicitur

835 5736 916 5808 (9)
949 5737 1143 5794 Locus
1169 5735 1345 5795 valde
1369 5741 1709 5811 corruptus.

2525 3412 2751 3483 patebit
2781 3412 3047 3480 inferius,
3084 3413 3252 3467 estin
3275 3413 3373 3467 via
3412 3409 3783 3483 perditionis.

2597 3502 2743 3566 Quia
2773 3501 2950 3572 igitur
2982 3501 3171 3558 multo
3203 3501 3522 3557 conamine
3559 3500 3674 3554 nisi
3702 3500 3843 3552 sunt
3863 3493 4046 3551 Graeci
4072 3495 4182 3548 Ro-

2524 3605 2773 3644 manum
2799 3590 3162 3662 pontiﬁcem,
3197 3596 3251 3645 et
3279 3594 3466 3644 totam
3508 3585 3951 3644 Occidentalem
3983 3581 4180 3638 Eccle-

2525 3678 2674 3732 siam
2702 3680 3017 3734 ostendere
3065 3679 3124 3733 in
3180 3694 3476 3734 canonem
3523 3677 3657 3732 latae
3710 3671 4181 3729 sententiaeinci-

2523 3766 2701 3836 disse,
2736 3773 2792 3823 et
2835 3769 3000 3840 quod
3043 3769 3220 3840 juste,
3280 3774 3335 3822 et
3399 3767 3524 3821 sine
3578 3765 3751 3836 culpa
3805 3762 4009 3834 aliqua
4062 3762 4179 3815 sint

2524 3858 2781 3928 separati
2816 3873 2851 3911 a
2903 3857 3097 3924 nobis,
3156 3863 3211 3912 et
3271 3857 3516 3911 minime
3564 3856 3929 3927 potuerunt:
3995 3854 4180 3906 restat

2522 3961 2684 4000 nunc
2733 3946 3066 4012 ostendere,
3118 3946 3375 4019 qualiter
3429 3943 3542 4016 ipsi
3565 3943 3956 4015 inlaqueum,
3994 3953 4179 4011 quem

2523 4034 2635 4105 ipsi
2691 4042 3058 4106 paraverunt
3089 4035 3286 4101 nobis,
3342 4034 3699 4097 inciderunt,
3751 4037 3808 4086 et
3864 4036 4064 4086 utrum
4091 4028 4179 4083 di-

2523 4123 2696 4178 cendi
2723 4125 2840 4179 sint
2885 4125 3164 4190 htereticx,
3224 4125 3317 4179 vel
3362 4128 3596 4179 tantum
3646 4118 4177 4180 excommunicati,

2522 4214 2792 4285 velquod
2810 4215 3000 4281 magis
3018 4215 3586 4275 dolendum,utrum
3623 4218 3947 4282 utrumque
3978 4209 4180 4263 simul.

2527 4303 2793 4358 Ostendit
2829 4304 3056 4359 Graecos
3086 4305 3369 4359 incidisse
3396 4305 3458 4358 in
3486 4317 3774 4359 canonem
3818 4301 3889 4355 ob
3915 4313 4182 4356 errorem

3025 4394 3096 4448 de
3122 4395 3359 4463 Spiritu
3388 4399 3618 4447 sancto.

2599 4482 2768 4546 Quod
2802 4482 2858 4536 in
2890 4498 3186 4537 canonem
3221 4482 3354 4537 latae
3378 4482 3688 4538 sententiae
3722 4480 4061 4535 inciderunt
4096 4478 4182 4533 sic

2450 4617 2495 4672 Β
2525 4571 2815 4643 probatur
2845 4589 2856 4624 :
2885 4572 3270 4641 Constatjam
3292 4572 3601 4639 omnibus,
3629 4569 3809 4669 quod.
3830 4569 3945 4641 ipsi
3975 4567 4188 4622 dicunt

2513 4661 2809 4731 Spiritum
2844 4667 3118 4715 sanctum
3143 4677 3260 4715 non
3288 4661 3612 4733 procedere
3644 4678 3680 4716 a
3712 4659 3874 4724 Filio,
3907 4673 4017 4713 nec
4048 4673 4186 4712 esse

2526 4749 2774 4804 omnino
2802 4766 2871 4803 ex
2912 4750 3078 4821 ipso:
3117 4755 3173 4804 et
3227 4749 3393 4821 quod
3449 4765 3557 4805 nec
3609 4751 3786 4805 datur
3838 4748 3916 4803 ab
3947 4762 4037 4812 eo,
4073 4761 4186 4800 nec

2527 4839 2794 4902 mittitur,
2819 4839 2931 4892 nisi
2966 4839 3369 4910 temporaliter
3397 4839 3472 4894 ad
3521 4837 3990 4894 sanctiﬁcandas
4022 4850 4188 4890 crea-

2529 4934 2713 4982 turas.
2750 4930 2814 4982 Et
2870 4935 3101 4983 constat
3164 4929 3452 4998 similiter,
3486 4929 3546 4983 in
3581 4928 3811 4983 cunctis
3863 4924 4187 4996 Scripturis

2528 5017 2906 5076 authenticis.
2937 5023 2993 5072 et
3019 5019 3274 5090 receptis
3303 5018 3590 5088 conciliis,
3624 5018 3738 5073 hoc
3784 5015 3948 5089 quod
3971 5013 4191 5086 praedi-

2528 5106 2752 5174 ximus,
2789 5106 3028 5171 scilicet,
3059 5107 3225 5178 quod
3248 5107 3497 5178 Spiritus
3526 5111 3772 5163 sanctus
3793 5109 3883 5161 est
3905 5102 4195 5160 essentia-

2529 5195 2660 5251 litcr
2688 5212 2723 5251 a
2751 5196 2908 5262 Filio,
2935 5203 2992 5251 et
3019 5197 3290 5268 procedit
3328 5197 3405 5253 ab
3455 5213 3545 5268 eo,
3583 5194 3963 5252 manifestius
4004 5193 4195 5248 conti-

2532 5285 2679 5340 neri.
2719 5287 2858 5350 Quae
2891 5287 3111 5358 scripta
3140 5288 3223 5342 ita
3277 5291 3517 5359 recepta
3563 5291 3621 5341 et
3659 5283 4000 5357 approbata
4048 5287 4198 5338 sunt

2533 5388 2642 5444 per
2674 5374 2926 5430 concilia
2948 5376 3272 5444 generalia,
3309 5381 3372 5431 ut
3401 5375 3504 5447 qui
3535 5390 3745 5430 eorum
3775 5373 3937 5428 aliud
3956 5375 4198 5427 contra-

2533 5461 2689 5517 rium
2750 5463 2924 5520 sentit
2971 5464 3059 5519 vel
3117 5465 3427 5538 praedicat,
3463 5464 3596 5536 ipso
3644 5463 3800 5519 facto
3848 5468 3905 5517 et
3935 5462 4068 5532 jure
4120 5462 4201 5516 sit

2535 5553 3117 5610 excommunicatus-
3531 5560 3549 5577 ‘
