4468 6440
297 416 409 473 509

1702 411 1980 472 CONTRA
2017 408 2330 473 GMCOS.

3611 413 3714 471 510

374 538 592 596 Deﬁnit
653 537 816 594 enim
869 536 1206 594 secundum
1255 537 1576 594 concilium
1617 537 1730 607 (10)
1793 537 1879 593 sic
1939 556 1952 592 :
1986 538 2034 594 Α
2071 551 2233 593 anno
2261 537 2341 594 ab
2365 539 2774 595 incarnatiOne
2804 538 3042 595 Domini
3073 538 3388 595 millesimo
3417 536 3716 611 quinqua-

300 652 329 677 α
349 627 841 684 Condemnamus
854 631 911 682 et
921 627 1506 682 anathematizamus
1526 643 1661 682 cum
1677 625 1958 682 omnibus

302 716 436 772 aliis
475 715 767 772 haereticis
810 715 1231 771 condemnatis
1270 720 1327 770 et
1368 729 1488 771 ana
1516 715 1963 771 thematizatisa

301 805 602 862 catholica
637 803 1037 877 etapostolica
1050 804 1332 875 Ecclesia,
1350 806 1529 860 etiam
1561 803 1961 873 Theodorum,

303 895 410 966 qui
461 893 570 949 fuit
616 893 936 965 episcopus
987 893 1378 965 Mopsuestia,
1438 899 1495 949 et
1557 893 1778 965 impias
1827 893 1962 962 ejus

303 980 806 1052 conscriptiones,
834 995 946 1036 nec
974 995 1097 1036 non
1134 984 1192 1036 et
1216 979 1404 1052 impia
1451 979 1672 1051 scripta
1711 995 1747 1034 a
1775 979 1960 1034 Theo-

305 1067 503 1126 dorito
525 1068 817 1126 adversus
857 1075 1082 1126 rectam
1109 1068 1314 1138 ﬁdem,
1354 1074 1414 1124 et
1458 1074 1668 1124 contra
1701 1067 1965 1140 capitula

305 1159 495 1216 Patris
526 1159 714 1214 nostri
745 1158 904 1215 beati
937 1158 1137 1230 Cyrilli
1185 1163 1242 1214 et
1285 1158 1467 1214 tertiae
1495 1163 1717 1213 sanctae
1749 1157 1965 1228 synodi

307 1246 660 1320 Ephesinae;
691 1250 750 1303 et
800 1247 1100 1320 quidquid
1152 1247 1230 1303 ad
1282 1247 1734 1318 suggestionem
1788 1246 1967 1302 Theo-

304 1335 441 1392 dori
479 1342 534 1392 et
567 1336 820 1392 Nestorii
849 1336 962 1406 (ii)
996 1355 1024 1384 »

382 1427 520 1480 Esse
563 1424 948 1486 audivimus;
982 1424 1140 1479 beati
1190 1423 1391 1494 Cyrilli
1449 1423 1771 1479 duodecim
1811 1422 1968 1494 capi-

305 1513 456 1575 tula,
485 1513 590 1568 ubi
623 1513 888 1568 maxime
917 1513 1266 1568 exsistentia
1293 1512 1481 1568 sancti
1523 1513 1772 1584 Spiritus
1821 1529 1858 1567 a
1884 1513 1969 1566 Fi-

307 1602 391 1658 lio
423 1607 704 1672 tangitur,
737 1605 817 1657 ita
870 1601 1287 1657 universaliter
1317 1606 1457 1656 sunt
1483 1610 1742 1674 recepta,
1773 1608 1837 1656 ut
1867 1602 1968 1673 qui

307 1704 524 1746 eorum
555 1691 733 1746 sentit
761 1691 1081 1755 contraria,
1113 1690 1209 1746 vel
1238 1690 1546 1762 praedicat,
1579 1692 1711 1762 ipso
1739 1693 1872 1762 jure
1900 1690 1974 1746 sit

309 1779 878 1835 excommunicatus
909 1792 1046 1834 cum
1085 1777 1219 1834 aliis
1250 1778 1543 1834 haereticis
1573 1784 1630 1834 et
1657 1779 1800 1835 olim
1832 1794 1972 1834 con-

308 1867 634 1924 demnatis.
668 1867 817 1924 Dicit
857 1867 1059 1939 itaque
1103 1867 1374 1940 Cyrillus,
1416 1868 1477 1922 in
1517 1883 1682 1924 nono
1711 1868 1972 1940 capitulo
2002 1854 2047 1907 Β

308 1958 740 2033 ρι’ωάἱοῐοτιιω
774 1957 1142 2014 duodecim:
1190 1981 1209 2007 ι
1266 1959 1322 2014 Si
1368 1957 1504 2030 quis
1564 1957 1724 2029 dicit,
1784 1973 1973 2014 unum

313 2051 640 2108 Dominum
695 2051 900 2106 Jesum
950 2049 1247 2104 Christum
1307 2048 1709 2118 gloriﬁcatum
1759 2065 1892 2105 esse
1940 2065 1977 2104 a

315 2139 560 2210 Spiritu,
593 2143 885 2210 tanquam
908 2135 1106 2192 aliena
1129 2137 1341 2192 virtute
1372 2135 1450 2192 ab
1481 2137 1613 2208 ipso
1641 2137 1784 2193 data
1810 2143 1977 2192 uten-

314 2234 440 2284 tem
491 2235 551 2282 et
611 2225 690 2282 ab
741 2227 876 2298 ipso
930 2225 1338 2297 recipientem,
1408 2230 1473 2281 ut
1515 2226 1751 2297 operari
1795 2225 1980 2298 possit

313 2321 529 2372 contra
588 2315 833 2388 spiritus
886 2313 1238 2370 immundos
1267 2320 1323 2370 et
1345 2314 1594 2386 implere
1620 2315 1680 2370 in
1702 2315 1978 2371 homines

314 2404 522 2460 divina
547 2404 759 2475 signa;
793 2403 1121 2459 anathema
1147 2407 1299 2460 esto.
1337 2426 1364 2452 »
1395 2404 1562 2459 Hunc
1609 2409 1806 2459 autem
1839 2419 1982 2460 ana-

315 2491 776 2550 thematismum
814 2492 940 2564 ipse
957 2491 1120 2548 idem
1138 2496 1384 2548 sanctus
1401 2495 1570 2548 Pater
1587 2492 1982 2564 interpretans

320 2583 410 2638 sic
463 2583 580 2638 ait:
617 2604 644 2632 «
680 2583 870 2637 Homo
913 2579 1108 2637 factus
1161 2581 1509 2651 Unigenitus
1569 2581 1667 2637 Dei
1724 2581 1983 2637 Verbum

321 2671 674 2744 permansit,
718 2676 773 2725 et
797 2671 946 2725 sicut
967 2672 1123 2725 Deus
1157 2672 1364 2725 omnia
1385 2670 1680 2726 exsistens
1700 2685 1984 2742 quaecun-

316 2776 441 2833 que
469 2766 522 2815 et
542 2765 952 2831 pater,prteter
977 2759 1174 2814 solum
1202 2773 1331 2814 esse
1360 2758 1552 2827 Pater,
1589 2764 1644 2813 et
1672 2761 1986 2830 proprium

321 2850 580 2914 habens,
615 2848 783 2920 quod
819 2864 890 2903 ex
944 2851 1112 2903 Patre
1153 2855 1258 2912 est,
1294 2853 1350 2903 et
1377 2848 1768 2904 essentialiter
1806 2848 1989 2903 inhae-

321 2955 464 2994 rens
493 2938 576 2994 illi
603 2939 856 3011 Spiritus
890 2943 1162 3002 sanctus,
1196 2953 1370 3006 signa
1400 2937 1494 2993 illa
1525 2937 1748 2992 diViDtB
1780 2944 1988 3009 poten-

321 3028 421 3083 tia:
473 3033 756 3100 operatus
805 3032 914 3082 est.
965 3049 992 3074 »
1056 3023 1232 3081 Istam
1315 3027 1492 3095 igitur
1552 3026 1989 3098 expositionem

2069 627 2301 698 gesimo
2387 635 2622 700 quarto,
2703 627 3341 684 excommunicationis
3422 625 3717 682 sententia

2070 720 2280 771 contra
2326 731 2430 770 eos
2456 716 2515 770 in
2544 715 2690 772 urbe
2721 717 2884 786 regia
2909 714 3569 788 Constantinopolitana
3595 712 3719 769 lata

2072 808 2180 860 est.
2215 806 2280 860 Et
2322 819 2611 874 magnum
2642 805 2913 877 ejusdem
2947 805 3199 861 civitatis
3231 804 3495 861 ecclesias
3535 803 3718 859 altare

2073 892 2230 948 hanc
2254 894 2454 966 ipsam
2495 895 2760 950 continet
2784 894 3137 951 sententiam
3162 893 3529 966 impositam,
3578 890 3720 947 scri-

2073 987 2239 1055 ptam
2270 999 2306 1038 a
2345 983 2504 1039 sedis
2535 983 2879 1056 apostolicae
2920 983 3155 1053 legatis,
3191 988 3458 1056 tempore
3511 980 3724 1037 Leonis

2073 1087 2250 1144 papm
2306 1073 2370 1126 lx
2398 1077 2462 1128 ut
2516 1072 2843 1128 videndum
2891 1072 3176 1128 exhibent
3213 1087 3349 1144 qua:
3397 1069 3562 1143 apud
3587 1084 3723 1125 eam

2076 1160 2287 1216 urbem
2333 1165 2489 1226 sunt,
2532 1167 2655 1217 tam
2691 1163 2893 1219 Graeca
2936 1176 3125 1234 quam
3161 1161 3367 1217 Latina
3411 1159 3593 1230 hujus
3640 1157 3725 1214 rei

2078 1256 2488 1305 monumenta.

2151 1340 2261 1393 Sed
2323 1340 2698 1395 Innocentius
2750 1355 2912 1413 papa
2955 1343 3044 1409 lli,
3109 1341 3171 1396 in
3227 1338 3485 1395 editione
3537 1353 3727 1410 quam

2079 1425 2215 1481 fecit
2241 1427 2545 1482 catholica
2568 1427 2707 1483 ﬁdei
2732 1429 3101 1500 temporibus
3132 1427 3374 1497 nostris,
3394 1425 3727 1499 praesidens

2079 1515 2139 1569 in
2171 1515 2430 1583 generali
2459 1515 2707 1571 consilio
2740 1516 3010 1572 Laterani
3043 1518 3364 1584 celebrato,
3397 1519 3455 1570 et
3481 1514 3725 1570 dicens:

2087 1624 2106 1651 ι
2137 1605 2366 1658 Patrem
2401 1618 2437 1658 a
2481 1603 2668 1668 nullo,
2701 1603 2911 1659 Filium
2953 1620 2990 1660 a
3028 1606 3194 1659 Patre
3247 1602 3398 1670 solo,
3445 1601 3725 1675 Spiritum

2084 1697 2362 1746 sanctum
2392 1691 2470 1746 ab
2503 1699 2774 1764 utroque,
2798 1715 2816 1737 ι
2839 1707 3085 1749 omnem
3116 1691 3658 1748 excommunicavit
3677 1695 3735 1747 et

2083 1779 2606 1836 anathematizavit
2628 1780 3315 1846 haeresim,extollentem
3347 1797 3412 1836 se
3442 1779 3734 1836 adversus

2084 1883 2218 1924 eam
2275 1884 2463 1942 quam
2501 1871 2860 1941 composuit,
2915 1877 3188 1927 sanctam
3242 1869 3640 1926 orthodoxam
3680 1874 3738 1925 et

2083 1956 2441 2013 catholicam
2472 1958 2676 2015 ﬁdem.
2711 1958 2824 2015 Sed
2856 1963 3091 2015 Graecus
3119 1959 3432 2015 manifeste
3464 1975 3527 2014 se
3569 1957 3738 2028 erigit

2086 2051 2294 2101 contra
2327 2047 2646 2103 articulum
2677 2047 2751 2104 de
2783 2049 3003 2120 Spiritu
3030 2054 3256 2104 sancto.
3292 2050 3466 2118 Ergo,
3498 2051 3610 2104 etc.

2159 2139 2303 2192 Item
2329 2157 2348 2192 .-
2375 2137 2618 2193 Falsarii
2637 2138 3074 2210 Scripturarum
3101 2137 3582 2194 authenticarum
3601 2141 3740 2192 sunt

2087 2227 2591 2282 excommunicati
2640 2241 2746 2298 per
2785 2226 3076 2295 concilia;
3108 2227 3213 2282 sed
3261 2226 3374 2298 ipsi
3423 2223 3741 2281 falsiﬁcant

2089 2315 2444 2387 Scripturas,
2502 2321 2558 2371 et
2605 2321 2854 2372 utuntur
2895 2315 3079 2382 falsis,
3135 2320 3192 2372 et
3234 2315 3506 2372 scienter.
3589 2316 3740 2385 Ergo

2092 2405 2492 2460 anathematis
2543 2405 2746 2475 gladio
2803 2406 3073 2478 percussi
3127 2405 3411 2462 incedunt
3450 2419 3555 2477 per
3580 2403 3742 2459 viam

2091 2491 2516 2550 damnationis.

2167 2583 2230 2636 Et
2282 2581 2495 2638 beatus
2537 2582 2900 2639 Athanasius
2948 2583 3008 2638 in
3037 2583 3324 2655 Symbolo
3362 2586 3539 2638 recta:
3579 2579 3743 2649 ﬁdei,

2095 2685 2232 2725 cum
2265 2670 2510 2728 dixisset
2539 2689 2551 2726 :
2585 2695 2605 2721 α
2642 2672 2816 2728 Pater
2844 2689 2880 2729 a
2909 2671 3075 2729 nullo
3105 2679 3195 2728 est
3217 2671 3430 2739 factus,
3453 2687 3562 2727 nec
3586 2685 3746 2725 crea-

2098 2765 2214 2824 tus,
2271 2775 2379 2816 nec
2413 2761 2689 2831 genitus:
2753 2762 2929 2818 Filius
2976 2779 3013 2818 a
3066 2764 3234 2819 Patre
3283 2761 3413 2818 solo
3465 2766 3571 2832 est,
3622 2774 3748 2816 non

2099 2847 2311 2914 factus,
2344 2867 2454 2906 nec
2483 2857 2742 2912 creatus.
2771 2851 2877 2907 sed
2920 2853 3155 2922 genitus
3186 2871 3200 2922 ;
3236 2852 3485 2924 Spiritus
3515 2865 3552 2905 a
3581 2852 3748 2905 Patre

2101 2947 2159 2997 et
2189 2942 2350 3000 Filio.
2383 2957 2506 2996 non
2538 2941 2750 3004 factus,
2784 2957 2894 2997 nec
2923 2946 3178 3010 creatus,
3208 2956 3317 2996 nec
3358 2940 3611 3008 genitus,
3643 2938 3750 2994 sed

2101 3031 2454 3105 procedens,
2494 3053 2513 3078 ι
2544 3046 2604 3085 111
2635 3030 2752 3086 ﬁne
2782 3030 2915 3086 libri
2961 3030 3273 3101 subjunxit
3301 3034 3357 3085 et
3386 3029 3504 3086 ait:
3563 3051 3583 3078 ι
3617 3029 3751 3083 Haec

323 3116 560 3188 accepit
623 3115 795 3172 tertia
854 3115 1149 3188 synodus,
1207 3116 1420 3187 quinta
1488 3112 1881 3186 ConﬁrmaVit,
1935 3119 1992 3170 et
2022 3123 2063 3178 C
2102 3127 2190 3178 est
2207 3121 2359 3176 ﬁdes
2382 3120 2694 3188 catholica,
2717 3135 2899 3192 quam
2921 3119 3036 3175 nisi
3057 3119 3312 3192 quisque
3332 3117 3622 3174 ﬁdeliter:
3655 3117 3752 3172 ﬁr-

324 3204 806 3261 contradicentes
840 3204 1426 3270 excommunicavit;
1463 3202 1724 3259 Ecclesia
1756 3203 1991 3257 univer-

326 3294 472 3349 salis
519 3299 697 3362 tenet,
730 3299 786 3350 et
841 3293 1050 3356 tenuit,
1101 3300 1154 3348 et
1206 3292 1587 3364 approbavit.
1644 3291 1760 3347 Sed
1813 3291 1995 3346 Graeci

327 3383 518 3439 nostri
549 3382 838 3456 temporis
894 3381 1318 3438 contradicunt
1360 3396 1523 3437 nono
1579 3376 1854 3452 capitulo
1899 3395 1993 3434 ex-

330 3472 706 3545 positionum
745 3470 1046 3542 ejusdem,
1086 3477 1142 3526 et
1187 3469 1450 3542 allegant
1505 3486 1615 3542 pro
1655 3485 1718 3524 se
1780 3469 2000 3540 scripta

330 3561 673 3617 Theodoriti
702 3561 985 3626 haeretici,
1039 3566 1096 3614 et
1148 3576 1253 3632 per
1279 3559 1601 3615 concilium
1647 3573 1999 3614 excommu-

331 3650 522 3706 nicati
547 3669 560 3717 ;
583 3665 747 3721 ergo,
778 3649 1112 3706 secundum
1145 3650 1262 3704 vim
1286 3649 1610 3720 propositae
1637 3646 2002 3702 deﬁnitionis

338 3738 607 3794 haeretici
625 3744 763 3795 sunt
799 3738 1134 3810 judicandi.
1164 3739 1329 3794 Unde
1373 3738 1586 3793 beatus
1633 3736 2003 3806 Augustinus

339 3829 401 3883 in
426 3827 581 3883 libro
602 3830 690 3884 De
718 3829 838 3898 ﬁde
857 3829 940 3884 ad
959 3827 1226 3896 Petrum,
1246 3844 1385 3882 cum
1408 3828 1468 3882 in
1493 3831 1708 3882 octavo
1737 3823 2005 3897 capitulo

338 3916 638 3987 ejusdem,
672 3917 958 3984 Spiritum
994 3921 1270 3972 sanctum
1307 3933 1379 3971 ex
1416 3919 1581 3971 Patre
1609 3921 1666 3970 et
1700 3914 1842 3970 Filio
1875 3929 2007 3985 pro-

212 4016 229 4027 '
339 4005 555 4061 cedere
628 4001 929 4061 ﬁrmasset
983 4005 1362 4073 testimoniis,
1438 4005 1498 4059 in
1549 4003 1667 4058 ﬁne
1735 4002 2009 4058 omnium

341 4094 749 4168 capitulorum
797 4094 912 4163 (t2)
956 4092 1289 4165 subjunxlt,
1319 4100 1376 4148 et
1418 4093 1499 4148 ait
1555 4093 1758 4148 Petro:
1815 4115 1840 4141 ‹‹
1878 4093 2010 4146 Haec

340 4184 582 4240 interim
598 4183 1004 4256 quadraginta
1020 4182 1279 4254 capitula
1301 4183 1376 4238 ad
1397 4181 1667 4252 regulam
1692 4197 1849 4236 vera:
1870 4180 2012 4235 ﬁdei

341 4273 690 4329 ﬁrmissime
745 4271 1124 4344 pertinentia,
1193 4271 1444 4327 fideliter
1497 4271 1718 4336 crede;
1789 4269 2014 4324 fortiter

345 4369 506 4427 tene,
550 4360 800 4416 ﬁrmiter
848 4359 1130 4417 defende.
1171 4362 1236 4414 Et
1269 4359 1521 4432 siquem
1571 4359 1874 4415 contraria
1927 4359 2012 4413 his

347 4448 760 4520 dogmatizare
790 4449 1166 4518 cognoveris,
1195 4452 1489 4520 tanquam
1514 4453 1741 4520 pestem
1773 4446 1929 4518 fuge,
1959 4451 2016 4502 et

349 4546 650 4612 tanquam
695 4537 1046 4594 hereticum
1084 4537 1300 4608 abjice.
1337 4559 1363 4587 η
1411 4538 1494 4592 ita
1525 4538 1686 4593 enim
1716 4537 1831 4592 ista
1880 4551 2016 4608 quae

352 4629 691 4701 posuimus,
734 4625 876 4683 ﬁdei
922 4625 1236 4682 catholica
1289 4631 1649 4696 congruunt,
1699 4631 1763 4682 ut
1792 4628 1839 4681 si
1883 4626 2019 4698 quis

353 4734 482 4774 non
515 4715 712 4773 solum
755 4715 1061 4784 omnibus,
1094 4717 1200 4771 sed
1231 4715 1411 4771 etiam
1466 4716 1716 4786 singulis
1766 4715 2021 4770 voluerit

355 4807 674 4872 contraire,
707 4805 768 4860 in
794 4821 866 4860 eo
887 4805 1054 4877 quod
1078 4804 1329 4874 singulis
1348 4805 1564 4860 horum
1589 4806 2023 4860 contumaciter

352 4900 676 4970 repugnat,
709 4900 766 4951 et
809 4894 902 4950 his
950 4895 1252 4950 contraria
1305 4893 1524 4950 docere
1586 4910 1708 4948 non
1763 4893 2021 4961 dubitat,

356 4985 700 5052 haereticus,
733 4989 790 5039 et
824 4979 965 5038 ﬁdei
997 4982 1349 5038 Christiania
1382 4984 1684 5048 inimicus,
1733 4988 1912 5055 atque
1944 4988 2024 5038 ob

355 5076 478 5132 hoc
520 5071 810 5130 omnibus
850 5071 1160 5128 catholicis
1201 5072 1804 5128 anathematizandus
1837 5087 2024 5145 appa-

356 5171 510 5223 reat.

432 5255 676 5326 Propter
700 5252 981 5310 eamdem
1012 5253 1264 5324 insuper
1295 5266 1564 5322 causam,
1601 5251 1716 5307 hoc
1743 5255 1850 5319 est,
1883 5251 2027 5324 quia

359 5343 665 5400 obstinato
735 5342 942 5398 animo
987 5346 1214 5411 negant
1259 5341 1712 5413 processionem
1773 5341 2025 5414 Spiritus

361 5435 555 5492 sancti
586 5450 622 5491 a
653 5433 814 5500 Filio,
857 5438 915 5488 et
945 5433 1238 5505 plurimos
1269 5433 1449 5488 etiam
1481 5432 1630 5488 alios
1660 5448 1908 5503 errores,
1965 5433 2027 5488 in

361 5524 587 5598 quibus
626 5529 847 5579 sancta:
911 5521 1198 5578 Romanae
1259 5521 1532 5578 Ecclesiae
1607 5521 2024 5590 adversantur,

435 5632 553 5700 (10)
587 5630 1343 5700 Constantinopolitanum.

435 5703 554 5778 (11)
585 5705 763 5760 Deest
785 5702 1040 5776 aliquid.

2103 3212 2399 3283 miterque
2414 3209 2755 3276 crediderit,
2790 3209 2989 3266 salvus
3015 3225 3148 3265 esse
3172 3224 3296 3265 non
3324 3209 3557 3282 poterit.
3589 3230 3616 3256 »
3641 3205 3756 3264 Sed

2104 3301 2285 3357 Graaci
2316 3314 2438 3354 non
2467 3299 2882 3372 credunt,qute
2906 3298 2967 3354 in
2987 3314 3060 3355 eo
3083 3298 3465 3354 continentur
3491 3315 3504 3366 ;
3535 3295 3757 3352 salvari

2106 3421 2249 3476 ergo
2277 3421 2400 3462 non
2431 3410 2704 3477 possunt.

2179 3497 2294 3552 Nos
2325 3500 2522 3551 autem
2557 3500 2907 3552 sanctorum
2944 3497 3283 3551 Graecorum
3317 3496 3375 3549 et
3417 3490 3763 3548 Latinorum

2110 3584 2436 3640 sententias
2449 3584 2628 3639 secuti
2640 3583 2815 3649 ,credi
2826 3600 2923 3639 mu
2934 3601 2960 3638 s
2975 3583 3763 3651 etconﬁtemur,cantamus,

2113 3679 2169 3729 et
2196 3673 2536 3738 scribimus,
2557 3677 2614 3728 et
2633 3672 2922 3728 docemus
2941 3674 3171 3728 Patrem
3197 3687 3233 3726 a
3255 3686 3337 3740 se,
3361 3685 3484 3726 non
3506 3669 3584 3725 ab
3606 3669 3725 3724 alio
3751 3686 3764 3724 :

2115 3763 2326 3818 Filium
2362 3778 2395 3818 a
2421 3765 2584 3817 Patre
2616 3762 2744 3817 solo
2775 3763 3041 3831 genitum
3070 3779 3082 3813 :
3117 3761 3400 3832 Spiritum
3431 3763 3707 3815 sanctum
3734 3774 3771 3814 a

2115 3855 2283 3908 Patre
2335 3855 2394 3907 et
2437 3851 2578 3906 Filio
2623 3851 2935 3922 aequaliter
2956 3851 3408 3922 procedentem,
3447 3854 3506 3904 et
3551 3848 3773 3920 pariter

2118 3946 2234 3997 tres
2260 3940 2505 4014 quidem
2538 3940 2848 4010 discretas,
2882 3939 3218 4006 distinctas,
3251 3943 3308 3993 et
3335 3936 3627 4010 perfectas
3657 3937 3772 4009 hy-

2119 4037 2393 4106 postases
2432 4031 2579 4094 ;sed
2620 4047 2808 4086 unam
2852 4028 3195 4095 essentiam,
3231 4044 3417 4084 unam
3468 4026 3774 4093 deitatem,

2123 4136 2306 4178 unam
2334 4126 2714 4194 potestatem.
2737 4135 2924 4176 unam
2950 4135 3200 4176 causam
3230 4137 3242 4174 :
3275 4136 3311 4174 a
3330 4135 3448 4190 quo
3479 4116 3702 4180 omnia,
3722 4120 3781 4171 et

2123 4228 2230 4285 per
2244 4227 2449 4284 quem,
2479 4218 2536 4268 et
2561 4213 2621 4268 in
2652 4227 2775 4285 quo
2797 4215 2935 4267 sunt
2957 4212 3165 4267 omnia
3192 4228 3204 4264 :
3234 4210 3425 4282 etipsi
3455 4214 3542 4264 est
3565 4207 3779 4278 gloria,

2126 4308 2183 4357 et
2235 4303 2451 4366 honor,
2509 4308 2566 4357 et
2620 4300 2945 4373 imperium
2993 4301 3054 4355 in
3109 4295 3336 4355 saecula
3392 4297 3778 4354 saeculorum.

2042 4415 2090 4472 Β
2128 4397 2337 4446 Amen.

2202 4479 2334 4534 Illos
2367 4495 2509 4535 vero
2539 4477 2642 4550 qui
2667 4475 2914 4533 dicunt:
2953 4476 3208 4545 Spiritus
3243 4479 3490 4530 sanctus
3516 4471 3787 4546 procedit

2129 4568 2378 4642 quidem
2426 4583 2462 4623 a
2520 4567 2711 4638 Patre,
2765 4565 2873 4622 sed
2918 4581 3043 4621 non
3072 4580 3109 4621 a
3159 4563 3319 4635 Filio,
3371 4562 3461 4618 vel
3500 4562 3690 4630 aliter,
3730 4564 3789 4616 et

2128 4657 2268 4730 plus
2313 4672 2349 4713 a
2395 4659 2586 4722 Patre,
2631 4669 2818 4728 quam
2851 4672 2886 4712 a
2929 4654 3069 4710 Filio
3111 4668 3128 4708 :
3190 4659 3293 4709 aut
3326 4652 3557 4726 priusa
3596 4651 3786 4718 Patre,

2131 4762 2317 4820 quam
2350 4763 2385 4802 a
2411 4747 2571 4813 Filio,
2593 4745 2909 4809 etsimilia,
2939 4745 3168 4800 ratione
3199 4743 3340 4799 fidei
3365 4741 3739 4798 adversantia
3773 4759 3785 4796 :

2131 4842 2188 4891 et
2234 4837 2348 4892 hoc
2395 4834 2720 4891 asserendo
2753 4834 3023 4904 credunt,
3053 4832 3386 4905 praedicant
3410 4836 3466 4886 et
3499 4829 3788 4898 scribunt,

2134 4925 2284 4980 sicut
2306 4927 2427 4993 iam
2458 4923 2694 4979 dudum
2721 4923 3034 4978 deﬁnitum
3058 4926 3150 4977 est
3176 4937 3212 4975 a
3241 4920 3464 4976 sanctis
3496 4919 3789 4984 Patribus,

2136 5021 2426 5087 tanquam
2457 5013 2766 5069 haereticos
2785 5028 2820 5068 a
2848 5011 3142 5068 catholica
3161 5009 3420 5066 Ecclesia
3445 5008 3789 5080 abjicimus,

2137 5111 2192 5161 et
2227 5108 2505 5169 vitamus,
2537 5102 2972 5172 maledicimus,
3004 5106 3059 5157 et
3084 5099 3502 5172 reprobamus.

2564 5230 2883 5284 Distinctio’
2903 5228 2975 5285 de
3002 5228 3342 5285 animabus.

2207 5337 2495 5410 Expedito
2525 5337 2585 5392 in
2613 5335 3094 5409 praecedentibus
3143 5334 3342 5407 primo
3373 5332 3642 5400 articulo,
3675 5333 3788 5388 sci-

2136 5428 2273 5484 licet
2319 5428 2394 5482 de
2452 5427 2836 5500 processione
2898 5425 3152 5499 Spiritus
3185 5423 3377 5480 sancti
3429 5440 3466 5480 a
3524 5422 3688 5491 Filio,
3731 5423 3794 5477 in

2135 5535 2281 5592 quo,
2315 5523 2380 5576 ut
2408 5517 2659 5587 singulis
2689 5516 2942 5579 versutis
2971 5518 3315 5576 Graecorum
3357 5513 3799 5585 objectionibus

2211 5626 2326 5698 (i2)
2355 5627 2504 5711 Cap.
2543 5628 2631 5706 44.
