4468 6440
787 407 887 486 su

785 635 860 676 ex
883 621 1050 678 libris
1079 624 1225 692 suis,
1257 627 1479 700 quibus
1509 645 1572 686 se
1608 631 1863 702 jactant,
1898 636 1955 690 et
1981 635 2190 689 contra
2219 634 2440 688 Roma-

785 723 930 765 nam
952 711 1188 781 erigunt
1209 715 1552 790 Ecclesiam,
1580 735 1705 776 non
1724 720 1921 777 solum
1947 736 2196 791 errasse,
2223 735 2436 776 verum

785 798 1047 857 etiamin
1079 802 1384 862 Canonem
1413 807 1548 864 latm
1574 811 1880 867 sententim
1910 810 2192 867 incidisse
2211 809 2434 883 proba-

783 887 984 944 vimus
1009 908 1022 957 ;
1055 889 1258 949 forsan
1283 893 1420 966 plus
1445 899 1784 956 necessario
1812 904 2028 973 prmter
2057 900 2433 973 propositum

783 975 996 1049 prolixi
1043 978 1306 1046 fuimus:
1352 989 1538 1042 restat
1584 1003 1747 1044 nunc
1798 988 2000 1046 videre
2057 1004 2166 1062 per
2219 988 2435 1045 eadem

785 1065 1146 1136 testimonia,
1165 1069 1270 1127 ubi
1293 1073 1511 1130 animm
1536 1075 1769 1146 talium,
1804 1077 1867 1133 id
1892 1081 2000 1145 est,
2023 1076 2356 1134 inﬁdelium
2377 1080 2436 1131 et

784 1155 942 1212 male
972 1158 1363 1234 credentium,
1398 1171 1680 1221 exeuntes
1709 1182 1747 1222 a
1775 1182 2024 1241 corpore
2048 1167 2432 1240 recipiantur.

786 1245 1000 1342 Dpinio
1020 1247 1179 1342 enim
1197 1264 1406 1306 eorum
1430 1257 1537 1320 est,
1561 1254 1712 1311 sicut
1727 1254 1992 1311 diximus
2016 1275 2028 1312 :
2057 1256 2222 1330 quod
2239 1271 2434 1328 neque

784 1334 847 1387 in
871 1334 1224 1404 paradisum
1244 1337 1440 1410 boum,
1475 1357 1671 1415 neque
1702 1343 1762 1400 in
1783 1344 2086 1400 infernum
2112 1350 2250 1400 ante
2271 1344 2432 1400 diem

780 1421 985 1491 judicii
1043 1425 1271 1482 vadunt
1324 1429 1542 1486 animm
1611 1433 2060 1505 reproborum:
2115 1437 2434 1505 sequentes

782 1511 1114 1583 quemdam
1127 1515 1308 1586 hujus
1321 1517 2023 1594 hmreseosinventorem,
2041 1522 2435 1594 archiepisco-

781 1614 931 1700 pum
943 1602 1254 1700 quondam
1273 1606 1551 1700 Dmsarem
1564 1610 1987 1700 Cappadociae,
2011 1610 2313 1667 Andream
2331 1625 2436 1666 no-

784 1691 968 1756 mine,
1013 1691 1119 1764 qui
1175 1693 1317 1751 dicit
1371 1698 1618 1769 propria
1666 1715 1922 1771 corpora
1968 1700 2321 1772 prmstolari,
2368 1703 2436 1757 ut

785 1792 926 1833 cum
957 1778 1060 1844 eis,
1086 1796 1224 1839 cum
1256 1784 1478 1856 quibus
1502 1785 1666 1844 bona
1694 1788 1784 1844 vel
1814 1789 1976 1846 mala
2001 1790 2430 1860 commiserint,

2017 411 2503 477 PANTALEONIS
2537 408 2826 470 DIACONI
2864 407 2968 466 CP.

783 531 1230 608 respondimus,
1259 539 1318 596 et
1345 537 1511 614 ipsos
1539 542 1835 616 tanquam
1862 542 2128 600 veritatis
2163 541 2438 602 falsarios
2469 541 2516 596 A

4091 397 4198 457 612

2644 536 3070 594 Verumtamen
3124 544 3200 591 ex
3243 525 3460 586 divinis
3509 523 3825 599 Scripturis
3876 523 4196 592 docemur,

2548 624 2713 698 quod
2745 625 3133 696 peccatorum
3161 617 3380 676 animm
3431 615 3494 672 in
3516 613 3750 672 inferno
3795 617 3958 684 sunt,
3983 612 4195 670 subtus

2545 728 2793 771 omnem
2823 715 3043 768 terram
3072 712 3130 766 et
3156 721 3343 772 mare,
3387 704 3558 771 sicut,
3617 702 3795 761 docet
3839 701 4194 758 Psalmista:

2543 802 2618 858 In
2653 801 2974 859 tenebrosis
3021 804 3080 856 et
3112 795 3330 853 umbra
3374 794 3604 862 mortis,
3657 797 3714 849 et
3763 793 3899 848 lacu
3955 791 4198 860 inferio-

2542 892 2603 948 ri
2626 892 2698 949 ⁸⁸.
2741 892 2807 946 Et
2836 888 2990 944 sicut
3019 885 3310 958 scriptum
3342 884 3404 938 in
3452 881 3600 940 Job:
3651 882 3724 936 In
3753 886 3978 936 terram
4036 885 4198 935 tene-

2545 979 2781 1036 brosam
2793 982 2849 1034 et
2863 975 3295 1040 turbulentam,
3311 972 3375 1028 in
3389 977 3617 1028 terram
3639 969 4198 1026 tenebrarumaeter-

2542 1083 2781 1134 narum,
2816 1065 2921 1121 ubi
2967 1079 3090 1120 non
3131 1071 3216 1119 est
3243 1061 3518 1128 claritas,
3547 1073 3658 1115 nec
3685 1057 3888 1114 videre
3910 1058 4095 1112 vitam
4126 1056 4198 1113 ³⁵.

2541 1159 2845 1213 Justorum
2892 1157 3093 1209 autem
3143 1150 3360 1207 animm
3409 1152 3546 1221 post
3591 1146 3922 1202 adventum
3967 1143 4199 1209 Christi,

2544 1245 2698 1300 sicut
2723 1243 2784 1298 in
2813 1242 3043 1298 latrone
3074 1239 3418 1306 didicimus,
3455 1236 3518 1292 in
3565 1233 3850 1307 paradiso
3880 1238 4039 1289 sunt.
4070 1235 4200 1288 Non

2542 1332 2704 1389 enim
2729 1334 2976 1404 propter
3005 1328 3276 1385 animam
3307 1325 3499 1381 solam
3524 1323 3773 1380 latronis
3803 1321 4071 1378 Christus
4094 1322 4202 1376 Do-

2545 1421 2743 1477 minus
2771 1417 3128 1492 paradisum
3161 1414 3415 1488 aperuit,
3449 1412 3556 1469 sed
3586 1416 3644 1468 et
3666 1415 3911 1486 propter
3939 1409 4201 1482 reliquas

2541 1513 2890 1582 sanctorum
2920 1506 3178 1562 animas.

2613 1601 2694 1654 De
2741 1598 2856 1653 isto
2884 1597 3131 1667 insuper
3155 1593 3387 1649 latrone
3415 1593 3675 1647 Joannes
3705 1587 4198 1660 Chrysostomus,

2541 1700 2852 1759 exponens
2878 1683 3026 1740 illud
3049 1681 3302 1738 verbum
3328 1682 3497 1736 Luem
3518 1695 3532 1734 :
3556 1679 3746 1734 Amen
3777 1677 3911 1732 dico
3946 1675 4073 1742 tibi,
4105 1673 4203 1730 ho-

2541 1775 2640 1833 die
2659 1788 2888 1832 mecum
2915 1772 3032 1830 eris
3061 1772 3124 1828 in
3144 1768 3435 1842 paradiso
3455 1767 3526 1834 ⁵⁶,
3552 1766 3634 1823 ita
3672 1764 3972 1838 loquitur:
4007 1783 4037 1812 «
4061 1762 4202 1829 Qui-

781 1866 1201 1927 retributiones
1273 1853 1542 1932 similiter
1603 1876 1900 1934 factorum
1962 1879 2268 1950 recipiant.
2326 1853 2438 1947 Qui
2465 1863 2507 1918 Β
2543 1862 2689 1921 dam
2718 1863 2927 1919 dicunt
2951 1860 3228 1918 nondum
3254 1862 3599 1915 assecumm
3625 1870 3760 1911 ⁸³³⁸
3783 1853 4082 1909 latronem
4097 1867 4200 1925 μ’

784 1955 1053 2014 etiamad
1065 1959 1546 2022 conﬁrmandam
1559 1983 1732 2024 suam
1743 1968 2089 2041 opinionem
2100 1985 2439 2041 erroneam,

784 2047 1200 2105 auctoritatem
1245 2053 1520 2124 Apostoli
1553 2056 1632 2112 ad
1682 2056 1962 2114 Hebraeos
2012 2075 2122 2132 pro
2153 2075 2215 2115 se
2251 2060 2437 2117 intro-

784 2133 969 2205 ducit,
1018 2152 1143 2210 qua
1169 2138 1424 2199 dicitur:
1459 2145 1537 2200 Et
1588 2146 1655 2202 hi
1683 2163 1882 2204 omnes
1917 2150 2250 2206 testimonio
2296 2150 2441 2220 ﬁdei

776 2227 1045 2295 probati,
1077 2242 1198 2283 non
1229 2238 1583 2300 receperunt
1612 2237 2128 2304 repromissionem
2175 2240 2296 2295 Deo
2320 2253 2438 2308 pro

783 2313 954 2369 nobis
979 2316 1192 2374 melius
1217 2320 1456 2392 aliquid
1480 2324 1849 2394 providente,
1883 2332 1951 2383 ut
1980 2342 2101 2384 non
2122 2329 2250 2386 sine
2269 2329 2438 2386 nobis

785 2414 1350 2465 consummarentur
1369 2413 1437 2467 εί.

857 2493 962 2548 Cui
986 2494 1237 2553 Andrem
1280 2498 1488 2558 obviat
1519 2500 1734 2560 beatus
1776 2505 2041 2563 Joannes
2094 2507 2440 2579 Chrysosto-

783 2595 921 2637 mus
948 2582 1009 2638 in
1039 2586 1410 2657 expositione
1452 2591 1727 2661 ejusdem
1753 2594 2045 2667 Epistolm,
2078 2601 2136 2653 et
2177 2597 2319 2654 talia
2347 2602 2437 2654 te-

781 2675 969 2770 statur
983 2689 997 2726 :
1011 2697 1038 2726 «
1061 2677 1709 2754 Perceperuntquidem
1719 2684 1892 2755 juxta
1909 2701 2165 2742 coronas
2179 2686 2431 2743 debitas.

780 2760 838 2817 Si
867 2777 1060 2820 unum
1089 2779 1309 2837 corpus
1340 2785 1550 2826 sumus
1579 2786 1808 2844 omnes,
1835 2775 2032 2845 major
2065 2774 2318 2832 etﬂcitur
2337 2777 2436 2833 isti

782 2852 1020 2923 corpori
1051 2853 1363 2913 delectatio
1395 2859 1513 2915 sive
1541 2860 1758 2932 fruitio,
1809 2866 2059 2937 quando
2099 2868 2437 2924 communi-

779 2942 885 3003 ter,
910 2945 1111 2998 etnon
1132 2946 1567 3016 particulariter
1586 2959 1971 3010 coronantur.
2002 2956 2229 3012 Etenim
2252 2957 2436 3013 etiam

774 3027 924 3099 justi
954 3030 1016 3086 in
1035 3031 1150 3089 hoc
1171 3039 1312 3090 sunt
1329 3037 1738 3109 admirabiles,
1762 3045 1907 3116 quia
1927 3045 2196 3117 gaudent
2235 3046 2436 3103 frater-
2467 3062 2508 3117 C

779 3118 874 3174 nis
897 3118 1073 3176 bonis
1098 3125 1390 3195 tanquam
1413 3126 1472 3182 in
1491 3131 1775 3202 propriis.
1804 3133 2010 3205 Itaque
2027 3135 2214 3191 ethoc
2234 3136 2435 3209 ipsum

782 3209 1121 3267 secundum
1151 3212 1522 3272 voluntatem
1570 3234 1780 3276 eorum
1811 3228 1923 3290 est,
1973 3227 2040 3280 ut
2069 3225 2246 3282 simul
2295 3241 2436 3284 cum

780 3297 1038 3397 propriis
1079 3301 1369 3358 membris
1411 3301 1810 3379 coronentur;
1838 3327 1981 3367 nam
2014 3314 2191 3369 simul
2219 3315 2436 3385 gloriﬁ-

778 3393 904 3487 cari
936 3403 1160 3487 magna
1206 3397 1295 3447 est
1321 3393 1373 3448 ei
1395 3393 1613 3453 fruitio.
1649 3421 1677 3449 »
1733 3402 1914 3466 Quasi
1964 3403 2126 3460 dicat
2168 3413 2430 3475 sanctus,

773 3477 946 3546 juxta
980 3477 1126 3534 illud
1152 3483 1546 3556 Apocalypsis
1572 3505 1584 3543 :
1622 3489 1794 3546 Data;
1819 3499 1960 3548 sunt
1987 3495 2246 3565 singulis
2271 3498 2435 3554 stolm

777 3565 937 3665 albae
957 3568 1025 3665 ξ’,
1051 3571 1565 3665 prmtendentibus
1585 3578 1913 3638 vindictam
1943 3584 2170 3657 proprii
2193 3590 2435 3658 sangui-

778 3655 892 3720 nis,
922 3655 983 3711 id
1026 3664 1132 3726 est,
1165 3660 1647 3722 desiderantibus
1677 3655 2075 3729 mutationem
2101 3676 2162 3730 in
2219 3655 2434 3735 melius

778 3759 1124 3839 corporum.
1147 3748 1406 3822 Singulm
1432 3755 1596 3811 stolm
1617 3757 1791 3827 albm,
1826 3761 1884 3817 id
1905 3769 2010 3830 est,
2035 3765 2233 3836 prima
2256 3767 2427 3839 stola,

776 3847 916 3933 qum
946 3839 1039 3889 est
1067 3835 1420 3933 gloriﬁcatio
1465 3845 1684 3903 animm
1710 3866 1724 3904 :
1757 3850 1836 3906 Et
1861 3835 2085 3911 dictum
2114 3861 2198 3912 est
2224 3858 2323 3924 eis,
2370 3835 2432 3913 ut

776 3927 1085 3994 quiescant
1103 3927 1306 3987 adhuc
1322 3933 1616 3992 modicum
1635 3945 1886 4012 tempus,
1902 3944 2088 4002 donec
2105 3946 2435 4016 impleatur

775 4026 1055 4113 numerus
1076 4017 1360 4084 fratrum
1388 4029 1721 4085 vestrorum
1749 4031 1798 4066 ⁵³
1831 4050 1844 4100 ;
1881 4033 1995 4091 hoc
2039 4035 2147 4092 erit
2193 4036 2255 4092 in
2311 4037 2432 4094 ﬁne

777 4101 1012 4170 mundi,
1042 4107 1291 4178 quando
1311 4117 1635 4188 resumptis
1664 4123 2019 4194 corporibus
2039 4124 2338 4196 gloriosis,
2369 4127 2430 4183 in

776 4197 1055 4289 utroque,
1086 4201 1142 4254 et
1161 4199 1236 4256 de
1261 4206 1514 4278 utroque
1544 4210 1918 4277 gaudebunt.
1976 4217 2139 4271 Tunc
2181 4216 2431 4289 quidem

774 4281 1089 4379 habebunt
1111 4289 1440 4360 perfectum
1463 4297 1754 4366 gaudium
1779 4303 1993 4372 sancti,
2012 4304 2115 4377 qui
2137 4281 2432 4379 quoniam

772 4371 1200 4471 habentmodo
1221 4381 1422 4439 adhuc
1450 4386 1694 4445 oculum
1721 4392 1940 4448 mentis
1971 4371 2050 4449 ad
2079 4371 2301 4469 corpus
2329 4411 2434 4452 na-
2462 4416 2510 4471 ι)

778 4463 987 4564 turale,
1019 4482 1238 4564 eorum
1255 4474 1548 4542 gaudium
1570 4478 1990 4552 imperfectum
2020 4463 2225 4558 aliquo
2246 4487 2432 4544 modo

773 4558 953 4612 etiam
985 4572 1022 4614 a
1051 4561 1274 4617 sanctis
1305 4567 1529 4622 nostris
1561 4568 1911 4628 doctoribus
1938 4573 2267 4644 judicatur.

848 4649 1063 4703 Beatus
1084 4665 1330 4725 quoque
1351 4655 1740 4727 Athanasius,
1757 4662 1818 4718 in
1849 4663 2003 4720 libro
2025 4665 2432 4733 Questionum

773 4751 1043 4807 suarum,
1063 4742 1620 4817 cuminterrogatus
1648 4749 1876 4819 fuisset,
1913 4753 2016 4810 ubi
2044 4761 2242 4813 essent
2271 4773 2434 4814 nunc

772 4830 992 4887 animm
1008 4832 1432 4896 defunctorum
1449 4840 1477 4896 ?
1497 4842 1807 4914 respondit
1821 4846 2150 4917 qumrenti:
2174 4869 2202 4896 «
2229 4849 2432 4904 Extra-

770 4939 891 4981 nea
919 4926 1190 4999 quidem,
1223 4933 1280 4986 et
1331 4931 1659 4988 metuenda
1687 4935 1964 5006 qumstio,
1997 4939 2055 4992 et
2080 4935 2435 4993 hominibus

771 5016 1092 5075 occultata.
1125 5021 1254 5076 Non
1282 5021 1445 5077 enim
1464 5023 1741 5095 permisit
1762 5024 2076 5096 Dominus,
2102 5027 2437 5098 quemlibet

772 5121 982 5163 eorum
1009 5108 1182 5177 solvi,
1204 5110 1311 5182 qui
1335 5109 1420 5167 ibi
1453 5117 1611 5183 sunt,
1638 5118 1696 5170 et
1722 5113 1802 5171 ad
1833 5129 1948 5171 nos
1963 5115 2184 5184 venire,
2215 5117 2320 5173 ubi
2341 5117 2438 5174 vel

769 5199 1086 5271 quomodo
1143 5199 1261 5257 sint
1310 5207 1773 5276 prmassumptm
1825 5204 2047 5263 animm
2109 5205 2432 5264 defuncto-

771 5303 929 5346 rum.
967 5309 995 5339 ι)

842 5495 887 5530 ⁵⁸
940 5494 1116 5568 Hebr.
1193 5509 1275 5568 ιιι,
1341 5498 1432 5551 39.
1499 5497 1548 5531 ⁵³
1590 5497 1776 5568 Apoc.
1862 5511 1941 5564 γι,
2008 5499 2093 5552 lt.
2157 5496 2206 5532 ⁵³
2232 5495 2387 5568 ibid.
2467 5494 2712 5555 “Psal.
2777 5509 2990 5562 Lxxvn,
3059 5498 3118 5553 7.

2545 1951 2732 2010 rudisi
2761 1951 3167 2017 mansionem,
3217 1945 3326 2003 sed
3355 1949 3602 2019 propter
3643 1941 4064 2016 promissionis
4106 1939 4202 1996 ﬁr-

2546 2042 2835 2106 mitatem,
2895 2044 2952 2095 et
3000 2034 3550 2094 immutabilitatem
3604 2031 3813 2088 dicunt
3885 2029 4206 2087 dominum

2546 2129 2809 2187 dixisse:
2842 2127 3038 2185 Hodie
3061 2141 3290 2183 mecum
3317 2125 3433 2180 eris
3461 2125 3525 2178 in
3544 2121 3859 2193 paradiso.
3896 2142 3918 2168 ι
3951 2118 4061 2175 Alii
4089 2133 4204 2175 au-

2545 2221 2689 2280 tem,
2765 2221 2821 2272 et
2878 2215 2958 2272 ad
3013 2211 3379 2270 vocabulum
3433 2214 3678 2281 cogunt.
3733 2208 3945 2264 Dicunt
3996 2206 4200 2262 enim:

2547 2308 2792 2380 Oportet
2832 2320 2946 2362 nos
3002 2304 3280 2360 distincte
3325 2304 3384 2357 et
3423 2298 3760 2373 punctatim
3824 2297 4022 2368 legere
4068 2294 4152 2351 sic
4187 2314 4201 2349 :

2542 2399 2592 2453 A
2604 2411 2736 2454 men
2751 2397 2878 2452 dico
2895 2395 3026 2461 tibi,
3044 2393 3219 2451 hodie
3231 2406 3458 2449 mecum
3476 2393 3593 2447 eris
3611 2390 3672 2445 in
3684 2389 3971 2459 paradiso
3995 2405 4009 2454 ;
4027 2385 4206 2458 quasi

2544 2485 2608 2542 in
2652 2485 2924 2542 futurum
2970 2487 3210 2554 tempus
3260 2480 3558 2537 aestiment
3606 2477 3906 2550 respicere
3955 2474 4209 2549 promis-

2546 2574 2799 2632 sionem.
2815 2570 3191 2645 lmpossibile
3212 2575 3323 2640 est,
3343 2567 3641 2642 inquiunt,
3666 2566 3868 2639 ipsum
3885 2579 4047 2621 nunc
4072 2577 4206 2620 esse

2544 2663 2608 2720 in
2653 2663 2963 2737 paradiso,
3012 2676 3152 2717 cum
3205 2657 3531 2733 Apostolus
3569 2656 3732 2713 dicat
3772 2654 3848 2710 de
3889 2653 4111 2710 sanctis
4140 2653 4205 2709 in

2545 2751 2820 2826 Epistola~
2858 2751 2938 2808 ad
2969 2750 3246 2806 Hebrmos
3280 2769 3294 2806 :
3326 2749 3412 2804 Hi
3436 2761 3634 2804 omnes
3682 2760 3804 2801 non
3845 2748 4204 2813 receperunt

2543 2842 2986 2913 promissiones,
3004 2845 3072 2895 ut
3093 2854 3213 2895 non
3231 2839 3360 2894 sine
3375 2836 3546 2893 nobis
3562 2838 4126 2891 consummarentur
4134 2833 4179 2867 ⁵⁷
4191 2874 4205 2889 .

2547 2933 2613 2987 Et
2641 2938 2782 3004 post
2821 2944 3021 3003 pauca
3049 2926 3328 2998 adjungit
3356 2925 3517 2980 idem
3563 2928 3831 2985 sanctus,
3871 2920 4209 2993 reprobatis

2545 3020 2798 3076 istorum
2829 3016 3239 3092 opinionibus,
3289 3015 3538 3071 dicens:
3571 3034 3600 3063 ‹‹
3642 3014 3711 3068 Et
3761 3011 3916 3067 latro
3956 3009 4208 3084 quidem

2545 3109 2899 3183 paradisum
2929 3105 3220 3179 possidet,
3253 3105 3378 3160 sive
3408 3106 3722 3158 assecutus
3742 3106 3855 3162 est.
3885 3099 4016 3156 Non
4045 3100 4209 3156 enim

2545 3196 2782 3253 mentiri
2813 3197 3027 3268 potest,
3050 3193 3154 3266 qui
3181 3191 3359 3248 dicit:
3400 3191 3590 3247 Hodie
3616 3204 3843 3246 mecum
3870 3191 3987 3245 eris
4013 3189 4077 3244 in
4101 3201 4209 3257 pa-

2546 3287 2767 3343 radiso.
2793 3306 2822 3336 »

2620 3379 2764 3431 Item
2794 3375 2856 3430 in
2882 3372 3172 3447 prmdicto
3187 3370 3342 3427 libro
3375 3370 3804 3439 Quaestionum,
3831 3382 3968 3424 cum
3988 3366 4208 3423 iterum

2544 3463 2768 3521 diceret
2796 3463 3160 3536 qumrensf:
3196 3459 3504 3532 Numquid
3531 3474 3654 3514 non
3690 3472 3989 3514 memores
4035 3459 4212 3512 erunt

2545 3554 2765 3611 animm
2792 3555 3269 3625 prmassumptm,
3309 3550 3463 3605 sicut
3483 3547 3678 3618 angeli
3703 3561 4003 3603 memores
4021 3544 4211 3601 sunt?

2545 3647 2892 3699 sanctorum
2922 3640 3172 3713 quidem
3199 3638 3418 3694 animm
3440 3653 3692 3710 prorsus
3713 3651 4013 3691 memores
4029 3639 4206 3702 sunt;

2542 3735 2931 3806 peccatorum
2961 3744 3103 3784 vero
3160 3727 3379 3783 animm
3406 3741 3544 3781 cum
3572 3726 3688 3780 sint
3717 3725 3777 3779 in
3807 3723 4066 3792 inferno,
4098 3738 4202 3779 ne-

2541 3836 2661 3894 que
2695 3819 2815 3885 Dei,
2851 3833 3049 3891 neque
3078 3816 3264 3873 nostri
3296 3829 3597 3870 memores
3629 3817 3787 3869 sunt.
3813 3835 3842 3864 »
3877 3815 3942 3868 Et
3972 3811 4210 3868 addidit

2543 3907 2730 3967 David
2751 3908 3052 3963 dicentem
3074 3906 3149 3964 ad
3181 3904 3503 3961 Dominum
3529 3921 3541 3959 :
3568 3903 3863 3972 Quoniam
3888 3916 4009 3957 non
4037 3907 4121 3957 est
4140 3902 4206 3957 in

2540 4004 2732 4055 morte
2755 3999 2859 4070 qui
2876 4012 3102 4052 memor
3121 3997 3195 4050 sit
3221 3995 3329 4058 tui,
3358 3998 3421 4049 in
3447 3994 3684 4064 inferno
3701 3997 3899 4048 autem
3921 3991 4054 4062 quis
4070 4006 4214 4050 con-

2539 4088 2810 4157 ﬁtebitur
2836 4087 2944 4142 tibi
2968 4086 3014 4122 ⁵⁸
3038 4085 3067 4140 ?
3094 4083 3427 4139 Etiterum:
3461 4082 3597 4138 Non
3614 4082 3841 4137 mortui
3861 4080 4208 4136 laudabunt

2543 4184 2616 4245 te,
2649 4179 2920 4242 Domine,
2953 4189 3142 4247 neque
3173 4187 3375 4230 omnes
3399 4172 3505 4244 qui
3533 4170 3902 4228 descendunt
3933 4170 3996 4225 in
4024 4170 4214 4240 infer-

2544 4283 2688 4324 num
2724 4268 2794 4322 δ’.

2616 4357 2781 4412 Idem
2809 4357 3058 4412 sanctus
3086 4353 3148 4409 in
3177 4350 3466 4426 prmdicto
3490 4349 3667 4417 libro,
3696 4349 3776 4405 ad
3827 4347 4013 4405 aliam
4041 4362 4211 4420 qum-

2543 4446 2801 4502 stionem
2834 4444 2950 4500 sibi
2973 4443 3200 4499 factam
3226 4459 3240 4497 :
3271 4440 3446 4508 Quid,
3479 4439 3721 4504 scilicet,
3771 4438 3854 4494 ibi
3887 4441 4218 4510 operentur

2543 4551 2708 4592 nunc
2733 4534 2956 4590 animm
2986 4533 3463 4606 prmassumptm,
3506 4526 3853 4601 respondit:
3884 4549 3912 4578 ι(
3945 4525 4158 4584 Anima
4177 4542 4220 4584 a

2526 4639 2796 4698 ,corpore
2823 4622 3040 4689 soluta,
3072 4636 3184 4677 nec
3206 4619 3460 4686 bonum,
3482 4633 3595 4674 nec
3624 4617 3854 4674 malum
3877 4616 4037 4672 valet
4061 4631 4214 4688 ope-

2543 4713 2824 4786 rari(t3).
2857 4716 3008 4769 Nam
3059 4708 3335 4775 visiones,
3378 4723 3534 4781 quas
3587 4705 3795 4762 vident
3848 4705 4102 4778 quidam
4131 4704 4216 4761 de

2546 4803 2640 4859 his
2666 4802 2771 4876 qui
2793 4800 3015 4858 mortui
3043 4803 3202 4867 sunt,
3225 4796 3676 4871 dispensatione
3703 4795 3992 4852 Dominus
4010 4798 4217 4851 osten-

2545 4893 2632 4948 dit
2651 4891 2730 4948 ad
2751 4895 3023 4948 nostram
3045 4889 3383 4946 utilitatem.
3414 4887 3576 4943 Sicut
3595 4885 3758 4942 enim
3787 4885 3923 4957 lyra
3960 4900 4084 4941 non
4104 4884 4219 4942 ha-

2544 4982 2698 5040 bens
2727 4980 3095 5055 pulsantem,
3118 4978 3315 5036 otiosa
3331 4978 3493 5048 jacet
3511 4981 3570 5033 et
3591 4975 3824 5048 absque
3873 4989 4086 5047 opere:
4122 4973 4218 5055 sic

2551 5051 2760 5129 anima
2783 5074 2842 5128 et
2868 5085 3092 5142 corpus
3113 5067 3194 5125 ab
3212 5067 3470 5123 invicem
3490 5070 3768 5140 separata
3791 5063 3940 5122 nihil
3975 5051 4224 5137 operari

2551 5165 2802 5235 queunt.
2838 5163 3196 5219 Sanctorum
3229 5162 3434 5214 autem
3457 5157 3675 5213 animm
3698 5171 3734 5212 a
3757 5155 3980 5227 Spiritu
4004 5158 4224 5211 sancto

2547 5252 2824 5325 impulsm
2858 5251 2983 5308 sive
3033 5253 3207 5307 tactm
3239 5263 3381 5305 cum
3434 5247 3663 5317 angelis
3706 5245 3769 5303 in
3811 5249 3968 5302 terra
4016 5246 4227 5302 viven-

2547 5343 2699 5400 tium
2729 5340 3057 5400 Dominum
3084 5337 3364 5408 laudant,
3383 5340 3441 5394 et
3469 5335 3790 5394 exsultant.
3817 5357 3846 5385 »

3201 5488 3391 5550 “Job
3462 5506 3523 5561 x,
3606 5490 3695 5546 2t.
3753 5488 3973 5546 “Luc.
4048 5501 4225 5562 χχιιι,

770 5571 858 5626 43.
917 5569 961 5604 ⁵⁷
998 5567 1179 5637 Hebr,
1239 5583 1318 5632 xi,
1368 5571 1460 5635 40,
1516 5567 1752 5626 ⁸⁸Ρὲιιῐ.
1796 5584 1874 5635 v1,
1923 5573 1976 5625 6.
2040 5567 2272 5627 "Psal.
2336 5583 2494 5636 cxm,
2554 5573 2640 5625 l7.

841 5694 956 5767 (13)
994 5693 1282 5752 Meritoria
1310 5692 1554 5762 scilicet,
1582 5693 1674 5754 vel
1703 5693 2107 5756 demeritorie.
