4468 6440
274 375 384 436 513

273 589 608 648 Athanasio
618 589 1312 665 etChrysostomo,quod
1325 597 1674 650 sanctorum
1685 591 1926 664 animae,

274 677 619 736 secundum
646 677 834 735 ﬁdem
883 681 942 736 et
971 694 1144 752 spem
1177 681 1465 737 Romanis
1503 680 1802 749 Ecclesia,
1834 695 1934 737 re-

275 769 470 836 gnant
487 766 668 822 etiam
729 781 892 822 nunc
933 782 1074 823 cum
1099 767 1365 837 Christo;
1397 767 1615 825 anima:
1648 767 1933 841 reprobo-

273 869 436 921 rum,
468 854 764 911 factorum
792 870 1042 912 suorum
1089 855 1334 928 dignam
1392 857 1735 914 mercedem
1790 856 1934 915 reci-

273 941 526 1014 pientes,
573 942 918 1000 cruciantur
977 944 1038 1000 in
1094 944 1328 1002 inferno
1379 945 1442 1002 in
1501 944 1725 1002 saecula
1757 960 1934 1002 saecu-

271 1029 497 1087 lorum.

344 1117 519 1185 Quod
536 1119 806 1177 similiter
821 1120 904 1178 ita
918 1119 1026 1178 fuit
1040 1120 1184 1179 olim
1205 1127 1432 1179 certum
1487 1123 1758 1180 Ecclesiae
1778 1122 1930 1179 Crin-

270 1221 506 1276 corum,
549 1209 717 1281 quod
773 1225 898 1266 non
947 1210 1146 1268 solum
1178 1211 1240 1268 in
1271 1211 1463 1281 libris,
1517 1227 1726 1268 verum
1748 1211 1931 1269 etiam

269 1296 607 1369 parietibus
664 1298 1055 1356 ecclesiarum
1110 1317 1380 1368 suarum,
1439 1301 1672 1375 antiqui
1731 1304 1932 1358 Patres

267 1385 610 1442 manifestis
638 1387 878 1444 indiciis
903 1388 1248 1462 imprimere
1299 1395 1682 1448 curaverunt.
1714 1393 1776 1446 In
1803 1390 1932 1463 qui-

261 1472 530 1530 busdam
573 1476 736 1532 enim
783 1477 1054 1549 picturis,
1104 1479 1353 1551 angelos
1406 1479 1559 1537 lucis
1598 1480 1929 1537 deferentes

263 1568 616 1620 sanctorum
647 1565 887 1623 animas
930 1566 993 1624 in
1022 1568 1207 1626 caelos
1235 1569 1666 1642 conspicimus.
1695 1573 1758 1626 In
1786 1584 1932 1626 non-

265 1652 450 1708 nullis
481 1669 624 1711 vero
656 1656 892 1713 Satane
919 1657 1166 1728 angelos
1182 1673 1253 1713 ex
1278 1659 1633 1731 corporibus
1673 1660 1930 1716 morien-

267 1739 420 1797 tium
449 1742 870 1814 reproborum,
927 1760 1068 1801 cum
1110 1745 1384 1819 quadam
1420 1746 1706 1805 violentia
1734 1753 1926 1805 extra-

262 1827 478 1886 hentes
507 1831 768 1902 animas,
788 1838 846 1889 et
865 1831 926 1889 in
949 1837 1177 1891 tartara
1198 1851 1407 1891 secum
1434 1835 1686 1893 ferentes
1708 1837 1926 1909 reperi-

263 1934 426 1975 mus.
465 1918 628 1976 Unde
648 1922 960 1994 quomodo
989 1938 1154 1980 nunc
1193 1924 1272 1980 ad
1293 1929 1528 1981 tantam
1557 1926 1926 1984 dementiam

265 2009 645 2066 devenerunt
675 2017 739 2067 ut
767 2011 989 2078 dicant,
1016 2012 1331 2070 defunctos
1355 2031 1466 2072 nec
1498 2016 1762 2088 paradisi
1792 2032 1926 2088 per-

270 2096 390 2152 frui
407 2099 670 2168 gaudiis,
695 2116 808 2156 nec
829 2101 1129 2158 cruciatus
1173 2103 1495 2160 infernales
1515 2121 1625 2177 pro
1644 2105 1926 2162 varietate

269 2188 628 2245 meritorum
667 2190 982 2258 sustinere,
1017 2193 1342 2262 nescimus,
1370 2193 1476 2249 sed
1503 2194 1700 2251 solum
1721 2195 1927 2252 mirari

261 2289 613 2347 possumus.
644 2280 974 2337 Praesertim
993 2296 1134 2337 cum
1162 2281 1238 2338 de
1257 2281 1373 2339 hoc
1397 2282 1607 2355 populi
1635 2299 1814 2340 aures
1838 2300 1926 2341 re-

260 2363 474 2436 pleant
501 2367 566 2422 in
587 2367 853 2424 ecclesiis
898 2369 958 2425 in
1005 2369 1206 2427 ofﬁcio
1256 2386 1366 2428 suo
1406 2372 1807 2445 frequentato.
1837 2373 1924 2430 Di-

259 2455 1052 2529 cuntenimdemartyribus
1078 2461 1192 2516 sic:
1222 2483 1249 2510 α
1288 2461 1925 2535 Famosissimimarty-

254 2556 375 2608 res,
391 2559 497 2599 vos
517 2549 670 2603 terra
690 2561 815 2603 non
831 2547 1161 2616 absorbuit,
1177 2549 1266 2606 vel
1285 2550 1561 2617 occultat,
1579 2551 1686 2608 sed
1702 2551 1922 2610 coelum

256 2634 547 2705 suscepit,
585 2640 644 2690 et
670 2635 831 2691 intus
879 2638 1230 2694 exsistentes
1281 2637 1447 2709 ligno
1478 2641 1613 2696 vitae
1643 2657 1921 2699 remune-

256 2721 372 2777 rati
425 2722 609 2778 estis:
662 2724 828 2796 apud
883 2726 1181 2784 Christum
1238 2729 1602 2795 intercedite,
1661 2735 1726 2788 ut
1749 2730 1923 2788 detur

255 2810 439 2867 nobis
471 2828 590 2884 pax
614 2819 668 2870 et
689 2830 915 2887 magna
941 2817 1372 2876 misericordia.
1409 2842 1436 2868 »

335 2901 520 2957 Item:
547 2924 575 2951 ‹‹
609 2902 751 2971 Vos,
810 2905 915 2977 qui
965 2922 1077 2978 pro
1121 2907 1312 2966 Verbo
1363 2909 1528 2981 passi
1557 2910 1696 2966 estis
1725 2925 1919 2984 usque

257 2987 341 3045 ad
375 2996 658 3060 mortem,
715 2992 972 3062 athletae,
1033 2995 1269 3053 animas
1311 2997 1560 3070 quidem
1590 2998 1828 3055 habetis
1857 3000 1919 3056 in

257 3077 430 3134 caelis
460 3080 519 3135 in
545 3096 732 3137 mann
758 3081 878 3153 Dei,
912 3091 968 3141 et
989 3100 1097 3157 per
1125 3087 1474 3143 universum
1496 3087 1707 3144 orbem
1728 3089 1920 3146 hono-
1948 3117 1988 3172 ρ
2028 3108 2132 3178 φη
2163 3077 2235 3166 εδ

255 3168 499 3223 ramini.
533 3172 768 3227 Vestras
793 3172 1077 3246 reliquias
1101 3177 1447 3233 sacerdotes
1477 3182 1535 3233 et
1570 3193 1742 3249 reges
1771 3180 1917 3236 ado-

254 3262 414 3325 rant,
437 3263 494 3315 et
513 3274 727 3317 omnes
747 3262 956 3334 populi
977 3264 1345 3322 exsultantes
1375 3267 1598 3323 assueti
1618 3267 1912 3326 clamant:

251 3347 516 3403 Somnus
550 3350 848 3421 pretiosus
881 3357 970 3410 est
997 3352 1061 3410 in
1124 3361 1453 3428 conspectu
1483 3357 1718 3415 Domini
1749 3375 1916 3417 mors

250 3441 607 3495 sanctorum
646 3439 801 3511 ejus.
841 3464 862 3491 ι

320 3528 468 3582 Item
487 3526 551 3584 in
579 3528 794 3586 eodem
815 3530 1016 3589 officio
1047 3533 1190 3591 talia
1223 3539 1586 3593 cantantur:
1623 3559 1652 3588 «
1686 3537 1913 3595 Chorus

246 3623 599 3674 sanctorum
623 3620 853 3678 invenit
869 3622 1100 3680 fontem
1145 3625 1305 3694 vitae,
1333 3626 1590 3697 januam
1620 3628 1908 3700 paradisi.

246 3706 560 3764 Inveniam
579 3715 635 3765 et
659 3725 773 3781 ego
794 3713 1037 3770 veniam
1059 3730 1168 3789 per
1191 3716 1608 3788 paenitentiam
1630 3733 1642 3784 ;
1668 3718 1796 3774 ovis
1822 3735 1909 3776 er-

241 3795 530 3854 rabunda
557 3813 671 3870 ego
699 3817 836 3858 sum
861 3819 875 3858 :
928 3818 1144 3863 revoca
1171 3821 1290 3876 me,
1334 3805 1624 3876 Salvator,
1657 3813 1714 3865 et
1742 3808 1908 3868 salva

241 3899 364 3942 me.
400 3907 430 3937 ι)

317 3976 503 4034 Item:
536 4001 568 4030 «
606 3983 713 4038 Per
762 3999 873 4039 vos
907 4027 923 4054 ,
968 3984 1074 4058 qni
1115 3986 1511 4059 praedicantes
1535 3991 1775 4058 Agnum
1802 3989 1904 4048 Dei

241 4067 426 4123 occisi
458 4068 599 4125 estis
630 4075 696 4127 ut
744 4087 914 4138 oves,
946 4079 1004 4130 et
1055 4075 1135 4131 ad
1164 4077 1352 4133 vitam
1380 4093 1519 4149 qua:
1560 4077 1685 4134 sine
1734 4079 1902 4138 senio

239 4160 355 4223 est,
385 4159 894 4231 etsempiternam
949 4166 1297 4238 transpositi
1346 4166 1505 4222 estis.
1541 4166 1709 4224 Hunc
1738 4169 1900 4226 enim

236 4251 483 4317 Agnum
509 4250 791 4306 attentius
823 4258 1120 4326 martyres
1149 4255 1345 4328 petite,
1374 4255 1717 4314 debitorum
1745 4258 1898 4316 solu-

235 4334 465 4392 tionem
495 4338 672 4395 nobis
698 4339 1014 4400 donantes.
1054 4367 1075 4393 ι

309 4426 456 4482 Item
492 4427 554 4482 in
580 4428 788 4487 Ofﬁcio
836 4437 1213 4490 mortuorum
1264 4436 1405 4493 talia
1445 4452 1556 4510 pro
1595 4437 1896 4496 defunctis

233 4520 445 4571 orant:
465 4539 490 4567 ‹‹
510 4520 676 4575 Dona
696 4523 1170 4594 requiem,Deus,
1189 4525 1432 4584 famulis
1453 4528 1590 4598 tuis,
1608 4535 1665 4586 et
1684 4530 1899 4588 ordina

231 4620 340 4660 eos
359 4606 420 4660 in
443 4607 749 4678 paradiso,
769 4611 873 4666 ubi
889 4613 1057 4669 chori
1080 4620 1430 4673 sanctorum
1449 4623 1609 4680 sunt.
1623 4620 1894 4690 Domine,

232 4697 291 4748 et
317 4693 467 4764 justi
507 4695 740 4766 fulgent
791 4698 854 4754 in
881 4700 1091 4771 gloria,
1130 4724 1158 4751 ‹‹
1193 4705 1289 4759 His
1316 4704 1398 4761 ita
1422 4722 1484 4761 se
1510 4706 1895 4778 habentibus,

229 4783 373 4854 quis
403 4799 614 4842 eorum
645 4792 842 4860 potest
869 4791 1144 4848 excusari
1168 4791 1242 4849 de
1268 4793 1610 4865 ignorantia
1628 4798 1655 4853 ?

449 5000 538 5059 De
558 5013 818 5074 quatuor
838 5008 1225 5079 receptaculis
1244 5008 1692 5080 defunctorum.

294 5197 414 5254 Sed
443 5199 574 5256 etsi
599 5200 737 5274 plus
789 5205 1019 5279 aliquid
1071 5206 1222 5264 scire
1283 5209 1534 5281 cupiunt
1581 5213 1767 5270 Graeci
1816 5214 1891 5272 de

218 5287 551 5346 animabus
574 5291 1021 5382 defunctorum,
1041 5295 1244 5369 legant
1273 5304 1330 5354 et
1345 5299 1679 5372 intelligant
1701 5303 1889 5362 libros

214 5393 386 5449 suos,
421 5384 478 5436 et
504 5381 809 5441 invenient
851 5381 1114 5458 quatuor
1169 5389 1550 5462 receptacula
1577 5393 1890 5452 defuncto-

1677 377 1953 438 CON‘IIA
1988 376 2304 443 GRECOS.

349 503 500 558 Ecce
527 498 830 558 habemus
855 515 928 559 ex
955 499 1051 558 his
1075 501 1320 573 magnis
1380 501 1623 560 duobus
1675 502 1926 560 testibus
1951 503 2013 576 ΔῘ

3589 394 3697 479 sti

2041 502 2362 651 mutorum
2415 513 2650 587 dicitur,
2703 522 3032 600 infornum,
3092 534 3349 600 limbum
3391 546 3449 602 et
3475 559 3695 620 purga-

2140 612 2289 651 ium.

2140 612 2289 656 ium.

2113 686 2193 778 Pe
2223 689 2422 760 primo
2449 699 2506 754 et
2536 702 2804 763 secundo
2827 707 2988 770 dicta
3017 715 3335 778 sufﬁciant.

2113 775 2797 873 De-tertio_respondebit
2830 775 3344 867 Athanasiusviﬁce
3369 817 3594 872 nostra.
3627 814 3694 873 In

2040 865 2329 970 praedicto
2352 871 2650 946 siquidem
2671 879 2825 941 libro
2849 887 3254 955 Quwstionum
3276 865 3694 970 sua—rum,—

2041 958 2436 1065 veturiterum
2456 981 2492 1021 a
2523 979 2827 1065 querente
2850 983 3103 1050 quaestio
3125 987 3292 1043 talis:
3324 991 3452 1060 Ubi,
3472 958 3689 1065 quae—so,

2041 1051 2203 1145 sunt,
2219 1051 2681 1119 velperveniunt
2686 1068 2870 1130 pueri
2893 1069 3188 1145 defuncti,
3205 1079 3296 1134 vel
3307 1080 3369 1135 in
3383 1051 3692 1140 tormentis

2041 1135 2134 1189 vel
2157 1138 2230 1235 in_
2252 1153 2432 1235 regno
2453 1147 2496 1235 .’_
2532 1148 2598 1202 Et
2629 1148 2730 1206 ubi
2767 1135 3100 1217 inﬁdelium
3150 1135 3360 1235 pueri?

2039 1237 2184 1319 non
2212 1226 2520 1319 baptizati,
2567 1242 2626 1294 et
2660 1241 2925 1302 defuncti
2967 1249 2996 1303 ‘l
3052 1226 3193 1310 cum
3254 1226 3691 1319 ﬁdelibusﬂvcl

2038 1311 2428 1412 infidelibus?
2481 1325 2571 1381 Ad
2617 1327 2729 1385 has
2765 1333 2969 1408 itaque
3023 1311 3693 1412 animali-ivli;

2042 1404 2413 1498 satisfaciens
2444 1419 2732 1485 quaerenti
2756 1404 3064 1497 respondit
3091 1447 3104 1486 :
3134 1455 3162 1482 ‹‹
3197 1404 3690 1498 Domino,

2040 1493 2310 1553 dicente:
2338 1499 2532 1594 Sinite
2550 1493 3075 1576 parvulos'venire
3099 1522 3182 1577 ad
3207 1540 3319 1594 me,
3351 1493 3690 1588 (aliast

2043 1599 2292 1683 regnum
2315 1591 2594 1650 caelorum
2618 1597 2666 1631 ⁸ο
2685 1615 2702 1668 ;
2736 1597 3073 1678 iterumque
3101 1591 3388 1683 Apostolo
3416 1616 3648 1676 dicente
3672 1637 3686 1676 :

2039 1674 2208 1775 Nunc
2248 1684 2622 1775 autemﬁlii
2667 1693 2854 1748 vestri
2892 1674 3092 1753 sancti
3111 1674 3250 1757 sunt
3279 1706 3345 1775 ⁶¹,
3375 1674 3691 1766 manifeste

1955 1805 2002 1862 Β
2039 1767 2298 1865 constat,
2323 1771 2491 1865 quod
2540 1778 2834 1850 tanquam
2882 1785 3156 1845 mundati
3176 1795 3233 1848 et
3257 1767 3486 1865 ﬁdeles,
3512 1796 3573 1852 in
3605 1814 3690 1854 re-

2039 1865 2229 1954 gnum
2283 1857 2508 1954 intrant
2556 1865 3029 1931 Christianorum
3086 1857 3523 1954 ﬁliibaptizati.
3557 1889 3688 1944 Non

2035 1939 2318 2038 baptizati
2349 1954 2571 2047 autem,
2599 1959 2656 2011 et
2685 1957 2863 2016 etiam
2913 1965 3226 2033 gentilium
3268 1939 3689 2047 pharii;th

2036 2045 2098 2121 in
2127 2047 2383 2103 regnum
2405 2038 2646 2112 intrant,
2677 2060 2876 2120 neque
2905 2051 3118 2110 iterum
3151 2057 3229 2113 ad
3260 2038 3558 2119 tormenta
3585 2038 3689 2121 va-

2034 2119 2421 2221 duntz‘sunt
2472 2130 2632 2188 enim
2679 2119 2952 2208 expertes
2996 2147 3224 2214 peccati
3278 2149 3414 2221 (14).
3459 2173 3488 2200 ››
3538 2119 3688 2211 Cum

2033 2210 2211 2281 igitur
2239 2214 2428 2315 Pater.
2451 2227 2695 2280 sanctus
2712 2210 3038 2289 asserendo
3067 2233 3246 2304 dicat,
3277 2210 3516 2298 animas
3544 2258 3688 2315 pue-

2031 2316 2237 2402 rorum
2265 2320 2389 2364 non
2409 2307 2850 2402 baptizatorum
2870 2335 2982 2377 nec
2998 2326 3266 2394 paradisi
3293 2330 3514 2401 perfrui
3542 2307 3686 2402 gau-

2031 2391 2167 2464 diis,
2196 2409 2392 2485 neque
2421 2398 2637 2459 iterum
2659 2407 2960 2466 cruciatus
2984 2391 3222 2485 inferni,
3247 2391 3388 2475 cum
3419 2391 3687 2480 sintsinc

2030 2483 2368 2578 actualibus
2397 2492 2678 2561 peccatis,
2743 2498 3054 2569 sustinere,
3104 2483 3342 2578 reliquit
3370 2508 3430 2565 in
3478 2517 3689 2569 nostra

2029 2571 2415 2670 intelligentia
2433 2578 2633 2670 locum
2652 2585 2911 2656 tertium,
2935 2589 3038 2646 ubi
3060 2571 3279 2652 animi-2
3309 2597 3535 2670 talium,
3563 2599 3686 2659 Deo

2025 2658 2292 2759 iubente,
2326 2671 2467 2759 post
2483 2668 2648 2759 hanc
2673 2672 2861 2730 vitam
2907 2679 3295 2752 recipiuntur,
3341 2685 3402 2741 in
3429 2658 3546 2759 quo
3576 2658 3685 2746 sci-

2026 2747 2163 2806 licet
2186 2765 2297 2808 nec
2351 2754 2496 2812 boni
2534 2763 2940 2833 praesentiam,
2986 2747 3098 2826 nec
3145 2747 3293 2829 mali
3340 2747 3685 2836 sensibilem

2030 2852 2276 2909 poenam
2327 2842 2597 2917 aliquam
2651 2853 3054 2924 experiantur.
3107 2859 3178 2915 Et
3204 2860 3345 2920 licet
3380 2865 3521 2922 huic
3547 2867 3684 2926 loco

2028 2928 2198 3018 Pater
2212 2939 2456 2990 sanctus
2477 2951 2701 2997 nomen
2721 2956 2844 2999 non
2865 2950 3239 3018 imposuerit,
3265 2955 3458 3011 sancti
3479 2961 3683 3015 tamen

2030 3017 2236 3117 Latini,
2258 3027 2739 3120 .utAugustinus.
2774 3017 3090 3106 Gregorius
3119 3045 3177 3097 et
3205 3044 3423 3114 caeteri,
3455 3046 3681 3120 quippe

2026 3374 2234 3474 Christi
2252 3382 2439 3474 sancti
2452 3386 2651 3442 Patres
2663 3374 3133 3451 descendebant.
3149 3399 3316 3457 Nunc
3329 3415 3472 3457 vero
3484 3403 3678 3474 pueri,

2022 3465 2128 3562 ΪῘἮ
2158 3466 2388 3562 absque
2417 3472 2722 3547 baptismo
2765 3479 3086 3558 decedunt,
3133 3485 3264 3545 Sine
3290 3465 3680 3562 poena-sensi;

2020 3552 2142 3628 bili,
2173 3562 2238 3616 ut
2264 3559 2494 3620 dictum
2519 3569 2629 3636 est,
2673 3566 3031 3646 detinentur,

2325 3744 2627 3821 Probatio,
2661 3752 2824 3823 quod
2848 3754 2928 3811 sit
2952 3761 3397 3829 purgatorium.

2085 3948 2166 4005 De
2195 3956 2415 4024 quarto
2460 3951 2618 4021 loco,
2659 3952 2722 4010 id
2764 3958 2853 4012 est
2895 3961 3270 4033 purgatorio,
3313 3962 3505 4021 multa
3543 3981 3678 4023 san.

2011 4041 2244 4099 ctorum
2271 4043 2514 4100 Patrum
2540 4043 2884 4103 testimonia
2912 4050 3268 4120 reperimus.
3300 4055 3367 4109 Et
3385 4054 3583 4127 primo
3612 4055 3675 4113 in

2009 4129 2275 4202 Epistola
2323 4133 2402 4190 ad
2439 4134 2794 4201 Corinthios,
2836 4135 2940 4192 ubi
2969 4136 3234 4212 loquitur
3285 4144 3607 4216 Apostolus
3661 4176 3678 4218 ε

2006 4220 2493 4281 Fundamentum
2510 4226 2683 4282 aliud
2698 4241 2868 4283 nemo
2881 4234 3073 4297 potest
3097 4245 3338 4299 ponere,
3365 4241 3592 4304 praeter
3610 4236 3675 4292 id

2008 4312 2169 4381 quod
2193 4314 2448 4383 positum
2479 4320 2583 4381 est,
2618 4317 2777 4387 quod
2800 4322 2884 4372 est
2913 4318 3191 4377 Christus
3228 4323 3420 4380 Jesus.
3447 4323 3514 4380 Si
3540 4329 3672 4396 quis

2008 4403 2204 4457 autem
2233 4405 2678 4474 supersedi/ica!
2706 4422 2891 4476 supra
2931 4409 3396 4478 fundamentum
3429 4413 3674 4482 lioc,au-

2009 4505 2165 4559 rum,
2187 4500 2529 4563 argentum,
2553 4496 2847 4564 pretiosos
2871 4497 3116 4568 lapides,
3142 4501 3399 4572 lignum,
3415 4503 3669 4572 faenum,

2006 4581 2322 4648 stipulam:
2341 4584 2814 4655 uniuscujusque
2826 4601 2972 4655 opus
2989 4590 3374 4658 manifestum
3388 4593 3670 4649 erit.Dies

2008 4670 2162 4725 enim
2192 4671 2437 4726 Domini
2463 4672 2824 4745 declarabit,
2853 4679 2956 4748 qui
2988 4678 3051 4732 in
3091 4679 3225 4748 igne
3256 4681 3666 4750 revelabitur;

2009 4762 2062 4814 et
2084 4761 2556 4833 uniuscujusque
2573 4779 2741 4832 opus,
2766 4766 2945 4836 quale
2965 4769 3062 4834 sit,
3083 4769 3245 4838 ignis
3267 4770 3572 4839 probabit.
3605 4773 3673 4830 Si

2007 4851 2335 4920 cujusopus
2378 4855 2864 4927 manseril,quod
2899 4858 3422 4929 superasdiﬁcavit,
3452 4877 3670 4920 merce-

2005 4936 2134 4994 dem
2155 4943 2407 5010 accipiet
2421 4958 2444 5013 ;
2461 4945 2512 4998 si
2520 4959 2666 5011 opus
2682 4947 3346 5015 arserit,detrimentum
3357 4951 3668 5026 patietur;

2004 5034 2338 5100 ipseautem
2351 5035 2556 5090 salvus
2586 5036 2700 5091 erit
2724 5036 2835 5103 ;sic
2856 5041 3055 5092 tamen
3087 5039 3262 5108 quasi
3264 5053 3379 5108 per
3390 5040 3663 5112 ignem".

2006 5123 2153 5179 Cum
2176 5123 2428 5196 quidam
2449 5125 2766 5181 doctorum
2794 5141 3046 5182 suorum
3068 5126 3223 5184 inter
3252 5143 3354 5185 eos
3381 5132 3664 5190 attentius

1999 5213 2308 5271 utdictum
2321 5217 2523 5272 locum
2541 5220 2885 5288 exponeret,
2917 5215 3169 5288 adjecit:
3196 5222 3453 5288 «Ignem
3482 5221 3664 5280 istum

1999 5303 2298 5360 credimus
2335 5307 2708 5382 καθάρτήριον,
2741 5305 2802 5362 id
2853 5311 2939 5365 est
2977 5306 3555 5382 mundiﬁcatorium,
3599 5312 3664 5370 in

1997 5410 2120 5468 quo
2152 5396 2370 5451 animae
2397 5395 2820 5455 defunctorum
2850 5398 3188 5470 probantur
3213 5403 3508 5473 tanquam
3553 5416 3661 5462 au-

209 5483 379 5532 rum,
410 5469 634 5528 scilicet
653 5473 872 5530 coelum
894 5490 1274 5549 empyreum,
1293 5480 1460 5552 quod
1491 5485 1548 5538 et
1568 5484 1887 5555 paradisus
1995 5501 2131 5543 rum
2159 5485 2224 5545 in
2250 5485 2513 5546 fornace.
2554 5509 2584 5540 »

288 5594 339 5631 ‘0
371 5595 570 5653 Matth.
604 5614 657 5665 x,
689 5601 780 5658 13.
810 5601 855 5637 οι
886 5599 909 5656 Ι
945 5601 1077 5661 Cor.
1118 5619 1219 5677 vn,
1250 5607 1343 5666 14.
1367 5607 1415 5645 ⁶²
1445 5608 1490 5667 I.
1523 5608 1652 5670 Cor.
1689 5625 1772 5684 tu,
1809 5615 2005 5690 ll-i5.

286 5721 403 5795 (tl)
435 5722 701 5786 Actualis
733 5723 979 5788 scilicet.
