4468 6440
823 404 930 466 5ιὸ

2051 399 2533 460 PANTALEONII
2571 402 2860 461 DIMIONI
2900 403 3000 459 ΟΡ·

4138 403 4236 458 516

828 531 1046 588 Sancta
1069 544 1313 603 quoque
1367 529 1648 596 Macrina,
1696 542 1866 584 soror
1894 527 2054 584 beati
2081 527 2294 594 Basilii,
2326 544 2466 584 cum
2496 532 2688 600 Lper
2714 527 2960 584 beatum
2994 526 3373 599 Gregorium,
3403 525 3510 598 qui
3542 525 3828 596 Dialogus
3868 525 4103 590 dicitur,
4132 525 4240 581 fuit

825 623 983 674 esset
1005 617 1353 673 liberalibus
1382 616 1591 672 studiis
1618 615 1853 671 imbuta
1874 620 1931 671 et
1987 616 2208 686 Spiritu
2263 621 2472 672 sancto

825 705 1069 776 repleta,
1097 704 1248 760 inter
1277 704 1395 761 alia
1419 720 1557 776 qua
1577 703 1652 758 de
1693 703 1880 760 sacris
1927 702 2365 758 eruditionibus
2389 703 2474 758 di-

823 795 1104 850 vinarum
1116 793 1859 865 Scripturarumcxposuit,
1879 792 2102 862 deigne
2129 793 2474 862 purgatorio

826 883 967 944 talia
995 888 1207 941 testata
1255 888 1346 938 est
1386 883 1628 938 dicens:
1657 904 1682 931 κ
1728 883 1968 953 Oportet
2010 882 2277 939 animam
2299 881 2380 937 ad
2402 882 2473 936 si-

825 971 1224 1028 militudinem
1250 971 1352 1026 Dei
1382 970 1623 1036 factam,
1649 971 1729 1026 ad
1756 971 1953 1042 ipsum
1985 970 2175 1025 redire
2200 989 2212 1036 ;
2241 986 2364 1025 non
2385 986 2473 1025 re-

826 1061 914 1116 dit
937 1064 1139 1116 autem
1158 1059 1272 1115 nisi
1303 1065 1595 1130 purgata;
1624 1063 1916 1130 purgatur
1947 1074 2090 1114 vero
2113 1074 2219 1129 per
2247 1061 2474 1128 ignem,

825 1155 965 1221 post
983 1148 1141 1204 hanc
1181 1148 1367 1203 vitam
1390 1151 1691 1218 paratum.
1727 1169 1754 1197 »

895 1236 1058 1292 Istud
1087 1235 1492 1297 testimonium
1521 1236 1813 1307 reperitur
1865 1235 1927 1290 in
1981 1229 2331 1290 tractatibus
2375 1236 2480 1307 qui

822 1327 1105 1382 Macrina
1141 1325 1552 1380 nominantur.
1597 1323 1713 1379 Sed
1767 1323 1967 1379 forsan
2012 1324 2211 1378 dicent
2262 1324 2475 1379 nobis:

823 1414 941 1471 Nos
989 1413 1399 1470 testimonium
1431 1412 1751 1469 mulierum
1795 1427 1918 1467 non
1948 1413 2272 1469 credimus.
2297 1415 2435 1468 Esto
2463 1413 2475 1466 l

821 1501 1082 1558 Audiant
1109 1501 1288 1572 igitur
1316 1500 1559 1556 fratrem
1595 1499 1869 1570 ejusdem
1898 1499 2144 1568 virginis
2186 1515 2478 1570 magnum

823 1592 1130 1647 doctorem
1160 1589 1429 1644 Ecclesia
1449 1587 1696 1646 beatum
1737 1589 2088 1656 Gregorium
2115 1592 2476 1658 Nyssenum,

822 1696 982 1752 qua,
1019 1683 1075 1734 et
1101 1677 1308 1750 qualia
1339 1677 1398 1730 in
1431 1691 1734 1742 sermone,
1767 1676 1873 1747 qui
1899 1677 1960 1732 in
1984 1676 2180 1748 primo
2216 1676 2481 1733 Sabbato

822 1769 1357 1843 postPentecosten
1369 1764 1428 1820 in
1442 1765 2018 1822 commemoratione
2035 1763 2478 1828 defunctorum,

824 1857 1062 1927 legitur,
1116 1855 1191 1910 de
1264 1855 1403 1924 igne
1451 1853 1799 1924 purgatorio
1862 1851 2079 1910 referat
2117 1853 2478 1909 testimonia.

830 1947 977 2005 Dicit
1008 1945 1168 2001 enim
1221 1961 1292 1998 ;‹‹
1332 1942 1389 1996 Si
1440 1942 1777 1998 humanam
1819 1947 2097 1996 naturam
2148 1941 2482 2000 voluntarie

823 2037 996 2107 juxta
1014 2033 1184 2090 liberi
1201 2030 1431 2087 arbitrii
1453 2034 1687 2086 motum
1704 2027 1951 2102 quidem
1971 2029 2312 2086 indecenter
2328 2046 2482 2102 pra-

829 2123 1174 2196 cipitantem
1204 2135 1288 2188 se,
1315 2117 1600 2174 violenter
1621 2133 1692 2173 ac
1717 2123 1924 2173 coacte
1949 2117 2023 2173 ad
2083 2135 2263 2174 suum
2301 2118 2482 2177 bene-

829 2211 1116 2284 placitum
1138 2211 1576 2280 transponeret,
1603 2206 1666 2272 id
1696 2209 1802 2272 est,
1837 2205 1913 2261 ad
1937 2223 1999 2262 se
2020 2206 2278 2262 traheret
2306 2209 2480 2271 Deus,

826 2299 922 2356 vel
950 2298 1278 2363 induceret,
1308 2294 1531 2352 ablatio
1555 2298 1714 2350 esset
1748 2294 1878 2350 hac
1904 2294 2108 2367 utique
2134 2295 2481 2367 prahabita

826 2388 1109 2445 bonitatis
1134 2392 1190 2442 et
1239 2383 1674 2456 aquipollentis
1712 2383 1815 2438 Dei
1857 2382 2163 2454 dignitatis
2204 2384 2476 2454 privatio.

827 2475 1081 2549 Equale
1112 2474 1215 2529 Dei
1244 2477 1330 2529 est
1356 2471 1612 2527 liberum
1643 2471 1983 2528 arbitrium.
2021 2474 2091 2528 Ut
2114 2488 2256 2542 ergo
2291 2479 2348 2528 et
2374 2489 2479 2545 po-

2581 621 2969 672 sustentatus.
2999 637 3026 666 »
3044 615 3160 670 Sed
3187 620 3396 671 contra
3414 615 3629 670 beatus
3667 613 3912 670 Basilius
3943 616 4007 669 in
4027 613 4233 670 Ofﬁcio

2581 710 2978 770 mortuorum,
2993 705 3067 760 de
3080 705 3448 759 infructuosa
3461 703 3811 774 pauitantia
3823 703 4130 758 exsistenti
4139 720 4238 757 um

2583 794 2644 848 in
2665 794 2897 848 inferno
2921 794 3058 850 talia
3078 793 3326 848 fatetur:
3355 815 3382 841 ‹‹
3417 792 3569 857 Quid
3594 792 3851 847 turbaris
3874 792 4236 863 importune,

2584 899 2620 937 o
2647 883 2873 937 homo?
2896 898 3017 938 una
3041 883 3205 946 hora,
3240 887 3297 936 et
3326 882 3532 936 omnia
3561 885 3952 952 pratereunt:
3987 896 4111 934 non
4155 885 4241 934 est

2583 972 2644 1027 in
2673 971 2904 1026 inferno
2927 970 3271 1042 panitentia
3300 989 3313 1035 ;
3337 986 3447 1025 nec
3477 975 3566 1024 est
3585 969 3666 1024 ibi
3715 969 3975 1040 requies.
4001 969 4086 1022 Ibi
4113 983 4240 1023 ver.

2587 1062 2723 1130 mis,
2749 1062 2851 1132 qui
2876 1076 2996 1115 non
3025 1060 3265 1130 dormit,
3299 1059 3381 1114 ibi
3412 1065 3568 1113 terra
3613 1058 3877 1113 obscura
3905 1062 3962 1112 et
3990 1061 4113 1112 tota
4143 1073 4239 1112 ne-

2585 1150 2824 1205 bulosa.
2866 1171 2893 1199 ››

2661 1239 2806 1294 Item
2839 1238 3049 1292 beatus
3079 1236 3460 1301 Athanasius,
3484 1251 3624 1291 cum
3641 1238 4009 1306 quareretur
4026 1249 4062 1289 a
4079 1249 4240 1305 quo-

2588 1327 2752 1391 dam,
2775 1342 2914 1398 qua
2935 1332 3133 1380 essent
3149 1324 3250 1379 illa
3266 1329 3537 1395 peccata,
3559 1339 3696 1394 qua
3717 1338 3823 1394 per
3839 1322 4162 1388 orationes,
4187 1326 4242 1376 et

2590 1416 2708 1472 alia
2739 1415 3052 1481 beneﬁcia,
3081 1419 3139 1468 et
3162 1413 3453 1484 suffragia
3481 1412 3785 1467 diluentur
3811 1417 3950 1482 post
3969 1415 4246 1478 mortem,

2589 1503 2899 1575 respondit
2919 1503 2993 1557 de
3011 1503 3103 1556 his
3124 1519 3136 1555 :
3159 1524 3187 1552 ‹‹
3214 1503 3467 1570 Magnus
3509 1500 3832 1570 Dionysius
3865 1500 3948 1553 sic
3980 1498 4156 1552 dicit:
4193 1498 4248 1552 Si

2590 1593 2836 1665 quidem
2856 1591 3010 1646 levia
3028 1595 3084 1644 et
3101 1590 3346 1644 subtilia
3364 1590 3656 1644 exsistunt
3674 1594 3924 1658 peccata
3941 1587 4251 1641 defuncto-

2592 1697 2747 1744 rum,
2773 1679 3109 1751 percipiunt
3140 1678 3452 1733 utilitatem
3482 1678 3557 1732 de
3604 1675 3936 1741 beneﬁciis,
3977 1692 4108 1745 qua
4143 1690 4250 1746 pro

2591 1771 2675 1824 eis
2694 1769 2911 1824 fuerint
2933 1786 2945 1821 :
2968 1769 3018 1822 si
3037 1784 3176 1822 vero
3197 1766 3408 1834 gravia
3431 1765 3524 1820 vel
3547 1766 3745 1837 turpia
3765 1765 3987 1821 fuerint
4006 1769 4251 1835 peccata

2591 1859 2874 1924 hominis,
2908 1856 3202 1912 conclusit
3232 1859 3445 1910 contra
3473 1869 3635 1919 eum,
3658 1854 3753 1909 vel
3791 1853 4080 1909 adversus
4110 1867 4248 1907 eum

2592 1951 2768 2005 Deus.
2797 1950 3011 2003 Verum
3042 1950 3242 2001 tamen
3285 1948 3519 2016 oportet
3563 1959 3676 1998 nos
3699 1957 3909 1997 curam
3937 1956 4142 2009 gerere
4173 1941 4247 1996 de

2590 2037 2849 2109 prepriis
2864 2035 3208 2101 animabus,
3223 2039 3279 2089 et
3295 2047 3419 2088 non
3435 2047 3680 2103 sperare
3695 2037 3831 2102 post
3855 2037 4111 2086 mortem
4137 2045 4244 2100 per

2589 2125 2738 2182 alias
2751 2124 3087 2180 oblationes
3105 2121 3394 2193 consequi
3407 2120 3647 2176 veniam
3670 2119 4046 2174 delictorum.
4065 2142 4091 2167 »
4109 2121 4244 2174 Hac

2590 2219 2644 2270 et
2670 2215 2763 2270 his
2786 2213 3004 2268 similia
3031 2213 3092 2267 in
3121 2212 3261 2266 Vitis
3293 2214 3553 2275 Patrum,
3610 2213 3666 2263 et
3696 2208 3757 2264 in
3797 2208 4046 2277 Dialogo
4094 2207 4250 2263 beati

2590 2303 2871 2374 Gregorii,
2922 2318 3102 2373 quem
3156 2299 3423 2355 similiter
3475 2299 3790 2370 recipiunt,
3819 2297 3894 2352 de
3925 2297 4250 2352 animabus

2588 2394 3010 2450 defunctorum
3041 2390 3418 2461 reperiuntur
3439 2387 3824 2443 testimonia:
3857 2401 3994 2457 qua
4023 2401 4252 2458 purga-

2587 2484 2807 2540 torium
2846 2482 3046 2537 locum
3074 2484 3212 2552 post
3242 2484 3496 2534 mortem
3527 2493 3657 2532 esse
3701 2475 4065 2532 sufﬁcienter
4094 2474 4250 2532 indi-

827 2570 1011 2622 testas
1041 2567 1310 2620 maneret
1339 2568 1592 2629 natura,
1623 2565 1680 2616 et
1710 2561 1940 2616 malum
1963 2561 2322 2629 aboleretur,
2366 2562 2480 2618 hoc
2584 2597 2591 2626 ,

2584 2577 2742 2638 cant,
2770 2573 2878 2627 etsi
2925 2569 3146 2626 Paulus
3191 2568 3490 2624 tacuisset.
3517 2566 3703 2622 Graci
3735 2564 3923 2620 nostri
3951 2565 4248 2635 temporis

827 2654 1055 2712 invenit
1073 2653 1174 2708 Dei
1215 2651 1509 2723 sapientia
1537 2649 1873 2716 consilium,
1907 2649 2205 2706 dimittere
2263 2650 2484 2707 scilicet

826 2742 1139 2803 hominem
1166 2742 1228 2797 in
1257 2741 1370 2808 his,
1402 2740 1464 2795 in
1491 2739 1716 2811 quibus
1741 2739 1932 2795 voluit
1960 2755 2115 2806 esse,
2142 2746 2208 2795 ut
2232 2740 2481 2810 gustatis

828 2833 1024 2899 malis,
1057 2846 1194 2904 qua
1220 2833 1504 2902 operatus
1520 2833 1628 2897 est,
1651 2844 1861 2883 rursus
1893 2829 2099 2884 redeat
2127 2845 2234 2901 per
2254 2829 2484 2885 deside-

825 2924 980 2980 rium
1012 2919 1417 2976 voluntarium
1445 2917 1523 2973 ad
1543 2917 1858 2989 pristinam
1877 2917 2328 2988 beatitudinem,
2361 2935 2487 2974 om-

829 3026 1026 3086 neque
1048 3010 1330 3065 vitiosum
1356 3012 1414 3062 et
1458 3005 1864 3061 irrationabile
1889 3006 2204 3079 quoddam
2244 3006 2488 3078 pondus

2587 2668 2959 2719 terrenarum
2983 2674 3183 2714 rerum
3209 2656 3628 2720 sollicitudine,
3690 2669 3816 2709 non
3847 2659 3975 2709 tam
4013 2669 4124 2724 pro
4170 2669 4254 2717 se,

2588 2769 2778 2825 quam
2810 2746 3223 2820 prouxoribus
3263 2746 3386 2800 suis
3407 2752 3463 2801 et
3483 2743 3621 2799 ﬁliis
3636 2743 4158 2815 occupati,tenent
4188 2743 4256 2797 li-

2591 2844 2731 2898 bros
2765 2839 3048 2912 pulchros
3064 2836 3312 2910 quidem
3345 2840 3401 2890 et
3426 2850 3621 2901 veros,
3646 2834 3761 2888 nisi
3788 2848 3944 2903 quos
3973 2847 4256 2903 corrupe-

2592 2936 2751 2998 runt,
2801 2928 3059 2997 clausos,
3086 2925 3238 2997 quin
3272 2928 3327 2979 et
3357 2923 3471 2978 sibi
3517 2923 3757 2994 penitus
3787 2923 4059 2991 ignotos;
4097 2920 4260 2974 unde

2594 3021 2770 3077 nobis
2799 3018 3132 3083 veritatem,
3165 3030 3354 3087 quam
3377 3017 3599 3081 tenent,
3626 3017 3682 3067 et
3715 3012 4013 3081 ignorant,
4045 3009 4260 3082 pradi-

826 3106 1220 3174 postponens,
1245 3101 1301 3152 et
1334 3111 1654 3151 removens
1685 3111 1722 3150 a
1751 3101 1988 3165 natura,
2048 3095 2172 3150 sive
2202 3095 2486 3168 prasenti
2517 3118 2557 3169 ο

2517 3118 2557 3169 C
2598 3109 2897 3175 cantibus,
2912 3106 3090 3179 quasi
3102 3104 3359 3162 falsariis
3373 3104 3836 3175 Scripturarum,
3853 3106 4078 3157 etnova
4089 3101 4260 3156 inau-

827 3192 947 3247 vita
971 3205 1079 3262 per
1118 3187 1420 3243 orationes
1464 3190 1521 3241 et
1565 3185 2014 3241 observantiam
2057 3187 2486 3242 mandatorum

828 3278 1173 3352 expleatur:
1207 3275 1303 3331 vel
1327 3279 1462 3348 post
1507 3275 1665 3330 hanc
1689 3274 1870 3330 vitam
1921 3275 2163 3347 penitus
2217 3291 2323 3347 per
2350 3289 2488 3348 pur-

831 3366 1049 3440 gatorii
1075 3365 1229 3436 ignis
1254 3363 1682 3420 conflationem
1709 3369 2030 3434 purgetur.
2072 3385 2101 3413 η

904 3461 1049 3513 Item
1095 3455 1310 3511 beatus
1369 3452 1639 3516 Basﬂius,
1707 3452 2099 3509 introducens
2158 3468 2489 3525 personam

831 3545 1097 3603 defuncti
1136 3544 1484 3616 loquentem
1541 3542 1602 3597 in
1650 3540 1857 3612 Ofﬁcio
1914 3546 2294 3598 mortuorum
2348 3541 2490 3597 talia

833 3636 1012 3692 dicit:
1047 3635 1312 3701 «Imago
1339 3647 1474 3686 sum
1512 3629 1830 3686 ineﬂ‘abilis
1877 3630 2079 3700 gloria
2127 3637 2260 3686 tua.
2315 3633 2381 3686 Et
2439 3630 2489 3684 si

835 3727 1120 3795 stigmata
1134 3722 1227 3778 vel
1243 3720 1599 3793 punctiones
1617 3725 1792 3791 porto
1809 3720 2185 3790 delictorum,
2210 3720 2489 3774 miserere

834 3821 953 3871 tua
984 3809 1424 3886 plasmationis,
1456 3809 1721 3876 Domine,
1768 3813 1824 3864 et
1874 3825 2071 3881 purga
2118 3826 2224 3881 per
2262 3810 2492 3864 viscera

834 3901 1260 3960 misericordia
1283 3905 1428 3956 tua:
1455 3904 1513 3953 et
1562 3898 2024 3954 desiderabilem
2073 3899 2490 3971 panitentiam

835 3993 1100 4052 concede
1121 3991 1288 4058 mihi,
1311 3989 1582 4062 paradisi
1602 3989 1795 4044 civem
1820 4005 2030 4044 rursus
2062 3989 2287 4044 faciens
2314 4005 2430 4044 me.
2460 4011 2488 4037 »

877 4088 1024 4140 Item
1037 4085 1468 4148 Damascenus,
1483 4079 1543 4133 in
1563 4094 1842 4134 sermone
1864 4084 2263 4145 mortuorum,
2281 4079 2490 4134 volens

835 4173 1093 4247 probare
1110 4169 1275 4242 quod
1296 4169 1720 4240 eleemosyna,
1758 4172 1814 4223 et
1829 4169 2154 4235 orationes,
2183 4173 2239 4224 et
2255 4168 2372 4224 alia
2389 4168 2492 4224 be-

834 4262 1052 4320 neficia
1072 4259 1344 4316 Ecclesia
1362 4257 1595 4330 prosint
1610 4256 1930 4320 defunctis,
1949 4257 2293 4321 introducit,
2323 4257 2493 4313 verbi

835 4351 1047 4424 gratia,
1067 4347 1433 4420 exemplum,
1452 4347 1619 4419 quod
1636 4346 1696 4401 in
1712 4346 1852 4401 Vitis
1870 4350 2109 4402 Patrum
2128 4347 2203 4401 de
2221 4346 2491 4418 quodam

835 4440 1134 4513 discipulo
1164 4437 1483 4509 cujusdam
1506 4436 1692 4492 Patris
1739 4435 1972 4507 legitur,
1998 4441 2055 4491 et
2083 4436 2226 4491 dicit
2251 4454 2263 4490 :
2291 4459 2317 4486 «
2343 4438 2492 4491 Cum

834 4535 1038 4587 autem
1064 4527 1382 4583 defunctus
1402 4529 1560 4581 esset
1575 4524 1908 4596 discipulus
1932 4525 2084 4595 ejus,
2119 4525 2266 4579 scire
2289 4524 2494 4580 volens

836 4634 1035 4689 senex,
1062 4634 1195 4690 qua
1218 4622 1275 4672 et
1303 4614 1507 4687 qualia
1529 4614 1843 4669 meruisset
1869 4614 1930 4668 in
1979 4614 2100 4668 vita
2127 4630 2236 4669 sua
2258 4613 2494 4684 juvenis

833 4707 1132 4778 ille,capit
1143 4720 1318 4762 aures
1333 4703 1566 4760 Domini
1579 4704 1919 4759 orationum
1935 4702 2218 4758 instantia
2230 4703 2491 4775 pulsare.

838 4800 1106 4870 Cumque
1153 4795 1265 4850 ista
1314 4809 1420 4865 per
1458 4791 1663 4864 aliqua
1718 4791 2007 4846 horarum
2045 4791 2239 4862 spatia
2263 4791 2494 4860 ﬁerent,

835 4889 984 4944 vidit
1013 4901 1194 4942 senex
1217 4883 1570 4956 pradictum
1589 4883 1874 4952 juvenem
1902 4881 1962 4935 in
1989 4880 2176 4936 ﬂuvio
2200 4881 2379 4950 igneo
2401 4898 2499 4938 us-

836 4995 955 5052 que
971 4975 1047 5034 ad
1065 4974 1271 5046 gulam
1292 4974 1642 5029 demersum
1656 5015 1668 5027 .
1693 4974 1842 5028 Cum
1857 4987 1998 5026 vero
2011 4971 2266 5028 orationi
2283 4971 2498 5027 anxius

837 5068 1234 5134 incumberet,
1249 5062 1556 5136 prospexit
1567 5060 1852 5118 eumdem
1866 5076 2061 5133 usque
2073 5061 2152 5116 ad
2164 5060 2494 5130 cingulum.

841 5159 1058 5215 Ultimo
1077 5159 1281 5212 autem
1309 5153 1597 5210 orationis
1623 5150 1919 5207 beneﬁcio
1939 5166 2011 5206 ex
2036 5154 2162 5206 toto
2177 5149 2498 5206 liberatum

836 5247 1093 5320 aspexit.
1128 5266 1157 5295 »

912 5337 1028 5395 Sed
1052 5335 1256 5391 dicent
1282 5332 1487 5388 forsan
1529 5330 1744 5387 Graci:
1773 5352 1800 5379 «
1834 5333 2040 5399 Ignem
2089 5329 2270 5385 istum
2309 5328 2499 5384 credi-

835 5445 974 5485 mus
991 5428 1194 5499 ignem
1216 5422 1590 5488 infernalem,
1611 5437 1648 5477 a
1665 5435 1790 5493 quo
1808 5420 1990 5475 etiam
2008 5419 2262 5491 quidam
2282 5420 2499 5475 virtute

837 5515 1128 5576 orationis
1157 5513 1507 5577 liberantur,
1541 5515 1606 5566 ut
1662 5510 1954 5581 Trajanus
1991 5509 2342 5581 imperator,
2394 5507 2500 5580 qui

783 5754 800 5771 .
907 5718 960 5794 P'
987 5720 1010 5773 I
1039 5717 1173 5774 Cor.
1207 5731 1289 5785 iu,
1329 5718 1414 5771 ll.

2597 3200 2725 3255 dita
2741 3193 3288 3267 dogmatizantibus
3312 3191 3723 3248 contradicere
3746 3207 3869 3248 non
3888 3195 4183 3246 verentur.

2669 3283 2779 3343 Alii
2808 3301 2946 3342 vero
2971 3282 3236 3340 obducto
3263 3281 3590 3354 supercilio
3620 3280 3881 3350 grandia
3927 3279 4110 3336 verba
4138 3285 4260 3333 tru-

2599 3378 2880 3443 tinantes,
2921 3375 3336 3430 auctoritatem
3383 3369 3651 3442 Apostoli
3700 3369 3780 3425 ad
3806 3368 4140 3424 Corinthios
4166 3382 4260 3423 re-

2599 3470 2995 3538 pugnantem,
3041 3478 3150 3535 pro
3205 3477 3266 3516 se
3324 3475 3626 3532 exponere
3673 3463 3992 3515 conantur.
4049 3457 4265 3513 Dicunt

2600 3557 2761 3611 enim
2789 3571 2801 3609 :
2832 3554 3322 3608 Fundamentum
3369 3549 3544 3606 aliud
3576 3564 3747 3604 nemo
3803 3562 4025 3616 ponere
4062 3551 4263 3615 potest

2598 3650 2820 3715 praeter
2844 3642 3101 3714 id,quod
3129 3642 3383 3710 positum
3417 3644 3523 3704 est,
3555 3638 3715 3708 quod
3747 3643 3830 3694 est
3865 3637 4136 3693 Christus
4166 3637 4262 3692 ,Ιο-

2600 3751 2698 3790 sus
2722 3735 2788 3788 ⁵³.
2811 3733 3298 3787 Fundamentum
3313 3744 3527 3796 unum,
3553 3727 3838 3796 sicutjam
3867 3725 4150 3792 diximus,
4173 3728 4266 3779 est

2600 3825 2694 3880 ille
2720 3824 2873 3895 lapis
2902 3821 3211 3891 angularis
3238 3819 3532 3886 Christus,
3564 3832 3748 3888 super
3775 3833 3960 3889 quem
3984 3815 4263 3870 aediﬁcati

2603 3919 2743 3969 sunt
2771 3911 3027 3984 apostoli
3058 3916 3114 3964 et
3133 3909 3461 3982 propheta,
3487 3912 3543 3962 et
3564 3907 3668 3978 qui
3698 3922 3807 3978 pro
3853 3912 4121 3977 tempore
4138 3904 4265 3959 fue-

2602 4003 2741 4057 runt
2755 4005 2951 4057 Patres
2969 4001 3221 4072 Spiritus
3237 3999 3338 4053 Dei
3355 3998 3536 4070 pleni.
3555 4004 3786 4052 Aurum
3799 4012 3962 4063 vero,
3978 4001 4035 4052 et
4051 4011 4267 4064 argen-

2603 4097 2757 4156 tum,
2779 4097 2835 4146 et
2859 4090 3094 4162 lapides
3126 4087 3373 4160 pretiosi
3405 4093 3542 4143 sunt
3563 4086 3913 4156 evangelica
3939 4093 4264 4157 pracepta,

2605 4187 2662 4237 et
2673 4181 2922 4236 altitudo
2935 4179 3280 4234 divinorum
3293 4179 3672 4247 dogmatum,
3705 4182 3914 4232 contra
3925 4191 4061 4247 qua
4075 4180 4267 4247 porta

2607 4270 2778 4327 inferi
2803 4285 2926 4325 non
2957 4272 3212 4340 possunt
3248 4265 3598 4339 praevalere.
3650 4265 3853 4322 Conati
3883 4270 4023 4320 sunt
4048 4263 4270 4320 nihilo-

2609 4361 2809 4415 minus
2823 4374 3004 4429 super
3015 4357 3158 4412 illud
3173 4356 3642 4411 fundamentum
3653 4353 3986 4422 immobile,
4013 4353 4272 4409 malitio-

2525 4425 2566 4477 D
2608 4449 2656 4504 si
2687 4442 4051 4510 sectatores,haresiarchadico,adulterantes
4064 4446 4123 4497 et
4142 4457 4277 4495 cor-

2602 4541 2951 4609 rumpentes
2987 4549 3331 4590 sermonem
3362 4533 3644 4601 veritatis,
3704 4531 4042 4596 adiﬁcare;
4088 4530 4152 4585 id
4180 4535 4275 4586 est

2583 4643 2852 4692 ,omnem
2875 4625 3190 4680 materiam
3218 4638 3422 4694 prava
3453 4622 3742 4678 doctrina
3775 4621 4273 4693 superinducere,

2606 4721 2912 4790 putantes,
2932 4713 3088 4769 utita
3101 4713 3400 4780 dicamus,
3422 4711 3483 4767 in
3505 4711 3620 4766 hoc
3644 4726 3706 4765 se
3723 4710 4088 4782 obsequium
4117 4725 4275 4780 pra-

2607 4813 2762 4862 stare
2791 4809 2929 4860 Deo.
2961 4803 3073 4858 Sed
3097 4801 3291 4857 veniet
3332 4800 3636 4855 secundus
3667 4800 3903 4856 Domini
3945 4800 4272 4867 adventus,

2610 4897 2736 4951 sive
2757 4893 3075 4966 apparitio,
3131 4897 3188 4945 et
3237 4889 3468 4945 inutilia
3513 4889 3801 4960 quadam
3849 4888 4274 4944 adiﬁcationis

2607 5002 2793 5059 opera
2804 4989 3154 5040 caterorum
3170 4981 3486 5036 doctorum
3504 4995 3638 5035 cum
3673 4979 4031 5034 detrimento
4049 4994 4276 5034 consu-

2609 5080 2866 5139 mentur,
2899 5073 3026 5127 sive
3087 5069 3549 5133 comburentur;
3590 5069 3703 5140 ipsi
3759 5073 3962 5124 autem
3995 5069 4082 5123 sic
4115 5068 4276 5124 salvi

2608 5169 2800 5232 erunt,
2825 5161 3000 5234 quasi
3029 5176 3135 5232 per
3156 5160 3382 5228 ignem,
3429 5156 3976 5226 inexstinguibilem
4027 5156 4276 5212 scilicet.

2609 5254 2948 5312 Salvabitur
2985 5265 3129 5319 ergo
3186 5249 3342 5318 talis,
3400 5248 3740 5315 sanabitur,
3801 5248 4141 5303 servabitur
4167 5264 4283 5320 per

2607 5345 2811 5416 ignem
2833 5342 2988 5398 sicut
3005 5340 3279 5403 adamas,
3302 5338 3408 5410 qui
3426 5353 3741 5409 nunquam
3763 5338 4139 5393 consumitur
4169 5353 4286 5409 per

2608 5435 2831 5504 ignem.
2865 5431 2957 5487 Sic
2987 5433 3045 5485 et
3069 5427 3186 5500 ipsi
3216 5425 3478 5481 haretici
3525 5431 3584 5480 et
3618 5425 3907 5481 malitiosi
3952 5430 4288 5481 sectatores

2607 5523 3023 5590 salvabuntur,
3041 5534 3164 5576 non
3185 5517 3266 5574 ad
3285 5515 3694 5590 purgandum,
3739 5516 3846 5572 sed
3867 5515 3948 5574 ad
3977 5516 4290 5573 cruciatus
