4468 6440
244 417 362 470 517

1670 407 1950 479 conm
1987 421 2281 484 sucos

3561 446 3668 503 518

240 543 500 594 εθιθηιοδ
526 538 929 608 sustinendos,
959 541 1094 598 Haec
1134 546 1242 611 est,
1285 542 1586 616 inquiunt,
1607 546 1898 618 expositio
1930 551 1975 604 Α
2008 548 2228 619 Incipit
2261 555 2440 610 tertia
2487 554 2812 615 distinctio.
2855 560 2943 616 De
2985 571 3362 621 sacramento
3403 569 3649 626 auaris.

241 641 407 694 vera,
440 633 494 683 et
524 628 622 683 hic
651 645 866 684 sensus
898 637 1233 687 auctorum.
1678 696 1681 698 η

313 716 408 770 Ad
431 718 620 787 quod,
645 716 781 773 licet
817 722 1091 790 superius
1130 721 1273 776 satis
1318 722 1781 780 determinatum
1802 725 1894 791 sit,

242 805 278 858 d
291 805 563 876 upliciter
583 807 1042 877 respondemus.
1067 810 1282 875 Primo,
1302 828 1406 882 per
1420 813 1694 868 virtutem
1708 815 1893 880 verbi,

243 893 412 964 quod
452 894 686 964 dicitur,
726 897 1097 952 satvabztur.
1133 899 1294 954 Istud
1329 916 1594 972 namque
1646 903 1891 958 verbum

247 983 423 1047 σώζω,
452 982 620 1055 quod
651 984 856 1040 Latine
887 985 1208 1057 redditum,
1234 995 1428 1056 sonat,
1452 992 1633 1059 solvo,
1658 992 1736 1046 ita
1765 1009 1895 1063 pro-

241 1071 372 1141 prie
423 1071 721 1139 signiﬁcat
771 1073 1045 1144 salutem,
1098 1075 1160 1130 id
1217 1083 1321 1138 est,
1360 1077 1776 1136 liberationem
1816 1083 1895 1138 ab

224 1159 410 1213 omni
427 1159 732 1215 molestia:
759 1161 922 1232 quod
935 1169 1692 1234 nunquam,etmaximein
1716 1185 1896 1240 paena

235 1249 777 1305 conservationem.
812 1253 875 1305 Et
918 1267 1056 1306 cum
1103 1254 1634 1312 abundantissime
1674 1265 1731 1313 et
1785 1276 1895 1315 co-

235 1336 590 1407 piosissima
614 1340 862 1396 exsistat
889 1341 1097 1411 lingua
1126 1346 1350 1411 Graeca,
1384 1346 1462 1400 ita
1491 1349 1892 1419 appropriataa

233 1431 377 1481 sunt
416 1426 741 1483 verborum
767 1429 1234 1499 signiﬁcationes
1267 1435 1388 1489 suis
1421 1438 1687 1491 terminis
1714 1441 1893 1509 :quia

229 1529 573 1585 nunquam,
598 1519 1038 1586 autrarissime,
1069 1523 1367 1593 praecipue
1394 1525 1451 1578 in
1475 1541 1646 1580 sacra
1671 1529 1891 1597 pagina

231 1603 479 1672 ponitur
509 1619 700 1660 unum
722 1620 831 1676 pro
846 1608 1098 1680 reliquo.
1125 1611 1289 1666 Unde
1319 1613 1488 1668 aliter
1506 1614 1888 1686 deﬁnierunt,

229 1692 553 1760 custodire,
579 1692 749 1749 aliter
767 1711 1138 1764 conservare,
1163 1699 1329 1754 aliter
1353 1717 1590 1758 sanare.
1632 1706 1890 1761 Primum

2077 638 2241 694 Dicto
2268 642 2541 713 superius
2569 644 2644 699 de
2703 649 3080 716 processione
3131 652 3379 722 Spiritus
3445 658 3656 724 sancti,

2005 738 2191 793 quam
2234 731 2416 785 Graeci
2443 739 2665 799 negant
2685 739 2740 789 et
2767 735 2842 790 de
2865 737 3170 806 paradiso,
3194 745 3252 794 et
3274 741 3527 812 inferno,
3559 761 3670 802 nec

2005 829 2126 868 non
2159 822 2214 870 et
2255 817 2331 872 de
2371 822 2736 890 purgatorio,
2783 822 2856 877 de
2907 825 3130 895 quibus
3188 828 3453 886 similiter
3513 834 3669 889 male

2006 906 2293 959 sentiunt:
2331 921 2491 961 nunc
2546 908 2620 963 de
2660 919 3037 968 sacramento
3084 915 3406 986 charitatis,
3464 920 3525 975 id
3581 938 3671 990 est

2007 991 2412 1058 Eucharistiaa,
2435 1003 2871 1068 consequenter
2895 1000 3230 1058 videamus.
3261 1007 3475 1061 Verum
3522 1010 3669 1081 quia

2004 1079 2303 1149 quasdam
2335 1080 2576 1138 frivolas
2596 1084 2859 1140 rationes
2887 1087 3158 1144 videntur
3183 1079 3563 1162 praetendere
3602 1099 3666 1152 in

2006 1180 2181 1220 suam
2206 1165 2616 1224 defensionem
2664 1172 2756 1226 sui
2799 1176 3039 1240 erroris,
3098 1177 3198 1233 illa
3244 1184 3668 1252 postponenda

2004 1261 2165 1323 sunt,
2192 1271 2329 1327 quae
2359 1259 2474 1313 sub
2502 1266 2793 1330 printextu
2822 1264 3057 1333 pietatis
3091 1282 3289 1322 errore
3318 1269 3668 1340 hujusmodi

2002 1345 2290 1413 nutriunt,
2323 1352 2388 1401 ut
2407 1362 2529 1402 non
2555 1348 2753 1404 solum
2782 1350 2922 1406 visis
2953 1354 3285 1410 rationibus
3324 1365 3380 1413 et
3409 1363 3666 1417 auctori-

2001 1433 2240 1500 tatibus,
2273 1437 2704 1506 reprobentur:
2736 1454 2943 1496 verum
2976 1443 3156 1511 unde,
3201 1451 3258 1500 et
3295 1463 3331 1502 a
3381 1464 3505 1520 quo
3556 1451 3668 1506 ha-

1999 1520 2259 1577 buerunt
2312 1525 2603 1593 originem
2658 1526 3054 1600 declaremus,
3110 1539 3173 1587 ut
3236 1550 3372 1590 cum
3435 1538 3667 1610 absque

1959 1685 1964 1693 Ι
1999 1609 2215 1667 robore
2244 1611 2562 1681 ﬁrmitatis,
2593 1615 2756 1671 velut
2809 1619 3030 1673 domus
3063 1620 3189 1677 sine
3245 1609 3663 1695 fundamento,

2001 1702 2406 1770 apparuerint,
2425 1703 2506 1757 ad
2525 1704 2832 1761 modicum
2855 1707 3182 1778 impulsum
3210 1711 3504 1783 ﬁdelium,
3539 1731 3666 1771 om-

227 1795 500 1852 namque
533 1782 741 1837 dicunt
761 1784 1031 1856 φυλάσσω,
1068 1789 1405 1845 secundum
1439 1800 1606 1863 τηρῶ,
1649 1796 1889 1852 tertium
1921 1810 1964 1862 Β
2002 1789 2095 1842 nis
2132 1804 2342 1844 eorum
2379 1797 2674 1848 structura
2715 1796 3021 1866 nequities,
3064 1800 3254 1854 ruina:
3298 1809 3664 1874 exponatur.

234 1871 412 1934 σώζω,
445 1870 614 1940 quod
635 1870 913 1941 salutem,
944 1874 1005 1928 id
1036 1881 1143 1942 est,
1176 1876 1592 1935 liberationem
1616 1881 1694 1936 ab
1723 1886 1891 1940 omni

232 1956 650 2026 incommodo,
679 1960 848 2030 quod
873 1968 960 2018 est
982 1963 1340 2021 electorum:
1381 1983 1502 2037 quo
1534 1969 1714 2025 verbo
1749 1988 1891 2028 usus

235 2049 329 2099 est
349 2046 672 2118 Apostolus
693 2048 754 2102 in
785 2052 1099 2120 praemissa
1117 2055 1487 2122 auctoritate,
1509 2056 1890 2116 deﬁnierunt.

236 2134 333 2188 Sic
380 2135 555 2200 σώζω,
610 2135 771 2192 unde
805 2145 1042 2210 σωτηρία
1090 2141 1274 2207 salus,
1316 2149 1373 2198 et
1421 2150 1616 2219 σωτὴρ,
1669 2147 1731 2202 id
1781 2155 1889 2216 est,

234 2219 527 2276 Salvator.
553 2223 716 2280 Unde
735 2224 847 2282 iste
862 2229 1164 2298 expositor
1181 2232 1507 2301 prinmissas
1527 2236 1893 2292 auctoritatis

231 2310 504 2380 Apostoli
533 2317 636 2367 aut
673 2314 952 2370 virtutem
1007 2317 1334 2375 verborum
1385 2322 1681 2391 ignoravit
1712 2341 1725 2378 :
1765 2329 1889 2392 aut,

231 2399 402 2470 quod
440 2401 639 2471 magis
669 2405 1157 2474 praesumendum
1179 2415 1285 2475 est,
1317 2411 1513 2467 sciens
1542 2419 1597 2467 et
1629 2413 1892 2484 prudens

234 2488 550 2548 veritatem
578 2489 718 2546 ﬁdei
749 2492 1045 2551 malitiose
1075 2496 1412 2556 abscondit.

303 2669 584 2734 Secundo
626 2674 1092 2745 respondemus,
1137 2679 1304 2750 quod
1339 2683 1685 2754 praepositio
1724 2685 1888 2740 verbi

228 2756 442 2828 hujus,
455 2773 585 2829 per,
600 2762 858 2818 sumitur
870 2770 975 2820 aut
987 2768 1892 2836 cansative,autinstruementa-

227 2846 381 2903 liter.
412 2849 783 2924 Quocunque
815 2851 1067 2913 istorum
1083 2856 1406 2916 modorum
1428 2868 1719 2931 sumatur,
1737 2878 1889 2918 nus-

229 2953 420 3008 quam
448 2937 703 2996 adamas
723 2940 993 2999 salvatur
1012 2947 1345 3003 secundum
1363 2964 1468 3004 eos
1511 2966 1616 3022 per
1636 2952 1835 3021 ignem
1872 2970 1886 3018 ;

229 3025 381 3096 quia
403 3041 530 3082 nou
555 3027 740 3087 habet
769 3029 884 3086 hoc
917 3031 996 3088 ab
1022 3033 1180 3104 igne,
1211 3041 1274 3092 ut
1316 3047 1700 3097 conservetur
1738 3042 1890 3114 lapis

2072 1882 2243 1932 Anno
2277 1877 2478 1949 itaque
2509 1879 2588 1936 ab
2617 1881 3025 1939 incarnatione
3066 1888 3300 1943 Domini
3346 1891 3665 1962 millesimo

2000 1964 2504 2037 quinquagesimo
2537 1970 2727 2036 tertio,
2747 1976 3013 2044 tempore
3047 1976 3255 2031 Leonis
3275 1993 3451 2050 papae
3497 1984 3662 2050 noni,

2000 2051 2109 2106 fuit
2129 2053 2378 2124 quidam
2410 2055 2752 2126 patriarcha
2771 2059 2831 2113 in
2865 2060 3010 2115 urbe
3039 2063 3205 2131 regia
3248 2067 3665 2127 Constantino-

2001 2141 2142 2213 poli,
2185 2143 2431 2198 nomine
2469 2145 2714 2201 Michael
2731 2148 3081 2205 Circularios
3125 2149 3527 2230 [Cerularius.]
3561 2159 3666 2214 Hic

2001 2231 2049 2284 si
2076 2231 2322 2302 quidem
2345 2239 2580 2288 secutus
2602 2250 2707 2305 per
2722 2237 2928 2293 omnia
2952 2239 3457 2309 praedecessorem
3485 2263 3665 2305 suum

2004 2319 2275 2375 Photium
2319 2321 2744 2392 patriarcham,
2778 2325 2882 2397 qui
2914 2327 3080 2398 prius
3114 2331 3442 2401 superbam
3477 2337 3664 2392 cervi-

2001 2423 2132 2464 cem
2154 2425 2331 2465 suam
2361 2417 2570 2466 contra
2596 2428 2907 2470 summum
2937 2418 3283 2488 pontiﬁcem
3311 2423 3537 2492 erigere
3573 2431 3663 2482 at-

2001 2499 2267 2566 tentavit,
2290 2499 2454 2555 nisus
2476 2508 2565 2557 est
2592 2508 2891 2574 quantum
2917 2507 3128 2577 potuit,
3153 2510 3264 2564 etsi
3291 2526 3416 2566 non
3462 2529 3663 2585 quan-

2000 2594 2128 2644 tum
2139 2587 2322 2656 licuit,
2341 2590 2598 2657 Latinos,
2612 2607 2719 2663 qni
2731 2593 2794 2647 in
2806 2595 3020 2650 eadem
3032 2597 3181 2653 urbe
3196 2602 3334 2654 tunc
3376 2605 3662 2674 temporis

1999 2677 2112 2736 sub
2137 2678 2498 2750 imperatore
2529 2682 2731 2736 Graeco
2760 2682 3080 2754 degebant,
3112 2686 3192 2742 ad
3217 2690 3557 2748 Grecorum
3582 2694 3662 2750 ri-

2002 2771 2118 2831 tus,
2151 2772 2209 2822 et
2240 2768 2543 2854 principiis
2573 2771 2652 2825 ad
2678 2772 3149 2830 sacriﬁcandum
3176 2776 3237 2831 in
3279 2777 3662 2854 fermentata,

2002 2785 2118 2831 ius,
2151 2785 2209 2822 et
2240 2785 2543 2912 pris-cliuo
2573 2785 2652 2825 aa
2678 2785 3149 2830 sacriﬁcandum
3176 2792 3237 2831 in
3279 2785 3662 2854 fermentata,

1996 2856 2244 2912 tandem
2267 2872 2376 2928 per
2400 2873 2430 2912 c
2471 2873 2722 2915 usuram
2739 2861 3207 2921 ecclesiasticam
3235 2866 3506 2925 invitare.
3545 2872 3662 2929 Sed

1998 2946 2145 3017 quia
2169 2951 2404 3001 tantum
2429 2949 2599 3004 nefas
2645 2948 2751 3004 diu
2794 2952 3130 3010 Romanam
3190 2957 3423 3013 curiam
3475 2959 3660 3018 latere

2002 3050 2126 3090 non
2147 3036 2355 3106 potuit,
2387 3036 2558 3092 missi
2589 3043 2728 3094 sunt
2753 3054 2790 3094 a
2811 3041 3091 3111 pontiﬁce
3115 3059 3356 3101 summo
3376 3046 3553 3118 legati
3580 3051 3660 3106 ad

227 3112 480 3183 illaesus,
495 3114 606 3171 sed
625 3117 826 3188 potius
845 3134 884 3174 a
901 3128 1120 3178 natura
1133 3123 1327 3180 taliter
1343 3126 1457 3182 sibi
1482 3144 1518 3183 a
1540 3130 1655 3186 Deo
1689 3112 1890 3204 insi—ta,
1924 3131 1964 3185 C
2002 3123 2353 3196 praedictam
2369 3126 2690 3193 civitatem,
2719 3129 2823 3199 qui
2841 3129 2944 3200 huj
2957 3133 3192 3188 usmodi
3207 3112 3532 3194 furentium
3546 3139 3658 3196 im-

229 3208 296 3259 ut
322 3203 548 3260 scilicet
574 3204 654 3261 ab
678 3205 974 3265 elemento
1003 3211 1160 3281 ignis
1185 3227 1308 3270 non
1347 3219 1536 3287 possit
1564 3223 1888 3293 corrumpi.

227 3292 508 3350 Similiter
541 3300 597 3349 et
613 3295 800 3353 homo
826 3302 1230 3372 corruptibilis
1268 3320 1408 3361 cum
1440 3307 1534 3373 sit,
1554 3324 1676 3364 non
1707 3292 1892 3366 habe-

227 3382 317 3437 bit
346 3382 463 3438 hoc
489 3383 568 3439 ab
597 3385 736 3454 igne
771 3387 894 3443 sive
937 3392 1130 3458 gratia
1173 3393 1350 3463 ignis,
1405 3402 1466 3452 ut
1502 3397 1563 3453 in
1599 3404 1891 3458 aeternum

229 3472 359 3526 sive
414 3473 624 3528 vivens
667 3475 728 3531 in
768 3477 907 3547 igne
933 3480 1264 3552 crucietur;
1297 3487 1402 3540 sed
1455 3490 1572 3544 Deo
1615 3491 1889 3560 jubente,

229 3576 421 3634 supra
448 3568 731 3621 naturam
749 3565 829 3622 ad
855 3568 1083 3626 malum
1111 3588 1309 3644 suum,
1339 3575 1454 3630 tale
1470 3577 1617 3649 quid
1644 3588 1779 3651 post
1797 3597 1888 3636 re-

225 3651 664 3710 surrectionem
690 3655 952 3728 recipiet,
984 3663 1047 3714 ut
1077 3659 1150 3716 sit
1199 3661 1260 3716 in
1305 3669 1596 3722 aeternum
1654 3669 1887 3739 vivens,

224 3739 355 3794 sine
378 3738 498 3795 ﬁne
524 3757 632 3812 per
658 3743 883 3813 ignem,
915 3751 971 3802 et
1007 3747 1069 3802 in
1099 3749 1258 3820 igne,
1292 3767 1414 3808 non
1437 3754 1568 3825 jam
1608 3738 1887 3827 salvetur,

223 3827 289 3883 id
319 3833 434 3898 est,
464 3837 846 3890 conservetur
871 3837 1208 3894 secundum
1234 3842 1494 3913 Graecos,
1537 3846 1642 3901 sed
1691 3849 1889 3919 potius

228 3917 548 3974 crucietur.
576 3921 806 3979 Salvari
847 3938 991 3995 ergo
1018 3926 1332 3988 hominem
1375 3931 1653 3998 dicimus,
1687 3917 1825 3994 cum
1853 3955 1890 3995 a

224 4014 619 4078 peccatorum
656 4012 975 4070 venialium
1005 4017 1281 4082 maculis,
1311 4022 1611 4080 mediante
1628 4025 1730 4081 illo
1751 4028 1889 4098 igne

225 4099 550 4170 temporali
569 4106 627 4158 et
654 4107 1021 4175 purgatorio,
1043 4108 1431 4169 liberabitur:
1457 4121 1523 4170 ut
1560 4117 1642 4171 sic
1680 4119 1887 4174 videli-

223 4191 318 4275 cet
345 4187 555 4244 anima
573 4197 853 4261 purgata,
873 4211 980 4251 seu
995 4197 1314 4269 puriﬁcata
1336 4203 1593 4275 propriis
1612 4207 1885 4275 maculis,

225 4274 418 4346 digna
445 4282 794 4351 conspectui
809 4282 1031 4353 judicis
1059 4289 1433 4363 quandoque
1455 4274 1884 4364 praesentetur.

225 4365 532 4436 Scriptum
557 4373 650 4424 est
677 4371 839 4427 enim
866 4374 1041 4430 Nihil
1066 4379 1511 4449 coinquinatum
1542 4384 1794 4441 intrabit
1825 4387 1883 4440 in
1916 4402 1964 4458 ι)

223 4468 357 4509 eam
385 4456 470 4523 “;
487 4456 594 4511 sed
611 4459 814 4516 anima
831 4469 1029 4532 portat
1053 4464 1514 4538 inquinamenta
1540 4474 1884 4540 venialium,

227 4548 293 4599 ut
333 4560 521 4617 supra
559 4553 875 4607 ostensum
927 4559 1016 4610 est
1069 4571 1176 4627 per
1232 4558 1398 4615 illam
1459 4564 1883 4636 antiphonam:

226 4636 424 4704 Imago
435 4652 565 4692 sum
581 4639 925 4710 ine/fabius,
946 4648 1004 4699 et
1024 4650 1258 4703 caetera.
1278 4651 1448 4720 Ergo,
1463 4668 1589 4708 non
1609 4655 1723 4710 nisi
1742 4672 1888 4727 pur-

225 4728 389 4792 gata.
413 4727 480 4780 Et
503 4726 654 4784 sicut
682 4729 983 4787 habemus
1007 4733 1081 4789 de
1098 4734 1278 4792 divite
1323 4746 1379 4795 et
1425 4729 1662 4809 Lazaro,
1723 4726 1891 4816 quod

221 4812 714 4884 irrefragabiliter
732 4835 1096 4893 responsum
1109 4829 1358 4900 accepit,
1376 4832 1543 4901 quod
1556 4848 1678 4888 non
1692 4812 1894 4905 posset

223 4906 484 4960 transire
514 4906 729 4980 aliquis
749 4926 786 4967 a
809 4910 942 4969 loco
974 4919 1430 4991 tormentorum,
1463 4923 1644 4992 igitur
1672 4940 1892 4995 purga-

221 4991 388 5049 bitur
412 4993 572 5052 alibi.
602 4999 786 5055 Istum
811 5000 1008 5059 locum
1028 5004 1288 5064 dicimus
1315 4991 1516 5068 locum
1540 4991 1890 5084 purgatorii,

222 5082 306 5139 ad
339 5098 523 5156 quem
557 5091 862 5147 transeunt
894 5097 1135 5160 animae,
1163 5113 1301 5170 qua)
1327 5099 1474 5156 dum
1505 5082 1706 5161 adhuc
1735 5107 1892 5163 vive-

218 5178 376 5249 l.ent,
395 5173 472 5230 de
505 5177 628 5232 suis
652 5183 999 5238 excessibus
1021 5185 1286 5257 plenarie
1307 5205 1430 5246 non
1455 5193 1888 5256 satisfecerunt.

219 5262 530 5320 Habemus
561 5266 741 5337 igitur
770 5286 843 5327 ex
871 5275 1197 5343 praemissis
1225 5287 1489 5351 quatuor
1514 5290 1893 5360 receptacula

219 5351 669 5443 defunctorum,
684 5358 746 5415 id
757 5365 862 5430 est,
877 5366 1233 5435 paradisum
1247 5367 1572 5443 bonorum,
1588 5351 1778 5434 iniern
1787 5397 1890 5438 um

220 5442 679 5514 damnatorum,
716 5448 997 5521 lymbum
1036 5470 1363 5528 puerorum
1391 5477 1516 5520 non
1557 5465 1886 5540 baptizato-

220 5549 385 5602 rum,
408 5538 468 5590 et
489 5541 912 5610 purgatorium
933 5547 1368 5618 paenitentium.

295 5674 351 5752 3‘
379 5680 632 5757 Apocal.
656 5701 769 5760 xxx,
800 5690 893 5746 27.

2001 3217 2208 3284 petum
2233 3229 2334 3284 per
2353 3214 2768 3272 auctoritatem
2795 3217 2956 3274 sedis
2983 3223 3327 3292 apostolicae
3356 3225 3659 3284 refrenan-

2003 3307 2108 3372 tes,
2141 3318 2282 3358 eum
2312 3308 2370 3358 et
2389 3319 2682 3375 sequaces
2703 3307 2833 3372 ejus
2864 3308 3265 3367 anathematis
3295 3313 3500 3383 gladio
3529 3332 3659 3388 per-

2001 3398 2336 3462 cusserunt,
2361 3409 2434 3450 ex
2474 3397 2614 3449 tunc
2650 3395 2852 3467 itaque
2904 3399 3088 3455 δι’ωοὶ
3128 3402 3380 3472 majoris
3413 3405 3658 3463 invidiae

2002 3481 2254 3536 stimulis
2279 3483 2505 3551 agitati,
2536 3498 2722 3555 quam
2760 3485 2960 3556 plures
3001 3487 3209 3557 libros,
3243 3507 3350 3547 seu
3375 3497 3659 3551 tractatus

1999 3571 2062 3625 in
2107 3571 2524 3627 confusionem
2581 3575 2866 3630 Romanae
2897 3577 3172 3634 Ecclesia:
3214 3580 3552 3650 ediderunt,
3601 3588 3661 3641 et

2000 3660 2124 3714 suis
2167 3661 2421 3732 posteris
2459 3661 2772 3732 legendos,
2825 3668 3117 3738 tanquam
3161 3670 3556 3738 authenticos,
3602 3677 3662 3730 et

1998 3747 2138 3803 ﬁdei
2167 3749 2474 3804 catholicas
2499 3750 2841 3808 ﬁrmitatem
2870 3753 3183 3827 habentes,
3206 3757 3470 3815 districta
3491 3777 3661 3818 man-

1998 3837 2329 3906 daverunt;
2361 3854 2465 3894 eos
2494 3856 2659 3908 vero,
2689 3843 2794 3913 qui
2819 3842 2881 3898 in
2909 3844 3004 3899 his
3033 3847 3332 3904 contraria
3355 3849 3659 3919 dogmati-

1998 3943 2133 3983 zare
2153 3935 2605 4000 praesumerent,
2620 3932 3306 4008 annuatiminecclesiis,
3336 3953 3485 3995 voce
3507 3953 3660 4011 pree-

1996 4017 2187 4086 conis,
2209 4019 2378 4090 quod
2408 4035 2600 4092 usque
2643 4016 2822 4077 hodie
2864 4024 2927 4078 in
2961 4039 3172 4081 eorum
3205 4027 3472 4085 ecclesiis
3518 4044 3662 4086 con-

1999 4107 2382 4163 ventualibus
2402 4108 2773 4180 observatur,
2799 4111 3111 4170 hareticos
3140 4114 3584 4175 denuntiarent.

2069 4199 2237 4253 Hunc
2278 4197 2458 4266 igitur
2495 4199 2839 4256 Michaelem
2871 4203 3056 4259 Graaci
3107 4220 3300 4277 usque
3355 4206 3536 4264 hodie
3573 4223 3662 4265 se-

1997 4291 2270 4358 quentes,
2302 4288 2541 4344 Latinos
2573 4289 2886 4359 Azymitas
2911 4307 3059 4348 voce
3097 4294 3345 4366 publica
3389 4311 3660 4355 asserere

1998 4391 2119 4431 non
2156 4381 2452 4432 verentur.
2510 4377 2676 4433 Unde
2713 4379 2774 4434 in
2814 4385 3044 4437 tantam
3087 4385 3554 4442 excmcationem
3602 4391 3660 4443 et

1999 4469 2412 4538 contemptum
2441 4467 2606 4538 apud
2632 4483 2734 4522 eos
2781 4469 3022 4526 devenit
3056 4472 3410 4543 mysterium
3454 4490 3660 4531 sacra-

1998 4555 2207 4622 menti,
2238 4559 2305 4610 ut
2332 4570 2456 4610 non
2487 4555 2684 4612 solum
2715 4557 2776 4612 in
2800 4559 3007 4614 mortis
3036 4561 3287 4617 articulo
3324 4579 3398 4618 ex
3446 4579 3518 4619 eo
3562 4580 3661 4619 su-

1999 4661 2164 4700 mere
2192 4649 2491 4713 recusent,
2524 4661 2727 4702 verum
2758 4647 2940 4704 etiam
2986 4649 3250 4706 incendii
3292 4653 3660 4725 supplicium

2000 4735 2203 4806 potius
2232 4733 2456 4803 eligant
2483 4736 2720 4801 sentire,
2753 4752 2939 4809 quam
2974 4738 3325 4811 simpliciter
3363 4742 3656 4799 conﬁteri.

2004 4823 2227 4880 Probat
2255 4823 2372 4878 hoc
2393 4823 2663 4895 Cyprius,
2678 4826 2782 4896 qui
2803 4828 3022 4883 nostris
3039 4830 3414 4902 temporibus
3431 4831 3661 4888 duode-

2002 4915 2119 4971 cim
2146 4913 2481 4969 monachos
2511 4915 2766 4986 Graecos,
2793 4915 2905 4972 isto
2926 4933 3125 4974 errore
3148 4918 3518 4989 laborantes,
3549 4936 3661 4978 no-

2001 5021 2110 5061 vos
2135 5002 2363 5059 diaboli
2391 5007 2708 5076 martyres,
2741 5021 2849 5078 per
2865 5006 3150 5065 ﬂammas
3177 5009 3336 5080 ignis
3355 5010 3658 5082 produxit.

2004 5096 2290 5152 Dicebant
2329 5093 2491 5149 enim
2536 5095 2806 5166 praedicti
2847 5099 3171 5155 monachi:
3204 5101 3662 5159 Sacramentum

2004 5185 2348 5242 Latinorum
2400 5183 2593 5240 lutum
2645 5201 2798 5256 esse,
2837 5193 2894 5244 et
2935 5204 3061 5244 non
3089 5194 3574 5247 sacramentum:
3602 5196 3663 5249 et

2001 5274 2165 5348 quod
2198 5272 2629 5341 sacriﬁcantes,
2659 5275 2753 5331 vel
2777 5283 3084 5335 sumentes
3112 5293 3186 5334 ex
3212 5294 3307 5351 eo,
3333 5295 3499 5336 more
3521 5295 3662 5351 gen-

1999 5365 2194 5422 tilium
2219 5363 2539 5420 deemoniis
2556 5363 2957 5424 immolarent.
2986 5368 3265 5426 Rationes
3281 5373 3486 5426 autem
3505 5385 3662 5443 quas

2001 5459 2211 5511 contra
2239 5452 2478 5509 Latinos
2509 5451 2793 5527 allegant,
2819 5461 2879 5513 et
2907 5456 3133 5530 quibus
3173 5473 3236 5515 se
3265 5459 3417 5516 tueri
3453 5459 3660 5517 viden-

1998 5550 2114 5616 tur,
2136 5550 2276 5604 sunt
2292 5547 2422 5604 ista;
