4468 6440
829 428 934 506 819

2057 411 2534 491 mmmam
2572 409 2856 486 Ducam
2893 424 3003 484 cr.

4161 411 4262 480 διὸ

826 570 1108 630 Rationes
1121 566 1471 628 Graecorum
1484 567 1698 623 contra
1717 560 1963 619 Latinos
1974 558 2034 617 in
2046 573 2256 631 azyma
2301 571 2498 615 conse-
2524 553 2573 610 Α
2683 550 2847 610 ldem
2859 563 3039 623 super
3046 549 3366 608 Joannem:
3395 569 3424 601 κ
3437 550 3565 607 Non
3575 555 3740 620 ergo,
3759 546 4005 606 utaliter
4012 545 4263 621 opinan-

1503 657 1762 710 orantes.

901 801 1096 860 Primo
1123 798 1352 869 dicunt,
1377 794 1546 870 quod
1569 792 1864 852 Dominus
1891 795 2115 862 noster,
2153 789 2260 863 qui
2282 788 2347 846 in
2403 785 2497 844 sui

830 891 1188 949 memoriam
1217 887 1333 945 hac
1360 885 1492 943 ﬁeri
1520 882 1851 949 mandavit,
1881 896 2005 938 non
2025 880 2090 938 in
2118 894 2354 952 azyma,
2389 876 2496 933 sed

825 979 1187 1038 fermentata
1212 991 1371 1051 pane
1396 972 1641 1032 tradidit
1682 970 1996 1044 discipulis
2049 969 2195 1026 suis.
2255 971 2500 1025 Constat

829 1067 1190 1142 enim,quod
1203 1064 1540 1124 secundum
1559 1062 1758 1133 legem
1801 1059 2004 1133 Moysi,
2031 1057 2499 1132 quartadecima

827 1158 976 1216 luna
985 1153 1510 1214 ﬁebatimmolatio
1522 1151 1665 1222 agni
1680 1154 1738 1208 et
1765 1166 1904 1207 esus
1920 1163 2298 1220 azymorum,
2346 1146 2500 1202 sicut

829 1246 1119 1320 scriptum
1143 1247 1233 1300 est
1254 1240 1491 1298 Levitici
1515 1256 1635 1305 xm,
1661 1253 1799 1311 quas
1835 1236 1964 1293 dies
1992 1235 2228 1293 Pascha
2258 1232 2499 1307 proprie

830 1335 1181 1393 vocabatur.
1202 1329 1317 1389 Sed
1330 1329 1620 1387 Dominus
1626 1328 1648 1398 j
1658 1332 1801 1384 uxta
1820 1324 2210 1397 Evangelium
2222 1322 2497 1388 Joannis,

828 1430 973 1482 ante
981 1423 1135 1480 diem
1145 1423 1362 1491 festum
1378 1417 1670 1476 Pascha."3
1683 1418 1730 1453 “
1743 1414 2085 1472 celebravit.
2101 1415 2347 1470 Coenam
2359 1427 2498 1468 cum

827 1512 1136 1585 discipulis
1163 1510 1308 1577 suis,
1335 1514 1394 1565 et
1422 1505 1776 1579 mysterium
1795 1504 2065 1576 corporis
2096 1509 2154 1560 et
2184 1501 2499 1572 sanguinis

832 1604 924 1659 sui
943 1599 1206 1659 tradidit.
1236 1599 1294 1656 Si
1317 1599 1379 1654 in
1407 1596 1512 1654 tali
1557 1595 1674 1666 die,
1711 1595 1817 1667 qui
1862 1598 1991 1650 erat
2033 1593 2202 1649 tertia
2262 1590 2499 1648 decima

828 1692 996 1761 luna,
1040 1687 1363 1747 celebravit
1417 1684 1667 1748 Pascha,
1695 1689 1836 1740 tunc
1875 1681 2194 1739 utebantur
2232 1681 2495 1737 fermen-

830 1785 989 1849 tata;
1018 1794 1161 1848 ergo
1189 1776 1266 1832 de
1290 1775 1645 1831 fermentata
1666 1771 1910 1829 tradidit
1936 1786 2156 1842 corpus
2185 1785 2384 1838 suum,

2607 638 2768 698 tibus
2785 639 2986 696 visum
3005 641 3117 706 est,
3138 636 3430 694 Dominus
3458 636 3752 703 Salvator,
3777 636 3884 710 qui
3913 640 3970 693 et
3993 635 4124 709 ipse
4139 634 4256 692 ait:

2603 729 2740 787 Non
2768 729 2908 786 veni
2935 728 3162 785 solvere
3189 728 3396 799 legem,
3433 727 3538 784 sed
3564 727 3899 797 adimplere
3933 726 4001 797 “,
4036 723 4261 783 Pascha

2605 833 2786 873 suum
2810 814 3160 888 anticipavit
3190 831 3203 871 :
3241 815 3349 871 sed
3377 819 3668 887 tempore,
3727 819 3784 871 et
3825 814 4013 871 modo
4059 811 4260 869 debito

2604 895 2822 963 cuncta
2844 904 3306 962 consummavit.
3336 925 3365 954 ιι
3386 904 3542 962 Fecit
3560 920 3703 975 ergo
3723 903 3954 961 Pascha
3973 901 4260 959 Dominus

2605 1010 2746 1051 cum
2795 993 3110 1066 discipulis
3172 993 3319 1058 suis,
3368 993 3521 1050 sicut
3569 992 3939 1063 evangelista
3989 995 4256 1057 testatur,

2604 1083 2855 1157 quando
2883 1083 3022 1140 fecit
3047 1099 3189 1140 cum
3215 1081 3445 1155 azymis
3469 1086 3528 1140 et
3546 1098 3708 1154 agno
3742 1080 4154 1149 immaculato,
4199 1082 4262 1136 ut

2605 1174 2669 1231 in
2688 1171 2817 1243 lege
2843 1172 3133 1246 scriptum
3161 1176 3270 1228 est.

2680 1266 2823 1319 Item
2843 1259 3343 1334 Theophylactus,
3370 1260 3664 1334 Bulgaria:
3693 1261 4034 1335 episcopus,
4076 1273 4262 1331 expo-

2607 1366 2759 1409 nens
2781 1349 2930 1406 illud
2947 1349 3116 1422 quod
3135 1348 3349 1422 legitur
3373 1349 3453 1407 ad
3496 1349 3829 1408 Corinthios
3853 1365 3866 1406 :
3917 1349 4266 1405 Convenien-

2610 1442 2769 1498 tibus
2799 1440 2960 1496 vobis
2983 1440 3048 1496 in
3075 1440 3339 1505 unum",
3371 1443 3483 1496 etc.
3506 1440 3589 1496 ita
3615 1439 3789 1496 dicit:
3816 1459 3846 1490 «
3864 1439 3994 1495 Non
4012 1451 4262 1512 possum

2608 1545 2732 1587 non
2746 1527 3094 1598 concedere,
3118 1527 3368 1600 quando
3379 1527 3510 1601 ipse
3538 1527 3824 1585 Dominus
3840 1541 4060 1599 corpus
4085 1540 4265 1581 suum

2608 1634 2678 1675 ex
2702 1633 2880 1691 pane,
2903 1633 3088 1690 quem
3117 1615 3403 1682 habebat,
3436 1616 3655 1672 scilicet
3676 1631 3915 1688 azyma,
3963 1630 4101 1671 cum
4140 1614 4267 1670 dies

2607 1711 2805 1764 essent
2824 1713 3208 1779 Azymorum,
3235 1705 3480 1763 tradidit
3506 1706 3817 1778 discipulis
3871 1705 4014 1773 suis,
4065 1704 4113 1760 si
4172 1719 4267 1760 se-

2607 1795 2876 1853 cundum
2901 1795 3222 1865 Evangelia
3233 1800 3290 1851 et
3303 1800 3651 1851 sanctorum
3666 1798 3906 1852 Patrum
3920 1791 4265 1859 sententias,

902 1871 1050 1927 Item
1073 1886 1085 1924 :
1105 1868 1243 1923 Non
1266 1865 1629 1922 introierunt
1646 1862 2025 1932 praetorium,
2055 1865 2120 1915 ut
2143 1875 2262 1915 non
2285 1865 2492 1916 conta-

904 1961 914 1971 .
1120 1964 1131 1971 .
1306 1955 1364 1971 κ.
1409 1970 1433 1971 η
1506 1948 2069 1971 nlullan---“
2104 1951 2146 1971 ι.
2199 1948 2308 1971 ..-Δ
2357 1953 2495 1971 .--_-

2567 1908 2570 1947 ι
2608 1884 2934 1942 celebravit
2961 1862 3250 1940 Dominus
3279 1889 3549 1956 tempore
3574 1883 3778 1940 debito
3801 1882 4064 1947 Pascha;
4105 1880 4266 1937 unde

830 1961 1235 2026 ’πίηανθηίανν
1261 1955 1364 2012 sed
1385 1952 1819 2045 mtnt’mren‘
1842 1948 2071 2045 Ρῖκσὴα
2104 1948 2323 2045 ω’βώ,
2357 1953 2498 2045 “fu?
2526 1948 2566 1954 —
2608 1979 2750 2030 tunc
2806 1973 3197 2030 fermentatus
3241 1948 3522 2045 apparuit
3564 1977 3774 2029 contra
3813 1971 4009 2042 legem
4029 1971 4059 2027 ‘l
4109 1972 4270 2027 Sicut

831 2050 943 2108 fuit
967 2048 1114 2104 luna
1132 2048 1388 2119 quarta:
1433 2041 1671 2098 decima
1707 2055 1849 2111 ergo
1876 2039 1938 2094 in
1972 2038 2349 2110 praecedenti,
2391 2039 2500 2095 fuit

830 2137 980 2194 luna
1008 2136 1180 2192 tertia
1206 2131 1463 2198 decima,
1493 2127 1742 2202 quando
1773 2127 2065 2184 Dominus
2091 2127 2335 2185 tradidit
2370 2143 2498 2185 cor-

829 2242 947 2300 pus
975 2240 1155 2282 suum
1177 2263 1192 2290 ,
1224 2220 1439 2279 etinde
1465 2226 1528 2277 ut
1552 2218 1738 2292 prius.

905 2317 1053 2372 Item
1082 2328 1223 2370 cum
1252 2308 1622 2381 evangelista
1649 2307 1726 2364 de
1755 2305 2008 2365 materia
2027 2306 2185 2364 illius
2212 2308 2388 2381 panis
2413 2307 2498 2365 fa-

832 2409 991 2462 ceret
1018 2401 1408 2463 mentionem,
1437 2413 1560 2456 non
1587 2397 1736 2454 dixit
1761 2415 1774 2453 :
1795 2400 1964 2454 Iesus
1994 2398 2227 2472 accepit
2260 2413 2497 2470 azyma,

836 2493 981 2551 sed:
1013 2490 1326 2564 Accipiens
1341 2491 1511 2545 Iesus
1539 2489 1694 2563 ἄρτον
1755 2490 1822 2545 Et
1859 2488 2016 2561 ἄρτος
2064 2486 2350 2560 supponit
2392 2502 2504 2560 pro

833 2586 1209 2642 fermentata.
1233 2582 1406 2650 Erga,
1430 2583 1542 2634 etc.

907 2676 1052 2729 Item
1082 2686 1222 2726 cum
1251 2668 1542 2740 scriptum
1569 2666 1662 2737 sit,
1691 2664 1858 2738 quod
1880 2666 2098 2723 stando
2138 2670 2197 2724 et
2225 2683 2366 2723 cum
2413 2666 2506 2724 la-

836 2765 1023 2827 ctucis
1081 2758 1417 2832 agrestibus
1468 2761 1526 2814 et
1571 2756 1919 2813 festinanter
1975 2756 2221 2813 deberet
2272 2756 2508 2815 comedi

837 2871 1032 2928 agnus
1061 2846 1393 2925 paschalis,
1425 2845 1660 2901 nullum
1707 2844 1824 2902 tale
1880 2844 2030 2917 quid
2074 2844 2138 2901 in
2185 2847 2507 2917 Evangelia

2607 2063 2768 2120 enim
2800 2061 3093 2135 scriptum
3151 2062 3329 2118 estin
3384 2061 3589 2118 Exodo
3651 2077 3728 2118 xu
3779 2062 4016 2130 Septem
4064 2059 4270 2116 diebus

2606 2154 3034 2222 fermentatum
3065 2167 3185 2207 non
3231 2150 3548 2220 apparebit
3587 2151 3652 2206 in
3680 2148 3951 2206 domibus
3976 2147 4269 2205 vestris".

2611 2241 2784 2309 Quod
2814 2241 2866 2298 si
2894 2241 3198 2297 credimus
3239 2239 3440 2297 verbis
3500 2239 3770 2297 Veritatis
3816 2238 4105 2295 dicentis:
4136 2239 4272 2294 Non

2610 2332 2748 2389 veni
2769 2330 2998 2388 solvere
3026 2331 3235 2402 legem,
3263 2334 3380 2387 etc.
3397 2371 3410 2397 ,
3444 2327 3816 2386 credendum
3837 2333 3948 2397 est,
3974 2332 4031 2385 et
4059 2326 4273 2401 praedi-

2612 2420 2899 2488 candum,
2916 2421 3237 2477 Dominum
3252 2422 3455 2476 .lesum
3469 2433 3579 2475 nec
3594 2433 3787 2475 unum
3803 2417 3945 2484 iota,
3960 2433 4071 2474 nec
4085 2431 4274 2474 unum

2615 2512 2849 2583 apicem
2873 2510 3022 2581 legis
3046 2509 3418 2583 praeteriisse,
3451 2513 3507 2566 et
3530 2513 3596 2565 ut
3643 2507 3825 2566 totius
3853 2506 4276 2578 transgressio-

2614 2600 2708 2659 nis
2730 2600 3087 2668 immunem,
3113 2599 3336 2655 dixisse
3363 2597 3815 2655 insidiatoribus
3845 2597 3968 2654 suis
3992 2614 4004 2652 :
4039 2597 4179 2666 Quis
4201 2611 4277 2652 ea:

2616 2692 2781 2748 vobis
2808 2694 3016 2762 arguet
3039 2704 3130 2746 me
3149 2690 3222 2746 de
3247 2689 3606 2759 pecccato"?
3631 2686 3859 2760 alioqui
3887 2702 3999 2743 nec
4027 2691 4278 2759 peccata

2616 2780 2946 2839 multorum
2973 2779 3220 2849 tulisset,
3249 2792 3364 2835 nec
3389 2793 3500 2851 pro
3528 2775 4070 2847 transgressoribus
4109 2790 4278 2832 oras-

2619 2878 2710 2928 set
2737 2877 2803 2927 ut
2831 2885 2954 2927 non
2985 2871 3265 2942 perirent,
3286 2883 3398 2924 nec
3422 2882 3534 2941 pro
3555 2867 3726 2923 nobis
3750 2882 3989 2939 passus,
4017 2865 4126 2921 sed
4164 2880 4276 2937 pro

835 2942 1148 3018 reperitur.
1181 2937 1345 2994 Unde
1367 2939 1621 3002 constat,
1666 2933 1835 3007 quod
1883 2934 1986 2991 illa
2028 2949 2200 2991 ccena
2248 2951 2372 2992 non
2399 2936 2509 3005 fuit

1810 2954 1835 3034 ξ
1883 2954 1986 2991 ωδ
2028 2954 2372 3034 οωυδῃηξη
2399 2954 2509 3034 Ῑξυι
2619 2977 2733 3017 sua
2761 2959 3260 3032 praevaricatione
3272 2959 3439 3028 juste
3461 2957 3783 3025 punitus"
3841 2954 4072 3024 fuisset,
4125 2969 4276 3027 pra:-

837 3033 1070 3092 Pascha
1124 3027 1490 3095 Judinarum,
1546 3024 1653 3080 sed
1701 3025 1898 3096 potius
1955 3039 2129 3081 caena
2180 3030 2238 3082 et
2274 3026 2503 3083 Pascha

960 3043 1070 3132 Ριξξι
1124 3043 1927 3132 ωαωοῃῗφῗμδῗῗῗίῗῗ
1955 3043 2238 3132 (3,0?
2252 3043 2503 3132 ,φέφει
2619 3050 2823 3107 sertim
2845 3048 3012 3122 quod
3036 3062 3158 3104 non
3185 3046 3378 3103 solum
3409 3050 3818 3116 transgressar
3833 3043 3982 3116 legis
4001 3043 4282 3100 inventus

841 3120 1956 3208 Cbﬁs‘imomm’F‘_n°9f3um§zy_m§s’
1979 3114 2236 3208 δεξίθῑξω
2250 3114 2502 3208 fermf’nf
2613 3144 2771 3196 esset
2791 3114 3082 3196 fer-mento
3109 3141 3247 3193 tunc
3267 3135 3434 3208 apud
3460 3152 3522 3191 se
3550 3114 3820 3208 reperto;
3886 3114 3991 3190 sed
4028 3133 4284 3204 insuper

838 3218 962 3270 tato
982 3224 1163 3284 pane,
1193 3204 1362 3280 quod
1377 3203 1677 3274 signiﬁcat
1691 3203 1904 3259 Christi
1929 3203 2378 3275 perfectionem,
2395 3203 2505 3261 fuit

2567 3223 2574 3276 ἶ
2613 3229 2836 3286 multas
2862 3226 3190 3300 discipulos
3205 3203 3341 3283 reos
3364 3225 3574 3281 mortis
3597 3203 3910 3291 effecisset,
3938 3222 4152 3279 cibans
4173 3203 4284 3278 eos

840 3301 1229 3360 celebratum
1271 3297 1421 3352 Nam
1460 3293 1726 3349 Chrmus
1765 3297 1967 3387 Πῗῖίθν
2006 3293 2305 3387 _D9min“_3
2349 3293 2504 3387 άυξδ
2611 3320 2987 3384 fermentata,
3016 3293 3077 3372 et
3099 3316 3161 3372 in
3190 3315 3472 3387 injuriam
3499 3313 3715 3371 divinae
3735 3313 3922 3384 legis;
3955 3311 4126 3386 quod
4184 3315 4280 3368 est

839 3396 1088 3450 naturas
1110 3388 1174 3445 in
1203 3401 1390 3442 unam
1411 3397 1741 3456 personam
1772 3381 1887 3437 sibi
1917 3381 2128 3451 univit,
2155 3387 2212 3439 et
2236 3382 2388 3439 sicut
2415 3382 2504 3438 di-
2611 3381 3004 3481 impossibilé.
3036 3428 3066 3456 ,,

838 3482 985 3537 Vina
1013 3482 1102 3534 θεῖ
1132 3473 1598 3547 δίωΡῙί⁰ί³⁸ί¹Π⁸’
1624 3471 1706 3570 ξω
1723 3471 1998 3528 humana
2032 3476 2131 3570 Est
2168 3472 2506 3570 φοωροείέα
2686 3471 2853 3556 [inde
2877 3511 3157 3570 quamvrs
3190 3494 3490 3569 principes
3513 3493 3894 3550 sacerdotum
3951 3489 4176 3550 falsum
4199 3496 4285 3548 te-

839 3585 914 3626 “
951 3569 1555 3659 9°1m_a_°‘,°°’P‘3F°:
1597 3576 1720 3659 ﬁne
1759 3576 1958 3658 carne'
2030 3563 2191 3659 sicut
2244 3576 2388 3632 ergo
2429 3576 2505 3659 ,Ψ
2616 3563 3894 3659 εῐὶωοηὶυἶῐι(Ῑυδεεὶέδθιιῐαᾶνειιευεθιιω,ιιι
3932 3597 4070 3637 eum
4103 3581 4285 3638 morti

841 3654 1210 3759 911158”,th
1227 3656 1416 3759 “ﬁs:
1430 3649 2014 3759 Ξίῖξξξίξδ-Ἀξξίηξῗζ
2023 3655 2080 3759 Et
2105 3666 2401 3759 ﬁQ’PBfﬂ;
2615 3679 2937 3739 traderent,
2953 3649 3187 3731 nullum
3199 3679 3403 3730 tamen
3414 3673 3531 3730 tale
3558 3673 3702 3745 quid
3719 3673 4086 3743 objecerunt,
4103 3671 4288 3743 quale

838 3748 901 3804 in
930 3743 1218 3836 my9t9ri°
1256 3739 1616 3836 gemmnii
1653 3739 1863 3836 nos"
1895 3738 2067 3836 9⁸οά
2109 3740 2508 3836 ,θιηΡθτῙθθῨθ
2619 3770 2803 3827 Graeci
2827 3738 2989 3824 nunc
3019 3765 3323 3836 objiciunt.
3347 3763 3518 3830 Quod
3542 3738 3595 3818 si
3616 3738 3824 3819 fuissth
3857 3738 4292 3832 objectum,so-

838 3833 1232 3933 pane’,id_e“
1277 3832 1654 3933 feFPePtPtO’
1705 3828 2028 3933 perticum:
2075 3828 2344 3933 simili?”
2393 3830 2508 3887 tria
2618 3859 2746 3914 lum
2777 3828 3111 3912 suffecisset
3132 3854 3210 3910 ad
3231 3828 3604 3925 perdendum
3640 3867 3801 3909 enm.
3837 3828 3953 3906 Nec
3982 3828 4292 3906 Pilato-di-

835 3927 1236 3998 repenuntur’
1279 3918 1498 3976 ⁵⁰¹¹¹⁰θι
1524 3917 1744 3984 forma"
1776 3917 2160 4013 fermentufn’
2222 3925 2279 3975 et
2321 3935 2509 3993 aqua"
2621 3917 3990 4013 cente:Accipiteeunivos,etsecundumtegem
4024 3945 4291 3996 vestram

838 4017 1114 4072 “suum
1136 4015 1339 4068 autem
1361 4012 1822 4115 iam???"
1847 4007 2214 4115 99939199,
2247 4024 2372 4065 non
2421 4017 2515 4109 θῗί
2613 4037 2891 4108 judicate
2911 4049 3064 4100 eum,
3088 4007 3418 4088 dixissent:
3438 4031 3572 4087 Non
3597 4031 3733 4115 licet
3755 4007 3924 4085 nobis
3950 4030 4295 4098 interﬁcere

837 4118 1049 4161 verum
1080 4101 1552 4166 sacramentum,
1585 4095 1693 4152 sed
1717 4111 1828 4152 nec
1877 4101 2326 4154 sacramentum
2379 4099 2512 4172 qui-

839 4193 1002 4262 dem,
1029 4189 1197 4263 quod
1227 4193 1463 4245 tantum
1494 4185 1792 4257 discrepat
1820 4201 1858 4242 a
1905 4186 2172 4244 veritate.
2222 4190 2320 4243 Hae
2376 4192 2518 4245 sunt

836 4282 1123 4350 rationes,
1147 4293 1302 4351 quas
1331 4276 1393 4332 in
1415 4291 1626 4332 eorum
1645 4274 1814 4331 libris
1848 4291 1946 4330 me
1968 4275 2269 4332 invenisse
2291 4279 2513 4350 recolo,

838 4377 897 4430 et
928 4369 1007 4428 ab
1037 4384 1140 4426 ore
1167 4369 1438 4440 ipsorum
1465 4364 1767 4420 audivisse
1796 4364 1856 4419 in
1885 4365 2308 4437 disputatione.

1124 4456 1448 4526 Responsio
1475 4454 1557 4510 ad
1580 4455 1844 4511 rationes
1875 4455 2238 4512 Graecorum.

2626 4139 2978 4199 quemquam
3000 4123 3073 4190 ⁸³³,
3095 4121 3375 4194 quiaipsi
3406 4125 3709 4192 praecepto
3757 4119 3907 4188 legis
3950 4117 4293 4173 interfecis-

2627 4221 2760 4272 sent
2780 4212 3119 4270 fermentati
3133 4210 3507 4284 participem,
3527 4209 3889 4265 etdixissent
3916 4227 3928 4264 :
3949 4208 4072 4264 Nos
4098 4208 4290 4278 legem

2628 4305 2934 4367 habemus,
2958 4308 3011 4358 et
3033 4301 3359 4358 secundum
3410 4301 3596 4370 legem
3644 4299 3813 4354 debet
3857 4297 4100 4362 mori“,
4141 4295 4293 4368 quia

2624 4394 3047 4451 fermentatum
3061 4389 3319 4448 comedit
3330 4389 3390 4445 in
3405 4389 3651 4454 Pascha,
3669 4391 3772 4444 aut
3783 4391 3938 4443 certe
3952 4384 4118 4459 apud
4141 4400 4288 4443 eum

2620 4483 2920 4558 apparuit.

911 4547 1005 4640 Ad_
1027 4547 1294 4640 Pﬁ‘P‘Em
1341 4541 1860 4640 igi‘“"_°hj?°‘9m
1903 4555 2346 4640 τθεροηαθωιὲε
2379 4546 2462 4640 Si?
2491 4564 2505 4604 ³
2539 4577 2583 4630 D
2660 4541 2806 4631 ‘Sed
2833 4574 2981 4630 forte
3001 4571 3144 4627 dicit
3169 4573 3405 4627 Grtecus
3432 4589 3442 4628 :
3470 4573 3598 4626 Non
3645 4567 3706 4623 in
3737 4566 4000 4640 publica,
4059 4564 4162 4622 sed
4219 4565 4282 4622 in

838 4637 1012 4704 Quod
1040 4636 1177 4692 fecit
1199 4633 1487 4690 Dominus
1518 4631 1745 4688 Pascha
1774 4637 2043 4705 tempore
2069 4638 2127 4689 et
2171 4635 2357 4691 modo
2409 4636 2509 4692 de-

835 4728 982 4799 bito,
1031 4731 1136 4784 aut
1171 4740 1317 4781 non.
1377 4723 1436 4779 Si
1489 4722 1713 4790 dicaut,
1759 4737 1932 4778 non:
1992 4729 2200 4780 contra
2249 4727 2508 4783 Joannes

836 4818 1324 4890 Chrysostamus,
1357 4811 1609 4869 homilia
1641 4812 2013 4882 octagesima
2055 4818 2271 4885 quarta
2329 4832 2509 4888 super

837 4907 1201 4973 Matthaaum,
1232 4905 1314 4959 ita
1337 4901 1519 4959 dicit:
1553 4923 1582 4950 «
1623 4904 1752 4958 Non
1794 4901 1956 4956 enim
2010 4903 2273 4960 Christus
2321 4909 2509 4962 trans-

835 4995 1106 5068 greditur
1135 4992 1665 5064 Paschse'tempus,
1722 4989 1831 5046 sed
1885 4990 2094 5059 Judaei,
2148 4993 2254 5066 qui
2303 4996 2510 5052 omnia

835 5088 1234 5160 praesumunt,
1259 5082 1560 5139 Christum
1575 5079 1934 5137 conculcant
1951 5081 2184 5152 etleges
2209 5103 2225 5150 ;
2257 5086 2400 5156 quia
2421 5085 2508 5142 di-

830 5176 1087 5248 ligenter
1114 5171 1428 5230 fervebant
1456 5171 1677 5241 furore,
1700 5174 1758 5227 et
1792 5185 1951 5242 sape
1995 5177 2282 5228 conantes
2328 5174 2509 5231 inter-

833 5265 1028 5333 ficere,
1049 5278 1175 5322 non
1203 5262 1523 5319 valuerunt
1551 5277 1564 5316 :
1590 5265 1732 5317 tunc
1763 5260 2124 5332 accipientes
2179 5263 2381 5334 ipsum
2436 5281 2508 5322 ex

831 5356 1162 5429 insperata,
1192 5352 1511 5410 voluerunt
1539 5351 1724 5407 etiam
1754 5349 1981 5407 Pascha
2021 5351 2338 5423 dimittere,
2396 5372 2509 5428 pro

831 5441 1143 5499 homicida
1167 5455 1282 5496 sua
1321 5438 1622 5496 voluntate
1668 5435 1998 5509 implenda.
2055 5440 2302 5512 Propter
2339 5443 2508 5514 quod

833 5531 1180 5605 congregati
1211 5533 1354 5587 sunt
1380 5545 1614 5597 omnes,
1639 5549 1668 5578 »
1694 5533 1806 5584 etc.

2567 4683 2573 4694 ’
2617 4663 2846 4721 occulto
2868 4663 2982 4718 hoc
3009 4661 3147 4731 egit.
3181 4658 3380 4715 Absit!
3407 4658 3558 4724 Quia
3579 4673 3701 4712 non
3755 4656 3954 4712 solum
3997 4653 4074 4709 de
4103 4654 4281 4710 factis

2617 4753 2760 4819 suis,
2788 4751 2893 4809 sed
2916 4751 3096 4806 etiam
3123 4748 3197 4804 de
3219 4748 3393 4804 dictis
3443 4749 3524 4804 ait
3545 4747 3660 4819 ipsi
3694 4760 3936 4800 summa
3969 4742 4277 4815 pontiﬁci:

2616 4845 2744 4914 Ego
2753 4842 2956 4912 palam
2984 4842 3215 4896 locutus
3231 4855 3362 4893 sum
3386 4836 3629 4902 mundo,
3651 4842 3704 4892 et
3731 4836 3796 4890 in
3820 4833 4168 4890 abscondito
4195 4834 4284 4888 lo-

2617 4940 2787 4990 cutus
2803 4948 2934 4988 sum
2951 4930 3131 4986 nihil.
3152 4928 3311 4996 Quid
3326 4943 3417 4984 me
3450 4928 3792 4996 interrogas
3808 4929 3835 4979 ?
3852 4925 4158 4995 interroga
4182 4939 4280 4980 eos

2617 5025 2723 5097 qui
2746 5022 3068 5079 audierunt
3087 5018 3280 5075 75.Sed
3315 5017 3496 5073 etiam
3513 5015 3814 5089 numquid
3827 5014 4146 5070 dominum
4163 5013 4282 5069 do-

2615 5129 2775 5178 mus,
2798 5111 2859 5167 in
2883 5127 3008 5184 qua
3033 5109 3265 5166 Pascha
3294 5107 3638 5170 celebravit,
3667 5105 3887 5162 latuit?
3920 5108 4022 5160 aut
4051 5109 4211 5160 certe
4232 5104 4285 5160 si

2615 5203 2748 5274 ipse
2778 5198 3100 5264 consensit,
3133 5195 3433 5269 numquid
3454 5194 3738 5252 etludam
3759 5191 4117 5265 complicem
4147 5207 4286 5250 ma-

2615 5291 2918 5362 lignorum
2951 5288 3135 5344 latere
3175 5285 3407 5359 potuit?
3444 5284 3545 5359 qui
3588 5284 3754 5354 iuxta
3792 5281 4124 5338 Psalmistas
4163 5298 4286 5338 vo-

2617 5395 2780 5436 cem:
2805 5379 2950 5434 Dux
2972 5392 3133 5433 meus
3154 5382 3208 5432 et
3239 5381 3414 5430 natus
3435 5389 3594 5430 meus
3621 5372 3937 5429 vocatur"
3963 5389 3975 5439 ;
4023 5385 4284 5442 praeser-

2615 5469 2722 5528 tim
2754 5485 2892 5526 cum
2915 5467 3089 5524 fuerit
3109 5465 3514 5538 dispensator,
3537 5478 3722 5536 quem
3746 5459 4034 5518 Dominus
4056 5458 4283 5516 dilecto

905 5670 1030 5725 ‘5.“
1055 5665 1228 5727 Joan.
1286 5681 1410 5735 xui,
1469 5664 1522 5716 t.
1576 5660 1620 5695 ⁵⁷
1653 5658 1804 5735 {pan
1860 5676 2020 5728 xvm,
2079 5660 2170 5717 28.
2229 5661 2276 5696 ⁸⁸
2309 5662 2511 5721 Matth.
2570 5678 2636 5720 v.
2700 5665 2788 5718 l7.
2830 5662 2876 5697 59
2911 5659 3109 5735 lgor.
3142 5673 3205 5724 ii,
3243 5660 3328 5723 l8,
3359 5657 3409 5692 ’³ο
3433 5653 3761 5735 Exod._xq,
3784 5655 3876 5735 go.
3902 5653 3958 5735 ,τι
3990 5653 4143 5707 Joan
4172 5665 4278 5735 vin

829 5744 923 5801 46.
963 5723 1027 5779 V"
1057 5723 1324 5808 Isti—Lm,
1358 5723 1409 5796 ι’
1439 5746 1611 5808 seqq.
1656 5729 1902 5794 "Joan.
1964 5723 2121 5806 xviii,
2178 5736 2271 5793 31.
2326 5735 2576 5798 7‘loau.
2632 5750 2749 5804 xix,
2805 5739 2860 5792 7.
2910 5723 3369 5800 ῖδᾶοθωίχγω,
3425 5732 3514 5798 20,
3573 5729 3665 5787 21.
3713 5723 3941 5786 "Psal.
4000 5739 4114 5794 LIV,
4167 5725 4264 5781 14.
