4468 6440
276 438 378 496 521

1669 434 1949 497 CONTRA
1978 428 2305 497 GMCOS.

3590 448 3695 508 522

279 565 392 621 suo
409 562 626 620 Joanni
644 551 1070 623 demonstrans
1086 562 1352 635 ait:Ipse
1367 569 1472 635 est,
1496 564 1595 619 cui
1612 564 1935 621 intinctam
1964 565 2016 620 Δ
2043 569 2309 637 asymos.
2349 562 2534 634 Unde,
2581 563 2717 621 licet
2773 564 3063 622 Dominus
3116 559 3329 625 dixerit
3385 564 3696 645 discipulis

277 654 893 723 panemporrexero"
918 657 1003 720 ;et
1022 670 1035 709 :
1054 653 1168 722 Qui
1188 668 1418 711 mecum
1429 653 1673 724 intingit
1688 668 1935 711 manum

280 742 347 797 in
369 742 716 812 paropside,
744 743 844 799 hic
869 758 960 800 me
1001 743 1199 800 tradet
1222 743 1288 797 ⁷⁸.
1319 742 1490 808 Quod
1509 742 1557 797 si
1574 742 1657 799 ita
1672 747 1782 811 est,
1800 758 1937 815 quas

278 846 375 885 res
406 831 715 903 prohibuit
738 831 1035 888 infelicem
1059 834 1087 887 J
1099 832 1301 898 udam,
1336 831 1411 887 de
1442 836 1776 889 memorato
1824 832 1936 887 fer-
1962 849 1965 855 ε

279 923 551 977 meutato
564 919 767 993 ipsum
786 921 1040 994 prodere
1058 921 1419 991 sanguinem
1442 923 1677 995 justum
1708 920 1933 993 palam,

279 1025 466 1083 quem
486 1010 774 1067 omnibus
792 1010 989 1067 modis
1009 1011 1320 1083 quaarebat
1335 1010 1588 1083 prodere
1608 1010 1767 1066 clam
1784 1010 1811 1065 ?
1834 1014 1939 1065 aut

277 1097 429 1171 quid
450 1114 693 1155 necesse
715 1098 926 1155 habuit
949 1098 1145 1155 dicere
1170 1116 1183 1153 :
1222 1100 1479 1157 Peccavi
1530 1100 1773 1155 tradens
1800 1113 1936 1155 san-

276 1189 522 1255 guinem
540 1187 773 1257 justum
799 1189 847 1222 ⁷⁸
868 1204 882 1256 ;
907 1203 1047 1244 cum
1078 1187 1372 1245 tradendo
1428 1193 1934 1258 transgressorem

276 1273 452 1345 legis,
484 1276 751 1333 avertita
784 1291 846 1331 se
876 1280 934 1333 et
961 1292 997 1333 a
1026 1276 1252 1350 populo
1295 1276 1559 1333 furorem
1592 1276 1845 1347 Domini,
1880 1279 1937 1332 et

278 1364 540 1434 gratiam
586 1365 971 1436 promeruit?
1024 1366 1185 1423 Sicut
1232 1365 1394 1422 enim
1442 1366 1731 1438 scriptum
1760 1366 1934 1421 estin

280 1450 750 1509 Deuteronomio
767 1470 780 1508 :
797 1453 865 1510 Si
876 1454 1171 1524 propheta
1187 1454 1457 1525 quilibet,
1480 1459 1585 1510 aut
1596 1454 1761 1522 ﬁlius
1774 1460 1933 1521 tuus,

278 1546 386 1597 aut
415 1541 569 1612 ﬁlia,
599 1555 701 1598 seu
730 1558 911 1611 uxor,
947 1549 1002 1599 et
1024 1544 1253 1600 amicus
1272 1557 1445 1615 quem
1484 1543 1686 1614 diligis
1715 1548 1782 1599 ut
1809 1544 1937 1599 ani-

277 1644 439 1685 mam
462 1636 650 1697 tuam,
668 1632 1068 1689 voluereclam
1082 1633 1445 1702 persuadere
1469 1633 1596 1703 tibi,
1616 1638 1681 1687 ut
1702 1638 1934 1689 averta-

279 1720 365 1775 ris
392 1734 432 1775 a
460 1722 829 1777 caeremoniis
852 1723 1027 1792 leges,
1054 1738 1176 1777 non
1203 1724 1544 1793 acquiescas
1578 1722 1678 1789 eis,
1707 1737 1814 1779 nec
1835 1737 1936 1779 au-

279 1807 416 1864 dias
441 1825 455 1863 :
488 1824 595 1866 nec
618 1817 837 1879 parcat
858 1812 913 1867 ei
936 1812 1144 1867 oculus
1176 1817 1335 1879 tuus,
1364 1826 1471 1867 nec
1495 1812 1855 1881 miserearis,
1881 1817 1936 1869 et

2045 654 2207 711 suis:
2235 654 2417 711 Scitis
2446 653 2591 726 quia
2606 660 2741 725 post
2776 655 3020 712 biduum
3053 657 3299 715 Pascha
3319 659 3421 727 ﬁet
3456 661 3525 729 ³⁸,
3556 667 3693 731 etc.,

2046 742 2351 800 Matthazus
2380 746 2583 799 tamen
2607 743 2798 816 ipsius
2826 742 2963 811 diei,
2990 744 3052 799 in
3072 748 3246 816 cujus
3272 762 3547 821 vespera,
3573 766 3699 823 qua

2046 832 2274 889 Pascha
2301 832 2507 901 ﬁebat,
2534 833 2900 890 mentionem
2930 834 3158 891 faciens
3190 836 3307 893 ait:
3358 837 3555 896 Primo
3601 842 3698 898 die

2045 936 2391 991 azymorum
2404 928 2776 979 accesserunt
2800 923 3087 992 discipuli
3105 924 3175 991 δ’,
3194 929 3304 981 etc.
3328 926 3431 982 Cui
3451 942 3698 985 concor-

2043 1008 2198 1063 dans
2224 1011 2452 1065 Marcus
2484 1010 2601 1067 ait:
2640 1011 2791 1067 Erat
2836 1016 3032 1068 autem
3087 1011 3321 1069 Pascha
3387 1021 3440 1071 et
3481 1030 3699 1088 azyma

2040 1103 2173 1167 post
2186 1096 2429 1154 biduum
2443 1098 2512 1154 9°.
2537 1100 2984 1172 Etpostpauca:
3010 1102 3207 1157 Prima
3217 1101 3311 1157 die
3329 1116 3700 1175 azymorum,

2042 1187 2283 1257 quando
2318 1186 2544 1244 Pascha
2566 1188 2959 1245 immolabant
2985 1189 3055 1258 9‘,
3082 1194 3192 1245 etc.
3227 1190 3285 1245 Si
3309 1190 3490 1260 igitur
3540 1193 3704 1251 vide-

2042 1279 2203 1331 retur
2229 1290 2352 1332 non
2373 1276 2791 1349 accipiendum
2812 1276 3045 1333 Pascha
3066 1282 3121 1333 et
3150 1293 3386 1350 azyma,
3431 1284 3497 1337 ut
3517 1282 3704 1339 modo

2042 1364 2288 1433 Pascha,
2316 1380 2427 1437 pro
2456 1364 2607 1422 festo
2632 1381 3006 1438 azymorum,
3028 1370 3085 1423 et
3112 1366 3297 1424 modo
3322 1368 3541 1426 festum
3568 1386 3704 1443 azy-

2042 1468 2283 1508 morum
2307 1452 2668 1523 intelligatur
2687 1469 2798 1526 pro
2818 1454 3086 1523 Pascha;
3118 1456 3430 1527 quomodo
3474 1459 3653 1516 stabit
3686 1477 3700 1515 :

2042 1541 2196 1597 Erat
2229 1542 2467 1599 Pascha
2499 1549 2554 1599 et
2581 1558 2796 1613 azyma
2823 1549 2956 1613 post
2996 1544 3239 1601 biduum
3260 1548 3289 1599 ?
3338 1545 3454 1603 Sed
3489 1546 3705 1604 beatus

2046 1632 2233 1687 Lucas
2265 1646 2510 1707 omnem
2539 1631 2775 1689 solvens
2802 1632 3046 1689 haeresis
3074 1634 3543 1691 controversiam
3587 1636 3702 1693 ait:

2043 1721 2091 1776 A
2100 1720 2588 1792 ppropinquabat
2603 1721 2727 1778 dies
2738 1722 3215 1793 azymorum,qui
3234 1722 3454 1780 dicitur
3473 1724 3706 1782 Pascha

2046 1811 2115 1878 ";
2132 1810 2341 1882 etquia
2353 1825 2492 1867 cum
2504 1825 2596 1880 eo,
2611 1809 2715 1883 qui
2729 1811 2966 1883 proprie
2980 1812 3207 1867 Pascha
3218 1812 3548 1883 dicebatur,
3563 1813 3704 1870 sub-

282 1899 545 1955 occultes
562 1906 790 1968 eum,ct
814 1902 1019 1991 statim
1028 1899 1495 1971 proditopopulo
1518 1901 1937 1969 interﬁcies,ut
1966 1935 2009 1992 Β
2046 1901 2364 1970 sequentes
2392 1912 2636 1992 quoque
2661 1897 2789 1955 dies
2820 1914 3171 1992 azymorum
3198 1899 3455 1992 abusive
3471 1916 3703 1992 nuncu-

278 1994 599 2045 avertatur
622 1991 913 2046 Dominus
925 1984 1001 2047 ab
1019 1992 1117 2048 ira
1141 1991 1375 2060 furoris
1388 1991 1502 2056 sui,
1517 1996 1572 2047 et
1584 1991 1939 2049 misereatur

280 2079 394 2148 tui,
424 2079 905 2152 multiplicetque
933 2086 989 2137 te
1014 2080 1085 2149 ³ο,
1119 2085 1226 2137 etc.

354 2166 467 2222 Sed
526 2166 741 2223 iterum
781 2167 991 2225 dicunt
1031 2169 1247 2225 Graeci:
1282 2167 1337 2225 Si
1379 2168 1639 2225 creditur
1667 2169 1941 2242 omnipo-

270 2258 427 2319 tens,
453 2255 645 2327 potuit
658 2256 863 2328 utique
876 2256 1075 2313 subito
1098 2256 1522 2313 fermentatum
1537 2256 1941 2329 undecunque

272 2343 580 2407 exhibere,
610 2349 716 2401 aut
744 2349 900 2401 certe
929 2346 1132 2417 ipsum
1190 2361 1474 2418 azymum
1527 2345 1941 2402 benedicendo

271 2433 658 2492 fermentare.
683 2434 857 2501 Quod
878 2451 1064 2509 quam
1084 2436 1157 2492 sit
1178 2435 1473 2505 frivolum,
1495 2452 1677 2493 nemo
1703 2442 1815 2507 est,
1835 2438 1942 2510 qui

273 2538 403 2580 non
419 2522 740 2595 intelligat:
774 2524 918 2598 quia
940 2540 1301 2599 quocunque
1322 2526 1507 2583 modo
1524 2526 1686 2599 apud
1716 2542 1856 2583 eum
1881 2528 1942 2583 in

272 2612 415 2684 ipsa
451 2613 825 2670 solemnitate
874 2614 1299 2671 fermentatum
1353 2616 1751 2688 apparuisset,
1796 2616 1943 2689 legis

276 2710 686 2771 transgressor
715 2703 899 2770 ﬁeret,
933 2708 987 2759 et
1037 2709 1215 2776 plane
1246 2704 1470 2775 dignus
1497 2704 1716 2777 puniri,
1750 2706 1854 2777 qui
1884 2707 1942 2761 in

263 2796 502 2860 sancta:
529 2791 676 2862 legis
702 2792 1129 2849 contumeliam
1158 2793 1582 2849 fermentatum
1609 2798 1938 2850 tractasset.

278 2879 397 2938 Sed
418 2886 475 2935 et
495 2881 546 2937 si
565 2882 836 2955 quolibet
858 2882 1041 2939 modo
1073 2888 1309 2939 tantum
1333 2884 1693 2939 miraculum
1717 2884 1942 2941 factum

274 2970 510 3037 fuisset,
526 2970 738 3044 aliquis
751 2972 1258 3042 evangelistarum
1272 2979 1589 3041 narrasset;
1608 2990 1745 3029 cum
1762 2974 1940 3030 etiam

272 3057 565 3130 quaedam
587 3060 863 3129 minima,
885 3076 995 3116 nec
1024 3061 1369 3117 narratione
1384 3061 1536 3117 adeo
1549 3062 1753 3131 digna,
1770 3067 1835 3117 ut
1864 3061 1939 3118 de

275 3149 664 3204 contentione
696 3148 1154 3222 discipulorum,
1214 3150 1527 3219 diligenter
1558 3142 1779 3207 fuerint
1806 3166 1939 3207 nar-

270 3245 430 3293 rata.
452 3236 668 3293 Omnia
687 3253 829 3308 ergo
850 3243 973 3293 tam
992 3238 1293 3294 obstinato
1316 3238 1547 3295 silentio
1581 3239 1941 3295 reticuerunt

273 3327 1432 3400 necessariisaerameutiinitium,quod
1455 3329 1632 3384 totius
1662 3328 1939 3385 Ecclesiae

276 3417 533 3473 exsistat
561 3417 1218 3474 fundamentum.Unde
1251 3419 1532 3491 quamvis
1563 3419 1638 3475 sit
1668 3420 1941 3492 omnipo-

280 3510 433 3571 tens,
466 3506 629 3562 istud
659 3506 855 3562 facere
901 3522 1024 3563 non
1066 3507 1275 3578 potuit,
1326 3509 1470 3580 quia
1507 3508 1713 3564 noluit.
1747 3510 1941 3574 Quare

278 3594 520 3651 noluit?
548 3596 699 3661 Quia
727 3597 1062 3667 transgredi
1091 3597 1286 3666 legem
1317 3598 1526 3655 noluit.
1556 3598 1724 3653 Unde
1745 3598 1773 3653 ?
1806 3599 1940 3654 Non

280 3688 425 3741 veni
454 3686 680 3742 solvere
702 3688 907 3756 legem,
961 3686 1062 3742 sed
1086 3687 1418 3755 adimplere
1447 3689 1513 3742 ⁸⁸.
1541 3687 1714 3753 Quod
1738 3694 1941 3743 autem

280 3775 725 3847 omnipotentia
783 3791 896 3831 sua
944 3775 1158 3846 ligetur
1203 3776 1434 3832 ratione
1485 3777 1825 3833 necessaria
1885 3782 1943 3834 et

281 3863 436 3934 utili,
459 3864 750 3937 probatur
768 3880 875 3939 per
896 3864 1329 3935 evangelistam
1352 3866 1709 3938 Mattheeum,
1743 3866 1944 3923 dicen-

282 3958 406 4008 tem
435 3953 511 4008 de
536 3954 730 4025 patria
760 3954 967 4010 Christi
993 3972 1005 4009 :
1038 3956 1173 4010 Non
1194 3956 1387 4023 potuit
1406 3956 1489 4010 ibi
1514 3960 1763 4013 virtutes
1791 3958 1942 4013 mul-

280 4049 378 4100 tas
398 4044 627 4113 facere,
659 4051 913 4114 propter
940 4045 1433 4102 incredulitatem
1461 4062 1661 4102 eorum
1694 4047 1763 4101 ⁸³.

534 4162 857 4230 Responsio
884 4161 965 4218 ad
989 4166 1411 4219 auctoritatem
1442 4164 1708 4219 Joannis.

357 4274 452 4331 Ad
480 4275 817 4333 secundum
848 4276 1153 4347 objectum
1178 4277 1251 4333 de
1280 4280 1629 4335 auctoritate
1660 4281 1943 4337 Joannis:

283 4365 417 4435 Ipsi
438 4381 558 4421 non
580 4367 939 4422 intioierimt
962 4368 1030 4431 ⁸³,
1051 4372 1186 4436 etc.,
1209 4366 1492 4437 dicimus,
1520 4369 1687 4441 quod
1716 4371 1949 4427 Pascha

285 4455 693 4527 multipliciter
723 4457 1069 4528 accipiatur.
1104 4457 1447 4530 Aliquando
1481 4460 1643 4514 enim
1676 4465 1766 4515 est
1821 4461 1949 4517 dies

287 4544 758 4602 immolationis:
793 4545 954 4601 unde
992 4546 1229 4602 Levitici
1268 4565 1279 4605 :
1324 4548 1562 4604 Decimo
1613 4556 1829 4620 quarto
1856 4551 1950 4608 die

1970 3294 2012 3350 C

2049 1991 2268 2061 pantur
2292 1988 2542 2055 Pascha,
2590 2003 2774 2061 quem
2804 1988 2966 2045 diem
3014 1988 3190 2046 vellet
3214 1989 3482 2061 intelligi,
3512 1991 3575 2048 in
3605 2008 3702 2049 se-

2047 2075 2373 2148 quentibus
2424 2076 2687 2133 ostendit
2706 2077 2910 2132 dicens
2938 2095 2950 2132 :
2992 2079 3161 2134 Venit
3193 2084 3391 2135 autem
3410 2079 3533 2137 dies
3558 2095 3703 2151 azy-

2048 2181 2282 2221 morum
2314 2166 2379 2222 in
2404 2180 2525 2237 qua
2552 2180 2783 2223 necesse
2810 2172 2941 2223 erat
2966 2167 3160 2223 occidi
3176 2166 3403 2225 Pascha
3428 2170 3500 2226 ⁹³.
3529 2169 3703 2235 Quod

2049 2254 2227 2327 plane
2259 2255 2320 2310 in
2350 2254 2585 2313 decima
2616 2260 2833 2328 quarta
2860 2255 3008 2312 luna
3036 2255 3221 2313 ﬁebat
3249 2256 3328 2313 ad
3355 2272 3703 2331 vesperum,

2049 2343 2294 2415 quando
2325 2359 2520 2415 agnus
2549 2343 2973 2413 occidebatur;
3027 2360 3211 2417 quem
3259 2346 3441 2402 etiam
3472 2347 3707 2407 Pascha

2050 2432 2189 2499 dici,
2222 2433 2593 2504 evangelista
2623 2434 2708 2490 sic
2752 2424 3074 2506 perhibuit,
3130 2438 3197 2491 ut
3224 2434 3286 2491 in
3315 2435 3448 2508 ipso
3473 2436 3707 2495 Pascha

2050 2522 2450 2580 occidendum
2475 2522 2717 2580 diceret.

2122 2616 2323 2677 Porro,
2342 2612 2867 2685 qualiterintelligi
2888 2612 3124 2683 debeat,
3150 2614 3317 2686 quod
3345 2613 3462 2671 ait:
3496 2615 3568 2672 Ut
3582 2631 3706 2672 non

2052 2705 2628 2774 contaminarentur,
2648 2704 2753 2760 sed
2764 2710 2829 2760 ut
2844 2704 3287 2761 manducarent
3308 2704 3616 2762 Pascha”.
3632 2708 3703 2763 ’9.

2050 2791 2231 2847 Paulo
2254 2797 2389 2864 post
2409 2792 2490 2848 ait
2513 2808 2525 2846 :
2549 2792 2704 2848 Erat
2725 2798 2924 2848 autem
2946 2795 3266 2849 Parasceve
3285 2793 3530 2850 Pascha:
3558 2794 3706 2852 hora

2051 2882 2225 2953 quasi
2257 2889 2429 2937 sexta
2476 2883 2515 2936 ¹.
2574 2882 2898 2937 Parasceve
2927 2881 3185 2947 Paschaz,
3210 2882 3567 2954 prieparatio
3602 2886 3708 2940 Pa~

2004 3008 2009 3013 ς
2053 2971 2214 3026 scha:
2237 2971 2689 3043 interpretatur:
2721 2971 2971 3043 quando
2992 2971 3121 3042 jam
3150 2972 3626 3043 praeparabatur,
3649 2977 3708 3031 et

2051 3059 2631 3117 iustabatcelebritas
2646 3060 2765 3116 diei
2777 3060 2984 3129 magni
3002 3059 3268 3127 Sabbati,
3284 3061 3389 3133 qui
3416 3060 3707 3120 celebrior

2049 3150 2279 3205 cunctis
2303 3149 2517 3205 diebus
2566 3153 2708 3204 tunc
2754 3149 3093 3205 habebatur
3121 3149 3509 3221 paschalibus
3539 3151 3707 3224 apud

2048 3238 2286 3293 Iudaeos
2311 3237 2495 3293 :adeo
2518 3242 2581 3293 ut
2605 3237 2988 3294 observantia
3034 3238 3164 3309 ejus
3188 3238 3423 3307 gentilis
3440 3239 3704 3295 hominis

2050 3327 2513 3394 cohabitatione,
2539 3327 2717 3384 veluti
2744 3328 2986 3384 introitu
3011 3330 3293 3400 praetorii,
3316 3329 3701 3401 pollueretur.

2052 3419 2071 3472 Ι
2080 3420 2237 3488 gitur
2258 3436 2269 3473 :
2284 3419 2375 3475 Ne
2387 3419 2449 3474 in
2466 3434 2641 3475 cruce
2656 3425 3037 3475 remanerent
3059 3434 3317 3488 corpora
3337 3420 3400 3475 in
3421 3419 3703 3490 Sabbato,

2050 3513 2349 3577 rogarunt
2375 3509 2654 3575 Pilatum,
2688 3515 2755 3562 ut
2786 3509 3146 3564 tollerentur
3168 3510 3212 3564 ³.
3244 3507 3478 3565 Pascha
3501 3508 3704 3579 igitur,

2048 3597 2111 3651 in
2134 3597 2450 3668 prmmissa
2470 3596 3135 3669 auctoritate,accipitur
3156 3612 3265 3669 pro
3295 3597 3525 3669 azymis
3548 3616 3561 3650 :
3581 3613 3705 3669 quo

2049 3687 2390 3742 necessario
2404 3701 2710 3752 concesso,
2724 3686 3412 3743 cessatadversariorum
3423 3685 3706 3757 objectio.

2533 3803 2768 3859 Solutio
2800 3803 2881 3859 ad
2912 3803 3175 3860 tertiam.

2122 3918 2209 3974 Ad
2232 3919 2487 3981 tertiam,
2509 3917 2677 3991 quod
2712 3917 2939 3986 dicunt,
2971 3918 3139 3992 quod
3165 3920 3318 3993 ἄρτος
3346 3918 3708 3993 supponitur

2053 4024 2161 4081 pro
2187 4008 2561 4076 fermentato,
2596 4008 2874 4076 dicimus,
2896 4008 3065 4080 quod
3089 4007 3350 4065 multum
3372 4005 3713 4082 discrepant

2055 4116 2091 4157 a
2115 4100 2358 4156 veritate
2388 4117 2400 4153 :
2434 4098 2579 4171 quia
2617 4099 2774 4170 ἄρτος
2800 4099 2862 4154 in
2910 4115 3084 4155 sacra
3129 4099 3433 4171 Scriptura
3469 4116 3593 4156 non
3620 4116 3714 4157 so-

2054 4190 2179 4245 lum
2198 4205 2307 4261 pro
2328 4204 2563 4259 azymo,
2590 4204 2802 4243 verum
2819 4188 2997 4244 etiam
3019 4204 3130 4261 pro
3151 4188 3419 4261 quolibet
3441 4204 3597 4262 pane
3619 4206 3714 4245 su-

2056 4282 2258 4348 mitur,
2303 4282 2478 4350 prout
2509 4278 2570 4333 in
2606 4277 2996 4350 sequentibus
3026 4278 3361 4351 apparebit.
3415 4278 3716 4351 Scriptum

2057 4370 2237 4426 estin
2270 4371 2448 4437 Luca,
2477 4366 2645 4440 quod
2702 4384 2842 4423 cum
2901 4368 3189 4424 Dominus
3238 4369 3620 4441 apparuisset
3656 4370 3716 4426 in

2060 4460 2258 4531 specie
2282 4457 2597 4531 peregrini,
2636 4462 2881 4513 coactus
2908 4457 3073 4514 fuita
3115 4458 3357 4513 duobus
3386 4457 3715 4531 discipulis,

2059 4553 2125 4605 ut
2164 4548 2589 4615 discumberet,
2638 4551 2695 4602 et
2741 4550 2877 4617 post
2908 4548 3171 4615 :accepit
3219 4542 3397 4619 ἄρτον,
3450 4552 3505 4602 et
3554 4547 3721 4604 bene~

289 4639 511 4692 mensis
527 4635 608 4691 ad
624 4651 929 4705 vesperam
953 4636 1640 4705 PaschaDominiest“;
1666 4645 1720 4695 et
1743 4641 1947 4696 iuMat-
1980 4642 2025 4697 D
2060 4639 2236 4703 dixit,
2269 4641 2325 4691 et
2352 4652 2488 4708 quae
2512 4640 2844 4706 sequuntur
2874 4634 2915 4688 ³.
2950 4634 3065 4690 Sed
3092 4641 3349 4703 constat,
3399 4634 3565 4707 quod
3590 4634 3721 4691 haec

288 4724 490 4781 thzeo:
526 4725 708 4780 Scitis
735 4728 879 4796 quia
898 4731 1030 4795 post
1056 4726 1302 4781 biduum
1335 4726 1571 4783 Pascha
1597 4729 1698 4795 ﬁet
1733 4730 1802 4783 ³⁵.
1836 4730 1949 4786 Ali-

287 4816 544 4889 quando
574 4831 771 4886 agnus
802 4817 1172 4883 immolatus,
1202 4821 1303 4872 ut:
1344 4818 1510 4875 Unde
1552 4822 1638 4875 vis
1666 4836 1951 4890 paremus

291 4904 653 4961 tibiPascha
670 4906 756 4961 "‘2
770 4904 1147 4979 Quandoque
1161 4922 1302 4962 vero
1316 4906 1445 4963 dies
1459 4912 1954 4980 azymorum,sic-

288 4999 358 5051 ut
387 4994 646 5051 habetur
673 4994 736 5050 in
779 4994 1026 5051 Actibus
1068 4995 1483 5067 apostolorum
1510 4998 1585 5053 de
1616 5001 1821 5055 Petro:
1863 5001 1956 5057 Vo-

288 5086 421 5141 lens
428 5091 565 5153 post
572 5084 906 5153 producere
917 5101 1044 5142 eum
1061 5086 1307 5155 populo;
1322 5093 1496 5143 erant
1509 5089 1663 5144 enim
1678 5087 1807 5147 dies
1818 5106 1955 5161 azy-

285 5189 527 5230 morum
540 5176 607 5227 ⁸⁷.
628 5174 967 5247 Aliquando
987 5180 1185 5231 autem
1200 5190 1389 5247 panes
1411 5178 1628 5250 azymi,
1662 5178 1950 5237 sicuthic:

283 5265 427 5320 Non
458 5265 829 5320 introierunt
860 5266 929 5321 in
955 5266 1409 5334 prcetorium,ut
1432 5282 1551 5322 non
1584 5272 1954 5341 contamina,

286 5359 528 5419 rentur,
544 5354 648 5410 sed
661 5360 723 5409 ut
747 5354 1434 5412 manducarentPascha
1452 5357 1522 5423 ⁸³,
1552 5356 1615 5412 id
1633 5362 1737 5430 est,
1765 5375 1953 5432 panes

2060 4728 2220 4783 facta
2287 4729 2425 4781 sunt
2462 4724 2642 4780 indie
2688 4723 3175 4788 Resurrectionis,
3234 4724 3352 4780 hoc
3399 4730 3506 4789 est,
3536 4724 3600 4779 in
3624 4725 3723 4781 die

2062 4832 2437 4889 azymorum,
2469 4815 2575 4887 qui
2605 4830 2711 4885 per
2742 4818 2971 4885 septem
3002 4810 3130 4868 dies
3161 4812 3495 4869 secundum
3525 4813 3722 4884 legem

2063 4904 2689 4977 durabant,inquibus
2702 4920 2825 4959 non
2866 4903 3063 4959 solum
3094 4917 3217 4959 non
3235 4904 3490 4974 comedi,
3511 4920 3725 4960 verum

2068 5014 2175 5054 nec
2198 4998 2258 5052 in
2279 4994 2586 5061 domibus,
2616 4993 2805 5049 neciu
2826 4993 3050 5048 ﬁnibus
3072 4992 3183 5048 illis
3209 4991 3726 5066 omnibus,panis

2065 5088 2458 5144 fermentatus
2488 5089 2725 5156 poterat
2760 5083 3042 5139 inveniri.
3084 5084 3326 5139 Constat
3356 5098 3522 5153 ergo,
3554 5078 3726 5155 quod

2065 5178 2167 5235 ille
2233 5177 2427 5249 panis,
2474 5174 2580 5247 qui
2630 5174 2965 5229 secundum
3022 5177 3251 5228 Graecos
3284 5174 3438 5246 ἄρτος
3488 5174 3727 5241 dicitur,

2066 5284 2191 5324 non
2250 5266 2359 5321 fuit
2424 5265 2833 5335 fermentatus,
2890 5262 2996 5319 sed
3038 5278 3311 5334 azymus.
3348 5262 3536 5337 "Apro;
3582 5278 3725 5333 ergo

2079 5358 2371 5431 supponit
2399 5372 2509 5427 pro
2532 5370 2766 5426 azymo.

366 5535 412 5567 ⁷⁷
446 5534 620 5590 Joau.
654 5550 765 5601 xm,
794 5538 883 5591 26.
962 5539 1031 5592 78
1058 5535 1257 5591 Matth.
1292 5552 1443 5605 ‘XYTI,
1472 5540 1560 5593 23.
1619 5535 1667 5571 7"
1696 5539 1895 5595 Matth.
1929 5555 1960 5593 x

2004 5555 2101 5602 vu,
2135 5540 2187 5592 4.
2254 5537 2301 5570 ⁸ο
2335 5538 2497 5590 Deut.
2534 5540 2651 5595 xui,
2682 5537 2834 5589 6-H).
2906 5533 2950 5567 δι
2981 5533 3181 5590 Matth.
3215 5549 3269 5596 v,
3311 5538 3394 5589 l7.
3459 5532 3505 5567 ⁸²
3534 5531 3733 5590 Matth.

294 5624 418 5671 x1",
448 5610 538 5662 58.
615 5609 788 5663 Marc.
822 5622 900 5662 vr.
978 5608 1025 5642 ⁸³
1054 5609 1231 5664 Joan.
1267 5625 1423 5677 xvui,
1451 5614 1538 5665 28.
1620 5611 1666 5643 ⁸³
1701 5611 1887 5666 Exod.
1919 5627 1966 5665 χι

2004 5613 2133 5680 ,18.
2214 5610 2261 5643 ετ»
2294 5607 2491 5663 Matth.
2520 5610 2746 5673 XXVI,‘2.
2809 5607 2856 5640 εδ
2890 5606 3181 5680 lbid.l7_._
3212 5607 3270 5680 si
3302 5607 3429 5661 Act.
3465 5621 3562 5680 xu,
3596 5612 3650 5670 3,
3682 5610 3735 5659 ι..

294 5680 343 5713 ⁸⁸
374 5680 545 5734 Joan.
579 5694 734 5748 xvui,
780 5682 860 5734 l8.
921 5680 968 5713 ⁸9
1001 5680 1198 5735 Matth.
1228 5698 1339 5745 xw,
1391 5686 1446 5738 2.
1514 5684 1562 5717 ⁹⁰
1594 5685 1771 5738 Mare.
1800 5700 1918 5753 xw,
1953 5690 1995 5737 t.

654 5754 868 5829 '_Joan.
903 5768 1013 5829 χιιι,
1045 5753 1233 5829 li_.___’
1266 5753 1414 5809 Ibid.
1445 5755 1532 5810 31.
1612 5756 1634 5789 ³
1672 5758 1811 5813 Luc.
1842 5771 2005 5829 xxm,
2044 5759 2129 5812 l3.

295 5767 453 5824 xvm,
480 5753 571 5806 28.

386 5854 391 5857 -
661 5825 904 5882 PATROL.
946 5824 1050 5881 Gn.
1093 5825 1246 5884 CXL.

2068 5685 2111 5718 9'
2148 5680 2295 5737 Ibid.
2332 5682 2415 5737 12.
2483 5680 2530 5713 ⁹²
2562 5681 2699 5734 Luc.
2733 5695 2873 5746 χχιι,
2912 5683 2960 5733 l.
3026 5678 3076 5712 93
3101 5677 3251 5733 lbid.
3280 5684 3331 5733 7.
3404 5678 3539 5718 εδδ-9³
3569 5680 3741 5736 Joau.

3252 5827 3313 5881 17
