4468 6440
812 422 916 482 523

2036 410 2520 471 PANTALEONIS
2556 410 2846 472 ΒΙΛοοΜ
2885 411 2990 472 CP.

4119 414 4226 470 524

881 550 1072 617 Atque
1098 542 1215 599 hoc
1264 541 1469 614 ipsum
1496 537 1798 595 habemus
1825 535 1886 591 in
1918 535 2192 602 Levitico,
2219 537 2322 594 ubi
2343 541 2465 594 Mo—
2498 543 2547 595 Α
2575 554 2762 610 quam
2790 533 3282 611 pravaricatores
3303 539 3471 610 legis.
3524 536 3725 595 Primo
3755 536 3935 608 igitur
3962 536 4058 594 die
4093 552 4226 610 azy-

812 650 906 690 ses
925 633 1001 688 de
1029 631 1291 705 panibus
1319 624 1750 701 propositionis
1775 623 1910 679 fecit
1941 624 2328 692 mentionem,
2361 627 2468 698 qui

811 720 1006 793 azymi
1055 721 1246 782 erant,
1292 715 1628 773 secundum
1682 713 1878 784 legem
1925 713 1966 766 ‘.
1999 716 2161 779 Item,
2217 714 2319 770 ubi
2353 715 2464 770 ait:

815 808 1146 869 Comedetis
1158 821 1345 876 panes
1362 818 1600 874 azymos
1631 817 1765 857 cum
1798 801 2052 856 lactucis
2081 803 2464 873 aqrestibus‘,

810 897 1045 955 habens
1062 897 1124 952 in
1154 899 1375 961 Graco,
1398 890 1722 949 comedetis
1751 895 1922 963 ᾶρτον.
1962 889 2107 945 Item
2134 890 2195 945 in
2228 891 2469 963 Sapien-

811 987 913 1053 tia,
943 986 1046 1042 ubi
1076 986 1372 1056 scriptura
1400 981 1475 1037 de
1529 995 1688 1054 pane
1717 979 1960 1048 caelesti,
2005 979 2067 1034 id
2102 985 2188 1035 est
2218 986 2467 1051 manna,

807 1081 1100 1146 paratum
1129 1073 1204 1130 de
1231 1074 1378 1130 calo
1408 1072 1452 1138 ⁸,
1485 1074 1619 1136 etc.,
1648 1068 1790 1124 dicit
1819 1069 2078 1134 Gracus,
2111 1070 2288 1142 ἄρτον.
2326 1069 2470 1125 Item

813 1145 1146 1227 Psalmista,
1171 1161 1273 1217 ubi
1293 1145 1405 1217 nos
1425 1158 1684 1214 dicimus
1709 1174 1722 1211 :
1743 1156 1964 1212 Panem.
1974 1158 2328 1227 angelorum
2350 1160 2370 1192 ⁷
2390 1158 2472 1226 ,in

813 1255 1017 1311 Graco
1090 1250 1345 1307 habetur
1394 1250 1547 1322 ἄρτον
1609 1245 1850 1317 ἀγγέλων.
1913 1245 2058 1301 Item
2120 1246 2403 1301 Salomon
2454 1262 2468 1301 :

811 1342 1031 1399 Suavis
1055 1346 1139 1396 est
1163 1340 1341 1408 panis
1390 1335 1692 1393 mendacii
1710 1335 1753 1388 ⁸.
1787 1336 1933 1389 Ecce
1986 1334 2302 1390 manifesto
2333 1350 2472 1390 con-

815 1433 950 1497 stat,
973 1427 1141 1501 quod
1156 1427 1273 1483 hoc
1289 1439 1514 1482 nomen
1526 1423 1704 1493 panis
1729 1420 2148 1477 indifferenter
2157 1423 2469 1494 accipitur,

813 1521 940 1574 tam
996 1532 1107 1590 pro
1159 1529 1396 1586 azymo,
1447 1528 1631 1584 quam
1661 1526 1772 1584 pro
1822 1510 2216 1575 fermentato;
2251 1517 2309 1567 et
2347 1517 2470 1568 tam

813 1607 889 1663 de
922 1621 994 1662 eo
1021 1605 1188 1677 quod
1216 1603 1406 1676 replet
1427 1605 1720 1669 ventrem,
1743 1615 1930 1666 quam
1962 1615 2071 1671 pro
2095 1615 2166 1656 eo
2183 1601 2349 1672 quod
2381 1617 2472 1658 sa-

813 1695 921 1751 tiat
943 1696 1231 1758 mentem,
1258 1692 1375 1747 hoc
1395 1694 1500 1760 est,
1535 1687 1903 1745 desiderium
1948 1687 2230 1756 hominis,
2259 1689 2378 1745 sive
2408 1690 2468 1746 in

812 1783 1000 1851 bono,
1028 1781 1154 1836 sive
1184 1781 1246 1836 in
1271 1777 1456 1835 malo.

887 1871 1004 1929 Sed
1048 1870 1190 1927 dicit
1225 1870 1440 1926 iterum
1495 1869 1768 1924 Gracus:
1802 1867 2026 1922 Veritas
2074 1866 2253 1923 debet
2277 1883 2468 1924 corre-
2500 1883 2540 1936 Β

816 1960 1117 2035 spondere
1145 1958 1396 2014 umbra.
1423 1955 1538 2014 Sed
1558 1960 1774 2028 quarta
1803 1955 2039 2011 decima
2066 1955 2211 2012 luna
2231 1957 2310 2012 ad
2340 1974 2471 2013 ves-

814 2065 1024 2122 peram
1048 2045 1480 2104 immolabatur
1505 2059 1701 2114 agnus
1723 2044 1980 2116 typicus.
1995 2046 2145 2115 Ergo
2167 2046 2227 2100 in
2255 2045 2350 2101 die
2366 2049 2471 2102 Pa-

813 2152 1055 2196 rasceve
1084 2136 1195 2192 fuit
1221 2137 1368 2193 luna
1387 2139 1604 2208 quarta
1631 2133 1886 2188 decima.
1919 2134 2066 2205 quia
2084 2140 2300 2207 quarta
2319 2135 2475 2192 deci-

814 2226 1083 2284 maluna
1110 2223 1460 2282 immolatus
1507 2221 1618 2278 fuit
1667 2227 1872 2293 Agnus
1905 2237 2101 2278 verus.
2137 2225 2287 2295 Ergo
2336 2225 2473 2281 etin

814 2315 1028 2388 quinta
1057 2313 1206 2370 feria
1234 2311 1594 2385 pracedenti
1641 2309 1751 2366 fuit
1777 2309 1925 2365 luna
1948 2310 2121 2366 tertia
2141 2311 2397 2380 decima,
2419 2318 2476 2371 et

814 2409 957 2460 tunc
987 2402 1124 2459 fecit
1153 2401 1419 2459 Christus
1449 2398 1684 2456 Pascha
1704 2400 2066 2469 suum.Ergo
2092 2399 2356 2457 Christus
2374 2417 2474 2458 co-

813 2491 1004 2548 medit
1030 2505 1246 2563 azyma
1267 2488 1521 2545 Pascha.

886 2579 1152 2636 Dicimus
1182 2578 1349 2651 quod
1377 2577 1596 2634 veritas
1641 2576 1972 2648 respondet
2016 2576 2270 2642 umbra,
2329 2579 2474 2651 quia

815 2671 878 2726 in
891 2668 1124 2726 Pascha
1143 2667 1347 2740 typico
1375 2671 1544 2722 erant
1554 2665 1700 2731 duo,
1721 2664 1941 2722 scilicet
1959 2667 2099 2736 agni
2115 2665 2472 2737 immolatio,

817 2764 876 2816 et
915 2757 1220 2816 comestio.
1264 2761 1468 2828 Agnus
1541 2756 1776 2828 typicus
1838 2754 2269 2810 immolabatur
2332 2758 2474 2812 luna

816 2851 1037 2921 quarta
1064 2846 1286 2902 dicima
1323 2863 1337 2913 ;
1387 2848 1444 2900 et
1497 2842 1830 2900 immolatio
1856 2842 1982 2898 veri
2009 2844 2161 2912 Agni
2191 2844 2473 2902 inchoata

817 2940 906 2993 est
931 2936 1079 2992 luna
1100 2934 1338 2991 decima
1361 2932 1736 3005 quarta,'qua
1764 2937 1976 3003 captus
2003 2937 2132 2988 erat
2159 2934 2467 2990 Dominus.

816 3029 883 3083 Et
909 3023 1245 3082 immolatio
1302 3021 1627 3094 respondet
1682 3020 2108 3077 immolationi.
2179 3023 2472 3080 Comestio

816 3120 1020 3172 autem
1041 3112 1394 3170 comestioni
1432 3110 1688 3168 totaliter
1713 3110 2076 3182 respondet;
2103 3111 2248 3183 quia
2278 3127 2474 3182 agnus

2575 642 2837 696 morum,
2869 627 2974 700 qui
2993 633 3119 684 erat
3146 628 3294 695 dies,
3317 621 3585 683 fecerunt
3610 623 3911 682 Christum
3940 622 4153 682 occidi.

3074 765 3396 833 Responsio
3424 763 3506 819 ad
3532 761 3727 818 aliud.

2649 897 2737 952 Ad
2768 895 2848 967 id,
2895 895 3062 967 quod
3106 896 3394 968 sequitur,
3441 893 3731 968 quoniam
3777 893 3877 949 illa
3923 894 4053 960 tria,
4094 909 4228 966 qua

2580 985 2800 1040 suntin
2832 984 3084 1053 Christo,
3145 984 3365 1039 scilicet
3404 999 3644 1056 corpus,
3686 985 3743 1038 et
3779 982 4004 1049 anima,
4036 989 4094 1038 et
4147 977 4230 1037 dl-

2582 1074 2812 1136 vinitas,
2846 1072 2892 1127 si
2918 1071 3032 1127 ista
3057 1071 3263 1128 fabula
3285 1071 3488 1144 aliquo
3532 1071 3718 1126 modo
3747 1068 3932 1140 digna
3959 1070 4117 1127 esset
4148 1076 4232 1125 re-

2580 1161 2923 1232 sponsione,
2957 1176 3283 1232 possumus
3312 1159 3528 1229 dicere,
3547 1157 3716 1230 quod
3740 1164 3954 1230 prater
3972 1157 4074 1215 illa
4097 1156 4228 1226 tria,

2581 1250 2709 1306 alia
2738 1249 2874 1305 dua
2900 1249 3292 1321 proprietates
3318 1252 3561 1318 possent
3618 1248 3680 1302 in
3733 1264 3845 1303 suo
3879 1247 4232 1304 fermen’tato

2582 1337 2900 1407 assignari.
2931 1336 3029 1392 Est
3049 1337 3209 1392 enim
3231 1337 3292 1392 in
3317 1336 3513 1393 farina
3534 1335 3891 1392 fermentata
3916 1330 4026 1399 sal,
4047 1351 4233 1408 aqua,

2581 1431 2639 1482 et
2675 1425 2848 1495 ignis,
2900 1426 3028 1480 sine
3079 1439 3204 1496 quo
3252 1433 3526 1496 unquam
3578 1424 3755 1497 panis
3777 1424 3856 1480 ad
3913 1424 4233 1480 essentiam

2582 1530 2756 1570 suam
2792 1518 2982 1585 potest
3025 1515 3354 1586 pervenire.
3387 1515 3450 1568 Et
3478 1514 3561 1569 ita
3608 1528 3730 1569 non
3798 1513 4113 1579 ternarias,
4172 1517 4234 1569 ut

2578 1603 2693 1675 ipsi
2723 1602 3109 1668 mentiuntur,
3137 1603 3243 1658 sed
3277 1601 3701 1675 quaternarius
3716 1605 3775 1657 et
3792 1601 4106 1674 quinarius
4125 1617 4234 1657 nn-

2580 1707 2782 1746 merus
2811 1690 2872 1745 in
2897 1705 3054 1763 pane
3076 1690 3377 1746 invenitur
3398 1689 3772 1745 fermentato.

2650 1781 2712 1833 In
2743 1783 2947 1833 nostro
2971 1793 3111 1832 vero
3142 1780 3541 1842 sacramento,
3571 1776 3634 1831 in
3671 1792 3797 1848 quo
3838 1775 3985 1832 nihil
4027 1782 4118 1831 est
4142 1792 4234 1831 su-

2579 1865 2899 1939 perﬂuum,
2920 1865 3101 1922 etiam
3113 1865 3448 1920 secundum
3462 1864 3934 1934 signiﬁcationes
3945 1880 4107 1930 suas,
4122 1865 4235 1920 tria

2579 1962 2812 2012 tantum
2834 1955 3230 2026 reperiuntur,
3262 1954 3484 2009 scilicet
3513 1953 3726 2022 farina,
3750 1968 3913 2025 aqua
3951 1957 4009 2009 et
4033 1953 4191 2022 ignis
4217 1968 4231 2018 ;

2582 2044 2883 2100 mediante
2903 2059 3026 2116 quo
3047 2043 3244 2099 farina
3263 2048 3318 2098 et
3343 2057 3504 2116 aqua
3525 2041 3993 2113 conjunguntur.
4023 2041 4235 2098 Farina

2581 2133 2868 2205 supponit
2895 2146 3006 2204 pro
3036 2147 3217 2187 carne
3250 2149 3263 2198 ;
3294 2145 3475 2203 aqua,
3510 2145 3620 2202 pro
3645 2131 3850 2186 anima
3874 2130 4063 2199 ;ignis
4092 2145 4235 2185 vero

2583 2237 2690 2294 pro
2719 2220 3062 2286 divinitate;
3094 2236 3232 2292 qua
3281 2226 3537 2291 utraque
3594 2221 3927 2291 assumpsit
3954 2220 4015 2274 in
4046 2219 4234 2275 unita-

2580 2317 2702 2367 tem
2731 2325 3029 2382 persona.
3061 2309 3176 2366 Sed
3205 2307 3351 2380 quid
3377 2307 3554 2364 nobis
3576 2308 3651 2363 de
3681 2308 3807 2364 istis
3835 2308 4052 2364 fabulis
4077 2313 4237 2364 vetu-

2579 2399 2776 2455 larum
2807 2397 2835 2452 ?
2861 2397 3122 2452 Audiant
3153 2396 3336 2454 Graci
3393 2411 3577 2467 super
3600 2396 3718 2451 hoc
3736 2395 3986 2451 beatum
4017 2398 4236 2465 Grego-

2579 2488 2736 2543 rium
2768 2488 2827 2542 in
2861 2485 3139 2556 Dialogis,
3191 2501 3349 2558 qua,
3389 2491 3447 2540 et
3493 2484 3700 2556 qualia
3729 2489 4109 2540 sacramento
4138 2485 4236 2540 de-

2581 2576 2954 2633 trahentibus
2998 2574 3374 2648 responderit
3425 2575 3632 2630 Graeco
3653 2587 3953 2643 sermone,
4011 2586 4147 2630 cum
4175 2575 4236 2630 in

2583 2667 2806 2722 Gracia
2857 2663 3322 2733 translegatiOne
3379 2663 3745 2733 fungeretur.
3820 2662 3968 2719 Dicit
4021 2664 4232 2719 enim:

2581 2777 2608 2807 ιι
2663 2754 2820 2811 Solet
2866 2754 3045 2826 plane
3098 2752 3328 2807 moveri
3389 2753 3664 2824 quastio,
3695 2752 3947 2823 quodin
3974 2752 4239 2809 Ecclesia

2581 2845 2680 2900 alii
2701 2844 3121 2898 fermentatum
3144 2841 3440 2909 offerunt;
3465 2841 3564 2898 alii
3593 2857 3784 2914 panes
3805 2857 4072 2912 azymos.
4099 2844 4237 2898 Esse

2581 2924 2846 3004 namque
2874 2930 3195 2986 Ecclesiam
3220 2929 3565 2985 distinctam
3599 2935 3863 3002 quatuor
3898 2929 4236 2998 ordinibus,

2582 3022 2888 3086 novimus,
2913 3019 3136 3075 scilicet
3185 3021 3616 3084 Romanorum,
3667 3017 4237 3088 Alexandrinorum,

2584 3110 3289 3183 Hierosolymitanorum,
3347 3114 3405 3165 et
3485 3108 3988 3164 Antiochenomm
4040 3126 4053 3163 :
4103 3124 4241 3182 qua

818 3204 1056 3276 typicus
1083 3200 1516 3259 comedebatur
1534 3203 1752 3271 quarta
1807 3198 2045 3255 decima
2095 3199 2258 3266 luna,
2284 3205 2342 3256 et
2365 3201 2474 3258 Do-
2505 3229 2544 3284 ρ
2585 3201 2860 3255 Ecclesia
2891 3198 3244 3269 generaliter
3264 3202 3714 3269 nuncupantur,
3777 3213 3916 3252 cum
3943 3212 4129 3254 unam
4163 3203 4242 3253 te-

817 3291 1020 3348 minus
1049 3288 1219 3345 dedit
1247 3302 1465 3360 corpus
1497 3301 1677 3342 suum
1697 3285 2010 3358 discipulis
2044 3286 2186 3342 suis.

892 3380 949 3436 Si
971 3382 1171 3434 autem
1202 3375 1519 3448 objiciatur
1569 3373 1645 3430 de
1687 3373 2060 3443 mulieribus,
2093 3375 2260 3446 quod
2299 3391 2474 3448 para-

822 3470 1036 3523 verunt
1065 3468 1360 3532 aromata,
1391 3462 1557 3534 quod
1587 3476 1711 3517 non
1759 3460 2039 3517 fecissent
2076 3463 2134 3517 in
2163 3463 2258 3518 die
2284 3464 2432 3520 festo
2457 3483 2471 3520 :

821 3553 1148 3612 dicendum
1178 3558 1286 3620 est,
1314 3550 1484 3625 quod
1504 3566 1691 3624 opera
1729 3549 2159 3606 misericordia
2189 3567 2312 3608 non
2343 3569 2476 3625 pro-

821 3643 1204 3710 hibebantur,
1227 3641 1334 3698 sed
1360 3645 1596 3697 tantum
1634 3654 1822 3711 opera
1862 3639 2120 3710 servilia,
2155 3641 2306 3696 sicut
2334 3642 2477 3698 dixit

824 3733 1115 3791 Dominus
1135 3732 1210 3788 de
1239 3730 1620 3802 Magdalena:
1651 3729 1838 3785 Sinite
1895 3731 2090 3796 illam,
2122 3737 2187 3785 ut
2227 3733 2292 3786 in
2320 3734 2475 3789 diem

821 3823 1153 3893 sepultura
1183 3835 1324 3878 mea
1349 3825 1539 3876 servet
1570 3819 1729 3874 illud
1758 3819 1800 3871 θ.
1835 3821 2000 3886 Item,
2053 3819 2477 3879 circumcidere

817 3911 1038 3969 licebat
1064 3910 1126 3966 in
1156 3909 1253 3966 die
1278 3908 1559 3975 Sabbato,
1592 3908 1736 3980 quia
1789 3907 1906 3963 hoc
1939 3913 2068 3964 erat
2110 3925 2264 3982 opus
2309 3912 2477 3983 spiri-

820 4000 998 4072 tuale,
1029 4015 1153 4055 non
1175 3997 1405 4063 servile,
1439 3996 1818 4053 sicutdicitur
1858 3997 2055 4052 Matth.
2090 4015 2190 4067 xu,
2223 4004 2252 4053 5
2281 4017 2292 4054 :
2326 4001 2476 4056 Sab-

823 4092 976 4148 batis
987 4089 1317 4146 sacerdotes
1332 4089 1396 4143 in
1409 4087 1629 4157 templo
1642 4085 1972 4143 Sabbatum
1986 4088 2217 4143 violant
2229 4089 2478 4146 circum-

818 4178 1072 4237 cidendo
1101 4177 1434 4240 hominem,
1467 4181 1525 4232 et
1552 4176 1678 4231 sine
1707 4176 1958 4231 crimine
1990 4183 2151 4232 sunt.

891 4270 949 4326 Si
969 4284 1108 4325 vero
1138 4265 1530 4340 opposuerint
1555 4264 1734 4321 nobis
1765 4263 1839 4320 de
1866 4264 1963 4320 die
1993 4265 2239 4322 Sabbati
2275 4284 2286 4319 ξ
2324 4268 2476 4336 Quia

2584 3295 2766 3344 neant
2795 3288 3155 3343 catholicam
3211 3286 3417 3354 ﬁdem,
3466 3286 3716 3341 diversis
3765 3291 3967 3341 tamen
3993 3291 4245 3342 utuntur

2584 3376 2920 3433 ofﬁciorum
2952 3376 3277 3448 mysteriis.
3314 3374 3478 3430 Unde
3517 3374 3603 3438 ﬁt.
3652 3379 3718 3430 ut
3749 3376 4020 3430 Romana
4050 3376 4245 3431 Eccle-

2585 3466 2673 3522 sia
2698 3465 2909 3521 oﬂ‘erat
2947 3480 3135 3538 panes
3161 3479 3428 3536 azymos,
3455 3469 3702 3536 propter
3728 3463 3894 3535 quod
3928 3465 4082 3518 Deus
4115 3464 4244 3521 sine

2585 3556 2707 3611 ulla
2737 3555 3152 3610 commistione
3183 3569 3426 3608 carnem
3457 3553 3738 3623 suscepit.
3773 3552 4068 3620 Scriptum
4109 3560 4239 3610 est:

2596 3643 2848 3701 Verbum
2867 3658 3008 3699 caro
3020 3643 3258 3711 factum
3276 3647 3384 3710 est,
3406 3648 3460 3697 et
3484 3640 3780 3697 habitavit
3798 3642 3861 3696 in
3880 3642 4047 3696 nobis
4064 3643 4128 3695 “.
4148 3642 4242 3698 Sic

2586 3750 2727 3805 ergo
2752 3748 2909 3805 pane
2940 3747 3155 3806 azymo
3175 3731 3426 3786 efficitur
3449 3745 3672 3802 corpus
3699 3730 3926 3785 Christi.
3949 3733 4098 3786 Nam
4130 3747 4244 3787 ca-

2586 3829 2723 3880 tera
2747 3823 3108 3895 supradicta
3164 3820 3440 3876 Ecclesia
3488 3818 3746 3875 offerunt
3792 3819 4240 3891 fermentatum,

2587 3929 2696 3986 pro
2734 3927 2827 3976 eo,
2858 3910 3024 3983 quod
3047 3909 3304 3965 Verbum
3327 3909 3511 3964 Patris
3532 3908 3810 3963 indutum
3834 3913 3923 3963 est
3952 3924 4150 3979 carne,
4185 3915 4246 3966 et

2587 4011 2674 4060 est
2702 4018 2876 4057 verus
2903 4001 3125 4066 homo;
3185 3999 3269 4054 ita
3328 3997 3496 4071 quod
3533 3996 3960 4053 fermentatum
3989 3998 4245 4054 commi-

2587 4095 2823 4149 sceatur
2852 4090 3079 4160 farina,
3106 4095 3162 4144 et
3191 4087 3483 4144 efﬁciatur
3507 4103 3726 4159 corpus
3763 4086 3999 4142 Domini
4055 4089 4243 4144 nostri

2585 4183 2728 4237 Jesu
2780 4179 2990 4234 Christi
3032 4193 3261 4233 verum.
3302 4176 3413 4232 Sed
3454 4181 3579 4232 tam
3645 4177 3913 4231 Romana
3961 4175 4244 4241 Ecclesia,

2585 4286 2771 4343 quam
2805 4267 3104 4340 pradicta
3137 4281 3245 4338 pro
3293 4264 3584 4321 ineﬂ'abili
3618 4263 3924 4337 mysterio,
3954 4269 4077 4321 tam
4135 4265 4249 4321 fer-

817 4362 950 4415 erat
995 4371 1220 4428 magna
1249 4356 1364 4412 illa
1414 4354 1539 4411 dies
1569 4354 1612 4387 ¹⁰
1644 4371 1658 4421 ;
1710 4353 2037 4409 dicendum
2064 4356 2316 4427 estquia
2345 4356 2474 4413 dies
2509 4374 2550 4427 ι)
2585 4364 2941 4426 mentatum,
2973 4372 3159 4428 quam
3185 4371 3490 4428 azymum,
3523 4354 3672 4409 dum
3696 4354 4016 4419 sumimus,
4051 4370 4251 4412 unum

813 4445 1060 4505 Sabbati
1081 4460 1340 4516 magnus
1361 4443 1693 4509 dicebatur,
1717 4443 1860 4514 quia
1877 4448 2003 4498 erat
2026 4442 2153 4498 dies
2204 4444 2472 4514 Sabbati,

815 4542 872 4594 et
920 4536 1169 4607 insuper
1226 4533 1448 4589 festum
1501 4546 1893 4603 azymorum;
1947 4547 2072 4588 non
2120 4532 2265 4604 quia
2319 4540 2475 4592 esset

809 4626 1044 4700 primus
1087 4620 1646 4696 azymorum;quia
1694 4635 1906 4676 omnes
1948 4619 2078 4676 dies
2126 4620 2210 4677 illi
2241 4629 2470 4696 septem

809 4718 984 4772 erant
1029 4712 1271 4783 magni;
1317 4712 1551 4784 primus
1605 4715 1808 4765 tamen
1830 4714 1887 4765 et
1935 4709 2183 4765 ultimus
2204 4714 2469 4783 majores

809 4808 997 4862 erant.
1047 4802 1147 4858 Hic
1195 4805 1398 4858 autem
1449 4797 1762 4854 dicebatur
1813 4812 2075 4868 magnus
2118 4814 2272 4867 esse,
2303 4803 2466 4872 quia,

809 4894 965 4951 sicut
991 4892 1223 4948 dictum
1244 4895 1350 4956 est,
1385 4889 1511 4944 duo
1559 4887 2021 4956 concurrebant,
2057 4888 2281 4946 scilicet
2320 4891 2468 4949 Sab-

803 4982 1040 5050 batum,
1070 4987 1125 5037 et
1153 4980 1372 5037 festum
1401 4981 1790 5051 Azymorum,
1849 4977 1910 5033 id
1938 4983 2026 5033 est
2079 4993 2202 5035 una
2225 4979 2354 5036 dies
2391 4980 2468 5037 de

803 5078 1036 5146 septem
1065 5071 1303 5128 diebus.
1338 5072 1418 5125 De
1455 5069 1572 5124 hoc
1623 5082 1787 5132 vero,
1819 5066 1987 5139 quod
2021 5067 2212 5124 Judai
2241 5069 2468 5127 clama-

801 5166 1051 5219 verunt:
1086 5161 1224 5218 Non
1250 5163 1312 5215 in
1354 5158 1450 5214 die
1497 5157 1656 5227 festo
1689 5174 1701 5224 ;
1732 5169 1876 5223 ergo
1895 5170 2020 5211 non
2068 5162 2195 5213 erat
2223 5155 2465 5227 festum,

797 5251 1049 5325 quando
1079 5248 1395 5306 cruciﬁxus
1416 5251 1544 5302 erat
1570 5245 1881 5312 Dominus,
1913 5245 2175 5301 dicimus
2215 5249 2383 5320 quod
2402 5249 2467 5305 li-

797 5345 891 5399 cet
927 5341 1366 5409 clamaverunt,
1394 5340 1597 5393 tamen
1643 5333 1914 5390 fecerunt
1965 5341 2176 5391 contra
2214 5352 2298 5406 se,
2333 5343 2464 5395 tan-

870 5467 890 5500 ‘
921 5461 1361 5532 Levit.xxi,17.
1455 5461 1476 5494 ⁵
1502 5458 1686 5514 Exod.
1716 5473 1823 5524 xu,
1850 5461 1918 5525 8;
1955 5460 2128 5514 Num.
2163 5463 2214 5531 9,
2254 5467 2338 5517 li.

789 5539 818 5611 δ’
841 5539 1012 5595 Joan.
1047 5552 1142 5606 xu,
1169 5536 1223 5590 7.
1306 5535 1352 5569 ¹⁰
1381 5535 1558 5589 Joan.
1586 5546 1708 5599 nx,
1737 5535 1826 5586 31.
1907 5533 1952 5568 ιι
1984 5532 2197 5588 Joann.
2233 5538 2279 5599 l,
2313 5535 2403 5590 14.

2424 5465 2446 5499 ⁸
2477 5466 2616 5538 Sap.
2650 5481 2765 5534 xw,
2798 5467 2890 5522 20.

2584 4464 2803 4520 corpus
2835 4446 3023 4501 nostri
3059 4444 3385 4500 Salvatoris
3418 4442 3690 4498 efﬁcitur.
3716 4464 3744 4493 »
3788 4443 3925 4498 Hac
3948 4448 4090 4498 sunt
4116 4459 4253 4499 ver-

2580 4537 2663 4593 ba
2711 4535 2993 4606 Gregorii,
3028 4549 3166 4606 qua
3213 4533 3276 4590 in
3307 4534 3436 4589 Vita
3471 4532 3663 4605 ipsius
3720 4533 3921 4588 Graco
3962 4546 4251 4590 sermone

2566 4627 2960 4700 .reperiuntur
2995 4625 3129 4695 (15).

2654 4715 2767 4774 Sed
2798 4718 3059 4770 Joannes
3102 4712 3591 4784 Chrysostomus,
3624 4727 3764 4766 cum
3792 4709 4148 4782 hujusmodi
4178 4712 4247 4768 li-

2579 4812 2700 4864 tem
2720 4803 2895 4860 vellet
2917 4805 2992 4858 de
3014 4801 3214 4858 medio
3234 4815 3564 4868 removere,
3594 4801 3657 4856 in
3678 4799 3947 4872 quadam
3984 4797 4250 4872 epistola

2579 4910 2711 4964 sua,
2741 4909 2932 4966 quam
2964 4891 3179 4948 Gracis
3211 4889 3287 4946 de
3320 4894 3701 4946 sacramento
3731 4893 3790 4944 et
3832 4887 3963 4943 aliis
3984 4901 4247 4944 consue-

2578 4982 2889 5038 tudinibus
2922 4982 3268 5037 Latinorum
3299 4977 3737 5046 dubitantibus,
3790 4976 3866 5032 de
3901 4975 4248 5032 Constanti-

2577 5071 2783 5145 nopoli
2826 5071 3180 5140 transmisit,
3237 5069 3319 5126 ita
3377 5067 3562 5125 dicit:
3599 5090 3625 5116 α
3683 5065 4038 5122 Volentibus
4062 5064 4249 5122 nobis

2578 5161 2808 5236 aliquid
2861 5162 3058 5217 dicere
3085 5160 3160 5216 de
3205 5175 3383 5216 sacra
3427 5157 3882 5222 communione,
3934 5160 4138 5212 utrum
4168 5172 4249 5213 ex

2578 5267 2814 5322 azymo,
2873 5249 2969 5305 vel
2998 5249 3357 5305 fermentata
3399 5247 3461 5302 in
3510 5261 3684 5302 sacra
3723 5244 4035 5301 Dominica
4066 5259 4252 5301 coena

2579 5341 2738 5397 facta
2761 5339 2938 5396 fuerit
2970 5356 2982 5394 :
3018 5337 3302 5410 longioris
3352 5336 3662 5408 temporis,
3696 5341 3752 5391 et
3783 5334 3966 5390 etiam
4015 5331 4250 5405 perfec-

2983 5466 3002 5498 ⁷
3042 5463 3193 5522 Psal.
3233 5479 3445 5534 LXXVII,
3472 5465 3562 5531 24,
3588 5463 3679 5518 25.
3763 5461 3784 5495 ⁸
3814 5462 3986 5517 Prov.
4018 5475 4119 5529 xx,
4148 5460 4246 5516 i7.

861 5661 1168 5740 (i5)7VId6
1213 5663 1274 5740 S,
1319 5659 1617 5719 Thomam
1653 5671 1868 5729 opusc.
1900 5658 2189 5730 extremo,
2223 5657 2299 5717 de
2325 5674 2510 5721 error.
2559 5662 2840 5733 Graecam;
2883 5661 3158 5721 Gennad.
3207 5659 3464 5720 scholar.
3507 5675 3619 5734 pro
3661 5657 3874 5719 concil.
3903 5656 4059 5717 Flor.
4083 5671 4144 5716 c.
4175 5658 4240 5729 2,

788 5741 940 5817 θερί.
977 5739 1034 5794 8.
