4468 6440
321 402 393 457 25
1676 391 1952 451 CONTRA
1999 392 2309 450 GRAECOS.

3596 393 3704 472 526.

282 524 452 578 tioris
504 522 806 595 scriptoris
843 520 1189 590 indigemus
1265 518 1490 590 spatio.
1558 518 1674 573 Sed
1734 517 1936 572 multis
1969 493 2016 570 Α
2051 522 2189 572 cant
2218 516 2464 588 Eloquia
2496 531 2668 572 sacra
2700 535 2713 572 :
2746 518 2865 573 Sed
2894 532 3074 586 super
3094 518 3187 573 Ius
3225 518 3494 574 omnibus
3521 520 3700 572 tertin

283 612 545 670 omissis.
576 611 635 665 id
655 610 817 681 quod
840 609 979 664 utile
1001 614 1058 662 et
1087 608 1406 679 pacificum
1456 613 1562 667 est,
1598 607 1720 660 imo
1769 610 1831 659 ut
1862 606 1940 659 ita

283 701 506 764 dicam,
523 699 684 770 quod
702 699 896 764 magis
912 696 1345 751 estsecundum
1360 694 1870 764 dispensationem
1886 697 1942 746 et

284 787 716 851 necessarium,
756 792 813 840 et
854 784 1010 856 quod
1059 783 1253 855 magis
1301 783 1564 837 continet
1609 782 1939 843 veritatem,

284 875 613 930 dicendum
656 882 743 928 est
795 894 807 937 ;
861 875 1032 945 panis
1092 877 1418 943 antequam
1466 875 1865 934 consecretur,
1889 873 1946 922 et

286 963 664 1022 conﬁciatur,
698 963 823 1018 sive
852 977 1120 1034 azymus,
1175 961 1298 1014 sive
1325 959 1715 1013 fermentatus
1751 957 1942 1024 fuerit,

285 1052 696 1107 indifferenter
725 1051 901 1122 panis
943 1057 1030 1104 est
1067 1055 1124 1103 et
1166 1047 1382 1103 dicitur
1429 1049 1614 1100 sacris
1663 1045 1942 1116 Eloquiia,

287 1147 469 1212 prout
499 1139 887 1211 postmodum
935 1138 1343 1194 ostendemus.
1388 1135 1711 1206 Postquam
1740 1149 1946 1188 conse-

285 1237 490 1284 cratus
523 1227 715 1292 fuerit,
759 1242 954 1299 neque
1010 1242 1260 1297 azymus
1310 1240 1505 1295 neque
1560 1223 1946 1277 fermentatus

284 1317 525 1381 dicitur,
579 1317 672 1371 vel
713 1322 835 1381 est;
892 1315 994 1370 sed
1044 1330 1264 1384 corpus
1317 1320 1373 1367 et
1404 1329 1543 1367 caro
1573 1312 1822 1379 Domini,
1853 1327 1946 1365 ea-

286 1405 430 1460 dem
496 1420 605 1459 nec
641 1405 777 1468 alia,
833 1419 1018 1474 quam
1042 1419 1177 1473 qua
1208 1403 1287 1456 ab
1336 1402 1682 1471 incorrupta
1713 1399 1948 1467 Virgine

288 1511 326 1549 a
361 1494 551 1548 Verbo
592 1494 689 1548 Dei
738 1498 1071 1562 assumpta,
1118 1497 1174 1544 et
1206 1491 1262 1545 in
1296 1490 1540 1544 dextera
1569 1488 1878 1552 collocata,
1913 1503 1950 1542 a

287 1583 468 1637 nobis
491 1582 844 1636 orthodoxis
902 1587 959 1635 et
1007 1579 1317 1635 catholicis
1378 1578 1624 1648 mystice
1673 1578 1946 1637 sumitur,

291 1675 534 1742 Propter
575 1670 742 1742 quod
786 1674 842 1725 et
882 1669 1253 1740 mysterium,
1309 1668 1422 1722 hoc
1479 1673 1583 1735 est,
1636 1666 1950 1721 abscondi-

291 1767 422 1815 tum
458 1761 820 1815 nominatur.
873 1761 938 1813 Et
973 1758 1106 1812 ideo
1143 1756 1448 1812 nonnullis
1487 1762 1579 1810 est
1617 1759 1952 1826 incompre-

2052 607 2176 662 dies
2198 613 2303 669 est,
2327 621 2442 676 quo
2465 606 2591 661 hac
2610 607 2779 673 facta
2809 613 2946 660 sunt
2974 609 3037 672 μ,
3067 606 3220 662 infra
3249 613 3450 661 autem
3470 613 3701 676 septem

2052 695 2198 754 dies,
2251 701 2376 748 erat
2427 694 2553 748 dies
2612 694 2731 748 illa.
2784 694 2974 767 "Apro;
3013 711 3155 764 ergo
3199 700 3467 759 vocatur,
3500 699 3563 749 ut
3606 711 3700 749 os-

2053 788 2287 837 tensum
2311 789 2417 846 est,
2449 797 2718 852 azymus.
2755 785 2901 838 Nam
2924 783 3037 838 hoc
3077 799 3299 838 nomen
3331 785 3482 856 ἄρτος
3512 798 3704 851 genus

2053 877 2141 924 est
2188 871 2522 926 fermentati
2569 875 2875 942 etazymi;
2911 877 2966 926 et
3013 871 3088 926 de
3137 871 3441 926 ambobus
3491 870 3702 942 pradi-

2053 965 2239 1019 catur,
2288 958 2439 1013 sicut
2490 959 2566 1012 de
2605 958 2940 1028 speciebus.
2991 961 3071 1013 Ex
3101 959 3193 1014 his
3219 974 3361 1028 ergo
3392 959 3606 1021 verbis,
3641 964 3705 1014 ut

2053 1046 2280 1101 dictum
2307 1053 2417 1113 est,
2445 1046 2871 1117 Chrysostomi,
2903 1052 2961 1102 et
2999 1046 3127 1101 aliis
3159 1063 3268 1117 pro
3317 1047 3427 1101 ista
3456 1047 3706 1102 materia

2054 1134 2342 1203 allegatis,
2394 1135 2538 1188 satis
2587 1133 2896 1189 manifeste
2954 1134 3267 1202 colligitur,
3327 1135 3492 1206 quod
3515 1134 3705 1190 sancti

2057 1224 2258 1278 Patres
2297 1224 2551 1294 antiqui,
2584 1228 2704 1279 tam
2739 1224 2945 1288 Graci,
2994 1239 3180 1295 quam
3237 1225 3442 1288 Latini,
3477 1229 3598 1278 tam
3630 1223 3704 1278 de

2057 1312 2677 1377 sacramentoaltaris,
2727 1327 2913 1382 quam
2966 1312 3038 1366 de
3098 1312 3227 1366 aliis
3259 1311 3396 1367 ﬁdei
3420 1311 3703 1380 articulis,

2059 1401 2210 1454 sicut
2241 1400 2495 1454 Ecclesia
2528 1403 2816 1458 Romana.
2848 1399 3134 1455 catholice
3170 1405 3224 1454 et
3255 1405 3457 1454 sancte
3506 1416 3706 1455 sense-

2059 1496 2213 1543 runt.
2246 1489 2504 1544 Moderni
2535 1504 2674 1544 vero
2733 1489 2914 1543 Graci
2945 1489 3087 1559 quia
3112 1489 3327 1559 jugum
3354 1489 3707 1544 obedientia

2061 1583 2459 1632 sacrosancta
2493 1575 2666 1630 dicta
2696 1579 2981 1631 Romana
3031 1576 3304 1631 Ecclesia
3334 1592 3368 1632 a
3399 1577 3550 1632 collo
3597 1593 3707 1633 suo

2061 1665 2324 1720 indebite
2354 1670 2628 1719 excutere
2653 1664 2985 1729 voluerunt,
3006 1664 3207 1719 multis
3225 1665 3708 1721 eaminvolutam

2060 1770 2192 1808 esse
2223 1753 2524 1808 erroribus
2557 1753 2884 1823 praedicare
2944 1768 3066 1807 non
3115 1759 3413 1808 verentur.
3449 1755 3601 1818 Quia
3627 1761 3707 1809 ta-

290 1850 589 1906 hensibile
630 1850 744 1905 hoc
771 1853 1216 1904 sacramentum
1243 1866 1255 1912 ;
1288 1851 1723 1901 transmutatur
1747 1853 1947 1901 autem
1991 1857 2030 1910 Β
2062 1857 2196 1896 men
2232 1841 2527 1912 ipsisuam
2559 1839 2942 1896 rebellionem
2959 1841 3324 1913 pertinacem
3343 1842 3709 1913 quibusdam

289 1940 500 1993 divina
555 1940 765 1993 virtute
796 1955 830 1992 a
876 1938 1094 2008 Spiritu
1128 1944 1336 1990 sancto
1387 1935 1445 1989 in
1491 1951 1710 2005 corpus
1736 1941 1792 1989 et
1816 1951 1949 1989 san—

291 2030 538 2099 guinem
567 2030 705 2082 Jesu
763 2027 994 2092 Christi,
1036 2025 1368 2080 secundum
1419 2024 1581 2096 quod
1628 2025 1759 2095 ipsa
1780 2041 1952 2079 sacra

290 2125 525 2174 secreta
554 2118 799 2180 indicat,
831 2117 1078 2172 etetiam
1103 2115 1461 2170 manifestat.
1483 2114 1740 2169 Dicimus
1753 2115 1910 2169 enim
1933 2131 1946 2168 :

288 2211 366 2263 Te
386 2223 692 2278 rogamus,
729 2207 941 2262 Sancte
964 2211 1332 2272 sanctorum,
1359 2203 1811 2274 utbeneplacito
1834 2208 1948 2258 tua

289 2295 577 2350 bonitatis
625 2295 827 2350 veniat
867 2291 1116 2364 Spiritus
1139 2298 1385 2346 sanctus
1438 2297 1574 2345 tuus
1605 2306 1789 2362 super
1816 2307 1946 2357 nos,

288 2389 348 2439 et
363 2399 551 2456 super
569 2384 778 2438 omnia
793 2383 922 2437 hac
941 2389 1042 2436 tua
1063 2381 1228 2436 dona
1244 2381 1392 2448 (sive
1417 2383 1686 2446 munera)
1702 2387 1759 2434 et
1781 2380 1950 2435 bene-

286 2473 472 2541 dicat,
504 2478 562 2526 et
590 2471 939 2532 sanctiﬁcat,
962 2476 1019 2525 et
1065 2470 1343 2525 ostendat
1384 2468 1631 2540 quidem
1662 2469 1822 2523 hunc
1848 2484 1948 2539 pa-

295 2577 440 2616 nem
483 2562 681 2632 ipsum
716 2560 1048 2631 pretiosum
1098 2573 1317 2629 corpus
1348 2558 1578 2613 Domini
1601 2564 1659 2612 et
1692 2557 1789 2612 Dei
1831 2557 1950 2613 Sal-

289 2649 520 2704 vatoris
545 2649 731 2704 nostri
759 2651 898 2703 Jesu
930 2647 1160 2703 Christi.
1198 2668 1225 2695 »

366 2741 423 2796 Si
478 2739 656 2803 igitur
719 2737 922 2792 divina
970 2737 1174 2798 virtus,
1227 2736 1349 2790 sive
1395 2735 1553 2790 Deus
1593 2741 1954 2792 transmutat

288 2828 601 2899 proposita
648 2828 812 2881 dona
875 2827 936 2880 in
1009 2841 1229 2897 corpus
1290 2832 1348 2879 et
1402 2826 1759 2895 sanguinem
1814 2827 1952 2880 lesu

292 2917 529 2978 Christi,
554 2915 926 2987 superﬂuum
960 2921 1047 2969 est
1073 2914 1448 2977 contendere,
1490 2920 1689 2968 utrum
1710 2929 1781 2968 ex
1815 2929 1952 2985 azy-

294 3005 430 3066 mis,
477 3006 600 3060 sive
648 3004 950 3059 fermentis
1011 3003 1200 3069 fuerit,
1260 3003 1382 3057 sive
1435 3001 1662 3072 album,
1693 3003 1815 3057 sive
1853 3018 1951 3057 ru-

289 3095 474 3150 brum
500 3094 752 3150 forsitan
785 3093 1016 3160 vinum,
1048 3099 1105 3146 et
1125 3092 1789 3163 hujusmodiquasdam
1816 3092 1952 3146 stul-

2061 1932 2183 1986 suis
2209 1931 2540 1986 rationibus
2562 1931 2804 2002 palliare
2831 1946 2952 1986 non
2977 1937 3253 1986 verentur
3282 1949 3293 1985 :
3329 1931 3473 2002 quid
3501 1948 3710 1987 eorum

2058 2021 2190 2075 libri
2225 2011 2434 2074 contra
2459 2019 2738 2086 clament,
2772 2036 2843 2074 ex
2874 2019 3075 2075 multis
3110 2035 3305 2090 pauca
3350 2020 3412 2075 in
3441 2021 3711 2076 medium

2059 2109 2453 2181 proferemus.

2061 2257 2288 2324 Quarta
2310 2256 2633 2310 distinctio.
2658 2255 2729 2310 In
2754 2270 2872 2326 qua
2889 2253 3217 2310 ostenditur
3242 2254 3400 2326 quod
3437 2269 3603 2324 papa
3626 2261 3709 2312 est

2628 2350 2809 2412 caput
2843 2343 3149 2402 Ecclesia.

2132 2468 2451 2526 Sciendum
2479 2484 2638 2534 vero,
2673 2467 2838 2540 quod
2870 2467 2948 2523 ad
2995 2467 3381 2540 probandam
3421 2467 3714 2524 obedien-

2059 2558 2202 2613 tiam
2229 2563 2288 2613 et
2333 2557 2598 2612 debitam
2651 2557 3047 2611 reverentiam
3105 2555 3376 2611 Ecclesia
3427 2559 3712 2612 Romana

2059 2652 2292 2716 oportet
2313 2662 2424 2701 nos
2441 2661 2709 2717 quarere
2735 2645 2932 2716 primo
2957 2651 3057 2700 :«A
3077 2661 3200 2717 quo
3222 2645 3432 2702 habuit
3455 2645 3716 2703 Ecclesia

2059 2738 2232 2792 istam
2256 2740 2613 2808 potestatem
2633 2734 2663 2788 ?
2683 2733 2968 2796 secundo,
2992 2733 3242 2805 quando
3258 2734 3285 2789 ‘?
3311 2735 3480 2790 tertio
3510 2749 3588 2790 an
3616 2751 3716 2791 su-

2060 2841 2166 2897 per
2196 2838 2408 2879 omnes
2439 2822 2870 2888 universaliter,
2903 2838 2980 2878 an
3010 2823 3443 2894 particulariter
3463 2824 3491 2879 ?
3520 2845 3548 2872 »

2133 2914 2434 2978 Quantum
2454 2911 2532 2966 ad
2553 2911 3183 2984 primum,distingue:
3225 2912 3374 2976 Quia
3387 2911 3720 2968 authabuit

2062 3020 2098 3059 a
2130 3005 2270 3068 Deo,
2295 3001 2593 3056 mediante
2625 3000 2797 3055 Petro
2841 3006 2947 3055 aut
2965 3017 3001 3056 a
3020 3000 3392 3072 principibus
3415 3002 3718 3058 saeculari-

2063 3092 2178 3146 bus
2204 3109 2217 3157 ;
2251 3097 2356 3146 aut
2382 3089 2563 3144 simul
2593 3089 2672 3145 ab
2701 3089 2826 3144 istis
2848 3088 3040 3144 tribus
3065 3106 3079 3155 ;
3109 3095 3212 3145 aut
3241 3106 3278 3145 a
3324 3090 3593 3146 conciliis
3622 3107 3720 3161 ge-

292 3191 384 3238 tas
427 3185 801 3238 curiositates
831 3182 906 3236 de
927 3181 1266 3236 metuendis
1292 3187 1349 3234 et
1378 3180 1699 3236 tremendis
1731 3186 1952 3252 myste-
1986 3205 2026 3259 ε
2062 3180 2402 3246 neralibus;
2437 3185 2540 3234 aut
2561 3178 2741 3233 simul
2791 3179 2870 3233 ab
2917 3179 3046 3233 istis
3078 3178 3298 3249 tribus;
3351 3185 3457 3235 aut
3484 3196 3522 3235 a
3552 3181 3720 3237 nullo

287 3272 394 3327 riis
427 3271 809 3343 perscrutari.

363 3363 517 3426 Quia
542 3376 685 3414 vero
712 3359 964 3430 quidam
995 3374 1206 3413 eorum
1231 3359 1436 3413 volunt
1466 3374 1535 3414 ex
1568 3359 1698 3414 sola
1718 3367 1950 3431 etymo-

286 3451 452 3522 logia
480 3449 765 3517 nominis,
817 3463 1096 3518 azymum
1147 3463 1268 3502 non
1329 3464 1460 3503 esse
1515 3450 1691 3520 ἄρτον,
1749 3449 1806 3503 id
1839 3454 1949 3516 est,

290 3554 541 3610 panem,
590 3539 682 3594 eia
715 3537 792 3592 de
840 3537 956 3592 hoc
1001 3537 1259 3591 breviter
1287 3536 1768 3608 disputabimus:
1808 3561 1827 3586 ι
1860 3538 1951 3592 Di-

287 3628 444 3682 citur
494 3630 653 3682 enim
705 3628 862 3698 σῐρτος
907 3625 989 3680 ab
1018 3627 1231 3697 ἀρθιως,
1290 3626 1349 3680 id
1399 3634 1511 3690 est,
1539 3628 1948 3695 perfectione:

286 3733 546 3787 azymus
613 3721 814 3770 autem
876 3730 996 3768 non
1044 3721 1134 3768 est
1181 3714 1478 3785 perfectus
1526 3734 1538 3770 :
1588 3717 1730 3786 quia
1791 3721 1953 3770 caret

288 3814 342 3858 et
368 3804 698 3858 fermento:
741 3817 884 3871 ergo
928 3818 1049 3857 non
1105 3810 1190 3856 est
1222 3804 1398 3874 ἄρτος.
1435 3804 1727 3858 Dominus
1749 3812 1950 3859 autem

287 3896 448 3968 ᾱρτον
477 3892 801 3947 benedixit.
828 3911 856 3941 ›
890 3892 1043 3945 Talis
1074 3897 1162 3945 est
1193 3892 1487 3946 mirabilis
1517 3909 1726 3949 eorum
1775 3893 1950 3964 syllo-

287 3985 542 4051 gismus.
573 3984 690 4036 Nos
723 3997 865 4035 vero
900 3980 977 4035 ad
1033 3981 1366 4052 syllogismi
1417 3982 1600 4051 hujus
1634 3983 1948 4037 machina-

287 4077 585 4130 mentum,
610 4086 748 4125 cum
771 4069 995 4124 nullius
1020 4069 1238 4124 valoris
1267 4072 1357 4135 sit,
1411 4071 1741 4140 infirmum,
1773 4077 1828 4126 et
1850 4072 1947 4126 de-

289 4164 430 4222 bile,
449 4161 672 4215 nullam
691 4160 986 4214 faciamus
1006 4161 1497 4230 responsionem;
1520 4178 1592 4217 ne
1607 4163 1945 4227 videamus,

285 4251 367 4307 ad
399 4251 804 4307 ostensionem
838 4249 992 4320 ejus,
1029 4266 1166 4321 qua
1199 4251 1258 4304 in
1309 4251 1485 4306 nobis
1526 4259 1612 4308 est
1643 4252 1948 4306 rationalis

286 4340 578 4403 scientia,
639 4338 829 4394 multa
877 4338 1046 4410 loqui
1091 4345 1148 4394 et
1193 4340 1562 4396 inutiliter.A
1616 4343 1835 4396 sanctis
1863 4348 1948 4397 ta-

288 4446 431 4486 men
464 4428 793 4498 Evangeliis
823 4430 980 4502 οῐρτον
1016 4436 1294 4484 vocatum
1330 4445 1464 4485 esse
1494 4447 1782 4501 azymum
1816 4447 1948 4502 pro-

2061 3271 2311 3326 istorum
2347 3287 2358 3325 :
2393 3269 2498 3324 sed
2521 3277 2814 3339 usurpato
2846 3268 2959 3323 sibi
2990 3269 3217 3324 honore
3249 3271 3431 3325 utitur
3462 3271 3723 3328 Ecclesia

2063 3359 2344 3414 violenter
2374 3365 2429 3413 et
2452 3357 2718 3427 indigne.
2750 3360 2815 3412 Et
2840 3357 3017 3412 istam
3045 3357 3321 3413 ultimam
3379 3360 3722 3418 concedunt

2062 3447 2266 3502 Graci.
2305 3450 2368 3501 Et
2394 3447 2603 3501 dicunt
2653 3445 2821 3516 quod
2865 3445 3067 3500 nullus
3120 3446 3536 3519 apostolorum
3608 3448 3720 3507 fuit

2061 3537 2256 3606 major
2308 3534 2533 3589 altero:
2616 3534 2716 3589 sed
2762 3549 2975 3589 omnes
3032 3533 3273 3590 fuerunt
3337 3536 3601 3607 aquales
3661 3544 3720 3594 et

2061 3625 2291 3692 fratres,
2344 3625 2514 3692 juxta
2591 3622 2770 3678 illud:
2832 3623 3044 3679 Omnes
3101 3630 3300 3679 autem
3357 3640 3457 3680 vos
3495 3629 3719 3695 fratres

2060 3714 2219 3780 estis,
2249 3718 2301 3767 et
2334 3718 2568 3779 patrem
2597 3713 2783 3766 nolite
2816 3727 3031 3766 vocare
3063 3711 3224 3767 vobis
3256 3727 3439 3781 super
3471 3721 3715 3783 terram,

2062 3806 2200 3875 quia
2225 3818 2379 3858 unus
2407 3804 2585 3858 Pater
2611 3808 2802 3858 vester
2824 3803 3073 3858 ccclesiis
3101 3809 3185 3858 est
3220 3804 3285 3856 ³³.

2131 3893 2219 3948 Ad
2244 3892 2408 3964 quod
2431 3893 2863 3963 respondentes
2910 3891 3190 3957 dicimus,
3228 3893 3393 3964 quod
3429 3895 3718 3952 Dominus

2059 3984 2153 4038 hic
2177 3998 2296 4036 non
2330 3987 2598 4036 removet
2621 3979 2887 4036 ofﬁcium
2917 3980 3301 4052 pralationis,
3331 3998 3468 4038 cum
3494 3983 3718 4041 Paulus

2062 4071 2371 4143 apostolus
2385 4071 2543 4125 dicat
2564 4088 2575 4124 :
2595 4070 3176 4138 Obediteprtepositis
3195 4073 3423 4138 vestris,
3440 4079 3495 4129 et
3516 4075 3718 4144 subju-

2056 4170 2175 4217 cete
2202 4163 2282 4216 eis
2335 4161 2400 4224 ‘5,
2436 4159 2540 4214 sed
2596 4159 2910 4215 libidinem
2949 4159 3326 4216 dominandi.
3388 4161 3553 4218 Unde
3592 4179 3717 4219 non

2057 4251 2205 4305 dixit
2256 4267 2268 4303 :
2335 4249 2520 4304 Nolite
2579 4253 2837 4303 statuere
2891 4266 2904 4302 :
3001 4249 3204 4304 Nolite
3278 4253 3716 4309 vocarizunde

2059 4356 2197 4394 cum
2218 4355 2329 4394 nos
2347 4338 2625 4408 eligimus
2646 4344 2953 4409 pastorem
2976 4337 3413 4402 Ecclesia.non
3433 4339 3715 4411 eligimus

2060 4428 2236 4484 nobis
2262 4432 2517 4499 patrem,
2555 4427 2643 4481 vel
2675 4432 2930 4483 matrem
2962 4427 3330 4498 simpliciter,
3366 4431 3472 4484 sed
3521 4432 3722 4502 potius

285 4520 600 4580 babimus,
634 4521 758 4573 sive
819 4518 1230 4586 ostendemus,
1298 4525 1356 4574 ct
1402 4521 1664 4576 mendax
1697 4522 1949 4576 istorum
1986 4542 2029 4594 Ι)
2063 4517 2354 4576 vicarium
2387 4516 2570 4571 Patris
2588 4516 2776 4570 nostri
2797 4516 2915 4570 veri
2957 4522 3012 4571 et
3051 4517 3328 4587 Magistri,
3361 4519 3465 4590 qui
3494 4519 3557 4573 in
3600 4537 3721 4576 ca-

285 4606 658 4679 etymologia
677 4605 1014 4677 apparebit.
1046 4610 1107 4660 ln
1137 4609 1292 4662 Luca
1321 4610 1480 4663 enim
1514 4609 1803 4680 scriptum
1831 4615 1955 4675 est;

281 4698 360 4752 Et
390 4697 626 4765 factum
654 4701 756 4756 est,
785 4695 1193 4752 discumbente
1219 4712 1284 4753 eo
1331 4713 1464 4753 cum
1491 4699 1572 4753 eis
1610 4700 1672 4752 ¹².
1709 4697 1772 4752 Et
1822 4702 1960 4769 post

284 4786 990 4860 pauca:Cognoverant
1037 4799 1169 4841 eum
1232 4787 1292 4841 in
1340 4787 1645 4856 fractione
1692 4789 1853 4860 ἄρτου
1889 4789 1955 4844 ¹³,

285 4879 458 4943 Ecce,
485 4873 568 4928 ibi
608 4888 895 4943 azymum
931 4875 1090 4947 ἄρτον
1136 4875 1496 4930 nominavit.
1557 4877 1730 4941 Quod
1757 4882 1957 4932 autem

283 4978 539 5035 azymus
569 4961 1010 5033 fueritille,qui
1062 4969 1202 5018 tunc
1254 4967 1314 5019 in
1360 4968 1649 5020 Emmaus
1681 4965 1954 5036 Cleopha

285 5060 345 5109 et
373 5050 808 5107 concomitanti
849 5051 960 5106 sibi
990 5052 1166 5108 datus
1212 5059 1320 5118 est,
1361 5055 1504 5110 hinc
1561 5061 1652 5111 est
1695 5054 1955 5112 manife-

287 5149 470 5197 stum.
505 5142 641 5194 Post
668 5139 1149 5196 immolationem
1183 5144 1324 5212 agni
1356 5149 1582 5216 septem
1615 5143 1831 5200 diebus
1862 5161 1955 5200 co-

287 5228 620 5287 medebant
636 5228 827 5284 Judai
844 5246 1080 5302 azyma,
1095 5233 1319 5303 quibus
1334 5233 1548 5288 diebus
1565 5233 1957 5290 fermentatus

286 5318 467 5393 panis
487 5331 610 5372 non
636 5315 1053 5376 inveniebatur
1074 5322 1239 5392 apud
1269 5337 1391 5377 eos.
1419 5321 1578 5378 infra
1598 5330 1798 5379 autem
1828 5339 1958 5394 sep-

290 5416 415 5465 tem
464 5405 614 5472 dies,
677 5405 986 5463 benedixit
1033 5411 1317 5465 Dominus
1379 5427 1601 5482 panem
1651 5411 1957 5477 istum,de

289 5513 418 5573 quo
447 5495 806 5552 memoriam
859 5498 1131 5568 fecimus,
1165 5501 1224 5556 in
1279 5505 1583 5568 Emmaus,
1632 5501 1959 5558 sieutindi-

368 5632 415 5667 ¹²
452 5633 586 5686 Luc.
619 5646 775 5695 xxrv,
808 5630 896 5684 30.
1006 5628 1050 5662 ⁸³
1080 5627 1231 5684 Ibid.
1264 5632 1352 5684 35.
1456 5631 1499 5665 “
1531 5628 1678 5686 ibid.
1711 5633 1799 5685 21.

297 5703 345 5739 ¹³
371 5703 574 5760 Matth.
614 5717 780 5758 nm.
812 5704 866 5758 9.

1900 5629 1947 5667 ¹⁵
1978 5629 2180 5688 Matth.
2215 5644 2375 5694 χχιιι,
2411 5632 2464 5696 8,
2508 5630 2560 5682 9.

2066 4607 2256 4676 lisest,
2277 4607 2398 4670 sed,
2416 4621 2524 4660 nec
2536 4621 2717 4677 quem
2734 4605 2950 4676 eligere
2967 4606 3247 4662 volumus
3268 4623 3399 4676 nos,
3419 4609 3521 4663 sed
3536 4624 3722 4681 quem

2070 4699 2223 4752 Deus
2237 4697 2400 4756 dare,
2415 4696 2588 4764 juxta
2603 4697 2944 4750 sanctiones
2958 4701 3012 4750 et
3029 4711 3293 4751 canones
3307 4698 3724 4767 apostolorum

2069 4801 2343 4847 suorum,
2377 4783 2682 4839 constituit
2707 4788 2764 4838 et
2783 4783 3102 4851 ordinavit,
3152 4785 3325 4855 juxta
3373 4786 3559 4844 illud:
3609 4789 3726 4846 Ne-

2065 4874 2788 4934 mosumitsibihonorem,
2806 4874 2923 4928 nisi
2948 4881 3194 4930 vocatus
3222 4891 3259 4930 a
3277 4877 3413 4945 Deo,
3435 4881 3727 4949 tanquam

2065 4967 2276 5022 Aaron
2306 4965 2370 5015 ‘7.
2402 4962 2567 5018 Unde
2595 4961 2803 5018 Glossa
2821 4978 2999 5034 super
3030 4962 3198 5018 illum
3225 4963 3461 5020 locum:
3493 4969 3726 5025 Patrem

2065 5055 2252 5110 nolite
2273 5053 2433 5109 vobis
2455 5067 2670 5108 vocare
2697 5068 2880 5122 super
2913 5058 3137 5109 terram
3203 5055 3268 5122 ’⁸,
3298 5055 3382 5109 sic
3414 5054 3524 5111 ait:
3553 5057 3727 5122 Quod

2069 5143 2185 5199 Deo
2213 5143 2487 5204 debetur,
2529 5140 2700 5196 vobis
2749 5157 2874 5196 non
2918 5144 3303 5213 prasumatis
3355 5159 3368 5208 ;
3432 5159 3544 5200 nec
3574 5146 3725 5202 alios

2067 5232 2256 5289 Rabbi
2287 5231 2530 5300 vocetis,
2554 5245 2664 5285 nec
2702 5230 2973 5288 divinum
3031 5232 3327 5287 honorem
3371 5232 3723 5290 hominibus

2065 5321 2364 5378 deferatis.
2402 5343 2429 5370 ››
2458 5323 2600 5375 Item
2629 5318 2744 5376 alia
2767 5319 3006 5376 Glossa:
3039 5344 3065 5372 ‹‹
3109 5320 3265 5376 Deus
3308 5321 3523 5378 dicitur
3553 5327 3724 5380 Pater

2067 5417 2122 5466 et
2174 5411 2459 5480 Magister,
2522 5425 2666 5464 nam
2716 5409 3090 5479 indulgentia
3155 5412 3343 5477 Pater,
3392 5417 3456 5468 ut
3527 5413 3727 5470 honor

2070 5502 2229 5557 atati
2256 5500 2576 5569 deferatur,
2609 5513 2732 5553 non
2760 5505 2970 5556 auctor
2999 5506 3134 5556 vita
3164 5499 3495 5558 habeatur:
3534 5505 3728 5574 magi-

2683 5631 2726 5664 ¹⁶
2755 5627 2906 5684 Heb.
2944 5645 3066 5699 xui,
3103 5633 3191 5687 17.
3269 5632 3310 5665 ιτ
3347 5630 3522 5688 Hebr.
3560 5647 3621 5702 v,
3653 5635 3714 5693 4.
