4468 6440
837 389 940 447 527

2061 387 2543 446 PANTALEONIS
2581 388 2868 447 DIACONI
2903 387 3009 448 GP.

4137 393 4238 452 328

834 520 972 570 ster.
1003 528 1076 569 ex
1100 511 1400 569 consortio
1424 511 1549 568 veri
1565 507 1824 582 Magistri
1852 513 2146 583 tanquam
2170 511 2302 584 ejus
2331 526 2484 569 nun-
2513 553 2560 608 Α
2589 511 2840 571 omnino
2869 513 3075 584 tacuit,
3103 515 3209 572 aut
3250 514 3327 572 de
3381 530 3492 573 suo
3535 516 4002 589 superaddendo
4031 533 4241 576 verum

833 603 972 672 tius,
1002 605 1061 658 et
1098 617 1208 674 pro
1236 601 1569 659 reverentia
1597 601 1752 672 ejus,
1807 600 1914 672 qui
1967 600 2237 670 mittitur,
2297 602 2485 659 hono-

828 696 1012 747 ratur.

899 779 1105 835 Petrus
1121 781 1322 835 autem
1336 777 2017 850 habuitprerogativam
2049 777 2355 848 dignitatis
2385 792 2481 833 su-

825 883 933 940 per
979 867 1304 940 apostolos,
1349 871 1406 923 et
1450 867 1884 939 plenitudinem
1932 866 2246 939 potestatis
2302 881 2483 937 super

826 971 1040 1012 omnes
1070 955 1372 1012 homines.
1401 955 1575 1021 Quod
1602 955 1895 1028 probatur
1924 956 2007 1012 sic
2032 972 2042 1010 :
2072 959 2136 1011 In
2162 955 2480 1024 Evangelia

825 1045 1094 1112 Joannis,
1147 1061 1287 1100 cum
1339 1045 1629 1101 Dominus
1679 1049 1766 1101 ter
1816 1044 2166 1117 requisisset
2221 1059 2257 1100 a
2311 1047 2480 1100 Petro

827 1134 1210 1204 singulariter
1273 1138 1331 1189 et
1397 1133 1751 1206 specialiter,
1811 1150 1890 1191 an
1931 1134 2133 1206 ipsum
2189 1133 2480 1202 diligeret,

823 1223 1292 1280 audivitzPasce
1340 1237 1473 1279 oves
1502 1237 1662 1279 meas
1692 1225 1758 1276 '9.
1814 1223 2003 1295 Super
2059 1236 2244 1294 quem
2279 1221 2483 1278 locum

823 1311 973 1367 dixit
999 1311 1264 1368 Joannes
1295 1311 1763 1382 Chrysostomus
1793 1327 1807 1366 :
1836 1333 1864 1362 «
1923 1310 2076 1375 Quia
2115 1310 2295 1380 igitur
2341 1309 2481 1365 ﬁnis

821 1405 949 1458 erat
974 1402 1189 1468 Cene,
1247 1401 1417 1456 Petro
1470 1400 1932 1473 preposituram
1985 1400 2148 1456 orbis
2205 1399 2482 1455 omnium

817 1489 1156 1561 committit,
1182 1504 1303 1546 non
1332 1488 1502 1545 alteri
1523 1489 1646 1557 dat,
1667 1489 1775 1544 sed
1802 1488 1943 1544 huic
1963 1493 2222 1545 tantum.
2248 1489 2483 1553 Quare?

819 1578 969 1644 Quia
996 1579 1267 1635 omnium
1288 1577 1631 1650 precipuus
1661 1581 1718 1634 et
1761 1582 1943 1649 caput
1965 1577 2149 1634 totius
2203 1576 2389 1633 chori.
2417 1575 2484 1631 Et

815 1667 951 1724 ideo
981 1667 1183 1736 etiam,
1215 1670 1279 1723 ut
1304 1665 1589 1722 ostendat
1612 1666 1684 1737 ei,
1709 1667 1878 1738 quod
1931 1670 2128 1738 potest
2155 1665 2476 1730 conﬁdere,

813 1759 1108 1829 tanquam
1125 1755 1444 1826 negatione
1463 1753 1802 1811 oblitterata
1824 1772 1836 1823 ;
1860 1755 2007 1827 quia
2026 1755 2079 1810 ei
2095 1769 2293 1826 neque
2312 1753 2478 1810 illam

811 1847 1202 1918 improperat,
1227 1860 1337 1900 nec
1359 1843 1583 1917 profert
1606 1844 1669 1900 in
1688 1843 1958 1900 medium
1983 1863 1995 1903 :
2031 1843 2136 1900 sed
2161 1864 2174 1899 :
2200 1845 2258 1900 Si
2276 1843 2476 1914 diligis

811 1951 934 2002 me,
956 1939 1210 2008 preesto
1231 1933 1534 2005 fratribus,
1556 1937 1612 1989 et
1636 1932 1962 1990 ferventem
1981 1947 2272 2000 amorem,
2290 1948 2476 2005 quem

810 2024 872 2081 in
901 2037 1000 2081 me
1024 2023 1248 2080 habere
1280 2022 1527 2079 dicebas
1581 2022 1665 2079 ita
1684 2026 1749 2078 ut
1794 2023 1950 2079 mori
2005 2022 2188 2078 velles
2216 2038 2326 2095 pro
2355 2039 2475 2080 me,

811 2128 974 2170 nunc
1002 2112 1273 2170 ostende.
1331 2113 1660 2181 Interrogat
1683 2115 1884 2167 autem
1937 2126 2078 2167 eum
2137 2107 2243 2178 ter,
2295 2111 2476 2169 simul

810 2206 1106 2275 quantam
1126 2216 1335 2257 curam
1347 2199 1655 2256 habeatde
1669 2199 1886 2255 ovibus
1915 2199 2032 2255 sibi
2055 2200 2414 2256 commissis.
2443 2223 2473 2252 »

813 2289 882 2344 Et
909 2292 1046 2360 post
1073 2288 1279 2361 aliqua
1307 2288 1449 2345 dicit
1479 2288 1576 2347 ei:
1608 2288 1864 2360 Sequere
1905 2303 1999 2345 me
2051 2288 2125 2344 ³ο,
2163 2289 2474 2345 Commisit

809 2378 1059 2449 quidem
1074 2378 1243 2434 Petro
1263 2377 1675 2450 prelationem
1693 2378 1968 2434 omnium
1997 2376 2290 2434 ﬁdelium.
2319 2378 2472 2444 Quia

808 2468 918 2524 etsi
959 2468 1220 2525 Jacobus
1256 2467 1865 2540 Hierosolymitanam
1918 2467 2123 2524 sedem
2179 2468 2464 2540 suscepit,

808 2561 1014 2614 Petrus
1041 2563 1246 2614 tamen
1270 2558 1452 2614 totius
1475 2558 1671 2615 orbis:
1731 2558 1908 2630 quasi
1955 2557 2161 2614 dicat:
2215 2559 2468 2614 Sanctus

805 2652 1054 2704 vocatus
1075 2655 1162 2703 est
1180 2647 1440 2705 Iacobus
1471 2648 1531 2704 in
1563 2647 1834 2719 partibus
1865 2646 2418 2719 Hierosolymitanis
2449 2664 2462 2715 ;

803 2738 908 2794 sed
940 2738 1224 2793 Petrusin
1247 2737 1616 2810 plenitudine
1635 2737 1968 2810 potestatis.
1995 2736 2165 2792 Unde
2195 2737 2258 2792 in
2296 2753 2465 2793 man-

798 2828 971 2884 dato:
992 2827 1120 2884 Tibi
1129 2828 1283 2884 dabo
1297 2827 1685 2896 claves",tibi
1705 2826 2019 2883 discretive
2032 2827 2205 2899 quasi
2219 2827 2298 2883 ab
2311 2826 2462 2895 aliis,

797 2916 960 2973 dabo
992 2916 1208 2975 claves.
1233 2939 1261 2965 »
1298 2920 1486 2988 Super
1515 2932 1640 2988 quo
1701 2918 1962 2972 Joannes
2002 2915 2465 2993 Chrysostomus

795 3007 919 3063 ita:
956 3029 984 3058 «ι
1022 3005 1183 3062 Sicut
1215 3009 1384 3062 Pater
1403 3005 1568 3061 dedit
1605 3004 1715 3061 tibi
1757 3005 2186 3061 revelationem
2238 3004 2468 3061 confes-

798 3095 985 3151 sionis
1007 3111 1161 3151 vere
1179 3095 1320 3151 ﬁdei
1345 3113 1358 3163 ;
1385 3094 1468 3150 sic
1489 3109 1602 3165 ego
1619 3094 1783 3150 dabo
1807 3094 1910 3151 tibi
1945 3095 2144 3150 claves
2172 3095 2461 3164 caelestes,

793 3185 1144 3242 Divinorum
1189 3199 1333 3254 ergo
1371 3183 1691 3254 dignitates
1708 3183 1951 3239 tradidit
1991 3186 2177 3249 Preto,
2205 3188 2465 3256 potesta-

795 3274 917 3330 tive
942 3275 1004 3330 in
1033 3274 1201 3330 terris
1228 3274 1543 3342 exsistens,
1574 3277 1630 3328 et
1657 3272 2003 3329 caelestibus
2023 3273 2272 3329 intrans.
2307 3296 2336 3324 »

867 3366 1012 3420 Item
1042 3363 1543 3435 Chrysostomus:
1581 3365 1701 3418 «Et
1730 3361 1979 3434 quidem
2027 3362 2176 3418 alios
2228 3365 2463 3434 preter-

795 3453 1057 3521 mittens,
1090 3453 1252 3521 huic,
1285 3451 1347 3507 id
1385 3455 1498 3520 est,
1532 3453 1725 3520 Petro,
1774 3450 1849 3507 de
1901 3449 2115 3507 ovibus
2171 3450 2458 3523 disponit,

794 3561 935 3600 cum
971 3544 1044 3599 sit
1060 3544 1347 3616 princeps
1367 3540 1804 3614 apostolorum,
1834 3545 1892 3596 et
1913 3545 2096 3613 caput
2115 3541 2302 3597 chori.
2326 3543 2461 3597 Pro-

793 3641 922 3706 pter
954 3633 1121 3707 quod
1153 3631 1371 3688 Paulus
1422 3630 1693 3686 ascendit
1759 3629 2258 3702 Hierosolymam,
2314 3634 2459 3686 tunc

793 3723 998 3780 videre
1028 3722 1232 3795 ipsum
1251 3736 1374 3793 pre
1401 3720 1656 3803 ceteris,
1695 3741 1726 3770 »
1750 3719 1888 3774 Hec
1906 3725 2044 3774 sunt
2064 3719 2250 3776 verba
2273 3719 2457 3791 Chry-

798 3812 1068 3869 sostomi.

869 3916 934 3967 In
951 3909 1322 3984 quibusdam
1339 3913 1541 3966 tamen
1561 3906 1874 3964 codicibus
1894 3905 2293 3980 reperiuntur,
2318 3921 2455 3978 que

797 3999 1078 4057 videntur
1096 4014 1326 4071 sapere,
1359 3997 1526 4070 quod
1548 4012 1670 4053 non
1695 3995 1893 4052 solum
1916 3998 2106 4063 Petro,
2134 3994 2244 4051 sed
2274 3995 2456 4050 etiam

800 4088 1091 4164 apostolis
1119 4089 1518 4144 communiter
1556 4085 1837 4142 eamdem
1895 4084 2138 4140 tradidit
2169 4084 2458 4140 Dominus

798 4182 1176 4253 potestatem.
1209 4177 1398 4249 Super
1417 4191 1539 4249 quo
1569 4174 1874 4231 voluimus
1915 4173 2295 4230 admonitum
2325 4188 2458 4228 esse

800 4269 1109 4337 lectorem,
1135 4271 1200 4322 ut
1237 4266 1481 4333 habeat,
1523 4279 1646 4336 quo
1695 4262 1912 4319 debeat
1959 4261 2321 4318 adversariis
2370 4277 2456 4317 re-

801 4359 1118 4433 spondere,
1136 4357 1182 4412 si
1194 4372 1330 4428 que
1346 4354 1806 4410 inveniunturin
1824 4352 2032 4408 Glossa
2047 4357 2060 4403 ι
2071 4351 2456 4423 1hrysostomi

800 4450 1016 4524 posita,
1057 4463 1194 4519 que
1241 4445 1445 4501 dicunt
1493 4443 1931 4516 plenitudinem
1980 4441 2287 4513 potestatis
2332 4456 2456 4497 non

799 4556 930 4599 esse
973 4536 1257 4594 traditam
1306 4537 1541 4591 tantum
1584 4535 1771 4598 Petro,
1834 4532 1939 4587 sed
1984 4531 2270 4587 omnibus
2304 4530 2454 4602 aliis,

799 4591 1423 4702 absque-dubitatione
1454 4622 1658 4694 aliqua
1675 4591 2199 4693 dicit,quicunque
2227 4591 2454 4692 legerit,

799 4719 965 4793 quod
985 4717 1092 4772 illa
1122 4730 1246 4770 non
1277 4719 1416 4768 sunt
1435 4713 1622 4767 verba
1645 4711 2074 4782 Chrysostomi,
2124 4710 2229 4765 sed
2258 4711 2457 4782 potius

798 4804 1247 4880 Theophylacti,
1282 4800 1718 4874 archiepiscopi
1748 4799 2159 4870 Bulgarorum,
2185 4799 2289 4872 qui
2315 4804 2456 4855 mis-

800 4917 902 4957 sus
923 4903 1011 4954 est
1037 4912 1074 4952 a
1102 4894 1332 4964 Photio,
1351 4898 1619 4964 tempore
1643 4890 1986 4946 schismatis
2007 4889 2068 4945 in
2092 4889 2454 4960 Bulgariam,

798 4995 863 5046 ut
881 4991 1045 5062 ipsos
1065 4984 1370 5055 Bulgaros,
1391 4986 1535 5038 tunc
1557 4980 1842 5053 temporis
1876 4978 2151 5035 Ecclesiae
2171 4982 2457 5036 Romane

795 5081 1048 5137 devotos
1084 5080 1140 5132 et
1167 5073 1534 5141 obedientes,
1562 5071 1641 5128 ad
1671 5071 2006 5126 Grecorum
2036 5069 2184 5126 ritus
2233 5075 2290 5127 et
2313 5071 2458 5126 obe-

795 5168 1086 5226 dientiam
1107 5167 1434 5221 revocaret.
1459 5161 1629 5227 Quod
1656 5165 1711 5216 et
1735 5160 1959 5216 factum
1982 5164 2093 5215 est.
2117 5161 2230 5216 Iste
2255 5159 2457 5233 itaque

792 5255 1294 5330 Theophylactus,
1329 5267 1467 5307 curn
1491 5266 1687 5307 omnia
1707 5250 1825 5306 fere
1847 5249 2067 5321 scripta
2093 5249 2254 5305 beati
2281 5252 2458 5307 Joan-

791 5350 887 5406 nis
921 5343 1332 5419 Chrysostomi
1363 5357 1473 5398 suo
1521 5340 1764 5410 ingenio
1816 5339 2250 5408 abbreviasset,
2282 5339 2458 5412 quid-

789 5438 938 5514 quid
958 5454 1070 5512 pro
1097 5434 1441 5493 Latinorum
1472 5430 1730 5488 Ecclesia
1751 5430 1946 5488 facere
1979 5428 2319 5501 videbatur,
2351 5434 2454 5488 aut

2585 601 2950 660 intellectum
2979 603 3266 676 corrupit.
3307 605 3698 663 Inveniuntur
3725 611 3930 664 tamen
3955 607 4240 680 quedam

2586 690 2902 761 originalia
2952 691 3361 763 Chrysostomi
3416 692 3617 750 adhuc
3647 693 3832 752 illesa
3865 694 3926 751 in
3965 696 4240 752 armariis

2585 781 3090 837 monasteriorum
3130 783 3494 840 Grecorum.

2658 869 2803 924 Item
2835 869 3019 925 Greci
3045 869 3108 925 in
3137 869 3336 926 oﬁicio
3367 886 3478 926 suo
3521 871 3597 928 de
3652 871 3938 944 apostolis
3985 873 4157 929 Petro
4184 877 4240 929 et

2586 957 2767 1013 Paulo
2794 957 2934 1014 talia
2962 963 3275 1024 testantur,
3309 959 3551 1016 cuilibet
3597 960 3840 1017 laudem
3894 966 4234 1018 cantantes:

2586 1067 2614 1096 «
2649 1046 2838 1112 Petro,
2888 1046 2992 1118 qui
3034 1046 3210 1102 divisi
3269 1053 3411 1104 sunt
3443 1063 3692 1120 corpore
3721 1052 3859 1119 (16),
3902 1050 4050 1105 uniti
4101 1055 4242 1106 sunt

2589 1134 2821 1206 spiritu.
2849 1135 3194 1192 DiVinorum
3221 1136 3683 1208 predicatorum
3713 1138 4104 1210 praepositos;
4135 1140 4240 1194 Pe-

2588 1227 2744 1279 trum
2769 1223 3017 1296 quidem
3066 1230 3359 1297 tanquam
3407 1225 3819 1298 apostolorum
3871 1226 4238 1299 principem;

2587 1311 2839 1367 Paulum
2878 1327 3021 1368 vero
3051 1317 3347 1384 tanquam
3376 1328 3501 1385 pre
3528 1313 3758 1370 ceteris
3777 1313 4181 1373 laborantem.
4216 1336 4236 1364 ι

2657 1403 2802 1456 Item
2835 1403 3122 1457 Dominus
3141 1401 3203 1456 in
3231 1401 3554 1472 Evangelio
3584 1402 3660 1458 de
3685 1402 3890 1459 Petro:
3932 1404 4020 1459 Tu
4064 1418 4241 1460 voca-

2588 1488 2741 1545 beris
2770 1490 3085 1561 Cephas”,
3126 1489 3294 1563 quod
3346 1490 3408 1546 in
3472 1491 3679 1547 Latino
3732 1491 4035 1548 redditum
4066 1497 4243 1550 sonat

2588 1585 2809 1648 caput;
2845 1584 2908 1634 ut
2927 1595 3001 1635 ex
3028 1578 3162 1650 ipsa
3200 1579 3588 1651 impositione
3625 1580 3890 1636 nominis
3933 1588 4115 1651 caput
4141 1585 4244 1638 Ec-

2587 1667 2780 1724 clesie
2810 1668 3094 1724 eumdem
3135 1667 3598 1724 demonstraret.
3631 1668 3805 1734 Quod
3843 1670 3996 1726 sacri
4028 1674 4243 1727 tracta-

2584 1759 2744 1813 tores
2764 1755 2908 1812 ﬁdei
2927 1755 3403 1824 considerantes,
3421 1755 3772 1828 ubicunque
3787 1756 3865 1813 de
3884 1761 4052 1814 Petro
4075 1774 4243 1815 men-

2587 1847 2811 1903 tionem
2843 1845 3112 1918 aliquam
3137 1845 3425 1914 fecerunt,
3471 1854 3751 1920 κορυφαῖον
3786 1856 3885 1899 τῶν
3916 1845 4242 1917 ἀποστόλων,

2585 1935 2648 1992 id
2677 1943 2787 2005 est,
2809 1939 2992 2008 caput
3007 1935 3102 1991 vel
3117 1934 3395 1991 verticem
3417 1935 3848 2008 apostolorum,
3875 1937 3972 1994 vel
4007 1938 4244 2012 apicem

2584 2026 3066 2082 nominaverunt.
3099 2026 3288 2090 Quam
3306 2025 3771 2096 prerogativam
3800 2026 4064 2082 nominis
4093 2042 4248 2086 nun-

2581 2131 2772 2188 quam
2801 2114 2943 2171 alibi
2963 2113 3470 2186 legi.Quanquam
3489 2116 3820 2172 Germanus
3850 2118 4125 2173 Nicenus
4154 2132 4248 2173 ar-

2582 2205 3021 2277 chiepiscopus,
3072 2204 3183 2259 iste
3236 2202 3480 2273 scilicet,
3531 2203 3636 2276 qui
3678 2219 3875 2276 nuper
3923 2204 4245 2263 defunctus

2581 2299 2689 2361 est,
2720 2292 2783 2348 in
2803 2291 3175 2365 quibusdam
3206 2292 3331 2346 suis
3363 2291 3593 2356 litteris,
3633 2308 3790 2365 quas
3844 2299 4056 2351 contra
4087 2295 4247 2351 Lati-

2578 2399 2797 2440 norum
2817 2382 3002 2438 ﬁdem
3044 2396 3240 2455 nuper
3288 2381 3636 2452 transmisit,
3685 2383 3868 2440 etiam
3898 2384 4245 2456 apostolum

2576 2473 2828 2530 Paulum
2851 2479 3133 2547 κορυφαῖον
3180 2478 3280 2523 τῶν
3332 2469 3632 2523 ἀποστόλων
3680 2473 4037 2530 nominavit.
4087 2475 4243 2540 Quia

2575 2567 2778 2619 autem
2803 2561 3054 2634 quidam
3086 2561 3438 2619 Grecorum
3454 2561 3774 2633 episcopus
3805 2577 4125 2636 nunquam
4156 2569 4244 2621 ta-

2570 2652 2690 2708 lem
2721 2650 3078 2707 abusionem
3110 2664 3172 2704 se
3199 2649 3499 2705 audivisse
3555 2654 3806 2706 testatus
3837 2657 3942 2723 est,
3976 2652 4138 2707 unde
4167 2657 4227 2708 et

2571 2740 2776 2796 derisit
2812 2739 3143 2796 hominem.
3189 2737 3305 2794 Sed
3329 2743 3476 2795 esto.
3509 2738 3660 2803 Quid
3686 2738 3765 2794 ad
3784 2755 3910 2796 rem
3940 2741 3966 2795 ?
4014 2743 4229 2798 Roma-

2571 2845 2687 2886 nus
2717 2844 2985 2901 namque
3005 2826 3291 2900 pontifex,
3322 2842 3447 2884 non
3471 2827 3666 2883 solum
3700 2827 3876 2898 Petri,
3903 2828 4009 2886 sed
4043 2833 4229 2887 etiam

2572 2918 2736 2974 Pauli
2786 2917 3004 2974 meruit
3057 2932 3191 2972 esse
3244 2931 3574 2971 successor.
3637 2919 3802 2974 Petro
3849 2919 4134 2975 successit
4165 2919 4232 2975 in

2573 3011 2865 3080 potestate
2893 3005 3174 3076 clavium,
3202 3004 3385 3060 Paulo
3404 3005 3466 3060 in
3486 3004 3859 3062 discussione
3881 3023 4227 3064 causarum.

2575 3099 2724 3153 Nam
2751 3096 2905 3151 sicut
2925 3098 3128 3150 Petrus
3159 3094 3574 3150 auctoritatem
3620 3093 3848 3164 ligandi
3894 3103 4075 3169 atque
4107 3097 4229 3152 sol-

2572 3185 2754 3241 vendi
2811 3184 3038 3256 accepit
3107 3199 3144 3239 a
3216 3183 3490 3250 Domino,
3553 3185 3636 3240 ita
3691 3184 3907 3241 Paulus
3967 3186 4229 3242 scientie

2573 3273 3029 3348 plenitudinem.
3074 3274 3138 3328 Et
3165 3272 3300 3328 licet
3347 3287 3560 3328 omnes
3608 3274 3866 3345 apostoli
3911 3273 4141 3345 ligandi
4173 3280 4231 3333 et

2574 3364 2842 3420 solvendi
2874 3363 3072 3420 claves
3099 3378 3135 3418 a
3167 3361 3421 3418 Domino
3453 3364 3840 3435 susceperint,
3886 3364 4088 3421 nullus
4143 3371 4229 3423 ta-

2573 3469 2714 3510 men
2743 3452 3127 3527 plenitudinis
3155 3456 3516 3524 potestatem
3553 3451 3667 3508 sibi
3706 3452 3913 3526 aliquo
3955 3458 4227 3527 tempore

2575 3543 2917 3600 vindicavit.
2952 3544 3099 3599 Sunt
3124 3556 3266 3596 vero
3309 3540 3507 3596 vocati
3540 3540 3602 3595 in
3654 3547 3885 3614 partem
3938 3543 4227 3600 sollicitu-

2566 3633 2748 3701 dinis,
2777 3632 2932 3688 sicut
2959 3629 3396 3702 archiepiscopi
3425 3645 3463 3685 a
3486 3644 3669 3702 papa.
3702 3631 3969 3705 episcopi
4001 3633 4081 3689 ab
4128 3648 4226 3690 ar-

2565 3721 2983 3794 chiepiscopis,
3033 3724 3091 3775 et
3133 3719 3211 3774 ab
3276 3719 3576 3791 episcopis
3629 3721 3991 3777 sacerdotes.
4056 3723 4225 3779 Unde

2565 3811 2790 3868 factum
2807 3815 2918 3878 est,
2951 3813 3016 3864 ut
3045 3823 3426 3864 successores
3478 3807 3733 3864 aliorum
3782 3811 4223 3882 apostolorum,

2564 3914 2689 3956 non
2716 3899 2939 3954 summi
2968 3897 3304 3970 pontiﬁces,
3327 3896 3430 3951 sed
3463 3896 3944 3968 archipresules,
3993 3898 4088 3955 vel
4123 3914 4224 3956 ar-

2567 3987 2935 4061 chiepiscopi
2963 3987 3726 4058 nuncupentur.Romanus
3758 4002 3901 4043 vero
3931 3989 4224 4060 pontifex,

2568 4078 2712 4151 quia
2732 4079 2926 4146 Petro,
2957 4076 3017 4132 id
3070 4081 3179 4145 est,
3229 4075 3438 4131 Christi
3471 4075 3695 4132 vicario
3751 4079 4058 4148 successit,
4099 4095 4227 4136 non

2566 4168 2863 4225 immerito
2885 4183 3161 4223 summus
3190 4165 3460 4238 pontifex
3488 4170 3546 4222 et
3571 4182 3751 4239 papa,
3782 4167 3897 4224 hoc
3918 4173 4028 4236 est,
4054 4172 4229 4228 Pater

2565 4261 2844 4326 Patrum,
2878 4257 3257 4330 singulariter
3282 4262 3692 4330 nuncupatur.

2638 4351 2905 4407 Aliorum
2932 4349 3110 4406 etiam
3130 4348 3405 4405 locorum
3422 4349 3711 4423 episcopi,
3743 4350 3804 4407 in
3833 4351 4057 4424 quibus
4090 4353 4226 4427 ipse

2565 4439 2958 4515 personaliter
2990 4437 3242 4511 prefuit,
3293 4443 3358 4494 ut
3408 4440 3756 4509 Antiochie,
3787 4441 3878 4498 vel
3925 4441 4005 4498 ad
4034 4459 4227 4516 quam

2566 4530 2857 4587 vicarium
2885 4543 3063 4584 suum
3102 4527 3284 4595 misit,
3333 4532 3398 4584 ut
3435 4530 3697 4584 Marcum
3747 4529 4144 4600 Alexandrie,
4168 4538 4230 4590 et

2565 4621 2704 4676 item
2733 4621 3015 4675 Cesaree
3049 4616 3400 4684 Palaestinae,
3423 4616 3527 4672 ubi
3557 4618 3878 4675 concilium
3898 4621 4223 4692 ordinavit,

2566 4715 2624 4767 et
2661 4711 2711 4766 ei
2737 4710 2898 4765 vices
2947 4724 3088 4764 suas
3136 4706 3456 4773 commisit,
3488 4713 3732 4779 propter
3761 4709 3917 4766 Petri
3940 4727 4224 4769 reveren-

2566 4801 2713 4857 tiam
2745 4797 3048 4869 singulare
3079 4795 3458 4868 privilegium
3485 4801 3543 4852 et
3595 4796 3915 4866 dignitates
3958 4815 4083 4872 pre
4115 4817 4228 4857 ce-

2566 4891 2703 4948 teris
2726 4888 2997 4945 Ecclesiis
3019 4891 3386 4955 meruerunt,
3413 4889 3479 4942 ut
3501 4885 3798 4943 dictarum
3821 4887 4227 4948 Ecclesiarum

2567 4978 2855 5053 episcopi,
2874 4992 2997 5033 non
3015 4975 3210 5032 solum
3229 4975 3499 5047 episcopi
3516 4975 3610 5032 vel
3635 4977 4094 5050 archiepiscopi,
4117 4980 4228 5037 sed

2567 5067 2944 5143 patriarche,
2969 5066 3085 5122 hoc
3106 5069 3213 5134 est,
3255 5064 3558 5137 principes
3616 5067 3877 5138 Patrum,
3940 5068 4036 5124 vel
4066 5069 4232 5142 prin-

2567 5159 2818 5233 cipales,
2845 5155 3233 5230 appropriato
3262 5153 3582 5223 vocabulo,
3615 5171 3652 5213 a
3680 5157 3910 5214 cunctis
3938 5159 4232 5217 nomina-

2567 5255 2791 5307 rentur.

2642 5340 2697 5397 Si
2723 5353 2864 5394 vero
2890 5335 3198 5410 queritur,
3225 5333 3389 5392 Unde
3447 5350 3590 5406 ergo
3614 5335 3947 5394 Jerusalem
3991 5342 4049 5396 et
4080 5339 4237 5399 Con-

2569 5428 2988 5502 stantinopolis
3005 5426 3230 5484 habent
3260 5426 3666 5500 patriarcham
3688 5427 3716 5483 ?
3749 5428 4231 5502 respondemus:

864 5597 908 5632 "
939 5595 1117 5651 Joan.
1144 5608 1266 5660 xxx,
1301 5591 1387 5645 l7.
1467 5589 1515 5625 ³ο
1547 5585 1694 5644 Ibid.
1728 5589 1820 5646 22.
1897 5586 1939 5623 ²¹
1975 5585 2174 5644 Matth.
2203 5601 2320 5655 xw,
2354 5587 2440 5642 l9.
2518 5587 2565 5622 ²²
2595 5586 2623 5641 J

1203 5608 1266 5660 ιι,
1301 5591 1387 5645 i7.
1467 5589 1515 5625 ³ο
1547 5585 1694 5644 Ibid.
1728 5589 1820 5646 22.
1897 5586 1939 5623 ²¹
1975 5585 2174 5644 Matth.
2203 5601 2320 5655 xw,
2354 5587 2440 5642 19.
2518 5587 2565 5622 ²²
2595 5586 2767 5642 Joan.
2801 5599 2842 5654 ι,
2873 5584 2967 5639 42.

861 5741 976 5822 (16)
1019 5740 1209 5796 Locus
1237 5737 1577 5810 corruptus.
