4468 6440
270 403 376 458 529

1664 400 1942 459 CONTRA
1984 400 2298 459 GRAECOS.

3580 396 3685 453 530

268 525 336 581 In
373 524 573 598 primo
601 522 859 594 generali
889 522 1158 594 concilio,
1185 523 1389 580 Patres
1419 524 1629 595 sancti,
1663 525 1769 597 qui
1790 525 1928 582 ade-
1956 529 2002 582 A
2033 524 2334 598 praedicta
2364 521 2618 580 civitatis
2657 521 2963 595 episcopo,
3017 518 3239 594 petenti
3277 519 3683 578 conﬁrmatio-

267 618 426 682 rant,
449 613 897 670 considerantes
925 613 1038 668 loci
1067 613 1574 678 reverentiam,de
1594 613 1924 672 Jerusalem
2033 629 2173 670 nem
2205 629 2328 670 suas
2379 611 2705 684 dignitatis,
2735 615 2790 666 et
2817 609 3090 684 querenti
3138 609 3213 664 de
3255 608 3466 679 legatis
3518 609 3680 666 sedis

267 703 511 770 scilicet,
536 705 724 776 quam
754 703 1116 776 Redemptor
1163 703 1437 760 omnium
1467 719 1579 760 sua
1606 705 1926 776 praesentia
2033 701 2396 774 apostolicis.
2425 716 2498 758 eo
2521 699 2689 773 quod
2716 713 2840 755 non
2887 703 3324 756 consenserunt
3376 697 3678 768 praedictas

267 796 329 848 et
379 808 490 848 suo
542 807 753 848 cruore
794 792 1065 865 piissime
1097 791 1381 863 dignatus
1417 796 1507 848 est
1545 806 1918 856 consecrare,

264 882 565 939 honorem
631 881 999 953 hujusmodi,
1060 887 1118 938 et
1159 882 1596 954 patriarchatus
1620 882 1921 954 ejusmodi

263 970 382 1027 loci
407 971 694 1044 episcopo
717 971 1125 1044 dispensative
1146 975 1589 1028 concesserunt.
1637 971 1921 1028 Dixerunt

263 1060 466 1117 enim:
517 1082 545 1110 ‹‹
589 1060 936 1126 Statuimus,
988 1063 1054 1116 ut
1097 1059 1257 1116 Elite
1304 1061 1625 1133 episcopus
1676 1065 1919 1133 propter

259 1149 657 1206 reverentiam
715 1149 966 1218 Domini,
1000 1149 1516 1221 pra-eminentiam
1561 1148 1653 1205 vel
1694 1165 1917 1222 puero-

261 1239 524 1309 gativam
583 1238 877 1293 honorem
938 1237 1378 1309 patriarchatus
1432 1237 1692 1294 haheat:
1750 1238 1918 1295 salvo

256 1329 396 1397 jure
458 1331 514 1382 et
575 1326 905 1382 reverentia
972 1327 1340 1398 metropolis,
1399 1348 1426 1376 ν
1485 1327 1599 1382 hoc
1660 1331 1768 1393 est,
1820 1343 1916 1384 ar-

259 1414 632 1488 chiepiscopi
677 1413 1004 1469 Palaestina
1035 1415 1343 1471 Cmsareaa.
1384 1414 1555 1480 Quod
1607 1414 1744 1470 ideo
1792 1413 1914 1471 fac-

262 1507 393 1559 tum
459 1507 568 1571 est,
631 1502 777 1574 quia
847 1502 1154 1558 Cornelius
1215 1503 1504 1568 centurio,
1550 1503 1701 1559 sicut
1761 1503 1914 1560 dixi-

258 1607 422 1658 mus,
451 1607 488 1648 a
513 1594 678 1647 Petro
709 1590 985 1663 apostolo
1014 1591 1576 1663 episcopusibidem
1600 1591 1914 1648 ordinatus

257 1681 422 1735 vices
445 1680 637 1750 ipsius
665 1679 922 1751 apostoli
951 1679 1365 1751 apostolorum
1395 1679 1682 1752 principis
1712 1680 1771 1735 in
1793 1681 1914 1737 vita

258 1785 376 1825 sua
405 1769 670 1838 gerebat.
704 1768 1010 1824 Distinctio
1041 1769 1419 1839 sexagesima
1463 1769 1674 1841 quinta
1702 1770 1783 1826 ita
1810 1768 1914 1826 ha-

2030 791 2412 857 ordinationi,
2441 789 2523 846 ita
2549 789 2691 845 dicit
2722 806 2734 842 :
2770 810 2798 838 ιι
2831 787 2945 844 Sed
2993 787 3376 859 temetipsum
3406 801 3678 853 accusas,

2028 879 2199 954 quod
2250 880 2334 937 eis
2373 878 2629 951 (legatis)
2678 892 2889 950 parere
2944 875 3226 942 nolueris,
3289 875 3438 931 dum
3480 874 3682 930 illicita

2027 969 2292 1034 moliris;
2338 967 2640 1042 superﬂue
2695 981 2820 1023 non
2858 963 3247 1022 concedenda
3289 968 3580 1036 appetens
3623 967 3683 1020 et

2025 1058 2407 1116 insalubriter
2435 1055 2728 1112 contraria
2770 1053 3229 1127 concupiscens,
3261 1069 3397 1125 quae
3443 1051 3678 1108 nullum

2025 1163 2298 1221 unquam
2328 1149 2650 1219 potuerunt
2673 1149 2949 1200 nostrum
2979 1142 3247 1199 obtinere
3277 1156 3666 1198 consensum.

2025 1237 2192 1293 Absit
2217 1237 2376 1293 enim
2407 1251 2444 1292 a
2473 1233 2836 1291 conscientia
2873 1247 3030 1301 mea,
3061 1236 3127 1288 ut
3150 1236 3274 1288 tam
3295 1246 3488 1304 prava
3513 1231 3678 1303 cupi-

2025 1327 2181 1384 ditas
2224 1327 2373 1382 meis
2417 1324 2629 1381 studiis
2677 1323 3018 1394 adjuvetur,
3046 1343 3075 1372 ››
3118 1325 3228 1377 etc.
3279 1321 3416 1376 Haec
3466 1322 3676 1379 autem

2025 1420 2247 1490 scripta
2267 1416 2480 1473 suntin
2506 1415 2688 1486 gestis
2710 1413 2910 1486 quarti
2927 1412 3182 1483 concilii,
3207 1411 3284 1467 de
3298 1427 3422 1484 quo
3443 1411 3674 1484 praefati

2025 1523 2262 1564 sumus.

2095 1595 2208 1652 Sed
2225 1593 2542 1664 Gregorius
2561 1591 2842 1661 Dialogus
2854 1590 3210 1663 episcopum
3225 1589 3274 1660 ej
3285 1588 3496 1644 usdem
3506 1588 3674 1645 urbis

2023 1681 2569 1754 Eleemosynarium
2583 1679 3048 1752 reprehendens,
3062 1691 3134 1732 eo
3145 1675 3312 1749 quod
3326 1675 3439 1732 tale
3452 1691 3674 1733 nomen

2023 1773 2244 1829 habere
2275 1769 2746 1844 praesumpserit,
2777 1768 2858 1823 ita
2888 1767 3091 1822 scribit
3112 1766 3172 1820 in
3203 1780 3313 1820 suo
3357 1765 3622 1834 Registro
3656 1783 3670 1820 :

255 1859 377 1927 bet,
409 1873 596 1931 quam
629 1873 764 1913 mos
797 1857 1083 1934 antiquus
1113 1862 1168 1912 et
1198 1863 1435 1913 vetusta
1463 1857 1703 1914 traditio
1752 1859 1912 1914 obti-
1941 1873 1984 1928 Β
2023 1887 2049 1914 ‹‹
2086 1862 2254 1934 Papa
2273 1861 2522 1932 insuper
2563 1862 2871 1914 Romanus
2900 1872 3038 1912 cum
3077 1854 3347 1911 oblatum
3377 1857 3530 1909 esset
3554 1854 3607 1910 ei
3636 1870 3673 1910 a

253 1948 409 2016 nuit,
436 1951 502 2002 ut
548 1945 730 2011 Elia,
753 1945 814 2000 id
856 1950 965 2012 est,
1015 1946 1340 2002 Jerusalem
1382 1948 1667 2018 episcopo
1716 1947 1913 2004 honor

253 2036 582 2105 deferatur,
636 2034 860 2091 habeat
923 2039 1360 2107 consequenter
1405 2036 1721 2102 honorem,
1781 2052 1911 2092 ma-

250 2130 436 2182 nente
477 2129 681 2181 tamen
715 2123 1190 2197 metropolitanas
1237 2124 1486 2180 civitatis
1532 2125 1779 2198 propria
1823 2125 1912 2182 di-

253 2215 501 2286 guitate.

328 2302 874 2376 Constantinopolis
889 2325 916 2351 κ
927 2303 1175 2372 proprie
1185 2304 1376 2359 sedem
1396 2321 1502 2357 non
1516 2304 1692 2360 habet
1718 2322 1730 2372 ;
1753 2326 1781 2353 »
1805 2305 1911 2360 sed

249 2391 629 2449 Theodosius
667 2391 992 2463 imperator
1019 2391 1079 2446 in
1112 2391 1382 2446 secundo
1412 2392 1663 2447 concilio
1720 2393 1914 2463 coegit

253 2486 500 2537 centum
523 2481 964 2553 quinquaginta
994 2483 1213 2548 Patres,
1247 2480 1405 2536 clam
1433 2497 1673 2537 summo
1725 2482 1913 2538 Ponti-

251 2569 386 2642 ﬁce,
434 2571 563 2626 sine
610 2571 783 2640 cujus
827 2585 1131 2625 consensu
1159 2569 1285 2626 ﬁeri
1316 2585 1438 2625 non
1491 2571 1704 2642 potuit,
1735 2575 1914 2642 prout

239 2659 582 2729 legentibus
612 2658 774 2714 hunc
803 2658 1069 2714 libellum
1104 2659 1348 2730 patebit,
1394 2663 1458 2714 ut
1495 2660 1912 2715 Constantino-

239 2747 400 2821 polis
432 2747 636 2804 sedem
669 2747 1082 2809 sublimarent,
1116 2763 1339 2803 nomen
1371 2749 1424 2804 ei
1468 2748 1909 2820 patriarchatus

239 2838 661 2906 attribuentes,
700 2837 867 2910 quod
920 2842 1058 2892 ante
1107 2853 1230 2893 non
1287 2837 1572 2893 habebat.
1626 2841 1910 2894 Processu

237 2941 384 2981 vero
418 2927 727 2999 temporis,
753 2932 1055 2981 crescente
1083 2929 1417 2982 Graecorum
1449 2927 1697 2996 malitia,
1730 2933 1786 2984 et
1806 2943 1909 2999 po-

235 3016 425 3072 tentia
457 3015 882 3080 invalescente,
936 3016 1163 3083 Patres,
1218 3017 1320 3087 qui
1382 3022 1790 3072 convenerant
1845 3017 1905 3072 in

230 3109 454 3176 quarto
484 3102 756 3167 concilio,
785 3119 968 3159 suasu
992 3104 1277 3177 principis
1301 3105 1592 3173 Martiani,
1619 3105 1904 3177 quaedam

231 3192 552 3265 privilegia
582 3195 866 3249 Romana
919 3193 1082 3249 sedis
1133 3194 1378 3262 similia,
1429 3199 1486 3250 et
1533 3195 1647 3250 hoc
1682 3211 1902 3251 nomen

232 3283 592 3354 οἰκουμινικὸς
645 3282 1008 3353 patriarcha,
1057 3282 1222 3354 quod
1278 3287 1471 3345 sonat,
1522 3283 1899 3351 orbicularis,

234 3372 361 3428 sive
379 3371 732 3427 universalis
751 3372 1111 3440 patriarcha,
1138 3372 1330 3428 eidem
1356 3374 1904 3445 Constantinopoli-

235 3467 381 3517 tano
403 3461 712 3533 episcopo,
744 3461 1298 3518 contradicentibus
1354 3463 1698 3534 apostolicae
1743 3464 1902 3519 sedis

233 3550 469 3620 legatis,
518 3549 915 3605 contulerunt.
979 3552 1063 3612 Et,
1135 3556 1198 3606 ut
1235 3551 1462 3607 haheat
1510 3552 1773 3623 primum
1815 3552 1901 3608 lo-

237 3656 378 3696 cum
394 3644 533 3710 post
547 3654 767 3710 papam
788 3655 954 3694 :cum
970 3637 1104 3693 Alex
1116 3641 1404 3694 andrinus
1416 3641 1904 3713 archiepiscopus

236 3729 525 3801 primitus
556 3744 691 3784 eam
722 3728 1078 3798 dignitatem
1130 3728 1430 3798 habuerit,
1484 3731 1544 3786 in
1595 3732 1811 3803 primo,
1847 3737 1903 3788 et

237 3817 538 3886 secundo,
572 3823 627 3873 et
676 3817 848 3874 tertio
879 3818 1158 3886 concilio,
1210 3824 1454 3890 propter
1503 3822 1901 3877 reverentiam

233 3907 400 3964 beati
453 3906 648 3972 Marci,
695 3905 974 3978 discipuli
1019 3905 1177 3962 beati
1226 3909 1398 3966 Petri.
1475 3911 1899 3966 Verumtamen

234 3996 384 4069 quia
409 4010 482 4051 ea
523 3995 966 4052 deﬁniebantur
991 3995 1052 4050 in
1103 3997 1367 4052 conciliis
1421 3997 1547 4052 sine
1600 4015 1900 4055 consensu

232 4100 435 4157 papa,
469 4083 565 4140 vel
590 4083 927 4155 legatorum
958 4083 1169 4156 ipsius,
1215 4085 1401 4141 robur
1437 4087 1736 4143 ﬁrmitatis
1795 4087 1901 4144 ha-

231 4173 377 4230 bere
405 4188 529 4229 non
560 4178 854 4245 poterant,
888 4173 1028 4229 dicti
1069 4176 1269 4228 Patres
1300 4190 1351 4229 IV
1397 4175 1631 4231 concilii
1659 4182 1896 4244 cuncta,

231 4279 373 4336 qum
404 4266 670 4332 egerant,
704 4261 783 4318 ad
809 4263 1009 4334 ipsum
1043 4264 1530 4323 transmittentes.
1559 4271 1768 4337 petunt
1792 4267 1898 4322 hu-

232 4351 454 4408 militer
482 4351 837 4408 eorumdem
868 4351 1413 4409 conﬁrmationem.
1448 4355 1561 4410 Sed
1587 4355 1731 4427 quia
1785 4355 1900 4412 tale

234 4441 585 4498 ambitionis
616 4457 837 4496 nomen
850 4446 906 4496 et
927 4447 1280 4514 potestatem
1296 4449 1652 4516 usurpatam
1673 4445 1901 4502 indebi-

235 4536 312 4596 te,
349 4546 473 4585 non
496 4530 622 4586 sine
642 4545 865 4600 magna
886 4530 1105 4601 injuria
1127 4530 1384 4588 aliorum
1417 4534 1899 4604 patriarcharum

234 4627 294 4678 et
314 4622 578 4676 maxime
604 4620 915 4692 papaa,sibi
933 4627 1367 4689 arrogaverunt
1385 4623 1588 4686 Graeci;
1606 4623 1742 4680 ideo
1764 4624 1903 4681 bea-

234 4715 333 4767 tus
366 4713 481 4766 Leo
514 4726 671 4782 papa
700 4710 966 4782 petitioni
993 4710 1227 4766 concilii
1271 4712 1435 4767 nullo
1466 4713 1648 4770 modo
1703 4731 1904 4772 assen-

236 4816 375 4856 sum
393 4798 665 4872 praebere
683 4799 888 4864 voluit,
912 4799 1019 4854 sed
1037 4799 1272 4872 scripsit
1287 4801 1370 4856 eis
1385 4802 1468 4857 sic
1487 4806 1601 4873 (t7)
1625 4825 1682 4864 ;‹‹
1705 4804 1784 4860 De
1806 4821 1904 4861 ne-

235 4889 416 4959 gotiis
445 4887 584 4942 ﬁdei
614 4887 919 4960 synodum
942 4889 1298 4959 congregari
1327 4891 1731 4962 permisimus,
1757 4901 1814 4949 et
1844 4898 1907 4950 ut

233 4983 588 5034 sanctorum
619 4977 863 5032 Patrum
891 4992 1160 5033 canones
1197 4985 1646 5048 conserventur,
1680 4998 1817 5054 quas
1847 4983 1904 5038 in

233 5067 473 5124 Niczena
505 5065 741 5137 synodo
770 5066 1145 5123 inconcussis
1174 5065 1563 5136 dogmatibus
1595 5071 1754 5130 edita
1782 5071 1901 5127 fue~

230 5161 394 5214 runt.
431 5157 830 5229 Quapropter,
867 5155 1141 5229 inquam,
1176 5158 1655 5218 consideratione
1692 5167 1902 5218 vestras

231 5245 567 5303 sanctitatis
599 5247 933 5312 innotesco,
967 5246 1133 5321 quod
1159 5247 1580 5316 Ecclesiarum,
1617 5257 1794 5324 prout
1825 5252 1903 5308 ab

231 5335 347 5394 illis
397 5334 675 5394 trecentis
721 5334 934 5394 decem
995 5340 1052 5393 et
1099 5341 1234 5394 octo
1293 5337 1570 5396 Patribus
1619 5339 1905 5401 divinitus

231 5424 544 5501 inspiratis
575 5423 736 5484 edita
767 5428 926 5494 sunt,
960 5425 1243 5485 volumus
1277 5431 1339 5486 ut
1372 5437 1807 5505 permaneant;
1839 5437 1905 5493 ut

231 5514 321 5576 nil
340 5513 752 5574 inverecunda
770 5513 1020 5576 ambitio
1041 5515 1363 5578 desideret.
1399 5541 1427 5573 »
1463 5519 1606 5581 inde
1626 5521 1902 5584 Anatolio

311 5698 425 5773 (l7)
456 5700 515 5759 S.
546 5697 668 5760 Leo
698 5696 778 5761 ad
805 5697 1131 5760 concilium
1162 5713 1222 5760 ιν

2022 1951 2287 2007 conciliis
2309 1963 2532 2006 nomen
2553 1947 2718 2014 illud,
2743 1960 3062 2018 nunquam
3081 1943 3269 2000 voluit
3294 1943 3614 2014 suscipere:
3643 1966 3670 1992 »

2021 2043 2088 2097 Et
2142 2045 2279 2114 post
2306 2055 2544 2112 pauca:
2580 2060 2608 2088 α
2645 2035 2924 2104 Sufficiet,
2957 2034 3171 2107 inquit,
3231 2033 3356 2101 tibi,
3392 2032 3558 2105 quod
3587 2033 3707 2097 di-g

2020 2130 2309 2201 gnitatem
2341 2127 2817 2201 patriarcharum
2867 2123 3146 2180 dedimus
3188 2121 3315 2190 tibi,
3376 2137 3515 2177 cum
3549 2137 3674 2178 non

2017 2218 2245 2275 habeas
2293 2218 2519 2274 sedem.
2553 2234 2583 2270 ›
2617 2215 2831 2272 Sedem
2861 2216 3036 2269 vocat
3086 2210 3497 2268 auctoritatem
3525 2211 3674 2267 Petri

2018 2307 2326 2363 videlicet:
2372 2305 2574 2362 locum
2605 2319 2787 2376 quem
2819 2317 2924 2374 per
2951 2317 3033 2366 se,
3058 2300 3150 2355 vel
3181 2315 3288 2372 per
3316 2298 3500 2355 alium
3526 2315 3674 2370 pras-

2022 2396 2277 2452 sidendo
2325 2392 2807 2450 auctorisahilem
2842 2397 2898 2446 et
2951 2389 3343 2445 reverendum
3392 2387 3671 2455 reddidit,

2022 2491 2086 2542 ut
2111 2485 2321 2541 merito
2353 2483 2530 2541 sedes
2560 2481 2895 2556 apostolica
2915 2479 3276 2534 nominetur.
3303 2479 3422 2532 Hoc
3438 2492 3678 2548 semper

2021 2572 2566 2644 Constantinopolis
2605 2570 2858 2627 curavit.
2913 2571 3156 2640 Propter
3199 2565 3368 2639 quod
3421 2570 3479 2620 et
3523 2566 3675 2622 inter

2022 2663 2193 2719 sedes
2223 2661 2585 2735 apostolicas
2611 2675 2733 2715 non
2759 2661 3111 2714 numeratur
3141 2655 3236 2711 vel
3267 2659 3673 2726 computatur.

2097 2751 2262 2806 Unde
2295 2754 2406 2806 Leo
2453 2764 2618 2822 papa
2648 2749 2709 2803 in
2766 2764 2817 2801 iV
2875 2745 3128 2802 concilio
3182 2743 3261 2799 ad
3323 2743 3676 2799 Martianum

2022 2841 2467 2912 imperatorem,
2497 2839 2572 2893 de
2595 2836 2888 2900 Anatolio,
2918 2833 3180 2906 praefatae
3203 2831 3368 2887 urbis
3390 2832 3677 2903 episcopo

2025 2934 2244 2986 temere
2271 2932 2598 3000 usurpante
2621 2927 2720 2997 jus
2746 2941 2869 2981 non
2891 2923 3006 2978 sibi
3024 2937 3406 2990 concessum,
3434 2923 3516 2977 ita
3538 2921 3675 2976 scri-

2023 3018 2151 3074 bit:
2191 3041 2210 3067 ι
2249 3018 2514 3076 Sufﬁciat
2560 3016 2866 3088 praedicto,
2903 3013 3124 3068 scilicet
3166 3010 3462 3076 Anatolio,
3511 3010 3679 3083 quod

2023 3113 2139 3164 tua;
2187 3108 2422 3180 pietatis
2476 3105 2698 3161 auxilio
2723 3109 2779 3160 et
2843 3101 3042 3158 studio
3093 3116 3199 3156 seu
3256 3099 3676 3163 sollicitudine,

1949 3225 1990 3280 ρ
2021 3201 2229 3252 nostro
2263 3211 2516 3252 assensu
2558 3198 2736 3250 tantae
2785 3192 3036 3247 civitatis
3084 3189 3498 3261 episcopatum
3530 3188 3677 3244 obti-

2017 3287 2183 3342 nuit:
2213 3301 2323 3342 nec
2370 3285 2688 3353 indignum
2721 3297 2781 3337 se
2830 3281 3008 3337 faciat
3035 3278 3259 3334 habere
3299 3277 3563 3346 regalem
3593 3278 3674 3334 ci-

2015 3376 2296 3431 vitatem:
2335 3390 2522 3447 quam
2552 3371 2800 3446 quidem
2849 3367 3247 3443 apostolicum
3296 3366 3523 3436 locum,
3553 3366 3673 3423 sive

2016 3465 2220 3520 sedem
2253 3463 2446 3519 facere
2477 3477 2598 3518 non
2631 3460 2864 3534 poterit.
2912 3457 3027 3514 Sed
3084 3472 3195 3512 nec
3243 3455 3447 3527 aliquo
3486 3453 3672 3511 modo

2015 3557 2230 3625 speret,
2255 3553 2422 3625 quod
2443 3550 2806 3608 otlendendo
2829 3549 2998 3619 alios,
3023 3546 3214 3620 possit
3230 3545 3360 3618 ipse
3384 3559 3669 3600 crescere.

2013 3646 2162 3699 Nam
2181 3641 2588 3713 praerogativa:
2603 3640 2906 3696 honorum
2923 3641 3268 3694 sanctarum
3283 3633 3671 3690 ecclesiarum

2013 3734 2249 3788 Patrum
2272 3729 2630 3796 canonibus,
2651 3733 2707 3784 et
2728 3726 3084 3782 venerabilis
3107 3723 3323 3797 synodi
3347 3723 3556 3778 Nicaeae
3579 3737 3671 3777 ce-

2010 3820 2256 3876 lebratas
2282 3820 2551 3888 decretis,
2583 3818 2924 3886 constituta,
2972 3814 3138 3871 nulla
3183 3816 3438 3886 possunt
3485 3816 3670 3867 teme-

2010 3911 2200 3967 ritatis
2229 3909 2486 3967 audacia
2511 3907 2760 3976 moveri,
2782 3921 2894 3962 nec
2943 3905 3122 3960 etiam
3155 3903 3358 3975 aliqua
3406 3901 3669 3958 novitate

2010 4000 2250 4057 mutari.
2290 4022 2316 4049 ››
2354 3999 2517 4055 Unde
2558 3999 2774 4053 beatus
2807 3995 3124 4065 Gregorius
3175 3992 3455 4061 Dialogus
3506 3990 3667 4057 dicit,

2009 4091 2150 4146 cum
2182 4089 2257 4145 de
2280 4089 2523 4144 sedibus
2556 4086 2938 4157 generalibus
2997 4083 3220 4140 faceret
3272 4080 3662 4146 mentionem,

2011 4179 2166 4236 sicut
2197 4194 2378 4251 supra
2402 4179 2460 4233 in
2485 4183 2736 4233 tractatu
2759 4176 2833 4231 de
2865 4176 3246 4230 sacramento
3284 4171 3669 4226 Eucharistias

2009 4274 2319 4326 ostensum
2353 4272 2456 4333 est,
2485 4265 2807 4321 Ecclesium
2840 4267 3103 4336 quatuor
3131 4259 3447 4317 ordinibus
3471 4258 3670 4314 distri-

2008 4357 2219 4414 butam
2247 4372 2397 4425 esse,
2423 4355 2483 4411 id
2510 4363 2615 4420 est,
2641 4358 3071 4418 Romanorum,
3094 4348 3667 4420 Hierosolymorum,

2010 4445 2656 4513 Alexandrinorum,et
2710 4441 3222 4496 Antiochenorum
3266 4455 3279 4493 :
3331 4437 3438 4510 qui
3493 4453 3672 4509 gene-

2009 4536 2230 4600 raliter,
2255 4535 2528 4608 inquaui,
2564 4532 2823 4588 Ecclesia
2867 4530 3230 4586 nominetur.

2085 4625 2183 4681 llic
2209 4640 2270 4680 se
2295 4625 2376 4678 sic
2398 4624 2784 4689 habentibus,
2819 4621 3078 4676 multum
3107 4617 3348 4673 videtur
3368 4616 3670 4690 oppositio

2010 4714 2420 4788 quorumdam
2466 4713 2812 4769 Latinorum
2857 4710 3173 4775 inﬁrmari,
3227 4707 3395 4780 quod
3441 4707 3668 4771 dicunt,

2010 4804 2176 4878 quod
2206 4803 2583 4877 patriarchim
2631 4802 2805 4857 dictae
2863 4804 3022 4869 sunt,
3076 4798 3222 4872 quia
3272 4797 3334 4853 in
3386 4797 3480 4853 his
3523 4795 3671 4853 locis

2011 4893 2265 4968 apostoli
2291 4892 2724 4965 praesederunt.
2746 4889 2861 4947 Sed
2887 4905 2979 4958 eo,
2998 4887 3162 4962 quod
3191 4888 3503 4959 apostolus
3521 4903 3673 4960 pra;-

2013 4985 2187 5054 sidet,
2219 4985 2280 5040 id
2310 4987 2399 5041 est
2446 4986 2669 5051 Petrus,
2724 4981 2817 5038 vel
2849 4997 2955 5054 per
2987 4996 3070 5048 se,
3137 4979 3232 5034 vel
3290 4994 3469 5034 suum
3514 4978 3673 5035 vica-

2009 5076 2188 5138 rium,
2221 5074 2444 5132 valeret
2488 5073 2648 5148 quod
2703 5072 2937 5130 dicitur.
2993 5070 3049 5126 Si
3111 5068 3459 5142 simpliciter
3506 5068 3674 5125 intel-

2009 5164 2111 5235 ligi
2144 5164 2370 5230 volunt,
2401 5162 2713 5237 quomodo
2741 5166 2899 5218 stare
2940 5161 3132 5234 possit
3177 5173 3302 5214 non
3349 5159 3668 5216 videmus:

2009 5254 2301 5328 quoniam
2334 5257 2532 5312 essent
2560 5251 2782 5327 plures,
2807 5266 2994 5326 quam
3014 5249 3161 5305 haec.
3187 5250 3302 5305 Nec
3333 5247 3542 5304 omnia
3578 5263 3672 5304 su-

2009 5359 2120 5420 pra
2136 5343 2448 5402 nominata
2467 5341 2603 5402 loca
2622 5339 3029 5417 patriarchali,
3047 5339 3276 5396 honore
3293 5341 3670 5395 ornarentur.

2009 5432 2220 5494 Nullus
2251 5433 2412 5491 enim
2448 5430 2866 5507 apostolorum
2917 5428 3092 5486 sedit.
3130 5425 3674 5501 Constantinopoli,

2011 5523 2106 5583 vel
2129 5521 2523 5593 Alexandria,
2555 5521 2672 5581 nisi
2719 5520 2869 5580 Petri
2899 5517 3202 5593 dicipulus
3255 5520 3498 5576 sanctus
3529 5519 3678 5576 Mar-
