  <div class='ocr_page' id='page_1' title='image "/cluster/home/n/w/nwhite01/storage/ocr_20150623/140/nnc1.0046979905/277.png"; bbox 0 0 4468 6440; ppageno 0'>
   <div class='ocr_carea' id='block_1_1' title="bbox 809 405 2469 467">
    <p class='ocr_par' dir='ltr' id='par_1_1' title="bbox 809 407 2468 467">
     <span class='ocr_line' id='line_1_1' title="bbox 809 407 2468 467; baseline -0.002 -2"><span class='ocrx_word' id='word_1_1' title='bbox 809 412 904 465; x_wconf 84' lang='grc'><strong>531</strong></span> <span class='ocrx_word' id='word_1_2' title='bbox 2025 409 2441 467; x_wconf 76' lang='lat' dir='ltr'><strong>PANTALEON</strong></span> <span class='ocrx_word' id='word_1_3' title='bbox 2447 407 2468 462; x_wconf 89' lang='grc' dir='ltr'>Ι</span> 
     </span>
    </p>
   </div>
   <div class='ocr_carea' id='block_1_2' title="bbox 2516 405 2987 467">
    <p class='ocr_par' dir='ltr' id='par_1_2' title="bbox 2551 405 2987 464">
     <span class='ocr_line' id='line_1_2' title="bbox 2551 405 2987 464; baseline 0.007 -3"><span class='ocrx_word' id='word_1_4' title='bbox 2551 405 2838 464; x_wconf 75' lang='lat' dir='ltr'><strong>DIACONI</strong></span> <span class='ocrx_word' id='word_1_5' title='bbox 2879 409 2987 464; x_wconf 70' lang='grc' dir='ltr'><strong>(ΞΡ.</strong></span> 
     </span>
    </p>
   </div>
   <div class='ocr_carea' id='block_1_3' title="bbox 4107 409 4210 462">
    <p class='ocr_par' dir='ltr' id='par_1_3' title="bbox 4107 409 4210 462">
     <span class='ocr_line' id='line_1_3' title="bbox 4107 409 4210 462; baseline 0.01 -1"><span class='ocrx_word' id='word_1_6' title='bbox 4107 409 4210 462; x_wconf 83' lang='lat'><strong>532</strong></span> 
     </span>
    </p>
   </div>
   <div class='ocr_carea' id='block_1_4' title="bbox 807 531 4222 605">
    <p class='ocr_par' dir='ltr' id='par_1_4' title="bbox 807 531 4222 605">
     <span class='ocr_line' id='line_1_4' title="bbox 807 531 4222 605; baseline -0.001 -17"><span class='ocrx_word' id='word_1_7' title='bbox 807 549 933 588; x_wconf 93' lang='lat' dir='ltr'><strong>cus.</strong></span> <span class='ocrx_word' id='word_1_8' title='bbox 965 533 1124 589; x_wconf 87' lang='lat' dir='ltr'><strong>Sedit</strong></span> <span class='ocrx_word' id='word_1_9' title='bbox 1148 533 1307 588; x_wconf 90' lang='lat' dir='ltr'><strong>enim</strong></span> <span class='ocrx_word' id='word_1_10' title='bbox 1339 531 1650 589; x_wconf 75' lang='lat' dir='ltr'><strong>Mediolani</strong></span> <span class='ocrx_word' id='word_1_11' title='bbox 1677 533 2003 601; x_wconf 78' lang='lat' dir='ltr'><strong>Barnabas,</strong></span> <span class='ocrx_word' id='word_1_12' title='bbox 2035 534 2254 589; x_wconf 91' lang='lat' dir='ltr'><strong>electus</strong></span> <span class='ocrx_word' id='word_1_13' title='bbox 2313 547 2454 605; x_wconf 85' lang='lat' dir='ltr'><strong>apo-</strong></span> <span class='ocrx_word' id='word_1_14' title='bbox 2489 535 2536 587; x_wconf 81' lang='grc' dir='ltr'><strong>Α</strong></span> <span class='ocrx_word' id='word_1_15' title='bbox 2567 531 2833 593; x_wconf 86' lang='lat' dir='ltr'><strong>tentiam,</strong></span> <span class='ocrx_word' id='word_1_16' title='bbox 2856 536 3179 603; x_wconf 85' lang='lat' dir='ltr'><strong>antequam</strong></span> <span class='ocrx_word' id='word_1_17' title='bbox 3198 547 3269 588; x_wconf 91' lang='lat' dir='ltr'><strong>ea</strong></span> <span class='ocrx_word' id='word_1_18' title='bbox 3288 547 3423 604; x_wconf 92' lang='lat' dir='ltr'><strong>qua</strong></span> <span class='ocrx_word' id='word_1_19' title='bbox 3446 535 3612 600; x_wconf 79' lang='lat' dir='ltr'><strong>gesta</strong></span> <span class='ocrx_word' id='word_1_20' title='bbox 3630 535 3789 596; x_wconf 90' lang='lat' dir='ltr'><strong>sunt,</strong></span> <span class='ocrx_word' id='word_1_21' title='bbox 3813 547 3951 587; x_wconf 91' lang='lat' dir='ltr'><strong>cum</strong></span> <span class='ocrx_word' id='word_1_22' title='bbox 3980 531 4222 586; x_wconf 88' lang='lat' dir='ltr'><strong>veritate</strong></span> 
     </span>
    </p>
   </div>
   <div class='ocr_carea' id='block_1_5' title="bbox 809 621 2502 693">
    <p class='ocr_par' dir='ltr' id='par_1_5' title="bbox 809 621 2502 693">
     <span class='ocr_line' id='line_1_5' title="bbox 809 621 2502 693; baseline 0.001 -19"><span class='ocrx_word' id='word_1_23' title='bbox 809 623 995 677; x_wconf 80' lang='lat' dir='ltr'><strong>stolus</strong></span> <span class='ocrx_word' id='word_1_24' title='bbox 1027 622 1454 691; x_wconf 72' lang='lat' dir='ltr'><strong>gentium‘cum</strong></span> <span class='ocrx_word' id='word_1_25' title='bbox 1476 622 1650 676; x_wconf 91' lang='lat' dir='ltr'><strong>beato</strong></span> <span class='ocrx_word' id='word_1_26' title='bbox 1676 621 1888 683; x_wconf 83' lang='lat' dir='ltr'><strong>Paulo,</strong></span> <span class='ocrx_word' id='word_1_27' title='bbox 1907 627 1964 677; x_wconf 91' lang='lat' dir='ltr'><strong>et</strong></span> <span class='ocrx_word' id='word_1_28' title='bbox 1985 621 2169 693; x_wconf 88' lang='lat' dir='ltr'><strong>aliqui</strong></span> <span class='ocrx_word' id='word_1_29' title='bbox 2199 622 2273 676; x_wconf 93' lang='lat' dir='ltr'><strong>de</strong></span> <span class='ocrx_word' id='word_1_30' title='bbox 2300 636 2453 692; x_wconf 90' lang='lat' dir='ltr'><strong>apo-</strong></span> <span class='ocrx_word' id='word_1_31' title='bbox 2499 647 2502 651; x_wconf 57' lang='grc' dir='ltr'><strong><em>η</em></strong></span> 
     </span>
    </p>
   </div>
   <div class='ocr_carea' id='block_1_6' title="bbox 810 708 2460 781">
    <p class='ocr_par' dir='ltr' id='par_1_6' title="bbox 810 708 2460 781">
     <span class='ocr_line' id='line_1_6' title="bbox 810 708 2460 781; baseline -0.001 -17"><span class='ocrx_word' id='word_1_32' title='bbox 810 710 973 765; x_wconf 83' lang='lat' dir='ltr'>stolis</span> <span class='ocrx_word' id='word_1_33' title='bbox 1025 710 1390 781; x_wconf 85' lang='lat' dir='ltr'><strong>quibusdam</strong></span> <span class='ocrx_word' id='word_1_34' title='bbox 1437 709 1783 777; x_wconf 77' lang='lat' dir='ltr'><strong>regionibus</strong></span> <span class='ocrx_word' id='word_1_35' title='bbox 1831 709 2162 780; x_wconf 77' lang='lat' dir='ltr'><strong>specialiter</strong></span> <span class='ocrx_word' id='word_1_36' title='bbox 2209 708 2460 781; x_wconf 85' lang='lat' dir='ltr'><strong>prafue-</strong></span> 
     </span>
    </p>
   </div>
   <div class='ocr_carea' id='block_1_7' title="bbox 809 796 2458 870">
    <p class='ocr_par' dir='ltr' id='par_1_7' title="bbox 809 796 2458 870">
     <span class='ocr_line' id='line_1_7' title="bbox 809 796 2458 870; baseline -0.002 -17"><span class='ocrx_word' id='word_1_37' title='bbox 809 803 968 853; x_wconf 90' lang='lat' dir='ltr'><strong>runt.</strong></span> <span class='ocrx_word' id='word_1_38' title='bbox 1005 798 1114 853; x_wconf 91' lang='lat' dir='ltr'><strong>Sed</strong></span> <span class='ocrx_word' id='word_1_39' title='bbox 1150 799 1198 853; x_wconf 87' lang='lat' dir='ltr'><strong>si</strong></span> <span class='ocrx_word' id='word_1_40' title='bbox 1245 798 1655 869; x_wconf 89' lang='lat' dir='ltr'><strong>quorumdam</strong></span> <span class='ocrx_word' id='word_1_41' title='bbox 1688 797 2122 870; x_wconf 76' lang='lat' dir='ltr'><strong>apostolorum,</strong></span> <span class='ocrx_word' id='word_1_42' title='bbox 2173 802 2231 852; x_wconf 86' lang='lat' dir='ltr'><strong>et</strong></span> <span class='ocrx_word' id='word_1_43' title='bbox 2283 796 2458 851; x_wconf 91' lang='lat' dir='ltr'><strong>disci-</strong></span> 
     </span>
    </p>
   </div>
   <div class='ocr_carea' id='block_1_8' title="bbox 809 887 2459 959">
    <p class='ocr_par' dir='ltr' id='par_1_8' title="bbox 809 887 2459 959">
     <span class='ocr_line' id='line_1_8' title="bbox 809 887 2459 959; baseline -0.002 -17"><span class='ocrx_word' id='word_1_44' title='bbox 809 887 1090 959; x_wconf 93' lang='lat' dir='ltr'><strong>pulorum</strong></span> <span class='ocrx_word' id='word_1_45' title='bbox 1127 887 1360 943; x_wconf 87' lang='lat' dir='ltr'><strong>Domini</strong></span> <span class='ocrx_word' id='word_1_46' title='bbox 1390 888 1575 955; x_wconf 82' lang='lat' dir='ltr'><strong>sessio</strong></span> <span class='ocrx_word' id='word_1_47' title='bbox 1598 887 1818 942; x_wconf 89' lang='lat' dir='ltr'><strong>faceret</strong></span> <span class='ocrx_word' id='word_1_48' title='bbox 1842 887 2084 942; x_wconf 88' lang='lat' dir='ltr'><strong>sedem:</strong></span> <span class='ocrx_word' id='word_1_49' title='bbox 2118 887 2459 941; x_wconf 90' lang='lat' dir='ltr'><strong>necessario</strong></span> 
     </span>
    </p>
   </div>
   <div class='ocr_carea' id='block_1_9' title="bbox 810 974 2457 1047">
    <p class='ocr_par' dir='ltr' id='par_1_9' title="bbox 810 974 2457 1047">
     <span class='ocr_line' id='line_1_9' title="bbox 810 974 2457 1047; baseline -0.002 -16"><span class='ocrx_word' id='word_1_50' title='bbox 810 981 985 1041; x_wconf 88' lang='lat' dir='ltr'><strong>esset,</strong></span> <span class='ocrx_word' id='word_1_51' title='bbox 1020 974 1172 1030; x_wconf 90' lang='lat' dir='ltr'><strong>sicut</strong></span> <span class='ocrx_word' id='word_1_52' title='bbox 1222 975 1506 1040; x_wconf 84' lang='lat' dir='ltr'><strong>diximus,</strong></span> <span class='ocrx_word' id='word_1_53' title='bbox 1547 975 1714 1046; x_wconf 93' lang='lat' dir='ltr'><strong>quod</strong></span> <span class='ocrx_word' id='word_1_54' title='bbox 1759 980 1958 1030; x_wconf 89' lang='lat' dir='ltr'><strong>essent</strong></span> <span class='ocrx_word' id='word_1_55' title='bbox 2004 974 2226 1047; x_wconf 85' lang='lat' dir='ltr'><strong>plures,</strong></span> <span class='ocrx_word' id='word_1_56' title='bbox 2272 988 2457 1045; x_wconf 88' lang='lat' dir='ltr'><strong>quam</strong></span> 
     </span>
    </p>
   </div>
   <div class='ocr_carea' id='block_1_10' title="bbox 808 1060 2458 1136">
    <p class='ocr_par' dir='ltr' id='par_1_10' title="bbox 808 1060 2458 1136">
     <span class='ocr_line' id='line_1_10' title="bbox 808 1060 2458 1136; baseline 0 -19"><span class='ocrx_word' id='word_1_57' title='bbox 808 1064 1076 1135; x_wconf 83' lang='lat' dir='ltr'><strong>quinque</strong></span> <span class='ocrx_word' id='word_1_58' title='bbox 1108 1063 1462 1136; x_wconf 89' lang='lat' dir='ltr'><strong>patriarcha</strong></span> <span class='ocrx_word' id='word_1_59' title='bbox 1488 1064 1548 1118; x_wconf 92' lang='lat' dir='ltr'><strong>in</strong></span> <span class='ocrx_word' id='word_1_60' title='bbox 1580 1063 1830 1118; x_wconf 91' lang='lat' dir='ltr'><strong>mundo.</strong></span> <span class='ocrx_word' id='word_1_61' title='bbox 1884 1062 1997 1120; x_wconf 89' lang='lat' dir='ltr'><strong>Sed</strong></span> <span class='ocrx_word' id='word_1_62' title='bbox 2027 1063 2318 1134; x_wconf 90' lang='lat' dir='ltr'><strong>quoniam</strong></span> <span class='ocrx_word' id='word_1_63' title='bbox 2342 1060 2458 1117; x_wconf 92' lang='lat' dir='ltr'><strong>hoc</strong></span> 
     </span>
    </p>
   </div>
   <div class='ocr_carea' id='block_1_11' title="bbox 807 1149 2461 1223">
    <p class='ocr_par' dir='ltr' id='par_1_11' title="bbox 807 1149 2461 1223">
     <span class='ocr_line' id='line_1_11' title="bbox 807 1149 2461 1223; baseline -0.002 -16"><span class='ocrx_word' id='word_1_64' title='bbox 807 1167 931 1207; x_wconf 91' lang='lat' dir='ltr'><strong>non</strong></span> <span class='ocrx_word' id='word_1_65' title='bbox 961 1152 1252 1220; x_wconf 87' lang='lat' dir='ltr'><strong>videmus,</strong></span> <span class='ocrx_word' id='word_1_66' title='bbox 1287 1153 1570 1223; x_wconf 89' lang='lat' dir='ltr'><strong>sequitur,</strong></span> <span class='ocrx_word' id='word_1_67' title='bbox 1605 1151 1770 1223; x_wconf 91' lang='lat' dir='ltr'><strong>quod</strong></span> <span class='ocrx_word' id='word_1_68' title='bbox 1802 1153 1996 1220; x_wconf 89' lang='lat' dir='ltr'><strong>gratia</strong></span> <span class='ocrx_word' id='word_1_69' title='bbox 2038 1151 2185 1207; x_wconf 88' lang='lat' dir='ltr'><strong>Petri</strong></span> <span class='ocrx_word' id='word_1_70' title='bbox 2240 1149 2461 1222; x_wconf 80' lang='lat' dir='ltr'><strong>pradi-</strong></span> 
     </span>
    </p>
   </div>
   <div class='ocr_carea' id='block_1_12' title="bbox 807 1240 2458 1311">
    <p class='ocr_par' dir='ltr' id='par_1_12' title="bbox 807 1240 2458 1311">
     <span class='ocr_line' id='line_1_12' title="bbox 807 1240 2458 1311; baseline -0.002 -16"><span class='ocrx_word' id='word_1_71' title='bbox 807 1245 1038 1296; x_wconf 91' lang='lat' dir='ltr'><strong>ctarum</strong></span> <span class='ocrx_word' id='word_1_72' title='bbox 1070 1241 1376 1296; x_wconf 85' lang='lat' dir='ltr'><strong>civitatum</strong></span> <span class='ocrx_word' id='word_1_73' title='bbox 1408 1241 1582 1296; x_wconf 91' lang='lat' dir='ltr'><strong>sedes</strong></span> <span class='ocrx_word' id='word_1_74' title='bbox 1612 1241 1906 1296; x_wconf 89' lang='lat' dir='ltr'><strong>honorem</strong></span> <span class='ocrx_word' id='word_1_75' title='bbox 1937 1240 2291 1311; x_wconf 91' lang='lat' dir='ltr'><strong>hujusmodi</strong></span> <span class='ocrx_word' id='word_1_76' title='bbox 2335 1254 2458 1310; x_wconf 91' lang='lat' dir='ltr'><strong>pra</strong></span> 
     </span>
    </p>
   </div>
   <div class='ocr_carea' id='block_1_13' title="bbox 806 1326 2454 1400">
    <p class='ocr_par' dir='ltr' id='par_1_13' title="bbox 806 1326 2454 1400">
     <span class='ocr_line' id='line_1_13' title="bbox 806 1326 2454 1400; baseline -0.002 -16"><span class='ocrx_word' id='word_1_77' title='bbox 806 1329 1032 1384; x_wconf 89' lang='lat' dir='ltr'><strong>cateris</strong></span> <span class='ocrx_word' id='word_1_78' title='bbox 1071 1329 1342 1384; x_wconf 88' lang='lat' dir='ltr'><strong>Ecclesiis</strong></span> <span class='ocrx_word' id='word_1_79' title='bbox 1400 1334 1773 1384; x_wconf 90' lang='lat' dir='ltr'><strong>meruerunt.</strong></span> <span class='ocrx_word' id='word_1_80' title='bbox 1830 1329 2100 1400; x_wconf 90' lang='lat' dir='ltr'><strong>Suscepit</strong></span> <span class='ocrx_word' id='word_1_81' title='bbox 2145 1329 2352 1383; x_wconf 88' lang='lat' dir='ltr'><strong>Petrus</strong></span> <span class='ocrx_word' id='word_1_82' title='bbox 2398 1326 2454 1380; x_wconf 92' lang='lat' dir='ltr'><strong>in</strong></span> 
     </span>
    </p>
   </div>
   <div class='ocr_carea' id='block_1_14' title="bbox 805 1417 2458 1490">
    <p class='ocr_par' dir='ltr' id='par_1_14' title="bbox 805 1417 2458 1490">
     <span class='ocr_line' id='line_1_14' title="bbox 805 1417 2458 1490; baseline -0.002 -17"><span class='ocrx_word' id='word_1_83' title='bbox 805 1417 1174 1489; x_wconf 89' lang='lat' dir='ltr'><strong>plenitudine</strong></span> <span class='ocrx_word' id='word_1_84' title='bbox 1199 1418 1609 1488; x_wconf 89' lang='lat' dir='ltr'><strong>potestatis,et</strong></span> <span class='ocrx_word' id='word_1_85' title='bbox 1623 1433 1758 1473; x_wconf 90' lang='lat' dir='ltr'><strong>eam</strong></span> <span class='ocrx_word' id='word_1_86' title='bbox 1789 1419 2041 1490; x_wconf 85' lang='lat' dir='ltr'><strong>posteris</strong></span> <span class='ocrx_word' id='word_1_87' title='bbox 2073 1418 2194 1471; x_wconf 92' lang='lat' dir='ltr'><strong>suis</strong></span> <span class='ocrx_word' id='word_1_88' title='bbox 2225 1433 2458 1471; x_wconf 88' lang='lat' dir='ltr'><strong>succes-</strong></span> 
     </span>
    </p>
   </div>
   <div class='ocr_carea' id='block_1_15' title="bbox 804 1504 2459 1578">
    <p class='ocr_par' dir='ltr' id='par_1_15' title="bbox 804 1504 2459 1578">
     <span class='ocr_line' id='line_1_15' title="bbox 804 1504 2459 1578; baseline 0 -18"><span class='ocrx_word' id='word_1_89' title='bbox 804 1507 932 1561; x_wconf 89' lang='lat' dir='ltr'><strong>sivo</strong></span> <span class='ocrx_word' id='word_1_90' title='bbox 954 1507 1086 1576; x_wconf 90' lang='lat' dir='ltr'><strong>jure</strong></span> <span class='ocrx_word' id='word_1_91' title='bbox 1116 1506 1381 1573; x_wconf 90' lang='lat' dir='ltr'><strong>dimisit;</strong></span> <span class='ocrx_word' id='word_1_92' title='bbox 1413 1511 1478 1562; x_wconf 95' lang='lat' dir='ltr'><strong>ut</strong></span> <span class='ocrx_word' id='word_1_93' title='bbox 1507 1507 1609 1578; x_wconf 90' lang='lat' dir='ltr'><strong>qui</strong></span> <span class='ocrx_word' id='word_1_94' title='bbox 1641 1506 1702 1562; x_wconf 92' lang='lat' dir='ltr'><strong>in</strong></span> <span class='ocrx_word' id='word_1_95' title='bbox 1732 1521 1804 1561; x_wconf 89' lang='lat' dir='ltr'><strong>ea</strong></span> <span class='ocrx_word' id='word_1_96' title='bbox 1831 1506 1993 1573; x_wconf 91' lang='lat' dir='ltr'><strong>sede,</strong></span> <span class='ocrx_word' id='word_1_97' title='bbox 2042 1521 2251 1578; x_wconf 91' lang='lat' dir='ltr'><strong>quam,</strong></span> <span class='ocrx_word' id='word_1_98' title='bbox 2285 1510 2350 1559; x_wconf 93' lang='lat' dir='ltr'><strong>ut</strong></span> <span class='ocrx_word' id='word_1_99' title='bbox 2377 1504 2459 1560; x_wconf 86' lang='lat' dir='ltr'><strong>ita</strong></span> 
     </span>
    </p>
   </div>
   <div class='ocr_carea' id='block_1_16' title="bbox 802 1594 2453 1667">
    <p class='ocr_par' dir='ltr' id='par_1_16' title="bbox 802 1594 2453 1667">
     <span class='ocr_line' id='line_1_16' title="bbox 802 1594 2453 1667; baseline -0.001 -18"><span class='ocrx_word' id='word_1_100' title='bbox 802 1594 1022 1663; x_wconf 92' lang='lat' dir='ltr'><strong>dicam,</strong></span> <span class='ocrx_word' id='word_1_101' title='bbox 1057 1595 1346 1666; x_wconf 89' lang='lat' dir='ltr'><strong>martyrio</strong></span> <span class='ocrx_word' id='word_1_102' title='bbox 1375 1595 1568 1650; x_wconf 85' lang='lat' dir='ltr'><strong>crucis</strong></span> <span class='ocrx_word' id='word_1_103' title='bbox 1626 1595 2001 1650; x_wconf 89' lang='lat' dir='ltr'><strong>consecravit</strong></span> <span class='ocrx_word' id='word_1_104' title='bbox 2026 1611 2135 1667; x_wconf 92' lang='lat' dir='ltr'><strong>pro</strong></span> <span class='ocrx_word' id='word_1_105' title='bbox 2181 1594 2453 1656; x_wconf 79' lang='lat' dir='ltr'><strong>Domino,</strong></span> 
     </span>
    </p>
   </div>
   <div class='ocr_carea' id='block_1_17' title="bbox 799 1681 2456 1754">
    <p class='ocr_par' dir='ltr' id='par_1_17' title="bbox 799 1681 2456 1754">
     <span class='ocr_line' id='line_1_17' title="bbox 799 1681 2456 1754; baseline -0.001 -17"><span class='ocrx_word' id='word_1_106' title='bbox 799 1681 972 1754; x_wconf 90' lang='lat' dir='ltr'><strong>isque</strong></span> <span class='ocrx_word' id='word_1_107' title='bbox 1021 1685 1356 1738; x_wconf 89' lang='lat' dir='ltr'><strong>secundum</strong></span> <span class='ocrx_word' id='word_1_108' title='bbox 1388 1699 1685 1739; x_wconf 91' lang='lat' dir='ltr'><strong>canonem</strong></span> <span class='ocrx_word' id='word_1_109' title='bbox 1718 1683 1892 1739; x_wconf 90' lang='lat' dir='ltr'><strong>fuerit</strong></span> <span class='ocrx_word' id='word_1_110' title='bbox 1943 1683 2186 1748; x_wconf 88' lang='lat' dir='ltr'><strong>electus,</strong></span> <span class='ocrx_word' id='word_1_111' title='bbox 2247 1681 2456 1736; x_wconf 86' lang='lat' dir='ltr'><strong>Christi</strong></span> 
     </span>
    </p>
   </div>
   <div class='ocr_carea' id='block_1_18' title="bbox 803 1772 2453 1842">
    <p class='ocr_par' dir='ltr' id='par_1_18' title="bbox 803 1772 2453 1842">
     <span class='ocr_line' id='line_1_18' title="bbox 803 1772 2453 1842; baseline -0.001 -16"><span class='ocrx_word' id='word_1_112' title='bbox 803 1772 1058 1827; x_wconf 87' lang='lat' dir='ltr'><strong>vicarius</strong></span> <span class='ocrx_word' id='word_1_113' title='bbox 1087 1788 1209 1827; x_wconf 91' lang='lat' dir='ltr'><strong>non</strong></span> <span class='ocrx_word' id='word_1_114' title='bbox 1241 1773 1542 1828; x_wconf 92' lang='lat' dir='ltr'><strong>immerito</strong></span> <span class='ocrx_word' id='word_1_115' title='bbox 1568 1779 1988 1842; x_wconf 79' lang='lat' dir='ltr'><strong>cognoscatur.</strong></span> <span class='ocrx_word' id='word_1_116' title='bbox 2031 1773 2202 1838; x_wconf 86' lang='lat' dir='ltr'><strong>Quod</strong></span> <span class='ocrx_word' id='word_1_117' title='bbox 2249 1777 2314 1827; x_wconf 93' lang='lat' dir='ltr'><strong>ut</strong></span> <span class='ocrx_word' id='word_1_118' title='bbox 2351 1786 2453 1825; x_wconf 90' lang='lat' dir='ltr'><strong>ne-</strong></span> 
     </span>
    </p>
   </div>
   <div class='ocr_carea' id='block_1_19' title="bbox 2572 619 3119 687">
    <p class='ocr_par' dir='ltr' id='par_1_19' title="bbox 2572 619 3119 687">
     <span class='ocr_line' id='line_1_19' title="bbox 2572 619 3119 687; baseline 0 -13"><span class='ocrx_word' id='word_1_119' title='bbox 2572 619 2918 687; x_wconf 87' lang='lat' dir='ltr'><strong>audiamus,</strong></span> <span class='ocrx_word' id='word_1_120' title='bbox 2952 641 2981 668; x_wconf 84' lang='lat'>»</span> <span class='ocrx_word' id='word_1_121' title='bbox 3007 623 3119 675; x_wconf 89' lang='lat' dir='ltr'><strong>etc.</strong></span> 
     </span>
    </p>
   </div>
   <div class='ocr_carea' id='block_1_20' title="bbox 2645 706 4224 780">
    <p class='ocr_par' dir='ltr' id='par_1_20' title="bbox 2645 706 4224 780">
     <span class='ocr_line' id='line_1_20' title="bbox 2645 706 4224 780; baseline 0.001 -18"><span class='ocrx_word' id='word_1_122' title='bbox 2645 707 2807 763; x_wconf 92' lang='lat' dir='ltr'><strong>Idem</strong></span> <span class='ocrx_word' id='word_1_123' title='bbox 2829 710 2942 762; x_wconf 88' lang='lat' dir='ltr'><strong>Leo</strong></span> <span class='ocrx_word' id='word_1_124' title='bbox 2983 723 3144 780; x_wconf 89' lang='lat' dir='ltr'><strong>papa</strong></span> <span class='ocrx_word' id='word_1_125' title='bbox 3167 709 3280 771; x_wconf 90' lang='lat' dir='ltr'><strong>his,</strong></span> <span class='ocrx_word' id='word_1_126' title='bbox 3321 710 3422 780; x_wconf 94' lang='lat' dir='ltr'><strong>qui</strong></span> <span class='ocrx_word' id='word_1_127' title='bbox 3450 709 3510 764; x_wconf 92' lang='lat' dir='ltr'><strong>in</strong></span> <span class='ocrx_word' id='word_1_128' title='bbox 3534 709 3788 764; x_wconf 93' lang='lat' dir='ltr'><strong>concilio</strong></span> <span class='ocrx_word' id='word_1_129' title='bbox 3840 707 4048 780; x_wconf 86' lang='lat' dir='ltr'><strong>Ephesi</strong></span> <span class='ocrx_word' id='word_1_130' title='bbox 4079 706 4224 763; x_wconf 86' lang='lat' dir='ltr'><strong>cele-</strong></span> 
     </span>
    </p>
   </div>
   <div class='ocr_carea' id='block_1_21' title="bbox 2569 795 4221 868">
    <p class='ocr_par' dir='ltr' id='par_1_21' title="bbox 2569 795 4221 868">
     <span class='ocr_line' id='line_1_21' title="bbox 2569 795 4221 868; baseline -0.001 -18"><span class='ocrx_word' id='word_1_131' title='bbox 2569 795 2743 851; x_wconf 90' lang='lat' dir='ltr'><strong>brato</strong></span> <span class='ocrx_word' id='word_1_132' title='bbox 2772 800 2960 860; x_wconf 81' lang='lat' dir='ltr'><strong>erant,</strong></span> <span class='ocrx_word' id='word_1_133' title='bbox 2989 796 3068 852; x_wconf 87' lang='lat' dir='ltr'><strong>ita</strong></span> <span class='ocrx_word' id='word_1_134' title='bbox 3095 797 3300 852; x_wconf 87' lang='lat' dir='ltr'><strong>scribit</strong></span> <span class='ocrx_word' id='word_1_135' title='bbox 3328 814 3340 852; x_wconf 93' lang='lat'><strong>:</strong></span> <span class='ocrx_word' id='word_1_136' title='bbox 3376 802 3630 868; x_wconf 77' lang='lat' dir='ltr'><strong>«Itaque</strong></span> <span class='ocrx_word' id='word_1_137' title='bbox 3679 797 3753 852; x_wconf 92' lang='lat' dir='ltr'><strong>ad</strong></span> <span class='ocrx_word' id='word_1_138' title='bbox 3797 796 4221 868; x_wconf 78' lang='lat' dir='ltr'><strong>perfectionem</strong></span> 
     </span>
    </p>
   </div>
   <div class='ocr_carea' id='block_1_22' title="bbox 2569 883 4224 957">
    <p class='ocr_par' dir='ltr' id='par_1_22' title="bbox 2569 883 4224 957">
     <span class='ocr_line' id='line_1_22' title="bbox 2569 883 4224 957; baseline -0.001 -19"><span class='ocrx_word' id='word_1_139' title='bbox 2569 883 2856 939; x_wconf 89' lang='lat' dir='ltr'><strong>divinitus</strong></span> <span class='ocrx_word' id='word_1_140' title='bbox 2910 888 3269 940; x_wconf 88' lang='lat' dir='ltr'><strong>statutorum</strong></span> <span class='ocrx_word' id='word_1_141' title='bbox 3328 884 3671 957; x_wconf 87' lang='lat' dir='ltr'><strong>apostolica</strong></span> <span class='ocrx_word' id='word_1_142' title='bbox 3719 884 4018 941; x_wconf 87' lang='lat' dir='ltr'><strong>cathedra</strong></span> <span class='ocrx_word' id='word_1_143' title='bbox 4061 883 4224 954; x_wconf 89' lang='lat' dir='ltr'><strong>petiit</strong></span> 
     </span>
    </p>
   </div>
   <div class='ocr_carea' id='block_1_23' title="bbox 2555 973 4211 1046">
    <p class='ocr_par' dir='ltr' id='par_1_23' title="bbox 2555 973 4211 1046">
     <span class='ocr_line' id='line_1_23' title="bbox 2555 973 4211 1046; baseline -0.002 -17"><span class='ocrx_word' id='word_1_144' title='bbox 2555 973 2895 1045; x_wconf 73' lang='lat' dir='ltr'><strong>“imperator</strong></span> <span class='ocrx_word' id='word_1_145' title='bbox 2925 975 3152 1045; x_wconf 91' lang='lat' dir='ltr'><strong>apponi</strong></span> <span class='ocrx_word' id='word_1_146' title='bbox 3206 974 3727 1030; x_wconf 81' lang='lat' dir='ltr'><strong>conﬁrmationem</strong></span> <span class='ocrx_word' id='word_1_147' title='bbox 3772 979 4059 1046; x_wconf 76' lang='lat' dir='ltr'><strong>tanquam</strong></span> <span class='ocrx_word' id='word_1_148' title='bbox 4086 988 4123 1027; x_wconf 91' lang='lat' dir='ltr'><strong>a</strong></span> <span class='ocrx_word' id='word_1_149' title='bbox 4144 973 4211 1026; x_wconf 85' lang='grc' dir='ltr'><strong>Β.</strong></span> 
     </span>
    </p>
   </div>
   <div class='ocr_carea' id='block_1_24' title="bbox 2567 1061 3206 1118">
    <p class='ocr_par' dir='ltr' id='par_1_24' title="bbox 2567 1061 3206 1118">
     <span class='ocr_line' id='line_1_24' title="bbox 2567 1061 3206 1118; baseline -0.009 -1"><span class='ocrx_word' id='word_1_150' title='bbox 2567 1064 2736 1117; x_wconf 87' lang='lat' dir='ltr'><strong>Petro</strong></span> <span class='ocrx_word' id='word_1_151' title='bbox 2767 1061 2942 1117; x_wconf 90' lang='lat' dir='ltr'><strong>fuerit</strong></span> <span class='ocrx_word' id='word_1_152' title='bbox 2970 1061 3144 1118; x_wconf 88' lang='lat' dir='ltr'><strong>facta.</strong></span> <span class='ocrx_word' id='word_1_153' title='bbox 3180 1084 3206 1112; x_wconf 71' lang='grc' dir='ltr'><strong>η</strong></span> 
     </span>
    </p>
   </div>
   <div class='ocr_carea' id='block_1_25' title="bbox 2637 1151 4223 1224">
    <p class='ocr_par' dir='ltr' id='par_1_25' title="bbox 2637 1151 4223 1224">
     <span class='ocr_line' id='line_1_25' title="bbox 2637 1151 4223 1224; baseline 0.001 -19"><span class='ocrx_word' id='word_1_154' title='bbox 2637 1151 2782 1206; x_wconf 83' lang='lat' dir='ltr'><strong>Item</strong></span> <span class='ocrx_word' id='word_1_155' title='bbox 2813 1151 3117 1223; x_wconf 71' lang='lat' dir='ltr'><strong>principes</strong></span> <span class='ocrx_word' id='word_1_156' title='bbox 3149 1152 3252 1224; x_wconf 83' lang='lat' dir='ltr'><strong>qui</strong></span> <span class='ocrx_word' id='word_1_157' title='bbox 3284 1153 3609 1208; x_wconf 87' lang='lat' dir='ltr'><strong>intererant</strong></span> <span class='ocrx_word' id='word_1_158' title='bbox 3649 1152 3905 1208; x_wconf 89' lang='lat' dir='ltr'><strong>concilio</strong></span> <span class='ocrx_word' id='word_1_159' title='bbox 3955 1151 4088 1206; x_wconf 93' lang='lat' dir='ltr'><strong>loco</strong></span> <span class='ocrx_word' id='word_1_160' title='bbox 4117 1151 4223 1206; x_wconf 88' lang='lat' dir='ltr'><strong>im-</strong></span> 
     </span>
    </p>
   </div>
   <div class='ocr_carea' id='block_1_26' title="bbox 2567 1241 4225 1314">
    <p class='ocr_par' dir='ltr' id='par_1_26' title="bbox 2567 1241 4225 1314">
     <span class='ocr_line' id='line_1_26' title="bbox 2567 1241 4225 1314; baseline -0.001 -18"><span class='ocrx_word' id='word_1_161' title='bbox 2567 1242 2882 1312; x_wconf 90' lang='lat' dir='ltr'><strong>peratoris,</strong></span> <span class='ocrx_word' id='word_1_162' title='bbox 2913 1241 2988 1296; x_wconf 89' lang='lat' dir='ltr'><strong>de</strong></span> <span class='ocrx_word' id='word_1_163' title='bbox 3033 1257 3193 1313; x_wconf 90' lang='lat' dir='ltr'><strong>papa</strong></span> <span class='ocrx_word' id='word_1_164' title='bbox 3223 1243 3304 1297; x_wconf 90' lang='lat' dir='ltr'><strong>ita</strong></span> <span class='ocrx_word' id='word_1_165' title='bbox 3353 1242 3722 1314; x_wconf 87' lang='lat' dir='ltr'><strong>loquuntur:</strong></span> <span class='ocrx_word' id='word_1_166' title='bbox 3759 1266 3779 1290; x_wconf 74' lang='grc' dir='ltr'><strong><em>ι</em></strong></span> <span class='ocrx_word' id='word_1_167' title='bbox 3843 1241 3994 1307; x_wconf 84' lang='lat' dir='ltr'><strong>Quia</strong></span> <span class='ocrx_word' id='word_1_168' title='bbox 4046 1241 4225 1310; x_wconf 77' lang='lat' dir='ltr'><strong>igitur</strong></span> 
     </span>
    </p>
   </div>
   <div class='ocr_carea' id='block_1_27' title="bbox 2566 1328 4224 1400">
    <p class='ocr_par' dir='ltr' id='par_1_27' title="bbox 2566 1328 4224 1400">
     <span class='ocr_line' id='line_1_27' title="bbox 2566 1328 4224 1400; baseline 0.001 -16"><span class='ocrx_word' id='word_1_169' title='bbox 2566 1328 2719 1384; x_wconf 88' lang='lat' dir='ltr'><strong>lecta</strong></span> <span class='ocrx_word' id='word_1_170' title='bbox 2747 1334 2836 1384; x_wconf 91' lang='lat' dir='ltr'><strong>est</strong></span> <span class='ocrx_word' id='word_1_171' title='bbox 2887 1331 3138 1400; x_wconf 90' lang='lat' dir='ltr'><strong>epistola</strong></span> <span class='ocrx_word' id='word_1_172' title='bbox 3170 1330 3399 1386; x_wconf 91' lang='lat' dir='ltr'><strong>domini</strong></span> <span class='ocrx_word' id='word_1_173' title='bbox 3442 1333 3628 1385; x_wconf 88' lang='lat' dir='ltr'><strong>nostri</strong></span> <span class='ocrx_word' id='word_1_174' title='bbox 3683 1331 3872 1386; x_wconf 79' lang='lat' dir='ltr'><strong>sancti</strong></span> <span class='ocrx_word' id='word_1_175' title='bbox 3925 1329 4107 1385; x_wconf 78' lang='lat' dir='ltr'><strong>Patris</strong></span> <span class='ocrx_word' id='word_1_176' title='bbox 4136 1345 4224 1386; x_wconf 85' lang='lat' dir='ltr'><strong>ar-</strong></span> 
     </span>
    </p>
   </div>
   <div class='ocr_carea' id='block_1_28' title="bbox 2568 1417 4224 1490">
    <p class='ocr_par' dir='ltr' id='par_1_28' title="bbox 2568 1417 4224 1490">
     <span class='ocr_line' id='line_1_28' title="bbox 2568 1417 4224 1490; baseline 0.001 -19"><span class='ocrx_word' id='word_1_177' title='bbox 2568 1417 2935 1489; x_wconf 89' lang='lat' dir='ltr'><strong>chiepiscopi</strong></span> <span class='ocrx_word' id='word_1_178' title='bbox 2963 1419 3188 1485; x_wconf 74' lang='lat' dir='ltr'><strong>Leonis,</strong></span> <span class='ocrx_word' id='word_1_179' title='bbox 3219 1420 3320 1489; x_wconf 85' lang='lat' dir='ltr'><strong>qui</strong></span> <span class='ocrx_word' id='word_1_180' title='bbox 3344 1419 3696 1473; x_wconf 84' lang='lat' dir='ltr'><strong>cathedram</strong></span> <span class='ocrx_word' id='word_1_181' title='bbox 3720 1418 4111 1490; x_wconf 87' lang='lat' dir='ltr'><strong>apostolicam</strong></span> <span class='ocrx_word' id='word_1_182' title='bbox 4134 1432 4224 1473; x_wconf 86' lang='lat' dir='ltr'><strong>or-</strong></span> 
     </span>
    </p>
   </div>
   <div class='ocr_carea' id='block_1_29' title="bbox 2567 1507 4223 1579">
    <p class='ocr_par' dir='ltr' id='par_1_29' title="bbox 2567 1507 4223 1579">
     <span class='ocr_line' id='line_1_29' title="bbox 2567 1507 4223 1579; baseline 0.001 -20"><span class='ocrx_word' id='word_1_183' title='bbox 2567 1512 2691 1570; x_wconf 88' lang='lat' dir='ltr'><strong>nat,</strong></span> <span class='ocrx_word' id='word_1_184' title='bbox 2718 1507 2948 1577; x_wconf 86' lang='lat' dir='ltr'><strong>expedit</strong></span> <span class='ocrx_word' id='word_1_185' title='bbox 2985 1509 3163 1562; x_wconf 86' lang='lat' dir='ltr'><strong>etiam</strong></span> <span class='ocrx_word' id='word_1_186' title='bbox 3221 1519 3283 1561; x_wconf 90' lang='lat' dir='ltr'><strong>ut</strong></span> <span class='ocrx_word' id='word_1_187' title='bbox 3327 1508 3480 1562; x_wconf 84' lang='lat' dir='ltr'><strong>beati</strong></span> <span class='ocrx_word' id='word_1_188' title='bbox 3535 1507 3732 1579; x_wconf 89' lang='lat' dir='ltr'><strong>Cyrilli</strong></span> <span class='ocrx_word' id='word_1_189' title='bbox 3763 1507 4033 1578; x_wconf 86' lang='lat' dir='ltr'><strong>epistola,</strong></span> <span class='ocrx_word' id='word_1_190' title='bbox 4088 1521 4223 1578; x_wconf 88' lang='lat' dir='ltr'><strong>qua</strong></span> 
     </span>
    </p>
   </div>
   <div class='ocr_carea' id='block_1_30' title="bbox 2566 1596 3760 1667">
    <p class='ocr_par' dir='ltr' id='par_1_30' title="bbox 2566 1596 3760 1667">
     <span class='ocr_line' id='line_1_30' title="bbox 2566 1596 3760 1667; baseline 0.002 -19"><span class='ocrx_word' id='word_1_191' title='bbox 2566 1599 2773 1649; x_wconf 87' lang='lat' dir='ltr'><strong>contra</strong></span> <span class='ocrx_word' id='word_1_192' title='bbox 2800 1596 3129 1650; x_wconf 88' lang='lat' dir='ltr'><strong>Nestorium</strong></span> <span class='ocrx_word' id='word_1_193' title='bbox 3167 1597 3410 1667; x_wconf 89' lang='lat' dir='ltr'><strong>scripta,</strong></span> <span class='ocrx_word' id='word_1_194' title='bbox 3443 1596 3699 1665; x_wconf 82' lang='lat' dir='ltr'><strong>legatur.</strong></span> <span class='ocrx_word' id='word_1_195' title='bbox 3735 1619 3760 1644; x_wconf 71' lang='grc' dir='ltr'><strong>η</strong></span> 
     </span>
    </p>
   </div>
   <div class='ocr_carea' id='block_1_31' title="bbox 2637 1682 4223 1756">
    <p class='ocr_par' dir='ltr' id='par_1_31' title="bbox 2637 1682 4223 1756">
     <span class='ocr_line' id='line_1_31' title="bbox 2637 1682 4223 1756; baseline 0.002 -22"><span class='ocrx_word' id='word_1_196' title='bbox 2637 1682 2777 1738; x_wconf 90' lang='lat' dir='ltr'><strong>Item</strong></span> <span class='ocrx_word' id='word_1_197' title='bbox 2802 1683 2941 1737; x_wconf 89' lang='lat' dir='ltr'><strong>dicti</strong></span> <span class='ocrx_word' id='word_1_198' title='bbox 2978 1685 3185 1738; x_wconf 89' lang='lat' dir='ltr'><strong>Leonis</strong></span> <span class='ocrx_word' id='word_1_199' title='bbox 3208 1699 3382 1755; x_wconf 89' lang='lat' dir='ltr'><strong>papa</strong></span> <span class='ocrx_word' id='word_1_200' title='bbox 3413 1684 3728 1756; x_wconf 87' lang='lat' dir='ltr'><strong>epistolam</strong></span> <span class='ocrx_word' id='word_1_201' title='bbox 3767 1683 3841 1742; x_wconf 90' lang='lat' dir='ltr'><strong>de</strong></span> <span class='ocrx_word' id='word_1_202' title='bbox 3861 1683 4102 1738; x_wconf 90' lang='lat' dir='ltr'><strong>duabus</strong></span> <span class='ocrx_word' id='word_1_203' title='bbox 4123 1699 4223 1737; x_wconf 90' lang='lat' dir='ltr'><strong>na-</strong></span> 
     </span>
    </p>
   </div>
   <div class='ocr_carea' id='block_1_32' title="bbox 2567 1770 4225 1843">
    <p class='ocr_par' dir='ltr' id='par_1_32' title="bbox 2567 1770 4225 1843">
     <span class='ocr_line' id='line_1_32' title="bbox 2567 1770 4225 1843; baseline -0.001 -18"><span class='ocrx_word' id='word_1_204' title='bbox 2567 1770 2712 1832; x_wconf 90' lang='lat' dir='ltr'><strong>turis</strong></span> <span class='ocrx_word' id='word_1_205' title='bbox 2742 1772 2801 1826; x_wconf 93' lang='lat' dir='ltr'><strong>in</strong></span> <span class='ocrx_word' id='word_1_206' title='bbox 2833 1771 3082 1837; x_wconf 85' lang='lat' dir='ltr'><strong>Christo,</strong></span> <span class='ocrx_word' id='word_1_207' title='bbox 3117 1773 3358 1843; x_wconf 84' lang='lat' dir='ltr'><strong>plenam</strong></span> <span class='ocrx_word' id='word_1_208' title='bbox 3399 1773 3583 1827; x_wconf 86' lang='lat' dir='ltr'><strong>tidem</strong></span> <span class='ocrx_word' id='word_1_209' title='bbox 3642 1773 4048 1828; x_wconf 90' lang='lat' dir='ltr'><strong>continentem</strong></span> <span class='ocrx_word' id='word_1_210' title='bbox 4102 1778 4225 1826; x_wconf 91' lang='lat' dir='ltr'><strong>tota</strong></span> 
     </span>
    </p>
   </div>
   <div class='ocr_carea' id='block_1_33' title="bbox 798 1860 4220 1933">
    <p class='ocr_par' dir='ltr' id='par_1_33' title="bbox 798 1860 4220 1933">
     <span class='ocr_line' id='line_1_33' title="bbox 798 1860 4220 1933; baseline -0 -19"><span class='ocrx_word' id='word_1_211' title='bbox 798 1860 1121 1915; x_wconf 91' lang='lat' dir='ltr'><strong>scientibus</strong></span> <span class='ocrx_word' id='word_1_212' title='bbox 1150 1865 1430 1932; x_wconf 88' lang='lat' dir='ltr'><strong>antiquas</strong></span> <span class='ocrx_word' id='word_1_213' title='bbox 1473 1861 1756 1917; x_wconf 86' lang='lat' dir='ltr'><strong>historias</strong></span> <span class='ocrx_word' id='word_1_214' title='bbox 1804 1862 2158 1924; x_wconf 88' lang='lat' dir='ltr'><strong>innotescat,</strong></span> <span class='ocrx_word' id='word_1_215' title='bbox 2206 1875 2455 1932; x_wconf 90' lang='lat' dir='ltr'><strong>quoquo</strong></span> <span class='ocrx_word' id='word_1_216' title='bbox 2489 1877 2528 1930; x_wconf 78' lang='grc' dir='ltr'>Β</span> <span class='ocrx_word' id='word_1_217' title='bbox 2565 1861 2826 1931; x_wconf 90' lang='lat' dir='ltr'><strong>perfecta</strong></span> <span class='ocrx_word' id='word_1_218' title='bbox 2851 1861 3123 1932; x_wconf 85' lang='lat' dir='ltr'><strong>synodus</strong></span> <span class='ocrx_word' id='word_1_219' title='bbox 3149 1862 3363 1919; x_wconf 87' lang='lat' dir='ltr'><strong>devote</strong></span> <span class='ocrx_word' id='word_1_220' title='bbox 3405 1863 3742 1933; x_wconf 71' lang='lat' dir='ltr'><strong>suspiciens</strong></span> <span class='ocrx_word' id='word_1_221' title='bbox 3767 1867 3824 1916; x_wconf 92' lang='lat' dir='ltr'><strong>et</strong></span> <span class='ocrx_word' id='word_1_222' title='bbox 3850 1860 4220 1932; x_wconf 89' lang='lat' dir='ltr'><strong>approbans,</strong></span> 
     </span>
    </p>
   </div>
   <div class='ocr_carea' id='block_1_34' title="bbox 799 1947 2343 2021">
    <p class='ocr_par' dir='ltr' id='par_1_34' title="bbox 799 1947 2343 2021">
     <span class='ocr_line' id='line_1_34' title="bbox 799 1947 2343 2021; baseline -0.001 -19"><span class='ocrx_word' id='word_1_223' title='bbox 799 1948 984 2003; x_wconf 92' lang='lat' dir='ltr'><strong>modo</strong></span> <span class='ocrx_word' id='word_1_224' title='bbox 1016 1947 1090 2003; x_wconf 90' lang='lat' dir='ltr'><strong>de</strong></span> <span class='ocrx_word' id='word_1_225' title='bbox 1120 1948 1322 2004; x_wconf 92' lang='lat' dir='ltr'><strong>multis</strong></span> <span class='ocrx_word' id='word_1_226' title='bbox 1354 1965 1548 2021; x_wconf 92' lang='lat' dir='ltr'><strong>pauca</strong></span> <span class='ocrx_word' id='word_1_227' title='bbox 1582 1950 1641 2005; x_wconf 93' lang='lat' dir='ltr'><strong>in</strong></span> <span class='ocrx_word' id='word_1_228' title='bbox 1665 1949 1933 2005; x_wconf 89' lang='lat' dir='ltr'><strong>medium</strong></span> <span class='ocrx_word' id='word_1_229' title='bbox 1963 1949 2343 2004; x_wconf 90' lang='lat' dir='ltr'><strong>adducimus.</strong></span> 
     </span>
    </p>
   </div>
   <div class='ocr_carea' id='block_1_35' title="bbox 869 2037 2455 2111">
    <p class='ocr_par' dir='ltr' id='par_1_35' title="bbox 869 2037 2455 2111">
     <span class='ocr_line' id='line_1_35' title="bbox 869 2037 2455 2111; baseline -0.001 -18"><span class='ocrx_word' id='word_1_230' title='bbox 869 2038 1080 2093; x_wconf 89' lang='lat' dir='ltr'><strong>Scribit</strong></span> <span class='ocrx_word' id='word_1_231' title='bbox 1100 2039 1261 2093; x_wconf 91' lang='lat' dir='ltr'><strong>enim</strong></span> <span class='ocrx_word' id='word_1_232' title='bbox 1294 2041 1404 2094; x_wconf 88' lang='lat' dir='ltr'><strong>Leo</strong></span> <span class='ocrx_word' id='word_1_233' title='bbox 1442 2053 1604 2111; x_wconf 91' lang='lat' dir='ltr'><strong>papa</strong></span> <span class='ocrx_word' id='word_1_234' title='bbox 1635 2039 1750 2109; x_wconf 89' lang='lat' dir='ltr'><strong>(t8)</strong></span> <span class='ocrx_word' id='word_1_235' title='bbox 1803 2038 2182 2107; x_wconf 76' lang='lat' dir='ltr'><strong>congregatis</strong></span> <span class='ocrx_word' id='word_1_236' title='bbox 2233 2037 2455 2092; x_wconf 91' lang='lat' dir='ltr'><strong>sanctis</strong></span> 
     </span>
    </p>
   </div>
   <div class='ocr_carea' id='block_1_36' title="bbox 793 2126 2456 2198">
    <p class='ocr_par' dir='ltr' id='par_1_36' title="bbox 793 2126 2456 2198">
     <span class='ocr_line' id='line_1_36' title="bbox 793 2126 2456 2198; baseline 0 -17"><span class='ocrx_word' id='word_1_237' title='bbox 793 2126 1064 2182; x_wconf 88' lang='lat' dir='ltr'><strong>Patribus</strong></span> <span class='ocrx_word' id='word_1_238' title='bbox 1094 2127 1154 2182; x_wconf 91' lang='lat' dir='ltr'><strong>in</strong></span> <span class='ocrx_word' id='word_1_239' title='bbox 1185 2133 1402 2198; x_wconf 89' lang='lat' dir='ltr'><strong>quarto</strong></span> <span class='ocrx_word' id='word_1_240' title='bbox 1433 2127 1688 2183; x_wconf 90' lang='lat' dir='ltr'><strong>consilio</strong></span> <span class='ocrx_word' id='word_1_241' title='bbox 1730 2127 1845 2183; x_wconf 88' lang='lat' dir='ltr'><strong>sic:</strong></span> <span class='ocrx_word' id='word_1_242' title='bbox 1880 2150 1907 2176; x_wconf 84' lang='grc'><strong>‹‹</strong></span> <span class='ocrx_word' id='word_1_243' title='bbox 1943 2128 2092 2182; x_wconf 91' lang='lat' dir='ltr'><strong>Misit</strong></span> <span class='ocrx_word' id='word_1_244' title='bbox 2140 2126 2317 2182; x_wconf 93' lang='lat' dir='ltr'><strong>nobis</strong></span> <span class='ocrx_word' id='word_1_245' title='bbox 2349 2127 2456 2181; x_wconf 89' lang='lat' dir='ltr'><strong>im-</strong></span> 
     </span>
    </p>
   </div>
   <div class='ocr_carea' id='block_1_37' title="bbox 793 2216 2452 2289">
    <p class='ocr_par' dir='ltr' id='par_1_37' title="bbox 793 2216 2452 2289">
     <span class='ocr_line' id='line_1_37' title="bbox 793 2216 2452 2289; baseline 0 -19"><span class='ocrx_word' id='word_1_246' title='bbox 793 2220 1050 2286; x_wconf 87' lang='lat' dir='ltr'><strong>perator,</strong></span> <span class='ocrx_word' id='word_1_247' title='bbox 1084 2221 1148 2270; x_wconf 93' lang='lat' dir='ltr'><strong>ut</strong></span> <span class='ocrx_word' id='word_1_248' title='bbox 1173 2216 1495 2272; x_wconf 88' lang='lat' dir='ltr'><strong>venerabili</strong></span> <span class='ocrx_word' id='word_1_249' title='bbox 1515 2216 1750 2289; x_wconf 85' lang='lat' dir='ltr'><strong>synodo</strong></span> <span class='ocrx_word' id='word_1_250' title='bbox 1769 2223 2038 2272; x_wconf 90' lang='lat' dir='ltr'><strong>nostram</strong></span> <span class='ocrx_word' id='word_1_251' title='bbox 2071 2221 2452 2287; x_wconf 83' lang='lat' dir='ltr'><strong>prasenttam</strong></span> 
     </span>
    </p>
   </div>
   <div class='ocr_carea' id='block_1_38' title="bbox 791 2304 2454 2377">
    <p class='ocr_par' dir='ltr' id='par_1_38' title="bbox 791 2304 2454 2377">
     <span class='ocr_line' id='line_1_38' title="bbox 791 2304 2454 2377; baseline 0.001 -19"><span class='ocrx_word' id='word_1_252' title='bbox 791 2304 1234 2376; x_wconf 87' lang='lat' dir='ltr'><strong>praheremus;</strong></span> <span class='ocrx_word' id='word_1_253' title='bbox 1263 2305 1427 2377; x_wconf 90' lang='lat' dir='ltr'><strong>quod</strong></span> <span class='ocrx_word' id='word_1_254' title='bbox 1459 2304 1708 2377; x_wconf 89' lang='lat' dir='ltr'><strong>quidem</strong></span> <span class='ocrx_word' id='word_1_255' title='bbox 1741 2321 1849 2360; x_wconf 91' lang='lat' dir='ltr'><strong>nec</strong></span> <span class='ocrx_word' id='word_1_256' title='bbox 1877 2305 2203 2362; x_wconf 87' lang='lat' dir='ltr'><strong>necessitas</strong></span> <span class='ocrx_word' id='word_1_257' title='bbox 2231 2311 2454 2374; x_wconf 86' lang='lat' dir='ltr'><strong>tempo-</strong></span> 
     </span>
    </p>
   </div>
   <div class='ocr_carea' id='block_1_39' title="bbox 791 2393 2453 2467">
    <p class='ocr_par' dir='ltr' id='par_1_39' title="bbox 791 2393 2453 2467">
     <span class='ocr_line' id='line_1_39' title="bbox 791 2393 2453 2467; baseline -0.001 -18"><span class='ocrx_word' id='word_1_258' title='bbox 791 2394 892 2460; x_wconf 89' lang='lat' dir='ltr'><strong>ris,</strong></span> <span class='ocrx_word' id='word_1_259' title='bbox 923 2410 1034 2449; x_wconf 92' lang='lat' dir='ltr'><strong>nec</strong></span> <span class='ocrx_word' id='word_1_260' title='bbox 1069 2393 1192 2449; x_wconf 91' lang='lat' dir='ltr'><strong>ulla</strong></span> <span class='ocrx_word' id='word_1_261' title='bbox 1240 2395 1616 2450; x_wconf 89' lang='lat' dir='ltr'><strong>consuetudo</strong></span> <span class='ocrx_word' id='word_1_262' title='bbox 1667 2400 1899 2466; x_wconf 88' lang='lat' dir='ltr'><strong>poterat</strong></span> <span class='ocrx_word' id='word_1_263' title='bbox 1946 2395 2307 2467; x_wconf 88' lang='lat' dir='ltr'><strong>permittere.</strong></span> <span class='ocrx_word' id='word_1_264' title='bbox 2340 2395 2453 2448; x_wconf 89' lang='lat' dir='ltr'><strong>Ta-</strong></span> 
     </span>
    </p>
   </div>
   <div class='ocr_carea' id='block_1_40' title="bbox 791 2481 2452 2553">
    <p class='ocr_par' dir='ltr' id='par_1_40' title="bbox 791 2481 2452 2553">
     <span class='ocr_line' id='line_1_40' title="bbox 791 2481 2452 2553; baseline -0.001 -16"><span class='ocrx_word' id='word_1_265' title='bbox 791 2498 932 2538; x_wconf 93' lang='lat' dir='ltr'><strong>men</strong></span> <span class='ocrx_word' id='word_1_266' title='bbox 967 2482 1026 2536; x_wconf 93' lang='lat' dir='ltr'><strong>in</strong></span> <span class='ocrx_word' id='word_1_267' title='bbox 1052 2482 1145 2537; x_wconf 90' lang='lat' dir='ltr'><strong>his</strong></span> <span class='ocrx_word' id='word_1_268' title='bbox 1185 2482 1467 2538; x_wconf 81' lang='lat' dir='ltr'><strong>fratribus</strong></span> <span class='ocrx_word' id='word_1_269' title='bbox 1501 2483 1862 2538; x_wconf 89' lang='lat' dir='ltr'><strong>Paschasino</strong></span> <span class='ocrx_word' id='word_1_270' title='bbox 1909 2487 1967 2538; x_wconf 86' lang='lat' dir='ltr'><strong>et</strong></span> <span class='ocrx_word' id='word_1_271' title='bbox 2013 2483 2289 2538; x_wconf 90' lang='lat' dir='ltr'><strong>Lucentio</strong></span> <span class='ocrx_word' id='word_1_272' title='bbox 2323 2481 2452 2553; x_wconf 92' lang='lat' dir='ltr'><strong>epi-</strong></span> 
     </span>
    </p>
   </div>
   <div class='ocr_carea' id='block_1_41' title="bbox 791 2571 2452 2643">
    <p class='ocr_par' dir='ltr' id='par_1_41' title="bbox 791 2571 2452 2643">
     <span class='ocr_line' id='line_1_41' title="bbox 791 2571 2452 2643; baseline -0.001 -17"><span class='ocrx_word' id='word_1_273' title='bbox 791 2571 1010 2643; x_wconf 90' lang='lat' dir='ltr'><strong>scopis,</strong></span> <span class='ocrx_word' id='word_1_274' title='bbox 1071 2571 1377 2627; x_wconf 86' lang='lat' dir='ltr'><strong>Bonifacio</strong></span> <span class='ocrx_word' id='word_1_275' title='bbox 1426 2576 1483 2628; x_wconf 93' lang='lat' dir='ltr'><strong>et</strong></span> <span class='ocrx_word' id='word_1_276' title='bbox 1535 2571 1753 2627; x_wconf 89' lang='lat' dir='ltr'><strong>Basilio</strong></span> <span class='ocrx_word' id='word_1_277' title='bbox 1792 2572 2179 2643; x_wconf 88' lang='lat' dir='ltr'><strong>presbyteris,</strong></span> <span class='ocrx_word' id='word_1_278' title='bbox 2226 2571 2331 2643; x_wconf 91' lang='lat' dir='ltr'><strong>qui</strong></span> <span class='ocrx_word' id='word_1_279' title='bbox 2375 2571 2452 2625; x_wconf 90' lang='lat' dir='ltr'><strong>ab</strong></span> 
     </span>
    </p>
   </div>
   <div class='ocr_carea' id='block_1_42' title="bbox 793 2659 2453 2732">
    <p class='ocr_par' dir='ltr' id='par_1_42' title="bbox 793 2659 2453 2732">
     <span class='ocr_line' id='line_1_42' title="bbox 793 2659 2453 2732; baseline 0.001 -17"><span class='ocrx_word' id='word_1_280' title='bbox 793 2659 1125 2732; x_wconf 88' lang='lat' dir='ltr'><strong>apostolica</strong></span> <span class='ocrx_word' id='word_1_281' title='bbox 1175 2660 1317 2715; x_wconf 91' lang='lat' dir='ltr'><strong>sede</strong></span> <span class='ocrx_word' id='word_1_282' title='bbox 1365 2660 1574 2716; x_wconf 88' lang='lat' dir='ltr'><strong>directi</strong></span> <span class='ocrx_word' id='word_1_283' title='bbox 1623 2667 1783 2722; x_wconf 88' lang='lat' dir='ltr'><strong>sunt.</strong></span> <span class='ocrx_word' id='word_1_284' title='bbox 1827 2677 1922 2716; x_wconf 93' lang='lat' dir='ltr'><strong>me</strong></span> <span class='ocrx_word' id='word_1_285' title='bbox 1964 2660 2200 2732; x_wconf 86' lang='lat' dir='ltr'><strong>synodo</strong></span> <span class='ocrx_word' id='word_1_286' title='bbox 2255 2665 2453 2716; x_wconf 89' lang='lat' dir='ltr'><strong>vestra</strong></span> 
     </span>
    </p>
   </div>
   <div class='ocr_carea' id='block_1_43' title="bbox 792 2749 2454 2822">
    <p class='ocr_par' dir='ltr' id='par_1_43' title="bbox 792 2749 2454 2822">
     <span class='ocr_line' id='line_1_43' title="bbox 792 2749 2454 2822; baseline 0 -18"><span class='ocrx_word' id='word_1_287' title='bbox 792 2749 1135 2805; x_wconf 84' lang='lat' dir='ltr'><strong>fraternitas</strong></span> <span class='ocrx_word' id='word_1_288' title='bbox 1163 2750 1456 2805; x_wconf 80' lang='lat' dir='ltr'><strong>existimet</strong></span> <span class='ocrx_word' id='word_1_289' title='bbox 1493 2750 1856 2822; x_wconf 88' lang='lat' dir='ltr'><strong>prasidere:</strong></span> <span class='ocrx_word' id='word_1_290' title='bbox 1892 2765 2002 2805; x_wconf 91' lang='lat' dir='ltr'><strong>nec</strong></span> <span class='ocrx_word' id='word_1_291' title='bbox 2053 2750 2387 2819; x_wconf 91' lang='lat' dir='ltr'><strong>sejunctam</strong></span> <span class='ocrx_word' id='word_1_292' title='bbox 2418 2765 2454 2804; x_wconf 92' lang='lat' dir='ltr'><strong>a</strong></span> 
     </span>
    </p>
   </div>
   <div class='ocr_carea' id='block_1_44' title="bbox 792 2838 2445 2910">
    <p class='ocr_par' dir='ltr' id='par_1_44' title="bbox 792 2838 2445 2910">
     <span class='ocr_line' id='line_1_44' title="bbox 792 2838 2445 2910; baseline 0.001 -19"><span class='ocrx_word' id='word_1_293' title='bbox 792 2838 964 2894; x_wconf 92' lang='lat' dir='ltr'><strong>vobis</strong></span> <span class='ocrx_word' id='word_1_294' title='bbox 995 2839 1377 2909; x_wconf 90' lang='lat' dir='ltr'><strong>prasentiam</strong></span> <span class='ocrx_word' id='word_1_295' title='bbox 1414 2855 1614 2894; x_wconf 90' lang='lat' dir='ltr'><strong>meam</strong></span> <span class='ocrx_word' id='word_1_296' title='bbox 1649 2839 1934 2902; x_wconf 84' lang='lat' dir='ltr'><strong>conﬁdat,</strong></span> <span class='ocrx_word' id='word_1_297' title='bbox 1962 2839 2065 2910; x_wconf 91' lang='lat' dir='ltr'><strong>qui</strong></span> <span class='ocrx_word' id='word_1_298' title='bbox 2086 2855 2246 2893; x_wconf 92' lang='lat' dir='ltr'><strong>nunc</strong></span> <span class='ocrx_word' id='word_1_299' title='bbox 2278 2839 2338 2893; x_wconf 92' lang='lat' dir='ltr'><strong>in</strong></span> <span class='ocrx_word' id='word_1_300' title='bbox 2365 2839 2445 2892; x_wconf 87' lang='lat' dir='ltr'><strong>vi-</strong></span> 
     </span>
    </p>
   </div>
   <div class='ocr_carea' id='block_1_45' title="bbox 793 2927 2451 2998">
    <p class='ocr_par' dir='ltr' id='par_1_45' title="bbox 793 2927 2451 2998">
     <span class='ocr_line' id='line_1_45' title="bbox 793 2927 2451 2998; baseline 0 -17"><span class='ocrx_word' id='word_1_301' title='bbox 793 2927 966 2981; x_wconf 85' lang='lat' dir='ltr'><strong>cariis</strong></span> <span class='ocrx_word' id='word_1_302' title='bbox 988 2928 1138 2982; x_wconf 90' lang='lat' dir='ltr'><strong>meis</strong></span> <span class='ocrx_word' id='word_1_303' title='bbox 1163 2927 1406 2994; x_wconf 83' lang='lat' dir='ltr'><strong>adsum,</strong></span> <span class='ocrx_word' id='word_1_304' title='bbox 1438 2927 1788 2997; x_wconf 88' lang='lat' dir='ltr'><strong>etjamdum</strong></span> <span class='ocrx_word' id='word_1_305' title='bbox 1812 2927 1951 2982; x_wconf 85' lang='lat' dir='ltr'><strong>ﬁdei</strong></span> <span class='ocrx_word' id='word_1_306' title='bbox 1973 2927 2283 2982; x_wconf 88' lang='lat' dir='ltr'><strong>catholica</strong></span> <span class='ocrx_word' id='word_1_307' title='bbox 2310 2943 2451 2998; x_wconf 89' lang='lat' dir='ltr'><strong>pra-</strong></span> 
     </span>
    </p>
   </div>
   <div class='ocr_carea' id='block_1_46' title="bbox 791 3016 2449 3085">
    <p class='ocr_par' dir='ltr' id='par_1_46' title="bbox 791 3016 2449 3085">
     <span class='ocr_line' id='line_1_46' title="bbox 791 3016 2449 3085; baseline -0.001 -14"><span class='ocrx_word' id='word_1_308' title='bbox 791 3016 1090 3071; x_wconf 90' lang='lat' dir='ltr'><strong>dicatione</strong></span> <span class='ocrx_word' id='word_1_309' title='bbox 1112 3032 1230 3071; x_wconf 90' lang='lat' dir='ltr'><strong>non</strong></span> <span class='ocrx_word' id='word_1_310' title='bbox 1253 3016 1495 3078; x_wconf 90' lang='lat' dir='ltr'><strong>desum,</strong></span> <span class='ocrx_word' id='word_1_311' title='bbox 1525 3039 1551 3066; x_wconf 88' lang='grc'><strong>››</strong></span> <span class='ocrx_word' id='word_1_312' title='bbox 1580 3021 1689 3072; x_wconf 91' lang='lat' dir='ltr'><strong>etc.</strong></span> <span class='ocrx_word' id='word_1_313' title='bbox 1714 3017 1824 3082; x_wconf 88' lang='lat' dir='ltr'><strong>Qui</strong></span> <span class='ocrx_word' id='word_1_314' title='bbox 1842 3016 2017 3085; x_wconf 83' lang='lat' dir='ltr'><strong>legati</strong></span> <span class='ocrx_word' id='word_1_315' title='bbox 2036 3018 2449 3071; x_wconf 88' lang='lat' dir='ltr'><strong>auctoritatem</strong></span> 
     </span>
    </p>
   </div>
   <div class='ocr_carea' id='block_1_47' title="bbox 792 3104 2452 3176">
    <p class='ocr_par' dir='ltr' id='par_1_47' title="bbox 792 3104 2452 3176">
     <span class='ocr_line' id='line_1_47' title="bbox 792 3104 2452 3176; baseline -0.001 -17"><span class='ocrx_word' id='word_1_316' title='bbox 792 3105 1016 3160; x_wconf 90' lang='lat' dir='ltr'><strong>summi</strong></span> <span class='ocrx_word' id='word_1_317' title='bbox 1063 3105 1365 3176; x_wconf 87' lang='lat' dir='ltr'><strong>pontiﬁcis</strong></span> <span class='ocrx_word' id='word_1_318' title='bbox 1422 3104 1629 3171; x_wconf 87' lang='lat' dir='ltr'><strong>functi,</strong></span> <span class='ocrx_word' id='word_1_319' title='bbox 1709 3105 1794 3160; x_wconf 89' lang='lat' dir='ltr'><strong>sic</strong></span> <span class='ocrx_word' id='word_1_320' title='bbox 1837 3105 1896 3160; x_wconf 92' lang='lat' dir='ltr'><strong>in</strong></span> <span class='ocrx_word' id='word_1_321' title='bbox 1949 3104 2200 3160; x_wconf 88' lang='lat' dir='ltr'><strong>concilio</strong></span> <span class='ocrx_word' id='word_1_322' title='bbox 2271 3104 2452 3159; x_wconf 92' lang='lat' dir='ltr'><strong>locuti</strong></span> 
     </span>
    </p>
   </div>
   <div class='ocr_carea' id='block_1_48' title="bbox 791 3199 967 3249">
    <p class='ocr_par' dir='ltr' id='par_1_48' title="bbox 791 3199 967 3249">
     <span class='ocr_line' id='line_1_48' title="bbox 791 3199 967 3249; baseline -0.006 0"><span class='ocrx_word' id='word_1_323' title='bbox 791 3199 932 3249; x_wconf 91' lang='lat' dir='ltr'><strong>sunt</strong></span> <span class='ocrx_word' id='word_1_324' title='bbox 955 3212 967 3248; x_wconf 94' lang='lat'><strong>:</strong></span> 
     </span>
    </p>
   </div>
   <div class='ocr_carea' id='block_1_49' title="bbox 865 3318 2447 3390">
    <p class='ocr_par' dir='ltr' id='par_1_49' title="bbox 865 3318 2447 3390">
     <span class='ocr_line' id='line_1_49' title="bbox 865 3318 2447 3390; baseline -0.001 -16"><span class='ocrx_word' id='word_1_325' title='bbox 865 3342 892 3369; x_wconf 84' lang='lat'><strong>«</strong></span> <span class='ocrx_word' id='word_1_326' title='bbox 927 3324 971 3374; x_wconf 87' lang='lat' dir='ltr'><strong>A</strong></span> <span class='ocrx_word' id='word_1_327' title='bbox 1000 3318 1353 3374; x_wconf 91' lang='lat' dir='ltr'><strong>beatissimo</strong></span> <span class='ocrx_word' id='word_1_328' title='bbox 1389 3323 1446 3373; x_wconf 90' lang='lat' dir='ltr'><strong>et</strong></span> <span class='ocrx_word' id='word_1_329' title='bbox 1474 3318 1806 3390; x_wconf 92' lang='lat' dir='ltr'><strong>apostolico</strong></span> <span class='ocrx_word' id='word_1_330' title='bbox 1842 3318 2128 3390; x_wconf 90' lang='lat' dir='ltr'><strong>episcopo</strong></span> <span class='ocrx_word' id='word_1_331' title='bbox 2155 3320 2447 3388; x_wconf 87' lang='lat' dir='ltr'><strong>Romano,</strong></span> 
     </span>
    </p>
   </div>
   <div class='ocr_carea' id='block_1_50' title="bbox 790 3405 2449 3480">
    <p class='ocr_par' dir='ltr' id='par_1_50' title="bbox 790 3405 2449 3480">
     <span class='ocr_line' id='line_1_50' title="bbox 790 3405 2449 3480; baseline 0.001 -21"><span class='ocrx_word' id='word_1_332' title='bbox 790 3410 891 3480; x_wconf 69' lang='lat' dir='ltr'><strong>qui</strong></span> <span class='ocrx_word' id='word_1_333' title='bbox 914 3413 1000 3463; x_wconf 93' lang='lat' dir='ltr'><strong>est</strong></span> <span class='ocrx_word' id='word_1_334' title='bbox 1021 3407 1492 3479; x_wconf 93' lang='lat' dir='ltr'><strong>caputomnium</strong></span> <span class='ocrx_word' id='word_1_335' title='bbox 1515 3405 1933 3472; x_wconf 87' lang='lat' dir='ltr'><strong>Ecclesiarum,</strong></span> <span class='ocrx_word' id='word_1_336' title='bbox 1959 3406 2247 3461; x_wconf 89' lang='lat' dir='ltr'><strong>mandata</strong></span> <span class='ocrx_word' id='word_1_337' title='bbox 2270 3406 2449 3462; x_wconf 91' lang='lat' dir='ltr'><strong>habe-</strong></span> 
     </span>
    </p>
   </div>
   <div class='ocr_carea' id='block_1_51' title="bbox 790 3495 2451 3568">
    <p class='ocr_par' dir='ltr' id='par_1_51' title="bbox 790 3495 2451 3568">
     <span class='ocr_line' id='line_1_51' title="bbox 790 3495 2451 3568; baseline -0.001 -15"><span class='ocrx_word' id='word_1_338' title='bbox 790 3514 949 3567; x_wconf 90' lang='lat' dir='ltr'><strong>mus,</strong></span> <span class='ocrx_word' id='word_1_339' title='bbox 975 3497 1399 3562; x_wconf 88' lang='lat' dir='ltr'><strong>utDioscorus,</strong></span> <span class='ocrx_word' id='word_1_340' title='bbox 1431 3496 1776 3568; x_wconf 83' lang='lat' dir='ltr'><strong>patriarcha</strong></span> <span class='ocrx_word' id='word_1_341' title='bbox 1804 3495 2200 3561; x_wconf 83' lang='lat' dir='ltr'><strong>Alexandria,</strong></span> <span class='ocrx_word' id='word_1_342' title='bbox 2230 3497 2288 3550; x_wconf 89' lang='lat' dir='ltr'><strong>in</strong></span> <span class='ocrx_word' id='word_1_343' title='bbox 2312 3513 2451 3551; x_wconf 94' lang='lat' dir='ltr'><strong>con-</strong></span> 
     </span>
    </p>
   </div>
   <div class='ocr_carea' id='block_1_52' title="bbox 791 3585 2444 3656">
    <p class='ocr_par' dir='ltr' id='par_1_52' title="bbox 791 3585 2444 3656">
     <span class='ocr_line' id='line_1_52' title="bbox 791 3585 2444 3656; baseline -0.002 -14"><span class='ocrx_word' id='word_1_344' title='bbox 791 3587 924 3642; x_wconf 91' lang='lat' dir='ltr'><strong>cilio</strong></span> <span class='ocrx_word' id='word_1_345' title='bbox 948 3603 1066 3642; x_wconf 91' lang='lat' dir='ltr'><strong>non</strong></span> <span class='ocrx_word' id='word_1_346' title='bbox 1085 3585 1312 3641; x_wconf 86' lang='lat' dir='ltr'><strong>sedeat.</strong></span> <span class='ocrx_word' id='word_1_347' title='bbox 1341 3585 1514 3650; x_wconf 87' lang='lat' dir='ltr'><strong>Quod</strong></span> <span class='ocrx_word' id='word_1_348' title='bbox 1538 3586 1584 3640; x_wconf 94' lang='lat' dir='ltr'><strong>si</strong></span> <span class='ocrx_word' id='word_1_349' title='bbox 1610 3585 1835 3652; x_wconf 90' lang='lat' dir='ltr'><strong>sedeat,</strong></span> <span class='ocrx_word' id='word_1_350' title='bbox 1859 3602 1925 3640; x_wconf 86' lang='lat' dir='ltr'><strong>ex</strong></span> <span class='ocrx_word' id='word_1_351' title='bbox 1938 3585 2210 3656; x_wconf 88' lang='lat' dir='ltr'><strong>pellatur.</strong></span> <span class='ocrx_word' id='word_1_352' title='bbox 2237 3611 2251 3628; x_wconf 84' lang='lat'><strong>-</strong></span> <span class='ocrx_word' id='word_1_353' title='bbox 2282 3589 2444 3652; x_wconf 88' lang='lat' dir='ltr'><strong>Item,</strong></span> 
     </span>
    </p>
   </div>
   <div class='ocr_carea' id='block_1_53' title="bbox 789 3674 2449 3745">
    <p class='ocr_par' dir='ltr' id='par_1_53' title="bbox 789 3674 2449 3745">
     <span class='ocr_line' id='line_1_53' title="bbox 789 3674 2449 3745; baseline -0.001 -14"><span class='ocrx_word' id='word_1_354' title='bbox 789 3675 966 3745; x_wconf 88' lang='lat' dir='ltr'><strong>legati</strong></span> <span class='ocrx_word' id='word_1_355' title='bbox 995 3675 1138 3730; x_wconf 93' lang='lat' dir='ltr'><strong>dant</strong></span> <span class='ocrx_word' id='word_1_356' title='bbox 1170 3679 1377 3729; x_wconf 91' lang='lat' dir='ltr'><strong>contra</strong></span> <span class='ocrx_word' id='word_1_357' title='bbox 1401 3674 1751 3728; x_wconf 89' lang='lat' dir='ltr'><strong>Dioscorum</strong></span> <span class='ocrx_word' id='word_1_358' title='bbox 1781 3674 2157 3734; x_wconf 86' lang='lat' dir='ltr'><strong>sententiam,</strong></span> <span class='ocrx_word' id='word_1_359' title='bbox 2192 3675 2385 3743; x_wconf 86' lang='lat' dir='ltr'><strong>rogati</strong></span> <span class='ocrx_word' id='word_1_360' title='bbox 2414 3691 2449 3730; x_wconf 89' lang='lat' dir='ltr'><strong>a</strong></span> 
     </span>
    </p>
   </div>
   <div class='ocr_carea' id='block_1_54' title="bbox 787 3764 2447 3836">
    <p class='ocr_par' dir='ltr' id='par_1_54' title="bbox 787 3764 2447 3836">
     <span class='ocr_line' id='line_1_54' title="bbox 787 3764 2447 3836; baseline 0 -17"><span class='ocrx_word' id='word_1_361' title='bbox 787 3766 1042 3820; x_wconf 83' lang='lat' dir='ltr'><strong>conetlio</strong></span> <span class='ocrx_word' id='word_1_362' title='bbox 1071 3766 1184 3819; x_wconf 92' lang='lat' dir='ltr'><strong>sic:</strong></span> <span class='ocrx_word' id='word_1_363' title='bbox 1225 3787 1244 3812; x_wconf 78' lang='grc' dir='ltr'>ι</span> <span class='ocrx_word' id='word_1_364' title='bbox 1283 3766 1586 3835; x_wconf 79' lang='lat' dir='ltr'><strong>Rogamus</strong></span> <span class='ocrx_word' id='word_1_365' title='bbox 1617 3765 1988 3818; x_wconf 89' lang='lat' dir='ltr'><strong>sanctitatem</strong></span> <span class='ocrx_word' id='word_1_366' title='bbox 2023 3771 2304 3832; x_wconf 88' lang='lat' dir='ltr'><strong>vestram,</strong></span> <span class='ocrx_word' id='word_1_367' title='bbox 2345 3764 2447 3836; x_wconf 90' lang='lat' dir='ltr'><strong>qui</strong></span> 
     </span>
    </p>
   </div>
   <div class='ocr_carea' id='block_1_55' title="bbox 784 3851 2446 3923">
    <p class='ocr_par' dir='ltr' id='par_1_55' title="bbox 784 3851 2446 3923">
     <span class='ocr_line' id='line_1_55' title="bbox 784 3851 2446 3923; baseline -0.001 -15"><span class='ocrx_word' id='word_1_368' title='bbox 784 3853 986 3909; x_wconf 91' lang='lat' dir='ltr'><strong>locum</strong></span> <span class='ocrx_word' id='word_1_369' title='bbox 1018 3853 1295 3908; x_wconf 90' lang='lat' dir='ltr'><strong>obtinetis</strong></span> <span class='ocrx_word' id='word_1_370' title='bbox 1323 3851 1681 3907; x_wconf 88' lang='lat' dir='ltr'><strong>sanctissimi</strong></span> <span class='ocrx_word' id='word_1_371' title='bbox 1745 3853 2184 3923; x_wconf 83' lang='lat' dir='ltr'><strong>archiepiscopi</strong></span> <span class='ocrx_word' id='word_1_372' title='bbox 2219 3853 2446 3916; x_wconf 83' lang='lat' dir='ltr'><strong>Leonis,</strong></span> 
     </span>
    </p>
   </div>
   <div class='ocr_carea' id='block_1_56' title="bbox 788 3942 2452 4013">
    <p class='ocr_par' dir='ltr' id='par_1_56' title="bbox 788 3942 2452 4013">
     <span class='ocr_line' id='line_1_56' title="bbox 788 3942 2452 4013; baseline 0 -16"><span class='ocrx_word' id='word_1_373' title='bbox 788 3948 851 3998; x_wconf 92' lang='lat' dir='ltr'><strong>ut</strong></span> <span class='ocrx_word' id='word_1_374' title='bbox 872 3943 1197 3998; x_wconf 87' lang='lat' dir='ltr'><strong>sententias</strong></span> <span class='ocrx_word' id='word_1_375' title='bbox 1229 3948 1441 3998; x_wconf 91' lang='lat' dir='ltr'><strong>contra</strong></span> <span class='ocrx_word' id='word_1_376' title='bbox 1465 3958 1626 4007; x_wconf 89' lang='lat' dir='ltr'><strong>eum,</strong></span> <span class='ocrx_word' id='word_1_377' title='bbox 1660 3947 1715 3996; x_wconf 90' lang='lat' dir='ltr'><strong>et</strong></span> <span class='ocrx_word' id='word_1_378' title='bbox 1743 3957 1956 4012; x_wconf 77' lang='lat' dir='ltr'><strong>poenas</strong></span> <span class='ocrx_word' id='word_1_379' title='bbox 2007 3957 2139 4013; x_wconf 84' lang='lat' dir='ltr'><strong>qua</strong></span> <span class='ocrx_word' id='word_1_380' title='bbox 2185 3942 2242 3996; x_wconf 92' lang='lat' dir='ltr'><strong>in</strong></span> <span class='ocrx_word' id='word_1_381' title='bbox 2276 3959 2452 3997; x_wconf 89' lang='lat' dir='ltr'><strong>cano-</strong></span> 
     </span>
    </p>
   </div>
   <div class='ocr_carea' id='block_1_57' title="bbox 785 4030 2450 4101">
    <p class='ocr_par' dir='ltr' id='par_1_57' title="bbox 785 4030 2450 4101">
     <span class='ocr_line' id='line_1_57' title="bbox 785 4030 2450 4101; baseline 0 -15"><span class='ocrx_word' id='word_1_382' title='bbox 785 4032 964 4087; x_wconf 91' lang='lat' dir='ltr'><strong>nibus</strong></span> <span class='ocrx_word' id='word_1_383' title='bbox 982 4032 1378 4100; x_wconf 88' lang='lat' dir='ltr'><strong>continentur,</strong></span> <span class='ocrx_word' id='word_1_384' title='bbox 1401 4030 1769 4086; x_wconf 87' lang='lat' dir='ltr'><strong>definiatisin</strong></span> <span class='ocrx_word' id='word_1_385' title='bbox 1795 4031 2013 4101; x_wconf 89' lang='lat' dir='ltr'><strong>ipsum.</strong></span> <span class='ocrx_word' id='word_1_386' title='bbox 2065 4033 2269 4087; x_wconf 90' lang='lat' dir='ltr'><strong>Omnis</strong></span> <span class='ocrx_word' id='word_1_387' title='bbox 2293 4032 2450 4086; x_wconf 88' lang='lat' dir='ltr'><strong>enim</strong></span> 
     </span>
    </p>
   </div>
   <div class='ocr_carea' id='block_1_58' title="bbox 785 4119 2452 4191">
    <p class='ocr_par' dir='ltr' id='par_1_58' title="bbox 785 4119 2452 4191">
     <span class='ocr_line' id='line_1_58' title="bbox 785 4119 2452 4191; baseline -0.001 -14"><span class='ocrx_word' id='word_1_388' title='bbox 785 4127 840 4177; x_wconf 91' lang='lat' dir='ltr'><strong>et</strong></span> <span class='ocrx_word' id='word_1_389' title='bbox 869 4127 992 4177; x_wconf 92' lang='lat' dir='ltr'><strong>tota</strong></span> <span class='ocrx_word' id='word_1_390' title='bbox 1025 4121 1383 4176; x_wconf 83' lang='lat' dir='ltr'><strong>universalis</strong></span> <span class='ocrx_word' id='word_1_391' title='bbox 1423 4119 1696 4191; x_wconf 89' lang='lat' dir='ltr'><strong>synodus</strong></span> <span class='ocrx_word' id='word_1_392' title='bbox 1749 4125 1959 4174; x_wconf 83' lang='lat' dir='ltr'><strong>vestra</strong></span> <span class='ocrx_word' id='word_1_393' title='bbox 1993 4121 2300 4175; x_wconf 85' lang='lat' dir='ltr'><strong>sententia</strong></span> <span class='ocrx_word' id='word_1_394' title='bbox 2333 4137 2452 4176; x_wconf 91' lang='lat' dir='ltr'><strong>non</strong></span> 
     </span>
    </p>
   </div>
   <div class='ocr_carea' id='block_1_59' title="bbox 798 4209 2456 4276">
    <p class='ocr_par' dir='ltr' id='par_1_59' title="bbox 798 4209 2456 4276">
     <span class='ocr_line' id='line_1_59' title="bbox 798 4209 2456 4276; baseline 0 -11"><span class='ocrx_word' id='word_1_395' title='bbox 798 4211 1196 4267; x_wconf 85' lang='lat' dir='ltr'><strong>discordabit.</strong></span> <span class='ocrx_word' id='word_1_396' title='bbox 1221 4234 1246 4259; x_wconf 85' lang='grc'><strong>››</strong></span> <span class='ocrx_word' id='word_1_397' title='bbox 1269 4209 1744 4276; x_wconf 86' lang='lat' dir='ltr'><strong>Quidetinientes</strong></span> <span class='ocrx_word' id='word_1_398' title='bbox 1767 4209 2043 4264; x_wconf 86' lang='lat' dir='ltr'><strong>dixerunt</strong></span> <span class='ocrx_word' id='word_1_399' title='bbox 2069 4227 2080 4264; x_wconf 92' lang='lat'><strong>:</strong></span> <span class='ocrx_word' id='word_1_400' title='bbox 2106 4234 2131 4259; x_wconf 91' lang='grc'><strong>‹‹</strong></span> <span class='ocrx_word' id='word_1_401' title='bbox 2155 4209 2456 4265; x_wconf 83' lang='lat' dir='ltr'><strong>Manifesta</strong></span> 
     </span>
    </p>
   </div>
   <div class='ocr_carea' id='block_1_60' title="bbox 784 4290 2458 4371">
    <p class='ocr_par' dir='ltr' id='par_1_60' title="bbox 784 4290 2458 4371">
     <span class='ocr_line' id='line_1_60' title="bbox 784 4290 2458 4371; baseline -0.002 -14"><span class='ocrx_word' id='word_1_402' title='bbox 784 4303 936 4357; x_wconf 85' lang='lat' dir='ltr'><strong>ﬁant</strong></span> <span class='ocrx_word' id='word_1_403' title='bbox 965 4300 1249 4356; x_wconf 89' lang='lat' dir='ltr'><strong>omnibus</strong></span> <span class='ocrx_word' id='word_1_404' title='bbox 1289 4316 1359 4354; x_wconf 92' lang='lat' dir='ltr'><strong>ea</strong></span> <span class='ocrx_word' id='word_1_405' title='bbox 1386 4315 1520 4371; x_wconf 85' lang='lat' dir='ltr'><strong>qua</strong></span> <span class='ocrx_word' id='word_1_406' title='bbox 1549 4299 1713 4367; x_wconf 61' lang='lat' dir='ltr'><strong>,‘dixit</strong></span> <span class='ocrx_word' id='word_1_407' title='bbox 1763 4299 2111 4354; x_wconf 88' lang='lat' dir='ltr'><strong>Dioscorus.</strong></span> <span class='ocrx_word' id='word_1_408' title='bbox 2144 4321 2171 4346; x_wconf 83' lang='lat'>»</span> <span class='ocrx_word' id='word_1_409' title='bbox 2216 4302 2277 4353; x_wconf 89' lang='lat' dir='ltr'><strong>Et</strong></span> <span class='ocrx_word' id='word_1_410' title='bbox 2318 4290 2458 4371; x_wconf 58' lang='lat' dir='ltr'><strong>post</strong></span> 
     </span>
    </p>
   </div>
   <div class='ocr_carea' id='block_1_61' title="bbox 784 4369 2458 4465">
    <p class='ocr_par' dir='ltr' id='par_1_61' title="bbox 784 4369 2458 4465">
     <span class='ocr_line' id='line_1_61' title="bbox 784 4369 2458 4465; baseline -0.002 -18"><span class='ocrx_word' id='word_1_411' title='bbox 784 4407 982 4465; x_wconf 90' lang='lat' dir='ltr'><strong>pauca</strong></span> <span class='ocrx_word' id='word_1_412' title='bbox 1013 4390 1369 4446; x_wconf 89' lang='lat' dir='ltr'><strong>sententiam</strong></span> <span class='ocrx_word' id='word_1_413' title='bbox 1418 4389 1655 4454; x_wconf 91' lang='lat' dir='ltr'><strong>dantes,</strong></span> <span class='ocrx_word' id='word_1_414' title='bbox 1689 4388 2103 4459; x_wconf 87' lang='lat' dir='ltr'><strong>deposuerunt</strong></span> <span class='ocrx_word' id='word_1_415' title='bbox 2159 4405 2317 4444; x_wconf 92' lang='lat' dir='ltr'><strong>eum.</strong></span> <span class='ocrx_word' id='word_1_416' title='bbox 2353 4369 2458 4444; x_wconf 80' lang='lat' dir='ltr'><strong>Cul</strong></span> 
     </span>
    </p>
   </div>
   <div class='ocr_carea' id='block_1_62' title="bbox 785 4477 2450 4551">
    <p class='ocr_par' dir='ltr' id='par_1_62' title="bbox 785 4477 2450 4551">
     <span class='ocr_line' id='line_1_62' title="bbox 785 4477 2450 4551; baseline -0.002 -14"><span class='ocrx_word' id='word_1_417' title='bbox 785 4481 1089 4536; x_wconf 85' lang='lat' dir='ltr'><strong>sententia</strong></span> <span class='ocrx_word' id='word_1_418' title='bbox 1129 4479 1508 4535; x_wconf 88' lang='lat' dir='ltr'><strong>concordans</strong></span> <span class='ocrx_word' id='word_1_419' title='bbox 1535 4477 1881 4550; x_wconf 87' lang='lat' dir='ltr'><strong>patriarcha</strong></span> <span class='ocrx_word' id='word_1_420' title='bbox 1914 4478 2450 4551; x_wconf 88' lang='lat' dir='ltr'><strong>Constantinopoli-</strong></span> 
     </span>
    </p>
   </div>
   <div class='ocr_carea' id='block_1_63' title="bbox 786 4568 2528 4640">
    <p class='ocr_par' dir='ltr' id='par_1_63' title="bbox 786 4568 2528 4640">
     <span class='ocr_line' id='line_1_63' title="bbox 786 4568 2528 4640; baseline -0.001 -15"><span class='ocrx_word' id='word_1_421' title='bbox 786 4577 984 4634; x_wconf 87' lang='lat' dir='ltr'><strong>tanus,</strong></span> <span class='ocrx_word' id='word_1_422' title='bbox 1019 4576 1075 4625; x_wconf 93' lang='lat' dir='ltr'><strong>et</strong></span> <span class='ocrx_word' id='word_1_423' title='bbox 1107 4576 1229 4624; x_wconf 80' lang='lat' dir='ltr'><strong>tota</strong></span> <span class='ocrx_word' id='word_1_424' title='bbox 1280 4568 1591 4640; x_wconf 88' lang='lat' dir='ltr'><strong>synodus:</strong></span> <span class='ocrx_word' id='word_1_425' title='bbox 1626 4590 1652 4615; x_wconf 76' lang='grc' dir='ltr'>α</span> <span class='ocrx_word' id='word_1_426' title='bbox 1695 4570 1836 4636; x_wconf 86' lang='lat' dir='ltr'><strong>Ego,</strong></span> <span class='ocrx_word' id='word_1_427' title='bbox 1867 4573 1966 4632; x_wconf 80' lang='lat' dir='ltr'><strong>ait,</strong></span> <span class='ocrx_word' id='word_1_428' title='bbox 2013 4582 2103 4632; x_wconf 91' lang='lat' dir='ltr'><strong>ea,</strong></span> <span class='ocrx_word' id='word_1_429' title='bbox 2133 4582 2268 4639; x_wconf 89' lang='lat' dir='ltr'><strong>qua</strong></span> <span class='ocrx_word' id='word_1_430' title='bbox 2299 4584 2450 4639; x_wconf 86' lang='lat' dir='ltr'><strong>apo-</strong></span> <span class='ocrx_word' id='word_1_431' title='bbox 2486 4570 2528 4623; x_wconf 84' lang='lat' dir='ltr'><strong>D</strong></span> 
     </span>
    </p>
   </div>
   <div class='ocr_carea' id='block_1_64' title="bbox 785 4656 2447 4730">
    <p class='ocr_par' dir='ltr' id='par_1_64' title="bbox 785 4656 2447 4730">
     <span class='ocr_line' id='line_1_64' title="bbox 785 4656 2447 4730; baseline -0.001 -16"><span class='ocrx_word' id='word_1_432' title='bbox 785 4660 1032 4716; x_wconf 86' lang='lat' dir='ltr'><strong>stolicus</strong></span> <span class='ocrx_word' id='word_1_433' title='bbox 1070 4660 1320 4713; x_wconf 88' lang='lat' dir='ltr'><strong>thronus</strong></span> <span class='ocrx_word' id='word_1_434' title='bbox 1353 4673 1460 4730; x_wconf 89' lang='lat' dir='ltr'><strong>per</strong></span> <span class='ocrx_word' id='word_1_435' title='bbox 1486 4656 1695 4711; x_wconf 90' lang='lat' dir='ltr'><strong>omnia</strong></span> <span class='ocrx_word' id='word_1_436' title='bbox 1724 4657 1920 4724; x_wconf 86' lang='lat' dir='ltr'><strong>sentit,</strong></span> <span class='ocrx_word' id='word_1_437' title='bbox 1969 4657 2172 4725; x_wconf 89' lang='lat' dir='ltr'><strong>sentio,</strong></span> <span class='ocrx_word' id='word_1_438' title='bbox 2221 4662 2279 4711; x_wconf 89' lang='lat' dir='ltr'><strong>et</strong></span> <span class='ocrx_word' id='word_1_439' title='bbox 2307 4673 2447 4712; x_wconf 86' lang='lat' dir='ltr'><strong>con-</strong></span> 
     </span>
    </p>
   </div>
   <div class='ocr_carea' id='block_1_65' title="bbox 783 4748 1451 4820">
    <p class='ocr_par' dir='ltr' id='par_1_65' title="bbox 783 4748 1451 4820">
     <span class='ocr_line' id='line_1_65' title="bbox 783 4748 1451 4820; baseline -0.006 -16"><span class='ocrx_word' id='word_1_440' title='bbox 783 4750 976 4806; x_wconf 90' lang='lat' dir='ltr'><strong>sentio</strong></span> <span class='ocrx_word' id='word_1_441' title='bbox 1002 4748 1248 4820; x_wconf 89' lang='lat' dir='ltr'><strong>deponi,</strong></span> <span class='ocrx_word' id='word_1_442' title='bbox 1289 4769 1315 4794; x_wconf 82' lang='lat'><strong>»</strong></span> <span class='ocrx_word' id='word_1_443' title='bbox 1341 4752 1451 4802; x_wconf 91' lang='lat' dir='ltr'><strong>etc.</strong></span> 
     </span>
    </p>
   </div>
   <div class='ocr_carea' id='block_1_66' title="bbox 855 4835 2448 4909">
    <p class='ocr_par' dir='ltr' id='par_1_66' title="bbox 855 4835 2448 4909">
     <span class='ocr_line' id='line_1_66' title="bbox 855 4835 2448 4909; baseline -0.001 -16"><span class='ocrx_word' id='word_1_444' title='bbox 855 4842 997 4894; x_wconf 92' lang='lat' dir='ltr'><strong>Item</strong></span> <span class='ocrx_word' id='word_1_445' title='bbox 1035 4840 1148 4892; x_wconf 90' lang='lat' dir='ltr'><strong>Leo</strong></span> <span class='ocrx_word' id='word_1_446' title='bbox 1178 4852 1341 4909; x_wconf 90' lang='lat' dir='ltr'><strong>papa</strong></span> <span class='ocrx_word' id='word_1_447' title='bbox 1368 4835 1526 4891; x_wconf 89' lang='lat' dir='ltr'><strong>dicto</strong></span> <span class='ocrx_word' id='word_1_448' title='bbox 1551 4836 1911 4908; x_wconf 85' lang='lat' dir='ltr'><strong>patriarcha</strong></span> <span class='ocrx_word' id='word_1_449' title='bbox 1944 4836 2026 4891; x_wconf 92' lang='lat' dir='ltr'><strong>sic</strong></span> <span class='ocrx_word' id='word_1_450' title='bbox 2065 4836 2267 4890; x_wconf 89' lang='lat' dir='ltr'><strong>scribit</strong></span> <span class='ocrx_word' id='word_1_451' title='bbox 2297 4853 2307 4890; x_wconf 93' lang='lat'><strong>:</strong></span> <span class='ocrx_word' id='word_1_452' title='bbox 2334 4839 2448 4891; x_wconf 78' lang='lat' dir='ltr'><strong>«De</strong></span> 
     </span>
    </p>
   </div>
   <div class='ocr_carea' id='block_1_67' title="bbox 781 4926 2448 5000">
    <p class='ocr_par' dir='ltr' id='par_1_67' title="bbox 781 4926 2448 5000">
     <span class='ocr_line' id='line_1_67' title="bbox 781 4926 2448 5000; baseline -0.004 -15"><span class='ocrx_word' id='word_1_453' title='bbox 781 4928 1045 5000; x_wconf 87' lang='lat' dir='ltr'><strong>Eutyche</strong></span> <span class='ocrx_word' id='word_1_454' title='bbox 1073 4943 1191 4980; x_wconf 92' lang='lat' dir='ltr'><strong>non</strong></span> <span class='ocrx_word' id='word_1_455' title='bbox 1225 4926 1650 4995; x_wconf 78' lang='lat' dir='ltr'><strong>cognovimus,</strong></span> <span class='ocrx_word' id='word_1_456' title='bbox 1696 4941 1818 4997; x_wconf 89' lang='lat' dir='ltr'><strong>qua</strong></span> <span class='ocrx_word' id='word_1_457' title='bbox 1847 4926 2080 4996; x_wconf 87' lang='lat' dir='ltr'><strong>justitia</strong></span> <span class='ocrx_word' id='word_1_458' title='bbox 2111 4942 2143 4980; x_wconf 94' lang='lat' dir='ltr'><strong>a</strong></span> <span class='ocrx_word' id='word_1_459' title='bbox 2173 4941 2448 4980; x_wconf 91' lang='lat' dir='ltr'><strong>commu-</strong></span> 
     </span>
    </p>
   </div>
   <div class='ocr_carea' id='block_1_68' title="bbox 776 5015 2451 5087">
    <p class='ocr_par' dir='ltr' id='par_1_68' title="bbox 776 5015 2451 5087">
     <span class='ocr_line' id='line_1_68' title="bbox 776 5015 2451 5087; baseline -0.004 -12"><span class='ocrx_word' id='word_1_460' title='bbox 776 5021 955 5075; x_wconf 90' lang='lat' dir='ltr'><strong>nione</strong></span> <span class='ocrx_word' id='word_1_461' title='bbox 983 5023 1070 5072; x_wconf 90' lang='lat' dir='ltr'><strong>est</strong></span> <span class='ocrx_word' id='word_1_462' title='bbox 1095 5016 1817 5087; x_wconf 87' lang='lat' dir='ltr'><strong>separatus.Quapropter</strong></span> <span class='ocrx_word' id='word_1_463' title='bbox 1846 5031 2215 5084; x_wconf 74' lang='lat' dir='ltr'><strong>cognOscere</strong></span> <span class='ocrx_word' id='word_1_464' title='bbox 2259 5015 2451 5069; x_wconf 86' lang='lat' dir='ltr'><strong>volen-</strong></span> 
     </span>
    </p>
   </div>
   <div class='ocr_carea' id='block_1_69' title="bbox 771 5105 2451 5173">
    <p class='ocr_par' dir='ltr' id='par_1_69' title="bbox 771 5105 2451 5173">
     <span class='ocr_line' id='line_1_69' title="bbox 771 5105 2451 5173; baseline -0.005 -7"><span class='ocrx_word' id='word_1_465' title='bbox 771 5116 859 5167; x_wconf 90' lang='lat' dir='ltr'><strong>tes</strong></span> <span class='ocrx_word' id='word_1_466' title='bbox 873 5110 945 5164; x_wconf 90' lang='lat' dir='ltr'><strong>de</strong></span> <span class='ocrx_word' id='word_1_467' title='bbox 960 5105 1461 5173; x_wconf 86' lang='lat' dir='ltr'><strong>causa,volumus</strong></span> <span class='ocrx_word' id='word_1_468' title='bbox 1488 5105 1568 5159; x_wconf 91' lang='lat' dir='ltr'><strong>tui</strong></span> <span class='ocrx_word' id='word_1_469' title='bbox 1595 5105 1730 5160; x_wconf 87' lang='lat' dir='ltr'><strong>facti</strong></span> <span class='ocrx_word' id='word_1_470' title='bbox 1757 5105 2050 5159; x_wconf 89' lang='lat' dir='ltr'><strong>rationem</strong></span> <span class='ocrx_word' id='word_1_471' title='bbox 2065 5119 2451 5173; x_wconf 63' lang='lat' dir='ltr'><strong>cognoscerev</strong></span> 
     </span>
    </p>
   </div>
   <div class='ocr_carea' id='block_1_70' title="bbox 774 5193 2443 5268">
    <p class='ocr_par' dir='ltr' id='par_1_70' title="bbox 774 5193 2443 5268">
     <span class='ocr_line' id='line_1_70' title="bbox 774 5193 2443 5268; baseline -0.005 -12"><span class='ocrx_word' id='word_1_472' title='bbox 774 5206 840 5257; x_wconf 92' lang='lat' dir='ltr'><strong>ut</strong></span> <span class='ocrx_word' id='word_1_473' title='bbox 866 5199 1074 5254; x_wconf 90' lang='lat' dir='ltr'><strong>omnia</strong></span> <span class='ocrx_word' id='word_1_474' title='bbox 1108 5195 1582 5268; x_wconf 89' lang='lat' dir='ltr'><strong>suspendantur,</strong></span> <span class='ocrx_word' id='word_1_475' title='bbox 1616 5211 1807 5265; x_wconf 86' lang='lat' dir='ltr'><strong>usque</strong></span> <span class='ocrx_word' id='word_1_476' title='bbox 1852 5193 1928 5248; x_wconf 87' lang='lat' dir='ltr'><strong>ad</strong></span> <span class='ocrx_word' id='word_1_477' title='bbox 1981 5199 2249 5248; x_wconf 83' lang='lat' dir='ltr'><strong>nostram</strong></span> <span class='ocrx_word' id='word_1_478' title='bbox 2303 5194 2443 5248; x_wconf 85' lang='lat' dir='ltr'><strong>noti-</strong></span> 
     </span>
    </p>
   </div>
   <div class='ocr_carea' id='block_1_71' title="bbox 771 5282 2451 5355">
    <p class='ocr_par' dir='ltr' id='par_1_71' title="bbox 771 5282 2451 5355">
     <span class='ocr_line' id='line_1_71' title="bbox 771 5282 2451 5355; baseline -0.007 -9"><span class='ocrx_word' id='word_1_479' title='bbox 771 5293 934 5346; x_wconf 88' lang='lat' dir='ltr'><strong>tiam.</strong></span> <span class='ocrx_word' id='word_1_480' title='bbox 962 5286 1264 5354; x_wconf 88' lang='lat' dir='ltr'><strong>Quoniam</strong></span> <span class='ocrx_word' id='word_1_481' title='bbox 1305 5301 1440 5346; x_wconf 83' lang='lat' dir='ltr'><strong>nos,</strong></span> <span class='ocrx_word' id='word_1_482' title='bbox 1476 5285 1578 5355; x_wconf 88' lang='lat' dir='ltr'><strong>qui</strong></span> <span class='ocrx_word' id='word_1_483' title='bbox 1614 5283 1891 5337; x_wconf 88' lang='lat' dir='ltr'><strong>volumus</strong></span> <span class='ocrx_word' id='word_1_484' title='bbox 1927 5282 2309 5337; x_wconf 84' lang='lat' dir='ltr'><strong>sacerdotum</strong></span> <span class='ocrx_word' id='word_1_485' title='bbox 2343 5285 2451 5336; x_wconf 80' lang='lat' dir='ltr'><strong>[)o-</strong></span> 
     </span>
    </p>
   </div>
   <div class='ocr_carea' id='block_1_72' title="bbox 771 5372 2451 5448">
    <p class='ocr_par' dir='ltr' id='par_1_72' title="bbox 771 5372 2451 5448">
     <span class='ocr_line' id='line_1_72' title="bbox 771 5372 2451 5448; baseline -0.007 -13"><span class='ocrx_word' id='word_1_486' title='bbox 771 5379 1102 5448; x_wconf 86' lang='lat' dir='ltr'><strong>minijusta</strong></span> <span class='ocrx_word' id='word_1_487' title='bbox 1135 5389 1269 5429; x_wconf 91' lang='lat' dir='ltr'><strong>esse</strong></span> <span class='ocrx_word' id='word_1_488' title='bbox 1297 5372 1550 5442; x_wconf 90' lang='lat' dir='ltr'><strong>judicia,</strong></span> <span class='ocrx_word' id='word_1_489' title='bbox 1586 5387 1705 5426; x_wconf 93' lang='lat' dir='ltr'><strong>non</strong></span> <span class='ocrx_word' id='word_1_490' title='bbox 1736 5387 2069 5441; x_wconf 85' lang='lat' dir='ltr'><strong>possumus</strong></span> <span class='ocrx_word' id='word_1_491' title='bbox 2091 5387 2207 5424; x_wconf 91' lang='lat' dir='ltr'><strong>non</strong></span> <span class='ocrx_word' id='word_1_492' title='bbox 2245 5372 2451 5440; x_wconf 86' lang='lat' dir='ltr'><strong>cogni-</strong></span> 
     </span>
    </p>
   </div>
   <div class='ocr_carea' id='block_1_73' title="bbox 771 5458 2450 5536">
    <p class='ocr_par' dir='ltr' id='par_1_73' title="bbox 771 5458 2450 5536">
     <span class='ocr_line' id='line_1_73' title="bbox 771 5458 2450 5536; baseline -0.007 -11"><span class='ocrx_word' id='word_1_493' title='bbox 771 5471 842 5526; x_wconf 91' lang='lat' dir='ltr'><strong>tis</strong></span> <span class='ocrx_word' id='word_1_494' title='bbox 871 5465 1140 5523; x_wconf 91' lang='lat' dir='ltr'><strong>rebusin</strong></span> <span class='ocrx_word' id='word_1_495' title='bbox 1172 5460 1600 5536; x_wconf 89' lang='lat' dir='ltr'><strong>prajudicium</strong></span> <span class='ocrx_word' id='word_1_496' title='bbox 1633 5459 1890 5530; x_wconf 87' lang='lat' dir='ltr'><strong>alicujus</strong></span> <span class='ocrx_word' id='word_1_497' title='bbox 1925 5461 2111 5532; x_wconf 87' lang='lat' dir='ltr'><strong>partis</strong></span> <span class='ocrx_word' id='word_1_498' title='bbox 2141 5458 2289 5514; x_wconf 89' lang='lat' dir='ltr'><strong>ferre</strong></span> <span class='ocrx_word' id='word_1_499' title='bbox 2314 5471 2450 5514; x_wconf 82' lang='lat' dir='ltr'><strong>sen‘</strong></span> 
     </span>
    </p>
   </div>
   <div class='ocr_carea' id='block_1_74' title="bbox 833 5720 2325 5802">
    <p class='ocr_par' dir='ltr' id='par_1_74' title="bbox 833 5720 2325 5802">
     <span class='ocr_line' id='line_1_74' title="bbox 833 5720 2325 5802; baseline -0.009 -15"><span class='ocrx_word' id='word_1_500' title='bbox 833 5733 948 5802; x_wconf 75' lang='lat'><strong>(18)</strong></span> <span class='ocrx_word' id='word_1_501' title='bbox 983 5728 1146 5801; x_wconf 87' lang='lat' dir='ltr'><strong>Epist</strong></span> <span class='ocrx_word' id='word_1_502' title='bbox 1177 5729 1264 5794; x_wconf 68' lang='grc'><strong>47,</strong></span> <span class='ocrx_word' id='word_1_503' title='bbox 1296 5724 1374 5781; x_wconf 91' lang='lat' dir='ltr'><strong>ad</strong></span> <span class='ocrx_word' id='word_1_504' title='bbox 1406 5721 1711 5795; x_wconf 84' lang='lat' dir='ltr'><strong>synodum</strong></span> <span class='ocrx_word' id='word_1_505' title='bbox 1744 5720 2325 5776; x_wconf 88' lang='lat' dir='ltr'><strong>Chalcedonensem.</strong></span> 
     </span>
    </p>
   </div>
   <div class='ocr_carea' id='block_1_75' title="bbox 2563 1949 4224 2022">
    <p class='ocr_par' dir='ltr' id='par_1_75' title="bbox 2563 1949 4224 2022">
     <span class='ocr_line' id='line_1_75' title="bbox 2563 1949 4224 2022; baseline 0 -18"><span class='ocrx_word' id='word_1_506' title='bbox 2563 1949 2623 2004; x_wconf 89' lang='lat' dir='ltr'><strong>in</strong></span> <span class='ocrx_word' id='word_1_507' title='bbox 2651 1951 2950 2021; x_wconf 60' lang='lat' dir='ltr'><strong>episcoiiis</strong></span> <span class='ocrx_word' id='word_1_508' title='bbox 2982 1950 3255 2019; x_wconf 90' lang='lat' dir='ltr'><strong>singulis,</strong></span> <span class='ocrx_word' id='word_1_509' title='bbox 3287 1956 3344 2006; x_wconf 90' lang='lat' dir='ltr'><strong>et</strong></span> <span class='ocrx_word' id='word_1_510' title='bbox 3371 1966 3477 2022; x_wconf 87' lang='lat' dir='ltr'><strong>per</strong></span> <span class='ocrx_word' id='word_1_511' title='bbox 3521 1951 3792 2020; x_wconf 82' lang='lat' dir='ltr'><strong>singulos</strong></span> <span class='ocrx_word' id='word_1_512' title='bbox 3841 1951 3983 2006; x_wconf 83' lang='lat' dir='ltr'><strong>dicit</strong></span> <span class='ocrx_word' id='word_1_513' title='bbox 4012 1967 4024 2004; x_wconf 94' lang='lat'><strong>:</strong></span> <span class='ocrx_word' id='word_1_514' title='bbox 4060 1972 4087 1999; x_wconf 85' lang='lat'>«</span> <span class='ocrx_word' id='word_1_515' title='bbox 4122 1952 4224 2004; x_wconf 83' lang='lat' dir='ltr'><strong>Fa-</strong></span> 
     </span>
    </p>
   </div>
   <div class='ocr_carea' id='block_1_76' title="bbox 2564 2039 4224 2112">
    <p class='ocr_par' dir='ltr' id='par_1_76' title="bbox 2564 2039 4224 2112">
     <span class='ocr_line' id='line_1_76' title="bbox 2564 2039 4224 2112; baseline -0.001 -18"><span class='ocrx_word' id='word_1_516' title='bbox 2564 2044 2692 2095; x_wconf 90' lang='lat' dir='ltr'><strong>teor</strong></span> <span class='ocrx_word' id='word_1_517' title='bbox 2720 2039 3037 2112; x_wconf 88' lang='lat' dir='ltr'><strong>epistolam</strong></span> <span class='ocrx_word' id='word_1_518' title='bbox 3067 2041 3467 2112; x_wconf 83' lang='lat' dir='ltr'><strong>archipiscopi</strong></span> <span class='ocrx_word' id='word_1_519' title='bbox 3505 2041 3691 2096; x_wconf 91' lang='lat' dir='ltr'><strong>nostri</strong></span> <span class='ocrx_word' id='word_1_520' title='bbox 3726 2040 3934 2095; x_wconf 89' lang='lat' dir='ltr'><strong>Leonis</strong></span> <span class='ocrx_word' id='word_1_521' title='bbox 3987 2047 4224 2110; x_wconf 89' lang='lat' dir='ltr'><strong>aposto-</strong></span> 
     </span>
    </p>
   </div>
   <div class='ocr_carea' id='block_1_77' title="bbox 2561 2127 4223 2200">
    <p class='ocr_par' dir='ltr' id='par_1_77' title="bbox 2561 2127 4223 2200">
     <span class='ocr_line' id='line_1_77' title="bbox 2561 2127 4223 2200; baseline -0.001 -18"><span class='ocrx_word' id='word_1_522' title='bbox 2561 2127 2691 2183; x_wconf 89' lang='lat' dir='ltr'><strong>lica</strong></span> <span class='ocrx_word' id='word_1_523' title='bbox 2740 2128 2898 2183; x_wconf 88' lang='lat' dir='ltr'><strong>sedis</strong></span> <span class='ocrx_word' id='word_1_524' title='bbox 2958 2129 3340 2200; x_wconf 85' lang='lat' dir='ltr'><strong>patriarcha.</strong></span> <span class='ocrx_word' id='word_1_525' title='bbox 3399 2145 3729 2184; x_wconf 90' lang='lat' dir='ltr'><strong>consonam</strong></span> <span class='ocrx_word' id='word_1_526' title='bbox 3785 2144 3918 2184; x_wconf 89' lang='lat' dir='ltr'><strong>esse</strong></span> <span class='ocrx_word' id='word_1_527' title='bbox 3977 2127 4223 2183; x_wconf 88' lang='lat' dir='ltr'><strong>editioni</strong></span> 
     </span>
    </p>
   </div>
   <div class='ocr_carea' id='block_1_78' title="bbox 2565 2217 4226 2290">
    <p class='ocr_par' dir='ltr' id='par_1_78' title="bbox 2565 2217 4226 2290">
     <span class='ocr_line' id='line_1_78' title="bbox 2565 2217 4226 2290; baseline -0.001 -18"><span class='ocrx_word' id='word_1_528' title='bbox 2565 2222 2962 2273; x_wconf 90' lang='lat' dir='ltr'><strong>trecentorum</strong></span> <span class='ocrx_word' id='word_1_529' title='bbox 3009 2218 3216 2273; x_wconf 89' lang='lat' dir='ltr'><strong>decem</strong></span> <span class='ocrx_word' id='word_1_530' title='bbox 3273 2225 3330 2274; x_wconf 92' lang='lat' dir='ltr'><strong>et</strong></span> <span class='ocrx_word' id='word_1_531' title='bbox 3381 2224 3518 2274; x_wconf 91' lang='lat' dir='ltr'><strong>octo</strong></span> <span class='ocrx_word' id='word_1_532' title='bbox 3567 2221 3828 2284; x_wconf 90' lang='lat' dir='ltr'><strong>Patrum,</strong></span> <span class='ocrx_word' id='word_1_533' title='bbox 3886 2218 3988 2290; x_wconf 94' lang='lat' dir='ltr'><strong>qui</strong></span> <span class='ocrx_word' id='word_1_534' title='bbox 4031 2217 4091 2273; x_wconf 92' lang='lat' dir='ltr'><strong>in</strong></span> <span class='ocrx_word' id='word_1_535' title='bbox 4137 2217 4226 2272; x_wconf 86' lang='lat' dir='ltr'><strong>Ni-</strong></span> 
     </span>
    </p>
   </div>
   <div class='ocr_carea' id='block_1_79' title="bbox 2565 2306 4225 2378">
    <p class='ocr_par' dir='ltr' id='par_1_79' title="bbox 2565 2306 4225 2378">
     <span class='ocr_line' id='line_1_79' title="bbox 2565 2306 4225 2378; baseline -0.001 -18"><span class='ocrx_word' id='word_1_536' title='bbox 2565 2321 2752 2375; x_wconf 90' lang='lat' dir='ltr'><strong>cana,</strong></span> <span class='ocrx_word' id='word_1_537' title='bbox 2799 2313 2855 2360; x_wconf 92' lang='lat' dir='ltr'><strong>et</strong></span> <span class='ocrx_word' id='word_1_538' title='bbox 2884 2311 3124 2361; x_wconf 92' lang='lat' dir='ltr'><strong>centum</strong></span> <span class='ocrx_word' id='word_1_539' title='bbox 3157 2307 3624 2378; x_wconf 86' lang='lat' dir='ltr'><strong>quinquaginta,</strong></span> <span class='ocrx_word' id='word_1_540' title='bbox 3661 2306 3766 2377; x_wconf 90' lang='lat' dir='ltr'><strong>qui</strong></span> <span class='ocrx_word' id='word_1_541' title='bbox 3797 2307 3857 2361; x_wconf 91' lang='lat' dir='ltr'><strong>in</strong></span> <span class='ocrx_word' id='word_1_542' title='bbox 3892 2307 4225 2360; x_wconf 88' lang='lat' dir='ltr'><strong>Constanti-</strong></span> 
     </span>
    </p>
   </div>
   <div class='ocr_carea' id='block_1_80' title="bbox 2563 2393 4224 2466">
    <p class='ocr_par' dir='ltr' id='par_1_80' title="bbox 2563 2393 4224 2466">
     <span class='ocr_line' id='line_1_80' title="bbox 2563 2393 4224 2466; baseline -0.001 -18"><span class='ocrx_word' id='word_1_543' title='bbox 2563 2393 2938 2464; x_wconf 87' lang='lat' dir='ltr'><strong>nopolitana,</strong></span> <span class='ocrx_word' id='word_1_544' title='bbox 2968 2409 3078 2449; x_wconf 89' lang='lat' dir='ltr'><strong>nec</strong></span> <span class='ocrx_word' id='word_1_545' title='bbox 3110 2409 3232 2449; x_wconf 88' lang='lat' dir='ltr'><strong>non</strong></span> <span class='ocrx_word' id='word_1_546' title='bbox 3273 2395 3330 2449; x_wconf 92' lang='lat' dir='ltr'><strong>in</strong></span> <span class='ocrx_word' id='word_1_547' title='bbox 3364 2395 3513 2466; x_wconf 91' lang='lat' dir='ltr'><strong>ejus,</strong></span> <span class='ocrx_word' id='word_1_548' title='bbox 3546 2411 3682 2466; x_wconf 91' lang='lat' dir='ltr'><strong>qua</strong></span> <span class='ocrx_word' id='word_1_549' title='bbox 3714 2394 3776 2449; x_wconf 90' lang='lat' dir='ltr'><strong>in</strong></span> <span class='ocrx_word' id='word_1_550' title='bbox 3830 2393 4064 2465; x_wconf 85' lang='lat' dir='ltr'><strong>Epheso</strong></span> <span class='ocrx_word' id='word_1_551' title='bbox 4109 2393 4224 2448; x_wconf 91' lang='lat' dir='ltr'><strong>sub</strong></span> 
     </span>
    </p>
   </div>
   <div class='ocr_carea' id='block_1_81' title="bbox 2565 2482 4213 2555">
    <p class='ocr_par' dir='ltr' id='par_1_81' title="bbox 2565 2482 4213 2555">
     <span class='ocr_line' id='line_1_81' title="bbox 2565 2482 4213 2555; baseline 0 -18"><span class='ocrx_word' id='word_1_552' title='bbox 2565 2484 2624 2537; x_wconf 90' lang='grc' dir='ltr'><strong>Β.</strong></span> <span class='ocrx_word' id='word_1_553' title='bbox 2658 2482 2874 2554; x_wconf 84' lang='lat' dir='ltr'><strong>Cyrillo</strong></span> <span class='ocrx_word' id='word_1_554' title='bbox 2903 2483 3014 2538; x_wconf 88' lang='lat' dir='ltr'><strong>fuit</strong></span> <span class='ocrx_word' id='word_1_555' title='bbox 3042 2482 3366 2540; x_wconf 89' lang='lat' dir='ltr'><strong>celebrata.</strong></span> <span class='ocrx_word' id='word_1_556' title='bbox 3398 2486 3461 2539; x_wconf 92' lang='lat' dir='ltr'><strong>Et</strong></span> <span class='ocrx_word' id='word_1_557' title='bbox 3496 2484 3691 2539; x_wconf 75' lang='lat' dir='ltr'><strong>eidem</strong></span> <span class='ocrx_word' id='word_1_558' title='bbox 3750 2482 4021 2555; x_wconf 88' lang='lat' dir='ltr'><strong>epistola</strong></span> <span class='ocrx_word' id='word_1_559' title='bbox 4069 2497 4213 2538; x_wconf 89' lang='lat' dir='ltr'><strong>con-</strong></span> 
     </span>
    </p>
   </div>
   <div class='ocr_carea' id='block_1_82' title="bbox 2563 2571 3265 2627">
    <p class='ocr_par' dir='ltr' id='par_1_82' title="bbox 2563 2571 3265 2627">
     <span class='ocr_line' id='line_1_82' title="bbox 2563 2571 3265 2627; baseline -0.006 -2"><span class='ocrx_word' id='word_1_560' title='bbox 2563 2573 2754 2626; x_wconf 85' lang='lat' dir='ltr'><strong>sentio</strong></span> <span class='ocrx_word' id='word_1_561' title='bbox 2780 2575 2836 2627; x_wconf 88' lang='lat' dir='ltr'><strong>et</strong></span> <span class='ocrx_word' id='word_1_562' title='bbox 2865 2571 3204 2627; x_wconf 74' lang='lat' dir='ltr'><strong>subscribe.</strong></span> <span class='ocrx_word' id='word_1_563' title='bbox 3238 2594 3265 2621; x_wconf 86' lang='grc'><strong>››</strong></span> 
     </span>
    </p>
   </div>
   <div class='ocr_carea' id='block_1_83' title="bbox 2634 2698 4197 2771">
    <p class='ocr_par' dir='ltr' id='par_1_83' title="bbox 2634 2698 4197 2771">
     <span class='ocr_line' id='line_1_83' title="bbox 2634 2698 4197 2771; baseline 0.001 -20"><span class='ocrx_word' id='word_1_564' title='bbox 2634 2698 2740 2752; x_wconf 86' lang='lat' dir='ltr'><strong>Alii</strong></span> <span class='ocrx_word' id='word_1_565' title='bbox 2770 2703 2972 2754; x_wconf 90' lang='lat' dir='ltr'><strong>autem</strong></span> <span class='ocrx_word' id='word_1_566' title='bbox 3005 2715 3076 2754; x_wconf 85' lang='lat' dir='ltr'><strong>ex</strong></span> <span class='ocrx_word' id='word_1_567' title='bbox 3106 2700 3248 2771; x_wconf 89' lang='lat' dir='ltr'><strong>ipsis</strong></span> <span class='ocrx_word' id='word_1_568' title='bbox 3273 2705 3490 2756; x_wconf 85' lang='lat' dir='ltr'><strong>vocant</strong></span> <span class='ocrx_word' id='word_1_569' title='bbox 3519 2716 3657 2755; x_wconf 90' lang='lat' dir='ltr'><strong>eum</strong></span> <span class='ocrx_word' id='word_1_570' title='bbox 3713 2701 4051 2767; x_wconf 80' lang='lat' dir='ltr'><strong>episcopum</strong></span> <span class='ocrx_word' id='word_1_571' title='bbox 4105 2714 4197 2752; x_wconf 90' lang='lat' dir='ltr'><strong>om</strong></span> 
     </span>
    </p>
   </div>
   <div class='ocr_carea' id='block_1_84' title="bbox 2562 2787 4220 2857">
    <p class='ocr_par' dir='ltr' id='par_1_84' title="bbox 2562 2787 4220 2857">
     <span class='ocr_line' id='line_1_84' title="bbox 2562 2787 4220 2857; baseline 0.001 -17"><span class='ocrx_word' id='word_1_572' title='bbox 2562 2789 2729 2841; x_wconf 83' lang='lat' dir='ltr'><strong>nium</strong></span> <span class='ocrx_word' id='word_1_573' title='bbox 2773 2788 3207 2843; x_wconf 79' lang='lat' dir='ltr'><strong>Ecclesiarum.</strong></span> <span class='ocrx_word' id='word_1_574' title='bbox 3243 2787 3542 2846; x_wconf 83' lang='lat' dir='ltr'><strong>Nonnulli.</strong></span> <span class='ocrx_word' id='word_1_575' title='bbox 3573 2803 3818 2857; x_wconf 86' lang='lat' dir='ltr'><strong>papam,</strong></span> <span class='ocrx_word' id='word_1_576' title='bbox 3876 2789 4082 2856; x_wconf 81' lang='lat' dir='ltr'><strong>plures</strong></span> <span class='ocrx_word' id='word_1_577' title='bbox 4111 2803 4220 2855; x_wconf 86' lang='lat' dir='ltr'><strong>pa-</strong></span> 
     </span>
    </p>
   </div>
   <div class='ocr_carea' id='block_1_85' title="bbox 2565 2877 4221 2946">
    <p class='ocr_par' dir='ltr' id='par_1_85' title="bbox 2565 2877 4221 2946">
     <span class='ocr_line' id='line_1_85' title="bbox 2565 2877 4221 2946; baseline -0.001 -15"><span class='ocrx_word' id='word_1_578' title='bbox 2565 2884 2712 2932; x_wconf 78' lang='lat' dir='ltr'><strong>trem</strong></span> <span class='ocrx_word' id='word_1_579' title='bbox 2745 2893 2915 2932; x_wconf 84' lang='lat' dir='ltr'><strong>suum</strong></span> <span class='ocrx_word' id='word_1_580' title='bbox 2940 2893 2962 2934; x_wconf 91' lang='grc'><em>.·</em></span> <span class='ocrx_word' id='word_1_581' title='bbox 2987 2880 3100 2934; x_wconf 79' lang='lat' dir='ltr'><strong>alii</strong></span> <span class='ocrx_word' id='word_1_582' title='bbox 3121 2878 3542 2946; x_wconf 75' lang='lat' dir='ltr'><strong>patriarcham</strong></span> <span class='ocrx_word' id='word_1_583' title='bbox 3566 2879 4008 2933; x_wconf 77' lang='lat' dir='ltr'><strong>mcumenicum.</strong></span> <span class='ocrx_word' id='word_1_584' title='bbox 4032 2877 4088 2930; x_wconf 95' lang='lat' dir='ltr'><strong>id</strong></span> <span class='ocrx_word' id='word_1_585' title='bbox 4110 2881 4221 2942; x_wconf 90' lang='lat' dir='ltr'><strong>est,</strong></span> 
     </span>
    </p>
   </div>
   <div class='ocr_carea' id='block_1_86' title="bbox 2563 2964 4227 3031">
    <p class='ocr_par' dir='ltr' id='par_1_86' title="bbox 2563 2964 4227 3031">
     <span class='ocr_line' id='line_1_86' title="bbox 2563 2964 4227 3031; baseline -0.001 -12"><span class='ocrx_word' id='word_1_586' title='bbox 2563 2968 2984 3021; x_wconf 74' lang='lat' dir='ltr'><strong>uniuersalem.</strong></span> <span class='ocrx_word' id='word_1_587' title='bbox 3013 2967 3268 3031; x_wconf 84' lang='lat' dir='ltr'><strong>Quidam</strong></span> <span class='ocrx_word' id='word_1_588' title='bbox 3291 2983 3427 3020; x_wconf 89' lang='lat' dir='ltr'><strong>vero</strong></span> <span class='ocrx_word' id='word_1_589' title='bbox 3455 2967 3757 3021; x_wconf 79' lang='lat' dir='ltr'><strong>dominum</strong></span> <span class='ocrx_word' id='word_1_590' title='bbox 3783 2981 3978 3026; x_wconf 78' lang='lat' dir='ltr'><strong>suum.</strong></span> <span class='ocrx_word' id='word_1_591' title='bbox 4001 2964 4227 3018; x_wconf 80' lang='lat' dir='ltr'><strong>adden-</strong></span> 
     </span>
    </p>
   </div>
   <div class='ocr_carea' id='block_1_87' title="bbox 2562 3054 4226 3126">
    <p class='ocr_par' dir='ltr' id='par_1_87' title="bbox 2562 3054 4226 3126">
     <span class='ocr_line' id='line_1_87' title="bbox 2562 3054 4226 3126; baseline -0.002 -16"><span class='ocrx_word' id='word_1_592' title='bbox 2562 3060 2653 3110; x_wconf 89' lang='lat' dir='ltr'><strong>tes</strong></span> <span class='ocrx_word' id='word_1_593' title='bbox 2681 3054 2905 3126; x_wconf 87' lang='lat' dir='ltr'><strong>plures,</strong></span> <span class='ocrx_word' id='word_1_594' title='bbox 2939 3058 3347 3124; x_wconf 83' lang='lat' dir='ltr'><strong>apostolorum</strong></span> <span class='ocrx_word' id='word_1_595' title='bbox 3372 3058 3496 3111; x_wconf 74' lang='lat' dir='ltr'><strong>sedi</strong></span> <span class='ocrx_word' id='word_1_596' title='bbox 3515 3055 3956 3124; x_wconf 61' lang='lat' dir='ltr'><strong>praesidentem,</strong></span> <span class='ocrx_word' id='word_1_597' title='bbox 3989 3061 4042 3108; x_wconf 90' lang='lat' dir='ltr'><strong>et</strong></span> <span class='ocrx_word' id='word_1_598' title='bbox 4067 3055 4226 3108; x_wconf 84' lang='lat' dir='ltr'><strong>simi-</strong></span> 
     </span>
    </p>
   </div>
   <div class='ocr_carea' id='block_1_88' title="bbox 2562 3143 4230 3215">
    <p class='ocr_par' dir='ltr' id='par_1_88' title="bbox 2562 3143 4230 3215">
     <span class='ocr_line' id='line_1_88' title="bbox 2562 3143 4230 3215; baseline -0.002 -17"><span class='ocrx_word' id='word_1_599' title='bbox 2562 3143 2661 3204; x_wconf 83' lang='lat' dir='ltr'><strong>lia,</strong></span> <span class='ocrx_word' id='word_1_600' title='bbox 2695 3160 2831 3214; x_wconf 86' lang='lat' dir='ltr'><strong>qua</strong></span> <span class='ocrx_word' id='word_1_601' title='bbox 2862 3160 3048 3200; x_wconf 85' lang='lat' dir='ltr'><strong>causa</strong></span> <span class='ocrx_word' id='word_1_602' title='bbox 3083 3145 3394 3199; x_wconf 83' lang='lat' dir='ltr'><strong>brevitatis</strong></span> <span class='ocrx_word' id='word_1_603' title='bbox 3417 3145 3512 3200; x_wconf 92' lang='lat' dir='ltr'><strong>hic</strong></span> <span class='ocrx_word' id='word_1_604' title='bbox 3541 3159 3662 3198; x_wconf 91' lang='lat' dir='ltr'><strong>non</strong></span> <span class='ocrx_word' id='word_1_605' title='bbox 3691 3143 3994 3215; x_wconf 92' lang='lat' dir='ltr'><strong>ponimus.</strong></span> <span class='ocrx_word' id='word_1_606' title='bbox 4030 3145 4091 3196; x_wconf 80' lang='lat' dir='ltr'><strong>Et</strong></span> <span class='ocrx_word' id='word_1_607' title='bbox 4133 3147 4230 3196; x_wconf 90' lang='lat' dir='ltr'><strong>ta-</strong></span> 
     </span>
    </p>
   </div>
   <div class='ocr_carea' id='block_1_89' title="bbox 2487 3221 4228 3300">
    <p class='ocr_par' dir='ltr' id='par_1_89' title="bbox 2487 3221 4228 3300">
     <span class='ocr_line' id='line_1_89' title="bbox 2487 3221 4228 3300; baseline -0.002 -12"><span class='ocrx_word' id='word_1_608' title='bbox 2487 3221 2527 3276; x_wconf 81' lang='lat' dir='ltr'>C</span> <span class='ocrx_word' id='word_1_609' title='bbox 2563 3247 2700 3288; x_wconf 92' lang='lat' dir='ltr'><strong>men</strong></span> <span class='ocrx_word' id='word_1_610' title='bbox 2732 3232 2779 3287; x_wconf 92' lang='lat' dir='ltr'><strong>si</strong></span> <span class='ocrx_word' id='word_1_611' title='bbox 2809 3232 2883 3287; x_wconf 92' lang='lat' dir='ltr'><strong>de</strong></span> <span class='ocrx_word' id='word_1_612' title='bbox 2915 3232 3166 3300; x_wconf 82' lang='lat' dir='ltr'><strong>singulis</strong></span> <span class='ocrx_word' id='word_1_613' title='bbox 3201 3233 3385 3288; x_wconf 91' lang='lat' dir='ltr'><strong>velint</strong></span> <span class='ocrx_word' id='word_1_614' title='bbox 3415 3233 3726 3297; x_wconf 85' lang='lat' dir='ltr'><strong>veriticari,</strong></span> <span class='ocrx_word' id='word_1_615' title='bbox 3754 3231 3953 3297; x_wconf 82' lang='lat' dir='ltr'><strong>legant</strong></span> <span class='ocrx_word' id='word_1_616' title='bbox 3973 3229 4228 3286; x_wconf 82' lang='lat' dir='ltr'><strong>concilia</strong></span> 
     </span>
    </p>
   </div>
   <div class='ocr_carea' id='block_1_90' title="bbox 2561 3320 4231 3392">
    <p class='ocr_par' dir='ltr' id='par_1_90' title="bbox 2561 3320 4231 3392">
     <span class='ocr_line' id='line_1_90' title="bbox 2561 3320 4231 3392; baseline -0.001 -17"><span class='ocrx_word' id='word_1_617' title='bbox 2561 3321 2880 3389; x_wconf 57' lang='lat' dir='ltr'><strong>generalia.</strong></span> <span class='ocrx_word' id='word_1_618' title='bbox 2918 3329 2973 3377; x_wconf 91' lang='lat' dir='ltr'><strong>et</strong></span> <span class='ocrx_word' id='word_1_619' title='bbox 3009 3322 3268 3377; x_wconf 81' lang='lat' dir='ltr'><strong>maxime</strong></span> <span class='ocrx_word' id='word_1_620' title='bbox 3299 3329 3583 3392; x_wconf 86' lang='lat' dir='ltr'><strong>quartum</strong></span> <span class='ocrx_word' id='word_1_621' title='bbox 3626 3320 3969 3384; x_wconf 90' lang='lat' dir='ltr'><strong>concilium,</strong></span> <span class='ocrx_word' id='word_1_622' title='bbox 3998 3322 4231 3374; x_wconf 73' lang='lat' dir='ltr'><strong>Gracc-</strong></span> 
     </span>
    </p>
   </div>
   <div class='ocr_carea' id='block_1_91' title="bbox 2559 3409 4224 3482">
    <p class='ocr_par' dir='ltr' id='par_1_91' title="bbox 2559 3409 4224 3482">
     <span class='ocr_line' id='line_1_91' title="bbox 2559 3409 4224 3482; baseline -0.001 -18"><span class='ocrx_word' id='word_1_623' title='bbox 2559 3425 2692 3464; x_wconf 85' lang='lat' dir='ltr'><strong>rum</strong></span> <span class='ocrx_word' id='word_1_624' title='bbox 2738 3410 3027 3465; x_wconf 90' lang='lat' dir='ltr'><strong>Chronica</strong></span> <span class='ocrx_word' id='word_1_625' title='bbox 3069 3413 3414 3482; x_wconf 86' lang='lat' dir='ltr'><strong>inspiciant,</strong></span> <span class='ocrx_word' id='word_1_626' title='bbox 3447 3410 3548 3464; x_wconf 90' lang='lat' dir='ltr'><strong>ubi</strong></span> <span class='ocrx_word' id='word_1_627' title='bbox 3599 3410 3892 3464; x_wconf 88' lang='lat' dir='ltr'><strong>dictorum</strong></span> <span class='ocrx_word' id='word_1_628' title='bbox 3949 3409 4224 3463; x_wconf 88' lang='lat' dir='ltr'><strong>omnium</strong></span> 
     </span>
    </p>
   </div>
   <div class='ocr_carea' id='block_1_92' title="bbox 2557 3499 3702 3570">
    <p class='ocr_par' dir='ltr' id='par_1_92' title="bbox 2557 3499 3702 3570">
     <span class='ocr_line' id='line_1_92' title="bbox 2557 3499 3702 3570; baseline -0.002 -16"><span class='ocrx_word' id='word_1_629' title='bbox 2557 3499 2790 3570; x_wconf 87' lang='lat' dir='ltr'><strong>absque</strong></span> <span class='ocrx_word' id='word_1_630' title='bbox 2814 3499 3002 3554; x_wconf 90' lang='lat' dir='ltr'><strong>dubio</strong></span> <span class='ocrx_word' id='word_1_631' title='bbox 3043 3500 3338 3570; x_wconf 86' lang='lat' dir='ltr'><strong>reperient</strong></span> <span class='ocrx_word' id='word_1_632' title='bbox 3367 3500 3702 3554; x_wconf 90' lang='lat' dir='ltr'><strong>veritatem.</strong></span> 
     </span>
    </p>
   </div>
   <div class='ocr_carea' id='block_1_93' title="bbox 2610 3585 4220 3659">
    <p class='ocr_par' dir='ltr' id='par_1_93' title="bbox 2610 3585 4220 3659">
     <span class='ocr_line' id='line_1_93' title="bbox 2610 3585 4220 3659; baseline -0.001 -18"><span class='ocrx_word' id='word_1_633' title='bbox 2610 3591 2746 3642; x_wconf 67' lang='lat' dir='ltr'><strong>Item</strong></span> <span class='ocrx_word' id='word_1_634' title='bbox 2762 3588 3107 3659; x_wconf 88' lang='lat' dir='ltr'><strong>patriarcha</strong></span> <span class='ocrx_word' id='word_1_635' title='bbox 3124 3586 3829 3659; x_wconf 78' lang='lat' dir='ltr'><strong>Constantinopolitanus</strong></span> <span class='ocrx_word' id='word_1_636' title='bbox 3845 3585 3920 3640; x_wconf 89' lang='lat' dir='ltr'><strong>ad</strong></span> <span class='ocrx_word' id='word_1_637' title='bbox 3937 3585 4220 3640; x_wconf 83' lang='lat' dir='ltr'><strong>eumdem</strong></span> 
     </span>
    </p>
   </div>
   <div class='ocr_carea' id='block_1_94' title="bbox 2558 3676 4219 3749">
    <p class='ocr_par' dir='ltr' id='par_1_94' title="bbox 2558 3676 4219 3749">
     <span class='ocr_line' id='line_1_94' title="bbox 2558 3676 4219 3749; baseline -0.002 -17"><span class='ocrx_word' id='word_1_638' title='bbox 2558 3693 2782 3749; x_wconf 90' lang='lat' dir='ltr'><strong>papam</strong></span> <span class='ocrx_word' id='word_1_639' title='bbox 2817 3681 3068 3731; x_wconf 84' lang='lat' dir='ltr'><strong>Leonem</strong></span> <span class='ocrx_word' id='word_1_640' title='bbox 3102 3677 3471 3748; x_wconf 83' lang='lat' dir='ltr'><strong>pontiﬁcem,</strong></span> <span class='ocrx_word' id='word_1_641' title='bbox 3497 3678 3601 3731; x_wconf 91' lang='lat' dir='ltr'><strong>illa</strong></span> <span class='ocrx_word' id='word_1_642' title='bbox 3631 3676 3865 3730; x_wconf 85' lang='lat' dir='ltr'><strong>scribit:</strong></span> <span class='ocrx_word' id='word_1_643' title='bbox 3904 3699 3929 3723; x_wconf 90' lang='grc'><em>‹‹</em></span> <span class='ocrx_word' id='word_1_644' title='bbox 3967 3676 4219 3730; x_wconf 85' lang='lat' dir='ltr'><strong>Sanctis-</strong></span> 
     </span>
    </p>
   </div>
   <div class='ocr_carea' id='block_1_95' title="bbox 2560 3764 4222 3836">
    <p class='ocr_par' dir='ltr' id='par_1_95' title="bbox 2560 3764 4222 3836">
     <span class='ocr_line' id='line_1_95' title="bbox 2560 3764 4222 3836; baseline -0.001 -17"><span class='ocrx_word' id='word_1_645' title='bbox 2560 3768 2712 3821; x_wconf 89' lang='lat' dir='ltr'><strong>simo</strong></span> <span class='ocrx_word' id='word_1_646' title='bbox 2735 3773 2788 3821; x_wconf 89' lang='lat' dir='ltr'><strong>et</strong></span> <span class='ocrx_word' id='word_1_647' title='bbox 2818 3766 3166 3821; x_wconf 88' lang='lat' dir='ltr'><strong>beatissimo</strong></span> <span class='ocrx_word' id='word_1_648' title='bbox 3192 3767 3364 3834; x_wconf 86' lang='lat' dir='ltr'><strong>Patri,</strong></span> <span class='ocrx_word' id='word_1_649' title='bbox 3400 3773 3550 3822; x_wconf 77' lang='lat' dir='ltr'><strong>netc.</strong></span> <span class='ocrx_word' id='word_1_650' title='bbox 3576 3766 3834 3820; x_wconf 80' lang='lat' dir='ltr'><strong>Narratis</strong></span> <span class='ocrx_word' id='word_1_651' title='bbox 3868 3764 3980 3832; x_wconf 90' lang='lat' dir='ltr'><strong>his,</strong></span> <span class='ocrx_word' id='word_1_652' title='bbox 4000 3781 4135 3836; x_wconf 87' lang='lat' dir='ltr'><strong>qua</strong></span> <span class='ocrx_word' id='word_1_653' title='bbox 4162 3767 4222 3818; x_wconf 92' lang='lat' dir='ltr'><strong>in</strong></span> 
     </span>
    </p>
   </div>
   <div class='ocr_carea' id='block_1_96' title="bbox 2560 3854 4228 3926">
    <p class='ocr_par' dir='ltr' id='par_1_96' title="bbox 2560 3854 4228 3926">
     <span class='ocr_line' id='line_1_96' title="bbox 2560 3854 4228 3926; baseline -0.001 -17"><span class='ocrx_word' id='word_1_654' title='bbox 2560 3856 2812 3910; x_wconf 89' lang='lat' dir='ltr'><strong>concilio</strong></span> <span class='ocrx_word' id='word_1_655' title='bbox 2842 3861 3004 3923; x_wconf 79' lang='lat' dir='ltr'><strong>gesta</strong></span> <span class='ocrx_word' id='word_1_656' title='bbox 3040 3855 3297 3919; x_wconf 86' lang='lat' dir='ltr'><strong>fuerunt,</strong></span> <span class='ocrx_word' id='word_1_657' title='bbox 3330 3855 3501 3909; x_wconf 85' lang='lat' dir='ltr'><strong>dicit:</strong></span> <span class='ocrx_word' id='word_1_658' title='bbox 3535 3877 3561 3903; x_wconf 86' lang='lat'><strong><em>«</em></strong></span> <span class='ocrx_word' id='word_1_659' title='bbox 3596 3857 3838 3926; x_wconf 85' lang='lat' dir='ltr'><strong>Oportet</strong></span> <span class='ocrx_word' id='word_1_660' title='bbox 3869 3855 3994 3908; x_wconf 77' lang='lat' dir='ltr'><strong>hac</strong></span> <span class='ocrx_word' id='word_1_661' title='bbox 4016 3854 4228 3908; x_wconf 82' lang='lat' dir='ltr'><strong>omnia</strong></span> 
     </span>
    </p>
   </div>
   <div class='ocr_carea' id='block_1_97' title="bbox 2561 3943 4229 4016">
    <p class='ocr_par' dir='ltr' id='par_1_97' title="bbox 2561 3943 4229 4016">
     <span class='ocr_line' id='line_1_97' title="bbox 2561 3943 4229 4016; baseline -0.002 -16"><span class='ocrx_word' id='word_1_662' title='bbox 2561 3945 2633 4000; x_wconf 89' lang='lat' dir='ltr'><strong>ad</strong></span> <span class='ocrx_word' id='word_1_663' title='bbox 2664 3946 2935 4000; x_wconf 89' lang='lat' dir='ltr'><strong>notitiam</strong></span> <span class='ocrx_word' id='word_1_664' title='bbox 2969 3945 3298 3999; x_wconf 85' lang='lat' dir='ltr'><strong>sanctitatis</strong></span> <span class='ocrx_word' id='word_1_665' title='bbox 3342 3952 3455 3998; x_wconf 89' lang='lat' dir='ltr'><strong>tua</strong></span> <span class='ocrx_word' id='word_1_666' title='bbox 3511 3944 3841 4016; x_wconf 86' lang='lat' dir='ltr'><strong>pervenire,</strong></span> <span class='ocrx_word' id='word_1_667' title='bbox 3885 3943 4229 3997; x_wconf 88' lang='lat' dir='ltr'><strong>necessario</strong></span> 
     </span>
    </p>
   </div>
   <div class='ocr_carea' id='block_1_98' title="bbox 2561 4033 4228 4107">
    <p class='ocr_par' dir='ltr' id='par_1_98' title="bbox 2561 4033 4228 4107">
     <span class='ocr_line' id='line_1_98' title="bbox 2561 4033 4228 4107; baseline -0.002 -19"><span class='ocrx_word' id='word_1_668' title='bbox 2561 4036 2802 4089; x_wconf 88' lang='lat' dir='ltr'><strong>mittens</strong></span> <span class='ocrx_word' id='word_1_669' title='bbox 2829 4051 2897 4089; x_wconf 91' lang='lat' dir='ltr'><strong>ea</strong></span> <span class='ocrx_word' id='word_1_670' title='bbox 2928 4034 3060 4088; x_wconf 87' lang='lat' dir='ltr'><strong>illuc</strong></span> <span class='ocrx_word' id='word_1_671' title='bbox 3094 4051 3199 4107; x_wconf 88' lang='lat' dir='ltr'><strong>per</strong></span> <span class='ocrx_word' id='word_1_672' title='bbox 3222 4034 3421 4100; x_wconf 86' lang='lat' dir='ltr'><strong>talem,</strong></span> <span class='ocrx_word' id='word_1_673' title='bbox 3473 4042 3530 4089; x_wconf 91' lang='lat' dir='ltr'><strong>et</strong></span> <span class='ocrx_word' id='word_1_674' title='bbox 3561 4033 3738 4089; x_wconf 87' lang='lat' dir='ltr'><strong>talem</strong></span> <span class='ocrx_word' id='word_1_675' title='bbox 3788 4033 4165 4105; x_wconf 73' lang='lat' dir='ltr'><strong>episcopum,</strong></span> <span class='ocrx_word' id='word_1_676' title='bbox 4201 4055 4228 4080; x_wconf 73' lang='grc' dir='ltr'><strong>»ι</strong></span> 
     </span>
    </p>
   </div>
   <div class='ocr_carea' id='block_1_99' title="bbox 2562 4121 4232 4194">
    <p class='ocr_par' dir='ltr' id='par_1_99' title="bbox 2562 4121 4232 4194">
     <span class='ocr_line' id='line_1_99' title="bbox 2562 4121 4232 4194; baseline -0.001 -18"><span class='ocrx_word' id='word_1_677' title='bbox 2562 4130 2676 4177; x_wconf 92' lang='lat' dir='ltr'><strong>etc.</strong></span> <span class='ocrx_word' id='word_1_678' title='bbox 2720 4125 2781 4177; x_wconf 89' lang='lat' dir='ltr'><strong>Et</strong></span> <span class='ocrx_word' id='word_1_679' title='bbox 2821 4124 3011 4178; x_wconf 88' lang='lat' dir='ltr'><strong>infra:</strong></span> <span class='ocrx_word' id='word_1_680' title='bbox 3044 4147 3068 4170; x_wconf 86' lang='grc'><strong>‹‹</strong></span> <span class='ocrx_word' id='word_1_681' title='bbox 3102 4125 3240 4188; x_wconf 82' lang='lat' dir='ltr'><strong>Qua</strong></span> <span class='ocrx_word' id='word_1_682' title='bbox 3289 4140 3392 4194; x_wconf 90' lang='lat' dir='ltr'><strong>per</strong></span> <span class='ocrx_word' id='word_1_683' title='bbox 3436 4139 3537 4177; x_wconf 88' lang='lat' dir='ltr'><strong>eos</strong></span> <span class='ocrx_word' id='word_1_684' title='bbox 3593 4122 3912 4177; x_wconf 82' lang='lat' dir='ltr'><strong>manifesta</strong></span> <span class='ocrx_word' id='word_1_685' title='bbox 3944 4121 4232 4187; x_wconf 88' lang='lat' dir='ltr'><strong>facimus,</strong></span> 
     </span>
    </p>
   </div>
   <div class='ocr_carea' id='block_1_100' title="bbox 2562 4212 4236 4284">
    <p class='ocr_par' dir='ltr' id='par_1_100' title="bbox 2562 4212 4236 4284">
     <span class='ocr_line' id='line_1_100' title="bbox 2562 4212 4236 4284; baseline 0 -18"><span class='ocrx_word' id='word_1_686' title='bbox 2562 4219 2844 4284; x_wconf 83' lang='lat' dir='ltr'><strong>optamus</strong></span> <span class='ocrx_word' id='word_1_687' title='bbox 2877 4218 2937 4265; x_wconf 92' lang='lat' dir='ltr'><strong>ut</strong></span> <span class='ocrx_word' id='word_1_688' title='bbox 2969 4228 3073 4283; x_wconf 75' lang='lat' dir='ltr'><strong>per</strong></span> <span class='ocrx_word' id='word_1_689' title='bbox 3118 4229 3473 4284; x_wconf 81' lang='lat' dir='ltr'><strong>prosperam</strong></span> <span class='ocrx_word' id='word_1_690' title='bbox 3509 4212 3989 4283; x_wconf 74' lang='lat' dir='ltr'><strong>responsionem,</strong></span> <span class='ocrx_word' id='word_1_691' title='bbox 4040 4225 4236 4281; x_wconf 88' lang='lat' dir='ltr'><strong>quam</strong></span> 
     </span>
    </p>
   </div>
   <div class='ocr_carea' id='block_1_101' title="bbox 2563 4299 4234 4367">
    <p class='ocr_par' dir='ltr' id='par_1_101' title="bbox 2563 4299 4234 4367">
     <span class='ocr_line' id='line_1_101' title="bbox 2563 4299 4234 4367; baseline -0.001 -14"><span class='ocrx_word' id='word_1_692' title='bbox 2563 4317 2670 4354; x_wconf 89' lang='lat' dir='ltr'><strong>vos</strong></span> <span class='ocrx_word' id='word_1_693' title='bbox 2700 4301 2888 4360; x_wconf 83' lang='lat' dir='ltr'><strong>decet,</strong></span> <span class='ocrx_word' id='word_1_694' title='bbox 2924 4301 3032 4355; x_wconf 72' lang='lat' dir='ltr'><strong>tati</strong></span> <span class='ocrx_word' id='word_1_695' title='bbox 3069 4301 3273 4355; x_wconf 85' lang='lat' dir='ltr'><strong>adnos</strong></span> <span class='ocrx_word' id='word_1_696' title='bbox 3292 4305 3560 4367; x_wconf 83' lang='lat' dir='ltr'><strong>redeant,</strong></span> <span class='ocrx_word' id='word_1_697' title='bbox 3593 4299 3911 4354; x_wconf 81' lang='lat' dir='ltr'><strong>laudantes</strong></span> <span class='ocrx_word' id='word_1_698' title='bbox 3938 4300 3993 4354; x_wconf 91' lang='lat' dir='ltr'><strong>in</strong></span> <span class='ocrx_word' id='word_1_699' title='bbox 4036 4300 4234 4353; x_wconf 87' lang='lat' dir='ltr'><strong>omni-</strong></span> 
     </span>
    </p>
   </div>
   <div class='ocr_carea' id='block_1_102' title="bbox 2564 4387 4232 4461">
    <p class='ocr_par' dir='ltr' id='par_1_102' title="bbox 2564 4387 4232 4461">
     <span class='ocr_line' id='line_1_102' title="bbox 2564 4387 4232 4461; baseline -0.001 -18"><span class='ocrx_word' id='word_1_700' title='bbox 2564 4389 2677 4443; x_wconf 91' lang='lat' dir='ltr'><strong>bus</strong></span> <span class='ocrx_word' id='word_1_701' title='bbox 2703 4390 3050 4444; x_wconf 89' lang='lat' dir='ltr'><strong>charitatem</strong></span> <span class='ocrx_word' id='word_1_702' title='bbox 3085 4400 3136 4442; x_wconf 86' lang='lat' dir='ltr'><strong>et</strong></span> <span class='ocrx_word' id='word_1_703' title='bbox 3170 4391 3608 4461; x_wconf 81' lang='lat' dir='ltr'><strong>providentiam</strong></span> <span class='ocrx_word' id='word_1_704' title='bbox 3667 4395 3880 4443; x_wconf 83' lang='lat' dir='ltr'><strong>vestra</strong></span> <span class='ocrx_word' id='word_1_705' title='bbox 3911 4387 4232 4442; x_wconf 69' lang='lat' dir='ltr'><strong>beatitudi-</strong></span> 
     </span>
    </p>
   </div>
   <div class='ocr_carea' id='block_1_103' title="bbox 2561 4476 4229 4550">
    <p class='ocr_par' dir='ltr' id='par_1_103' title="bbox 2561 4476 4229 4550">
     <span class='ocr_line' id='line_1_103' title="bbox 2561 4476 4229 4550; baseline -0.002 -18"><span class='ocrx_word' id='word_1_706' title='bbox 2561 4478 2674 4541; x_wconf 81' lang='lat' dir='ltr'><strong>nis,</strong></span> <span class='ocrx_word' id='word_1_707' title='bbox 2705 4495 2888 4550; x_wconf 88' lang='lat' dir='ltr'><strong>quam</strong></span> <span class='ocrx_word' id='word_1_708' title='bbox 2916 4495 3059 4547; x_wconf 85' lang='lat' dir='ltr'><strong>erga</strong></span> <span class='ocrx_word' id='word_1_709' title='bbox 3094 4480 3298 4532; x_wconf 86' lang='lat' dir='ltr'><strong>sedem</strong></span> <span class='ocrx_word' id='word_1_710' title='bbox 3333 4479 3514 4548; x_wconf 88' lang='lat' dir='ltr'><strong>hujus</strong></span> <span class='ocrx_word' id='word_1_711' title='bbox 3544 4479 3721 4547; x_wconf 83' lang='lat' dir='ltr'><strong>regia</strong></span> <span class='ocrx_word' id='word_1_712' title='bbox 3748 4476 3930 4546; x_wconf 85' lang='lat' dir='ltr'><strong>urbis,</strong></span> <span class='ocrx_word' id='word_1_713' title='bbox 3974 4483 4229 4546; x_wconf 87' lang='lat' dir='ltr'><strong>paterna</strong></span> 
     </span>
    </p>
   </div>
   <div class='ocr_carea' id='block_1_104' title="bbox 2562 4564 4230 4638">
    <p class='ocr_par' dir='ltr' id='par_1_104' title="bbox 2562 4564 4230 4638">
     <span class='ocr_line' id='line_1_104' title="bbox 2562 4564 4230 4638; baseline -0.001 -19"><span class='ocrx_word' id='word_1_714' title='bbox 2562 4583 2801 4638; x_wconf 88' lang='lat' dir='ltr'><strong>semper</strong></span> <span class='ocrx_word' id='word_1_715' title='bbox 2836 4568 3234 4622; x_wconf 74' lang='lat' dir='ltr'><strong>consuevistis</strong></span> <span class='ocrx_word' id='word_1_716' title='bbox 3267 4567 3663 4623; x_wconf 86' lang='lat' dir='ltr'><strong>sollicitudine</strong></span> <span class='ocrx_word' id='word_1_717' title='bbox 3693 4566 3934 4620; x_wconf 89' lang='lat' dir='ltr'><strong>habere.</strong></span> <span class='ocrx_word' id='word_1_718' title='bbox 3970 4586 3996 4612; x_wconf 86' lang='lat'><strong>»</strong></span> <span class='ocrx_word' id='word_1_719' title='bbox 4047 4566 4110 4618; x_wconf 88' lang='lat' dir='ltr'><strong>Et</strong></span> <span class='ocrx_word' id='word_1_720' title='bbox 4137 4564 4230 4618; x_wconf 84' lang='lat' dir='ltr'><strong>in-</strong></span> 
     </span>
    </p>
   </div>
   <div class='ocr_carea' id='block_1_105' title="bbox 2545 4656 4225 4728">
    <p class='ocr_par' dir='ltr' id='par_1_105' title="bbox 2545 4656 4225 4728">
     <span class='ocr_line' id='line_1_105' title="bbox 2545 4656 4225 4728; baseline -0.002 -17"><span class='ocrx_word' id='word_1_721' title='bbox 2545 4656 2740 4711; x_wconf 77' lang='lat' dir='ltr'><strong>.frazu</strong></span> <span class='ocrx_word' id='word_1_722' title='bbox 2791 4658 3012 4711; x_wconf 86' lang='lat' dir='ltr'><strong>Etenim</strong></span> <span class='ocrx_word' id='word_1_723' title='bbox 3062 4659 3233 4712; x_wconf 85' lang='lat' dir='ltr'><strong>sedes</strong></span> <span class='ocrx_word' id='word_1_724' title='bbox 3289 4656 3956 4728; x_wconf 87' lang='lat' dir='ltr'><strong>Constantinopolitana</strong></span> <span class='ocrx_word' id='word_1_725' title='bbox 3987 4661 4225 4725; x_wconf 87' lang='lat' dir='ltr'><strong>patrem</strong></span> 
     </span>
    </p>
   </div>
   <div class='ocr_carea' id='block_1_106' title="bbox 2559 4731 4230 4817">
    <p class='ocr_par' dir='ltr' id='par_1_106' title="bbox 2559 4731 4230 4817">
     <span class='ocr_line' id='line_1_106' title="bbox 2559 4731 4230 4817; baseline -0.001 -17"><span class='ocrx_word' id='word_1_726' title='bbox 2559 4745 2738 4800; x_wconf 88' lang='lat' dir='ltr'><strong>habet</strong></span> <span class='ocrx_word' id='word_1_727' title='bbox 2760 4731 3155 4817; x_wconf 74' lang='lat' dir='ltr'><strong>apostolicam</strong></span> <span class='ocrx_word' id='word_1_728' title='bbox 3181 4746 3466 4801; x_wconf 88' lang='lat' dir='ltr'><strong>thronum</strong></span> <span class='ocrx_word' id='word_1_729' title='bbox 3491 4753 3779 4800; x_wconf 89' lang='lat' dir='ltr'><strong>vestrum.</strong></span> <span class='ocrx_word' id='word_1_730' title='bbox 3809 4743 3971 4799; x_wconf 90' lang='lat' dir='ltr'><strong>Unde</strong></span> <span class='ocrx_word' id='word_1_731' title='bbox 3994 4759 4065 4797; x_wconf 91' lang='lat' dir='ltr'><strong>ea</strong></span> <span class='ocrx_word' id='word_1_732' title='bbox 4083 4758 4230 4814; x_wconf 80' lang='lat' dir='ltr'><strong>qua</strong></span> 
     </span>
    </p>
   </div>
   <div class='ocr_carea' id='block_1_107' title="bbox 2560 4833 4229 4907">
    <p class='ocr_par' dir='ltr' id='par_1_107' title="bbox 2560 4833 4229 4907">
     <span class='ocr_line' id='line_1_107' title="bbox 2560 4833 4229 4907; baseline -0.002 -17"><span class='ocrx_word' id='word_1_733' title='bbox 2560 4837 2616 4890; x_wconf 89' lang='lat' dir='ltr'><strong>in</strong></span> <span class='ocrx_word' id='word_1_734' title='bbox 2641 4844 2845 4890; x_wconf 89' lang='lat' dir='ltr'><strong>sancta</strong></span> <span class='ocrx_word' id='word_1_735' title='bbox 2866 4839 3102 4907; x_wconf 86' lang='lat' dir='ltr'><strong>synodo</strong></span> <span class='ocrx_word' id='word_1_736' title='bbox 3121 4836 3497 4891; x_wconf 83' lang='lat' dir='ltr'><strong>consecutive</strong></span> <span class='ocrx_word' id='word_1_737' title='bbox 3518 4841 3686 4905; x_wconf 84' lang='lat' dir='ltr'><strong>gesta</strong></span> <span class='ocrx_word' id='word_1_738' title='bbox 3707 4842 3844 4888; x_wconf 88' lang='lat' dir='ltr'><strong>sunt</strong></span> <span class='ocrx_word' id='word_1_739' title='bbox 3862 4833 4229 4889; x_wconf 84' lang='lat' dir='ltr'><strong>conﬁrmare</strong></span> 
     </span>
    </p>
   </div>
   <div class='ocr_carea' id='block_1_108' title="bbox 2559 4923 4226 4994">
    <p class='ocr_par' dir='ltr' id='par_1_108' title="bbox 2559 4923 4226 4994">
     <span class='ocr_line' id='line_1_108' title="bbox 2559 4923 4226 4994; baseline -0.001 -16"><span class='ocrx_word' id='word_1_740' title='bbox 2559 4924 2886 4990; x_wconf 84' lang='lat' dir='ltr'><strong>dignemini</strong></span> <span class='ocrx_word' id='word_1_741' title='bbox 2916 4942 2928 4979; x_wconf 89' lang='lat'><strong>:</strong></span> <span class='ocrx_word' id='word_1_742' title='bbox 2960 4942 3068 4979; x_wconf 90' lang='lat' dir='ltr'><strong>nec</strong></span> <span class='ocrx_word' id='word_1_743' title='bbox 3094 4941 3211 4979; x_wconf 93' lang='lat' dir='ltr'><strong>non</strong></span> <span class='ocrx_word' id='word_1_744' title='bbox 3241 4924 3593 4991; x_wconf 64' lang='lat' dir='ltr'><strong>deﬁnitioni,</strong></span> <span class='ocrx_word' id='word_1_745' title='bbox 3619 4924 3692 4978; x_wconf 87' lang='lat' dir='ltr'><strong>de</strong></span> <span class='ocrx_word' id='word_1_746' title='bbox 3715 4939 3836 4994; x_wconf 87' lang='lat' dir='ltr'><strong>qua</strong></span> <span class='ocrx_word' id='word_1_747' title='bbox 3863 4923 4087 4978; x_wconf 93' lang='lat' dir='ltr'><strong>dictum</strong></span> <span class='ocrx_word' id='word_1_748' title='bbox 4111 4927 4226 4990; x_wconf 90' lang='lat' dir='ltr'><strong>est,</strong></span> 
     </span>
    </p>
   </div>
   <div class='ocr_carea' id='block_1_109' title="bbox 2559 5013 3727 5085">
    <p class='ocr_par' dir='ltr' id='par_1_109' title="bbox 2559 5013 3727 5085">
     <span class='ocr_line' id='line_1_109' title="bbox 2559 5013 3727 5085; baseline -0.003 -17"><span class='ocrx_word' id='word_1_749' title='bbox 2559 5013 2742 5084; x_wconf 85' lang='lat' dir='ltr'><strong>hujus</strong></span> <span class='ocrx_word' id='word_1_750' title='bbox 2777 5013 3452 5085; x_wconf 66' lang='lat' dir='ltr'><strong>tionstantinopolitana</strong></span> <span class='ocrx_word' id='word_1_751' title='bbox 3485 5014 3667 5068; x_wconf 87' lang='lat' dir='ltr'><strong>sedis.</strong></span> <span class='ocrx_word' id='word_1_752' title='bbox 3699 5032 3727 5064; x_wconf 79' lang='grc'><strong>›</strong></span> 
     </span>
    </p>
   </div>
   <div class='ocr_carea' id='block_1_110' title="bbox 2634 5102 4226 5174">
    <p class='ocr_par' dir='ltr' id='par_1_110' title="bbox 2634 5102 4226 5174">
     <span class='ocr_line' id='line_1_110' title="bbox 2634 5102 4226 5174; baseline 0 -18"><span class='ocrx_word' id='word_1_753' title='bbox 2634 5107 2696 5157; x_wconf 81' lang='lat' dir='ltr'><strong>Et</strong></span> <span class='ocrx_word' id='word_1_754' title='bbox 2728 5104 2844 5157; x_wconf 89' lang='lat' dir='ltr'><strong>tine</strong></span> <span class='ocrx_word' id='word_1_755' title='bbox 2876 5105 3054 5158; x_wconf 91' lang='lat' dir='ltr'><strong>totius</strong></span> <span class='ocrx_word' id='word_1_756' title='bbox 3101 5103 3237 5157; x_wconf 85' lang='lat' dir='ltr'><strong>dicti</strong></span> <span class='ocrx_word' id='word_1_757' title='bbox 3297 5103 3534 5158; x_wconf 90' lang='lat' dir='ltr'><strong>concilii</strong></span> <span class='ocrx_word' id='word_1_758' title='bbox 3595 5119 3665 5157; x_wconf 81' lang='lat' dir='ltr'><strong>ex</strong></span> <span class='ocrx_word' id='word_1_759' title='bbox 3725 5107 3892 5174; x_wconf 91' lang='lat' dir='ltr'><strong>parte</strong></span> <span class='ocrx_word' id='word_1_760' title='bbox 3946 5102 4226 5156; x_wconf 73' lang='lat' dir='ltr'><strong>omnium</strong></span> 
     </span>
    </p>
   </div>
   <div class='ocr_carea' id='block_1_111' title="bbox 2562 5179 4227 5263">
    <p class='ocr_par' dir='ltr' id='par_1_111' title="bbox 2562 5179 4227 5263">
     <span class='ocr_line' id='line_1_111' title="bbox 2562 5179 4227 5263; baseline 0 -17"><span class='ocrx_word' id='word_1_761' title='bbox 2562 5191 2869 5255; x_wconf 85' lang='lat' dir='ltr'><strong>scribunt;</strong></span> <span class='ocrx_word' id='word_1_762' title='bbox 2902 5195 2986 5247; x_wconf 90' lang='lat' dir='ltr'><strong>sic</strong></span> <span class='ocrx_word' id='word_1_763' title='bbox 3018 5193 3093 5247; x_wconf 87' lang='lat' dir='ltr'><strong>ad</strong></span> <span class='ocrx_word' id='word_1_764' title='bbox 3123 5193 3404 5247; x_wconf 86' lang='lat' dir='ltr'><strong>eumdem</strong></span> <span class='ocrx_word' id='word_1_765' title='bbox 3443 5197 3776 5259; x_wconf 87' lang='lat' dir='ltr'><strong>narrantes,</strong></span> <span class='ocrx_word' id='word_1_766' title='bbox 3809 5207 3944 5263; x_wconf 86' lang='lat' dir='ltr'><strong>qua</strong></span> <span class='ocrx_word' id='word_1_767' title='bbox 3975 5191 4031 5244; x_wconf 87' lang='lat' dir='ltr'><strong>iu</strong></span> <span class='ocrx_word' id='word_1_768' title='bbox 4080 5179 4227 5246; x_wconf 53' lang='lat' dir='ltr'><strong>con;</strong></span> 
     </span>
    </p>
   </div>
   <div class='ocr_carea' id='block_1_112' title="bbox 2559 5279 4226 5350">
    <p class='ocr_par' dir='ltr' id='par_1_112' title="bbox 2559 5279 4226 5350">
     <span class='ocr_line' id='line_1_112' title="bbox 2559 5279 4226 5350; baseline -0.002 -13"><span class='ocrx_word' id='word_1_769' title='bbox 2559 5281 2693 5337; x_wconf 92' lang='lat' dir='ltr'><strong>cilio</strong></span> <span class='ocrx_word' id='word_1_770' title='bbox 2725 5288 2891 5350; x_wconf 84' lang='lat' dir='ltr'><strong>gesta</strong></span> <span class='ocrx_word' id='word_1_771' title='bbox 2918 5290 3076 5344; x_wconf 90' lang='lat' dir='ltr'><strong>sunt,</strong></span> <span class='ocrx_word' id='word_1_772' title='bbox 3110 5288 3165 5336; x_wconf 90' lang='lat' dir='ltr'><strong>et</strong></span> <span class='ocrx_word' id='word_1_773' title='bbox 3195 5282 3715 5336; x_wconf 87' lang='lat' dir='ltr'><strong>conﬁrmationem</strong></span> <span class='ocrx_word' id='word_1_774' title='bbox 3737 5279 4088 5334; x_wconf 85' lang='lat' dir='ltr'><strong>eorumdem</strong></span> <span class='ocrx_word' id='word_1_775' title='bbox 4117 5296 4226 5350; x_wconf 85' lang='lat' dir='ltr'><strong>po-</strong></span> 
     </span>
    </p>
   </div>
   <div class='ocr_carea' id='block_1_113' title="bbox 2560 5370 4200 5440">
    <p class='ocr_par' dir='ltr' id='par_1_113' title="bbox 2560 5370 4200 5440">
     <span class='ocr_line' id='line_1_113' title="bbox 2560 5370 4200 5440; baseline -0.002 -15"><span class='ocrx_word' id='word_1_776' title='bbox 2560 5371 2870 5426; x_wconf 86' lang='lat' dir='ltr'><strong>stulantes.</strong></span> <span class='ocrx_word' id='word_1_777' title='bbox 2910 5371 3118 5426; x_wconf 84' lang='lat' dir='ltr'><strong>Dicunt</strong></span> <span class='ocrx_word' id='word_1_778' title='bbox 3166 5386 3350 5440; x_wconf 87' lang='lat' dir='ltr'><strong>ergo:</strong></span> <span class='ocrx_word' id='word_1_779' title='bbox 3386 5396 3411 5421; x_wconf 82' lang='lat'>«</span> <span class='ocrx_word' id='word_1_780' title='bbox 3469 5371 3817 5426; x_wconf 84' lang='lat' dir='ltr'><strong>Beatissimo</strong></span> <span class='ocrx_word' id='word_1_781' title='bbox 3866 5375 3922 5425; x_wconf 89' lang='lat' dir='ltr'><strong>et</strong></span> <span class='ocrx_word' id='word_1_782' title='bbox 3971 5370 4200 5423; x_wconf 88' lang='lat' dir='ltr'><strong>sanctis</strong></span> 
     </span>
    </p>
   </div>
   <div class='ocr_carea' id='block_1_114' title="bbox 2558 5459 4224 5533">
    <p class='ocr_par' dir='ltr' id='par_1_114' title="bbox 2558 5459 4224 5533">
     <span class='ocr_line' id='line_1_114' title="bbox 2558 5459 4224 5533; baseline -0.001 -18"><span class='ocrx_word' id='word_1_783' title='bbox 2558 5461 2730 5530; x_wconf 92' lang='lat' dir='ltr'><strong>simo,</strong></span> <span class='ocrx_word' id='word_1_784' title='bbox 2775 5483 2801 5508; x_wconf 86' lang='grc'><strong>››</strong></span> <span class='ocrx_word' id='word_1_785' title='bbox 2831 5467 2941 5515; x_wconf 90' lang='lat' dir='ltr'><strong>etc.</strong></span> <span class='ocrx_word' id='word_1_786' title='bbox 2975 5463 3037 5516; x_wconf 91' lang='lat' dir='ltr'><strong>Et</strong></span> <span class='ocrx_word' id='word_1_787' title='bbox 3093 5467 3264 5533; x_wconf 90' lang='lat' dir='ltr'><strong>post:</strong></span> <span class='ocrx_word' id='word_1_788' title='bbox 3299 5483 3326 5508; x_wconf 88' lang='grc'><strong>‹‹</strong></span> <span class='ocrx_word' id='word_1_789' title='bbox 3391 5461 3699 5533; x_wconf 84' lang='lat' dir='ltr'><strong>Repletum</strong></span> <span class='ocrx_word' id='word_1_790' title='bbox 3746 5465 3833 5514; x_wconf 92' lang='lat' dir='ltr'><strong>est</strong></span> <span class='ocrx_word' id='word_1_791' title='bbox 3876 5459 4099 5529; x_wconf 87' lang='lat' dir='ltr'><strong>gaudio</strong></span> <span class='ocrx_word' id='word_1_792' title='bbox 4147 5474 4224 5514; x_wconf 87' lang='lat' dir='ltr'><strong>os</strong></span> 
     </span>
    </p>
   </div>
  </div>
