4468 6440
273 399 378 454 533

1659 384 1938 442 CONTRA
1975 383 2297 444 GRAECOS.

3584 379 3694 440 538

269 524 568 579 nostrum.
601 519 659 572 et
683 515 890 583 lingua
947 514 1154 568 nostra
1211 510 1683 566 exsultatione.»
1735 509 1802 564 Et
1841 509 1932 564 in-
1962 515 2010 566 Α
2043 510 2479 580 ambigutatem
2504 510 2789 568 immisit:
2841 513 3043 569 utrum
3083 510 3360 568 videlicet
3394 510 3498 566 tua
3542 507 3694 565 bea-

272 610 396 665 fra:
425 630 451 657 «
476 609 668 672 Quam
694 604 878 663 ﬁdem
910 607 972 658 tu
1002 601 1184 656 veluti
1215 616 1466 659 aureum
1486 598 1712 654 flumen
1739 613 1935 669 usque

273 697 354 753 ad
379 712 492 753 nos
516 697 813 766 praecepto
851 690 1175 747 conditoris
1221 688 1548 744 deductum
1599 686 1934 753 custodisti,

273 784 561 841 omnibus
577 782 735 838 beati
769 783 914 835 Petri
944 779 1254 849 interpres,
1314 776 1406 831 vel
1445 776 1748 846 expositor
1801 789 1938 829 con-

276 875 537 930 stitutus.
565 872 730 927 Unde
756 884 866 924 nos
894 873 946 922 te
968 872 1260 938 tanquam
1305 869 1611 919 auctorem
1661 863 1803 918 boni
1859 861 1937 917 ad

277 961 591 1017 utilitatem
633 963 882 1022 utentes,
907 960 1128 1011 sortem
1173 953 1436 1009 veritatis
1477 951 1611 1007 ﬁliis
1662 949 1935 1006 Ecclesiae

277 1050 794 1106 demonstramus.
824 1067 845 1094 ι
883 1044 1065 1100 Infra:
1103 1070 1125 1094 ι
1158 1043 1211 1098 Si
1237 1042 1396 1096 enim
1429 1040 1528 1096 ubi
1589 1043 1729 1094 sunt
1790 1041 1932 1107 duo,

277 1138 374 1194 vel
396 1144 513 1195 tres
534 1133 882 1205 congregati
913 1133 973 1188 in
1015 1132 1258 1187 nomine
1287 1131 1438 1199 ejus,
1470 1129 1528 1182 id
1557 1131 1666 1196 est,
1707 1127 1826 1193 Dei,
1856 1127 1936 1181 ibi

278 1226 434 1282 dixit
459 1241 524 1280 se
550 1240 682 1281 esse
712 1224 771 1278 in
824 1221 1043 1287 medio,
1099 1224 1391 1292 quantam
1441 1221 1616 1288 putas
1646 1217 1803 1271 circa
1832 1215 1940 1270 du-

278 1322 486 1371 centos
504 1313 711 1386 viginti
727 1317 1069 1367 sacerdotes
1087 1307 1586 1363 inhabitationem
1602 1304 1933 1372 ostendere,

279 1411 338 1461 et
395 1402 876 1470 familiaritatem,
919 1415 1054 1471 quse
1114 1399 1290 1453 etiam
1371 1397 1448 1460 (9)
1509 1394 1832 1466 patientiae.
1885 1399 1940 1446 et

279 1493 502 1561 labori,
531 1491 876 1560 cognitioni,
910 1503 1044 1559 qua:
1079 1486 1134 1541 in
1168 1483 1542 1539 confessione
1576 1483 1763 1554 ipsius
1794 1496 1942 1552 prai-

280 1585 635 1656 posuerunt,
665 1579 886 1650 quibus
919 1583 981 1630 tu
1012 1576 1212 1646 utique
1235 1581 1298 1628 ut
1323 1578 1504 1644 caput
1526 1570 1940 1626 membrorum

281 1668 656 1744 praesidebas
671 1669 699 1722 τ
723 1685 752 1718 ›

360 1761 427 1813 Et
452 1757 690 1812 infra:«
721 1754 985 1810 Dioscori
1011 1751 1383 1807 Alexandriae
1423 1748 1687 1821 praesulis
1727 1762 1942 1802 causas

2045 599 2255 664 titudo,
2287 614 2358 654 ea
2383 615 2519 670 quae.
2551 600 2612 654 in
2642 601 2878 671 synodo
2911 603 3122 657 sancta
3143 599 3302 656 edita
3332 603 3489 664 sunt,
3550 612 3695 653 con-

2042 686 2387 741 firmaverit.
2416 688 2479 741 Et
2503 692 2744 758 propter
2770 688 2900 743 haec
2932 693 3130 744 vestra
3159 686 3492 742 reverentia
3540 684 3694 740 litte-

2044 789 2143 828 ras
2175 774 2405 828 mittere
2426 774 2722 844 dignetur,
2744 791 2852 847 per
2895 792 3050 848 quas
3091 775 3377 833 omnibus
3425 771 3694 829 ecclesiis

2045 867 2102 916 et
2125 862 2362 934 populis
2393 868 2602 918 notum
2636 863 2727 929 sit,
2752 864 3056 931 universa,
3083 879 3220 936 quae
3250 864 3312 917 in
3337 865 3551 916 sancta
3593 876 3696 932 sy-

2045 951 2207 1006 nodo
2231 956 2399 1020 gesta
2448 957 2606 1020 sunt,
2648 968 2684 1007 a
2730 956 2836 1008 tua
2883 952 3254 1008 beatitudine
3302 965 3432 1007 esse
3480 947 3696 1005 conﬁr-

2046 1045 2227 1096 mata.
2264 1040 2412 1096 Illud
2437 1044 2659 1107 tamen,
2693 1048 2757 1097 ut
2785 1042 3039 1098 decebat
3081 1043 3434 1114 episcopum
3459 1042 3698 1111 aposto-

2044 1128 2171 1183 licae
2203 1129 2384 1194 sedis,
2431 1135 2534 1184 tua
2588 1130 2872 1186 sanctitas
2917 1130 3268 1186 excellenter
3310 1128 3478 1199 dixit,
3529 1125 3698 1199 quod

2047 1218 2484 1275 ecclesiasticos
2514 1235 2776 1276 canones
2812 1236 3198 1286 conservans,
3231 1218 3380 1275 nihil
3424 1217 3502 1273 ab
3547 1215 3684 1272 anti-

2045 1322 2168 1378 qua
2221 1307 2652 1363 consuetudine
2697 1310 2758 1363 in
2801 1308 3178 1364 ordinatione
3220 1307 3363 1364 olim
3420 1305 3602 1372 edita,
3643 1308 3701 1360 et

2048 1395 2361 1460 immobili,
2394 1412 2583 1467 usque
2620 1396 2798 1451 hodie
2852 1395 3270 1468 perseveranti,
3326 1393 3555 1469 aliquid
3597 1407 3702 1466 pa-

2048 1483 2305 1538 tiebatur
2325 1484 2614 1539 diminui:
2648 1507 2676 1533 »
2709 1487 2773 1539 Et
2806 1485 2998 1540 infra:
3033 1507 3060 1533 «
3109 1488 3256 1541 Cum
3309 1487 3511 1539 autem
3560 1497 3676 1536 con

2047 1571 2373 1628 ﬁrmaverit
2390 1573 2744 1629 catholicam
2765 1573 2943 1629 ﬁdem
2965 1577 3021 1629 et
3046 1589 3251 1629 veram
3274 1569 3696 1640 orthodoxam,

2049 1662 2332 1717 noveritis
2365 1661 2850 1718 Chalcedonense
2879 1663 3220 1731 concilium,
3248 1660 3532 1718 omnibus
3579 1659 3699 1731 epi-

2051 1751 2248 1822 scopis
2291 1751 2832 1820 consentientibus,
2877 1751 3062 1807 fuisse
3121 1755 3407 1806 secutam.
3458 1752 3702 1821 Propter

283 1846 678 1919 depositionis
701 1847 1067 1915 exponentes
1095 1842 1246 1895 inter
1268 1838 1456 1894 multa
1501 1836 1826 1891 intulerunt
1867 1834 1942 1889 de
1975 1851 2013 1904 Β
2050 1839 2185 1905 hoc,
2214 1839 2377 1912 quod
2409 1846 2464 1894 et
2497 1847 2595 1894 tua
2644 1841 3086 1910 venerabilitas,
3143 1840 3420 1912 proprias
3458 1845 3516 1894 et
3569 1852 3699 1910 spe-

284 1937 463 1991 vinea
495 1933 745 2002 Domini,
780 1936 834 1987 et
857 1930 1102 1985 custode
1132 1929 1286 1998 ejus.
1329 1931 1581 1997 Insuper
1625 1924 1938 1994 inquiunt:

286 2030 507 2082 Contra
536 2025 736 2095 ipsum
772 2021 962 2075 vinem
1020 2017 1352 2086 custodem,
1405 2015 1508 2086 qui
1555 2029 1590 2068 a
1639 2011 1943 2068 Salvatore

280 2115 610 2186 deputatus
639 2116 728 2165 est
754 2113 976 2169 custos,
1010 2107 1308 2161 insaniam
1337 2119 1508 2158 suam
1541 2100 1819 2165 ostendit,
1855 2099 1941 2154 di-

282 2204 482 2256 cimus
506 2199 722 2255 scilicet
757 2197 1134 2252 sanctitatem
1177 2202 1340 2248 tuam
1364 2199 1420 2247 et
1469 2189 1945 2246 incommunica-

281 2292 466 2346 bilem
500 2305 638 2344 eum
661 2287 765 2358 qui
787 2301 1005 2356 c0rpus
1036 2283 1303 2338 Ecclesiae
1325 2282 1490 2335 unire
1518 2278 1804 2334 sollicitus
1833 2283 1939 2345 est,

280 2382 612 2437 meditatus
640 2377 747 2433 fuit
795 2377 1005 2431 facere.
1045 2397 1070 2422 ››
1110 2372 1350 2428 Etinfra
1377 2389 1387 2424 :
1414 2394 1438 2420 u
1473 2373 1546 2424 Ea
1578 2369 1775 2440 igitur,
1806 2383 1941 2441 quas

277 2470 609 2529 deﬁnimus
639 2466 717 2524 ad
749 2465 1140 2521 remotionem
1185 2463 1364 2517 totius
1426 2457 1813 2520 confusionis,
1864 2456 1941 2511 ad

278 2561 470 2616 robur
492 2573 632 2612 vero
681 2554 1098 2628 ecclesiasticm
1143 2549 1540 2606 ordinationis
1590 2546 1834 2618 propria
1886 2550 1943 2599 et

278 2647 648 2714 amicabilia,
665 2646 741 2702 ad
756 2646 1030 2702 decorem
1049 2657 1336 2710 congrua,
1355 2638 1621 2693 stabilire
1651 2635 1937 2702 digneris,

280 2739 666 2796 sanctissime
698 2741 754 2791 et
779 2733 1120 2790 beatissime
1148 2733 1332 2784 Pater.
1389 2731 1534 2782 Nam
1565 2726 1647 2793 hi,
1699 2725 1804 2796 qui
1850 2723 1940 2778 lo-

282 2846 426 2886 cum
442 2834 611 2884 tuum
633 2825 904 2881 obtinent
920 2818 1287 2877 sanctissimi
1306 2815 1572 2889 episcopi
1588 2813 1940 2869 Paschasius

281 2924 340 2972 et
374 2917 714 2981 Lucentius,
741 2919 796 2968 et
821 2912 903 2979 hi,
937 2910 1040 2982 qui
1073 2925 1206 2963 cuni
1234 2907 1318 2961 eis
1340 2905 1544 2960 directi
1586 2900 1940 2974 presbyteri,

284 3006 628 3063 Bonifacius
654 3010 710 3058 et
744 3001 1010 3070 Basilius,
1046 2998 1219 3053 dictis
1271 2994 1724 3050 deﬁnitionibus
1784 2990 1939 3045 forti-

281 3105 372 3152 ter
394 3096 765 3156 assisterunt,
795 3089 1064 3146 volentes
1094 3101 1364 3159 prorsus,
1397 3092 1457 3136 ut
1490 3083 1601 3136 hoc
1635 3081 1864 3135 bonum
1904 3095 1939 3133 a

281 3192 482 3240 vestra
530 3180 906 3254 providentia
965 3176 1303 3248 incipiatur,
1363 3194 1388 3220 n

281 3273 559 3343 ejusdem
593 3273 694 3326 sic.
734 3267 1082 3340 loquiturm
1129 3265 1196 3318 Ut
1237 3265 1436 3316 autem
1501 3259 1725 3323 sciatis,
1776 3255 1940 3328 quod

280 3379 406 3420 non
441 3362 516 3418 ad
547 3359 824 3430 gratiam.
860 3360 962 3411 aut
988 3354 1061 3410 ad
1086 3352 1291 3408 odium
1318 3349 1634 3403 fecerimus
1664 3345 1943 3415 alicujus,

281 3454 389 3508 sed
448 3458 737 3521 tanquam
768 3447 973 3502 divino
1005 3448 1152 3499 nutu
1185 3438 1498 3510 gubernati
1531 3442 1584 3492 et
1611 3435 1816 3491 directi
1850 3450 1943 3489 su-

283 3559 444 3606 mus,
469 3544 684 3598 cuncta
715 3535 886 3591 vobis
919 3537 1221 3603 gestarum
1246 3543 1443 3583 rerum
1483 3531 1624 3580 nota
1666 3523 1942 3590 facimus,

283 3637 350 3686 ut
383 3647 419 3686 a
451 3628 641 3690 vobis,
675 3642 810 3699 quas
843 3629 1015 3693 gesta
1047 3623 1207 3680 sunt,
1233 3621 1594 3682 statuantur,
1646 3613 1942 3667 roboren-

281 3727 397 3778 tur.
442 3724 498 3774 et
535 3715 963 3772 concedantur.
1004 3734 1029 3758 υ
1073 3707 1296 3763 Pariter
1335 3703 1618 3777 quaedam
1660 3700 1942 3756 consimi-

280 3811 384 3872 lia,
414 3813 522 3864 etc.

359 3899 752 3969 lmperatores
785 3908 923 3949 vero
957 3889 1107 3945 Petri
1151 3885 1563 3941 auctoritatem
1615 3886 1670 3935 et
1718 3895 1949 3934 succes-

282 4005 491 4043 sorum
523 3987 651 4057 ejus
676 3999 794 4039 non
825 3979 1192 4053 ignOrantes,
1220 3975 1296 4030 ad
1339 3972 1622 4028 eumdem
1689 3973 1940 4025 Leonem

280 4079 367 4133 ita
398 4077 702 4132 scribunt:
734 4096 756 4121 κ
790 4072 1050 4126 Victores
1100 4063 1566 4125 Valentinianus,
1612 4065 1667 4114 et
1706 4058 1946 4114 Marcia-

280 4184 416 4231 nus,
484 4163 730 4234 gloriosi
790 4159 1273 4230 triumphatores,
1366 4166 1604 4222 semper
1671 4147 1942 4215 Augusti,

279 4256 660 4313 sanctissimo
744 4251 894 4306 Patri
973 4254 1028 4303 et
1078 4241 1403 4300 venerabili
1486 4238 1946 4309 archiepiscopo

276 4346 461 4402 Leoni
487 4362 498 4398 :
537 4341 966 4398 Beatitudinem
993 4343 1159 4394 tuam
1189 4331 1437 4405 syllabis
1467 4335 1685 4383 nostrae
1733 4326 1946 4380 sereni-

277 4721 392 4759 sua
432 4699 896 4770 magniﬁcentia,
927 4694 1135 4752 omnia
1187 4703 1483 4763 prospera
1528 4689 1585 4740 et
1613 4688 1817 4756 optata
1840 4698 1944 4736 no-

275 4800 400 4848 stro
441 4791 692 4862 imperio
731 4787 1062 4842 concedere
1102 4781 1399 4848 dignetur.
1437 4775 1715 4831 Miramur
1757 4773 1940 4862 maxi-

273 4897 392 4949 me,
423 4860 587 4952 quod
621 4883 754 4950 post
780 4874 1079 4948 synodum
1121 4865 1694 4930 Chalcedonensem,
1751 4866 1806 4915 et
1851 4860 1941 4952 lit-

272 4949 906 5029 teras'venerabilium
945 4963 1395 5034 episcoporum.
1436 4953 1534 5025 qui
1581 4952 1657 5007 ad
1685 4955 1851 5006 tuam
1879 4949 1938 5005 in

272 5062 394 5116 Deo
427 5059 750 5114 amicitiam
798 5057 996 5111 missae
1057 5056 1215 5115 sunt,
1268 5063 1372 5120 per
1423 5060 1574 5120 quas
1631 5041 1838 5097 omnia
1878 5041 1935 5095 in

269 5153 404 5222 ipsa
436 5149 614 5210 facta,
651 5147 818 5201 vobis
841 5143 1296 5200 nuntiaverunt:
1331 5147 1781 5222 nequaquama
1838 5136 1938 5222 tua

229 5280 234 5282 -
269 5217 589 5294 sanctitate
619 5236 764 5292 tales
780 5235 986 5290 litterae
1007 5231 1203 5286 missa;
1225 5233 1382 5292 sunt,
1405 5240 1541 5298 quae
1582 5217 1854 5276 videlicet
1874 5219 1934 5273 in

267 5327 668 5385 sanctissimis
699 5322 966 5383 ecclesiis
1016 5318 1182 5373 lectae
1229 5313 1305 5370 ad
1341 5312 1615 5367 omnium
1660 5309 1932 5363 notitiam

264 5417 674 5490 pervenirent,
737 5427 843 5484 pro
899 5405 1309 5482 quorumdam
1378 5399 1726 5457 animabus,
1795 5410 1931 5467 quae

268 5505 612 5576 Eutychetis
659 5517 908 5574 pravam
955 5498 1154 5554 adhuc
1203 5493 1552 5566 opinionem
1607 5494 1929 5549 sectantur,

339 5696 453 5766 (19)
479 5697 668 5750 Locus
697 5694 1037 5762 corruptus.

1450 3176 1558 3226 etc.
1609 3172 1672 3224 Et
1716 3169 1775 3223 in
1822 3167 1939 3259 ﬁne
1977 3205 2016 3259 Ο

2052 1927 2230 1983 ciales
2264 1928 2636 1984 velocissime
2664 1929 2874 1995 mittat,
2905 1944 3010 2000 per
3030 1944 3183 2001 quas
3212 1927 3569 1983 conﬁrmare
3593 1941 3697 1982 vos

2051 2018 2266 2089 ipsam,
2299 2034 2432 2090 quae
2464 2017 2524 2072 in
2557 2017 3028 2074 Chalcedonensi
3054 2017 3352 2074 celebrata
3377 2021 3486 2084 est,
3517 2031 3700 2088 syno-

2052 2107 2196 2161 dum
2254 2106 2741 2162 manifestissime
2785 2106 3146 2162 ostendatis:
3196 2111 3260 2161 ut
3303 2121 3413 2161 nec
3461 2104 3563 2172 illi,
3595 2104 3700 2176 qui

2051 2195 2412 2263 desiderant,
2435 2195 2906 2265 ignominiosam
2929 2197 3160 2268 possint
3180 2195 3404 2252 habere
3433 2193 3702 2266 aliquam

2052 2284 2458 2354 suspicionem
2491 2283 2808 2355 dejudicio
2839 2289 2952 2340 tum
2998 2283 3322 2339 sanctitatis
3374 2283 3582 2352 gloria,
3641 2281 3703 2337 id

2053 2379 2160 2439 est,
2181 2374 2343 2444 quod
2364 2381 2463 2428 tua
2481 2374 2767 2429 sanctitas
2786 2374 2860 2428 de
2877 2374 2991 2442 his,
3005 2389 3140 2445 quas
3157 2378 3290 2428 acta
3305 2371 3706 2443 sunt,judicat

2051 2479 2182 2517 esse
2213 2463 2558 2518 tenendum.
2586 2486 2613 2511 »
2639 2465 2757 2518 Hoc
2793 2467 2996 2518 autem
3010 2462 3328 2534 dicit,quia
3348 2461 3475 2517 sine
3489 2459 3704 2516 conﬁr-

2052 2552 2316 2608 matione
2339 2568 2535 2624 papre,
2565 2552 2651 2608 vel
2671 2552 3008 2622 legatorum
3026 2551 3179 2622 ejus,
3211 2550 3498 2607 infectum
3523 2565 3704 2620 nego-

2052 2643 2200 2696 tium
2227 2641 2579 2696 habebatur.
2601 2641 2719 2697 Ista
2739 2645 2943 2697 autem
2955 2656 3091 2713 quae
3105 2639 3388 2711 diximus,
3413 2638 3704 2709 colligun-

2053 2735 2146 2784 tur
2174 2746 2246 2785 ex
2280 2732 2344 2784 lV
2371 2729 2643 2785 concili0°

2127 2817 2239 2872 Sed
2256 2834 2329 2871 ne
2354 2817 2660 2888 aliquibus
2683 2816 2979 2879 videatur.
3005 2817 3173 2889 quod
3193 2821 3437 2890 propter
3481 2816 3706 2874 dictam

2053 2907 2486 2972 deﬁnitionem,
2512 2908 2736 2962 editam
2766 2907 2827 2962 in
2857 2911 3193 2963 memorato
3241 2905 3513 2976 concilio,
3557 2905 3707 2979 quid

2052 2996 2326 3051 videatur
2346 2996 2734 3051 imminutum
2755 2995 2829 3050 de
2856 2999 3148 3068 potestate
3173 3011 3368 3068 papas,
3402 2994 3477 3050 de
3499 3009 3707 3050 conse-

2051 3086 2376 3158 quentibus
2392 3085 2678 3150 conciliis,
2695 3101 2830 3158 quae
2845 3085 3034 3140 multo
3048 3085 3496 3157 postcelebrata
3546 3087 3705 3150 sunt,

2053 3175 2257 3248 aliqua
2285 3191 2722 3247 proponamus.
2758 3175 2823 3229 In
2856 3178 3024 3230 sexta
3075 3174 3237 3230 enim
3285 3174 3522 3246 synodo
3571 3173 3706 3244 (20),

2054 3281 2189 3336 quae
2215 3263 2327 3318 sub
2346 3279 2505 3336 papa
2523 3264 2852 3336 Agathone,
2873 3268 3141 3336 tempore
3163 3262 3535 3319 Constantini
3550 3263 3710 3335 prin-

2054 3355 2228 3426 cipis,
2259 3360 2313 3408 et
2355 3351 2622 3417 Heraclii,
2677 3357 2735 3408 et
2780 3351 2992 3408 Tiberii
3031 3351 3285 3409 fratrum
3334 3367 3604 3418 suorum,
3649 3351 3713 3408 in

2057 3443 2201 3497 urbe
2219 3441 2752 3513 Constantinopoli,
2770 3447 2978 3497 contra
2991 3441 3397 3498 Monothelitas
3410 3440 3711 3497 celebrata

2054 3539 2158 3596 est,
2191 3534 2385 3586 Patres
2416 3531 2519 3602 qui
2551 3535 2974 3595 convenerant,
2995 3530 3409 3586 auctoritatem
3426 3529 3712 3602 principis

2057 3621 2472 3693 apostolorum
2491 3635 2613 3675 non
2627 3620 2996 3690 ignorantes,
3015 3619 3089 3675 de
3105 3619 3485 3675 successione
3497 3619 3709 3692 ipsius,

2055 3711 2114 3765 in
2137 3715 2350 3765 octava
2391 3709 2655 3764 sessione
2687 3709 2817 3778 ejus
2837 3708 2968 3764 libri
3003 3708 3146 3764 talia
3169 3708 3431 3764 fatentur
3470 3713 3528 3764 et
3573 3709 3709 3764 scri-

2055 3802 2227 3856 bunt.
2298 3799 2626 3854 Demetrius
2654 3797 2997 3870 [Domitius]
3029 3799 3354 3870 episcopus
3422 3797 3714 3854 Phisiadis

2059 3887 2432 3960 [Prusiados]
2462 3887 2710 3942 civitatis
2757 3887 2841 3944 ita
2874 3887 3046 3943 dicit:
3079 3906 3109 3940 ‹
3140 3886 3545 3944 Relationibus
3566 3887 3712 3942 mis-

2059 3979 2139 4032 sis
2190 3978 2269 4033 ab
2318 3976 2649 4049 apostolica
2689 3980 2745 4032 et
2796 3975 3112 4048 principali
3165 3975 3306 4033 sede
3358 3975 3714 4049 antiquioris

2059 4072 2279 4132 Romae,
2312 4067 2371 4122 id
2399 4071 2484 4121 est
2515 4065 2849 4136 Agathone,
2885 4065 2961 4121 ad
2998 4081 3034 4121 a
3090 4067 3208 4120 Deo
3253 4071 3609 4122 coronatum
3659 4071 3717 4123 et

2058 4158 2443 4212 mitissimum
2461 4156 2776 4211 dominum
2800 4161 3076 4212 nostrum
3102 4170 3392 4225 magnum
3418 4155 3714 4212 Victorem

2056 4248 2502 4318 imperatorem,
2520 4251 2811 4316 tanquam
2844 4261 2876 4299 a
2911 4244 3130 4315 Spiritu
3151 4249 3360 4300 sancto
3381 4244 3576 4310 editis,
3605 4260 3714 4317 per

2056 4352 2124 4390 0s
2158 4336 2366 4400 sancti,
2400 4341 2456 4389 et
2501 4333 2788 4407 principis
2838 4332 3252 4406 apostolorum
3298 4333 3468 4399 Petri,
3515 4338 3573 4388 et
3605 4349 3714 4406 per

2055 4424 2309 4493 digitum
2333 4422 2396 4477 Β.
2424 4422 2724 4477 benedicti
2747 4437 2941 4493 papae,
2963 4421 3292 4492 Agathonis
3315 4421 3572 4494 scriptis,
3598 4437 3710 4493 ego

2055 4515 2367 4578 assentior,
2397 4519 2453 4568 et
2481 4512 2564 4566 sic
2603 4510 2801 4576 credo,
2861 4516 2918 4566 et
2957 4511 3040 4566 sic
3091 4511 3303 4576 sentio,
3349 4509 3500 4566 istas
3553 4510 3712 4567 duas

2056 4609 2292 4658 nostras
2321 4600 2661 4658 voluntates
2689 4599 2751 4654 in
2784 4600 3009 4656 Christo
3039 4599 3239 4656 unitas
3267 4614 3565 4672 personae,
3589 4604 3705 4657 etc.

2128 4693 2292 4756 ltem,
2316 4691 2664 4747 Theodorus
2714 4690 3037 4762 episcopus
3095 4688 3446 4745 Berissensis
3503 4692 3711 4746 Arme—

2052 4781 2193 4836 nias:
2223 4803 2248 4829 ‹‹
2273 4783 2389 4850 Ego
2412 4778 2664 4834 audiens
2680 4777 2999 4834 relationes
3024 4777 3244 4833 missas
3273 4777 3353 4833 ad
3380 4776 3708 4836 Dominum

2052 4875 2324 4925 nostrum
2348 4867 2880 4938 benignissimum,
2916 4883 2952 4923 a
2979 4867 3149 4923 Patre
3174 4871 3404 4933 nostro,
3437 4869 3711 4926 Romano

2050 4976 2213 5033 papa
2234 4961 2565 5030 Agathone,
2591 4963 2648 5014 et
2664 4957 3088 5014 auctoritatum
3106 4971 3243 5028 quae
3265 4956 3324 5011 in
3345 4955 3494 5029 ipsis
3512 4954 3708 5012 ferun-

2049 5057 2161 5113 tur,
2187 5049 2577 5103 intentionem
2605 5046 2888 5118 capiens;
2933 5045 3134 5111 credo,
3165 5045 3319 5100 sicut
3347 5044 3536 5100 credit
3578 5045 3708 5117 ipse

2050 5139 2220 5193 Pater
2251 5144 2450 5192 noster
2496 5153 2654 5209 papa
2710 5135 3064 5208 antiquioris
3117 5137 3342 5191 Romae.
3385 5137 3496 5190 nln
3542 5134 3708 5190 hunc

2048 5227 2298 5283 modum
2331 5243 2542 5282 omnes
2590 5225 2858 5298 episcopi
2898 5230 3334 5296 consurgentes
3387 5223 3702 5280 dixerunt:

2047 5343 2073 5367 «
2105 5322 2219 5374 Nos
2241 5334 2454 5372 omnes
2475 5317 2576 5372 illa
2597 5316 2922 5381 credimus,
2947 5320 3003 5370 et
3024 5314 3189 5370 illam
3204 5314 3388 5370 ﬁdem
3405 5320 3703 5381 tenemus,

2044 5415 2101 5464 et
2129 5409 2303 5462 istam
2338 5408 2665 5479 sequimur,
2698 5429 2716 5454 ι
2754 5409 2863 5462 etc.
2897 5407 2963 5460 Et
2992 5405 3247 5476 peractis
3267 5403 3374 5459 rite
3420 5403 3706 5460 omnibus

2043 5497 2364 5553 referentes
2398 5500 2514 5551 Deo
2541 5497 2782 5565 gratias,
2815 5501 3086 5566 etpapse,
3111 5493 3214 5566 qui
3244 5509 3346 5549 eos
3377 5492 3592 5548 direxit
3626 5493 3706 5548 ad

2113 5678 2231 5747 (20)
2272 5679 2428 5732 Conc
2463 5678 2522 5729 Vl
2558 5681 2675 5731 act.
2704 5676 2755 5727 8.
