4468 6440
789 413 894 469 535

1998 401 2478 462 PANTALEONIS
2496 400 2800 476 .DIACONI
2839 405 2946 463 ΟΡ.

4104 421 4211 477 536

789 535 1024 592 bonum
1071 533 1134 590 in
1175 533 1421 589 laudem
1472 531 1680 604 ipsius,
1730 532 1922 588 totum
1960 529 2281 587 concilium
2331 528 2447 584 ista
2476 527 2524 582 Α
2558 530 2688 583 tur:
2719 531 3011 602 «Propter
3034 547 3222 605 quam
3248 550 3497 596 causam
3518 539 3697 596 nobis
3719 540 4081 610 necessario,
4100 540 4212 598 fra-

791 624 1068 697 scripsit:
1102 645 1130 672 ‹‹
1184 621 1575 678 Sanctissimo
1623 624 1679 676 et
1724 619 2152 686 beatissimo,»
2227 624 2338 675 etc.
2383 621 2448 674 Et

791 713 981 768 infra:
1015 733 1044 762 «
1078 710 1244 768 Unde
1271 714 1326 766 et
1355 725 1466 765 nos
1487 724 1698 765 omnes
1731 708 1857 775 tibi,
1883 713 2176 781 tanquam
2227 707 2446 780 princi-

790 801 915 874 pali
944 801 1071 858 sedi
1103 799 1372 855 Ecclesim
1394 797 1574 853 totius
1605 797 1786 863 orbis,
1839 797 2004 869 quod
2052 800 2286 867 gestum
2336 799 2439 862 est,

792 889 1194 954 attribuimus,
1210 887 1302 943 vel
1316 888 1747 942 committimus
1761 901 1945 958 supra
1956 886 2193 942 ﬁrmam
2208 889 2443 958 petram

789 979 932 1035 ﬁdei
960 977 1159 1044 stanti,
1191 976 1518 1047 litterisque
1540 991 1576 1030 a
1602 980 1789 1031 vestra
1805 975 2170 1031 beatitudine
2202 975 2280 1031 ad
2302 974 2442 1047 piis-

791 1068 1018 1124 simum
1058 1067 1484 1136 imperatorem
1515 1063 1732 1129 missis,
1789 1064 1851 1119 in
1881 1064 2099 1136 quibus
2126 1079 2268 1120 vera
2305 1079 2444 1120 con-

787 1157 970 1214 fessio
993 1156 1346 1219 continetur,
1380 1154 1632 1209 libenter
1665 1155 2100 1220 consensimus,
2124 1171 2261 1226 quae
2320 1160 2444 1211 tan-

789 1261 978 1320 quam
1011 1243 1443 1318 summolapice
1474 1243 1883 1316 apostolorum
1904 1245 2231 1311 enuntiata,
2265 1259 2446 1316 agno-

790 1335 1038 1394 scimus.
1065 1356 1097 1387 ιι

864 1432 1008 1482 ltem
1038 1429 1319 1492 Joannes,
1361 1424 1680 1496 episcopus
1726 1426 2441 1497 Constantinopolitanus,

793 1517 1184 1572 Constantino
1215 1531 1391 1586 papas
1411 1515 1493 1569 ita
1515 1514 1753 1570 scribit:
1781 1537 1808 1563 ‹‹
1836 1500 2241 1581 Ξαηοῐῖεεὶωο,
2273 1538 2299 1564 ››
2331 1521 2442 1572 etc.

792 1605 861 1661 Et
890 1604 1079 1660 infra:
1106 1626 1134 1652 «
1165 1604 1320 1659 Licet
1358 1619 1480 1658 suae
1516 1603 1840 1660 divinitatis
1884 1608 1940 1659 et
1986 1607 2264 1676 potentiae
2293 1605 2444 1660 indi-

794 1694 954 1749 cium
977 1693 1177 1765 ipsam
1198 1691 1679 1761 magnitudinem
1710 1692 2044 1759 creationis,
2069 1695 2280 1765 qumin
2311 1695 2443 1749 visi-

791 1784 1017 1840 bilibus
1042 1787 1148 1849 est,
1178 1783 1380 1854 posuit
1409 1785 1561 1838 Deus
1590 1800 1601 1836 :
1627 1783 1926 1853 praecipue
1965 1788 2167 1839 tamen
2215 1784 2274 1838 in
2318 1800 2444 1856 pre-

793 1873 1124 1928 tiosissima
1162 1870 1426 1926 sensibili
1473 1875 1765 1937 creatura,
1817 1872 1932 1926 hoc
1977 1879 2082 1937 est,
2135 1873 2193 1927 in
2239 1877 2443 1929 nostro
2476 1875 2515 1929 Β

791 1962 1106 2035 plasmate,
1135 1959 1254 2026 illa,
1279 1976 1416 2033 quas
1442 1977 1564 2015 sua:
1597 1960 1799 2029 gloriae
1834 1965 1891 2016 et
1931 1962 2237 2033 sapientiae
2281 1969 2438 2029 sunt,

790 2050 1244 2107 demonstravit.
1275 2052 1356 2105 Ex
1387 2065 1509 2122 quo
1527 2050 1704 2105 etiam
1743 2050 2166 2106 admirandam
2189 2067 2320 2107 esse
2345 2053 2443 2108 Dei

791 2139 1152 2212 sapientiam
1182 2139 1481 2210 Propheta
1512 2139 1870 2195 exclamavit
1896 2140 2046 2210 ipse.
2090 2143 2296 2212 Itaque
2335 2157 2441 2197 no-

789 2235 927 2285 stra:
949 2234 1177 2285 natura;
1210 2227 1493 2285 Conditor
1515 2227 1780 2298 diligenti
1813 2229 2158 2300 operatione
2186 2231 2286 2286 toti
2317 2247 2440 2287 cor-

788 2318 922 2390 pori
953 2322 1134 2389 caput
1159 2317 1510 2389 praeposuit,
1546 2317 1604 2372 in
1645 2333 1769 2388 quo
1810 2318 2256 2389 perfectionem,
2318 2322 2442 2376 sive

787 2408 1188 2478 integritatem
1221 2422 1508 2461 sensuum
1549 2422 1884 2478 apponens,
1921 2407 2044 2463 sive
2085 2409 2438 2477 attribuens,

787 2511 1036 2553 omnem
1066 2495 1205 2550 inde
1243 2495 1613 2566 reliquorum
1661 2495 2073 2552 membrorum
2112 2503 2345 2554 motum
2387 2505 2443 2555 et

785 2584 1216 2656 perfectionem
1239 2583 1367 2638 fieri
1400 2589 1455 2639 et
1491 2584 1831 2639 conservari
1862 2584 2014 2649 fecit,
2041 2585 2122 2640 ita
2154 2594 2217 2641 ut
2248 2587 2291 2640 si
2341 2587 2444 2642 ho-

784 2689 922 2729 rum
936 2672 1182 2744 aliquod
1201 2672 1424 2727 offendi
1439 2673 1765 2741 contigerit.
1790 2677 1892 2729 aut
1905 2673 2020 2729 alio
2035 2673 2217 2730 mozio
2236 2675 2439 2745 afﬂigi,

785 2777 911 2816 non
954 2761 1081 2815 sine
1115 2761 1420 2833 provisine
1463 2776 1673 2815 eorum
1734 2777 1875 2816 cura
1935 2762 2006 2817 sit
2061 2765 2277 2834 posita,
2336 2765 2444 2820 sed

786 2849 970 2907 etiam
994 2850 1056 2905 in
1071 2848 1436 2918 novissimis,
1469 2849 1777 2916 membris,
1801 2851 1924 2905 sive
1945 2850 2166 2906 viribus
2205 2857 2445 2910 natura-

787 2939 909 2994 lem
937 2939 1416 3010 compassionem
1460 2939 1738 3004 ostendit,
1765 2954 1872 3011 per
1894 2955 2184 2995 manuum
2220 2942 2444 2998 submi~

786 3027 1203 3084 nistrationem
1234 3031 1290 3082 et
1319 3027 1632 3083 oculorum
1672 3043 1779 3100 per
1799 3028 2088 3085 visionem
2130 3030 2440 3098 ducatum,

791 3122 1062 3185 sanatur,
1089 3117 1253 3189 quod
1283 3116 1570 3172 amictum
1603 3123 1688 3173 est
1711 3118 1984 3187 etdolet;
2036 3134 2157 3175 non
2201 3121 2443 3190 injuria-

2557 619 2675 672 tres
2704 617 2858 674 adeo
2883 619 3288 693 honorabiles,
3320 634 3678 699 praesentem
3708 629 3964 685 litteram
4005 630 4207 685 maui-

2555 705 2717 762 festae
2748 707 3115 766 certitudinis
3140 713 3416 770 misimus
3450 718 3639 784 vobis,
3691 722 3746 773 et
3799 717 4200 785 ostendimus,

2554 809 2737 866 quam
2762 795 2835 851 sit
2856 795 3238 869 importabile
3256 804 3494 873 pondus
3515 806 3729 877 plagae,
3753 811 3998 878 propter
4037 806 4201 880 quod

2553 889 2609 939 et
2633 899 2824 956 usque
2855 886 2933 942 ad
2964 892 3219 945 vestram
3237 894 3988 963 sanctitatem,secundum
4033 895 4200 967 quod

2553 973 2734 1042 exigit
2761 976 3133 1033 consuetudo
3156 981 3470 1051 synodalis
3500 983 3913 1051 attestationis,
3933 999 4036 1039 seu
4065 1001 4198 1057 pro-

2554 1063 2950 1131 clamationis,
2983 1065 3261 1125 devenire
3290 1071 3736 1144 prohibeamur,
3770 1074 4079 1146 tyrannice
4101 1075 4200 1133 de-

2553 1153 2718 1220 tenti,
2743 1175 2770 1203 »
2788 1165 2898 1217 etc.

2629 1248 2816 1312 Quem
2839 1250 2899 1306 in
2921 1251 3189 1310 favorem
3210 1257 3480 1314 Ecclesiae
3505 1260 3858 1330 ponendum
3892 1260 4199 1317 decretum

2557 1336 2945 1405 Constantini,
2974 1344 3137 1414 quod
3157 1352 3294 1416 post
3325 1352 3628 1420 receptam
3668 1350 3924 1418 gratiam
3962 1350 4023 1406 in
4054 1350 4202 1406 urbe

2556 1426 2827 1483 Romana
2857 1429 3033 1486 beato
3063 1435 3228 1489 Petro
3257 1439 3313 1490 et
3335 1439 3506 1507 Papa:
3530 1438 3982 1494 successoribus
4003 1438 4205 1494 condi-

2557 1513 2662 1583 dit,
2694 1521 2750 1572 et
2773 1523 2894 1574 tam
2943 1522 3158 1576 Latinis
3217 1540 3401 1595 quam
3462 1527 3676 1582 Graecis
3728 1528 3933 1584 litteris
3977 1529 4204 1584 cunctis

2554 1602 2832 1662 ﬁdelibus
2857 1608 2918 1664 in
2948 1615 3171 1668 aeterna
3200 1614 3492 1671 memoria
3515 1615 3768 1691 reliquit.
3807 1618 4017 1674 Scribit
4046 1618 4205 1674 enim

2557 1709 2637 1749 SlC
2663 1712 2676 1750 ξ

2912 1807 3306 1878 Ρνὶυἰίρθίιιηι
3338 1811 3725 1868 Constantini
3753 1814 3892 1883 (22).

2628 1969 2654 1994 «
2679 1950 3086 2006 Necessarium
3108 1952 3452 2022 judicamus
3474 1972 3611 2010 cum
3643 1956 3925 2012 omnibus
3947 1957 4203 2029 satrapis

2553 2037 2773 2091 nostris
2797 2043 2852 2093 et
2879 2044 3001 2094 toto
3032 2042 3327 2113 consultu,
3354 2047 3409 2098 et
3431 2045 3803 2118 principibus
3837 2050 3895 2101 et
3951 2045 4200 2118 populo,

2553 2126 2656 2196 qui
2688 2127 2908 2182 estsub
2935 2135 3225 2200 potestate
3265 2134 3549 2188 Romanae
3599 2134 3900 2202 Ecclesiae,
3951 2140 4014 2190 ut
4054 2135 4206 2192 sicut

2554 2218 2794 2269 sanctus
2822 2219 3023 2272 Petrus
3050 2234 3120 2273 ex
3148 2235 3404 2290 persona
3434 2221 3626 2277 fidelis
3657 2224 3752 2278 Dei
3775 2227 3862 2278 est
3908 2223 3970 2278 in
4028 2227 4202 2291 terra,

2553 2303 2636 2357 sic
2659 2303 2924 2377 episcopi
2953 2311 3008 2361 et
3033 2324 3407 2364 successores
3437 2311 3724 2383 principis
3768 2311 4204 2384 apostolorum,

2552 2397 2905 2464 potestatem
2940 2396 2999 2450 in
3032 2401 3185 2452 terra
3213 2397 3478 2456 habeant
3522 2402 3735 2469 magis,
3785 2417 3972 2473 quam
4022 2402 4208 2474 impe-

2554 2481 2709 2536 rium
2733 2489 3006 2539 nostrum
3039 2485 3241 2555 gloriae
3265 2492 3505 2544 nostra}.
3543 2492 3607 2544 Et
3646 2490 3759 2544 hoc
3791 2507 4147 2546 concessum
4173 2507 4210 2546 a

2553 2572 2753 2640 nobis,
2784 2578 2838 2627 et
2864 2573 2942 2628 ab
2975 2574 3228 2647 imperio
3259 2583 3466 2632 nostro
3494 2583 3549 2634 et
3571 2578 3850 2634 volumus
3878 2595 3988 2636 nos
4011 2581 4210 2652 ipsum

2553 2663 2886 2734 principem
2917 2666 3354 2736 apostolorum,
3372 2672 3426 2722 et
3450 2685 3828 2724 successores
3846 2671 3974 2741 ejus
3995 2685 4060 2724 ex
4082 2686 4210 2742 per-

2556 2767 2701 2806 sona
2723 2753 2871 2823 ejus,
2904 2756 3132 2826 primos
3160 2756 3236 2811 ad
3267 2760 3452 2812 Deum
3487 2761 3685 2813 Patres
3717 2775 3847 2814 esse
3895 2764 3950 2814 et
4005 2759 4210 2815 defen-

2556 2857 2740 2896 sores.
2772 2846 2836 2898 Et
2868 2845 3016 2900 sicut
3048 2846 3375 2918 imperialis
3414 2853 3676 2920 potestas
3717 2853 3921 2904 nostra
3955 2850 4014 2904 in
4057 2855 4213 2905 terra

2554 2937 2868 2988 veneratur
2898 2938 2954 2990 et
2983 2934 3439 3000 honoratur,sic
3466 2937 3784 3007 faciamus,
3811 2943 3873 2993 ut
3897 2943 4213 2994 veneretur

2555 3029 2608 3080 et
2638 3023 2964 3078 honoretur
2994 3027 3264 3082 Romana
3289 3026 3563 3091 Ecclesia,
3590 3031 3646 3082 et
3669 3027 3863 3098 magis
3893 3043 4080 3100 quam
4102 3027 4213 3082 im-

2555 3114 2786 3186 perium
2807 3119 3102 3169 nostrum.
3131 3118 3193 3170 Et
3216 3122 3500 3172 aeternam
3556 3118 3760 3172 sedem
3794 3122 4062 3173 sanctam
4106 3133 4210 3174 ca-

790 3211 905 3274 tur,
934 3207 1205 3279 despicit,
1232 3211 1334 3262 aut
1362 3208 1551 3278 rejicit
1576 3208 1793 3263 horum
1834 3211 2316 3281 cooperationem
2351 3212 2444 3267 vel
2478 3224 2518 3278 C
2558 3203 2832 3259 thedram
2864 3203 3020 3258 beati
3055 3204 3201 3259 Petri
3237 3206 3520 3260 volumus
3575 3206 3895 3276 gloriticari
3954 3214 4011 3261 et
4047 3206 4210 3262 exal-

791 3295 1079 3361 otﬂcium,
1111 3301 1400 3367 tanquam
1422 3296 1644 3352 inutile.
1671 3299 1736 3352 Et
1760 3297 1852 3352 his
1880 3298 2102 3370 itaque,
2136 3316 2268 3370 quae
2290 3301 2447 3356 circa

790 3391 1055 3441 vestram
1080 3387 1464 3457 praesentiam
1489 3392 1649 3452 sunt,
1667 3387 1964 3442 habemus
1991 3388 2333 3459 parabolice
2364 3391 2446 3446 lo-

793 3476 918 3548 qui,
940 3491 975 3530 o
994 3475 1394 3530 sanctissime.
1419 3479 1561 3530 Nam
1579 3492 1717 3530 cum
1737 3478 2265 3547 caputsacerdotii,
2285 3480 2449 3551 quod

793 3564 854 3619 in
887 3564 1116 3619 Christo
1144 3569 1249 3634 est,
1287 3564 1576 3619 canonice
1596 3581 1705 3619 vos
1732 3580 1860 3619 esse
1891 3571 2263 3637 reputamus,
2308 3583 2448 3623 con-

797 3668 941 3722 grue
964 3654 1293 3724 qumrimus
1317 3669 1424 3722 per
1453 3669 1559 3707 vos
1587 3653 1874 3708 auxilium
1907 3653 2122 3721 dolori,
2164 3656 2268 3726 qui
2309 3672 2451 3711 con-

794 3743 987 3812 tingit,
1010 3747 1067 3797 et
1094 3742 1365 3797 tristitize.
1403 3741 1810 3797 Ecclesiastico
1837 3759 1978 3814 ergo
1998 3745 2252 3815 corpori,
2285 3746 2448 3817 quod

796 3832 856 3886 in
889 3831 1064 3886 nobis
1087 3837 1192 3901 est,
1225 3837 1470 3903 propter
1491 3832 1866 3903 pestilentem
1887 3839 1942 3888 et
1960 3834 2300 3890 morbidam
2321 3835 2448 3907 pla-

795 3936 938 3991 gam
969 3921 1312 3976 animarum
1352 3937 1388 3976 a
1445 3922 1760 3992 tyrannica
1802 3927 2094 3994 potestate
2139 3924 2446 3997 inﬂictam,

796 4011 1271 4067 consolationem
1309 4011 1540 4066 mittite.
1579 4014 1823 4067 Prorsus
1871 4014 2031 4068 enim
2053 4014 2279 4069 ratione
2312 4031 2450 4088 pro-

795 4101 1065 4174 prietatis
1094 4101 1324 4172 capitis,
1351 4100 1830 4170 nosinconsulte,
1857 4102 1949 4156 vel
1977 4118 2098 4157 non
2119 4104 2450 4160 voluntarie

794 4189 1131 4246 infirmatos
1179 4206 1298 4244 non
1343 4189 1713 4260 despiciatis,
1760 4207 1956 4262 neque
1998 4191 2366 4248 identitatem
2417 4212 2453 4251 a

795 4284 1016 4335 natura
1045 4278 1234 4349 obliti,
1264 4278 1563 4350 repellatis
1594 4295 1705 4334 nos
1738 4281 1867 4351 (2t),
1899 4280 2000 4335 sed
2040 4283 2232 4350 magis
2256 4282 2451 4353 plagis

793 4369 1015 4426 nostris
1048 4369 1439 4425 condoleatis.
1467 4371 1616 4426 Cum
1640 4371 1800 4424 enim
1829 4374 2061 4439 patitur
2081 4388 2262 4428 tinum
2282 4390 2454 4430 mem-

797 4460 1060 4528 brorum,
1113 4458 1446 4513 secundum
1508 4459 1672 4514 Pauli
1717 4476 1950 4527 vocem,
2010 4464 2456 4530 compatiuntur

2561 3293 2671 3349 tari
2697 3311 2706 3346 :
2729 3292 2938 3347 dantes
2962 3293 3012 3348 ei
3042 3297 3416 3364 potestatem,
3443 3300 3497 3350 et
3521 3295 3724 3365 glorite
3746 3295 4118 3366 dignitatem.
4165 3300 4223 3351 et

2563 3383 2967 3439 discernentes
2990 3383 3296 3437 sancimus
3324 3389 3386 3439 ut
3415 3384 3637 3440 habeat
3665 3388 4020 3456 potestatem
4054 3385 4219 3456 prin-

2566 3472 2840 3544 cipalem,
2877 3479 2932 3527 et
2959 3473 3184 3544 sitipsa
3213 3478 3392 3546 caput
3419 3479 3680 3546 quatuor
3720 3474 3975 3536 sedium,
4001 3473 4226 3531 scilicet

2565 3562 2723 3617 sedis
2755 3561 3151 3627 Alexandriae,
3186 3563 3531 3630 Antiochiae,
3559 3563 4136 3636 Hierosolymorum,
4166 3568 4224 3620 et

2566 3651 3126 3723 Constantinopolis.
3156 3654 3220 3707 Et
3241 3652 3507 3707 similiter
3536 3653 3595 3709 in
3623 3653 3910 3709 omnibus
3944 3652 4222 3709 Ecclesiis

2565 3741 2746 3795 totius
2780 3740 2940 3795 orbis
2970 3741 3307 3813 epiSCOpus,
3343 3743 3444 3813 qui
3475 3749 3563 3798 est
3589 3743 3647 3798 in
3690 3749 3900 3798 sancta
3953 3745 4230 3798 Romana

2565 3829 2825 3887 Ecclesia
2847 3830 3130 3886 sacerdos
3150 3830 3377 3886 mundi.
3405 3833 3467 3886 Et
3483 3831 3779 3904 quidquid
3802 3835 3890 3888 est
3903 3831 3982 3888 ad
3997 3832 4224 3887 sancti-

2562 3927 2766 3985 titem,
2801 3919 2893 3974 vel
2934 3919 3242 3975 utilitatem
3275 3921 3397 3991 Dei,
3422 3926 3478 3976 et
3519 3921 3969 3988 correctionem,
4028 3926 4085 3978 et
4127 3922 4228 3977 fir-

2566 4012 2834 4067 mitatem
2865 4010 3002 4064 fidei
3027 4010 3517 4077 Christianorum,
3550 4015 3615 4066 ut
3642 4011 3718 4066 ab
3745 4013 3875 4085 ipso
3893 4011 4218 4083 judicetur.

2565 4103 2798 4156 Justum
2823 4103 2910 4154 est
2942 4099 3122 4167 enim,
3152 4104 3216 4154 ut
3244 4099 3325 4154 ibi
3350 4105 3561 4155 sancta
3589 4099 3690 4156 lux
3706 4099 3927 4156 habeat
3954 4105 4136 4172 caput
4161 4105 4221 4157 et

2566 4188 2950 4262 principium,
2972 4188 3077 4260 qui
3099 4192 3341 4244 sanctus
3371 4187 3715 4259 Legislator,
3741 4189 3800 4244 id
3823 4193 3929 4256 est,
3955 4188 4226 4245 Salvator

2565 4285 2769 4336 noster
2793 4281 2964 4334 Jcsus
2996 4277 3261 4334 Christus
3290 4277 3464 4334 beato
3499 4278 3870 4349 Petrojussit
3901 4285 4097 4335 tenere
4129 4295 4225 4336 ca-

2565 4369 2862 4432 thedram,
2896 4373 2951 4423 et
2981 4367 3158 4423 etiam
3191 4367 3294 4423 ubi
3326 4368 3670 4440 passionem
3699 4368 3982 4423 sustinuit
4004 4369 4222 4436 crucis,

2565 4467 2619 4516 et
2649 4460 2840 4515 beatae
2871 4459 3077 4514 mortis
3109 4457 3354 4513 calicem
3382 4457 3551 4529 bibit,
3587 4458 3777 4514 factus
3807 4458 4072 4514 imitator
4111 4462 4223 4515 Ma-

791 4549 1008 4604 merito
1035 4551 1237 4604 omnia
1259 4549 1524 4604 membra
1543 4549 1610 4603 ’3.
1641 4551 1805 4603 Nunc
1827 4549 2006 4618 igitur
2032 4555 2087 4606 et
2113 4567 2451 4619 recursum,
2492 4587 2533 4640 Β
2566 4550 2730 4621 gistri
2761 4553 2815 4604 et
2847 4548 3079 4604 Domini
3112 4547 3220 4616 sui,
3269 4553 3323 4602 et
3353 4552 3417 4601 ut
3441 4547 3665 4603 ibidem
3698 4552 3904 4618 gentes
3937 4548 4225 4603 inclinent

793 4637 1001 4710 quoad
1033 4638 1349 4694 sanitatem
1378 4638 1474 4704 sit,
1502 4637 1580 4693 ad
1625 4639 2060 4695 restitutionem
2121 4641 2450 4711 perfectam

791 4727 970 4784 nobis
995 4727 1300 4783 concedite
1323 4727 1673 4798 justissime.
1698 4731 1761 4784 Et
1780 4730 2061 4796 maxime,
2087 4732 2334 4802 quando
2365 4735 2452 4790 in-

790 4821 1045 4876 ﬁrmitas
1072 4821 1452 4875 occasionem
1493 4836 1617 4876 non
1650 4821 1777 4876 sine
1809 4837 1992 4878 causa
2043 4824 2309 4895 corporis
2356 4827 2451 4881 sui

791 4909 1261 4965 stabilimentum
1275 4910 1589 4980 acceperit,
1607 4910 1711 4965 sed
1735 4911 1812 4966 ad
1835 4911 2204 4967 extrinsecus
2242 4919 2450 4970 coacto

789 5003 846 5055 et
872 4998 1641 5070 improvisoimpensa,sive
1665 5015 1876 5054 casum
1902 5017 2077 5056 suum
2093 5003 2448 5072 acceperit.»

858 5090 1078 5145 Postea
1102 5092 1296 5144 mutat
1323 5104 1666 5162 personam,
1709 5089 1852 5162 quia
1881 5089 2145 5162 loquitur
2173 5091 2444 5159 concilio,

784 5179 951 5252 quod
978 5186 1452 5248 congregaverat
1485 5196 1665 5252 papa,
1705 5184 1951 5253 propter
1981 5181 2259 5236 eamdem
2310 5197 2446 5237 cau-

785 5285 936 5338 sam,
972 5268 1046 5323 de
1078 5285 1202 5340 qua
1231 5268 1326 5323 hic
1369 5269 1566 5336 igitur,
1600 5268 1820 5324 scilicet
1848 5275 2092 5341 propter
2122 5271 2443 5326 Iconoma-

780 5358 952 5429 chos,
972 5357 1190 5416 scilicet
1213 5357 1668 5432 impugnatores
1687 5359 2044 5431 imaginum.
2067 5359 2205 5416 inde
2230 5359 2438 5417 subdi-

851 5597 900 5633 ³³
941 5595 1110 5652 lCor.
1139 5611 1242 5660 xu,
1275 5597 1363 5650 29.

853 5721 964 5792 (2t)
1009 5722 1196 5776 Locus
1219 5719 1517 5775 obscurus
1549 5724 1606 5776 et
1631 5719 1989 5776 mendosus.

2532 4639 2760 4712 .capita
2794 4653 2902 4692 sua
2943 4641 3188 4709 propter
3241 4635 3682 4692 confessionem
3741 4637 4006 4692 nominis
4064 4638 4224 4693 Chri-

2567 4730 2662 4793 sti,
2719 4729 2818 4783 ubi
2863 4727 3072 4782 doctor
3117 4742 3326 4781 eorum
3381 4726 3596 4782 beatus
3637 4727 3860 4784 Paulus
3908 4728 4222 4799 apostolus

2563 4823 2808 4892 propter
2840 4818 3136 4872 Christum
3169 4817 3496 4872 extendens
3551 4819 3864 4882 cervicem,
3929 4833 4222 4873 coronam

2562 4908 2832 4980 martyrii
2855 4907 3137 4980 suscepit,
3171 4911 3228 4962 et
3255 4923 3447 4979 usque
3479 4908 3535 4962 in
3570 4906 3750 4963 ﬁnem
3780 4908 3990 4963 mundi
4031 4907 4112 4963 ibi
4138 4925 4228 4963 re-

2561 4999 2802 5071 quirant
2833 4998 3163 5064 doctorem,
3185 4995 3288 5051 ubi
3315 5002 3663 5053 sanctorum
3693 4997 3956 5069 reliquiae
3987 4998 4224 5070 requie-

2561 5091 2752 5145 scunt.
2777 5110 2806 5138 n

2631 5183 2694 5234 Et
2719 5177 2912 5233 infra:
2953 5201 2971 5226 ι
3010 5180 3251 5249 Propter
3279 5177 3394 5232 hoc
3423 5176 3561 5232 utile
3591 5175 3988 5246 aestimamus,
4033 5177 4225 5250 impe-

2557 5270 2710 5324 rium
2730 5273 3000 5324 nostrum
3020 5271 3077 5323 et
3097 5268 3431 5339 potentiam
3456 5267 3690 5340 imperii
3716 5265 3788 5322 ad
3805 5270 4006 5338 partes
4030 5268 4226 5322 orien-

2557 5359 2702 5417 tales
2733 5357 3060 5425 transferri,
3104 5356 3250 5414 etin
3289 5357 3593 5429 regionem
3646 5355 3933 5432 Byzantii,
3986 5356 4044 5414 in
4091 5356 4228 5413 loco

849 5789 965 5868 (22)
1006 5795 1140 5852 Haec
1170 5792 1540 5854 Constantini
1568 5792 1817 5856 donatio
1845 5792 2033 5854 ﬁdem
2059 5808 2186 5857 non
2215 5797 2477 5859 meretur
2517 5797 2577 5858 et
2601 5808 2638 5860 a
2665 5791 2888 5856 criticis
2918 5791 3206 5856 omnibus
3231 5789 3615 5867 reprobatur.
