4468 6440
273 432 380 489 537

1675 424 1951 482 CONTRA
1993 422 2307 480 GR£COS.

3589 418 3693 478 538

273 554 404 612 utili
434 553 733 610 civitatem
754 551 1034 621 condere,
1064 553 1122 608 et
1167 550 1489 624 imperium
1517 555 1793 607 nostrum
1820 550 1926 606 ibi-
1963 555 2008 606 Α
2037 549 2204 622 quod
2229 548 2408 618 legati
2438 547 2608 604 missi
2637 547 2718 604 ab
2746 563 2818 606 ea
2847 546 3424 621 Constantinopolim
3450 560 3693 603 summo

276 646 420 701 dem
450 642 764 700 collocare.
796 641 1094 708 Quoniam
1115 641 1218 696 ubi
1240 645 1327 696 est
1346 639 1709 713 principium
1740 654 1930 696 sacer-

277 735 452 800 dotii,
484 736 540 788 et
569 736 752 804 caput
770 730 1116 788 Christianae
1178 728 1482 799 religionis
1511 745 1548 785 a
1579 731 1730 798 Rege
1757 728 1931 784 caelo-

277 839 416 878 rum
445 818 1094 888 traditum,indignum
1114 822 1221 888 est,
1251 821 1318 874 ut
1367 818 1449 874 ibi
1506 833 1610 875 rex
1661 821 1932 874 terrenus

280 911 508 969 habeat
535 913 914 983 potestatem.
945 931 972 958 ››

357 1003 489 1055 Haec
520 1003 577 1054 et
605 998 701 1054 his
733 997 957 1053 similia
987 1012 1176 1070 quam
1193 995 1455 1069 plurima
1474 996 1853 1053 continentur
1872 996 1933 1052 in

282 1089 444 1145 dicto
473 1086 783 1160 privilegio
811 1086 1198 1154 Constantini,
1227 1085 1394 1158 quod
1439 1085 1518 1142 ad
1558 1086 1851 1141 honorem
1878 1089 1934 1140 et

279 1176 679 1235 reverentiam
709 1180 1104 1232 sacrosancta;
1150 1178 1435 1232 Romanas
1497 1175 1793 1241 Ecclesiae,
1835 1173 1934 1231 illo
1968 1217 1978 1226 .

280 1271 552 1339 tempore
575 1267 798 1321 Gracis
827 1269 884 1321 et
910 1265 1148 1330 Latinis,
1170 1268 1234 1319 ut
1269 1263 1497 1320 dictum
1554 1267 1665 1328 est,
1726 1263 1933 1320 litteris

278 1356 710 1429 promulgavit.
733 1358 852 1411 Hoc
877 1360 1079 1411 tamen
1102 1370 1138 1410 a
1159 1354 1478 1426 semetipso
1527 1370 1649 1410 non
1702 1353 1933 1420 habuit,

281 1447 392 1502 sed
414 1463 553 1501 cum
575 1449 730 1500 esset
747 1450 884 1500 tunc
907 1449 1176 1516 tempore
1212 1443 1784 1507 Christianissimus,
1807 1459 1939 1498 san-

279 1539 516 1590 ctorum
555 1539 953 1590 trecentorum
985 1532 1191 1588 decem
1227 1536 1282 1587 et
1311 1535 1705 1600 octo_Patrum
1745 1531 1940 1587 conci-

276 1624 664 1680 liointeresse
693 1623 910 1678 meruit
939 1621 1031 1678 vel
1070 1621 1332 1685 studuit;
1376 1621 1664 1677 eteodem
1725 1622 1940 1693 Spiritu

279 1728 406 1784 quo
437 1711 626 1784 etipsi
679 1711 859 1784 pleni,
907 1710 1111 1766 sedem
1157 1708 1576 1781 apostolorum
1631 1709 1937 1781 principis,

279 1805 460 1876 prout
492 1802 553 1857 in
583 1800 906 1869 Evangelio
933 1816 969 1856 a
999 1799 1253 1856 Domino
1285 1798 1598 1868 didicerat,
1624 1799 1683 1854 in
1714 1799 1941 1855 honore

2040 654 2178 694 cum
2209 639 2437 694 honore
2459 643 2516 694 et
2539 638 2824 695 laudibus
2852 640 3276 711 reciperentur.
3309 637 3450 694 lnde
3497 641 3608 704 est,
3630 641 3696 693 ut

2041 728 2168 799 ipse
2184 726 2510 799 imperator
2528 727 2602 782 de
2623 742 2781 800 equo
2801 728 3046 800 proprio
3067 726 3592 798 resiliens,equum
3617 725 3696 780 le-

2042 820 2317 886 gatorum
2339 815 2613 888 pedester
2652 819 2908 874 traheret
2942 818 3056 889 (25)
3093 831 3287 889 usque
3309 814 3382 870 ad
3405 811 3694 886 palatium

2041 903 2208 977 quod
2264 904 2673 961 Cardinalium
2721 905 3074 973 vocabatur,
3131 904 3423 960 imitando
3477 898 3699 956 scilicet

2043 993 2453 1050 Constantium
2514 995 2556 1061 Ι,
2645 994 3121 1051 Christianorum
3180 992 3538 1066 principem,
3592 987 3698 1060 qui

2043 1082 2219 1138 beato
2251 1082 2551 1154 Sylvestro
2582 1083 2762 1140 talem
2790 1084 3192 1140 reverentiam
3226 1079 3598 1152 dignoscitur
3620 1077 3699 1132 fe-

2045 1171 2219 1237 cisse,
2253 1176 2430 1242 prout
2455 1172 2515 1227 in
2544 1171 2792 1245 praefato
2819 1171 3129 1244 privilegio
3146 1169 3480 1226 continetur
3509 1164 3700 1222 mani-

2045 1261 2214 1318 feste.
2247 1261 2338 1316 Ait
2357 1260 2548 1320 enim:
2579 1283 2607 1311 ‹‹
2634 1265 2979 1318 Etteneutes
3008 1261 3243 1317 frenum
3274 1260 3425 1330 ejus,
3457 1259 3700 1329 propter

2045 1352 2319 1407 timorem
2356 1357 2412 1406 et
2451 1353 2847 1408 reverentiam
2874 1353 2938 1408 Β.
2988 1352 3154 1418 Petri,
3214 1349 3480 1406 stratoris
3501 1345 3700 1403 ofﬁcio

2048 1441 2140 1496 usi
2167 1457 2399 1508 sumus,
2428 1457 2534 1513 per
2565 1443 2923 1513 scripturam
2943 1441 3252 1515 publicam
3273 1438 3503 1495 cunctis
3527 1437 3700 1491 inno-

2049 1534 2299 1586 tescant.
2344 1552 2361 1581 ι
2409 1530 2574 1586 Unde
2597 1536 2759 1587 tanta
2781 1531 3016 1588 caecitas
3042 1528 3348 1586 modernis
3377 1525 3611 1590 Graacis,
3643 1529 3701 1580 et

2053 1621 2267 1675 mentis
2300 1619 2624 1688 hebetudo,
2649 1626 2711 1676 ut
2740 1621 2964 1687 dicant,
2985 1637 3046 1676 se
3075 1635 3199 1676 non
3247 1617 3430 1676 teneri
3454 1616 3534 1672 ad
3561 1614 3703 1673 obe-

2051 1708 2336 1764 dientiam
2372 1709 2641 1765 Ecclesiae
2674 1709 2964 1765 Romanae
2987 1710 3014 1764 ?

2124 1801 2265 1852 ltem
2292 1813 2659 1870 quaeramus,
2701 1804 2757 1854 et
2785 1799 2901 1871 ipsi
2945 1797 3381 1871 respondeant:
3433 1797 3547 1850 Aut
3569 1792 3701 1849 reli-

280 1892 536 1961 dignam
567 1906 696 1947 esse
725 1891 1006 1947 decrevit.
1030 1890 1112 1945 lbi
1144 1889 1302 1945 enim
1327 1888 1593 1961 praedicti
1619 1889 1810 1945 sancti
1843 1891 1942 1944 Pa-
1975 1905 2014 1958 Β
2053 1888 2180 1960 quit
2203 1887 2441 1942 Petrum
2467 1888 2833 1944 utvicarium
2858 1888 3014 1944 sedis
3040 1903 3188 1956 suae,
3215 1889 3318 1943 aut
3333 1899 3475 1941 non.
3508 1883 3564 1938 Si
3595 1882 3700 1951 sic,

279 1988 400 2037 tres
414 1980 871 2053 praerogativam
893 1979 1247 2049 dignitatem
1279 1977 1548 2033 Ecclesiis
1577 1993 1681 2049 per
1713 1977 1944 2032 univer-

281 2086 421 2126 sum
461 2069 674 2126 orbem
739 2069 1176 2142 dispensantes,
1233 2072 1571 2124 Romanam
1623 2067 1944 2123 Ecclesiam

281 2174 418 2216 esse
436 2163 618 2231 caput
634 2159 907 2215 omnium
929 2158 1324 2215 Ecclesiarum
1360 2157 1418 2211 in
1443 2157 1566 2211 suis
1586 2156 1947 2212 deﬁnierunt

279 2248 593 2304 sententiis
623 2267 634 2316 ;
665 2252 841 2320 prout
871 2248 931 2303 in
980 2246 1380 2320 prmallegatis
1437 2245 1700 2302 conciliis
1749 2261 1948 2301 neces-

277 2338 441 2394 sario
470 2337 922 2409 comprobatur.

357 2426 472 2483 Sed
499 2431 557 2482 et
609 2426 820 2499 reliqui
866 2427 1255 2498 imperatores
1296 2423 1613 2480 orthodoxi
1661 2424 1946 2480 thronum

280 2515 438 2571 Petri
455 2516 738 2571 omnibus
763 2515 893 2570 aliis
915 2516 1321 2588 praeferentes,
1342 2513 1490 2569 tales
1537 2513 1610 2569 de
1633 2513 1768 2585 ipsa
1787 2513 1946 2584 leges

278 2605 724 2662 condiderunt:
762 2605 1122 2672 «Volumus,
1175 2609 1239 2660 ut
1285 2604 1483 2659 omnis
1543 2604 1708 2672 regio
1763 2606 1944 2660 eccle-

280 2695 1007 2751 siasticaconsuetudincs
1024 2699 1304 2751 Romanis
1325 2692 1597 2749 Ecclesiae
1617 2692 1896 2751 imitetur.
1916 2721 1942 2745 υ

279 2787 348 2839 Et
378 2784 593 2840 iterum
621 2801 635 2839 :
664 2807 685 2834 ι
727 2786 951 2839 Dictam
980 2784 1182 2839 sedem
1211 2782 1376 2839 omni
1418 2782 1647 2837 honore
1694 2783 1942 2851 dignam

279 2873 685 2942 decrevimus,
719 2874 863 2946 quia
915 2873 1212 2946 quidquid
1243 2874 1316 2928 ad
1348 2869 1772 2927 correctionem
1804 2873 1944 2930 fidei

281 2969 536 3035 spectat,
571 2964 649 3020 ab
678 2963 779 3019 illa
806 2964 944 3018 sedc
977 2963 1085 3019 fuit
1112 2979 1349 3037 semper
1395 2964 1722 3033 receptum,
1757 2979 1946 3020 corre-

283 3059 450 3109 ctum
473 3059 529 3109 et
558 3054 967 3109 emendatum.
1000 3076 1028 3102 »

359 3147 501 3208 Quae
541 3148 760 3199 cuncta
829 3143 877 3198 si
907 3142 1161 3212 diligens
1210 3143 1394 3200 lector
1432 3146 1727 3202 discutere
1765 3143 1944 3210 volet,

294 3233 561 3289 inveniet
610 3231 713 3288 illa
769 3232 899 3297 tria,
950 3248 1085 3304 qum
1142 3233 1203 3288 in
1249 3233 1543 3307 principio
1573 3236 1740 3291 istius
1765 3234 1949 3306 partis
1980 3259 2020 3315 ρ

293 3321 535 3378 fuerant
563 3322 833 3394 quaesita,
875 3337 1004 3378 esse
1059 3321 1273 3378 soluta.
1326 3324 1608 3381 Videlicet
1658 3341 1779 3396 quo
1807 3330 1952 3378 tem-

291 3427 442 3485 pore
465 3414 737 3467 Romana
789 3411 1046 3468 Ecclesia
1093 3411 1305 3468 habuit
1354 3413 1530 3470 istam
1575 3417 1948 3486 potestatem,

290 3500 388 3556 vel
415 3515 450 3555 a
476 3515 620 3571 quo,
643 3504 700 3556 et
718 3505 918 3555 utrum
943 3515 1124 3570 super
1145 3515 1359 3557 omnes
1404 3502 1834 3571 universaliter,
1858 3500 1954 3556 vel

290 3588 729 3662 particulariter
758 3604 940 3660 super
965 3588 1224 3660 aliquos.
1285 3591 1457 3656 Quod
1515 3592 1730 3648 iterum
1779 3605 1951 3662 repe-

286 3682 489 3735 tentes
506 3677 763 3733 dicimus
791 3695 806 3732 :
833 3677 1006 3743 Quod
1024 3679 1439 3736 auctoritatem
1463 3680 1676 3737 habuit
1697 3677 1956 3736 Ecclesia

289 3783 330 3826 a
353 3768 605 3838 Christo,
638 3767 941 3824 mediante
974 3771 1160 3837 Petro,
1194 3770 1288 3825 cui
1320 3786 1465 3827 cura
1495 3770 1769 3827 omnium
1788 3767 1954 3840 spiri-

293 3856 548 3914 tualium
590 3857 926 3929 specialiter
947 3857 1033 3913 sin
1044 3858 1365 3932 gulariterq
1376 3875 1445 3915 ue
1469 3860 1578 3916 fuit
1599 3858 1952 3915 commissa:

296 3947 746 4003 exsecutionem
765 3951 963 4002 tamen
1010 3949 1341 4019 potestatis,
1367 3948 1839 4005 velauctoritatis
1854 3947 1958 4003 ha-

290 4036 393 4093 bet
418 4035 678 4092 Ecclesia
697 4051 730 4090 a
752 4036 952 4108 primo
969 4036 1224 4092 concilio
1246 4039 1446 4093 Nicaeae
1466 4038 1763 4094 celebrato
1811 4037 1951 4106 (23):

289 4126 354 4183 in
372 4141 499 4198 quo
522 4141 907 4198 unaquaeque
942 4126 1111 4182 sedes
1141 4127 1480 4183 secundum
1504 4128 1640 4200 plus
1656 4133 1711 4183 et
1731 4127 1955 4194 minus,

288 4216 590 4272 honorem
626 4215 703 4271 ab
735 4215 1029 4287 apostolis
1059 4221 1386 4288 receperat,
1413 4222 1470 4272 et
1492 4217 1691 4272 minus
1715 4217 1820 4272 fuit
1845 4217 1958 4288 pri-

288 4305 572 4374 vilegiata
606 4310 662 4360 et
719 4304 1012 4361 exaltata:
1072 4305 1428 4377 dignitatem
1483 4323 1625 4362 vero
1666 4311 1723 4361 et
1749 4310 1956 4378 poten-

287 4393 440 4450 tiam
463 4393 857 4465 temporalem
876 4394 1445 4466 recepitaﬁdelibus
1470 4394 1952 4468 imperatoribus,

289 4484 396 4557 qui
432 4488 757 4555 atempore
791 4486 850 4537 Β.
879 4483 1180 4555 Sylvestri,
1235 4499 1343 4555 pro
1370 4500 1442 4539 ea
1467 4485 1745 4556 publicas
1792 4484 1955 4552 leges

288 4572 766 4646 promulgantes,
795 4573 847 4628 ei
875 4588 1084 4645 pacem
1120 4573 1436 4630 dederunt.
1482 4575 1665 4646 Unde,
1703 4580 1757 4630 et
1780 4574 1955 4629 donis
1987 4602 2030 4654 υ

287 4661 630 4730 largissime
651 4663 876 4727 dotata,
899 4662 1000 4732 jus
1029 4678 1205 4716 suum
1239 4662 1420 4718 libere
1445 4678 1623 4735 super
1644 4679 1875 4732 omnes,
1902 4668 1957 4718 et

289 4751 520 4822 ubique
544 4766 614 4809 ex
636 4756 777 4806 tunc
809 4750 991 4823 cmpit
1020 4752 1360 4807 extendere.
1392 4752 1556 4809 Unde
1590 4757 1646 4808 et
1671 4753 1822 4808 duos
1854 4769 1956 4824 pa—

291 4841 583 4898 triarchas
615 4840 908 4903 Photium,
933 4846 986 4896 et
1008 4840 1339 4912 quemdam
1387 4841 1572 4898 alium
1599 4844 1708 4912 (24)
1729 4843 1789 4899 in
1807 4842 1954 4898 urbe

289 4929 959 5001 Constantinopolitana
1036 4929 1396 5002 deposuisse
1446 4929 1839 4999 dignoscitur,
1902 4933 1959 4985 et

289 5019 599 5094 quosdam
622 5019 772 5076 alios
797 5019 1384 5075 excommunicasse.
1412 5023 1535 5076 lmo
1557 5020 1614 5075 in
1639 5025 1854 5075 cuncta
1872 5034 1956 5073 re-

289 5110 558 5166 verentia
581 5108 792 5166 habita
813 5113 904 5165 est
925 5114 1063 5165 ante
1092 5109 1360 5165 schisma
1393 5112 1568 5166 sedes
1599 5109 1954 5181 apostolica,

362 5282 478 5348 (23)
508 5280 629 5336 Hoc
656 5295 806 5335 sano
840 5295 1021 5334 sensu
1045 5279 1236 5351 accipi
1267 5279 1464 5335 debet.
1503 5282 1680 5336 Srsw.

365 5353 484 5422 (24)
523 5351 875 5424 Αγηῐὴὶωυω
902 5352 1156 5424 forsan,
1188 5351 1267 5407 ab
1292 5358 1566 5424 rAgapeto
1609 5352 1955 5424 depositum

289 5423 677 5499 temporibus
695 5423 1042 5499 Justiniaqi,
1065 5423 1255 5499 voluit
1287 5423 1574 5499 indicare.
1607 5423 1773 5499 Usen.

364 5495 475 5568 (23)
512 5495 770 5569 Romani
795 5495 1112 5569 pontifices
1139 5495 1655 5569 Constantinopoli
1685 5513 1826 5569 suos
1854 5495 1958 5553 ha-

289 5566 852 5642 biare_responsales_
878 5567 1001 5624 sive
1055 5566 1663 5642 apocrisiarios,_'sed
1706 5568 1788 5625 illi
1832 5583 1957 5642 non

291 5638 655 5712 dicebautur
679 5639 879 5712 legati,
919 5654 1031 5696 nec
1083 5638 1702 5712 fueruntcardinales,
1755 5655 1867 5697 nec
1895 5640 1959 5699 id

293 5728 332 5787 ρ.
361 5710 763 5787 temporibus‘
786 5711 1178 5768 Constantini.
1231 5711 1339 5787 sed
1389 5712 1704 5787 Justiniani
1730 5711 1958 5787 potius

290 5783 659 5846 institutum.
685 5786 800 5844 Nec
830 5788 974 5844 tunc
1000 5783 1292 5859 temporis
1332 5784 1628 5859 palatium
1659 5783 1780 5846 fuit
1827 5800 1958 5845 car-

2054 1977 2351 2032 habemus
2377 1977 2776 2049 propositum,
2803 1982 2860 2033 et
2886 1982 3083 2033 cessat
3110 1976 3308 2032 omnis
3351 1972 3623 2047 quaastio,
3649 1975 3705 2028 et

2058 2083 2272 2122 sumus
2304 2067 2364 2122 in
2392 2083 2559 2139 pace.
2585 2067 2642 2122 Si
2675 2083 2832 2123 non:
2885 2067 2991 2123 sed
3040 2067 3252 2123 eadem
3278 2065 3531 2132 ratione,
3559 2063 3705 2135 quia

2057 2159 2259 2212 Petrus
2285 2171 2404 2211 non
2433 2156 2802 2230 relinquitur,
2826 2172 2936 2212 nec
2967 2156 3258 2220 Andreas,
3284 2169 3393 2211 nec
3421 2151 3701 2218 Jacobus,

2058 2261 2167 2301 nec
2198 2246 2417 2319 aliquis
2444 2245 2594 2302 alius
2622 2247 2948 2318 apostolus.
2979 2246 3142 2302 Unde
3174 2260 3316 2315 ergo
3346 2244 3408 2298 in
3447 2241 3706 2299 Ecclesia

2059 2334 2376 2390 multitudo
2403 2335 2656 2401 sedium,
2693 2340 2747 2391 et
2771 2335 3129 2405 dignitatum
3157 2333 3491 2398 diversitas,
3552 2335 3608 2386 et
3636 2330 3706 2385 li-

2059 2424 2240 2492 gandi
2267 2429 2445 2496 atque
2468 2425 2730 2480 solvendi
2760 2425 2994 2481 animas
3019 2429 3182 2480 tanta
3203 2427 3467 2496 potestas
3490 2422 3518 2475 ?
3542 2419 3706 2475 Unde

2056 2513 2234 2568 etiam
2267 2513 2924 2585 Constantinopolitano
2981 2511 3220 2586 praesuli
3255 2515 3419 2568 tanta
3455 2508 3546 2566 vel
3575 2507 3708 2564 talis

2055 2608 2344 2673 potestas,
2380 2605 2537 2658 unde
2567 2603 2729 2659 dicat
2769 2620 2832 2659 se
2865 2604 3127 2674 primum
3157 2607 3293 2674 post
3341 2615 3586 2673 papam,
3618 2597 3710 2654 vel

2056 2708 2237 2763 super
2293 2693 2441 2748 alios
2494 2694 2868 2765 patriarchas
2926 2694 2954 2748 ?
2996 2693 3109 2750 Sed
3166 2692 3390 2757 dicunt,
3449 2688 3616 2762 quod
3675 2703 3712 2745 a

2057 2781 2344 2837 conciliis.
2379 2781 2490 2838 Sed
2512 2783 2766 2838 concilia
2815 2781 3019 2838 sedem
3075 2781 3245 2850 Petri,
3287 2783 3466 2853 prout
3511 2782 3711 2834 osten-

2057 2887 2190 2925 sum
2224 2875 2330 2939 est,
2361 2871 2488 2926 aliis
2519 2872 2860 2945 praeferunt.
2896 2872 3060 2928 Unde
3109 2871 3320 2927 beatus
3372 2868 3710 2941 Stephanus

2054 2964 2178 3028 νέος,
2224 2959 2284 3015 id
2325 2965 2434 3025 est,
2469 2977 2657 3016 novus
2696 2966 2926 3033 martyr
2955 2960 3214 3032 (supple,
3245 2960 3359 3028 his,
3391 2957 3496 3030 qui
3531 2971 3712 3012 voca-

2056 3050 2204 3105 bant
2231 3066 2369 3105 eum
2399 3051 2474 3105 ad
2507 3052 2818 3123 quoddam
2852 3051 3072 3107 falsum
3103 3050 3442 3116 concilium)
3468 3061 3711 3119 respon-

2056 3140 2177 3196 dit:
2206 3164 2233 3191 α
2267 3141 2581 3206 Quomodo
2605 3146 2802 3197 vestra
2832 3140 3103 3212 synodus
3129 3138 3491 3195 universalis
3538 3151 3714 3192 voca-

2058 3229 2321 3294 bitur,in
2365 3245 2486 3301 quo
2535 3232 2809 3284 Romano
2860 3245 2982 3284 non
3028 3228 3254 3301 placuit
3294 3225 3555 3300 praesuli,
3586 3225 3713 3279 sine

2060 3335 2182 3392 quo
2212 3318 2584 3391 impossibile
2615 3322 2702 3374 est
2722 3334 2991 3391 prorsus,
3023 3334 3119 3372 res
3149 3315 3585 3372 ecclesiasticas
3608 3329 3714 3368 ca-

2061 3407 2327 3463 nonizari
2355 3409 2382 3463 ‘?
2415 3429 2442 3457 ››
2474 3407 2635 3463 Istud
2665 3407 3071 3464 testimonium
3101 3406 3396 3461 invenitur
3433 3402 3713 3476 passione

2064 3513 2173 3552 sua
2195 3496 2572 3553 conﬁrmare.
2604 3499 2669 3553 Et
2689 3497 2917 3569 alioqui
2969 3496 3273 3552 inﬁrmare
3312 3498 3449 3550 ante
3486 3494 3714 3562 legatos

2062 3603 2185 3643 non
2224 3592 2458 3660 poterat
2513 3586 2855 3655 concilium,
2896 3603 3006 3642 nec
3049 3584 3403 3657 congregari
3449 3581 3716 3638 similiter

2066 3676 2195 3730 sine
2227 3690 2526 3731 consensu
2556 3691 2754 3749 papae.
2792 3677 2942 3746 Ergo
2981 3680 3039 3730 et
3087 3677 3392 3730 Romanus
3448 3670 3715 3743 pontifex

2064 3764 2245 3821 habet
2271 3769 2628 3837 potestatem
2653 3764 2920 3821 similiter
2940 3763 3384 3839 principalema
3408 3759 3672 3818 conciliis
3697 3776 3713 3826 ;

2066 3861 2122 3911 et
2145 3853 2284 3910 inde
2306 3859 2370 3910 ut
2399 3855 2584 3926 prius.

2141 3944 2194 4001 Si
2226 3959 2367 3999 vero
2395 3943 2686 3999 dixerint:
2736 3945 2853 3999 Nos
2880 3946 3233 4016 reputemus
3285 3957 3423 3998 eum
3479 3953 3718 3995 excom-

2068 4034 2440 4090 municatum
2453 4033 2858 4088 ethaereticum
2884 4033 3054 4106 :quia
3078 4031 3379 4089 addiditin
3396 4027 3714 4103 Symbolo:

2070 4123 2376 4194 Filioque;
2403 4127 2456 4177 et
2479 4121 2614 4177 ideo
2637 4137 2758 4177 non
2789 4121 3144 4178 obediemus
3177 4121 3231 4177 ei
3260 4122 3394 4192 ('26).

2141 4215 2282 4267 item
2310 4209 2598 4282 qumritur
2623 4209 2700 4265 ab
2749 4209 2864 4264 eis:
2921 4213 2983 4266 In
3035 4225 3159 4282 quo
3206 4207 3482 4272 concilio,
3531 4205 3720 4262 autin

2068 4316 2191 4373 qua
2221 4300 2456 4372 synodo
2484 4305 2681 4354 tantus
2737 4303 2948 4371 pastor
2977 4303 3033 4354 et
3095 4301 3260 4354 Pater
3318 4296 3589 4352 Ecclesiae
3616 4294 3725 4350 fuit

2065 4389 2376 4456 convictus
2399 4389 2472 4444 de
2495 4387 2815 4444 mendacio
2833 4393 2888 4444 et
2913 4387 3143 4452 hzei‘esi,
3165 4385 3474 4443 communi
3491 4390 3724 4440 senten-

2069 4481 2147 4535 tia
2173 4478 2643 4536 condemnatus:
2674 4494 2809 4550 quas
2845 4493 2982 4532 cum
3010 4477 3324 4532 ostendere
3364 4490 3487 4530 non
3518 4480 3722 4546 potuc-

2067 4573 2223 4632 runt,
2257 4569 2403 4641 quia
2432 4583 2746 4640 nunquam
2796 4566 3020 4622 factum
3061 4570 3166 4632 est,
3222 4564 3496 4632 dicimus,
3556 4561 3725 4636 quod

2068 4658 2299 4713 etiamsi
2333 4673 2538 4711 verum
2591 4659 2767 4721 esset,
2814 4654 2979 4728 quod
3028 4654 3081 4710 ei
3125 4654 3472 4726 imponitur,
3524 4657 3724 4708 tamen

2066 4747 2286 4804 falsum
2300 4750 2405 4816 est,
2429 4744 3364 4818 sicutsuprademonstravimus.
3387 4747 3725 4816 Antequam

2067 4839 2462 4893 convincatur
2517 4833 2928 4908 principaliter
2988 4849 3094 4906 per
3134 4832 3476 4899 concilium,
3522 4834 3730 4889 manet

2070 4941 2507 4999 semperpenes
2539 4941 2679 4982 eum
2722 4924 3087 4989 auctoritas;
3141 4939 3253 4980 nec
3309 4922 3488 4979 debet
3530 4921 3726 4991 vitari,

2070 5017 2175 5072 sed
2198 5032 2410 5072 omnes
2437 5019 2712 5071 tenentur
2764 5014 2816 5070 ei
2866 5014 3132 5082 obedire,
3187 5028 3523 5087 quousque,
3581 5012 3730 5067 sicut

2067 5107 2352 5176 diximus,
2384 5106 2445 5162 in
2466 5123 2573 5161 sua
2595 5105 2914 5178 praesentia
2937 5110 3334 5176 cognoscatur
3357 5118 3563 5160 causa.
3606 5102 3729 5160 Hoc

2068 5277 2396 5341 dinalium;
2431 5277 2654 5349 quippe
2685 5291 2806 5349 nou
2842 5275 2902 5332 in
2923 5275 3158 5349 {edibus
3200 5273 3479 5349 propriis,
3540 5274 3647 5330 sed
3667 5274 3729 5330 in

2071 5350 2294 5422 palatio
2322 5347 2488 5422 regio
2511 5347 2871 5422 habitabant
2890 5347 3284 5422 apocrisiarii,
3338 5350 3616 5422 utupatet
3659 5362 3728 5402 ex

2069 5417 2323 5496 epistola
2344 5417 2554 5496 Phocea
2583 5420 2663 5477 ad
2694 5417 3041 5496 Gregorium
3071 5421 3371 5496 Magnum.
3399 5417 3513 5496 Nec
3539 5417 3731 5496 ullum

2068 5490 2324 5568 occurrit
2354 5493 2648 5568 palatium
2679 5491 3078 5568 cardinalium
3107 5491 3287 5568 apud,
3316 5490 3732 5568 Constantino-

2113 5567 2276 5625 olim.
2326 5562 2442 5638 Nec
2472 5565 2732 5638 denique
2750 5564 3014 5638 mostuit
3033 5562 3507 5638 imperatoribus
3532 5567 3730 5622 tantos

2113 5583 2276 5625 011m.
2326 5583 2442 5623 nec
2472 5583 2732 5638 denique
2750 5583 2882 5620 [D05
2905 5583 3014 5620 ῐυιῐ
3033 5583 3128 5637 ιω]

2067 5583 2331 5699 Εοηονθε
2357 5637 2570 5710 legatis
2598 5636 2924 5710 deferendi.
2963 5639 3128 5694 Basu.

2141 5711 2260 5786 (26)
2279 5709 2453 5770 Deest
2471 5709 2811 5784 responsio.
