4468 6440
781 405 884 461 539

2026 404 2512 462 PANTALEONIS
2550 406 2836 464 DIACONI
2873 408 2980 465 CP.

4086 410 4190 463 540

780 527 1002 584 docent
1022 527 1297 596 concilia,
1326 527 1478 584 ratio
1533 526 1707 584 docet
1726 531 1785 584 et
1822 528 2106 597 suggerit,
2147 533 2204 584 et
2250 505 2504 584 cano-HA
2537 532 2744 593 tasset,
2783 530 3133 602 compulsus
3171 536 3262 587 est
3308 532 3628 604 pradictus
3687 547 3851 605 papa
3895 546 4188 602 magnum

779 632 887 673 nes
915 615 1307 689 compellunt.
1331 616 1496 674 Unde
1545 616 1604 671 in
1634 621 1851 688 quarto
1880 616 2134 672 concilio
2180 617 2428 688 patriar-

779 708 894 766 cha
930 707 1367 764 Alexandrinus
1413 707 1751 776 Dioscorus,
1791 714 1850 762 et
1901 707 2197 779 Eutyche:
2241 708 2427 763 archi-

778 797 1101 868 mandrita,
1145 812 1285 852 cum
1317 811 1424 868 per
1470 811 1646 851 suam
1690 795 2099 852 facinorosum
2150 796 2428 852 haresim

777 886 974 942 forent
1000 885 1363 958 deponendi,
1389 890 1526 941 ante
1555 889 1758 941 tamen
1780 885 1964 941 latam
1987 887 2345 942 sententiam
2375 890 2434 942 et

777 991 1025 1032 causam
1048 975 1374 1044 cognitam,
1398 973 1713 1031 manifeste
1733 973 1866 1030 loca
1893 990 2004 1029 sua
2032 979 2352 1030 tenuerunt
2370 974 2429 1029 in

775 1063 1049 1129 concilio,
1077 1069 1138 1119 et
1155 1077 1397 1134 semper
1423 1063 1794 1120 venerabiles
1813 1064 2048 1129 Patres,
2101 1067 2154 1119 et
2177 1069 2430 1119 sanctis-

774 1154 910 1210 simi
934 1153 1331 1208 vocabantur.

767 1271 770 1274 ~
849 1242 992 1297 Cum
1032 1242 1212 1310 igitur
1266 1256 1377 1296 nec
1416 1240 1478 1296 in
1521 1240 1638 1297 hoc
1696 1255 1758 1296 se
1847 1241 2084 1312 possint
2146 1255 2434 1296 excusare

775 1330 980 1392 Graci.
1030 1330 1189 1386 unde
1241 1335 1350 1394 est,
1409 1329 1577 1402 quod
1640 1344 1677 1386 a
1731 1333 1922 1384 matre
1965 1329 2222 1384 Ecclesia
2269 1335 2433 1386 tanto

782 1426 1055 1491 tempore
1111 1419 1478 1486 recedentes,
1519 1418 1709 1477 redire
1751 1419 1826 1474 ad
1872 1418 2279 1474 obedientiam
2312 1425 2431 1474 tam

782 1508 1086 1565 obstinato
1140 1510 1347 1564 animo
1416 1514 1694 1563 recusant
1736 1508 1763 1560 ?
1827 1509 1974 1562 Puto
2029 1507 2194 1579 quod
2246 1507 2436 1576 longi‘

775 1599 1031 1654 turnitas
1114 1597 1405 1668 temporis
1491 1597 1649 1655 hanc
1747 1596 2073 1652 cacitatem
2139 1595 2433 1651 interioris

782 1684 1747 1744 hominisinduxiteis.Transacti
1799 1690 1940 1742 sunt
1987 1685 2147 1741 enim
2195 1690 2432 1756 trecenti

773 1777 1079 1844 octoginta
1127 1775 1268 1830 anni
1331 1779 1388 1828 et
1443 1772 1728 1844 amplius,
1803 1779 1867 1828 ut
1933 1772 2208 1842 creditur,
2269 1773 2432 1844 quod

2539 617 2818 674 Carolum
2839 619 2914 674 de
2941 619 3176 675 Gallicis
3218 620 3490 692 partibus
3533 636 3807 685 evocare,
3856 622 3994 676 etin
4025 622 4190 676 italia

2539 708 2962 778 imperatorem
2990 709 3368 777 constituere,
3392 714 3449 765 et
3470 710 3741 766 Ecclesia
3789 710 4190 766 defensorem.

2541 797 2762 852 Etenim
2809 803 2937 851 erat
2956 797 3053 852 ille
3092 799 3228 862 Leo,
3273 802 3336 853 ut
3384 797 3618 867 legitur,
3668 798 3842 854 valde
3881 798 4192 869 voluptuo-

2539 903 2662 951 sus,
2687 891 2744 942 et
2767 885 2902 942 ideo
2932 887 2992 941 in
3016 887 3302 955 regimine
3334 887 3568 959 imperii
3620 888 3714 944 sui
3765 887 3940 944 valde
3985 887 4191 943 remis-

2541 990 2661 1028 sus.
2699 974 2862 1029 Unde
2893 991 3001 1029 suo
3051 981 3318 1046 tempore
3373 977 3652 1032 Saraceni
3709 976 3967 1048 Syriam,
4023 975 4192 1032 Turci

2540 1078 2679 1121 vero
2731 1062 3183 1135 Cappadociam
3231 1063 3640 1132 obtinuerunt,
3681 1069 3739 1120 et
3764 1065 3852 1119 sic
3895 1064 4057 1120 facta
4104 1067 4195 1118 est

2541 1150 2754 1206 divisio
2786 1151 3021 1222 imperii
3049 1153 3324 1210 Romani.

2616 1240 2892 1296 Secunda
2923 1242 3164 1296 occasio
3188 1240 3496 1298 divisionis
3518 1241 3648 1307 fuit,
3696 1241 3843 1313 quia
3892 1255 4018 1297 non
4064 1245 4193 1298 tue-

2543 1328 2890 1384 runtvocati
2925 1328 3003 1384 ad
3039 1329 3360 1385 concilium
3376 1329 3924 1400 Ultramontanum,
3943 1328 4194 1401 quando

2544 1415 2638 1471 illa
2664 1415 2879 1474 dictio:
2935 1418 3226 1489 Filioque,
3265 1417 3374 1472 fuit
3410 1419 3712 1490 apposita.
3764 1420 4002 1485 Verum,
4052 1419 4198 1489 quia

2545 1508 2816 1577 superius
2837 1521 3080 1562 causam
3106 1507 3494 1576 signavimus,
3530 1507 3625 1562 hic
3658 1507 4050 1562 subticemus.

2612 1597 2802 1652 Tertia
2827 1597 3068 1653 occasio
3089 1596 3212 1662 fuit,
3259 1612 3446 1668 quam
3486 1596 3600 1668 ipsi
3642 1595 3974 1667 aliquando
4021 1595 4198 1652 nobis

2541 1685 2604 1740 in
2661 1685 2937 1742 familiari
2975 1685 3275 1757 colloquio
3309 1686 3788 1754 assignaverunt,
3827 1685 4050 1742 scilicet
4100 1702 4194 1740 su-

2542 1774 2734 1845 perba
2771 1775 2950 1830 nimis
2996 1777 3230 1831 exactio
3275 1774 3608 1844 legatorum
3658 1789 3854 1844 papa.
3908 1773 4196 1830 Dicebant

769 1863 930 1920 istud
962 1863 1226 1920 schisma
1249 1869 1306 1920 et
1327 1862 1683 1918 scandalum
1726 1862 1906 1933 coepit
1933 1863 2097 1918 oriri.
2143 1861 2257 1917 Sed
2277 1878 2430 1917 nun-
2473 1861 2512 1914 Β
2543 1880 2807 1935 namque
2861 1865 2976 1934 (27)
3038 1863 3377 1924 referentes.
3443 1862 3609 1934 quod
3677 1862 3929 1934 quando
4016 1861 4193 1932 legati

770 1952 914 2025 quid
943 1958 1184 2024 tempus
1207 1951 1560 2024 prajudicat
1581 1951 1639 2006 in
1663 1951 1880 2006 talibus
1901 1951 1929 2006 ?
1945 1951 2067 2006 imo
2092 1955 2256 2006 tanto
2304 1965 2424 2006 ma-

770 2041 866 2112 gis
891 2041 972 2097 rei
1004 2040 1363 2107 schismatis,
1403 2039 1568 2108 apud
1626 2054 1882 2094 examen
1913 2040 2120 2095 aterni
2166 2038 2412 2103 iudicis,

767 2134 999 2202 quanto
1049 2129 1295 2186 indulta
1372 2129 1734 2201 panitentia
1794 2128 2164 2200 temporibus
2203 2127 2422 2197 ingrati

768 2217 1137 2285 abutuntur;
1169 2217 1500 2290 praesertim
1522 2233 1660 2272 cum
1709 2215 2054 2282 semel,bis,
2112 2223 2218 2281 ter,
2276 2217 2426 2271 sicut

766 2307 831 2363 in
853 2307 1066 2363 Gracia
1086 2310 1463 2378 reperiuntur
1491 2304 1770 2366 historiis,
1796 2320 1902 2376 per
1924 2304 2156 2374 legatos
2205 2307 2421 2360 Itoma-

767 2410 861 2451 na
883 2395 1082 2461 curia,
1107 2401 1164 2453 et
1202 2410 1394 2467 nuper
1441 2410 1548 2466 per
1593 2393 1800 2449 fratres
1837 2393 2024 2449 nostri
2067 2393 2314 2459 ordinis,
2367 2398 2423 2448 et

766 2484 999 2540 Fratres
1031 2485 1282 2546 Minores
1308 2488 1574 2554 tempore
1606 2481 1870 2552 Gregorii
1913 2483 1980 2539 lx
2018 2497 2211 2554 papa,
2245 2499 2274 2539 υ
2311 2497 2421 2539 suo

764 2588 964 2630 errore
993 2573 1211 2630 fuerint
1239 2571 1490 2628 dulciter
1542 2571 1842 2627 revocati:
1879 2578 1941 2626 ut
1989 2571 2257 2636 tandem,
2287 2570 2422 2627 licet

764 2677 920 2729 sero,
959 2662 1037 2720 ad
1079 2662 1280 2717 sinum
1333 2660 1542 2727 matris
1600 2659 1872 2715 Ecclesiae
1919 2661 2254 2726 redeuntes,
2297 2676 2418 2715 uno

763 2765 888 2820 ore,
920 2751 1198 2823 quamvis
1218 2750 1464 2806 diversis
1489 2765 1778 2804 sonorum
1810 2747 2079 2817 vocibus,
2105 2748 2416 2804 benedice-

761 2854 967 2896 remus
989 2840 1206 2912 pariter
1244 2838 1706 2910 Redemptorem
1733 2842 2004 2892 nostrum
2026 2839 2228 2892 Jesum
2261 2838 2418 2894 Chri-

762 2933 941 2987 stum.
975 2931 1195 3001 quiest
1241 2927 1594 2982 benedictus
1639 2927 1698 2982 in
1762 2925 1983 2982 sacula
2031 2925 2413 2981 saculorum.

759 3023 972 3082 Amen.
1303 3055 1314 3064 .

837 3110 1079 3173 Constat
1107 3123 1249 3176 ergo
1277 3123 1347 3162 ex
1388 3107 1481 3164 his
1507 3123 1643 3179 qua
1666 3105 1825 3162 dicta
1877 3109 2054 3167 sunt,
2083 3104 2250 3176 quod
2300 3106 2414 3159 Ito-

2541 1954 2761 2006 summi
2785 1952 3080 2024 pontiﬁcis
3097 1953 3175 2008 ab
3196 1953 3327 2024 ipsa
3350 1951 3492 2011 sede
3523 1951 3859 2022 apostolica
3879 1953 4192 2016 annuatim

2538 2042 3118 2114 Constantinopolim
3142 2042 3403 2097 chrisma
3455 2040 3828 2108 deferebant,
3874 2042 3992 2096 nisi
4033 2046 4192 2096 octo-

2537 2132 2703 2199 ginta
2729 2131 2916 2186 libras
2943 2133 3137 2188 auria
3161 2131 3320 2186 clero
3369 2135 3426 2185 ot
3481 2129 3646 2184 urbis
3677 2128 3929 2201 populo,
3977 2134 4192 2201 prater

2534 2219 2650 2276 alia
2685 2221 2848 2275 dona
2877 2227 2935 2276 et
2989 2220 3352 2275 munuscula
3392 2219 3621 2275 eisdem
3679 2219 4190 2290 impenderentur,

2534 2325 2648 2364 non
2675 2309 3055 2364 recedebant.
3085 2312 3273 2365 Taceo
3295 2323 3428 2377 age,
3461 2307 3724 2374 aiebant,
3750 2307 3825 2363 de
3857 2322 4103 2379 pompa,
4138 2313 4195 2363 et

2532 2399 2839 2469 superbia,
2862 2414 3045 2470 quam
3091 2399 3204 2470 ipsi
3234 2397 3655 2453 ostendebant.

2601 2488 2824 2552 Quarta
2847 2503 2986 2544 vero
3016 2494 3072 2543 et
3097 2487 3434 2558 potissima,
3457 2491 3756 2558 quantum
3804 2484 3882 2540 ad
3940 2485 4188 2550 clerum,

2529 2575 2637 2630 fuit
2661 2575 2955 2647 depositio
2988 2576 3172 2632 Photii
3200 2577 3579 2648 patriarcha,
3609 2581 3663 2630 et
3703 2573 4192 2630 excommunica-

2529 2665 2827 2735 tioipsius,
2870 2674 2925 2722 et
2965 2665 3218 2721 aliorum
3236 2665 3641 2736 pralatorum,
3691 2670 3747 2718 et
3775 2662 4190 2736 quorumdam

2527 2754 2838 2812 abbatum.
2874 2754 2986 2810 Sed
3018 2754 3319 2826 numquid
3351 2755 3480 2809 hac
3509 2752 3912 2809 sufﬁciuntad
3943 2767 4190 2807 excusa—

2528 2844 2752 2898 tionem
2779 2843 2922 2898 tanti
2954 2843 3316 2909 schismatis,
3352 2850 3405 2898 et
3437 2841 3836 2914 perditionem
3862 2845 3946 2897 tot
3961 2841 4192 2895 anima-

2525 2948 2658 2986 rum
2682 2932 2708 2985 ?
2731 2933 2968 2987 Minime
3024 2933 3137 2989 Sed
3157 2956 3184 2982 ‹‹
3217 2931 3598 2988 occasionem
3629 2947 3738 3002 pro
3767 2931 3920 2985 facto
3949 2930 4186 3001 quarit,

2524 3020 2776 3092 quivult
2807 3022 3083 3076 recedere
3145 3022 3223 3076 ab
3262 3023 3478 3076 amico.
3505 3044 3526 3069 ι
3559 3020 3673 3075 Sed
3723 3019 3869 3092 quid
3921 3020 4190 3091 sequitur

2525 3111 2581 3164 in
2608 3111 2956 3165 auctoritate
2978 3111 3004 3165 ?
3027 3111 3203 3166 Omni
3219 3119 3501 3178 tempore,
3527 3110 3722 3181 inquit
3737 3107 4044 3176 Salomon,
4074 3110 4187 3163 erit

760 3212 982 3258 manus
1007 3196 1272 3268 pontifex
1301 3201 1484 3268 caput
1519 3201 1607 3251 est
1661 3195 1932 3252 omnium
1993 3193 2414 3263 Ecclesiarum.
2454 3205 2494 3260 C
2524 3201 2909 3256 exsecrabilis
2936 3201 3000 3266 “,
3035 3201 3093 3254 id
3123 3207 3229 3264 est,
3273 3199 3553 3256 vitandus
3603 3198 3681 3254 ab
3726 3197 4035 3263 omnibus,
4087 3210 4187 3252 de-

759 3285 882 3341 sive
945 3284 1292 3352 universalis
1340 3284 1612 3339 Ecclesia
1669 3299 1806 3338 cum
1863 3298 1987 3338 una
2040 3282 2135 3346 sit,
2179 3287 2237 3336 et
2290 3297 2412 3336 non

759 3373 986 3446 plures,
1009 3389 1443 3445 successorque
1492 3373 1642 3427 Petri
1665 3378 1721 3428 et
1766 3371 2022 3427 vicarius
2086 3371 2184 3426 Dei
2214 3371 2274 3425 in
2309 3377 2414 3424 ter-

758 3463 869 3528 ris;
897 3469 954 3518 et
981 3464 1034 3519 ei
1057 3471 1349 3536 tanquam
1373 3463 1487 3532 ipsi
1511 3461 1766 3520 Domino,
1806 3465 2042 3532 oportet
2092 3459 2322 3527 ﬁdeles,
2353 3460 2412 3514 in

756 3551 995 3625 hisqua
1020 3551 1352 3608 secundum
1374 3554 1562 3608 Deum
1591 3556 1748 3619 sunt,
1771 3549 1984 3606 devote
2007 3555 2065 3604 et
2106 3549 2413 3607 humiliter

758 3641 1022 3697 obedire.
1059 3644 1169 3697 Eos
1202 3658 1361 3708 vero,
1395 3642 1497 3713 qui
1544 3641 1977 3696 contumaciter
2028 3641 2412 3710 impugnant,

759 3731 1029 3803 etipsam
1062 3731 1264 3788 sedem
1299 3731 1569 3788 Ecclesia
1593 3747 1712 3786 non
1741 3735 2016 3785 asserunt
2044 3745 2179 3784 esse
2210 3736 2410 3801 caput,

761 3821 1521 3894 sicutjamapontiticibus
1564 3820 1833 3892 ejusdem
1887 3819 2045 3875 sedis
2102 3818 2414 3874 decretum

758 3916 866 3976 est,
893 3911 1291 3966 anathematis
1323 3901 1524 3980 gladio
1555 3909 1843 3982 percussi,
1899 3924 2037 3963 cum
2098 3907 2328 3975 Dathan
2359 3916 2414 3962 et

759 3999 982 4054 Abtron
1001 4000 1344 4057 schismatis
1366 4001 1716 4065 incursuros
1736 3998 1994 4053 dicimus
2017 3996 2406 4069 dispendium

756 4086 1164 4170 damnationis
1191 4096 1450 4157 atema.

1084 4204 1168 4259 De
1193 4209 1458 4274 quatuor
1483 4206 1678 4258 causis
1707 4201 2065 4257 schz‘smati‘s.

831 4319 1059 4374 Causas
1086 4335 1226 4375 vero
1257 4319 1379 4374 sive
1410 4318 1824 4374 excusationes
1856 4314 2195 4370 schismatis
2225 4315 2412 4370 credi-

757 4422 894 4463 mus
922 4425 1054 4464 esse
1083 4415 1362 4482 quatuor.
1392 4408 1583 4464 Prima
1617 4407 1723 4462 fuit
1769 4406 1982 4461 divisio
2027 4405 2284 4476 imperii.
2323 4405 2410 4459 Li-

758 4503 850 4552 cet
879 4499 1039 4552 enim
1067 4499 1478 4570 imperatores,
1502 4495 1604 4568 qui
1635 4494 1972 4564 regnabant
1996 4493 2412 4549 Constantino-

757 4586 900 4659 poli,
933 4591 1069 4660 post
1098 4603 1394 4642 recessum
1431 4583 1801 4642 Constantini
1834 4583 1912 4638 ab
1940 4582 2086 4637 urbe
2120 4584 2408 4647 Romana,

755 4691 866 4749 pro
915 4693 986 4731 eo
1022 4678 1182 4748 quod
1254 4681 1445 4731 totum
1511 4674 1886 4730 contulerant
1925 4671 2219 4739 Ecclesia,
2261 4673 2414 4727 sicut

757 4782 941 4838 supra
967 4766 1254 4832 diximus,
1286 4765 1514 4820 nullum
1535 4765 1633 4835 jus
1663 4763 1949 4818 haberent
1981 4763 2038 4815 in
2093 4760 2276 4826 italia,
2330 4761 2414 4815 in-

756 4853 994 4909 terdum
1019 4858 1218 4909 tamen
1249 4853 1471 4924 ubique
1495 4856 1916 4925 regnaverunt.
1966 4849 2075 4905 Sed
2100 4865 2236 4904 cum
2261 4849 2414 4903 infra

761 4944 988 5000 italiam
1022 4961 1214 5016 usque
1246 4944 1320 4999 ad
1356 4946 1606 4999 Romam
1631 4941 1893 4996 barbara
1934 4955 2080 5009 gens
2128 4940 2412 5000 irruisset,

754 5041 811 5089 et
843 5040 1120 5089 summus
1149 5025 1412 5106 pontifex
1439 5032 1726 5087 auxilium
1752 5029 2130 5102 imperatoris
2183 5029 2412 5092 Leonis,

756 5124 863 5195 qui
895 5129 1021 5180 erat
1070 5121 1609 5194 Constantinopoli,
1651 5121 2024 5192 requisisset,
2082 5125 2138 5173 et
2175 5117 2269 5172 ille
2315 5134 2414 5173 ne-

754 5214 1045 5286 gligenter
1065 5212 1627 5284 agendo,auxilium
1658 5217 1942 5283 prastare
1965 5207 2236 5264 Ecclesia
2257 5206 2414 5263 refu-

832 5334 880 5367 ’δ
915 5331 1090 5388 Prov.
1127 5347 1327 5398 xxviii,
1359 5332 1410 5385 9.
1441 5330 1489 5363 ³⁵
1524 5331 1633 5383 lsa.
1667 5343 1815 5392 xxxv,
1849 5330 1902 5380 2.

823 5448 938 5521 (27)
963 5447 1184 5504 Eadem
1219 5462 1468 5521 prorsus
1508 5444 1616 5521 fuit
1649 5442 1903 5521 _l.utheri
1943 5445 1999 5496 et
2046 5440 2411 5521 Lutherano-

751 5511 888 5576 rum
918 5511 1061 5592 olim
1091 5511 1612 5592 querela,quando
1628 5515 2023 5592 defectionem
2051 5511 2130 5568 ab
2146 5513 2411 5592 Ecclesia

753 5584 1191 5658 moliebantur;
1221 5584 1426 5662 iniqu'a
1461 5600 1726 5662 prorsus,
1773 5585 2055 5651 mendax,
2102 5590 2160 5639 et
2180 5584 2407 5640 calum-

753 5665 929 5721 niosa
955 5663 1498 5736 utrobique.‘8rsw.

825 5738 941 5808 (28)
974 5736 1072 5791 llic
1121 5725 1248 5793 er‘at
1291 5734 1456 5792 ﬁnls'
1486 5735 1772 5789 tractatus
1805 5727 2094 5785 adversus
2141 5725 2399 5794 Gracos,

2526 3296 2765 3360 spectus
2823 3296 2879 3344 et
2941 3290 3120 3357 vilis;
3174 3289 3340 3363 quod
3383 3304 3647 3361 praesens
3691 3288 3820 3342 dies
3875 3286 4100 3342 indicat
4126 3287 4187 3341 in

2524 3378 2789 3434 ecclesiis
2848 3381 3207 3435 Graecorum.
3291 3383 3436 3434 Nam
3486 3379 3936 3433 incarcerantur
3977 3391 4187 3430 eorum

2525 3469 2716 3522 clerici
2744 3475 2800 3523 et
2830 3470 3135 3533 monachi,
3169 3460 3321 3523 sicut
3358 3468 3552 3524 cateri
3584 3467 3808 3531 rustici,
3857 3472 3913 3521 et
3934 3464 4188 3536 popula-

2523 3573 2616 3612 res
2651 3562 2990 3613 exactiones
3013 3564 3070 3613 et
3093 3558 3352 3630 pedagia
3400 3558 3552 3613 ﬁunt
3603 3571 3786 3628 super
3827 3571 3952 3620 eos,
3979 3570 4187 3626 quem-

2524 3647 2856 3702 admodum
2881 3664 3060 3719 super
3101 3649 3311 3704 laicos.
3375 3653 3432 3701 ut
3488 3661 3695 3700 verum
3759 3646 3854 3709 sit,
3887 3644 4055 3716 quod
4080 3658 4190 3715 per

2525 3737 2884 3808 prophetam
2913 3738 3196 3808 scriptum
3219 3742 3308 3791 est
3333 3753 3345 3790 ε
3378 3736 3544 3791 Sicut
3568 3735 3849 3803 populus,
3881 3735 3966 3788 sic
3993 3747 4187 3788 sacer-

2523 3826 2626 3879 dos
2659 3827 2725 3878 ’3.
2760 3826 3063 3881 Translata
3087 3826 3420 3897 estquippe
3439 3825 3630 3894 gloria
3659 3824 3737 3878 ab
3771 3825 3854 3878 eis
3905 3821 4184 3877 sacerdo-

2526 3915 2680 3984 talis,
2704 3917 2962 3986 dignitas
2983 3925 3044 3972 et
3077 3915 3483 3971 ecclesiastica
3539 3914 3782 3969 libertas
3811 3914 3873 3967 in
3922 3919 4188 3969 contem-

2524 4012 2691 4076 ptum
2726 4008 2985 4062 redacta.
3023 4011 3169 4062 Nam
3225 4022 3362 4076 qua
3414 4005 3540 4060 vult
3585 4005 3732 4074 ipse,
3779 4003 3886 4075 qui
3927 4004 4188 4074 imperat

2521 4096 2844 4180 instituere,
2870 4097 3152 4159 instituit;
3206 4105 3465 4167 etquem
3500 4093 3627 4149 vult
3647 4093 3971 4164 deponere,
4019 4090 4180 4145 simi-

2520 4184 2648 4253 liter
2678 4185 2943 4256 deponit.
2970 4189 3033 4239 Et
3063 4185 3292 4239 merito.
3323 4185 3392 4239 Ut
3431 4183 3535 4254 qui
3589 4183 3841 4237 subesse
3909 4180 4186 4235 Ecclesia

2521 4277 2807 4328 Romana
2839 4280 2893 4330 et
2915 4275 3187 4346 personis
3217 4272 3638 4330 ecclesiasticis
3669 4276 4186 4342 contempserunt,

2521 4364 2876 4433 subjaceant
2905 4381 3062 4419 nunc
3095 4364 3260 4419 laicis
3285 4361 3659 4434 principibus
3713 4363 3802 4414 vel
3857 4360 4045 4414 inviti.
4081 4363 4186 4416 Re-

2521 4460 2891 4518 cognoscant
2935 4454 3281 4508 distantiam
3333 4451 3656 4510 servitutis,
3691 4455 3749 4506 et
3795 4449 4185 4507 dominorum

2441 4556 2488 4612 ι)
2523 4542 2685 4596 orbis
2735 4549 3022 4598 terrarum
3085 4549 3141 4596 et
3207 4545 3648 4605 convertantur,
3696 4545 3753 4594 et
3821 4538 4082 4593 clament
4105 4538 4184 4594 ad

2523 4634 2864 4696 nominum,
2889 4639 2944 4687 et
2966 4649 3272 4686 summum
3295 4630 3664 4701 pontificem,
3686 4635 3740 4683 et
3761 4627 3971 4683 liberet
3990 4643 4114 4683 eos.

2599 4725 2727 4775 llac
2750 4729 2948 4776 autem
2968 4721 3186 4791 scripta
3212 4727 3352 4775 sunt
3370 4735 3531 4774 anno
3563 4717 3792 4773 Domini
3841 4716 4181 4782 millesimo,

2524 4811 2938 4865 ducentesimo
2964 4809 3471 4882 quinquagesimo
3503 4806 3772 4863 secundo
3829 4822 3890 4861 in
3944 4806 4183 4862 civitate

2525 4899 3090 4971 Constantinopolis,
3141 4917 3176 4954 a
3225 4899 3510 4954 fratribus
3566 4895 4078 4962 l’radicatoribus,
4103 4897 4182 4952 ad

2523 4991 2980 5050 adificationem
3020 4989 3305 5044 Ecclesia.
3335 4995 3392 5042 et
3432 4987 3766 5058 profectum
3814 4988 4178 5050 animarum,

2526 5080 2599 5134 ad
2631 5078 2869 5133 laudem
2904 5085 2958 5132 et
3010 5078 3258 5147 gloriam
3311 5077 3522 5142 Patris,
3549 5082 3604 5131 et
3632 5075 3770 5144 Filii,
3827 5079 3885 5129 et
3930 5074 4182 5146 Spiritus

2525 5169 2738 5224 sancti.
2769 5175 2955 5224 Amen
2986 5171 3119 5235 (28).

2520 5454 2700 5510 quem
2725 5441 3199 5510 composuerunt
3231 5435 3436 5490 fratres
3483 5431 3879 5510 Domi_nicani_.
3914 5433 4058 5497 Qua
4089 5447 4179 5487 se-

2519 5506 2788 5580 quuntur
2821 5506 2958 5562 sunt
3017 5507 3259 5562 alterius
3300 5506 3901 5580 auctoris,»Hugon_is
3956 5519 4178 5577 nempe

2517 5575 2894 5641 z'El/teriani,
2932 5581 3036 5651 qui
3063 5579 3384 5651 scripserat
3431 5593 3528 5632 an.
3594 5578 3752 5651 U70.
3811 5575 4176 5651 ldﬂpatet‘ex

2514 5653 2666 5778 ξι)τᾶ
2707 5652 2876 5778 ιᾲωιο
2907 5669 2919 5706 :
2954 5646 3110 5720 "Quae
3156 5646 3415 5707 a‘dmista
3459 5649 3792 5718 pradicas.
3847 5646 3986 5702 Vide
4038 5646 4177 5703 obs.

2514 5739 2585 5778 nr
2668 5765 2680 5778 .
2759 5739 2888 5778 ASN.

2513 5729 2680 5796 priet.
2719 5729 2888 5779 BASN.
