4468 6440
291 384 392 436 541

647 507 930 574 Quaedam
968 506 1229 562 admista
1253 504 1583 573 pradicas.

364 612 598 668 Sicutin
630 613 926 684 prooemio
952 612 1132 682 hujus
1163 610 1438 683 opusculi
1469 610 1663 666 testati
1713 626 1942 671 sumus,

289 702 635 756 (Si-acorum
669 701 927 756 Ecclesia
957 701 1286 772 doctorque
1314 700 1455 755 olim
1489 714 1599 753 sua
1634 703 1944 754 venustate

288 804 481 861 quam
502 789 794 861 plurimos
823 788 901 844 ad
931 789 1380 844 aemulationem
1409 787 1544 841 ﬁdei
1579 785 1946 858 provocabat

290 883 352 933 et
378 893 643 939 morum,
667 879 748 933 ita
778 881 838 932 et
867 892 1026 932 nunc
1056 877 1272 932 erroris
1292 876 1548 944 caligine
1572 875 1942 938 obfuscatus,

289 967 459 1038 quod
483 967 794 1022 horrorem
811 981 923 1021 sua
939 965 1202 1021 fceditate
1223 963 1650 1035 aspicientibus
1677 963 1944 1029 incutiat,

291 1061 358 1110 ut
371 1056 501 1125 jam
517 1070 641 1111 non
667 1054 925 1111 Ecclesia
946 1054 1234 1119 ﬁdelium,
1261 1053 1367 1109 sed
1393 1055 1590 1125 potius
1623 1067 1944 1122 congrega-

291 1144 374 1198 tio
405 1159 526 1198 non
550 1144 851 1199 immerito
870 1142 1605 1213 heresiarcharumpossit
1633 1140 1942 1212 appellari.

291 1232 487 1296 Quod,
512 1231 647 1287 licet
662 1233 793 1302 jam
814 1237 1078 1304 quatuor
1095 1230 1270 1286 dictis
1297 1229 1560 1287 articulis
1579 1229 1949 1286 demonstre-

288 1326 406 1384 tur,
431 1324 630 1375 tamen
654 1319 855 1375 adhuc
883 1320 942 1374 in
976 1320 1088 1383 his,
1119 1335 1257 1391 quin
1283 1319 1553 1388 subjecta
1578 1325 1713 1372 sunt
1751 1322 1947 1372 osten-

289 1407 473 1462 ditur.
507 1409 650 1473 Qum
682 1423 754 1463 ex
777 1408 948 1462 dictis
966 1410 1272 1478 magistris
1301 1408 1568 1476 Hugonis
1589 1406 1948 1460 Etherium

287 1511 484 1567 nuper
526 1501 814 1561 extracta,
853 1496 990 1551 huic
1047 1495 1216 1567 operi
1266 1495 1551 1550 duximus
1604 1494 1948 1549 inserenda.

287 1582 504 1638 Dicunt
533 1583 717 1650 enim,
749 1589 806 1638 et
824 1584 1094 1638 scribunt
1120 1583 1197 1638 de
1221 1583 1437 1638 Latinis
1461 1583 1572 1637 sic:

563 1708 792 1764 Contra
820 1707 1150 1762 Romanum
1190 1707 1497 1776 poni/irem
1525 1706 1661 1774 (29).

358 1815 667 1869 Romanus
691 1813 975 1881 Pontifex,
998 1821 1054 1868 et
1095 1829 1306 1868 omnes
1335 1814 1592 1885 partium
1615 1811 1946 1868 occidenta-

284 1902 436 1958 lium
487 1903 821 1972 Christiani,
870 1902 1210 1958 sacerdotes
1250 1908 1306 1958 et
1349 1903 1480 1958 laici
1532 1907 1745 1974 praeter
1783 1900 1947 1956 Cala-

283 1990 452 2058 bros,
477 1996 614 2046 ante
646 1990 836 2046 multa
862 1995 1138 2063 tempora
1163 1999 1328 2046 extra
1367 1991 1726 2046 catholicam
1763 1988 1926 2044 Eccle

291 2080 447 2135 siam
470 2087 879 2152 pervagantur
895 2081 1400 2150 evangelistarum
1422 2080 1951 2153 etapostolicarum

298 2168 688 2224 traditionum
740 2169 954 2240 ignari,
987 2175 1043 2224 et
1074 2186 1108 2224 a
1138 2170 1254 2226 fide
1286 2170 1484 2226 alieni.
1521 2173 1667 2224 Nam
1707 2170 1950 2224 Theoto-

295 2257 418 2313 nici
469 2259 582 2328 (30)
614 2275 649 2314 a
677 2258 886 2314 ritibus
917 2259 1184 2331 gentium
1220 2275 1432 2331 parum
1491 2258 1858 2324 discordant,
1893 2257 1952 2311 in

287 2348 477 2401 Deum
532 2346 723 2419 impii;
791 2346 892 2402 sed
961 2346 1214 2412 Calabri,
1263 2354 1315 2403 et
1370 2347 1562 2402 caeteri
1611 2344 1950 2412 orthodoxi,

283 2436 442 2490 sicut
471 2437 819 2508 antiquitus,
843 2441 899 2491 et
923 2437 1292 2508 apostolicae.
1327 2442 1382 2492 et
1414 2435 1680 2492 Ecclesia:
1734 2439 1951 2489 nostra

286 2523 666 2595 alumniejus
691 2525 960 2580 moribus
993 2524 1296 2580 informati
1319 2531 1474 2579 sunt.
1496 2523 1700 2579 Caeteri
1740 2539 1952 2578 omnes

284 2614 663 2678 exciderunt,
694 2603 912 2686 impios
937 2630 971 2668 a
1013 2630 1261 2686 corpore
1288 2608 1556 2670 Ecclesiae
1601 2629 1719 2668 non
1753 2611 1948 2666 solum

286 2718 488 2756 mores
511 2701 660 2757 alios
684 2709 739 2757 et
773 2703 1009 2771 ignotos
1033 2701 1478 2774 amplectentes,
1515 2717 1719 2756 verum
1754 2701 1949 2772 ipsam

283 2789 633 2845 Trinitatem
688 2796 960 2846 sanctam
1005 2790 1519 2862 blasphemantes.
1574 2789 1798 2844 Etenim
1841 2805 1952 2844 sua

291 2881 814 2949 concinnantes,et
845 2881 1055 2935 alienis
1079 2881 1476 2945 adhaerentes,
1506 2896 1699 2951 neque
1733 2877 1949 2932 divinis

233 2956 250 2961 “
285 2970 610 3041 Scripturis
636 2969 1137 3036 redargucntibus
1186 2970 1424 3024 illorum
1447 2985 1695 3028 errores,
1753 2983 1948 3040 neque

297 3058 434 3122 illis,
458 3059 687 3130 quieos
716 3058 1028 3125 miserunt,
1081 3059 1282 3114 volunt
1310 3075 1534 3114 morem
1569 3074 1793 3128 gerere.

362 3149 549 3217 Magis
574 3155 811 3204 sanctos
841 3152 1039 3204 Patres
1064 3156 1298 3204 nostros
1315 3156 1369 3203 et
1388 3148 1685 3213 doctores,
1708 3149 1788 3202 sic
1813 3163 1946 3202 sen-

291 3239 688 3303 sisse,etinde
706 3255 765 3293 se
797 3238 1019 3294 habere
1054 3239 1229 3294 talem
1249 3239 1624 3294 traditionem
1659 3239 1949 3292 mentiun-

287 3334 407 3382 tur.
433 3331 580 3383 Nain
605 3328 664 3382 in
690 3335 898 3384 sancto
931 3327 1248 3400 Symbolo,
1279 3327 1441 3400 quod
1477 3343 1512 3382 a
1549 3328 1816 3381 I’atrihus
1849 3342 1949 3381 no-

290 3417 454 3485 stris,
484 3416 586 3488 qui
630 3417 793 3487 apud
828 3418 1082 3472 Nirmam
1140 3421 1546 3471 convenerant
1629 3415 1948 3470 universali

299 3505 493 3577 prima
514 3507 747 3577 synodo
762 3514 1198 3579 consequenter
1223 3506 1530 3560 manifeste
1554 3504 1949 3560 sicdefinitum

288 3601 417 3650 est:
453 3617 479 3642 «
505 3595 644 3650 Etin
680 3595 959 3667 Spiritum
986 3601 1261 3652 sanctum
1324 3595 1665 3659 Dominum,
1712 3599 1767 3648 et
1811 3594 1950 3648 vivi-

288 3682 596 3748 ﬁcantem,
623 3702 688 3738 ex
716 3684 884 3739 Patre
910 3684 1330 3756 procedentem
1361 3729 1373 3752 ,
1400 3707 1425 3731 ››
1461 3683 1562 3737 sed
1588 3692 1640 3737 et
1666 3685 1719 3737 in
1742 3688 1951 3737 sancto

291 3771 614 3842 Evangelio
634 3773 936 3828 evidenter
958 3775 1301 3830 clamitante
1322 3773 1395 3827 de
1441 3774 1656 3844 Spiritu
1709 3779 1947 3827 sancto:

289 3864 403 3930 Qui
439 3878 472 3917 a
502 3864 686 3918 Patre
712 3864 996 3931 procedit,
1033 3879 1213 3934 supra
1255 3863 1543 3918 nominati
1587 3863 1688 3916 viri
1712 3861 1954 3916 addide-

283 3958 450 4006 runt:
471 3952 543 4005 Ει
566 3966 641 4007 ex
672 3953 848 4016 Filio,
880 3951 1182 4017 fallaciter,
1209 3958 1265 4006 et
1290 3952 1367 4006 ad
1389 3967 1566 4005 suum
1596 3951 1948 4023 periculum.

277 4043 724 4105 Verumtamen,
779 4048 840 4095 ut
866 4043 1082 4112 Opinor
1105 4057 1210 4113 per
1234 4041 1574 4110 angustiam
1599 4057 1721 4094 suae
1738 4040 1955 4111 linguas

275 4130 442 4185 idem
466 4146 598 4183 esse
641 4129 904 4185 arbitrati
937 4136 1094 4192 sunt,
1129 4131 1378 4202 Spiritus
1409 4145 1480 4183 ex
1529 4132 1691 4183 Patre
1719 4144 1953 4200 proces-

279 4219 542 4274 siouem.
562 4223 616 4272 et
641 4234 893 4273 causam
917 4235 1052 4291 quae
1076 4235 1179 4290 per
1205 4219 1414 4273 Filium
1446 4219 1540 4283 sit,
1574 4221 1646 4272 ad
1673 4234 1780 4272 nos
1815 4219 1953 4272 mis-

279 4307 516 4362 sionem
565 4307 821 4362 barbare
856 4315 912 4363 et
949 4308 1440 4362 inconvenieuter
1509 4306 1945 4361 intellexerunt.

357 4399 466 4450 Pro
498 4396 853 4452 fermentati)
877 4413 1092 4469 azyma
1129 4397 1409 4460 offerunt,
1436 4402 1491 4450 et
1511 4395 1954 4450 calumniantur

281 4492 562 4540 sanctum
601 4486 859 4552 Petrum,
909 4494 963 4542 et
995 4493 1234 4541 sanctos
1259 4489 1454 4541 Patres
1476 4488 1775 4540 Romanos
1801 4501 1949 4557 pon-

283 4573 473 4630 tifices
500 4581 779 4630 auctores
807 4576 1058 4631 exstisse
1119 4576 1249 4631 talis
1274 4576 1624 4630 traditionis.

362 4664 714 4720 Sacerdotes
747 4665 1043 4738 principes
1073 4682 1208 4719 cum
1244 4664 1408 4719 laicis
1448 4666 1523 4719 ad
1567 4664 1720 4718 bella
1760 4663 1947 4736 proﬁ-

281 4753 590 4809 ciscuntur
610 4757 842 4819 armati,
896 4761 952 4810 et
975 4755 1030 4810 in
1056 4756 1180 4810 acie
1216 4754 1438 4808 bellant
1464 4760 1598 4809 ante
1632 4752 1781 4808 alios
1814 4769 1946 4826 gra-

283 4843 566 4898 dientes.
649 4844 932 4915 Jejunant
990 4846 1046 4899 in
1106 4843 1408 4904 Szibbatis;
1445 4845 1569 4898 etsi
1621 4845 1767 4898 festa
1820 4843 1945 4898 dies

283 4932 613 4988 Nativitatis
633 4936 724 4999 sit,
744 4935 832 4990 vel
857 4936 1224 5008 Epiphaniae,
1250 4951 1365 4988 non
1392 4934 1626 4989 solvunt
1646 4935 1944 5005 jejunium

282 5021 706 5094 Septimanam
725 5023 925 5078 edulio
944 5024 1099 5078 casei
1127 5025 1388 5078 dicatum
1407 5040 1522 5078 non
1548 5031 1944 5085 agnoscentes

277 5127 494 5166 carnes
520 5111 865 5168 comedunt.
904 5113 1183 5168 Secunda
1204 5113 1299 5167 die
1321 5113 1480 5167 Jovis
1507 5129 1643 5174 ova,
1673 5129 1939 5182 caseum,

276 5206 334 5255 et
358 5201 451 5256 lac
514 5202 971 5268 manducant,a
1012 5202 1234 5275 quibus
1290 5202 1560 5267 minime,
1587 5218 1691 5273 per
1750 5207 1938 5258 totam

350 5329 398 5362 ²⁶
420 5331 548 5384 Act.
576 5343 671 5394 xv,
695 5329 784 5394 28,
808 5331 898 5383 29.

347 5489 892 5564 (29)}fiotandum,”
921 5490 980 5564 in
1004 5491 1118 5546 hoc
1169 5491 1440 5562 sequenti
1489 5491 1782 5564 opusculo
1814 5493 1939 5564 plu-

271 5562 433 5618 rima
459 5560 575 5616 dici
630 5577 703 5616 ex
755 5563 1061 5618 auditione
1098 5569 1155 5617 et
1205 5560 1446 5617 rumore
1502 5560 1660 5631 vulgi
1713 5560 1940 5631 ignobi-

277 5633 352 5689 lis
417 5638 473 5688 et
536 5632 935 5702 ignari.ltem,
991 5650 1063 5689 ex
1117 5634 1258 5689 odio
1342 5640 1398 5688 et
1451 5634 1675 5690 invidia
1732 5642 1940 5692 contra
2001 5695 2009 5700 _

275 5707 334 5761 S.
359 5706 537 5760 Rom.
578 5704 803 5760 sedem.
834 5706 1231 5762 Novatoribus
1261 5706 1550 5778 pleraque
1575 5707 1771 5778 potius
1799 5724 1940 5763 con-

1691 381 1963 436 CONTRA
2005 381 2320 439 GRAECOS.

3599 391 3701 447 542

2051 505 2579 578 quadragesimam
2602 523 2746 564 suos
2763 523 2980 580 pueros
3013 509 3348 581 prohibent.
3373 534 3399 562 »ι
3415 513 3698 570 Historias

2054 601 2400 649 sanctorum
2431 601 2637 666 preter
2659 596 3004 666 passionem
3053 599 3284 669 Christi,
3310 600 3370 654 in
3428 601 3702 657 Ecclesiis

2053 684 2175 737 suis
2210 698 2330 738 non
2379 683 2718 752 designant.
2743 705 2770 732 ››
2806 687 2868 741 Et
2920 687 3114 757 ipsam
3138 702 3260 743 non
3309 689 3562 759 pictura.
3596 689 3702 744 sed

2053 785 2235 841 opere
2262 772 2560 842 plumario
2583 773 2642 827 in
2681 772 3067 830 similitudine
3110 776 3498 848 sculptilium,
3537 783 3596 833 et
3641 779 3701 833 in

2056 865 2208 913 terra
2238 859 2518 915 similium
2545 858 2862 934 [ﬁctilium]
2891 861 3134 918 faciunt.
3163 863 3224 919 ln
3249 869 3455 922 sancta
3483 865 3706 937 templa

2053 945 2451 1015 ingredientes
2477 965 2656 1020 super
2700 954 3042 1020 pavimenta
3059 951 3285 1008 cadunt
3310 953 3367 1008 in
3393 953 3626 1017 faciem,
3647 959 3705 1010 et

2054 1036 2251 1106 primo
2283 1045 2617 1092 susurrant.
2666 1038 2886 1096 Deinde
2934 1055 3174 1097 crucem
3219 1057 3340 1098 uno
3383 1042 3568 1111 digito
3616 1043 3702 1098 in-

2058 1130 2369 1193 surgentes
2389 1125 2757 1192 Osculantur,
2783 1132 2838 1183 et
2865 1127 3024 1184 hanc
3049 1130 3383 1187 orationem
3417 1147 3703 1187 consum-

2058 1219 2293 1267 mantes
2326 1219 2599 1282 surgunt,
2623 1219 2678 1270 et
2708 1230 2911 1271 sacras
2933 1215 3226 1286 imagines
3247 1226 3507 1275 renuunt
3530 1234 3701 1275 oscu-

2056 1300 2184 1360 lari.
2239 1303 2516 1360 Sanctam
2569 1304 2664 1358 Dei
2713 1303 3088 1368 Genitricem.
3145 1308 3389 1363 latrem
3468 1306 3704 1362 Domini

2058 1392 2238 1444 nostri
2305 1391 2443 1445 Jesu
2495 1392 2719 1448 Christi.
2758 1399 2989 1450 tantum
3021 1402 3289 1451 sanctam
3313 1396 3575 1452 Mariam
3613 1411 3706 1452 vo-

2058 1488 2211 1533 cant.
2249 1484 2428 1534 Secus
2461 1481 2642 1537 altare
2673 1480 3061 1538 ecclesiarum
3117 1484 3403 1555 quislibet
3452 1483 3704 1552 accedit,

2057 1566 2474 1638 cujuscunque
2507 1569 2579 1623 sit
2607 1570 3148 1636 sexus,eetatis,vel
3200 1571 3456 1626 ordinis.
3524 1573 3590 1626 Et
3643 1571 3705 1626 in

2059 1653 2435 1710 solemnitate
2466 1657 2791 1712 missarum
2806 1659 3082 1714 mulieres
3105 1659 3308 1714 sedere
3353 1664 3624 1730 possunt,
3657 1659 3704 1714 si

2059 1742 2260 1806 velint,
2291 1745 2347 1799 in
2383 1745 2522 1799 sede
2551 1747 2952 1802 sacerdotum.
2982 1749 3074 1803 Sic
3101 1749 3292 1803 sciunt
3342 1749 3704 1818 distinguere

2061 1832 2207 1887 inter
2237 1850 2406 1889 sacra
2435 1841 2490 1889 et
2524 1836 2806 1906 profana!
2842 1837 3171 1907 comedunt
3190 1837 3501 1903 suﬁocata,
3529 1845 3708 1909 capta

2061 1937 2096 1976 a
2149 1920 2374 1988 bestiis,
2433 1924 2746 1980 morticina
2805 1925 3186 1993 sanguinem,
3245 1943 3436 1996 ursos,
3498 1925 3702 1996 libros,

2061 2025 2214 2082 quos
2237 2017 2454 2066 vocant
2475 2014 3256 2088 castores,ericios,quaeque
3284 2015 3375 2070 his
3397 2016 3709 2088 spurciora

2061 2105 2268 2154 contra
2299 2101 2693 2171 apostolicum
2721 2103 3028 2160 decretum
3055 2122 3066 2158 :
3092 2105 3242 2160 sicut
3272 2105 3462 2160 Lucas
3483 2107 3542 2160 in
3565 2121 3708 2176 apo-

2064 2188 2354 2244 stolorum
2377 2189 2622 2246 historia
2641 2191 2815 2247 refert
2835 2193 2925 2248 his
2953 2194 3178 2248 verbis:
3202 2195 3398 2249 Visum
3417 2200 3502 2250 est
3551 2196 3707 2250 enim

2062 2279 2316 2346 Spiritui
2331 2287 2618 2341 sanc€0,et
2647 2282 3000 2345 nobis,nihil
3017 2284 3181 2340 ultra
3199 2285 3501 2354 imponere
3524 2285 3705 2355 vobis,

2061 2382 2240 2436 quam
2273 2368 2396 2424 hac
2426 2373 2782 2435 necessaria,
2811 2378 2874 2426 ut
2899 2371 3243 2428 abstineatis
3271 2388 3369 2429 vos
3397 2373 3473 2430 ab
3504 2374 3708 2429 immo-

2064 2456 2203 2510 latis
2242 2459 2725 2527 simulacrorum,
2757 2467 2810 2517 et
2843 2463 3158 2531 sanguine,
3217 2469 3274 2518 et
3315 2463 3623 2533 sti/focam,
3654 2469 3710 2520 et

2056 2546 2198 2613 [ον-η
2208 2548 2462 2603 icatione
2497 2550 2563 2602 ".

2136 2636 2484 2692 Sacerdotes
2498 2639 2831 2710 etepiscopi
2857 2639 3260 2695 sacerdotales
3284 2641 3488 2706 stolas,
3510 2640 3571 2696 id
3598 2645 3706 2709 est,

2061 2723 2266 2780 casula
2297 2741 2419 2780 non
2445 2725 2519 2781 de
2557 2724 2716 2791 lana,
2751 2727 2854 2782 sed
2876 2727 2949 2782 de
2999 2729 3200 2784 sericis
3251 2734 3463 2785 netura
3513 2735 3709 2785 conte-

2061 2821 2265 2871 xentes
2296 2817 2379 2870 eis
2417 2819 2789 2886 operiuntur.
2823 2818 3138 2874 diuturnas
3165 2821 3277 2891 (3t)
3340 2819 3506 2891 ipsas
3559 2835 3707 2892 prie-

2061 2909 2362 2975 parantes;
2397 2922 2532 2960 cum
2563 2907 2914 2977 hujusmodi
2942 2907 3112 2973 stola,
3141 2909 3198 2963 id
3231 2915 3339 2977 est,
3389 2909 3594 2965 casula
3616 2908 3709 2964 vel

2062 2993 2298 3063 planeta
2313 2995 2518 3050 Christi
2535 2995 2806 3051 habitum
2836 3004 3286 3068 repraesentant,
3303 2999 3422 3053 sive
3434 2997 3708 3053 habitum

2058 3097 2239 3152 quem
2273 3082 2501 3146 habuit,
2529 3094 2777 3155 quando
2819 3089 3030 3140 exutus
3061 3085 3171 3141 fuit
3204 3087 3590 3155 vestimentis,
3645 3087 3706 3141 in

1981 3215 2020 3268 Ο
2058 3170 2238 3225 dutus
2257 3177 2346 3227 est
2366 3173 2686 3244 chlamyde
2700 3175 2999 3239 coccinea,
3021 3191 3158 3248 quae
3180 3176 3252 3231 de
3270 3176 3411 3232 lana
3433 3182 3710 3232 contexta

2059 3264 2350 3331 erat,qiia
2394 3277 2506 3315 nos
2562 3263 2781 3317 utimur
2835 3265 3353 3335 Quadragesimali
3416 3270 3705 3337 tempore.

2061 3351 2121 3402 In
2153 3348 2362 3404 alienis
2392 3366 2533 3404 vero
2563 3350 2775 3406 diebus
2792 3353 3011 3407 utimur
3049 3354 3226 3420 albis,
3257 3371 3328 3410 eo
3352 3353 3515 3426 quod
3552 3353 3710 3410 Chri-

2060 3442 2184 3490 stus
2212 3453 2407 3503 agnus
2449 3440 2795 3495 immolatus
2825 3441 3075 3497 dicatur.
3106 3445 3169 3498 Et
3225 3443 3359 3498 ideo
3416 3459 3486 3498 ex
3540 3443 3709 3497 vesti-

2059 3528 2274 3580 mentis
2305 3527 2508 3583 ovium
2555 3529 2728 3584 nobis
2758 3531 2963 3586 casula
3007 3547 3443 3603 praeparamus.
3515 3531 3579 3586 In
3639 3531 3708 3586 si-

2060 3628 2244 3682 gnum
2262 3623 2482 3670 sanctas
2494 3617 2763 3674 Ecclesiae
2775 3617 3262 3690 desponsationis
3278 3620 3536 3676 annulos
3578 3636 3712 3691 por-

2061 3709 2208 3771 tant,
2259 3712 2316 3759 et
2342 3705 2739 3775 chirothecas,
2773 3708 2831 3762 in
2862 3709 3072 3765 dextra
3126 3712 3373 3782 quidem
3407 3710 3708 3766 scribunt:

2061 3795 2298 3848 Domini
2326 3795 2564 3860 dextra,
2598 3797 2655 3850 in
2673 3797 2906 3854 sinislra
2937 3815 3096 3853 vero:
3124 3801 3334 3870 Agnus
3361 3801 3477 3856 Dei.
3509 3801 3712 3855 Sacer-

2061 3881 2231 3936 dotes
2247 3885 2728 3939 eorumsolumin
2742 3902 2902 3958 aqua
2928 3887 3249 3958 baptizant,
3278 3895 3334 3943 et
3358 3888 3618 3943 salemin
3640 3903 3710 3942 os

2064 3971 2357 4026 mittentes
2373 3972 3136 4048 baptizandi;baptizandos
3148 3981 3473 4049 postquam
3488 3981 3714 4048 spuunt

2060 4060 2117 4114 in
2144 4061 2381 4117 sinistra
2401 4079 2583 4118 manu
2615 4065 2888 4120 etdextra
2911 4067 3226 4121 miscentes
3246 4067 3522 4122 salivam.
3543 4066 3712 4121 inun-

2061 4159 2229 4218 gunt.
2251 4155 2568 4222 Postquam
2591 4154 2665 4207 ad
2679 4161 2912 4209 aetatem
2931 4155 3612 4228 pervenerunt,peccatis
3632 4153 3711 4210 ob

2058 4241 2271 4294 noxios
2302 4241 2433 4296 olco
2460 4246 2869 4313 perunguntin
2885 4246 3299 4301 remissionem
3328 4250 3711 4316 peccatorum

2058 4336 2112 4382 et
2145 4329 2234 4383 bis
2257 4331 2542 4401 baptizari
2573 4331 2864 4387 videntur.
2893 4332 3074 4388 iidem
3125 4333 3467 4390 sacerdotes
3532 4349 3713 4405 quas-

2056 4419 2198 4474 dam
2255 4425 2642 4491 purgationes
2667 4421 2894 4477 faciunt
2914 4425 3150 4494 iugiter,
3185 4431 3240 4479 et
3269 4423 3710 4496 aspersionem,

2056 4511 2277 4582 quibus
2327 4510 2647 4577 alligantur
2699 4513 3008 4584 culparum
3068 4515 3332 4569 Judaicis
3392 4515 3711 4569 servientes

2057 4601 2810 4673 ritibus:quuiqne‘digitis
2866 4604 3177 4675 quomodo
3239 4603 3423 4676 aliqui
3465 4601 3711 4658 benedi-

2056 4696 2220 4758 cunt,
2243 4708 2298 4745 et
2326 4708 2462 4746 cum
2494 4692 2701 4761 pollice
2728 4693 2938 4748 faciem
2976 4694 3235 4760 signant,
3271 4700 3562 4764 tanquam
3593 4695 3708 4748 Mo-

2057 4780 2376 4835 nothelitae.
2413 4784 2558 4836 Cum
2600 4781 2777 4849 igitur
2826 4782 3084 4837 debeant
3133 4783 3370 4854 disponi
3429 4781 3594 4850 digiti
3649 4782 3710 4838 in

2055 4870 2638 4941 consignationibus,
2656 4873 2816 4943 quod
2836 4873 3203 4943 pereosduaa
3223 4882 3450 4926 naturae
3485 4871 3711 4941 signifi-

2054 4967 2353 5026 ceutur,et
2376 4967 2491 5014 tres
2536 4977 2829 5032 pel-some,
2871 4969 3044 5032 prout
3091 4962 3357 5017 Christus
3405 4967 3707 5015 monstra-

2055 5051 2149 5114 vit,
2173 5049 2422 5121 quando
2451 5051 2511 5104 in
2531 5051 2749 5106 coelum
2778 5066 3139 5105 ascensurus
3156 5048 3467 5120 discipulis
3517 5048 3707 5103 mani-

2051 5144 2166 5193 bus
2228 5140 2490 5193 elevatus
2538 5139 2927 5194 benedixit.A
2977 5139 3434 5210 Septuagesima
3486 5153 3706 5209 usque-

2049 5227 2128 5282 ad
2151 5227 2382 5283 Pascha
2405 5243 2525 5282 non
2547 5235 2791 5285 cantant
2811 5230 3098 5285 Alleluia.
3125 5227 3575 5283 Afﬁrniantnon
3602 5226 3706 5282 de-

2120 5479 2388 5534 veniunt.
2431 5480 2614 5534 Srevv.

2123 5636 2147 5702 (
2152 5637 2242 5693 30)
2289 5635 2594 5689 Teutones.

2123 5710 2172 5766 (3
2189 5711 2200 5759 l
2219 5710 2234 5776 )
2256 5705 2494 5761 Videtur
2525 5706 2689 5762 locus
2715 5703 3065 5761 mendosus.
