4468 6440
761 388 862 448 543

1994 391 2478 452 PANTALEONIS
2517 392 2800 450 DIACONI
2840 392 2943 451 ΟΡ.

4081 395 4182 452 544

755 512 901 572 bere
922 512 1051 570 aliis
1070 513 1291 586 linguis
1319 514 1642 573 Dominum
1670 516 1966 585 venerari,
1991 504 2107 574 nisi
2131 518 2260 575 istis
2304 519 2408 576 tri-
2443 523 2489 575 Α
2524 516 2842 575 ambulant
2868 515 3144 574 extinctis
3166 515 3503 574 luminibus
3548 519 3611 575 in
3641 516 3933 584 ecclesiis,
3981 520 4181 574 terrm-

757 603 895 671 bus,
919 603 1137 660 scilicet
1189 604 1457 672 Hebrma,
1500 607 1715 676 Graeca,
1741 609 1799 662 et
1879 605 2106 662 Latina.
2157 610 2414 664 Mortuos

758 691 1051 763 sepeliunt
1077 693 1361 750 manibus
1383 708 1594 750 eorum
1619 708 2136 767 nequaquaquam
2202 697 2416 753 consti-

760 781 899 836 tutis
943 781 1003 836 in
1037 782 1288 840 modum
1319 785 1536 855 crucis,
1576 783 1684 840 sed
1709 783 1994 841 deorsum
2023 785 2227 842 missis
2258 787 2417 845 circa

757 867 1039 928 inferiora
1084 871 1501 930 instrumenta.

829 959 1046 1016 Omnia
1065 975 1200 1019 cera
1219 962 1510 1035 oppilant.
1540 962 1994 1020 Sacerdotester
2005 965 2293 1037 quaterin
2322 965 2418 1022 die

756 1045 1062 1105 celebrant
1101 1065 1283 1124 super
1321 1067 1443 1108 uno
1479 1051 1676 1120 altari,
1718 1051 2061 1125 ubicunque
2083 1054 2418 1126 contigerit.

763 1137 1000 1194 Utunus
1015 1141 1290 1196 sacerdos
1303 1143 1408 1210 ter,
1420 1139 1741 1214 velquater
1756 1140 2308 1214 celebratquaterin
2325 1142 2419 1198 die

763 1241 902 1283 cum
917 1227 1061 1284 felix
1098 1229 1194 1299 sit,
1217 1231 1319 1303 qui
1351 1246 1541 1288 unam
1563 1230 1743 1302 digne
1763 1231 1953 1304 possit
1981 1236 2244 1288 cantare.
2280 1232 2418 1289 Tra'

759 1313 913 1370 dunt
964 1316 1120 1373 tilias
1165 1335 1307 1375 suas
1354 1319 1571 1391 nuptui
1651 1318 2014 1390 accipientes
2079 1321 2420 1377 consororis

757 1401 944 1460 ﬁliam
971 1403 1095 1462 ﬁlio
1123 1422 1253 1477 suo,
1311 1411 1415 1464 aut
1469 1407 1654 1469 fratri,
1697 1412 1801 1462 aut
1842 1409 2310 1478 consanguineo.
2364 1411 2420 1472 Si

763 1491 899 1564 quis
922 1495 1256 1552 monachus
1278 1496 1339 1552 in
1361 1496 1709 1569 episcopum
1729 1501 2170 1568 promoveatur,
2208 1513 2419 1554 carnes

758 1581 1087 1640 manducet
1110 1584 1427 1658 intrepide.
1446 1585 1812 1641 Etmonachi
1829 1601 2022 1657 parva
2042 1586 2234 1642 vexati
2283 1587 2426 1656 aegri

757 1669 966 1728 tudine
1021 1675 1303 1731 carnibus
1358 1679 1703 1734 vescuntur.
1749 1675 2158 1732 Communiter
2205 1681 2406 1734 autem

755 1772 968 1816 omnes
994 1763 1360 1834 pinguedine
1379 1763 1625 1835 porcina
1664 1767 1930 1819 utuntur.

2525 611 2726 663 motus
2758 606 3005 672 faciunt,
3029 604 3226 672 sedes,
3268 604 3525 673 tabulas,
3552 605 3811 679 parietes
3841 605 4180 679 percutiunt

2523 693 2818 752 malleolis
2845 698 2905 750 et
2920 693 3170 764 lagenas
3198 693 3619 764 confringunt;
3651 699 3866 751 etcum
3885 694 4178 751 deberent

2522 784 2770 854 vigilare
2793 782 2856 838 in
2906 781 3284 839 orationibus
3337 783 3435 839 alii
3465 783 3526 840 in
3577 787 3891 855 stuporem
3938 783 4174 851 mentis,

2525 871 2624 929 alii
2653 872 2713 928 in
2749 871 2940 928 risum
2983 875 3433 940 convertuntur,
3465 871 3671 930 etalia
3694 871 3981 944 quaedam
4001 871 4066 928 in
4092 871 4179 944 ip-

2526 963 2609 1019 sis
2637 961 2896 1019 tenebris
2943 960 3120 1030 ﬁunt,
3152 976 3291 1033 quas
3332 976 3444 1018 nec
3493 961 3621 1018 fatu
3654 961 3844 1032 digna
3882 961 4174 1032 judicavi.

2527 1053 2743 1108 Verum
2767 1049 2882 1107 hac
2911 1048 2991 1105 de
3017 1050 3326 1120 grecogice
3353 1051 3467 1122 (33)
3488 1050 3780 1107 laicorum
3809 1049 4052 1122 lapsum
4076 1065 4175 1106 ex-

2529 1139 2742 1213 cerpsi,
2771 1143 2839 1196 ut
2865 1138 2914 1194 si
2941 1138 3192 1211 quando
3221 1138 3301 1195 ad
3342 1154 3520 1196 aures
3562 1154 3776 1196 eorum
3805 1138 4176 1209 devenerint,

2528 1229 2608 1286 ad
2638 1244 2703 1285 se
2731 1228 2955 1285 reversi
2984 1227 3453 1284 correctionibus
3481 1233 3715 1286 vacent.

2832 1373 3172 1429 Graecorum
3203 1374 3378 1429 malas
3408 1372 3883 1430 consuetudines.

2601 1501 2938 1555 Graecorum
2955 1497 3344 1554 intolerabilis
3356 1499 3728 1569 est,redargu
3738 1497 4177 1566 tio,Vulcanum

2528 1587 2842 1654 imitando,
2873 1587 2977 1659 qui
3004 1586 3190 1642 altero
3219 1587 3374 1660 pede
3395 1586 3646 1643 claudus
3676 1587 3911 1643 dicitur.
3936 1589 4176 1643 Matrem

2531 1692 2707 1732 suam
2734 1675 2954 1731 scilicet
2985 1675 3190 1731 sedem
3239 1676 3386 1732 Petri
3418 1675 3829 1748 apostolorum
3863 1675 4175 1748 principis,

2530 1769 2736 1821 contra
2783 1763 3008 1820 faciens
3071 1765 3418 1831 contemnit,
3469 1768 3526 1820 et
3580 1763 3942 1822 abhonorat.
3999 1767 4177 1820 Porro

828 1849 1239 1907 Venerabilem
1261 1851 1505 1924 quidem
1549 1867 1789 1907 crucem
1837 1851 1900 1907 in
1925 1852 2058 1908 aliis
2092 1852 2304 1908 diebus
2335 1853 2397 1908 in
2452 1881 2492 1935 Β
2529 1853 2772 1910 stultam
2801 1853 2939 1909 fecit
2965 1855 3119 1908 Deus
3152 1853 3357 1909 talium
3390 1853 3769 1927 sapientiam.
3819 1855 3968 1909 Nam
4010 1853 4179 1909 vani-

759 1937 1008 1996 ecclesia
1020 1940 1225 1997 vident
1246 1946 1303 1998 et
1331 1941 1606 2009 adorant;
1623 1941 1681 1996 in
1699 1947 1903 1998 sancta
1951 1942 2421 2013 Quadragesima

759 2024 956 2084 velant
976 2029 1357 2093 sindonibus.
1396 2047 1532 2087 cum
1558 2046 1680 2103 qua
1702 2034 1757 2087 et
1795 2031 2097 2088 occultant
2126 2033 2417 2108 Alleluia.

760 2118 823 2172 Et
852 2117 914 2172 in
944 2123 1152 2174 sancto
1178 2135 1403 2192 magno
1435 2119 1699 2178 Sabbato
1731 2119 1805 2175 de
1832 2119 2237 2193 penetralibus
2277 2121 2418 2177 edu-

762 2211 962 2263 centes
991 2208 1211 2282 ipsam,
1238 2214 1530 2282 tanquam
1555 2209 1630 2266 de
1677 2209 1951 2282 sepulcro
2001 2215 2416 2280 resurgentem

758 2295 1173 2355 demonstrant
1201 2299 1448 2373 populo;
1474 2303 1531 2356 et
1550 2299 1625 2356 de
1650 2299 1847 2355 subito
1871 2315 2010 2356 cum
2045 2314 2269 2370 magno
2300 2299 2411 2356 cla-

757 2402 928 2443 more
945 2392 1210 2444 cantant:
1238 2390 1532 2457 Alleluia,
1555 2393 1611 2445 et
1629 2388 1955 2457 multoties,
1978 2393 2033 2445 et
2063 2404 2171 2461 per
2192 2388 2413 2445 multas

759 2476 944 2532 horas
965 2477 1386 2547 vociferantur,
1406 2477 1926 2551 quemadmodum
1982 2477 2245 2535 Christus
2283 2493 2410 2532 sur-

758 2565 926 2621 rexit.
964 2567 1112 2624 Cum
1153 2567 1354 2623 missas
1388 2567 1766 2624 celebrantur
1785 2571 1843 2624 et
1890 2567 2182 2640 mysteria
2228 2567 2411 2622 conﬁ-

755 2659 1009 2724 cluntur,
1035 2656 1304 2729 plerique
1341 2657 1750 2713 assistentium
1801 2655 2169 2718 laicorum,si
2219 2655 2412 2726 placet

755 2742 1283 2816 eis,-loquunturet
1329 2747 1555 2802 sedent.
1614 2745 2140 2818 Participationem
2186 2749 2407 2800 sanctae

754 2834 1369 2900 communionis,non
1410 2835 1677 2890 similiter
1701 2839 1767 2889 ut
1815 2849 1927 2889 nos
1973 2834 2178 2901 Grieci,
2229 2833 2407 2905 perﬁ-

755 2922 1044 2978 ciuntsed
1086 2923 1478 2997 dicuntquod
1500 2925 1605 2997 qui
1644 2924 1896 2979 missam
1943 2922 2409 2979 celebratsacer-

753 3010 1199 3081 dOS,osculatur
1209 3013 1504 3070 volentem
1520 3029 1651 3068 com
1663 3013 2406 3084 municare,promotiones

754 3100 1177 3173 episcoporum
1193 3102 1548 3159 etlaicorum
1561 3119 1680 3158 non
1697 3117 1802 3174 per
1815 3117 1994 3157 omne
2009 3107 2242 3174 tempus
2255 3102 2404 3173 perii

754 3191 1241 3256 ciuntantistites,
1266 3193 1369 3248 sed
1390 3197 1626 3249 tantum
1650 3195 1708 3248 in
1731 3208 1891 3248 anno
1949 3196 2256 3263 quater,et
2303 3207 2409 3264 per

753 3279 1189 3337 observabilem
1212 3282 1392 3338 diem.
1441 3285 1588 3339 Nam
1611 3297 1750 3337 cum
1782 3283 1924 3336 anni
1963 3286 2224 3352 quatuor
2265 3285 2410 3337 tem-

753 3385 904 3441 pora
926 3375 1085 3438 sunt,
1123 3372 1347 3429 scilicet
1384 3388 1509 3441 ver,
1550 3376 1747 3443 astas,
1794 3375 2142 3436 autumnus,
2194 3370 2408 3435 hiems,

752 3457 976 3515 horum
1016 3465 1359 3532 temporum
1399 3462 1589 3528 initia,
1646 3461 1842 3534 primo
1874 3476 2011 3515 eum
2047 3459 2162 3531 (3'2)
2222 3459 2415 3515 mensi

753 3547 935 3603 Martii
966 3548 1206 3615 scilicet,
1236 3555 1291 3606 et
1321 3550 1498 3617 Junii,
1520 3547 1904 3622 Septembris,
1937 3551 2118 3619 atque
2177 3550 2413 3603 Decem-

750 3636 877 3692 bris
915 3636 1342 3696 observant.ln
1368 3639 1580 3711 primis
1615 3636 2106 3694 hebdomadibus
2147 3635 2410 3707 clericos,

753 3729 810 3781 et
838 3725 1147 3798 diaconos,
1191 3729 1597 3802 presbyteros,
1633 3727 1972 3800 episcopos,
2013 3731 2410 3798 promovent:

751 3815 912 3871 male
940 3818 1276 3885 sentientes,
1313 3823 1370 3874 et
1411 3817 1746 3886 barbarice,
1781 3815 2112 3872 adventum
2168 3816 2417 3887 Spiritus

755 3905 943 3961 sancti
966 3921 1088 3962 non
1111 3908 1447 3964 secundum
1462 3907 1741 3964 virtutem
1765 3905 2178 3978 promoventis
2198 3908 2254 3960 et
2273 3920 2418 3978 pro-

754 3993 900 4049 moti
930 3994 1285 4052 arbitrantes
1315 3995 1681 4053 descendere
1717 4013 1730 4065 ;
1768 3992 1873 4050 sed
1907 3993 1967 4048 in
2015 3993 2231 4049 diebus
2280 4009 2417 4066 qui—

750 4081 1014 4140 busdam
1045 4089 1259 4158 putant
1285 4087 1448 4142 hunc
1477 4087 1696 4156 venire,
1734 4088 1799 4140 ut
1855 4082 2230 4155 insipientes.
2289 4087 2416 4139 Non

751 4173 1064 4246 patiuntur
1084 4175 1422 4233 sacerdotes
1449 4176 1673 4233 habere
1691 4188 1959 4242 uxorem,
1986 4177 2042 4228 et
2072 4187 2420 4229 sacramen-

751 4268 949 4321 torum
979 4280 1265 4338 peragere
1298 4266 1612 4338 mysteria.
1637 4267 1797 4320 Duos
1816 4262 2026 4318 fratres
2052 4262 2294 4319 duabus
2322 4279 2419 4318 so-

751 4355 990 4410 roribus
1046 4355 1364 4412 carnaliter
1414 4355 1684 4429 copulari
1739 4353 2118 4426 permittunt.
2178 4351 2422 4409 Radunt

751 4443 976 4500 barbas
1015 4445 1353 4518 presbyteri
1386 4459 1550 4501 more
1598 4462 1842 4502 suorum
1879 4444 2163 4511 militum,
2209 4445 2424 4514 praeter

2440 3239 2479 3293 C

2529 1944 2664 2000 tatis
2692 1942 2973 2016 opinione
3020 1942 3199 2015 pleni,
3253 1959 3458 2015 poma,
3491 1947 3556 1999 ut
3600 1941 3908 2012 Tantalus,
3939 1940 4180 2012 fugacia

2527 2032 2867 2104 quaeritant.
2891 2034 2965 2086 At
2989 2047 3129 2087 vero
3147 2032 3378 2089 munda
3397 2032 3525 2088 vult
3546 2031 3766 2104 [debet]
3787 2047 3918 2087 esse
3933 2047 4177 2096 manus,

2525 2137 2662 2195 quae
2691 2121 2840 2178 alias
2871 2121 3044 2177 debet
3065 2124 3291 2190 tergere
3317 2121 3547 2177 sordes.
3577 2123 3770 2187 Quare
3795 2118 4044 2192 collyrio
4063 2119 4180 2192 pri-

2525 2227 2695 2267 mum
2711 2211 3006 2280 inungant
3025 2209 3234 2266 oculos
3254 2227 3419 2279 suos,
3438 2209 3770 2266 abstersuri
3787 2209 3998 2265 saltem
4014 2208 4178 2264 dein-

2524 2316 2664 2374 ceps
2692 2299 3114 2373 lippitudinem
3142 2299 3489 2372 aliquando,
3521 2304 3579 2356 et
3607 2299 3860 2356 aliorum
3890 2299 4035 2355 vitia
4067 2315 4175 2355 ne-

2521 2390 2781 2464 quibunt
2805 2389 3143 2445 discernere
3171 2389 3481 2446 subtiliter.
3515 2391 3578 2445 In
3611 2387 3898 2444 scatebris
3927 2388 4175 2461 quidem

2521 2479 2947 2548 temeritatum,
2964 2481 3023 2533 in
3041 2479 3532 2551 praesumptionis
3554 2478 3784 2543 aculeo,
3806 2477 3867 2532 in
3885 2477 4177 2548 jactantia

2521 2567 2858 2624 amaritiam
2908 2567 3290 2641 proferendo,
3335 2567 3504 2640 quod
3546 2567 3714 2639 prius
3747 2566 4020 2622 auditum
4050 2581 4171 2622 non

2520 2663 2630 2724 est,
2657 2658 2940 2731 Spiritum
2968 2661 3244 2712 sanctum
3272 2657 3493 2713 scilicet
3516 2673 3589 2712 ex
3620 2656 3748 2713 solo
3772 2660 3937 2712 Patre
3963 2671 4170 2729 proce-

2519 2747 2679 2813 dere,
2741 2747 3041 2819 talparum
3098 2745 3608 2818 formicarumque
3655 2745 3964 2802 cuniculos
4013 2744 4171 2801 male

2519 2833 2700 2890 fortes
2721 2839 3160 2892 exstruxerunt.
3194 2833 3474 2891 Dividunt
3499 2834 3735 2907 utrique
3763 2850 3902 2890 cum
3927 2833 4066 2889 Ario
4087 2832 4174 2888 di-

2517 2927 2723 2982 vinam
2764 2925 3190 2983 substantiam.
3223 2928 3374 2981 Nam
3405 2941 3477 2980 ex
3506 2940 3716 2980 eorum
3748 2924 4177 2996 disputatione,

2519 3018 2689 3071 Patre
2719 3015 2918 3070 minor
2957 3014 3298 3071 necessario
3343 3014 3520 3069 Filius
3548 3013 3863 3085 reperitur.
3922 3013 4181 3069 Confun-

2518 3103 2671 3159 dunt
2696 3103 3002 3159 nascentis
3049 3108 3105 3159 et
3153 3103 3535 3175 procedentis
3581 3101 4006 3172 differentiam,
4047 3117 4181 3174 qua:

2518 3192 2579 3247 in
2617 3192 2732 3248 hoc
2787 3195 2989 3247 tamen
3038 3192 3192 3248 bene
3242 3192 3635 3261 dignoscitur,
3670 3191 3836 3264 quod
3877 3189 4057 3246 Filius
4105 3205 4181 3245 ex

2519 3295 2639 3336 uno
2672 3279 2820 3343 solo,
2857 3279 3107 3352 Spiritus
3139 3295 3282 3334 vero
3312 3294 3386 3334 ex
3415 3278 3657 3335 duobus
3698 3278 3993 3351 provenit.
4024 3280 4176 3333 Nam

2521 3385 2658 3425 cum
2688 3368 2937 3441 Spiritus
2966 3368 3169 3437 imago
3204 3367 3324 3424 Filii
3354 3368 3428 3423 sit
3458 3367 3830 3436 naturaliter,
3865 3366 4020 3422 sicut
4046 3382 4173 3422 ma-

2522 3474 2677 3530 gnus
2702 3457 2976 3527 Basilius,
3010 3456 3347 3527 Theologus
3375 3458 3709 3526 Gregorius,
3757 3461 3936 3528 atque
3966 3455 4183 3510 Dama-

2522 3563 2737 3604 scenus
2768 3547 3030 3616 tradunt,
3079 3562 3324 3602 necesse
3356 3551 3443 3602 est
3471 3545 3698 3602 habere
3725 3545 3800 3601 de
3853 3545 3987 3617 ipso
4018 3543 4181 3600 exsi-

2523 3637 2824 3706 stentiam,
2857 3642 2912 3693 et
2937 3636 3287 3709 procedere.
3328 3639 3646 3707 Propterea
3672 3635 3821 3691 liber
3852 3634 3964 3690 sub
3995 3635 4183 3704 impe-

2521 3727 2611 3783 rio
2634 3726 2915 3782 Manuelis
2932 3725 3147 3793 editus,
3166 3741 3351 3798 quem
3372 3727 3456 3781 De
3476 3724 3811 3781 immortali
3831 3738 4015 3780 causa
4029 3738 4182 3796 pra:-

2524 3816 2722 3886 signat
2745 3815 2964 3880 titulus,
2989 3815 3086 3870 cui
3106 3814 3290 3869 Graeci
3315 3813 3725 3870 contradicere
3751 3828 3874 3868 non
3899 3817 4179 3884 possunt,

2524 3905 2746 3961 scilicet
2776 3905 3059 3979 Spiritum
3085 3921 3156 3959 ex
3185 3904 3427 3960 duobus
3459 3903 3681 3977 pariter
3711 3902 4058 3977 prpcedere,
4091 3901 4181 3956 in-

2526 3995 3036 4069 expugnabilibus
3113 3995 3484 4066 argumentis
3561 3994 3954 4050 demonstrat.
4028 3995 4184 4062 Ergo

2527 4085 2711 4142 Graeci
2742 4085 2928 4141 locuti
2954 4091 3093 4141 sunt
3116 4086 3304 4156 falsa,
3353 4091 3408 4140 et
3439 4089 3797 4141 erraverunt
3837 4083 3914 4139 ab
3946 4087 4113 4139 utero
4137 4084 4181 4117 ’τ

2527 4174 2736 4231 matris
2760 4191 2883 4230 sure
2908 4174 3202 4244 Ecclesiae,
3230 4189 3416 4246 quam
3451 4173 3719 4228 Christus
3750 4172 3809 4227 in
3841 4170 4101 4243 synodo,
4133 4174 4193 4227 et

2528 4264 2924 4336 imperatores
2949 4264 3223 4319 omnium
3249 4261 3648 4318 Ecclesiarum
3678 4261 4014 4335 principem
4047 4275 4192 4315 con-

2531 4355 2864 4410 stituerunt.
2894 4352 3068 4410 Obliti
3102 4357 3242 4409 sunt
3266 4351 3418 4408 illud
3446 4351 3784 4410 Salomonis
3816 4368 3827 4406 :
3860 4350 4188 4416 Conserva,

2527 4444 2625 4513 ﬁli
2651 4445 2752 4510 mi,
2779 4444 2974 4512 patris
3015 4445 3109 4498 tui
3129 4448 3448 4512 praecepta.
3485 4448 3537 4497 et
3585 4457 3656 4496 ne
3704 4442 3969 4497 dimittas
4002 4439 4189 4509 legem

752 4535 1147 4608 apostolicam
1179 4536 1643 4592 institutionem.
1672 4538 1958 4595 Sanctam
1983 4530 2422 4589 Eucharistiam
2458 4594 2497 4608 ἢ
2531 4534 2744 4589 matris
2773 4538 2920 4588 true.
2952 4534 3105 4604 Liga
3126 4548 3252 4588 eam
3285 4532 3346 4587 in
3375 4531 3552 4588 corde
3583 4537 3683 4586 tuo
3705 4531 3960 4600 jugiter,
3989 4534 4042 4584 et
4075 4530 4190 4584 cir-

750 4626 1270 4697 negligentissime
1303 4630 1604 4698 spectant:
1630 4642 1773 4683 nam
1803 4627 1877 4684 ad
1903 4621 2425 4694 asgrosproﬁcien-

751 4721 840 4773 tes
869 4716 995 4772 sine
1024 4715 1253 4771 lumine
1278 4715 1475 4788 ipsam
1505 4714 1782 4772 deferunt
1803 4721 1859 4772 et
1890 4713 2191 4772 tribuunt.
2225 4713 2289 4766 Et
2319 4715 2425 4783 qui

751 4811 948 4864 castra
972 4811 1328 4880 sequuntur,
1366 4805 1424 4861 in
1449 4807 1771 4878 marsupio
1806 4808 2062 4880 ponunt,
2091 4806 2147 4858 et
2185 4803 2428 4874 portant

750 4897 811 4954 in
850 4895 1144 4960 vestibus,
1178 4897 1238 4951 in
1283 4894 1488 4968 pileis.
1520 4895 1725 4952 Clerici
1779 4910 1990 4951 eorum
2039 4895 2096 4947 et
2126 4890 2259 4946 laici
2296 4904 2421 4945 non

753 4991 894 5044 sunt
925 4985 1219 5051 distincti;
1252 4985 1437 5041 altare
1477 4985 1674 5041 velato
1698 4985 1892 5058 capite
1917 4981 2241 5039 accedunt.
2278 4981 2422 5036 San-

751 5078 860 5135 ctis
886 5093 957 5134 ac
1000 5075 1368 5132 terribilibus
1390 5075 1537 5131 locis
1567 5075 1798 5131 nultam
1832 5078 1937 5132 aut
1979 5069 2283 5128 modicam
2314 5085 2416 5125 ex-

748 5168 957 5225 bibent
987 5165 1417 5222 reverentiam.
1479 5163 1564 5220 Ad
1627 5169 1865 5236 tempus
1919 5176 2138 5217 sonum
2166 5173 2420 5215 rcteseu-

751 5257 936 5315 tando
958 5257 1018 5313 in
1034 5259 1206 5313 nocte
1226 5253 1559 5311 Nativitatis
1583 5254 1839 5324 Domini,
1861 5249 2154 5309 Matutine;
2168 5252 2418 5304 cantan-

751 5355 868 5420 tur;
903 5348 1132 5405 vesicas
1188 5344 1431 5419 explodi
1481 5343 1833 5418 permittunt
1877 5343 2036 5399 circa
2093 5338 2301 5408 altare,
2353 5341 2443 5395 ut'

749 5439 1021 5498 habeant
1039 5438 1194 5495 risus
1216 5435 1556 5494 materiam.
1599 5438 1663 5491 ln
1688 5433 1904 5491 diebus
1931 5429 2250 5499 Passionis,
2275 5443 2413 5486 cum

822 5568 866 5602 ²⁷
912 5564 1064 5623 Psal.
1098 5579 1231 5633 LVII,
1264 5565 1318 5621 4.
1396 5563 1444 5598 ³⁸
1484 5563 1661 5619 Prov.
1694 5576 1789 5628 xx,
1821 5563 1914 5616 2t.
1989 5559 2036 5595 ²⁹
2069 5555 2289 5632 Ephes.
2322 5573 2376 5628 ν,
2413 5559 2471 5620 4.

821 5730 936 5804 (32)
975 5730 1165 5789 Locus
1194 5725 1556 5794 mendcans;
1589 5722 1739 5784 forte
1768 5737 1994 5782 eorum.

2502 4637 2818 4692 .cumpone
2847 4621 3082 4692 gutturi
3109 4627 3209 4676 tuo
3239 4622 3308 4690 ",
3351 4628 3531 4693 atque
3558 4634 3595 4675 a
3623 4619 3915 4683 stultitiis,
3940 4632 4076 4690 qua?
4106 4617 4188 4673 ad

2531 4726 2654 4767 rem
2686 4727 2806 4768 non
2829 4712 3148 4781 pertinent,
3191 4715 3462 4767 avertere
3497 4712 3565 4764 ³9.
3624 4707 3876 4764 Arefacti
3903 4706 4179 4762 conversi

2532 4806 2672 4858 sunt
2711 4802 2771 4857 in
2817 4801 3065 4857 arbores
3094 4799 3474 4857 autumnales
3499 4798 3773 4872 expositi,
3815 4813 3938 4853 non
3983 4796 4186 4852 solum

2530 4889 2751 4946 scilicet
2779 4890 2836 4946 in
2864 4890 3065 4960 rebus,
3097 4906 3304 4946 verum
3331 4889 3512 4945 etiam
3557 4887 3618 4944 in
3647 4886 3946 4959 plerisque
3978 4884 4186 4941 fructi—

2527 4979 2643 5036 bus
2671 4980 2956 5044 veritatis,
2988 4979 3154 5053 quod
3181 4995 3252 5035 ex
3281 4982 3529 5036 tractato
3555 4975 3816 5050 capitulo
3847 4979 3905 5032 et
3940 4974 4188 5048 reliquis

2526 5085 2665 5144 quae
2693 5069 3176 5138 subscribuntur,
3211 5072 3397 5141 patet.

2599 5160 2817 5216 Contra
2841 5158 3294 5214 instructionem
3322 5156 3531 5214 Christi
3585 5153 3928 5220 Salvatoris,
3974 5152 4185 5222 nostri,

2526 5247 2881 5305 fermentata
2893 5246 3321 5317 offerunt,cum
3336 5244 3656 5319 supercilio
3676 5244 3837 5301 enim
3881 5242 4188 5313 ignorant,

2525 5338 2662 5412 quis
2691 5337 2817 5394 dux
2848 5337 3020 5395 fuerit
3044 5337 3206 5394 illlus
3239 5335 3613 5405 traditionis;
3645 5334 3876 5393 Christo
3905 5331 3966 5388 in
4007 5333 4192 5389 Coena

2525 5427 2920 5488 benedicente
2951 5443 3190 5502 azyma,
3241 5425 3409 5502 quod
3449 5425 3632 5486 trium
3679 5419 4192 5496 exangelistarum

2592 5720 2706 5795 (33)
2744 5721 3074 5780 Monstrum
3102 5715 3292 5780 verbi.
