4468 6440
295 417 398 478 545

1714 391 1987 465 CONTRA
2023 389 2334 466 annuos.

3612 401 3715 471 sis

288 543 569 600 ﬁrmatur
595 537 962 597 testimonio.
997 536 1227 604 Dicunt,
1255 536 1315 591 et
1373 531 1541 606 quod
1572 546 1959 605 nequaquam
1990 533 2038 586 Α
2068 507 2256 590 tatem
2291 530 2633 598 obtinuerit,
2690 533 3258 605 excommunicetur,
3301 537 3358 592 et
3385 539 3713 609 separetur,

295 632 491 690 relatu
511 630 768 700 dignum
786 631 963 695 esset,
984 625 1103 683 nisi
1117 623 1285 698 quod
1329 623 1382 680 ei
1403 637 1640 688 omnes,
1667 628 1960 694 tanquam

298 735 528 790 magno
584 715 1020 790 propugnatori
1075 713 1427 778 innituntur,
1486 714 1822 767 asserentes
1853 709 1962 764 fer-

297 808 548 866 mentati
572 806 747 880 panis
772 806 960 860 vitam
999 809 1056 859 et
1074 801 1505 858 animationem
1528 798 1820 866 conferre,
1848 797 1960 854 Sed

299 912 482 954 omne
528 910 746 966 corpus
794 892 1003 960 articii,
1053 891 1206 946 sicut
1257 906 1328 944 ex
1361 904 1423 944 se
1453 887 1641 943 simile
1670 903 1787 942 non
1831 902 1962 957 pro.

304 985 490 1057 ducit,
524 984 608 1040 ita
637 983 760 1039 vita
789 988 952 1038 caret
983 987 1040 1036 et
1066 977 1454 1035 animatione.
1513 975 1799 1031 Nimirum
1828 990 1965 1030 cau-

304 1090 440 1130 sam
457 1073 828 1130 extrinsecus
849 1070 1030 1126 habet
1052 1072 1418 1133 moventem,
1449 1071 1510 1121 ut
1538 1071 1845 1132 stannum,
1864 1063 1967 1118 do-

300 1179 462 1231 mus,
485 1177 648 1228 arca,
670 1159 1062 1216 fermentatus
1089 1156 1286 1230 panis,
1319 1161 1377 1210 et
1409 1154 1798 1219 similia.0uze
1831 1167 1968 1207 vero

307 1252 668 1308 intrinsecus
710 1249 934 1306 habent
965 1251 1304 1304 moventem
1351 1259 1619 1307 causam,
1669 1240 1971 1298 naturalia

314 1347 473 1403 sunt.
510 1345 574 1396 ut
603 1354 858 1413 quaeque
889 1337 1175 1393 animata.
1207 1337 1334 1391 Non
1364 1338 1566 1389 autem
1597 1335 1686 1387 est
1723 1331 1782 1386 in
1813 1333 1971 1402 pane

303 1430 396 1485 vis
422 1427 932 1496 sanctiﬁcationis,
955 1425 1058 1482 sed
1088 1426 1148 1481 in
1176 1423 1381 1480 verbo.
1404 1423 1568 1479 Unde
1594 1436 1718 1476 non
1737 1421 1972 1475 videtur

303 1518 448 1575 ﬁdei
470 1517 805 1574 consentire
832 1514 1188 1587 hujusmodi
1214 1528 1424 1569 eorum
1451 1511 1674 1567 factum
1701 1514 1758 1566 et
1783 1524 1970 1564 asser-

307 1609 410 1678 tio,
436 1623 573 1680 quas
590 1606 904 1680 penuriam
938 1607 1273 1660 monstrare
1300 1600 1588 1667 volentes,
1614 1605 1677 1655 ut
1704 1597 1965 1664 Armeni,

305 1696 415 1768 qui
435 1696 519 1752 nil
546 1697 726 1770 aquei
754 1694 947 1752 laticis
992 1709 1118 1750 suae
1175 1689 1572 1748 immolationi
1629 1692 1963 1761 apponunt,

308 1785 602 1859 superﬂui
659 1785 1067 1841 inveniuntur.
1112 1785 1260 1838 Nam
1289 1779 1467 1836 simul
1499 1778 1800 1849 frigidam,
1833 1777 1968 1833 cali-

2069 628 2126 678 et
2152 638 2364 678 omnes
2391 622 2522 694 ejus
2553 627 2918 679 consortes.»
2963 623 3077 680 Sed
3133 625 3354 682 etenim
3412 631 3468 682 et
3513 626 3717 683 tertius

2070 727 2265 767 canon
2291 711 2530 783 synodi,
2557 727 2744 784 quam
2772 711 2953 768 Graeci
2975 713 3294 785 septimam
3314 721 3556 783 vocant,
3583 730 3717 787 pro-

2072 800 2307 856 nuntiat
2333 815 2576 857 omnem
2607 800 2954 856 electionem
2998 818 3035 857 a
3091 802 3461 875 principibus
3517 804 3719 861 saeculi

2072 889 2295 944 factam
2316 889 2439 945 fore
2460 889 2918 947 irritam.Unum
2939 890 3135 947 solum
3171 891 3522 961 Sabbatum,
3552 892 3720 967 quod

2075 993 2185 1033 nos
2217 982 2492 1034 sanctum
2513 994 2821 1049 vocamus,
2857 995 2966 1051 pro
2995 980 3302 1053 sepultura
3333 982 3567 1038 Domini
3595 982 3721 1039 Sal-

2076 1065 2296 1121 vatoris
2341 1066 2570 1136 jejunio
2623 1067 3241 1125 cummendaverunt:
3296 1068 3528 1141 reliqua
3576 1086 3720 1126 vero

2078 1153 2222 1210 anni
2242 1153 2740 1225 Sabbata,epulaa,
2760 1154 2997 1222 balnea,
3027 1160 3083 1212 et
3105 1157 3356 1224 ludicra,
3371 1162 3428 1214 et
3444 1157 3725 1230 quaelibet

2079 1259 2263 1317 penes
2281 1243 2415 1299 illos
2442 1243 2828 1300 celeberrima
2856 1260 2988 1302 esse
3047 1247 3444 1318 praetendunt.
3473 1247 3587 1303 Sed
3633 1263 3723 1304 er-

2079 1349 2211 1389 rore
2239 1334 2382 1388 satis
2405 1332 2675 1403 jucundo
2692 1332 3426 1407 traducuntur,quomodo
3439 1335 3726 1408 apostolis

2081 1423 2378 1478 sancitum
2396 1439 2527 1478 esse
2545 1422 2657 1478 sub
2678 1422 3058 1480 anathemate
3073 1425 3417 1482 mentiendo
3431 1433 3720 1499 astruant,

2079 1511 2431 1567 dicentibus:
2466 1512 2829 1579 Maledictus,
2850 1512 2954 1585 qui
2978 1513 3039 1568 in
3064 1513 3327 1569 Sabbato
3342 1514 3422 1585 jej
3435 1516 3722 1585 unaverit,

2080 1606 2291 1673 praeter
2318 1617 2532 1657 unum.
2563 1604 2709 1657 Nam
2741 1602 2789 1656 si
2818 1606 3060 1674 propter
3096 1601 3460 1672 singularem
3492 1604 3727 1662 Domini

2076 1690 2569 1745 resurrectionem
2599 1704 2812 1745 omnes
2839 1689 2967 1745 dies
2994 1689 3282 1746 Dominici
3330 1691 3493 1749 cultu
3541 1692 3726 1764 digno

2077 1783 2456 1847 venerantur,
2488 1783 2546 1834 et
2575 1783 2816 1850 propter
2846 1779 3212 1850 singularem
3243 1784 3521 1850 mortem,
3560 1787 3729 1841 sexta

307 1876 577 1948 clamque
606 1874 829 1941 denuo,
862 1873 1039 1947 quasi
1063 1870 1401 1928 benedictio
1431 1870 1731 1942 impotens
1786 1867 1969 1924 conﬁ-
2012 1885 2051 1939 Β
2077 1867 2244 1937 feria,
2280 1883 2482 1924 nonne
2508 1872 2564 1922 et
2613 1871 2858 1940 propter
2913 1868 3281 1938 singularem
3335 1869 3724 1942 sepulturam,

306 1964 506 2020 ciendi
535 1962 728 2029 fuerit,
754 1961 1064 2020 Dominico
1091 1959 1369 2030 sanguini
1393 1957 1471 2015 ad
1501 1957 1968 2014 consummatio-

306 2067 450 2108 nem
484 2052 837 2108 admiscent.

379 2141 602 2197 Diebus
627 2139 1020 2214 paschalibus
1050 2155 1189 2195 cum
1211 2135 1472 2210 populus
1499 2132 1971 2192 communicatu-

303 2245 412 2287 rus
441 2229 608 2287 aride
638 2234 999 2303 praeparant,
1033 2229 1280 2300 insuper
1318 2225 1755 2283 abundantiam
1787 2223 1971 2280 conti-

306 2319 475 2376 ciunt
493 2319 556 2374 in
577 2318 958 2376 Dominicum
972 2334 1214 2391 corpus,
1231 2321 1437 2389 etpost
1463 2314 1965 2379 distributionem,

305 2407 704 2480 reliquiarum
755 2422 1022 2474 acervos,
1055 2406 1201 2479 quia
1228 2404 1500 2461 durabile
1521 2419 1644 2459 non
1675 2407 1780 2467 est,
1805 2417 1968 2474 sepe-

307 2496 1027 2553 liunt.Communicandis
1044 2511 1263 2568 panem
1278 2494 1590 2550 intinctum
1604 2495 1966 2565 praeparant.

309 2591 368 2644 et
392 2585 814 2642 accedentibus
839 2585 991 2642 offas
1015 2585 1330 2658 porrigunt
1375 2589 1536 2639 tcum
1591 2581 1928 2638 cochlearto
1952 2597 1964 2636 :

299 2676 472 2748 quod
503 2675 767 2731 Christus
796 2691 1184 2748 nequaquam
1220 2674 1433 2730 fecisse
1457 2671 1695 2741 legitur.
1725 2670 1971 2727 Diaconi

298 2780 512 2821 eorum
531 2762 638 2837 qui
661 2764 742 2821 ad
772 2764 1040 2836 aliquam
1061 2763 1503 2836 promotionem
1533 2759 1843 2824 incedunt,
1876 2776 1973 2816 ac-

297 2853 534 2927 cipiunt
554 2869 794 2922 uxores,
823 2869 898 2910 ne
919 2854 1179 2910 honores
1204 2852 1479 2925 perdant,
1527 2850 1694 2923 quod
1733 2854 1970 2906 contra-

296 2943 459 3000 rium
471 2948 561 3000 est
579 2942 818 3000 decimo
843 2943 1062 2999 canoni
1081 2942 1332 2998 Niceenae
1350 2942 1586 3012 synodi.
1623 2939 1971 2997 Sacerdotes

296 3048 513 3088 eorum
533 3032 594 3088 in
611 3031 913 3104 plerisque
936 3031 1105 3102 locis,
1136 3031 1242 3086 viri
1276 3029 1645 3101 sanguinum
1658 3029 1968 3092 exsistunt,

298 3127 359 3178 et
405 3121 800 3192 inferunt(34)
832 3121 1080 3178 sacratis
1112 3120 1437 3191 manibus;
1484 3118 1649 3192 quod
1710 3118 1970 3190 propriis

295 3210 490 3266 oculis
502 3211 931 3283 imperatorem
947 3210 1259 3283 sequendo
1273 3225 1376 3281 per
1391 3207 1838 3298 Cappadociam
1857 3210 1972 3298 {35)
2009 3245 2050 3298 ο

297 3302 743 3372 Persarumque
757 3299 1055 3370 regiones,
1090 3299 1340 3354 intuitus
1359 3314 1516 3353 sum.
1550 3296 1972 3354 Sacerdotibus

300 3388 579 3446 debitum
617 3389 915 3447 honorem
995 3389 1438 3459 subtrahentes,
1495 3386 1975 3448 inter_convivia

304 3477 427 3535 sibi
464 3478 749 3535 assistere
784 3479 1030 3535 faciunt.
1066 3481 1173 3535 Pro
1195 3477 1353 3535 facili
1384 3477 1718 3544 occasione,
1776 3477 1970 3549 pinnis

305 3573 366 3623 et
389 3566 647 3637 ﬂagellis
679 3568 1021 3624 sacerdotes
1036 3567 1352 3624 etclericos
1373 3566 1561 3622 instar
1589 3582 1972 3638 paganorum

311 3657 613 3728 afﬂigunt.
637 3659 705 3714 Et
727 3663 794 3714 ut
819 3657 1084 3714 habeant
1123 3656 1358 3713 ridendi
1384 3655 1738 3727 materiam,
1777 3655 1839 3710 in
1870 3671 1975 3710 ca-

305 3745 535 3818 pitibus
576 3761 787 3803 eorum
834 3747 1022 3819 pileos
1064 3748 1284 3819 pugnis
1336 3749 1779 3817 conquassant:
1831 3761 1972 3800 cum

309 3837 606 3908 scriptum
632 3835 708 3892 sit
728 3837 838 3907 (36)
863 3855 876 3892 :
916 3858 937 3886 ‹
959 3836 1016 3892 Si
1043 3837 1180 3908 quis
1201 3851 1455 3891 manum
1485 3836 1546 3890 in
1576 3833 1859 3890 clericum
1882 3835 1970 3905 je-

306 3925 478 3993 cerit,
499 3930 604 3981 aut
646 3925 771 3981 sine
802 3940 992 3982 causa
1032 3940 1139 3980 seu
1186 3924 1538 3994 contingens
1568 3923 1971 3993 occasionem,

308 4014 641 4071 anathema
667 4018 817 4071 esto.
853 4036 882 4064 »

383 4107 450 4159 In
473 4107 634 4160 sorte
661 4103 923 4161 Simonis
943 4103 1095 4175 Magi
1123 4102 1196 4158 de
1205 4103 1343 4174 jure
1365 4101 1632 4175 ponendi
1663 4105 1801 4158 sunt
1826 4105 1978 4159 Grae-

309 4208 522 4250 corum
551 4193 885 4266 pontiﬁces,
917 4194 1022 4267 qui
1046 4192 1227 4249 nullis
1256 4191 1540 4248 ecclesias
1570 4191 1697 4247 sine
1719 4193 1980 4264 pecunia

307 4282 670 4353 largiuntur.
707 4284 866 4349 Quos
905 4299 1040 4339 vere
1098 4283 1286 4351 tangit
1341 4281 1488 4337 illud
1556 4280 1975 4353 apostolicum:

311 4374 574 4429 Pecunia
599 4378 707 4429 tua
735 4379 927 4429 tecum
958 4373 1035 4428 sit
1047 4373 1111 4427 in
1125 4372 1522 4442 perditionem
1554 4372 1624 4426 ³ο.
1665 4372 1874 4427 Sacros
1890 4387 1983 4428 or-

312 4461 509 4529 dines,
542 4461 648 4535 qui
677 4463 859 4531 gratis
888 4461 1111 4517 dedent
1138 4460 1288 4528 dari,
1342 4460 1457 4515 nisi
1495 4475 1716 4515 manus
1767 4475 1980 4516 eorum

315 4566 438 4607 aere
469 4556 809 4621 graventur,
833 4567 959 4607 non
989 4550 1276 4618 tribuunt;
1311 4548 1650 4622 sepulturas
1678 4549 1740 4604 in
1761 4565 1980 4605 ccemeo

315 4640 480 4696 teriis
499 4655 623 4696 non
652 4640 892 4710 faciunt,
923 4639 1038 4696 nisi
1070 4645 1317 4712 accepta
1345 4639 1621 4712 pecunia,
1665 4654 1702 4695 a
1729 4637 1980 4711 quibus-

316 4730 482 4801 libet,
517 4745 760 4801 prorsus
789 4729 1078 4786 inﬁciant.
1112 4729 1464 4785 Patriarchae
1495 4743 1726 4798 eorum,
1768 4733 1826 4784 et
1883 4744 1980 4783 ar-

317 4819 710 4891 chiepiscopi,
742 4824 798 4874 et
845 4819 1353 4882 archimandritas,
1436 4816 1771 4874 secundum
1815 4816 1982 4888 quod

316 4909 655 4982 aliquando
676 4909 784 4965 fuit
811 4910 872 4965 in
897 4907 1200 4982 primitiva
1231 4907 1496 4966 Ecclesia
1542 4906 1976 4978 haereticorum,

316 5000 399 5058 ad
425 4999 787 5056 obtinendos
812 5001 1098 5065 honores,
1139 5000 1539 5066 celsitudines,
1565 5015 1602 5054 a
1630 4997 1797 5054 laicis
1842 5013 1979 5070 pro-

316 5095 657 5146 moventur.
681 5090 851 5156 Quod
869 5105 1118 5163 prorsus
1139 5091 1254 5146 hoc
1275 5091 1334 5144 in
1358 5093 1626 5160 tempore
1649 5087 1982 5144 tricesimus

313 5178 734 5251 apostolorum
748 5195 943 5236 canon
958 5178 1190 5235 inhibet
1208 5178 1355 5246 ﬁeri,
1375 5179 1478 5251 qui
1494 5183 1583 5234 est
1595 5176 1979 5248 hujusmodi:

315 5292 345 5319 ει
373 5269 430 5325 Si
447 5267 582 5340 qnis
596 5269 921 5341 episcopus
943 5284 1051 5342 per
1073 5268 1420 5326 mundanos
1442 5267 1744 5341 principes
1785 5264 1982 5339 digni-

314 5421 366 5456 ²⁰
389 5424 516 5490 Act,
549 5436 674 5493 vni,
701 5425 789 5478 20.

387 5547 777 5630 (3t)_Videtur
805 5547 1015 5607 deesse
1047 5549 1264 5610 vocula
1292 5557 1560 5620 mortem,
1617 5552 1721 5607 aut
1777 5547 1985 5605 similis

315 5636 650 5693 quaepiam,

738 5709 860 5752 non
917 5696 1281 5753 conveniunt
1307 5695 1610 5753 Fratribus
1637 5693 1986 5751 Praedicato-
2017 5661 2025 5670 θ

318 5764 516 5837 ribus,
552 5765 677 5834 sed,
710 5766 1072 5838 Etheriano,
1125 5768 1231 5842 qui
1282 5770 1991 5838 Manuslemﬁraacorum

2081 1955 2334 2028 singulis
2364 1957 2663 2027 Sabbatis,
2696 1957 2810 2012 nisi
2837 1957 3187 2014 solemnitas
3216 1958 3503 2026 inhibeat,
3540 1977 3577 2017 a
3603 1976 3728 2033 qua

2081 2053 2137 2103 et
2161 2046 2480 2118 jejunium,
2503 2051 2558 2102 et
2589 2047 2816 2104 tristitia
2838 2046 3198 2105 abducenda
3218 2064 3340 2106 non
3356 2048 3474 2106 sint
3513 2050 3728 2108 beatus

2081 2135 2379 2208 Sylvester
2407 2137 2688 2192 asseruit?

2153 2229 2373 2281 Natura
2401 2225 2648 2298 quidem
2690 2225 2953 2282 hominis
2982 2241 3019 2283 a
3075 2227 3368 2300 principio
3397 2228 3458 2284 in
3488 2229 3728 2288 ruinam

2079 2315 2273 2389 posita
2303 2320 2418 2381 est,
2448 2330 2658 2371 verum
2689 2317 3029 2372 Graecorum
3055 2317 3196 2386 gula
3237 2333 3376 2373 cum
3405 2333 3478 2374 ea
3528 2324 3727 2388 certet,

2078 2421 2215 2478 qua:
2250 2421 2280 2460 e
2311 2404 2652 2476 corruptine
2682 2406 2836 2462 inest
2888 2404 3134 2463 malitia.
3171 2409 3318 2463 Nam
3347 2422 3470 2464 non
3532 2408 3729 2465 solum

2078 2493 2190 2559 bis,
2214 2493 2319 2549 sed
2332 2493 2810 2566 quotiescunque
2822 2495 3238 2566 opportunitas
3249 2494 3454 2568 aliqua
3481 2496 3728 2569 prebet,

2079 2582 2363 2639 alimenta
2386 2583 2474 2638 ori
2497 2583 2848 2639 immittunt.
2881 2583 3024 2639 Hinc
3051 2591 3140 2640 est
3168 2583 3334 2656 quod
3372 2585 3435 2641 in
3478 2585 3731 2658 quibus-

2080 2672 2224 2728 dam
2253 2671 2470 2728 diebus
2511 2673 3135 2745 Veneris,postposita
3168 2673 3731 2744 omniverecundia,

2081 2763 2364 2820 carnibus
2394 2768 2734 2827 vescuntur;
2767 2767 2998 2835 septem
3025 2763 3169 2820 solis
3205 2763 3420 2820 diebus
3464 2765 3526 2821 in
3568 2781 3731 2822 anno

2076 2854 2372 2925 jejunant:
2406 2853 2672 2925 quinque
2702 2868 2811 2925 pro
2843 2853 3547 2925 totaQuadragesima,in
3566 2855 3733 2928 prin-

2082 2941 2239 3013 cipio
2284 2957 2407 2996 sum
2463 2940 2702 2997 illorum
2755 2941 3128 3012 septimanae,
3182 2941 3445 2999 Sabbato
3504 2949 3729 3017 sancto,

2081 3031 2143 3086 in
2174 3029 2375 3100 vigilia
2400 3030 2746 3102 Epiphaniae
2778 3030 3031 3086 Domini.
3066 3031 3295 3087 Etenim
3326 3047 3434 3103 per
3489 3049 3736 3090 omnem

2081 3135 2370 3190 magnam
2385 3119 2921 3190 Quadragesimam
2946 3135 3119 3176 coena
3134 3120 3378 3177 minime
3410 3121 3735 3193 abstinent,

2083 3209 2188 3264 sed
2217 3209 2411 3280 posito
2436 3224 2544 3281 per
2556 3207 2824 3280 singulos
2849 3209 3513 3278 semelcomedunt;nec
3526 3227 3741 3269 secun-

2084 3298 2232 3354 dum
2263 3297 2609 3370 opinionem
2637 3312 2810 3353 suam
2839 3298 3381 3368 Quadragesimam
3412 3300 3738 3373 celebrant,

2086 3404 2224 3444 cum
2258 3388 2733 3457 Quadragesima
2758 3388 3056 3459 jejunium
3078 3388 3485 3460 quadraginta
3507 3393 3743 3449 dierum

2086 3477 2396 3547 signiﬁcet.
2415 3477 2530 3549 Ipsi
2543 3492 2686 3533 vero
2704 3477 2998 3548 majorem
3019 3476 3423 3549 septimanam
3438 3495 3476 3537 a
3488 3495 3742 3538 numero

2086 3566 2576 3637 Quadragesimae
2608 3566 2980 3622 secludentes
3011 3581 3113 3622 sex
3141 3567 3544 3626 hebdomadis
3593 3572 3744 3636 Qua-

2082 3656 2494 3726 dragesimam
2524 3655 2836 3712 claudunt.
2864 3658 2974 3712 Tot
3003 3656 3163 3712 enim
3190 3662 3329 3713 sunt
3351 3673 3388 3714 a
3427 3659 3625 3731 prima
3643 3676 3745 3717 eo-

2081 3762 2218 3801 rum
2249 3747 2587 3818 septimana
2615 3761 2805 3818 usque
2838 3748 2914 3801 ad
2929 3745 3283 3814 Sabbatum,
3317 3748 3484 3820 quod
3501 3749 3732 3822 palma-

2081 3852 2218 3892 rum
2249 3836 2656 3908 arborumque
2670 3850 2873 3891 ramos
2887 3835 3194 3907 praecedit,
3215 3837 3277 3892 in
3297 3853 3421 3909 quo
3440 3837 3746 3897 universa-

2083 3927 2212 3983 liter
2243 3927 2320 3982 ab
2342 3925 2454 3981 illis
2477 3930 2805 3982 cantatum»
2838 3927 2981 3991 Quae
3008 3925 3227 3981 animas
3246 3926 3406 3982 utilis
3437 3935 3544 3994 est,
3578 3945 3745 3986 com-

2085 4016 2323 4090 plemus
2342 4015 2987 4085 Quadragesimam,»a
3005 4014 3230 4087 quibus
3252 4031 3355 4072 sex
3368 4018 3740 4090 septimanis,

2089 4108 2141 4162 si
2166 4123 2268 4162 sex
2289 4105 2416 4162 dies
2437 4105 2730 4161 Dominici
2759 4121 2899 4160 cum
2923 4104 3171 4161 totidem
3193 4105 3472 4162 Sabbatis
3507 4108 3745 4166 subtra-

2087 4197 2326 4267 hantur,
2351 4195 2590 4266 triginta
2622 4195 2819 4250 solum
2849 4194 2977 4249 dies
3007 4193 3399 4252 invenientur.
3425 4199 3506 4253 De
3549 4199 3747 4254 Domi-

2088 4287 2238 4342 nicis
2269 4300 2409 4341 vero
2439 4284 2653 4340 diebus
2681 4298 3124 4355 supervacuum
3177 4287 3266 4340 est
3319 4284 3629 4342 disserere:
3683 4288 3747 4345 in

2089 4376 2312 4449 quibus
2341 4373 2688 4430 Christianis
2717 4372 3001 4429 omnibus
3029 4373 3379 4446 prohibetur
3422 4375 3742 4447 jejunium.

2091 4471 2165 4521 At
2193 4466 2370 4536 igitur
2391 4465 2438 4520 si
2469 4463 2654 4519 Graeci
2700 4463 2976 4534 jejunant
3025 4464 3088 4518 in
3139 4462 3354 4518 diebus
3421 4465 3746 4522 Dominicis

2092 4559 2258 4628 (nam
2272 4553 2752 4611 eisdemcibariis
2780 4552 3178 4608 vescunturin
3210 4552 3534 4625 Sabbatis),
3561 4570 3748 4614 anna-

2093 4646 2368 4702 thematis
2397 4645 2481 4700 rei
2513 4649 2652 4700 sunt
2678 4643 2948 4706 canonis,
2970 4642 3370 4714 dicunturque
3397 4643 3743 4706 anathema:

2092 4737 2175 4793 sic
2205 4737 2308 4810 qui
2332 4737 2392 4791 in
2425 4734 2699 4793 Sabbatis
2720 4734 3099 4805 jejunaverit,
3132 4738 3346 4804 praeter
3374 4749 3564 4790 unum
3597 4740 3749 4794 Cum

2090 4827 2266 4898 igitur
2283 4826 2378 4882 die
2392 4826 2789 4882 Sabbatorum
2799 4823 2876 4894 jej
2889 4822 3044 4878 uniis
3072 4821 3451 4889 valefaciant,
3469 4829 3526 4880 et
3541 4827 3750 4884 omnia

2090 4918 2190 4974 illa
2219 4916 2293 4971 de
2324 4915 2635 4971 festivitate
2668 4912 2806 4984 (3‘7),
2829 4912 3009 4968 etiam
3060 4911 3108 4967 si
3164 4912 3364 4983 major
3409 4912 3751 4985 septimana

2090 5007 2333 5080 reliquis
2359 5009 2722 5073 numeretur,
2743 5001 3189 5058 evidentissime
3206 5005 3456 5071 constat,
3494 5017 3598 5060 eos
3623 5019 3750 5061 non

2091 5098 2316 5156 habere
2340 5094 2909 5164 Quadragesimam.

2164 5187 2436 5246 Monachi
2465 5193 2628 5242 extra
2661 5183 2990 5239 claustrum
3017 5185 3532 5255 pernoctantes,ut
3566 5197 3753 5256 pecu-

2093 5281 2231 5350 des,
2257 5276 2507 5348 singulis
2537 5274 2702 5331 horis
2742 5276 2804 5329 in
2843 5271 3052 5346 plateis
3107 5272 3223 5345 ipsi
3275 5271 3622 5341 comedunt,
3678 5278 3753 5332 de

2095 5480 2539 5551 imperatorem,
2576 5471 2964 5546 sequebatur,
2996 5469 3146 5530 dum
3191 5469 3351 5531 bella
3407 5476 3637 5545 gereret
3692 5473 3755 5530 in

2094 5572 2370 5643 Egypto,
2405 5566 2557 5636 Asia,
2585 5569 2696 5622 etc.
2721 5567 2892 5621 Basn.

2169 5682 2275 5754 (36)
2304 5680 2444 5754 Qan.
2478 5678 2680 5749 Apost.

2173 5749 2289 5827 (37)
2319 5753 2507 5808 Locus
2533 5749 2872 5821 corruptus.
